3902 6264
448 364 565 466 1359

1129 364 1399 422 EUSEBlI
1436 360 1916 422 CIESARIENSIS
1947 366 2098 425 OPP.
2122 368 2302 425 PARS
2336 367 2400 426 ll.
2428 396 2503 412 ε-
2537 367 3037 432 KPOLOGETICA.

3602 380 3704 438 J60

455 491 966 553 eunte,‘manStsse.
1004 504 1022 537 ι
1047 487 1113 540 Ει
1149 502 1297 553 ecce,
1341 488 1538 558 inquit,
1578 489 1689 544 duo
1723 490 1825 544 viri
1841 491 2017 548 astite-

2131 495 2230 566 τῆς
2282 495 2554 568 πεσούσης
2597 498 2690 552 καὶ
2747 500 2821 574 μὴ
2869 501 3185 574 ἐγερθείσης
3226 500 3574 576 Ἰερουσαλὴμ
3611 504 3705 558 ἀν-

449 588 588 636 ·ῐιιηι
616 580 696 635 eis
725 580 779 634 in
813 579 1059 634 vestibus
1084 581 1243 644 albis,
1269 582 1361 652 qui
1386 585 1548 637 etiam
1574 583 1832 638 dixerunt
1867 601 1880 639 :
1915 583 2031 640 Viri

457 670 688 736 Galilaai,
723 671 850 742 quid
885 672 1042 727 statis
1077 673 1408 744 aspicientes
1441 675 1494 728 in
1542 676 1784 730 cmlum?
1814 675 1914 731 Hic
1945 675 2034 732 Je-

452 779 555 820 sus
583 763 674 834 qui
708 772 1022 833 assumptus
1061 772 1144 818 est
1194 780 1224 818 a
1270 766 1426 821 vobis
1476 767 1530 820 in
1575 768 1798 833 malum,
1830 768 1911 823 sic
1941 785 2035 822 vc-

414 845 421 852 ’
454 857 590 921 niet,
643 855 1104 926 quemadmodum
1154 857 1372 912 vidistis
1401 874 1524 912 eum
1556 865 1776 914 euntem
1822 862 1878 914 in
1917 875 2030 915 ca:-

452 945 567 1004 lum
592 947 658 1004 ".
703 967 721 1001 ι
757 947 969 1014 Quibus
999 950 1162 1003 etiam
1194 950 1442 1020 adjungit
1459 952 1622 1006 verba
1641 951 1792 1008 haac:
1824 971 1842 1003 ι
1875 951 2030 1007 Tunc

453 1041 658 1096 reversi
729 1041 949 1096 suntin
995 1039 1294 1096 Jerusalem
1343 1058 1372 1096 a
1427 1051 1612 1098 monte
1653 1043 1746 1114 qui
1803 1052 2032 1098 vocatur

443 1132 788 1204 ~Oliveti,-qui
844 1141 928 1188 est
973 1142 1162 1188 contra
1217 1133 1520 1189 Jerusalem
1552 1137 1618 1190 ³⁸.
1661 1156 1680 1187 ι
1715 1135 1811 1192 Est
1841 1137 2026 1208 igitur,

442 1225 616 1280 etiam
650 1226 695 1280 si
730 1225 855 1295 quis
887 1225 952 1278 ad
983 1225 1578 1296 verbum-Scripturam
1604 1229 1736 1283 velit
1757 1230 2024 1299 accipere,

431 1327 642 1371 contra
673 1315 974 1372 Jerusalem
1027 1327 1080 1372 et
1131 1308 1199 1372 ab
1224 1319 1320 1372 illa
1353 1319 1418 1372 ad
1453 1321 1716 1375 orientem
1750 1330 2024 1391 spectans,

443 1425 609 1464 mons
638 1413 704 1476 is,
735 1409 801 1465 de
830 1426 940 1481 quo
995 1411 1199 1464 dictum
1231 1420 1337 1476 est,
1381 1410 1696 1480 Olivarum;
1744 1421 2026 1468 verumta-

447 1518 572 1557 men
605 1503 650 1557 si
684 1503 1031 1574 sententiam,
1066 1519 1174 1558 non
1205 1505 1368 1558 verba
1421 1507 1571 1576 sequi
1603 1507 1874 1572 volumus,
1898 1522 2027 1562 san-

437 1603 535 1650 eta
561 1594 763 1649 Christi
799 1594 1066 1658 Ecclesia,
1114 1605 1167 1649 et
1202 1612 1361 1652 mons
1394 1599 1448 1651 in
1494 1613 1603 1668 quo
1661 1597 1886 1653 fundata
1917 1607 2022 1664 est,

444 1687 513 1741 de
565 1701 672 1757 quo
712 1688 953 1757 loquitur
1004 1688 1278 1752 Salvator,
1335 1689 1526 1745 dicens
1564 1710 1576 1745 :
1635 1711 1652 1742 ι
1690 1690 1809 1746 Non
1842 1699 2027 1762 potest

441 1779 705 1834 abscOndi
741 1781 935 1835 civitas
968 1796 1133 1850 supra
1171 1790 1409 1836 montem
1441 1785 1618 1852 posita
1645 1785 1714 1847 ’⁷,
1762 1803 1779 1835 ι
1825 1798 1926 1854 pro
1958 1799 2022 1840 ea

441 1889 564 1944 qum
623 1873 840 1937 cecidit,
888 1890 1066 1944 neque
1113 1876 1348 1945 amplius
1414 1877 1651 1930 surrexit
1690 1875 2018 1941 Jerusalem,
2056 1860 2097 1914 Β

439 1969 649 2017 structa
683 1970 844 2032 atque
873 1973 1079 2028 erecta,
1107 1965 1383 2035 dignaque
1415 1965 1601 2021 habita
1634 1968 1689 2020 in
1717 1983 1824 2037 qua
1855 1967 2020 2037 pedes

440 2053 659 2108 Domini
696 2055 973 2118 insistant,
1023 2071 1134 2110 non
1192 2057 1372 2114 solum
1429 2066 1514 2114 est
1557 2067 1746 2112 contra
1794 2057 2019 2114 Jerusa-

439 2148 569 2214 lem,
610 2148 707 2204 sed
747 2151 910 2204 etiam
945 2151 1014 2206 ab
1043 2166 1105 2206 ea
1136 2150 1203 2204 ad
1233 2153 1504 2207 orientem
1536 2167 1790 2223 vergens,
1818 2153 2020 2223 quippe

434 2249 561 2314 quae
593 2241 713 2312 ejus
755 2241 1003 2309 luminis,
1051 2258 1162 2313 quo
1203 2241 1373 2297 Deum
1413 2244 1502 2313 pie
1543 2244 1798 2313 colimus,
1834 2244 2018 2299 radios

439 2338 697 2408 excipiat,
740 2345 794 2393 et
861 2339 1035 2392 multo
1079 2338 1197 2409 ipsa
1246 2338 1550 2396 Jerusalem
1592 2341 1835 2396 anterior
1874 2341 2018 2396 facta

438 2431 530 2497 sit,
561 2430 774 2502 ipsique
792 2431 1022 2502 justitiae
1049 2433 1150 2488 soli
1185 2434 1568 2504 prepinquior,
1592 2434 1660 2490 de
1682 2451 1792 2505 quo
1809 2434 2016 2489 dictum

438 2529 540 2588 est,
582 2541 601 2574 ι
652 2525 974 2578 timentibus
1031 2532 1212 2580 autem
1274 2541 1384 2592 me,
1434 2527 1647 2582 orietur
1716 2528 1798 2582 sol
1854 2527 2020 2597 justi-

439 2615 529 2670 tiae
559 2616 605 2647 ³⁸
636 2634 650 2672 :
688 2636 709 2666 )
745 2618 875 2686 quia
905 2633 1038 2673 vero
1067 2618 1201 2672 dicit
1230 2617 1512 2690 deinceps,
1544 2627 1691 2692 quod
1730 2640 1750 2673 ‹
1799 2622 2017 2677 scinde-

432 2716 528 2762 tur
553 2725 711 2765 mons
741 2709 1021 2765 Olivarum
1057 2730 1069 2764 :
1098 2711 1386 2766 dimidium
1418 2713 1538 2782 ejus
1569 2714 1636 2769 ad
1665 2713 1932 2768 orientem
1963 2722 2017 2770 et

436 2817 588 2857 mare
621 2820 635 2856 :
681 2802 1029 2872 profunditas
1055 2818 1253 2874 magna
1282 2804 1657 2870 vehementer,
1690 2813 1745 2860 et
1779 2805 2012 2860 inclina-

438 2895 518 2950 bit
543 2894 828 2950 dimidium
859 2897 980 2965 ejus
1011 2897 1079 2951 ad
1111 2896 1356 2962 boream,
1396 2907 1450 2952 et
1479 2898 1766 2954 dimidium
1798 2901 1918 2972 ejus
1945 2903 2013 2958 ad

435 2995 718 3055 austrum;
759 3007 777 3039 ι
815 2997 993 3058 potest
1020 2989 1123 3043 hoc
1158 2988 1380 3058 quidem
1407 2989 1667 3048 Ecclesiae
1699 3009 1796 3065 per
1834 3001 2011 3048 totum

431 3079 645 3146 orbem,
683 3079 776 3148 qui
817 3081 886 3133 ab
933 3080 1248 3135 hominibus
1298 3079 1579 3150 incolitur,
1633 3083 2010 3139 dilatationem

435 3173 744 3244 signiﬁcare
777 3193 788 3228 :
821 3190 942 3244 quae
965 3181 1148 3244 partes
1173 3175 1240 3230 ad
1269 3176 1536 3232 orientem
1564 3176 1738 3231 solem
1767 3183 2014 3247 spectan-

437 3273 544 3332 tes,
588 3265 846 3336 ipsasque
877 3279 1090 3319 aurorae
1117 3264 1468 3336 Orientisque
1514 3276 1702 3338 gentes
1733 3244 2014 3320 acinatio-
2040 3244 2083 3301 (ἶ

435 3373 538 3412 nes
561 3357 875 3427 complevit.
912 3355 1215 3427 Porrigitur
1245 3373 1376 3413 vero
1405 3359 1570 3412 etiam
1603 3373 1779 3428 usque
1809 3356 1876 3411 ad
1898 3371 2016 3411 mas

435 3464 518 3514 re,
557 3449 706 3519 quod
763 3457 847 3504 est
911 3449 979 3503 ad
1018 3449 1380 3512 occidentem,
1423 3457 1476 3504 et
1502 3449 1570 3504 ad
1624 3446 1834 3505 insulas
1894 3465 2015 3520 quae

429 3543 494 3597 .in
526 3541 651 3616 ipso
693 3549 840 3596 sunt.
874 3539 1046 3596 Porro
1078 3540 1146 3595 ad
1189 3552 1434 3597 austrum
1471 3558 1690 3612 quoque
1738 3557 1803 3597 ac
1849 3542 2016 3597 meri-

425 3632 581 3688 diem
629 3632 891 3704 pervenit,
941 3633 1069 3687 item
1119 3633 1186 3687 ad
1225 3633 1539 3703 aquilonem
1583 3640 1638 3688 et
1685 3635 2016 3705 septentrio-

440 3739 560 3780 nem
598 3743 613 3778 :
668 3723 736 3778 ad
769 3725 1147 3793 eomes-enim
1166 3734 1350 3798 partes
1384 3733 1440 3779 et
1493 3724 1696 3796 ubique
1746 3725 2012 3797 gentium,

434 3822 584 3894 quod
636 3821 863 3892 ﬁgurate
905 3818 1249 3890 signiﬁcatur
1296 3818 1513 3873 Domini
1563 3818 1858 3883 olivetum,
1895 3833 2015 3887 quae

433 3923 520 3972 est
543 3916 664 3985 ejus
697 3913 962 3978 Ecclesia,
1000 3912 1301 3982 plantatum
1354 3919 1456 3966 est.
1490 3909 1678 3965 Potest
1709 3910 1874 3965 etiam
1907 3909 2014 3962 alio

437 4023 625 4072 sensu,
659 4023 778 4076 quae
809 4005 1038 4060 antehac
1063 4003 1220 4058 facta:
1249 4003 1382 4070 sint,
1405 4017 1635 4073 quaeque
1661 4002 1830 4058 etiam
1865 4017 2014 4056 nunc

437 4098 576 4152 ﬁunt
614 4097 669 4150 in
696 4094 941 4149 Ecclesia
969 4092 1199 4155 Christi,
1228 4094 1533 4150 scissiones
1564 4101 1618 4148 et
1649 4100 1854 4157 sectas,
1892 4107 2014 4148 mo-

434 4189 690 4257 ralesque
731 4187 786 4240 in
827 4186 959 4248 vita,
993 4185 1086 4240 ubi
1141 4185 1316 4240 scissa
1355 4185 1642 4256 divisaque
1689 4192 1794 4247 est,
1827 4185 2015 4253 lapsus

435 4273 781 4346 signiﬁcare;
831 4271 966 4326 dicit
1009 4272 1156 4330 enim
1209 4283 1452 4328 montem
1495 4289 1618 4330 esse
1647 4273 2010 4343 dilapsurum,

427 4365 722 4421 dimidium
755 4365 876 4434 ejus
911 4365 979 4419 ad
1009 4365 1300 4430 orientem,
1347 4373 1402 4422 et
1449 4365 1735 4420 dimidium
1783 4365 1904 4434 ejus
1946 4365 2016 4419 ad

435 4474 586 4514 mare
619 4477 634 4513 ι
671 4459 1386 4530 profunditatemmagnam
1435 4459 1804 4522 vehementer,
1835 4467 1891 4514 et
1930 4459 2016 4512 in-

435 4553 665 4608 clinabit
693 4555 981 4608 dimidium
1013 4553 1218 4608 montis
1271 4552 1340 4608 ad
1387 4552 1722 4622 aquilonem,
1765 4561 1821 4608 et
1853 4552 2013 4607 dimi-

431 4647 584 4701 dium
615 4647 736 4716 ejus
774 4647 939 4717 290
996 4646 1064 4702 ad
1114 4653 1392 4709 austrum;
1445 4655 1506 4698 ut
1551 4645 1633 4700 sic
1675 4645 1730 4699 in
1774 4653 2012 4716 quatuor

435 4747 617 4810 partes
649 4739 826 4794 scindi
879 4739 1152 4801 videatur,
1188 4737 1326 4793 duas
1367 4738 1586 4805 quidem
1638 4737 1916 4807 graviores
1949 4752 2009 4790 ac

434 4833 867 4902 praestantiores,
897 4831 1036 4886 duas
1063 4837 1240 4884 autem
1278 4830 1586 4883 contrarias
1617 4848 1630 4883 :
1656 4838 1709 4882 et
1730 4843 1863 4883 sane
1888 4828 2011 4882 vide

435 4940 505 4980 ne
538 4925 677 4980 forte
711 4925 765 4978 in
799 4925 884 4978 his
913 4924 1118 4988 verbis,
1156 4923 1287 4978 illud
1322 4921 1466 4994 quod
1501 4923 1702 4977 dicitur
1732 4921 1798 4975 ad
1827 4923 2011 4977 orien-

429 5025 543 5072 tem
569 5026 622 5071 et
651 5025 922 5080 austrum,
955 5015 1095 5071 duos
1128 5016 1351 5072 ordines
1377 5014 1668 5085 signiﬁcet,
1706 5029 1894 5069 eorum
1919 5015 2011 5084 qui

435 5123 699 5165 successu
737 5122 802 5162 ac
835 5106 1085 5178 profectu
1117 5107 1172 5161 in
1196 5107 1381 5161 divino
1410 5107 1561 5161 cultu
1587 5105 1834 5160 instincti
1858 5115 2008 5170 sunt,

434 5218 602 5257 unum
631 5201 853 5272 quidem
884 5216 1075 5258 eorum
1113 5200 1208 5271 qui
1262 5201 1318 5255 in
1370 5199 1679 5271 cognitione
1719 5214 1783 5252 ac
1820 5199 2008 5260 verbo,

427 5304 487 5352 et
514 5295 742 5365 reliquis
773 5295 941 5350 divini
976 5293 1218 5366 Spiritus
1247 5294 1406 5350 donis
1435 5294 1751 5364 proﬁciunt,
1776 5291 2007 5347 alterum

432 5403 623 5444 eorum
655 5388 746 5456 qui
781 5388 836 5441 in
868 5389 1117 5445 moribus
1151 5388 1371 5460 quidem
1403 5399 1457 5444 et
1488 5387 1598 5442 vita
1623 5385 1792 5457 probe
1833 5393 2010 5440 recte-

433 5495 540 5550 que
568 5479 794 5549 degnnt,
826 5482 920 5537 sed
955 5491 1138 5536 tamen
1181 5481 1237 5536 in
1272 5481 1390 5536 suis
1437 5478 1732 5550 seligendis
1782 5477 2012 5532 rationi-

432 5568 538 5622 bus
583 5567 916 5624 detinentur.
962 5569 1209 5641 Reliqua:
1252 5587 1380 5626 vero
1422 5572 1543 5624 dure
1578 5577 1786 5640 partes,
1829 5583 1951 5639 qua:
1980 5583 2010 5622 ιι

405 5658 709 5728 prioribus
741 5661 930 5717 divisa:
961 5671 1109 5723 sunt,
1149 5663 1214 5716 ad
1255 5677 1404 5716 mare
1440 5669 1493 5716 et
1522 5661 1854 5731 aquilonem,
1895 5675 2011 5714 am-

2137 587 2440 660 εγερθεῖσα,
2472 589 2563 642 καὶ
2590 590 2698 644 τῶν
2724 591 2900 646 ποδῶν
2928 593 3020 646 τοῦ
3051 593 3256 667 Κυρίου
3289 593 3704 660 καταξιωθεῖσα,

2133 682 2197 733 οῦ
2239 682 2396 752 μόνον
2431 685 2721 739 κατέναντι
2758 687 2905 739 ἐστιν
2933 683 3308 760 Ἰερουσαλὴμ,
3345 689 3480 743 ἀλλὰ
3508 691 3603 744 καὶ
3649 691 3708 758 ἐξ

2133 776 2405 832 ἀνατολῶν
2453 779 2658 852 αὐτῆς,
2701 780 3078 853 προσλαϐοῦσα
3109 782 3207 846 τὰς
3239 782 3412 852 αὐγὰς
3459 784 3552 838 τοῦ
3606 785 3706 856 τῆς

2135 868 2439 933 θεοσεϐείας
2482 871 2676 940 φωτὸς,
2706 874 2802 926 καὶ
2835 872 2970 925 πολὺ
3014 875 3254 947 προτέρα
3294 876 3391 946 τῆς
3436 877 3706 947 Ἰερουσα-

2132 959 2244 1032 λὴμ
2281 963 2568 1035 γενομένη,
2597 963 2744 1035 αὐτῷ
2767 983 2826 1018 τε
2865 966 3210 1038 πλησιάσασα
3254 968 3332 1039 τῷ
3361 968 3462 1039 τῆς
3499 969 3704 1024 δικαιο-

2133 1051 2300 1124 σύνης
2326 1053 2480 1125 ἡλίῳ,
2515 1056 2642 1126 περὶ
2670 1049 3008 1111 οῦλέλεκται
3033 1075 3046 1088 ⁸
3077 1078 3094 1110 ‹
3123 1060 3247 1122 Τοῖς
3270 1060 3325 1113 δὲ
3351 1060 3706 1131 φοϐουμένοις

2128 1160 2200 1214 με
2237 1145 2484 1198 ἀνατελεῖ
2509 1144 2662 1216 ἥλιος
2692 1147 3052 1220 δικαιοσύνης.
3078 1168 3096 1200 ι
3128 1151 3190 1202 ’Ὁ
3214 1149 3270 1202 δὲ
3301 1149 3448 1218 λέγει
3469 1151 3526 1203 τὸ
3553 1151 3700 1221 ἑξῆς,

2129 1235 2210 1288 ὅτι
2254 1256 2271 1286 ι
2297 1237 2651 1310 Σχισθήσεται
2699 1239 2760 1291 τὸ
2801 1239 2924 1313 ὅρος
2977 1240 3084 1294 τῶν
3121 1241 3343 1295 Ἐλαιῶν
3370 1281 3385 1307 ,
3422 1241 3482 1295 τὸ
3530 1243 3702 1313 ἥμισυ

2129 1329 2292 1382 αὑτοῦ
2329 1330 2462 1400 πρὸς
2496 1331 2758 1395 ἀνατολὰς
2783 1333 2878 1385 καὶ
2907 1330 3195 1397 θάλασσαν,
3229 1334 3360 1404 χάος
3400 1320 3541 1406 μεγᾶ
3575 1335 3704 1403 σφό-

2127 1418 2247 1490 δρα,
2283 1420 2376 1472 καὶ
2402 1419 2570 1473 κλινεῖ
2595 1421 2654 1474 τὸ
2686 1422 2854 1492 ἥμισυ
2882 1419 3045 1475 αὐτοῦ
3074 1421 3208 1494 πρὸς
3237 1423 3327 1477 τὸν
3349 1423 3574 1495 βορρᾶν,
3607 1425 3702 1479 καὶ

2127 1508 2186 1561 τὸ
2219 1511 2389 1585 ἥμισυ
2421 1510 2585 1564 αὐτοῦ
2614 1511 2750 1584 πρὸς
2790 1511 2960 1577 νότον,
2985 1533 3008 1563 ν)
3052 1510 3271 1569 δῦναται
3318 1515 3414 1586 μὲν
3441 1516 3538 1587 τὴν
3577 1515 3702 1570 καθ’

2127 1601 2253 1672 ὅλης
2285 1603 2384 1674 τῆς
2412 1602 2713 1674 ἀνθρώπων
2739 1604 3060 1676 οἰκουμένης
3101 1605 3405 1673 ὲξάπλωσιν
3431 1608 3533 1678 τῆς
3573 1607 3700 1662 Ἐκ-

2127 1693 2356 1764 κλησίας
2376 1695 2678 1766 σημαίνειν,
2698 1697 2790 1749 ἐπὶ
2804 1698 2896 1750 καὶ
2920 1697 3183 1762 ἀνατολάς
3203 1699 3376 1771 ἡλίου,
3400 1701 3539 1755 αὐτά
3557 1719 3615 1754 τε
3633 1700 3701 1755 τὰ

2127 1785 2238 1856 ἑῷα
2265 1785 2358 1838 καὶ
2393 1786 2693 1840 ἀνατολικὰ
2723 1787 2848 1859 ἔθνη
2882 1788 3338 1863 πεπληρωμένην
3361 1792 3616 1846 διατείνει
3644 1793 3701 1848 δὲ

2128 1876 2222 1928 καὶ
2261 1876 2354 1929 ἐπὶ
2383 1877 2481 1947 τὴν
2514 1877 2735 1948 δυτικὴν
2782 1877 3073 1944 Θάλασσαν,
3121 1881 3218 1944 τάς
3249 1898 3308 1933 τε
3343 1883 3400 1934 ὲν
3433 1883 3568 1953 αὐτῇ
3603 1883 3700 1954 νή-

2130 1985 2272 2030 σους.
2319 1968 2391 2020 Οῦ
2421 1968 2523 2040 μὴν
2554 1967 2666 2022 ἀλλ’
2693 1969 2892 2040 ἔφθακε
2927 1971 3066 2024 κατά
3092 1989 3151 2024 τε
3175 1971 3324 2026 νότον
3351 1973 3444 2026 καὶ
3488 1989 3701 2043 μεσημ-

2127 2060 2305 2131 δρίαν,
2332 2061 2471 2114 κατά
2501 2079 2560 2115 τε
2596 2061 2816 2134 βορρᾶν,
2849 2063 2940 2117 καὶ
2977 2064 3206 2136 ἄρκτον·
3246 2064 3420 2136 πάντη
3449 2063 3559 2135 γάρ
3607 2066 3700 2118 καὶ

2128 2153 2400 2224 πανταχοῦ
2453 2155 2481 2207 ὁ
2542 2154 2936 2226 σημαινόμενος
2998 2157 3274 2228 τροπικῶς
3340 2156 3434 2210 τοῦ
3489 2157 3699 2228 Κυρίου

2125 2246 2320 2301 ὲλαιὼν
2361 2249 2395 2317 ἡ
2446 2247 2739 2318 Ἐκκλησία
2781 2246 2946 2301 αὐτοῦ
2987 2249 3494 2331 καταπεφύτευταις
3533 2249 3698 2307 δύναο

2123 2359 2213 2394 ται
2258 2341 2316 2394 δὲ
2357 2341 2448 2394 καὶ
2482 2339 2622 2394 κατὰ
2660 2341 2896 2395 διάνοιαν
2938 2341 3004 2395 τὰ
3056 2341 3150 2395 ἐπὶ
3187 2344 3285 2415 τῆς
3321 2341 3413 2395 τοῦ
3456 2337 3700 2414 Χριστοῦ

2138 2433 2461 2505 Ἐκκλησίας
2497 2434 2764 2506 γενόμενά
2813 2453 2871 2488 τε
2899 2475 2913 2500 ,
2962 2436 3055 2489 καὶ
3086 2437 3250 2489 εἰσέτι
3298 2434 3394 2489 νῦν
3440 2435 3705 2507 γινόμενα

2127 2526 2401 2597 σχίσματα
2425 2527 2642 2590 καὶτὰς
2681 2526 2941 2599 αἱρέσεις,
2977 2527 3074 2592 τάς
3109 2545 3168 2580 τε
3195 2525 3392 2598 ἠθικὰς
3421 2526 3566 2580 κατὰ
3610 2527 3703 2582 τὸν

2125 2617 2239 2688 βίον
2271 2617 2618 2682 ἀποπτὼσεις
2659 2618 3007 2672 αἰνίττεσθαι.
3061 2618 3287 2690 Σχισθὲν
3315 2619 3424 2690 γάρ
3468 2635 3605 2691 φησι
3640 2618 3703 2672 τὸ

2122 2711 2248 2782 ὅρος
2285 2710 2694 2783 διαστήσεσθαι,
2725 2713 2786 2766 τὸ
2819 2713 2990 2784 ἥμισυ
3033 2711 3196 2765 αὐτοῦ
3235 2711 3372 2783 πρὸς
3409 2710 3700 2776 ἀνατολάς,

2121 2805 2213 2857 καὶ
2243 2803 2304 2856 τὸ
2333 2804 2504 2874 ἥμισυ
2543 2804 2704 2857 αὐτοῦ
2735 2804 2869 2875 πρὸς
2897 2804 3192 2867 θάλασσαν,
3225 2803 3354 2875 χάος
3395 2804 3536 2876 μέγα
3571 2804 3700 2874 σφό-

2120 2896 2242 2968 δρα,
2266 2897 2360 2949 κα)⁹
2391 2896 2561 2950 κλινεῖ
2580 2898 2641 2950 τὸ
2663 2899 2834 2968 ἥμισυ
2861 2896 2954 2950 τοῦ
2985 2897 3144 2968 ὅρους
3175 2897 3310 2970 πρὸς
3339 2898 3428 2951 τὸν
3471 2897 3702 2970 βορρᾶν,

2120 2992 2215 3045 καὶ
2237 2990 2296 3044 τὸ
2317 2991 2488 3062 ἥμισυ
2513 2990 2678 3044 αὑτοῦ
2713 2989 2848 3064 πρὸς
2876 2989 3047 3057 νότον,
3076 2989 3151 3053 ὡς
3179 2990 3258 3053 εἰς
3289 2988 3529 3060 τέσσαρα
3557 2991 3702 3063 μέρη

2118 3079 2462 3153 διαιρεῖσθαι,
2496 3080 2588 3134 δύο
2629 3081 2725 3152 μὲν
2753 3079 2822 3133 τὰ
2867 3079 3162 3152 σεμνότερα
3187 3081 3280 3133 καὶ
3317 3080 3578 3152 κρείττω,
3605 3080 3704 3134 δύο

2118 3173 2266 3228 δὲτὰ
2314 3174 2552 3228 ἐναντία.
2595 3174 2707 3227 Καὶ
2749 3174 2851 3246 ὅρα
2879 3174 3089 3245 μήποτε
3135 3170 3222 3225 διὰ
3259 3171 3462 3225 τούτων
3488 3172 3551 3225 τὸ
3583 3171 3702 3244 ’μὲν

2118 3267 2252 3339 πρὸς
2279 3266 2540 3331 ἀνατολὰς
2563 3267 2658 3320 καὶ
2689 3267 2825 3338 πρὸς
2854 3267 3003 3320 νότον
3027 3265 3119 3320 δύο
3150 3266 3403 3338 τάγματα
3443 3265 3702 3337 σημαίνει

2118 3359 2227 3414 τῶν
2259 3360 2357 3431 τῆς
2386 3359 2527 3414 κατὰ
2547 3359 2680 3414 Θεὸν
2707 3363 2990 3432 προκοπῆς
3021 3359 3438 3432 ὲπειλημμένων
3459 3377 3473 3389 ·
3507 3359 3566 3414 ἓν

2116 3452 2225 3506 τῶν
2253 3454 2310 3506 ὲν
2335 3453 2535 3524 γνώσει
2573 3453 2666 3507 καὶ
2697 3453 2860 3524 λόγῳ,
2909 3455 3003 3507 καὶ
3038 3455 3150 3517 τοῖς
3179 3452 3386 3517 λοιποῖς
3410 3452 3505 3506 τοῦ
3551 3451 3703 3506 θείου

2118 3541 2436 3614 Πνεύματος
2467 3543 2768 3616 χαρίσμασι
2796 3542 3208 3615 τελειουμένων·
3246 3543 3471 3615 θάτερον
3503 3543 3562 3596 δὲ
3590 3543 3703 3596 τῶν

2117 3632 2206 3686 διὰ
2256 3631 2370 3702 βίου
2397 3633 2836 3704 κατορθούντων,
2871 3637 2927 3688 ὲν
2969 3635 3219 3703 ἐκλογαῖς
3249 3652 3313 3703 γε
3352 3636 3456 3707 μὴν
3491 3635 3703 3709 διατρι-

2118 3725 2339 3779 δόντων.
2373 3726 2454 3780 Τὰ
2479 3726 2536 3779 δὲ
2565 3727 2727 3781 λοιπὰ
2759 3727 2852 3780 δύο
2890 3727 3027 3799 μέρη
3061 3727 3169 3781 τῶν
3199 3728 3477 3800 προτέρων
3503 3727 3698 3802 διῃρης

2122 3817 2256 3889 μένα
2289 3819 2374 3888 εἴη
2421 3817 2506 3882 ἂν,
2532 3818 2594 3871 τὸ
2634 3818 2774 3871 κατὰ
2821 3817 3091 3872 θάλασσαν
3125 3819 3218 3872 καὶ
3264 3819 3400 3890 πρὸς
3451 3819 3699 3891 βορρἆ,

2118 3908 2401 3982 ἀμφότερα
2429 3909 2563 3982 πρὸς
2590 3913 2656 3981 τῇ
2694 3909 2862 3981 κακίᾳ
2885 3909 3276 3981 σημαινόμενα.
3310 3928 3328 3961 ι
3365 3910 3500 3964 Ἀπὸ
3523 3929 3700 3984 προσ-

2117 3999 2268 4055 ώπου
2297 3999 2426 4073 γὰρ,
2468 4003 2620 4072 φησὶ,
2665 4001 2834 4072 βορρᾶ
2864 3999 3260 4072 ἐκκαυθήσεται
3299 4000 3368 4054 τὰ
3410 4001 3563 4055 κακὰ
3606 4003 3702 4057 ἐπὶ

2119 4095 2326 4158 πάντας
2361 4096 2488 4157 τοὺς
2527 4093 2914 4156 κατοικοῦντας
2947 4093 3046 4164 τὴν
3086 4093 3219 4164 γῆν·
3245 4112 3264 4145 ι
3310 4094 3338 4146 ὃ
3375 4111 3433 4146 τε
3476 4093 3701 4165 δράκων

2118 4186 2212 4239 ἐπὶ
2251 4186 2348 4257 τῆς
2391 4185 2662 4255 θαλάσσης
2702 4183 2971 4238 ποιεῖσθαι
3011 4185 3108 4250 τὰς
3135 4185 3414 4258 διατριϐὰς
3452 4185 3698 4255 λέγεται.

2121 4278 2282 4330 Ὥστε
2328 4277 2552 4340 εἰκότως
2606 4275 2883 4330 κάνταῦθα
2913 4277 3020 4329 τῶν
3073 4275 3180 4329 ἀπὸ
3214 4277 3313 4348 τῆς
3369 4277 3702 4350 Ἐκκλησίας

2117 4367 2535 4420 ἀποπιπτόντων
2564 4365 2657 4419 δύο
2693 4366 2851 4420 πάλιν
2893 4364 3182 4436 δηλοῦσθαι
3214 4366 3468 4438 τρόπους,
3513 4368 3608 4420 τόν
3639 4385 3700 4422 τε

2119 4460 2258 4514 κατὰ
2289 4461 2388 4530 τὴν
2410 4460 2608 4529 γνῶσιν
2631 4461 2721 4513 καὶ
2747 4459 2837 4512 τὸν
2871 4459 3012 4512 κατὰ
3044 4458 3103 4511 τὸ
3132 4455 3262 4530 ἦθος
3291 4459 3699 4531 ἁμαρτάνοντα,

2119 4550 2194 4614 ὡς
2223 4545 2358 4604 εἶναι
2383 4550 2587 4614 ταύτας
2617 4550 2709 4604 τοῦ
2737 4551 3065 4623 δηλουμένου
3093 4549 3378 4611 Ἐλαιῶνος
3400 4551 3584 4624 ὅρους,
3603 4551 3702 4617 τὰς

2119 4643 2224 4696 ὑπὸ
2245 4644 2345 4714 τῆς
2367 4642 2700 4716 προφητείας
2721 4644 3094 4715 αἰνιττομένας
3113 4644 3437 4708 διαστάσεις.
3472 4644 3700 4708 Τούτοις

2117 4733 2246 4804 ἑξῆς
2281 4733 2618 4802 ὲπιλέγεται·
2653 4752 2670 4784 ι
2698 4733 2807 4785 Καὶ
2843 4732 3341 4806 ὲμφραχθήσεταιή
3373 4731 3563 4798 κοιλὰς
3591 4732 3701 4788 τῶν

2118 4827 2287 4898 ὁρέων
2320 4843 2446 4898 μου,
2493 4826 2586 4880 καὶ
2635 4824 3090 4897 ὲγκολληθήσεται
3132 4824 3348 4896 φάραγξ
3387 4826 3560 4898 ὀρέων
3595 4828 3700 4893 ἕως

2132 4920 2348 4992 Ἀσαήλ.
2401 4919 2511 4972 Καὶ
2557 4919 3038 4990 ἐμφραχθήσεται,
3078 4917 3136 4971 ὃν
3176 4917 3376 4989 τρόπον
3415 4918 3697 4992 ὲνεφράγη

2117 5013 2225 5067 ἀπὸ
2250 5011 2541 5084 προσώπου
2576 5011 2666 5064 τοῦ
2713 5011 2933 5082 σεισμοῦ
2969 5011 3026 5064 ὲν
3050 5011 3283 5082 ἡμέραις
3324 5008 3502 5074 Ὀξίου
3538 5010 3697 5081 βασι-

2113 5106 2250 5170 λέως
2292 5105 2478 5159 Ἰούδα.
2509 5123 2527 5157 ι
2564 5103 2766 5168 Κοιλάς
2801 5103 2858 5156 δὲ
2890 5105 2947 5156 ὲν
2995 5103 3205 5166 τούτοις
3235 5101 3342 5156 τῶν
3385 5103 3561 5174 ὁρέων
3602 5103 3697 5156 τοῦ

2113 5198 2246 5252 Θεοῦ
2274 5198 2359 5261 τίς
2383 5197 2449 5250 ἂν
2481 5197 2564 5268 εἴη
2599 5197 2632 5269 ἦ
2666 5198 2699 5268 ἡ
2727 5195 2867 5250 κατὰ
2895 5196 2984 5250 τὸν
3030 5195 3311 5259 Μωῦσέως
3335 5195 3502 5266 νόμον
3543 5197 3603 5248 ἐν
3630 5197 3695 5266 τῇ

2126 5288 2475 5360 Ἰερουσαλὴμ
2496 5287 2663 5342 πάλαι
2694 5287 2954 5360 πρότερον
2987 5285 3378 5359 συντελουμένη
3407 5286 3697 5358 σωματικὴ

2111 5382 2206 5436 ,καὶ
2242 5381 2502 5453 Ἰουδαῖκὴ
2537 5380 2832 5454 θρησκεία;
2863 5381 2927 5452 ἦν
2955 5376 3483 5451 ἀποκλεισθήσεσθαι
3507 5377 3697 5450 ὥσπερ

2118 5474 2562 5546 ἁποφραχθεῖσαν
2603 5477 2630 5527 ὁ
2682 5471 2869 5546 παρὼν
2930 5472 3086 5542 λόγος
3143 5469 3385 5534 θεσπίζει
3436 5471 3691 5541 φάσκων·

2124 5585 2142 5617 ι
2176 5566 2285 5620 Καὶ
2318 5565 2762 5638 ἐμφραχθήσεται
2793 5567 2826 5637 ὴ
2868 5563 3055 5628 κοιλὰς
3094 5563 3205 5617 τῶν
3235 5563 3405 5636 ὀρέων
3442 5579 3569 5634 μου,
3604 5561 3698 5618 καὶ

2118 5658 2576 5729 ὲγκολληθήσεται
2629 5655 2846 5730 φάραγξ
2913 5656 3083 5729 ὀρέων
3127 5653 3234 5717 ἕως
3304 5651 3545 5728 Ἀσαὴλ,
3605 5648 3699 5708 καὶ

501 5816 549 5848 ⁸⁸
579 5816 700 5872 Act.
728 5833 766 5885 ι,
796 5817 880 5873 Η.
961 5818 1006 5851 ⁸⁸
1031 5817 1164 5874 ibid.
1205 5817 1287 5874 l2.
1365 5820 1408 5851 ’⁷
1434 5817 1624 5872 Matth.
1650 5833 1704 5883 γ,
1735 5816 1820 5872 14.
1900 5817 1946 5850 ⁸³
1977 5815 2017 5871 Μ

2123 5816 2206 5872 ch.
2250 5831 2322 5880 tv,
2351 5815 2407 5872 2.
