3902 6264
320 254 414 312 ιιι

1203 256 1855 320 DEMONSTRATIONIS
1888 262 2350 323 EVANGELICIE
2382 267 2513 326 LIB.
2547 268 2639 325 Vl.

3459 281 3566 338 482

319 372 786 448 ὲμφραχθήσεται.
820 393 843 429 ι
894 376 1031 431 ‘AVB’
1074 368 1150 432 ὧν
1196 381 1224 433 ὁ
1253 379 1547 453 Σύμμαχος
1594 382 1884 455 πεποίηκε·

1997 383 2080 439 ba:
2109 391 2271 439 erunt
2301 399 2421 456 quae
2440 386 2554 457 jam
2599 387 2668 444 ad
2707 387 2973 444 malitiam
3012 391 3284 461 pertinent
3318 413 3331 449 :
3367 413 3388 446 ι
3415 398 3463 451 Α
3493 398 3575 454 fa-

321 480 344 519 t
373 464 485 527 Καὶ
505 466 1004 539 ὲμφραχθήσεταιὴ
1034 467 1253 540 φάραγξ
1278 470 1387 523 τῶν
1415 471 1584 543 ὀρέων
1608 490 1729 544 μου,
1760 492 1780 524 ›
1804 474 1897 527 καὶ

316 556 396 613 ἔτι
419 575 438 609 ι
463 560 641 628 ὲγγιεί
656 578 674 611 ι
703 561 737 631 ἡ
755 558 973 631 φάραγξ
986 559 1093 613 τῶν
1118 561 1291 633 ὀρέων
1317 562 1454 634 πρὸς
1472 563 1533 617 τὸ
1554 565 1895 638 παρακείμε-

315 664 427 715 νον,
454 669 473 701 ι
495 649 593 704 καὶ
604 650 1051 723 ὲμφραχθήσεται
1066 669 1079 682 ο
1109 672 1126 704 ι
1147 654 1214 707 δι’
1237 646 1312 708 ὧν
1337 655 1633 728 παρίστησι
1648 656 1709 711 τὸ
1725 657 1896 713 αἴτιον

312 741 412 814 τῆς
438 742 848 816 ἐμφραχθείσης
887 745 1188 818 φάραγγος.
1226 748 1292 801 Τί
1327 748 1385 803 δὲ
1409 746 1478 822 ἦν
1511 750 1670 806 τοῦτο
1713 753 1827 808 ἀλλ’
1859 754 1892 828 ἢ

310 831 375 887 τὸ
418 834 636 903 ἐγγίσαι
681 836 853 907 αὐτὴν
904 838 999 891 καὶ
1045 838 1341 911 πλησιάσαι
1386 842 1463 913 τῷ
1507 846 1895 918 παρακειμένῳ

311 925 486 997 aii-rh;
515 925 676 981 τοῦτο
702 927 761 981 δὲ
783 923 851 999 ἦν
877 927 939 981 τὸ
965 929 1058 982 τοῦ
1081 931 1287 1003 Κυρίου
1308 932 1433 1005 ὅρος
1455 935 1516 988 τὸ
1532 936 1639 990 τῶν
1670 937 1893 992 Ἐλαιῶν

309 1019 850 1092 προωνομασμένον,
906 1022 1042 1095 ὅπερ
1105 1024 1325 1093 Ἁσαὴλ
1372 1025 1687 1098 ὠνόμασται
1742 1031 1892 1103 παρά

305 1112 421 1174 τοῖς
444 1110 866 1185 Ἑϐδομήκοντα.
892 1114 1054 1183 Δηλοῖ
1068 1114 1123 1169 δὲ
1146 1116 1304 1170 τοῦτο
1326 1118 1467 1172 κατὰ
1493 1120 1591 1191 τὴν
1627 1121 1892 1193 Ἐϐραίων

304 1202 496 1274 φωνὴν
537 1204 787 1272 ποίησιν
830 1204 998 1260 Θεοῦ.
1041 1206 1197 1261 Οῦτω
1239 1208 1333 1273 δὲ,
1384 1210 1639 1284 φησὶν,ή
1690 1214 1892 1267 παλαιὰ

302 1295 530 1366 φάραγξ
554 1296 900 1369 πλησιάσασα
922 1299 1002 1371 τῷ
1025 1299 1162 1372 ὄρει,
1195 1303 1287 1356 καὶ
1304 1305 1369 1375 τῇ
1394 1305 1628 1375 Χριστοῦ
1667 1307 1893 1377 Ἐκκλη-

301 1384 397 1459 ei;
424 1428 444 1451 ,
478 1388 559 1456 τῷ
603 1407 663 1443 τε
716 1393 979 1463 ποιήματι
1046 1393 1182 1447 Θεοῦ
1212 1434 1227 1458 ,
1298 1396 1746 1467 ὲμφραχθήσεται
1799 1400 1889 1453 καὶ

296 1482 822 1555 ἁποκλεισθήσεται,
852 1485 910 1539 ὃν
935 1486 1136 1558 τρόπον
1166 1489 1440 1560 ὲνεφράγη
1460 1490 1568 1543 ἀπὸ
1596 1490 1888 1563 προσώπου

293 1572 394 1626 τοῦ
445 1574 705 1646 σεισμοῦ,
751 1577 811 1631 ὲν
855 1577 1089 1650 ἡμέραις
1152 1579 1324 1644 Ὀζίου
1381 1580 1645 1651 βασιλέως
1700 1584 1885 1638 Ἰούδα.

294 1665 501 1735 Ζητῶν
531 1666 589 1720 δὲ
617 1670 748 1740 παρ’
776 1669 1022 1739 ἐμαυτῷ,
1053 1671 1145 1726 καὶ
1177 1671 1276 1735 τὰς
1303 1672 1454 1737 θείας
1486 1673 1712 1745 περιϊὼν
1748 1675 1889 1748 Γρα-

1998 475 2101 539 cie,
2143 476 2340 547 inquit,
2382 478 2653 547 aquilonis
2678 479 3045 535 accendentur
3080 481 3221 535 mala
3259 498 3425 555 super
3464 501 3579 540 om-

1998 582 2097 622 nes
2127 567 2437 624 habitantes
2470 578 2670 625 terram
2694 572 2762 637 9°,
2803 591 2822 624 ›
2861 581 2915 627 et
2941 573 3111 629 draco
3131 574 3187 629 in
3215 578 3353 631 mari
3388 577 3572 634 diver-

1997 658 2107 714 sari
2140 659 2364 716 dicitur.
2418 660 2765 732 Quapropter
2819 666 3016 721 merito
3064 667 3155 722 hic
3200 684 3420 741 quoque
3465 672 3574 727 duo

1995 766 2190 808 rursus
2218 769 2416 823 genera
2450 754 2829 826 intelliguntur
2850 772 3063 827 eorum,
3103 761 3196 830 qui
3228 760 3298 819 ab
3328 762 3571 819 Ecclesia

1997 842 2293 905 declinant,
2324 861 2491 899 unum
2524 861 2716 900 eorum
2751 846 2847 917 qui
2874 849 2928 903 in
2960 850 3073 904 vita
3104 859 3159 906 et
3184 854 3431 909 moribus
3451 871 3573 925 pec-

1995 942 2156 997 cant,
2224 935 2456 989 alterum
2504 951 2694 991 eorum
2748 939 2840 1008 qui
2886 953 2915 993 a
2953 955 3086 995 sana
3144 952 3197 997 et
3244 952 3391 999 recta
3438 961 3568 999 scn-

1994 1024 2164 1079 tentia
2212 1026 2491 1091 labuntur,
2550 1036 2611 1082 ut
2638 1027 2751 1098 jam
2791 1030 2987 1086 Oliveti
3044 1032 3209 1102 hujus
3251 1036 3471 1101 montis,
3502 1036 3571 1093 de

1993 1131 2104 1187 quo
2137 1132 2316 1172 sermo
2338 1129 2446 1185 est,
2471 1120 2553 1175 ha:
2580 1121 2702 1176 dum
2723 1122 2855 1189 sint,
2885 1139 3007 1194 qua:
3031 1139 3061 1179 a
3091 1127 3374 1197 prophetia
3398 1130 3570 1200 signi-

1994 1208 2245 1273 ﬁcantur,
2282 1212 2677 1281 separationes.
2730 1213 2828 1272 His
2874 1216 3072 1272 deinde
3117 1217 3365 1291 adiungit
3410 1242 3473 1277 ει
3505 1223 3570 1278 Et

1992 1304 2340 1359 obturabitur
2369 1306 2529 1361 vallis
2560 1307 2826 1363 montium
2853 1320 3124 1373 meorum,
3149 1321 3202 1367 et
3221 1313 3571 1383 conglutina-

1993 1393 2141 1448 bitur
2181 1396 2448 1452 convallis
2471 1398 2757 1465 montium,
2793 1395 2967 1471 iisque
2988 1400 3055 1456 ad
3087 1402 3249 1457 Asael
3283 1421 3297 1458 :
3330 1410 3384 1459 et
3410 1408 3571 1459 obtu-

1992 1485 2203 1540 rabitur
2243 1488 2701 1557 quemadmodum
2736 1491 2991 1545 obturata
3025 1501 3112 1548 est
3160 1507 3191 1547 a
3213 1492 3351 1551 facie
3377 1502 3567 1551 terrae-

1989 1586 2193 1644 motus,
2226 1580 2286 1636 in
2313 1580 2511 1638 diebus
2540 1582 2687 1639 Ozia:
2718 1586 2863 1656 regis
2890 1584 3054 1640 Juda.
3084 1607 3103 1638 ι
3141 1586 3209 1641 At
3230 1589 3375 1643 enim
3402 1589 3456 1642 in
3481 1588 3567 1643 his

1988 1669 2194 1733 verbis,
2231 1686 2355 1742 quae
2404 1673 2626 1728 tandem
2671 1690 2796 1731 esse
2852 1684 3031 1746 potest
3083 1678 3243 1734 vallis
3297 1681 3564 1734 montium

292 1759 430 1827 φὰς,
464 1759 523 1812 εῐ
562 1777 691 1813 ποτε
730 1761 789 1814 ἑν
817 1765 936 1827 ταῖς
971 1762 1207 1835 ἡμέραις
1247 1762 1420 1829 Ὀζίου
1463 1767 1497 1838 ή
1535 1765 1768 1821 ἐνταῦθα
1793 1767 1884 1839 δη-

1990 1758 2108 1826 Dei,
2133 1762 2239 1817 nisi
2272 1779 2396 1834 quae
2418 1765 2547 1819 olim
2580 1774 2736 1821 antea
2754 1768 3140 1823 celebrabatur
3172 1786 3238 1825 ex
3272 1770 3391 1840 lege
3418 1770 3567 1844 Moy-

287 1848 545 1924 λουμιένη
575 1853 793 1925 φάραγξ
830 1856 1105 1927 ἐνεφράγη
1154 1855 1263 1910 ἀπὸ
1303 1857 1593 1930 προσώπου
1636 1858 1731 1912 τοῦ
1779 1877 1889 1913 σει-

292 1944 469 2015 σμοῦ,
493 1945 555 1999 ἐν
582 1945 680 2015 μὲν
702 1947 821 2011 ταῖς
835 1948 943 2001 τῶν
975 1948 1309 2003 Βασιλειῶν
1327 1950 1588 2023 ἱστορίαις
1613 1952 1764 2006 οὐδὲν
1792 1953 1890 2025 ηὖ-

292 2051 517 2107 ρισκον,
549 2037 670 2090 οὐδὲ
703 2038 1027 2109 σωματικῶς
1057 2056 1121 2109 γε
1145 2043 1265 2093 κατ’
1295 2040 1458 2095 αὐτὸν
1483 2043 1706 2114 σεισμὸς
1736 2060 1889 2113 γεγο-

293 2127 427 2194 νὼς,
463 2128 594 2184 οὔτε
622 2148 676 2184 τι
703 2131 910 2186 τοιοῦτο
939 2133 1065 2202 περὶ
1110 2132 1393 2205 φάραγγος
1418 2135 1476 2189 ὲν
1516 2137 1704 2202 αὐταῖς
1732 2139 1886 2209 εἰρη-

299 2221 467 2292 μένον
515 2222 950 2296 ἀναγέγραπται.
1008 2224 1321 2295 ’ἱστορεῖται
1354 2243 1419 2297 γε
1455 2226 1561 2299 μὴν
1603 2229 1783 2294 Ὀζίας
1827 2231 1886 2283 ἐν

294 2316 502 2388 ἀρχαῖς
522 2316 735 2381 δίκαιος
762 2319 1066 2388 γεγονέναι,
1095 2315 1215 2375 εἶτα
1238 2319 1588 2393 διαϐέϐληται
1611 2320 1688 2386 ὡς
1711 2324 1883 2392 ἐπαρ-

292 2406 416 2471 θεὶς
444 2409 515 2479 τῇ
548 2407 777 2481 διανοίᾳ,
816 2410 909 2465 καὶ⁷
930 2410 998 2464 δι’
1038 2412 1205 2466 αὑτοῦ
1241 2411 1399 2467 θῦσαι
1430 2412 1508 2484 τῷ
1536 2413 1657 2484 Θεῷ
1683 2413 1885 2486 τολμή-

296 2517 420 2564 σας.
450 2501 548 2555 Διὸ
576 2503 667 2556 καὶ
687 2502 894 2574 λέπραν
923 2502 1072 2572 αὐτῷ
1099 2503 1242 2557 κατὰ
1267 2504 1361 2558 τοῦ
1398 2504 1690 2576 προσώπου
1720 2505 1885 2576 ἀνθῆ-

294 2608 410 2647 σαι.
445 2592 623 2647 Τοῦτο
653 2594 750 2665 μὲν
773 2591 865 2648 οὖν
888 2596 922 2666 ή
945 2595 1121 2665 βίϐλος
1137 2595 1247 2650 τῶν
1269 2595 1599 2652 Βασιλειῶν
1615 2599 1883 2671 παρίστη-

295 2705 405 2741 σιν.
448 2688 511 2741 ’0
557 2686 617 2740 δέ
652 2703 716 2755 γε
760 2686 1025 2764 Ἰώσηπος
1065 2688 1160 2743 καὶ
1198 2687 1298 2751 τὰς
1344 2688 1543 2754 ἔξωθεν
1590 2690 1884 2757 Ἰουδαῖκὰς

286 2776 658 2850 δευτερώσεις
681 2779 1107 2850 ἀπηκριϐωκὼς,
1138 2780 1234 2834 ἆτε
1265 2780 1510 2851 Ἐϐραῖος
1532 2780 1590 2848 ἐξ
1620 2782 1883 2853 Ἐϐραίων

285 2871 609 2941 τυγχάνων,
639 2872 940 2926 ἐπάκουσον
970 2869 1059 2926 οἷα
1101 2873 1354 2942 γενέσθαι
1386 2873 1529 2927 κατὰ
1560 2874 1687 2938 τοὺς
1715 2873 1881 2928 αὑτοῦ

288 2963 453 3036 δηλοῖ
486 2963 738 3035 χρόνους,
765 2964 960 3033 λέγων,
1003 2964 1079 3030 ὡς
1106 2966 1217 3035 ἄρα
1254 2985 1273 3017 ι
1315 2966 1765 3035 Κατεπειγόντων
1793 2967 1883 3021 τὸν

300 3055 500 3122 Ὄζίαν
530 3056 645 3110 τῶν
684 3058 872 3130 ἱερέων
905 3058 1106 3123 ἐξιέναι
1137 3059 1232 3113 τοῦ
1261 3058 1428 3132 ἱεροῦ,
1465 3060 1558 3113 καὶ
1599 3061 1673 3132 μὴ
1707 3078 1885 3132 παρα-

289 3151 492 3220 νομεῖν
532 3152 613 3213 εἰς
638 3151 729 3203 τὸν
753 3150 905 3217 Θεὸν,
937 3152 1214 3223 ὀργισθεὶς
1246 3154 1540 3223 ἠπείλησεν
1571 3155 1752 3216 αὐτοῖς
1784 3153 1882 3208 θά-

287 3258 484 3310 νατον,
520 3243 570 3297 εί
611 3243 687 3315 μὴ
725 3244 826 3316 τὴν
865 3245 1095 3316 ἡσυχίαν
1139 3244 1378 3310 ἄξουσιν.
1420 3245 1640 3313 Μεταξὺ
1677 3246 1736 3301 δὲ
1777 3264 1886 3301 σει-

294 3332 441 3403 σμὸς
467 3332 727 3405 ἐκλόνησε
777 3333 875 3406 τὴν
908 3335 1013 3404 γῆν
1036 3350 1049 3364 ’
1096 3334 1191 3387 καὶ
1234 3334 1548 3400 διαστάντος
1590 3334 1684 3389 τοῦ
1731 3334 1882 3401 ναοῦ,

292 3420 508 3492 φέγγος
532 3421 785 3495 λαμπρὸν
813 3423 1107 3496 ἐξέλαμψε,
1130 3425 1223 3478 καὶ
1249 3428 1314 3497 τῇ
1343 3426 1438 3480 τοῦ
1470 3426 1732 3496 βασιλέως
1764 3429 1883 3498 ὄψει

295 3515 665 3587 προσέπεσεν,
709 3517 788 3580 ὡς
815 3517 894 3590 τῷ
930 3518 1027 3589 μὲν
1059 3517 1260 3583 εὐθέως
1289 3519 1499 3591 λέπραν
1540 3521 1882 3592 ἐπιδραμεῖν,

298 3609 412 3678 πρὸ
445 3607 507 3662 δὲ
543 3609 643 3681 τῆς
682 3609 891 3676 πόλεως
923 3611 1059 3683 πρὸς
1084 3613 1148 3683 τῇ
1184 3611 1495 3685 καλουμένῃ
1537 3613 1763 3683 Ἐρωγῇ
1788 3614 1882 3668 τοῦ

297 3698 465 3770 ὅρους
500 3701 884 3773 ἀπορραγῆναι
915 3702 977 3756 τὸ
1016 3704 1189 3774 ἥμισυ
1236 3703 1330 3757 τοῦ
1380 3704 1529 3758 κατὰ
1570 3704 1669 3776 τὴν
1709 3704 1879 3768 δύσιν,

299 3790 401 3842 καὶ
436 3791 690 3845 κυλισθὲν
730 3792 1005 3864 τέσσαρας
1040 3794 1285 3858 σταδίους
1328 3794 1420 3847 ἐπὶ
1460 3795 1522 3847 τὸ
1567 3796 1883 3850 ἀνατολικὸν

298 3880 428 3952 ὅρος
469 3882 685 3954 στῆναι,
712 3884 788 3949 ὡς
823 3886 922 3949 τάς
962 3902 1023 3939 τε
1055 3886 1320 3959 παρόδους
1350 3886 1752 3957 έμφραχθῆναι,
1787 3888 1881 3941 καὶ

299 3974 430 4038 τοὺς
462 3975 825 4046 παραδείσους
849 3978 974 4040 τοὺς
1000 3976 1327 4047 βασιλικούς.
1364 3997 1382 4028 ι
1423 3977 1609 4031 Ταῦτά
1652 3995 1742 4048 μοι
1773 3979 1880 4033 ἀπὸ
1912 4040 1916 4044 Α

298 4062 395 4117 τοῦ
442 4066 876 4138 συγγράμματος
918 4066 1019 4138 τῆς
1069 4067 1329 4140 Ἰωσήπου
1379 4066 1704 4135 Ἰουδαϊκῆς
1753 4069 1880 4135 Ἀρ-

299 4157 656 4228 χαιολογίας
695 4156 915 4212 κείσθω.
951 4159 1062 4213 Καὶ
1101 4160 1160 4211 ἐν
1188 4160 1267 4229 τῷ
1307 4160 1562 4231 προφήτῃ
1601 4160 1659 4212 δὲ
1702 4160 1883 4229 Ἀμὼς

298 4244 463 4322 εὗρον
499 4251 623 4304 κατ’
647 4249 824 4324 ἀρχὰς
853 4250 953 4321 τῆς
986 4251 1321 4323 προφητείας
1352 4251 1536 4314 αὑτοῦ,
1570 4252 1646 4316 ὡς
1677 4253 1757 4305 ὅτι
1784 4252 1881 4323 ἦρ-

297 4338 431 4405 Euro
457 4339 822 4413 προφητεύειν
848 4342 906 4395 ὲν
926 4342 1161 4414 ἡμέραις
1203 4341 1379 4406 Ὀζίου
1413 4341 1675 4413 βασιλέως
1712 4344 1883 4397 Ἰούδα

295 4432 410 4504 πρὸ
440 4431 536 4486 δύο
562 4431 700 4485 ἑτῶν
731 4432 974 4503 σεισμοῦ.
1011 4434 1172 4487 Ποίου
1203 4433 1260 4487 δὲ
1290 4436 1538 4505 σεισμοῦ,
1565 4434 1747 4489 οὐκέτι
1780 4452 1879 4489 σα-

296 4523 419 4593 φῶς
452 4522 718 4593 ἐπιλέγει.
761 4520 928 4594 Οἶμαι
975 4523 1034 4578 δὲ
1074 4525 1167 4577 τὸν
1210 4524 1373 4578 αὐτὸν
1415 4527 1701 4598 προφήτην
1744 4544 1878 4600 προ-

292 4614 451 4668 ϊέντα
481 4612 576 4667 τὸν
603 4613 825 4686 σεισμὸν
853 4616 1190 4687 ὑπογράφειν
1228 4618 1287 4669 ὲν
1314 4610 1396 4680 οἷς
1427 4634 1591 4689 φησιν
1612 4635 1626 4648 ·
1673 4638 1692 4670 ι
1724 4615 1877 4672 Εἶδον

293 4706 389 4759 τὸν
409 4706 617 4779 Κύριον
642 4706 922 4777 ἐφεστῶτα
945 4708 1037 4761 ἐπὶ
1056 4706 1149 4761 τοῦ
1168 4700 1582 4781 θυσιαστηρίου,
1605 4711 1699 4764 καὶ
1722 4706 1841 4765 εἶπε
1860 4726 1873 4741 °

296 4796 552 4864 Πάταξον
615 4797 708 4850 ἐπὶ
757 4797 820 4850 τὸ
855 4797 1259 4871 θυσιαστήριον,
1290 4800 1384 4852 καὶ
1431 4798 1777 4872 σεισθήσεται
1806 4801 1877 4855 τὰ

293 4889 584 4961 πρόπυλα·
636 4889 729 4943 καὶ
772 4889 1026 4959 διάκοψον
1072 4893 1153 4954 είς
1200 4890 1443 4960 κεφαλὰς
1490 4891 1732 4953 πάντων,
1784 4892 1879 4947 καὶ

288 4983 426 5046 τοὺς
458 4980 820 5046 καταλοίπους
853 4982 1021 5052 αὐτῆς
1054 4983 1114 5037 ὲν
1135 4983 1377 5055 ῥομφαίᾳ
1403 4980 1707 5036 ἀποκτενῶ.
1742 5002 1761 5033 ι
1798 4984 1879 5036 Δι’

300 5065 372 5127 iw
402 5071 652 5145 ἠγοῦμαι
690 5070 1041 5137 θεσπίζεσθαι
1086 5072 1177 5126 τὸν
1217 5072 1459 5143 σεισμὸν,
1508 5072 1603 5126 καὶ
1652 5070 1750 5143 τὴν
1788 5089 1881 5127 κα-

296 5160 548 5233 3αίρεσιν
580 5160 693 5217 τῶν
739 5161 906 5217 πάλαι
948 5161 1163 5232 σεμνῶν
1199 5160 1294 5216 τοῦ
1340 5161 1622 5216 -Ἰουδαίων
1672 5161 1879 5228 ἔθνους,

298 5255 391 5307 (αἱ
422 5254 523 5324 τῆς
550 5254 970 5326 ἐπιτελουμένης
1004 5254 1095 5308 ὑπ’
1133 5252 1313 5308 αὐτῶν
1342 5254 1400 5308 ὲν
1423 5256 1488 5325 τῇ
1529 5254 1879 5327 Ἰερουσαλὴμ

295 5344 615 5421 θρησκείας,
648 5347 750 5418 τήν
799 5364 860 5399 τε
907 5346 1180 5402 ἀπώλειαν
1230 5344 1328 5417 τὴν
1384 5344 1745 5415 μετελθοῦσαν
1782 5347 1880 5400 αύ-

271 5440 423 5503 rei);
472 5437 615 5510 μετά
642 5436 742 5510 τὴν
783 5436 880 5492 τοῦ
921 5439 1173 5511 Σωτῆρος
1215 5435 1374 5508 ἡμῶν
1405 5437 1731 5507 παρουσίαν,
1762 5438 1875 5504 ὅτε,

289 5529 797 5604 παραιτησαμένων
838 5528 1017 5583 αὐτῶν
1058 5529 1151 5583 τὸν
1190 5525 1426 5599 Χριστὸν
1470 5526 1565 5582 τοῦ
1609 5526 1745 5582 Θεοῦ
1782 5528 1874 5582 τὸν

363 5623 440 5697 (Ι)
464 5622 657 5692 Antiq.
690 5619 821 5675 Jud.
863 5636 940 5685 ut,
975 5622 1059 5677 ll.

364 5721 411 5754 ”
454 5718 572 5778 ιω.
610 5737 651 5787 ι,
678 5721 766 5775 l4.

1991 1851 2070 1908 sis
2104 1851 2159 1907 in
2192 1852 2563 1919 Hierusalem,
2613 1859 2919 1926 corporalis
2946 1870 3000 1915 et
3024 1857 3252 1914 Iudaica
3282 1861 3563 1919 adoratio!

1988 1958 2154 2014 quam
2186 1946 2408 2017 quidem
2440 1948 2724 2002 occlusum
2752 1950 2840 2015 iri,
2876 1952 3033 2021 quasi
3056 1951 3409 2009 obturatione
3427 1970 3567 2025 qua-

1988 2030 2140 2098 dam,
2170 2049 2414 2105 praesens
2443 2039 2727 2092 oraculum
2759 2039 2928 2105 canit,
2958 2040 3148 2098 dicens
3184 2061 3197 2097 :
3241 2061 3261 2094 ι
3309 2044 3377 2098 Et
3403 2045 3569 2101 obtu-

1988 2126 2203 2182 rabitur
2229 2130 2388 2185 vallis
2410 2133 2679 2185 montium
2717 2147 2987 2200 meorum,
3014 2144 3068 2189 et
3091 2137 3552 2208 conglutinahitui

1988 2218 2253 2274 convallis
2301 2221 2595 2284 montium,
2644 2238 2819 2292 usque
2861 2223 2930 2278 ad
2971 2225 3157 2290 Asael,
3198 2235 3253 2283 et
3279 2228 3564 2286 obturabi-

1987 2316 2098 2365 tur.
2135 2329 2154 2361 ι
2188 2309 2296 2367 Pro
2313 2311 2516 2383 quibus
2540 2315 2723 2370 verbis
2746 2313 3109 2387 Symmachus
3139 2319 3374 2376 reddidit
3399 2321 3548 2378 haec:

1994 2419 2014 2453 ‹
2053 2401 2118 2455 Ει
2140 2403 2491 2459 obturabitur
2511 2406 2671 2461 vallis
2702 2408 2968 2461 montium
3002 2423 3270 2474 meorum,
3306 2431 3324 2464 ι
3347 2419 3401 2467 et
3422 2428 3564 2483 pra:-

1988 2499 2138 2548 terca
2175 2512 2194 2544 ι
2228 2497 2692 2568 apprOpinquabit
2727 2517 2746 2548 ›
2792 2498 3057 2553 convallis
3082 2500 3372 2566 montium,
3408 2503 3476 2558 ad
3505 2503 3561 2558 id

1985 2583 2133 2654 quod
2171 2587 2484 2656 appositum
2528 2595 2614 2643 est
2668 2604 2688 2638 ι
2735 2595 2791 2643 et
2825 2588 3194 2656 obturabitur,
3240 2611 3259 2643 ι
3294 2593 3386 2648 ubi
3427 2609 3562 2650 sane

1985 2690 2209 2731 causam
2256 2676 2484 2741 indicat,
2537 2693 2639 2733 cur
2682 2679 2934 2735 obturata
2980 2680 3053 2735 sit
3095 2682 3378 2739 convallis.
3428 2681 3563 2751 ρυω

1986 2783 2153 2839 porro
2180 2769 2295 2825 haec
2324 2769 2452 2836 alia,
2501 2786 2664 2842 quam
2690 2788 2808 2828 eam
2842 2773 3280 2846 appr0pinquare
3323 2784 3378 2832 et
3425 2779 3563 2833 vici-

1984 2876 2112 2916 nam
2144 2861 2260 2917 ﬁeri
2287 2863 2360 2930 ei,
2400 2865 2545 2935 quod
2586 2865 2693 2936 ipsi
2733 2868 3040 2937 appositum
3077 2871 3198 2927 est?
3232 2870 3334 2926 Hic
3376 2882 3558 2928 autem

1984 2960 2069 3010 est
2102 2970 2263 3011 mons
2303 2954 2540 3022 Domini,
2574 2958 2669 3028 qui
2700 2957 2982 3016 Olivarum
3012 2971 3170 3017 antea
3201 2972 3286 3019 est
3323 2966 3563 3037 appella-

1987 3052 2099 3108 tus,
2124 3046 2329 3117 q'uique
2359 3046 2521 3103 Asael
2551 3048 2733 3105 dictus
2775 3050 2845 3107 ab
2882 3051 3016 3123 ipsis
3057 3052 3433 3126 Septuaginta.
3476 3055 3564 3110 Si—

1987 3142 2209 3215 gniﬁcat
2236 3158 2367 3199 vero
2388 3145 2531 3215 apud
2561 3144 2818 3202 Hebraeos
2840 3163 2903 3203 ea
2927 3165 3029 3203 vox
3060 3165 3188 3213 opus
3211 3149 3329 3204 Dei.
3363 3148 3454 3205 Sic
3468 3165 3565 3207 ve-

1986 3248 2070 3299 ro,
2103 3233 2301 3305 inquit,
2326 3246 2485 3290 vetus
2515 3237 2782 3292 convallis
2826 3240 2997 3293 monti
3028 3242 3476 3311 appropinquans
3507 3249 3563 3297 et

1984 3323 2190 3380 Christi
2236 3323 2515 3390 Ecclesize,
2555 3334 2721 3398 atque
2757 3329 2911 3400 operi
2945 3329 3062 3395 Dei,
3104 3334 3456 3390 obturabitur
3506 3343 3564 3391 et

1983 3417 2325 3483 occludetur,
2349 3420 2810 3488 quemadmodum
2831 3423 3087 3478 obturata
3115 3435 3198 3481 est
3225 3442 3254 3480 a
3288 3426 3428 3483 facie
3448 3436 3560 3482 ter-

1983 3517 2241 3566 raemotus
2262 3510 2318 3566 in
2340 3511 2535 3566 diebus
2553 3510 2697 3567 Ozias
2719 3515 2862 3584 regis
2889 3513 2918 3568 Ι
2925 3514 3049 3570 uda.
3081 3515 3239 3586 291
3274 3515 3410 3571 Cum
3429 3533 3562 3572 vero

1983 3596 2077 3651 diu
2098 3599 2241 3669 apud
2268 3601 2535 3669 meipsum
2558 3602 2899 3670 quaesierim,
2923 3611 2977 3657 et
3005 3603 3225 3657 divinas
3244 3602 3561 3674 Scripturas

1983 3691 2368 3760 percurrerim,
2404 3699 2464 3746 ut
2493 3692 2793 3748 invenirem
2829 3694 2877 3750 si
2912 3695 3135 3765 quando
3163 3710 3227 3750 ea
3268 3697 3556 3759 convallis,

1982 3783 2050 3839 de
2073 3799 2182 3855 qua
2206 3784 2297 3839 hic
2316 3801 2496 3841 sermo
2515 3794 2620 3849 est,
2660 3787 2716 3841 in
2746 3786 2942 3843 diebus
2968 3786 3113 3843 Ozias
3138 3789 3399 3843 obturata
3428 3790 3500 3845 sit
3526 3806 3559 3845 a

1945 3892 1961 3903 ’
1983 3875 2123 3934 facie
2153 3885 2493 3935 terraemotus
2513 3919 2529 3943 ,
2562 3880 2618 3934 in
2648 3879 2946 3949 Regnorum
2976 3881 3222 3939 historiis
3259 3882 3394 3936 nihil
3427 3897 3561 3938 sane

1983 3970 2208 4025 inveni:
2242 3987 2368 4026 nam
2419 3987 2596 4043 neque
2644 3981 3015 4029 terraemotum
3065 3974 3174 4030 illis
3219 3975 3560 4045 temporibus

1983 4060 2153 4115 ullum
2181 4077 2249 4116 ex
2279 4062 2346 4116 iis
2380 4062 2472 4131 qni
2508 4063 2668 4118 terris
2702 4073 2755 4119 et
2780 4064 3097 4136 regionibus
3128 4065 3309 4119 solent
3338 4064 3560 4119 accide-

1982 4168 2063 4219 re,
2097 4169 2273 4226 neque
2321 4154 2469 4208 aliud
2518 4155 2795 4225 quippiam
2852 4157 2958 4210 tale
2992 4157 3059 4211 de
3095 4157 3344 4212 convalle
3376 4157 3561 4227 aliqua

1983 4245 2186 4301 factum
2215 4261 2358 4312 esse,
2391 4249 2445 4301 in
2487 4248 2594 4302 illis
2628 4249 2894 4318 scriptum
2922 4258 3007 4305 cst
3046 4268 3060 4303 :
3090 4260 3352 4303 narratur
3374 4256 3557 4304 autem

1980 4339 2440 4410 quemadmodum
2487 4338 2650 4395 Ozias
2701 4341 2861 4394 initio
2908 4341 3096 4409 justus
3144 4341 3329 4408 fuerit,
3362 4340 3560 4398 deinde

1982 4429 2166 4483 animo
2199 4428 2469 4494 sublatus,
2501 4444 2598 4499 per
2627 4430 2867 4500 seipsum
2902 4429 3011 4483 Deo
3042 4429 3357 4484 sacrificare
3386 4444 3558 4486 ausus

1981 4519 2052 4575 s'it
2086 4538 2100 4573 :
2140 4535 2311 4591 quare
2359 4521 2426 4576 de
2477 4521 2624 4575 illius
2656 4519 2796 4576 facie
2828 4521 3033 4592 lepram
3074 4520 3402 4588 eﬂloruissc,
3450 4521 3560 4577 hoc

1983 4611 2202 4682 quidem
2240 4612 2296 4667 in
2341 4610 2640 4684 Regnorum
2688 4614 2843 4668 libris
2888 4613 3223 4669 continetur.
3274 4613 3346 4667 At
3400 4611 3560 4668 Iose-

1983 4703 2147 4773 phus,
2176 4711 2439 4774 praeterea
2464 4719 2586 4775 qua:
2632 4704 2689 4758 in
2735 4705 2910 4760 sacris
2957 4704 3114 4760 libris
3154 4705 3356 4774 scripta
3404 4714 3554 4767 sunt.

1984 4796 2147 4851 etiam
2179 4810 2241 4851 ea
2261 4811 2382 4867 quae
2403 4797 2756 4861 intrinsecus,
2783 4797 2940 4866 quasi
2969 4796 3210 4852 secundo
3245 4793 3387 4856 loco,
3411 4799 3559 4866 apud

1978 4885 2196 4943 Iudaeos
2226 4889 2518 4953 habentur,
2555 4903 2767 4944 summa
2791 4887 3071 4959 diligentia
3103 4896 3446 4955 persecutus.
3470 4906 3560 4944 ut-

1980 4989 2106 5049 pote
2133 4981 2228 5051 qui
2267 4979 2526 5036 Hebraaus
2552 4982 2623 5037 ab
2653 4979 2898 5037 Hebraeis
2916 4981 3229 5044 exsisteret,
3259 4995 3380 5050 quae
3409 4980 3559 5037 illius

1980 5073 2127 5145 regis
2172 5075 2513 5144 temporibus
2552 5073 2805 5129 evenisse
2837 5081 3250 5137 commemoret,
3284 5073 3397 5141 jam
3457 5087 3558 5125 au-

1981 5163 2098 5220 dire
2115 5172 2290 5236 potes.
2312 5164 2511 5221 Narrat
2537 5165 2683 5220 enim
2718 5163 2793 5236 (l)
2828 5162 3286 5234 quemadmodum
3320 5181 3338 5213 ι
3359 5154 3561 5232 urget.-

1984 5257 2132 5313 tibus
2160 5257 2347 5313 Oziam
2380 5258 2783 5321 sacerdotibus,
2816 5264 2877 5312 ut
2905 5255 2973 5313 de
3007 5255 3211 5327 templo
3237 5255 3435 5317 exiret,
3460 5269 3561 5309 ne-

1981 5365 2089 5419 que
2117 5349 2381 5406 adversus
2412 5335 2592 5406 Deum'
2610 5357 2885 5423 peccaret,
2904 5349 2995 5404 ille
3019 5348 3194 5403 iratus
3218 5346 3312 5411 sit,
3339 5346 3560 5417 illisque

1980 5451 2213 5496 mortem
2261 5443 2522 5506 minatus,
2573 5443 2679 5497 nisi
2726 5441 3071 5513 quiescerent
3121 5458 3135 5494 :
3188 5439 3397 5494 interea
3425 5451 3558 5492 vero

1980 5542 2162 5590 motus
2224 5533 2447 5605 quidam
2503 5542 2706 5590 terram
2760 5532 3144 5599 concusserit,
3212 5530 3558 5602 discissi)tu
