3902 6264
258 318 371 372 ϐὓΰ

1170 317 1822 374 ΒΕΜΟΝΒΤΒΑΤΙΟΝΣΞ
1865 316 2324 374 EVANGELICAS
2357 315 2485 373 LIB.
2532 316 2614 372 Vl.

3396 316 3506 377 466

256 435 488 506 τόλμαν,
520 435 742 499 σκότους
768 435 860 489 καὶ
889 435 1062 507 πάγου
1097 437 1192 491 καὶ
1215 437 1416 507 ψύχους
1450 439 1836 508 γεγενημένου,

1941 438 2044 492 erit
2073 453 2180 491 uno
2221 435 2327 490 die.
2380 455 2398 486 ›
2433 434 2539 490 Pro
2569 449 2678 504 quo
2729 433 3088 507 Symmachus
3117 437 3500 508 interpretatus

259 523 643 596 σκοτισθείσης
677 525 851 578 αὐτῶν
882 525 980 596 τῆς
1019 527 1251 589 διανοίας
1283 529 1361 590 είς
1399 527 1460 579 τὸ
1495 527 1568 598 μὴ
1602 527 1837 594 αὐγάσαι

255 617 352 672 τὸν
382 615 666 688 φωτισμὸν
687 619 776 672 τοῦ
795 619 1120 688 Εὐαγγελίου
1140 623 1196 675 ὲν
1220 625 1338 684 ταῖς
1362 621 1610 693 καρδίαις
1637 620 1836 685 αὐτῶν,

254 709 533 782 ψυγείσης
566 728 626 763 τε
657 711 757 780 τῆς
780 715 916 782 πρὸς
947 713 1038 765 τὸν
1063 713 1194 767 Θεὸν
1219 714 1455 783 ἀγάπης.
1483 713 1756 784 Ἔμπαλιν
1783 713 1839 766 δὲ

257 803 404 874 πρὸς
437 805 506 872 τῇ
538 801 746 874 ἑσπέρα
789 803 852 856 τὸ
898 803 1010 872 φῶς
1049 805 1148 874 τῆς
1188 804 1438 873 γνώσεως
1486 804 1578 857 τοῦ
1603 803 1838 876 Χριστοῦ

255 891 652 955 ἀνατέταλκεν,
700 893 775 954 ὡς
821 894 946 957 τοὺς
990 894 1154 948 πάλαι
1204 894 1541 966 καθημένους
1577 895 1634 946 ὲν
1663 895 1839 946 σκότει

255 982 362 1036 καὶ
400 985 533 1054 σκιᾷ
584 982 812 1036 θανάτου
849 984 909 1038 τὸ
952 984 1092 1055 μέγα
1122 985 1235 1054 φῶς
1271 986 1418 1049 ἰδεῖν,
1453 983 1592 1038 κατὰ
1624 983 1721 1047 τὰς
1747 983 1838 1037 τοῦ

267 1074 504 1127 Ἡσαΐου
540 1076 721 1145 φωνάς
745 1092 761 1107 ο
791 1094 809 1127 ι
832 1077 920 1129 Ἑν
948 1077 1084 1148 αὐτῇ
1108 1078 1170 1148 δὴ
1195 1073 1288 1130 οὖν
1316 1080 1382 1146 τῇ
1408 1076 1626 1148 τοιαύτη
1660 1076 1840 1146 ἡμέρᾳ

250 1163 356 1217 τοῦ
381 1164 617 1236 Κυρίου,
643 1165 976 1230 ἐξελεύσεται
997 1210 1010 1232 ,
1036 1188 1054 1220 ι
1080 1169 1266 1238 φησὶν,
1299 1187 1317 1219 ι
1351 1168 1492 1238 ὕδωρ
1518 1167 1624 1232 ζῶν
1655 1167 1723 1232 ἐξ·
1748 1169 1842 1220 Ἰε-

252 1255 570 1327 ρουσαλήμ.
596 1257 790 1310 »Τοῦτο
814 1258 872 1312 δὲ’
895 1255 962 1330 ἦν
985 1260 1050 1312 τὸ·
1072 1260 1282 1328 λογικὴν
1298 1261 1390 1312 καὶ
1408 1259 1654 1330 πότιμον,
1680 1258 1842 1321 ζωτι-

249 1346 348 1399 κόν
385 1363 447 1399 τε
487 1348 583 1400 καὶ
630 1351 892 1421 σωτήριον
946 1352 1044 1420 τῆς
1090 1350 1184 1404 τοῦ
1225 1351 1458 1423 Χριστοῦ
1497 1351 1842 1414 διδασκαλίας

251 1439 445 1503 ποτὸν,
474 1440 602 1510 περὶ
626 1432 686 1492 οὗ
714 1441 805 1493 καὶ
837 1441 997 1505 αὐτὸς
1030 1442 1086 1494 ὲν
1113 1441 1190 1512 τῷ
1222 1442 1362 1495 κατὰ
1389 1441 1840 1513 Ἰωᾶννην-Εὺαγδ

252 1529 431 1600 γελίῳ
473 1530 576 1600 τὴν
610 1530 940 1602 Σαμαρεῖτιν
979 1532 1247 1586 παιδεύων
1284 1533 1498 1602 ἔλεγεν·
1547 1551 1564 1584 ι
1599 1534 1661 1585 Ei
1695 1533 1841 1603 ᾔδεις

251 1623 334 1686 τίς
365 1625 522 1675 ἐστιν
556 1622 584 1673 ὁ
617 1621 789 1690 λέγων
821 1640 928 1676 σοι·
998 1624 1097 1687 Δός
1128 1641 1218 1694 μοι
1247 1626 1409 1687 πιεῖν,
1441 1626 1504 1677 σὺ
1535 1624 1599 1677 ἂν
1632 1625 1842 1696 ⁴ᾔτησας

252 1712 448 1777 αὑτὸν,
476 1714 570 1766 καὶ
597 1714 794 1768 ἔδωκεν
827 1716 892 1769 ἄν
925 1732 1006 1768 σοι
1035 1715 1180 1787 ὕδωρ
1211 1715 1372 1781 ζῶν.»
1405 1718 1546 1771 Αὐτὸ
1569 1713 1660 1771 οὖν
1684 1716 1841 1770 τοῦτο

1944 535 2027 582 est
2063 545 2076 580 :
2121 544 2138 576 ι
2180 525 2244 578 Et
2280 526 2333 580 in
2364 525 2450 580 die
2473 526 2562 578 illa
2589 541 2694 579 non
2719 527 2822 581 erit
2845 527 2956 592 lux,
2989 527 3082 583 sed
3109 527 3278 599 frigus
3308 535 3359 583 et
3391 529 3503 598 gla-

1940 621 2051 675 cies
2083 619 2184 674 erit
2215 633 2322 672 uno
2343 616 2448 680 die,
2483 617 2574 688 qui
2596 619 2844 689 cognitus
2870 627 2954 674 est
2978 618 3226 683 Domino,
3254 622 3361 674 non
3384 621 3502 676 dies

1940 724 2116 779 neque
2151 723 2281 773 nox,
2316 707 2408 763 sed
2437 708 2540 761 erit
2575 707 2642 761 ad
2672 724 2953 777 vesperam
2983 709 3094 764 lux.
3126 729 3144 762 ι
3174 709 3239 763 Et
3277 726 3407 766 sane
3429 711 3503 762 vi-

1940 802 2036 856 des
2065 799 2517 870 quemadmodum
2552 799 2605 852 in
2655 799 2740 852 his
2770 800 2950 854 verbis
2981 800 3299 870 planissime
3331 801 3498 862 diem,

1940 908 2048 963 quo
2081 892 2329 946 Salvator
2353 898 2539 945 noster
2563 891 2830 960 supplicio
2869 899 2951 946 est
2993 892 3238 958 affectus,
3301 893 3506 963 signiti-

1940 991 2045 1045 cet,
2083 983 2133 1035 in
2163 998 2270 1051 quo
2292 981 2378 1035 die
2411 980 2540 1034 illud
2564 981 2800 1050 quidem,
2829 999 2847 1032 ‹
2878 979 2992 1034 Νοιι
3018 982 3260 1046 ετίιιιιι,
3300 1002 3317 1033 ι
3350 997 3503 1036 com-

1943 1075 2146 1144 pletum
2201 1082 2304 1136 est,
2351 1074 2568 1144 quando
2616 1088 2646 1126 a
2699 1079 2850 1126 sex-ta
2895 1071 3026 1125 hora
3076 1073 3313 1126 tenebrae
3346 1072 3504 1127 factm

1942 1171 2068 1218 sunt
2091 1163 2144 1217 iu
2172 1164 2478 1218 universam
2507 1169 2726 1225 terram,
2761 1175 2931 1230 usque
2963 1161 3028 1214 ad
3059 1161 3244 1214 horam
3275 1178 3496 1218 nouam.

1942 1251 2077 1306 Illud
2109 1259 2329 1306 autem:
2369 1269 2387 1301 ι
2429 1249 2534 1305 Sed
2584 1250 2754 1320 frigus
2797 1257 2850 1303 et
2891 1249 3114 1319 glacies,
3167 1270 3184 1302 ι
3224 1266 3329 1320 quo
3359 1259 3500 1306 tem-

1942 1359 2093 1413 pore,
2136 1352 2195 1397 ut
2229 1342 2404 1396 Lucas
2435 1341 2708 1406 scribit“,
2743 1340 3255 1409 comprehcndeutes
3289 1339 3496 1405 Jesum,

1941 1434 2218 1488 duxerunt
2248 1433 2312 1487 ad
2346 1433 2564 1486 domum
2599 1432 2862 1502 principis
2905 1431 3270 1486 sacerdotum.
3305 1431 3498 1488 Petrus

1942 1533 2123 1579 autem
2146 1525 2471 1595 sequebatur
2491 1539 2612 1578 eum
2640 1538 2668 1576 a
2694 1525 2850 1594 longe
2879 1543 2892 1576 :
2919 1538 3150 1579 accenso
3171 1531 3348 1578 autem
3378 1527 3501 1594 igne

1943 1617 1996 1670 in
2021 1617 2196 1671 medio
2211 1617 2356 1679 atrii,
2377 1616 2618 1679 sedebat,
2643 1625 2700 1668 ut
2721 1617 2795 1670 ait
2818 1615 3077 1681 Marcus“,
3103 1632 3226 1670 cum
3251 1617 3497 1687 reliquis,

1945 1707 2107 1779 293
2139 1707 2465 1764 calefaciens
2501 1723 2578 1763 se.
2609 1706 2845 1763 Joannes
2869 1723 2996 1762 vero
3026 1709 3183 1778 plane
3211 1709 3373 1762 etiam
3405 1708 3503 1762 fri-

251 1804 314 1856 τὸ
347 1806 626 1876 σωτήριον
658 1806 818 1859 ποτὸν
853 1806 912 1870 ἐξ
939 1807 1105 1878 αὐτῆς
1130 1786 1226 1878 τῆς
1257 1808 1608 1880 Ἰερουσαλὴμ
1639 1808 1836 1880 προῆλ-

1944 1815 2044 1870 gus
2073 1799 2533 1864 commemoravit,
2567 1799 2657 1852 ubi
2691 1800 2801 1852 ait:
2835 1817 2852 1849 ι
2895 1796 3120 1852 Stabant
3149 1799 3291 1853 servi
3323 1807 3376 1853 et
3398 1799 3502 1853 mi-

251 1897 345 1951 θεν
366 1915 381 1928 ο
425 1898 638 1952 ἐνθένδε
665 1899 796 1967 γοῦν
821 1897 1045 1970 ὥρμητο
1079 1898 1241 1953 αὑτοῦ
1274 1899 1621 1968 Εὐαγγέλιον,
1661 1900 1757 1954 καὶ
1787 1900 1838 1952 οἱ

247 1985 455 2040 τούτου
487 1988 728 2058 κήρυκες
756 1989 931 2040 πᾶσαν
959 1986 1310 2058 κατέπλησαν
1348 1989 1446 2061 τὴν
1485 1988 1835 2060 οἰκουμένην

248 2079 278 2132 ὃ
302 2079 408 2134 καὶ
442 2079 698 2151 δηλοῦται
724 2078 812 2132 διὰ
833 2080 925 2133 τοῦ
951 2079 1234 2148 λέγεσθαι·
1265 2099 1284 2132 ι
1310 2083 1404 2146 Ei;
1432 2081 1531 2153 τὴν
1564 2080 1840 2136 Θάλασσαν

246 2169 349 2240 τὴν
392 2167 646 2241 πρώτην,
678 2171 770 2224 καί
800 2173 880 2234 είς
902 2173 1000 2244 τὴν
1022 2172 1292 2230 θάλασσαν
1335 2173 1432 2246 τὴν
1457 2175 1691 2246 ἐσχάτην
1717 2193 1737 2227 ι
1778 2175 1859 2228 τδρ

251 2257 366 2322 ζῶν
438 2259 584 2331 ὕδωρ
624 2260 1017 2327 ἐξελεύσεσθαι.
1075 2265 1152 2316 Δι’
1186 2257 1260 2317 ὧν
1296 2263 1364 2318 τὰ
1403 2262 1838 2336 τῆς“συμπάσης

245 2351 358 2421 τῆς
416 2353 633 2424 πέρατα
683 2353 958 2423 δηλοῦται.
1011 2355 1082 2410 τά
1127 2373 1189 2408 τε
1235 2357 1370 2427 πρὸς
1418 2357 1496 2427 τῷ
1539 2356 1840 2428 άνατολικῷ

253 2441 515 2512 Ὠκεανῷ
545 2441 736 2513 πρώτη
787 2443 1022 2498 Θάλαττα
1053 2444 1444 2516 ὀνομαζόμενα,
1477 2447 1572 2499 καὶ
1603 2447 1670 2500 τὰ
1701 2447 1840 2500 κατὰ

241 2532 466 2587 δύοντα
495 2534 646 2604 ἥλιον
685 2534 772 2587 διὰ
804 2536 903 2605 τῆς
931 2535 1199 2608 Θαλάττης
1229 2537 1330 2607 τῆς
1373 2538 1607 2607 ἐσχάτης
1641 2556 1839 2610 σημαι-

241 2623 484 2696 νόμενα,
521 2621 556 2676 ἃ
579 2624 671 2676 καὶ
703 2623 1028 2695 πεπλήρωκε
1057 2625 1116 2677 τὸ
1137 2625 1242 2689 ζῶν
1277 2625 1419 2697 ὕδωρ
1449 2628 1547 2696 τῆς
1575 2627 1836 2700 σωτηρίου

245 2715 354 2765 καὶ
387 2712 747 2784 εὐαγγελικῆς
795 2714 1160 2778 διδασκαλίας,
1198 2717 1325 2786 περὶ
1370 2710 1431 2770 οὗ
1475 2718 1636 2770 πάλιν
1676 2721 1838 2772 ὲπαί-

243 2805 402 2865 δευε,
433 2803 636 2872 λέγων’
680 2825 697 2857 ι
717 2809 809 2868 Ὃς
839 2807 904 2860 ἂν
942 2806 1038 2878 πίῃ
1081 2808 1173 2860 τοῦ
1212 2808 1420 2874 ὓδατος,
1453 2802 1512 2862 οὗ
1546 2810 1654 2878 ἐγὼ
1685 2810 1838 2864 δώσω

242 2895 432 2964 αὐτῷ,
487 2897 546 2949 οὐ
587 2897 662 2968 μὴ
707 2898 920 2968 διψήσει
946 2900 1025 2962 εἰς
1068 2899 1158 2952 τὸν
1199 2899 1392 2954 αἰῶνα.
1428 2921 1445 2952 ι
1505 2903 1612 2954 Καὶ
1655 2903 1832 2955 πάλιν·

250 2999 267 3030 ι
294 2982 572 3051 Ποταμοὶ,
616 2987 799 3054 φησιν,
842 2989 905 3038 ὲκ
961 2987 1059 3057 τῆς
1117 2987 1324 3051 κοιλίας
1364 2990 1528 3042 αὑτοῦ
1560 2990 1838 3061 ῥεύσουσιν

245 3071 457 3136 ὕδατος
508 3073 738 3138 ζῶντος,
800 3077 1093 3147 ἁλλομένου
1173 3081 1253 3142 είς
1303 3080 1447 3152 ζωὴν
1509 3081 1722 3134 αἰώνιον
1754 3122 1766 3135 .
1812 3103 1830 3134 ι

1944 1890 2104 1946 nistri
2136 1891 2202 1944 ad
2234 1906 2456 1961 prunas,
2493 1891 2618 1960 quia
2657 1889 2826 1960 frigus
2857 1899 3003 1953 erat,
3030 1897 3083 1944 et
3114 1888 3503 1944 calefaciebant

1941 1997 2001 2038 se
2030 1982 2069 2038 ‘.
2109 2000 2129 2035 ›
2161 2012 2230 2026 -η
2260 1981 2561 2052 «Cognitus
2613 1988 2812 2045 autem,
2855 1980 3050 2050 inquit,
3088 1986 3172 2035 est
3244 1980 3332 2034 hic
3385 1979 3501 2036 die;

1939 2073 2190 2139 Domino,
2221 2082 2276 2130 et
2301 2090 2412 2128 non
2447 2074 2553 2129 erit
2581 2073 2721 2137 dies,
2754 2089 2932 2144 neque
2959 2072 3063 2128 erit
3088 2087 3218 2136 nox,
3249 2087 3356 2126 non
3378 2073 3500 2142 qui-

1939 2164 2060 2222 dem
2107 2166 2225 2220 dies
2269 2183 2282 2219 :
2332 2183 2352 2217 ι
2407 2170 2692 2234 prepterea
2751 2161 2916 2234 quod.
2952 2162 3158 2216 dictum
3212 2170 3295 2216 est
3353 2167 3499 2222 ante,

1945 2279 1964 2312 ι
1995 2259 2114 2314 Non
2149 2259 2251 2314 erit
2293 2257 2404 2320 lux,
2448 2275 2466 2308 ι
2495 2255 2638 2325 quod
2669 2269 2800 2308 sane
2825 2253 2986 2308 etiam
3036 2250 3354 2320 completum
3396 2259 3502 2315 est,

1940 2349 2157 2422 quando
2183 2363 2212 2402 a
2247 2353 2399 2403 sexta
2429 2345 2564 2398 hora
2595 2343 2828 2400 tenebrae
2850 2342 3006 2396 facta:
3035 2348 3161 2395 sunt
3183 2355 3345 2410 super
3375 2340 3501 2394 uni-

1939 2455 2149 2496 versam
2185 2447 2407 2502 terram,
2453 2450 2625 2504 usque
2663 2435 2728 2488 ad
2773 2433 2962 2488 horam
2998 2447 3197 2486 nonam
3230 2450 3241 2483 :
3273 2448 3290 2480 ι
3317 2428 3501 2498 Neque

1940 2533 2067 2587 item
2129 2546 2278 2586 nox:
2331 2548 2349 2580 ι
2406 2534 2688 2598 propterea
2727 2526 2869 2596 quod
2926 2524 3167 2578 additum
3222 2531 3326 2587 est,
3365 2542 3382 2572 ι
3417 2521 3496 2574 Ad

1939 2639 2222 2695 vesperam
2256 2624 2360 2676 erit
2383 2621 2494 2685 lux,
2547 2640 2565 2672 ι
2604 2618 2747 2690 quod
2777 2621 2938 2673 etiam
2968 2617 3144 2687 ipsum
3179 2616 3384 2669 exitum
3417 2615 3503 2668 in-

1937 2717 2107 2781 venit,
2131 2714 2349 2786 quando
2387 2720 2510 2783 post
2544 2726 2742 2765 nonam
2794 2710 3004 2772 horam,
3034 2723 3225 2763 rursus
3265 2720 3503 2759 consue-

1939 2812 2052 2858 tum
2087 2803 2268 2856 lumen
2300 2801 2503 2871 recepit
2536 2799 2672 2854 dies.
2717 2797 2981 2852 Przeterea
3018 2796 3337 2852 sententiam
3367 2795 3504 2864 Quo~

1939 2910 2044 2965 que
2112 2893 2156 2948 si
2231 2892 2541 2962 sequimur,
2602 2891 2714 2945 haec
2783 2891 3048 2960 completa
3091 2895 3252 2944 erunt
3293 2888 3345 2940 in
3378 2888 3500 2945 uui-

1937 3003 2097 3043 verso
2117 2987 2334 3056 quidem
2367 3001 2531 3055 super
2549 2983 2773 3038 Iudaica
2804 2993 2978 3052 gente,
2997 2991 3281 3052 postquam
3308 2981 3496 3035 adver-

1943 3095 2038 3135 sus
2071 3078 2348 3133 Christum
2375 3075 2506 3131 illud
2534 3077 2768 3129 immane
2797 3074 3010 3128 facinus
3042 3087 3172 3127 ausa
3201 3079 3304 3137 est,
3337 3083 3390 3125 et
3418 3079 3499 3125 te-

248 3164 376 3215 Καὶ
433 3159 614 3227 αὖθις·
679 3185 696 3216 ι
731 3167 795 3220 El
834 3184 916 3230 τις
962 3167 1108 3238 διψᾷ,
1157 3169 1396 3240 ἐρχέσθω
1443 3171 1579 3242 πρὸς
1614 3173 1702 3242 μὲ,
1749 3175 1836 3226 καὶ

1943 3170 2144 3235 nebrze,
2177 3177 2231 3223 et
2259 3169 2482 3240 glacies,
2510 3176 2563 3222 ct
2586 3165 2758 3237 frigus
2792 3165 2934 3220 facta
2968 3172 3114 3224 sunt,
3147 3164 3345 3233 quippe
3378 3177 3500 3216 cum

246 3253 484 3305 πινέτω.
502 3273 520 3305 ›
545 3255 699 3308 Μετὰ
731 3255 859 3324 γοῦν
888 3258 1232 3328 ἀνομϐρῆσαν
1265 3261 1327 3312 ἐκ
1353 3261 1452 3330 τῆς
1490 3263 1839 3335 Ἰερουσαλὴμ

246 3346 348 3397 ἐπὶ
398 3345 508 3397 πᾶν
563 3345 717 3414 γένος
777 3345 1077 3417 ἀνθρώπων
1161 3351 1425 3420 σωτήριον
1476 3353 1570 3404 καὶ
1629 3351 1838 3420 λογικὸν

257 3437 440 3504 νᾶμα,
483 3435 617 3507 ὅπερ
652 3435 979 3507 σαφέστερον
1010 3439 1066 3489 ὲν
1092 3438 1262 3508 ἑτέρῳ
1309 3439 1558 3509 δηλοῦται
1600 3441 1690 3494 διὰ
1721 3443 1834 3494 τοῦ⁸

260 3547 280 3579 σ
301 3527 412 3578 Ἐκ
437 3525 548 3597 γὰρ
574 3526 710 3579 Σιὼν
742 3525 1079 3590 ἐξελεύσεται
1112 3529 1293 3599 νόμος,
1329 3531 1421 3584 καὶ
1447 3533 1616 3600 Λόγος
1637 3532 1837 3603 Κυρίου

250 3617 312 3683 ἐξ
355 3617 734 3689 Ἰερουσαλὴμ,
771 3620 864 3671 καὶ
897 3621 1070 3688 κρινεῖ
1115 3621 1216 3673 ἀνὰ
1248 3621 1408 3690 μέσον
1435 3623 1542 3674 τῶν
1576 3623 1768 3676 ὲθνῶνο
1815 3643 1833 3674 ι

256 3709 533 3772 ιἚσται,
575 3711 741 3780 φησι,
782 3710 985 3782 Κύριος
1049 3713 1127 3775 εἰς
1185 3712 1424 3782 βασιλέα.
1458 3734 1476 3766 ι
1521 3716 1634 3768 Οὐκ
1689 3715 1839 3770 ἔσται

248 3801 310 3854 δὲ
361 3802 424 3852 ὲν
479 3799 860 3872 Ἰερουσαλὴμ,
916 3803 1036 3856 οὐδὲ
1089 3805 1182 3856 ἐπὶ
1233 3804 1294 3857 τὸ
1347 3806 1614 3860 Ἰουδαίων
1666 3807 1835 3874 ἔθνος,

251 3890 400 3944 ἀλλὰ
424 3909 443 3942 ι
476 3893 569 3944 ἐπὶ
588 3894 766 3946 πᾶσαν
787 3894 882 3964 τὴν
918 3895 1021 3964 γῆν
1065 3897 1121 3948 ὲν
1153 3899 1221 3966 τῇ
1257 3897 1438 3967 ἡμέρᾳ
1481 3898 1682 3968 ἐκείνῃ.
1731 3901 1840 3952 Καὶ

253 3982 415 4035 ἐσται
445 3981 651 4052 Κύριος
698 3978 800 4047 εἷς,
850 3985 943 4037 καὶ
987 3985 1047 4037 τὸ
1089 3985 1256 4055 ὄνομα
1288 3986 1452 4039 αὑτοῦ
1493 3988 1570 4050 ἓν,
1611 3989 1838 4043 κυτιελοῦν

253 4075 443 4126 πᾶσαν
473 4073 574 4143 τὴν
609 4073 732 4143 γῆν.
772 4095 790 4125 ι
831 4076 896 4127 ’Ἀ
931 4077 1026 4129 καὶ
1065 4077 1201 4128 αὐτὰ
1229 4075 1441 4147 συνᾴδει
1469 4079 1579 4140 τοῖς
1603 4078 1708 4130 ἀπὸ
1731 4079 1838 4131 τῶν

265 4162 533 4230 Ψαλμῶν
565 4163 933 4235 παρατεθεῖσι,
961 4166 1025 4218 δι’
1050 4159 1122 4218 ὧν
1155 4165 1392 4234 ἐλέγετοο
1421 4187 1439 4219 ι
1463 4167 1836 4222 Ἐϐασίλευσεν

254 4257 284 4306 ὁ
311 4255 450 4318 Θεὸς
483 4256 578 4308 ἐπὶ
598 4256 663 4309 τὰ
699 4255 825 4327 ἔθνη
853 4275 866 4287 ·
906 4277 924 4309 ι
952 4259 1046 4311 καὶ
1074 4259 1266 4312 πάλιν·
1311 4277 1329 4310 ι
1356 4257 1561 4314 Εἴπατε
1615 4261 1676 4312 ὲν
1724 4263 1835 4325 τοῖς

256 4345 505 4403 ἔθνεσινο
571 4349 627 4401 '0
671 4348 873 4424 Κύριος
930 4351 1263 4406 ἐϐασίλευσε.
1303 4370 1322 4403 ι
1381 4351 1564 4406 Ταῦτα
1605 4353 1662 4405 δὲ
1701 4353 1834 4424 ὁμοῦ

258 4438 452 4492 πάντα
482 4441 540 4493 ὲν
573 4443 692 4503 ταῖς
731 4441 824 4493 τοῦ
854 4441 1057 4512 Κυρίου
1090 4443 1324 4514 ἡμέραις
1369 4443 1582 4500 ἔσεσθαι
1626 4462 1836 4516 προφη-

256 4529 498 4584 τεύεται.
543 4531 628 4586 Ἐν
662 4531 802 4602 ἀρχῇ
827 4530 958 4599 γοῦν
983 4533 1080 4601 τῆς
1105 4533 1230 4602 ὅλης
1264 4535 1614 4605 προφητείας,
1663 4535 1831 4588 «Ἰδοὺ

257 4620 500 4690 ἡμέραι,
555 4621 737 4691 φησιν,
795 4620 1041 4692 ἔρχονται
1089 4621 1196 4674 τοῦ.
1236 4622 1461 4692 Κυρίου,
1517 4623 1608 4676 καὶ
1672 4622 1826 4677 ἔσται

259 4711 405 4766 τάδε,
434 4731 454 4764 ι
505 4711 639 4764 Τίνα
683 4712 746 4783 δὴ
793 4713 964 4766 ταῦτα
997 4713 1112 4779 ἀλλ’
1146 4713 1178 4782 ἢ
1212 4716 1244 4785 ἡ
1275 4713 1558 4786 πολιορκία
1589 4714 1689 4784 τῆς
1737 4715 1834 4767 Ἰε-

263 4801 564 4872 ρουσαλὴμ,
599 4803 692 4854 καὶ
722 4804 754 4873 ή
785 4801 876 4855 τοῦ
904 4802 1118 4871 Κυρίου,
1149 4802 1478 4872 μετάστασις
1507 4805 1603 4857 ἐπὶ
1629 4805 1691 4857 τὸ
1726 4804 1834 4858 τῶν

269 4893 502 4946 Ἐλαιῶν
541 4891 685 4963 ὅρος,
731 4893 824 4945 καὶ
866 4892 946 4956 τὸ,
989 4893 1293 4964 «Παρέσται
1321 4894 1542 4965 Κύριος,
1569 4913 1588 4945 ι
1640 4894 1732 4946 καὶ
1765 4894 1833 4947 τὰ

263 4979 650 5050 συμϐεϐηκότα
685 4983 813 5054 περὶ
861 4984 959 5054 τὴν
995 4985 1208 5055 ἡμέραν
1245 4985 1338 5041 τοῦ
1385 4984 1590 5048 πάθους
1634 4985 1831 5049 αὐτούς

261 5071 351 5126 καὶ
391 5071 453 5123 τὸ
486 5071 596 5134 ζῶν
628 5071 792 5143 ὕδωρ,
834 5074 894 5126 τὸ
933 5075 1024 5127 ἐπὶ
1060 5077 1239 5148 πᾶσαν
1273 5075 1472 5147 ρεὖσαν
1520 5075 1616 5146 τὴν
1655 5078 1832 5153 οἱκουτ

265 5162 432 5236 μένην
456 5179 470 5227 ;
513 5163 605 5215 καὶ
637 5165 728 5217 ἐπὶ
757 5167 888 5218 πᾶσι
915 5165 1124 5230 τούτοις
1150 5170 1183 5238 ή
1207 5167 1450 5237 βασιλεία
1481 5167 1696 5220 πάντων
1727 5167 1833 5220 τῶν

265 5251 427 5304 ἐθνῶν
481 5253 743 5325 ἄρχουσα,
801 5257 896 5311 καὶ
935 5259 997 5311 τὸ
1044 5259 1212 5329 ὄνομα
1259 5259 1420 5313 αὐτοῦ
1473 5260 1551 5327 ἓν,
1594 5259 1832 5332 πληροῦν

266 5341 440 5394 πᾶσαν
483 5344 580 5415 τὴν
608 5345 742 5415 γῆν;
778 5348 918 5418 άπερ
961 5349 1146 5404 ὁποίου
1190 5351 1375 5414 τέλους
1417 5350 1624 5422 ἔτυχεν,
1658 5351 1732 5415 ὼς
1775 5353 1833 5404 ὲν

266 5429 493 5505 ἐπιτομῇ
522 5433 892 5507 διειλήφαμεν.
914 5440 1204 5511 ’Πρόδηλον
1237 5441 1294 5493 δὲ
1331 5443 1426 5496 καὶ
1460 5443 1574 5505 πῶς
1605 5442 1710 5495 ἀπὸ
1736 5443 1834 5512 τῆς

267 5519 356 5576 τοῦ
382 5524 620 5596 Χριστοῦ
667 5528 760 5582 τοῦ
793 5529 936 5584 Θεοῦ.
973 5533 1360 5604 προσηγορίας,
1404 5534 1463 5587 τὸ
1496 5533 1833 5606 Χριστιανῶν

1940 3263 2154 3316 illorum
2183 3276 2336 3314 mens
2359 3259 2710 3313 oblenebrata
2747 3257 2838 3320 sit,
2873 3256 3008 3310 adeo
3036 3264 3098 3308 ut
3126 3254 3393 3323 Evangelii
3420 3255 3502 3308 lu-

1939 3363 2063 3402 men
2093 3347 2275 3401 radios
2325 3347 2379 3400 in
2413 3345 2576 3399 corda
2629 3345 2844 3399 illorum
2893 3346 3181 3400 immittere
3213 3344 3502 3413 nequierit,

1939 3448 1992 3494 et
2025 3439 2264 3493 charitas
2296 3453 2424 3508 erga
2461 3437 2627 3490 Deum
2683 3437 2754 3491 sit
2791 3435 3126 3506 refrigerata.
3182 3435 3504 3489 Eeontrario

1940 3540 2120 3586 autem
2165 3531 2233 3585 ad
2275 3544 2558 3600 vesperam
2593 3529 2774 3583 lumen
2805 3527 3132 3598 cognitionis
3173 3526 3378 3582 Christi
3413 3541 3502 3580 οι·-

1941 3632 2052 3677 tum
2089 3632 2192 3686 est,
2228 3623 2362 3678 adeo
2390 3622 2504 3676 utii
2536 3623 2627 3691 qui
2671 3623 2796 3678 olim
2834 3620 2888 3673 in
2930 3619 3169 3673 tenebris
3210 3627 3263 3674 et
3312 3619 3504 3672 umbra

1940 3713 2129 3767 mortis
2161 3713 2443 3777 sedebant,
2471 3710 2938 3771 lunien,vider-int,
2967 3709 3110 3762 sicut
3140 3708 3280 3777 apud
3309 3709 3502 3764 Isaiam

1939 3798 2258 3869 prophetam
2316 3799 2576 3868 scriptum
2625 3805 2710 3854 est
2746 3818 2759 3851 :
2797 3816 2814 3848 ι
2863 3797 2920 3850 In
2949 3798 3065 3867 ipso
3093 3797 3255 3868 igitur
3283 3797 3500 3852 Domini

1939 3889 2312 3956 hujuscemodi
2375 3890 2480 3950 die,
2514 3889 2841 3960 egredietur,
2883 3890 3087 3960 inquit,
3134 3905 3270 3959 aqua
3316 3893 3504 3945 vivens

1940 3979 2006 4033 d‘e
2035 3978 2356 4036 Jerusalem.
2399 3978 2577 4052 illaec
2609 3987 2786 4034 autem
2819 3989 2900 4035 est
2937 3981 3217 4035 rationalis
3247 3987 3299 4035 et
3325 3982 3389 4033 ad
3426 3981 3504 4032 bi—

1938 4072 2173 4127 bendum
2209 4073 2422 4138 suavis,
2452 4082 2505 4127 et
2535 4073 2698 4127 vitam
2745 4071 3129 4143 suppeditans,
3162 4081 3216 4127 et
3249 4075 3504 4128 salutaris

1938 4162 2140 4218 Christi
2168 4164 2430 4221 doctrina:
2473 4165 2641 4234 potio,
2683 4164 2750 4220 de
2779 4180 2886 4234 qua
2940 4167 3054 4234 ipse
3107 4166 3162 4219 in
3215 4164 3503 4234 Evangelia

1939 4255 2085 4325 quod
2149 4253 2390 4319 Joannes
2435 4257 2678 4327 scripsit,
2733 4255 3130 4311 Samaritanam
3183 4259 3329 4314 illam
3383 4274 3505 4312 mu-

1939 4345 2123 4400 lierem
2177 4346 2456 4400 instruens
2499 4346 2842 4416 loquebatur,
2879 4345 3068 4401 dicens
3104 4365 3129 4404 :_
3157 4363 3174 4396 ι
3219 4346 3276 4400 Si
3333 4347 3503 4401 scires

1939 4437 2064 4507 quis
2089 4436 2309 4506 estqui,
2335 4436 2470 4490 dicit
2502 4436 2641 4490 tibi:
2683 4435 2756 4491 Da
2788 4435 2919 4492 mihi
2952 4435 3160 4500 bibere,
3185 4443 3242 4489 tu
3273 4436 3502 4506 petisses

1938 4531 2008 4585 ab
2039 4537 2205 4597 eo,.et
2241 4529 2604 4586 dedissettibi
2641 4543 2835 4598 aquam
2857 4529 3032 4582 vivam
3052 4530 3094 4581 ⁷.
3131 4547 3148 4580 ι
3184 4527 3302 4598 ipsa
3339 4528 3506 4597 igitur

1937 4624 2053 4678 haec
2093 4623 2351 4678 salutaris
2403 4623 2550 4693 potio
2591 4621 2659 4676 de
2707 4619 3020 4674 Jerusalem.
3039 4619 3296 4690 proﬂuxit
3329 4639 3342 4674 :
3379 4619 3504 4676 inde

1937 4714 2086 4770 illius
2117 4713 2421 4784 profectum
2449 4720 2534 4769 est
2569 4711 2939 4782 Evangelium,
2959 4721 3014 4766 et
3055 4713 3200 4767 illius
3241 4713 3414 4766 nuntii
3448 4723 3502 4767 et

1937 4819 2213 4875 praecones
2244 4811 2418 4858 totum
2447 4811 2715 4858 terrarum
2739 4803 2926 4857 orbem
2949 4803 3329 4872 impleverunt,
3360 4805 3502 4872 quod

1937 4897 2157 4967 quidem
2197 4895 2506 4951 declaratur
2528 4910 2626 4964 per
2665 4895 2718 4949 id
2758 4893 2903 4964 quod
2950 4893 3172 4959 dicitur,
3213 4914 3230 4946 ι
3268 4896 3328 4949 ln
3357 4910 3508 4949 mare

1940 4987 2197 5056 primum,
2225 4995 2277 5041 et
2298 4987 2351 5041 in
2370 5001 2519 5041 mare
2541 4986 2810 5049 ultimum,
2846 5005 2864 5037 ι
2883 4985 3151 5040 viventem
3173 5000 3366 5055 aquam
3393 4987 3507 5040 exis

1939 5087 2142 5142 turam,
2177 5077 2377 5146 quibus
2416 5076 2597 5130 verbis
2628 5075 2898 5130 universa:
2935 5082 3094 5129 terra:
3131 5073 3507 5143 finesisigniti-

1941 5178 2155 5232 cantur,
2189 5176 2242 5223 et
2293 5169 2330 5222 ii
2388 5167 2638 5224 videlicet
2684 5168 2774 5242 qui
2823 5167 2888 5226 ad
2941 5165 3213 5221 Oceanum
3280 5166 3509 5220 orientis

1941 5266 2210 5328 spectant,
2248 5246 2342 5328 qui
2376 5257 2611 5326 primum
2637 5271 2787 5311 mare
2824 5255 3195 5316 nominantur,
3229 5262 3281 5308 et
3311 5254 3406 5323 qui
3441 5254 3508 5308 ad

1940 5351 2279 5405 occidentem
2313 5349 2631 5420 solem,.qui
2671 5365 2766 5419 per
2802 5349 3050 5402 ultimum
3098 5362 3246 5402 mare
3299 5345 3510 5416 signiﬁ-

1940 5451 2157 5505 cantur,
2191 5457 2339 5511 quos
2359 5443 2544 5510 utique
2578 5441 2734 5505 flues,
2767 5441 3024 5497 salutaris
3070 5439 3510 5509 evangelicaeque

1943 5533 2204 5588 doctrina:
2235 5547 2373 5602 aqua
2420 5533 2603 5589 vivens
2642 5533 2906 5602 implevit,
2944 5532 3008 5587 de
3039 5547 3142 5601 qua
3187 5545 3378 5587 rursus
3411 5531 3510 5584 da-

334 5681 378 5713 ⁴⁶
406 5681 536 5753 Cap.
560 5700 699 5753 uti,
737 5683 924 5742 54-55.
1002 5685 1172 5758 ‘Cap.
1201 5703 1310 5754 xiv,
1354 5686 1444 5745 66.
1523 5689 1540 5719 ‘
1573 5687 1727 5742 Joan.
1760 5703 1914 5756 xviii,
1947 5688 2026 5742 l8.
2104 5689 2122 5718 ⁷
2155 5685 2308 5740 J‘oan.
2336 5703 2406 5743 iv.
2437 5689 2517 5739 lO.
