3902 6264
299 278 419 337 ἇΰθ

1233 265 1894 334 DEMONSTRATIONIS
1930 272 2395 335 ΕνΑΝοΕιιοΑς
2433 276 2571 333 ΒΙΒ..
2605 274 2692 333 Ἣ.

3465 269 3584 345 47o

304 397 660 472 ήγηθήσεται
707 396 768 453 ιν
802 394 1007 461 αὐτοῖς,
1042 393 1133 450 καὶ
1176 394 1577 471 ὲπαρθήσονται
1615 396 1880 466 Αἰγύπτιο

2003 396 2395 452 excitabuntur
2439 395 2681 470 Egyptii
2718 404 2909 453 contra
2940 395 3248 471 Egyptios,
3276 404 3330 457 et
3367 352 3569 453 bellum

302 493 405 549 tul.
451 491 809 562 Αἰγυπτίους,
852 488 950 544 καὶ
982 488 1277 561 πολεμήσει
1306 488 1593 561 ἄνθρωπος
1626 491 1715 544 τὸν
1743 490 1896 545 ἀδελ-

303 585 412 655 φὸν
443 584 637 653 αὐτοῦ,
667 584 761 639 καὶ
797 582 1091 655 ἄνθρωπος
1121 579 1214 636 τὸν
1254 580 1479 654 πλησίον
1514 580 1699 638 αὐτοῦ.
1736 582 1899 649 Πόλις

303 678 405 731 ἐπὶ
429 676 613 743 πόλιν,
646 676 742 731 καὶ
767 675 930 748 νόμος
951 674 1048 727 ἐπὶ
1070 672 1233 746 νόμον
1248 690 1261 704 ⁸
1294 674 1388 728 καὶ
1407 673 1811 747 ταραχθήσεται
1836 674 1899 728 τὸ

302 767 540 840 πνεῦμα
583 768 694 823 τῶν
735 765 1048 837 Αἰγυπτίων
1091 766 1150 819 ἓν
1186 764 1388 829 αὐτοῖς.
1423 764 1534 818 Καὶ
1574 763 1672 837 τὴν
1704 763 1897 837 βουλὴν

301 859 496 915 αὐτῶν
545 860 902 916 διασκεδάσω.
948 858 1061 912 Καὶ
1106 857 1515 929 ὲπερωτήσουσι
1560 857 1686 921 τοὺς
1740 856 1897 921 θεοὺς

300 948 519 1014 αὐτῶν,
551 950 647 1010 καὶ
670 948 741 1005 τὰ
771 948 1063 1020 ἀγάλματα
1090 945 1290 1013 αὐτῶν,
1316 946 1412 1001 καὶ
1436 948 1562 1011 τοὺς
1585 949 1648 1000 ὲκ
1670 947 1770 1019 τῆς
1792 948 1895 1020 γῆς

302 1041 651 1112 φωνοῦντας,
679 1041 923 1105 καὶτοὺς
947 1038 1439 1111 ὲγγαστριμύθους,
1462 1042 1558 1095 καὶ
1590 1042 1895 1115 παραδώσω

301 1134 594 1204 Αιγυπτον
640 1136 720 1199 εἰς
768 1136 959 1206 χεῖρας
1002 1133 1306 1206 ἀνθρώπων
1362 1135 1589 1207 κυρίων,
1620 1134 1892 1207 σκληρῶν,

299 1224 403 1280 καὶ
437 1225 683 1296 βασιλεῖς
723 1224 949 1297 σκληροὶ
981 1225 1358 1298 κυριεύσουσιν
1387 1225 1588 1291 αὐτῶν,
1623 1246 1642 1279 ι
1691 1229 1785 1282 καὶ
1825 1229 1894 1282 τὰ

298 1316 528 1382 τούτοις
578 1317 726 1390 ἑξῆς.
760 1319 871 1373 Καὶ
912 1318 1009 1373 νῦν
1056 1319 1149 1373 τὸν
1186 1319 1438 1391 δεύτερον
1480 1319 1619 1391 μετά
1648 1320 1739 1375 τὸν
1784 1320 1894 1374 τῶν

298 1405 450 1461 ὅλων
475 1407 612 1461 Θεὸν
640 1408 734 1462 καὶ
762 1408 986 1481 Κύριον,
1005 1410 1168 1465 αὐτὸν
1194 1411 1259 1483 δὴ
1278 1411 1373 1465 τοῦ
1395 1410 1531 1466 Θεοῦ
1552 1413 1721 1481 Λόγον
1742 1412 1892 1484 ἥξειν

299 1497 386 1561 εἰς
439 1498 738 1566 Αἴγυπτον,
773 1501 806 1571 η
850 1500 1100 1573 παροῦσα
1129 1503 1439 1575 προφητεία
1478 1503 1754 1575 σημαίνει,
1794 1505 1895 1559 καὶ

297 1587 461 1657 ἥξειν
486 1590 590 1645 οὐκ
615 1591 858 1660 ἀφανῶς,
885 1594 993 1648 οὐδ’
1018 1593 1285 1667 ἀοράτως,
1315 1595 1422 1649 οὐδ’
1454 1596 1582 1651 ἄνευ
1618 1597 1762 1660 τινὸς
1788 1614 1895 1650 σω-

304 1684 555 1755 ματικῆς
595 1685 905 1757 περιϐολῆς,
954 1686 1069 1740 ἀλλῗ
1098 1687 1191 1741 ἐπὶ
1229 1686 1459 1759 νεφέλης
1497 1686 1703 1760 κούφης
1737 1688 1894 1759 ὀχού-

1998 494 2148 560 geret
2187 487 2353 543 homo
2396 496 2586 544 contra
2617 487 2841 544 fratrem
2873 476 3056 555 suum,
3090 497 3143 546 et
3182 490 3348 547 homo
3378 497 3570 546 contra

1998 581 2306 654 proximum
2340 596 2521 638 suum.
2551 580 2758 638 Civitas
2788 581 3054 640 adversus
3082 582 3383 648 civitatem,
3406 588 3460 638 et
3482 582 3569 640 lex

1996 671 2262 729 adversus
2293 672 2487 743 legem,
2513 678 2567 727 et
2591 672 3013 730 conturbabitur
3035 674 3261 746 spiritus
3280 671 3569 748 Egyptio-

1996 780 2120 819 rum
2147 764 2201 819 in
2232 764 2334 829 eis,
2365 771 2419 820 et
2443 763 2731 819 consilium
2759 779 2951 821 eorum
2979 766 3282 838 dissipabo,
3315 776 3370 823 et
3400 764 3581 824 inter;

1998 855 2271 926 rogabunt
2312 854 2446 911 deos
2471 870 2623 921 suos,
2665 860 2722 910 et
2754 856 3046 913 simulacra
3101 874 3221 926 sua,
3262 868 3317 915 et
3345 874 3440 915 eos
3470 859 3566 930 qui

1995 946 2064 1002 de
2096 956 2242 1003 terra
2278 962 2467 1003 vocem
2514 948 2793 1013 emittunt,
2827 958 2884 1005 et
2934 951 3223 1022 pythones,
3252 958 3307 1007 et
3352 944 3581 1006 tradam'

1998 1038 2292 1112 Egyptum
2320 1039 2374 1094 in
2396 1053 2598 1095 manus
2621 1040 2901 1097 hominum
2934 1042 3305 1111 dominorum,
3343 1024 3579 1113 aspero:

1994 1138 2208 1195 rum,et
2230 1146 2389 1204 reges
2413 1135 2591 1205 asperi
2608 1132 3032 1191 dominabuntur
3045 1134 3127 1190 eis
3150 1134 3223 1201 7",
3250 1154 3272 1189 ι
3310 1134 3477 1208 296
3511 1142 3568 1191 et

1994 1238 2117 1294 qua;
2165 1231 2492 1296 sequuntur.
2543 1225 2723 1281 Etiam
2770 1242 2918 1281 nunc
2965 1224 3134 1282 Deum
3164 1233 3219 1282 et
3250 1213 3578 1294 Dominum,1

1995 1318 2174 1388 ipsum
2206 1318 2394 1390 utique
2440 1317 2538 1375 Dei
2582 1317 2845 1383 Verbum,
2900 1318 3105 1373 iturum
3159 1318 3218 1373 in
3266 1310 3575 1390 Egyptum‘

1992 1424 2238 1483 praesens
2268 1410 2551 1482 prephetia
2575 1408 2869 1481 signiﬁcat,
2898 1418 2952 1465 et
2973 1410 3176 1466 iturum
3202 1426 3311 1465 non
3333 1410 3568 1467 obscure

1993 1517 2173 1573 neque
2201 1502 2575 1569 invisibiliter,
2612 1518 2789 1574 neque
2822 1504 2940 1559 sine
2969 1502 3239 1574 corporali
3271 1502 3453 1573 aliquo
3481 1502 3568 1558 in-

1991 1592 2274 1658 dumento,
2308 1595 2405 1650 sed
2452 1594 2558 1650 levi
2598 1594 2744 1650 nube
2794 1603 3029 1664 vectum,
3064 1612 3127 1650 ac
3178 1598 3362 1667 potius
3402 1611 3567 1666 super

1994 1688 2360 1744 crassitudine
2382 1686 2506 1743 levi.
2541 1685 2632 1743 Sic
2654 1688 2809 1743 enim.
2829 1688 3031 1744 habere
3058 1690 3211 1743 aiunt
3238 1687 3565 1746 Hebraicam

305 1791 496 1846 μενον,
546 1777 744 1848 μᾶλλον
789 1778 846 1832 δὲ
894 1781 988 1833 επὶ
1034 1778 1241 1849 πάχους
1291 1778 1549 1852 ἐλαφροῦ.
1584 1779 1745 1835 Οὕτω
1783 1779 1884 1854 γὰρ

1993 1795 2203 1837 vocem.
2232 1779 2426 1835 Dicant
2452 1796 2580 1851 ergo
2614 1779 2823 1836 Hebraei
2846 1781 3065 1851 quando
3090 1790 3214 1853 post
3242 1781 3396 1839 Isaia:
3427 1790 3567 1839 tem-

302 1865 456 1937 ἔχειν
505 1868 644 1937 φασί
693 1868 792 1940 τὴν
831 1870 1098 1942 Ἑϐραίων
1144 1873 1348 1945 φωνήν.
1399 1872 1718 1942 Λεγείτωσαν
1756 1873 1893 1945 δῆτα

315 1957 594 2030 Ἑϐραίων
626 1958 835 2026 παῖδες,
873 1960 1002 2016 πότε
1032 1963 1171 2035 μετά
1193 1965 1320 2028 τοὺς
1362 1964 1581 2019 Ἡσαΐου
1611 1966 1837 2039 χρόνους
1861 1967 1891 2022 6

300 2050 514 2124 Κύριος
552 2052 871 2122 Αἰγυπτίοις
909 2055 1297 2130 ἐπιδεδήμηκε,
1332 2058 1426 2112 καὶ
1458 2062 1608 2125 ποῖος
1644 2059 1847 2133 Κύριος
1870 2077 1889 2091 ·

301 2138 384 2208 εἷς
415 2141 531 2215 γὰρ
556 2145 586 2199 6
609 2145 703 2199 hri.
736 2146 954 2201 πάντων
979 2146 1139 2213 Θεός·
1163 2150 1256 2204 καὶ
1283 2149 1401 2216 πῶς
1425 2153 1518 2210 ἐπὶ
1540 2153 1745 2224 πάχους
1767 2152 1895 2208 ελα-

300 2232 445 2305 φροῦ
471 2228 632 2299 οὗτος
656 2236 968 2307 ἐποχεῖσθαι
989 2239 1224 2309 λέγεται,
1246 2241 1341 2297 καὶ
1373 2242 1650 2314 τροπικῶς
1675 2244 1893 2300 ἐπιϐαί-

301 2340 418 2380 νειν
450 2325 610 2398 μέρει
645 2329 756 2383 τινί
801 2328 903 2400 τῆς
949 2332 1072 2404 γῆς.
1091 2333 1571 2405 Ἐρμηνευέτωσαν
1602 2336 1659 2391 δὲ
1703 2339 1799 2392 καί
1826 2339 1889 2391 τὸ

299 2415 481 2486 inﬁxo;
535 2415 885 2490 ὲλαφρδν,τί
936 2439 1066 2477 ποτε
1119 2423 1229 2496 ἄρα
1277 2425 1429 2491 ἐστὶ,
1462 2427 1555 2480 καὶ
1594 2425 1683 2480 διὰ
1717 2428 1772 2481 τί
1813 2426 1889 2500 μὴ

299 2505 433 2562 ἄνευ
456 2507 649 2562 τούτου
670 2510 886 2580 λέγεται
911 2515 940 2569 6
967 2513 1172 2587 Κύριος
1198 2516 1486 2587 ἐπιδημεῖν
1506 2520 1573 2589 τῇ
1601 2518 1885 2590 Αἰγύπτῳ

301 2599 436 2653 πότε
472 2598 532 2655 δὲ
558 2601 651 2655 καὶ
676 2604 968 2676 ἱστορεῖται
1009 2606 1080 2660 τὰ
1107 2610 1165 2662 ὲν
1193 2610 1258 2679 τῇ
1291 2610 1595 2680 προφητείᾳ
1619 2612 1888 2684 εἰρημένα

299 2692 491 2757 τέλους
507 2697 888 2767 τετυχηκέναι,
910 2698 972 2752 τὺ
1000 2699 1299 2770 σεισθῆναι,
1325 2701 1488 2769 λέγω,
1514 2701 1583 2756 τὰ
1603 2692 1796 2759 εἴδωλα
1816 2704 1889 2759 τὰ

299 2785 654 2856 χειροποίητα
684 2787 983 2856 Αἰγύπτου,
1015 2790 1108 2843 καί
1130 2789 1197 2843 τὸ
1215 2790 1545 2860 Αἰγυπτίους
1568 2795 1889 2863 Αἰγυπτίοις

302 2874 633 2949 πολεμῆσαι,
665 2877 754 2933 διὰ
776 2879 873 2951 τὴν
894 2879 988 2936 τοῦ
1011 2880 1213 2953 Κυρίου
1233 2884 1313 2947 εἰς
1340 2884 1659 2958 ἀνθρώπους
1680 2903 1889 2959 παρου-

305 2966 459 3021 σίανο
486 2969 585 3023 καὶ
622 2972 750 3035 τοὺς
789 2971 944 3038 θεοὺς
984 2973 1186 3040 αὐτῶν,
1217 2975 1418 3049 δηλαδὴ
1449 2978 1577 3042 τοὺς
1603 2978 1882 3051 δαίμονας,

304 3059 476 3115 πολλά
502 3062 568 3116 τὸ
599 3062 827 3119 παλαιὸν
869 3064 1219 3139 δυναμένους,
1251 3069 1451 3141 μηκέτι
1491 3070 1717 3144 ἰσχύειν,
1748 3073 1883 3145 μηδὲ

304 3154 702 3227 ἀποκρίνασθαι
748 3160 864 3223 τοῖς
911 3160 1252 3232 ἐπερωτῶσι,
1290 3152 1378 3218 διὰ
1423 3163 1486 3218 τὸ
1531 3164 1626 3221 τοῦ
1672 3167 1881 3239 Κυρίου

301 3246 452 3312 δέος·
484 3253 567 3314 εἰς
598 3252 790 3322 χεῖρας
811 3251 869 3309 δὲ
900 3253 1070 3308 ποίων
1098 3255 1301 3324 κυρίων
1326 3256 1598 3328 σκληρῶν,
1631 3258 1800 3316 ποίων
1823 3259 1883 3315 δὲ

304 3335 568 3407 βασιλέων
603 3340 742 3411 μετά
766 3341 868 3413 τὴν
896 3342 1294 3420 θεσπιζομένην
1317 3346 1423 3401 τοῦ.
1440 3347 1646 3421 Κυρίου
1678 3365 1883 3420 παρου·

303 3429 421 3488 σίαν
468 3431 742 3505 παρεδόθη
780 3435 1083 3505 Αἰγυπτος·
1132 3436 1228 3491 καὶ
1251 3436 1342 3493 διὰ
1360 3437 1644 3511 τίῖΚυρίου
1678 3441 1880 3512 παρόν-

299 3538 391 3587 τος
422 3523 683 3597 σκληροῖς
708 3525 949 3598 ἀρχουσι
967 3528 1353 3600 παραδίδονται
1373 3546 1386 3561 ·
1420 3531 1513 3585 καὶ
1538 3529 1606 3585 τὰ
1636 3530 1798 3587 λοιπά
1824 3531 1883 3589 δὲ

300 3615 511 3681 τούτοις
560 3619 958 3691 παραπλησίως
1013 3623 1043 3675 6
1098 3621 1419 3695 βουλόμενος
1468 3626 1878 3697 ἑρμηνευσάτω.

310 3705 505 3778 Ἡμεῖς
534 3707 644 3782 γὰρ
688 3709 789 3764 οὐκ
820 3710 997 3776 ἄλλως
1031 3711 1207 3766 ταῦτά
1243 3732 1421 3787 φαμεν
1468 3718 1879 3792 συνίστασθαιῆ

300 3797 385 3853 διὰ
416 3800 589 3872 μόνης
621 3801 722 3873 τῆς
752 3801 847 3857 τοῦ
882 3804 1131 3879 Σωτῆρος
1158 3808 1190 3877 ἡ
1200 3805 1315 3877 μῶν
1342 3807 1515 3881 Ἰησοῦ
1538 3809 1774 3882 Χριστοῦ
1800 3813 1880 3876 εἰς

300 3891 621 3965 ἀνθρώπους
666 3897 1005 3966 ἐπιφανείας.
1040 3892 1207 3962 Οὗτος
1255 3899 1365 3973 γὰρ
1406 3900 1541 3954 Θεοῦ
1570 3903 1742 3972 Λόγος
1781 3902 1877 3970 ὢν,

298 3987 390 4038 καὶ
414 3986 555 4040 Θεοῦ
583 3986 813 4060 δύναμις
842 3990 986 4044 κατά
1018 3991 1276 4057 διάνοιαν,
1312 3995 1407 4048 καὶ
1432 3994 1569 4067 πρὸς
1592 3995 1736 4060 λέξιν
1766 3998 1882 4052 ἐπι-

297 4078 549 4151 δημήσας
591 4082 659 4152 τῇ
706 4082 1017 4150 Αἰγυπτίων
1059 4083 1211 4157 χώρα
1238 4084 1325 4139 διὰ
1375 4087 1601 4159 νεφέλης
1647 4088 1883 4160 κούφης,

298 4172 538 4246 ἐπλήρου
576 4173 645 4227 τὰ
676 4176 1153 4248 προηγορευμένα.
1185 4178 1434 4250 Νεφέλην
1460 4181 1519 4233 δὲ
1546 4180 1753 4252 κούφην
1779 4182 1877 4235 ἀλ·-

298 4262 888 4337 ληγορικῶςόνομάζει
918 4266 1016 4340 τὴν
1043 4269 1110 4323 δι’
1135 4263 1197 4325 οὗ
1230 4271 1487 4343 ἀνείληφε
1528 4273 1778 4345 σώματος
1812 4275 1887 4329 ὲκ-

300 4356 575 4428 Παρθένου
631 4359 726 4412 καὶ
784 4359 939 4429 ἁγίου
995 4360 1308 4433 Πνεύματος
1353 4363 1646 4436 ἐπιδημίαν
1687 4366 1877 4432 αὑτοῦ,

1993 1888 2127 1943 pora
2161 1871 2427 1929 Dominus
2458 1873 2601 1944 apud
2633 1872 2921 1945 Egyptios
2965 1874 3037 1929 sit
3069 1884 3404 1931 versatuset
3438 1877 3566 1947 quis

1992 1961 2276 2026 Dominus,
2305 1979 2446 2018 unus
2476 1971 2561 2019 est
2579 1964 2723 2019 enim
2746 1979 3048 2035 supremus
3064 1964 3227 2027 Deus,
3253 1976 3307 2021 et
3324 1982 3562 2038 quonam

1990 2060 2151 2123 pacto
2177 2067 2343 2123 super
2373 2053 2740 2109 crassitudine
2771 2053 2873 2108 levi
2907 2054 2997 2109 bic
3044 2054 3294 2111 invectus
3318 2073 3452 2113 esse
3473 2057 3565 2114 di-

1990 2156 2166 2211 catur,
2196 2152 2250 2200 et
2283 2145 2669 2216 particularem
2700 2146 2937 2217 aliquem
2971 2147 3154 2201 locum
3185 2155 3344 2204 terra:
3371 2163 3564 2205 ascen-

1990 2234 2159 2291 disse.
2184 2232 2614 2306 lnterpretentur
2640 2243 2904 2307 praeterea
2923 2237 3347 2294 crassitudinem
3366 2239 3563 2304 levem,

1987 2328 2120 2398 quid
2177 2327 2397 2384 tandem
2449 2344 2514 2398 ea
2579 2330 2707 2393 sit;
2747 2337 2806 2385 et
2868 2332 3222 2401 quamobrem
3288 2347 3398 2386 non
3444 2332 3566 2387 sine

1986 2420 2112 2486 hac,
2143 2420 2360 2477 dicatur
2382 2420 2649 2478 Dominus
2669 2423 2876 2478 versari
2894 2423 2951 2477 in
2978 2422 3236 2494 A‘Zgypm.
3262 2422 3326 2476 Et
3344 2423 3566 2494 quando

1987 2511 2265 2566 memoriae
2310 2509 2590 2582 proditum
2621 2510 2714 2577 sit,
2750 2526 2834 2576 ea,
2873 2526 2998 2582 quas
3041 2511 3101 2566 in
3142 2511 3245 2565 hac
3275 2510 3563 2582 prophetia

1988 2602 2367 2669 continentur,
2399 2604 2572 2659 ﬁnem
2605 2603 2941 2674 contigisse:
2988 2611 3263 2659 commota
3294 2618 3437 2668 esse,
3475 2603 3563 2658 in-

1986 2710 2174 2767 quam,
2201 2696 2498 2752 simulacra
2544 2695 2858 2751 tnanul‘acta
2898 2695 3138 2769 Egypti,
3182 2705 3236 2753 et
3274 2695 3562 2769 Egyptian

1987 2803 2113 2844 cum
2151 2787 2427 2859 Egyptiis
2465 2802 2759 2859 pugnasse.
2800 2797 3023 2858 propter
3072 2786 3291 2842 Domini
3331 2786 3398 2841 ad
3459 2786 3559 2841 ho-

1986 2881 2165 2939 mines
2203 2880 2519 2945 adventum,
2561 2889 2616 2936 et
2645 2881 2777 2938 deos
2814 2881 3057 2948 illorum,
3095 2880 3373 2935 daemones
3412 2876 3562 2933 vide-

1988 2974 2135 3039 licet,
2189 2974 2283 3045 qui
2342 2973 2574 3029 multum
2625 2972 2780 3043 prius
2833 2972 3108 3035 valebant,
3145 2971 3283 3027 nihil
3320 2970 3559 3040 amplius

1987 3080 2171 3136 posse,
2235 3081 2414 3136 neque
2465 3065 2798 3135 respondere
2847 3065 3280 3127 sciscitantibus,
3332 3070 3557 3135 propter

1982 3155 2205 3217 Domini
2236 3156 2515 3223 timorem,
2568 3163 2623 3212 et
2662 3156 2719 3212 in
2771 3172 3007 3228 quorum
3038 3155 3388 3213 dominorum
3439 3171 3558 3210 ma-

1992 3265 2121 3315 nus,
2153 3251 2248 3321 qui
2278 3251 2460 3320 asperi
2489 3250 2822 3314 exstiterint,
2849 3264 3155 3320 quorunrve
3184 3264 3394 3320 regum,
3437 3256 3562 3320 post

1980 3359 2104 3399 eum
2137 3344 2231 3414 qui
2261 3343 2352 3397 hic
2371 3344 2588 3399 canitur
2625 3341 2841 3397 Domini
2886 3342 3205 3407 adventum,
3239 3341 3439 3396 tradita
3484 3341 3561 3397 sit

1978 3435 2267 3509 Egyptus.
2304 3435 2371 3490 Et
2398 3435 2772 3506 quamobrem,
2818 3433 3048 3488 Domino
3084 3443 3373 3504 praesente,
3407 3434 3559 3504 prin-

1980 3528 2197 3600 cipibus
2225 3528 2438 3599 asperis
2467 3526 2785 3582 tradantur:
2809 3533 2877 3581 et.
2898 3526 3107 3595 reliqua
3133 3525 3321 3580 eadem
3346 3529 3559 3579 ratione

1979 3637 2104 3677 cum
2140 3623 2380 3693 iisquae
2425 3622 2569 3677 dicta
2598 3627 2747 3682 sunt,
2804 3620 2897 3689 qui
2946 3619 3093 3684 velit,
3139 3620 3551 3688 interpretetur.

1978 3711 2094 3770 Nos
2131 3714 2279 3769 enim
2303 3728 2412 3767 non
2442 3713 2578 3768 alias
2616 3714 2733 3767 hate
2766 3709 3002 3766 dicimus
3040 3710 3343 3772 exstitisse,
3389 3723 3553 3777 quam

1980 3806 2085 3862 sub
2114 3821 2287 3861 unum
2322 3805 2589 3860 duntaxat
2630 3802 2930 3857 Salvatoris
2958 3801 3131 3856 nostri
3170 3800 3301 3857 Jesu
3347 3800 3555 3857 Christi

1980 3898 2049 3954 ad
2081 3898 2345 3953 homines.
2374 3897 2688 3952 adventum.
2727 3894 2829 3948 llic
2852 3893 2997 3948 enim
3027 3908 3152 3949 cum
3192 3892 3287 3948 Dei
3314 3891 3555 3948 Verbum

1980 3991 2072 4056 sit,
2103 3999 2159 4047 et
2206 3989 2300 4046 Dei
2325 3989 2520 4051 virtus,
2578 3999 2685 4043 tam
2722 3988 2771 4044 si
2812 3987 2879 4041 ad
2930 4001 3154 4041 sensum
3202 4001 3367 4055 quam
3398 3986 3446 4045 si
3483 3974 3577 4042 ad“

1972 4087 2198 4140 verbum
2248 4081 2509 4152 accipias,
2535 4087 2787 4136 versatus
2822 4078 2878 4132 in
2920 4079 3141 4149 regione
3170 4076 3552 4149 Egyptiorutn

1980 4190 2076 4247 per
2102 4175 2301 4230 nubem
2333 4175 2530 4239 levem,
2561 4158 2858 4242 complevit
2886 4186 2952 4228 ea
2983 4186 3103 4242 quae
3143 4170 3404 4241 praedicta
3429 4169 3551 4225 fue-

1979 4278 2123 4323 rant.
2176 4265 2386 4322 Nubem
2416 4279 2548 4320 vero
2572 4264 2745 4319 levem
2781 4261 3009 4332 ﬁgurate
3035 4263 3281 4321 nominat
3309 4276 3553 4317 commo-

1979 4361 2250 4414 rationem
2293 4358 2415 4429 ejus
2441 4358 2585 4412 inter
2613 4353 2886 4417 homines,
2916 4369 3023 4422 qua
3053 4368 3149 4422 per
3178 4368 3378 4422 corpus
3406 4353 3550 4423 quod

294 4445 582 4519 ὡσπεροῦν
617 4450 651 4519 ἠ
692 4448 957 4520 Ἐϐραίων
984 4454 1190 4524 γραφή.
1228 4455 1339 4508 Καὶ
1379 4457 1408 4507 6
1451 4456 1679 4521 Ἀκύλας
1709 4456 1876 4527 σαφέ-

1985 4453 2048 4509 de
2079 4450 2302 4522 Virgine
2345 4459 2399 4506 et
2431 4448 2639 4521 Spiritu
2686 4457 2883 4505 sancto
2916 4446 3239 4515 assumpsit,
3273 4460 3406 4501 usus
3437 4450 3550 4509 est,

296 4554 486 4612 στερον
528 4541 748 4613 ᾐνίξατο
790 4542 958 4597 εἰπών
980 4561 993 4576 ·
1038 4564 1056 4596 ι
1080 4544 1208 4599 ’ἰδοὺ
1242 4548 1443 4620 Κύριος
1482 4550 1749 4604 ἐπιϐαίνει
1781 4552 1876 4604 ἐπὶ

293 4632 469 4704 πάχος
509 4632 765 4706 ἐλαφρὸν,
797 4636 891 4689 καὶ
928 4635 1145 4708 ἔρχεται
1178 4639 1268 4693 ἐπ’
1296 4639 1599 4709 Αἴγυπτον·
1643 4662 1662 4693 ι
1701 4643 1875 4715 πάχος

294 4724 627 4798 ὲλαφρὸν,τὸ
667 4725 729 4792 ἐξ
769 4727 926 4797 ἁγίου
952 4728 1268 4801 Πνεύματος
1296 4733 1455 4804 σῶμα
1502 4737 1878 4807 προσαγορεύ-

296 4831 413 4881 σας.
443 4818 555 4872 Καὶ
597 4818 756 4872 τοῦτο
789 4818 1078 4891 τοιγαροῦν
1107 4821 1171 4875 τδ
1202 4821 1303 4893 τῆς
1340 4826 1673 4897 προφητείας
1711 4828 1875 4901 μέρος

293 4908 433 4981 πρὸς
473 4907 617 4974 λέξιν
662 4909 848 4974 τέλους
905 4910 1215 4982 ἐτύγχανεν,
1249 4914 1339 4969 ὅτε
1386 4915 1615 4984 ἄγγελος
1663 4918 1868 4990 Κυρίου

290 5000 426 5073 ὄναρ
468 5001 750 5070 ἐπιφανεὶς
788 4999 910 5057 εἶπε
951 5003 1031 5076 τῷ
1071 5005 1304 5077 Ἰωσηφι
1331 5025 1349 5059 ι
1373 5000 1655 5080 Ἐγερθεὶς
1694 5012 1874 5083 παρά-

293 5091 425 5147 λαστ
460 5093 524 5147 τὸ
568 5094 800 5162 παιδίον,
830 5095 927 5150 καὶ
975 5096 1073 5169 τὴν
1104 5098 1313 5172 μητέρα
1342 5098 1529 5165 αὐτοῦ,
1563 5102 1657 5155 καὶ
1702 5102 1869 5172 φεῦγε

294 5186 373 5250 εἰς
426 5186 744 5257 Αἴγυπτον,
797 5188 892 5244 καί
947 5188 1059 5243 ἴσθι
1112 5192 1230 5244 ἐκεῖ
1273 5192 1378 5256 ἕως
1416 5192 1485 5247 ἂν
1538 5194 1678 5249 εἴπω
1712 5213 1813 5252 σοι.
1846 5215 1866 5251 ι

295 5277 427 5333 Τότε
459 5277 594 5348 γοῦν
627 5279 788 5344 αὐτὸς
819 5282 848 5334 6
887 5279 1091 5353 Κύριος
1126 5283 1155 5337 6
1197 5282 1335 5347 Θεδς,
1373 5285 1545 5356 Λόγος
1579 5288 1869 5361 ὲπιπαρὼν

294 5371 357 5440 τῇ
389 5369 485 5422 τοῦ
520 5370 708 5435 παιδὸς
747 5371 951 5444 ἡλικίᾳ,
995 5372 1090 5426 καὶ
1122 5374 1181 5425 ὲν
1211 5376 1277 5445 τῇ
1323 5377 1578 5431 συστάσει
1611 5379 1774 5433 αὐτοῦ
1808 5381 1879 5448 ἐξ,

295 5461 451 5530 ἁγίας
480 5461 779 5534 Παρθένου,
809 5466 971 5535 σαρκί
1008 5465 1208 5538 παχείᾳ
1240 5466 1339 5537 μὲν
1382 5466 1518 5543 οὔσῃ
1548 5469 1636 5524 διὰ
1666 5471 1725 5525 τὸ
1769 5473 1870 5544 τῆς

297 5552 612 5626 σωματικῆς
671 5550 804 5622 ὕλης
846 5553 1154 5607 ἀντίτυπον
1203 5553 1412 5627 ἐλαφρᾷ
1456 5556 1515 5611 δὲ
1558 5559 1719 5616 πάλιν
1781 5560 1869 5615 διὰ

363 5707 538 5766 ἐξω.
577 5723 693 5777 xix,
740 5707 854 5765 1-4.
932 5709 974 5741 "
1008 5707 1219 5787 Διίιιιίι.⁹
1243 5724 1305 5780 tt,
1356 5711 1440 5768 [ὅ.

1979 4545 2238 4600 nimirum
2296 4540 2759 4613 quemadmodum
2803 4539 3156 4597 chmorutn
3205 4536 3371 4595 habet
3409 4538 3550 4593 scri-

1980 4645 2172 4707 plura,
2220 4644 2276 4690 et
2313 4633 2509 4703 Aquila
2558 4631 2777 4702 planius
2814 4628 3167 4700 Signiﬁcavit,
3214 4643 3337 4683 cum
3377 4627 3547 4683 dixit:

1986 4747 2005 4779 ι
2030 4726 2171 4784 Ecce
2187 4725 2451 4781 Dominus
2468 4723 2717 4780 ascendit
2733 4738 2899 4793 super
2913 4719 3336 4777 crassitudinem
3354 4721 3546 4783 levem,

1976 4828 2032 4875 et
2057 4819 2209 4876 venit
2248 4819 2305 4873 in
2332 4818 2661 4890 Egyptum:
2690 4834 2719 4868 ι
2759 4813 3187 4870 crassitudinem
3218 4812 3409 4879 levem,
3433 4827 3551 4868 cor-

1982 4924 2087 4981 pus
2112 4910 2181 4965 de
2219 4907 2427 4979 Spiritu
2457 4914 2649 4963 sancto
2677 4910 3007 4974 conceptum
3036 4904 3342 4987 appellans.
3377 4902 3552 4987 igitur

1975 4980 2142 5058 etiam
2174 5001 2293 5073 ipsa
2317 5002 2431 5057 haec
2461 5000 2756 5073 prophetis
2784 4997 3051 5069 particula
3080 4997 3151 5053 ad
3175 4980 3400 5054 verbum
3423 4980 3546 5054 eii-

1976 5106 2093 5152 tum
2145 5097 2339 5153 sortita
2368 5103 2473 5161 est,
2525 5111 2634 5166 quo
2664 5102 2909 5168 tempore
2940 5095 3173 5166 angelus
3220 5090 3437 5160 Domini
3490 5091 3547 5147 in

1976 5191 2186 5248 somnis
2219 5192 2370 5247 visus
2415 5190 2519 5260 ipsi
2552 5187 2754 5260 Ioseph
2796 5189 2973 5246 dixit:
3030 5186 3317 5258 cSurgens
3359 5185 3549 5257 accipe

1977 5300 2229 5355 puerum,
2276 5292 2343 5340 et.
2376 5293 2606 5340 matrem
2634 5284 2778 5356 ejus,
2807 5292 2869 5340 et
2906 5283 3030 5355 fuge
3059 5283 3114 5338 in
3144 5281 3465 5354 Egyptum,
3494 5288 3548 5336 et

1964 5386 2084 5435 esto
2137 5377 2212 5435 ibi
2264 5418 2278 5443 ,
2320 5378 2495 5435 donec
2522 5379 2702 5434 dicam
2730 5378 2827 5434 tibi
2849 5378 2914 5431 η.
2947 5395 2967 5429 ›
3002 5376 3165 5451 297
3196 5373 3351 5429 Tunc
3380 5373 3549 5446 igitur

1972 5470 2092 5541 ipse
2124 5469 2386 5528 Dominus
2418 5472 2562 5527 Deus
2614 5470 2870 5536 Verbum,
2917 5471 3180 5542 puerilem
3208 5474 3423 5523 aetatem
3464 5467 3548 5522 in-

1980 5577 2224 5633 gressus,
2265 5571 2319 5619 et
2362 5580 2463 5620 suo
2507 5567 2747 5637 corpori,
2783 5566 2929 5638 quod
2972 5580 3037 5622 ex
3088 5568 3279 5620 sancta
3330 5558 3547 5632 Virgine
