3902 6264
378 288 470 346 ΠΙ

1050 295 1317 353 EUSEB"
1348 294 1826 353 CESARIENSIS
1853 297 2004 353 OPP.
2044 296 2222 353 PARS
2260 296 2324 352 ll.
2365 329 2434 338 —-
2465 296 2961 355 APOLOGETICA.

3519 299 3624 356 ιπ

391 420 690 487 acceperat,
723 414 1048 485 coniunctus
1078 416 1246 485 (quod
1277 431 1411 470 sane
1440 430 1662 486 corpus,
1698 432 1931 472 crassun

2053 419 2112 472 τὸ
2143 418 2426 491 κρείττονα
2460 418 2493 490 ἢ
2530 419 2651 472 καθ’
2688 421 2834 490 ἡμᾶς
2867 416 3024 473 εἶναι.
3068 419 3178 475 Καὶ
3209 421 3406 496 νεφέλῃ
3439 420 3619 501 κούφῃ

389 506 601 576 quidem
631 513 748 561 erat
774 505 845 561 ob
873 518 1148 575 corporea:
1178 507 1422 563 materiae
1473 505 1751 561 duriorem
1785 515 1949 562 natu-

388 607 538 667 tam;
586 607 643 653 at
707 611 902 652 rursus
946 596 1084 660 leve,
1141 612 1207 652 eo
1239 597 1384 668 quod
1416 599 1766 669 praestantius
1803 607 1949 655 esset

387 705 547 763 quam
575 705 638 745 ea
667 704 786 761 quae
813 688 883 743 ad
913 704 1014 744 nos
1040 689 1335 760 pertinent,
1367 706 1435 746 ex
1467 706 1583 761 quo
1604 693 1769 746 etiam
1812 692 1948 747 levis

386 784 563 837 nubes
590 782 925 846 nominatur,
962 791 1247 853 pr0pterea
1277 782 1425 852 quod
1460 799 1569 838 non
1602 798 1665 837 ex
1701 785 1949 854 volupta—

385 877 464 928 ria
491 871 858 941 corruptione,
902 873 996 926 sed
1030 873 1097 927 de
1139 871 1343 944 Spiritu
1387 881 1578 929 sancto
1610 875 1944 946 constabat),

383 965 439 1019 in
472 972 618 1019 terra
647 960 1031 1035 Egyptiorum
1060 963 1396 1021 diversatur.
1436 966 1615 1021 Causa
1643 975 1821 1020 autem
1849 983 1947 1022 cur

370 1055 511 1110 illuc
554 1058 873 1119 accesserit,
923 1056 1191 1111 rationem
1254 1056 1396 1110 hanc
1440 1057 1621 1114 habet.
1677 1058 1945 1124 Quoniam

380 1148 524 1204 enim
552 1147 613 1202 in
641 1146 877 1220 Egvpto
930 1149 1145 1203 initium
1187 1149 1467 1218 accepisse
1503 1165 1567 1205 ea
1600 1166 1721 1222 quae
1761 1152 1827 1206 ad
1859 1168 1947 1207 er-

379 1255 557 1295 rorem
599 1240 814 1296 colendi
872 1241 1164 1296 simulacra
1212 1243 1506 1312 pertinent,
1550 1252 1941 1307 memorantur,

380 1338 436 1384 et
470 1329 799 1384 videbantur
826 1333 1069 1386 omnium
1102 1331 1381 1385 hominum
1414 1332 1943 1402 superstitiosissimi

379 1435 501 1475 esse
531 1419 796 1491 Egyptii,
823 1421 1138 1492 inimicique
1178 1431 1342 1491 atque
1383 1422 1570 1478 hostes
1607 1424 1793 1494 populi
1827 1423 1941 1491 Dei,

378 1512 799 1584 longissimeque
839 1528 869 1568 a
903 1514 1181 1585 prephetis
1211 1514 1421 1579 abesse,
1468 1515 1663 1570 merito
1706 1516 1942 1587 primum

379 1605 519 1673 apud
563 1604 686 1659 illos
732 1603 828 1659 Dei
866 1607 1040 1661 virtus
1083 1615 1418 1661 commorata
1446 1614 1567 1662 est:
1610 1618 1943 1679 quapropter

378 1697 502 1764 plus
533 1696 678 1766 apud
704 1695 1011 1768 Egyptios,
1049 1712 1212 1767 quam
1251 1698 1392 1769 apud
1436 1712 1628 1753 omnes
1670 1700 1809 1754 alios
1839 1700 1939 1754 ho-

376 1787 573 1853 mines,
597 1789 926 1859 evangelicae
952 1788 1100 1844 illius
1122 1789 1391 1843 doctrinm
1421 1791 1644 1844 verbum
1676 1791 1936 1846 invaluit:

374 1893 444 1932 ex
484 1892 596 1948 quo
626 1879 805 1948 ipsum
848 1877 1137 1933 Dominum
1182 1879 1251 1933 ad
1308 1880 1433 1935 illos
1479 1895 1854 1945 accessurum,
1887 1890 1942 1937 et

376 1982 503 2021 cum
541 1968 653 2023 illis
699 1977 1037 2022 moraturum
1078 1983 1318 2038 praesens
1375 1971 1658 2040 prophetia
1709 1972 1938 2027 divinat.

372 2055 444 2111 At
466 2072 577 2112 non
636 2057 921 2128 Egyptios
967 2058 1022 2112 in
1055 2066 1254 2113 terram
1299 2057 1610 2115 Judaeorum
1653 2071 1938 2127 venturos,

373 2163 551 2219 neque
610 2146 1006 2219 Hierosolyma.
1046 2160 1105 2203 ut
1158 2149 1232 2204 ibi
1275 2150 1426 2204 illum
1474 2153 1724 2219 adorent,
1767 2170 1942 2224 neque

372 2252 504 2292 vero
538 2237 737 2293 ibidem
778 2238 922 2292 inter
948 2237 1167 2295 Iudaeos
1219 2256 1287 2296 ex
1334 2242 1404 2297 iis
1442 2258 1565 2312 quae
1599 2258 1629 2296 a
1669 2236 1818 2298 M‘ése
1858 2245 1941 2297 in-

371 2329 562 2383 stituta
617 2336 746 2382 sunt
794 2333 1255 2402 peregrinaturos,
1311 2348 1489 2404 neque
1540 2334 1941 2391 sacriﬁcatura:

369 2418 424 2472 in
465 2434 553 2483 eo,
584 2420 731 2490 quod
771 2429 857 2478 est
898 2421 952 2476 in
1002 2422 1327 2490 Jerusalem,
1373 2425 1562 2480 altari:
1602 2426 1698 2481 sed
1742 2426 1938 2482 horum

369 2512 589 2581 quidem
630 2512 767 2566 nihil
798 2528 1026 2584 prorsus
1068 2516 1142 2568 ait
1188 2514 1457 2580 futurum,
1503 2524 1558 2570 at
1604 2518 1783 2588 ipsum
1832 2518 1939 2574 Do-

369 2605 577 2659 minum
640 2605 916 2662 aditurum
968 2606 1276 2679 Egyptios,
1325 2616 1379 2664 et
1419 2625 1520 2664 suo
1558 2611 1791 2667 adventu
1841 2612 1938 2666 ho-

365 2699 549 2756 mines
590 2700 956 2772 dignaturum,
1004 2718 1438 2773 magnorumque
1483 2705 1751 2759 bonorum
1800 2706 1935 2774 ipsis

368 2799 649 2845 auctorem
701 2791 973 2846 futurum.
1003 2790 1344 2847 Directuram
1374 2794 1641 2864 siquidem
1664 2794 1936 2864 perlectu-

365 2895 595 2956 ramque
639 2882 787 2938 illius
830 2883 974 2937 inter
1015 2883 1137 2939 illos
1182 2886 1690 2950 commorationem,
1723 2900 1785 2940 ca
1815 2902 1937 2956 quae

362 2953 485 3038 iam.
500 2986 558 3026 re
583 2971 700 3040 ipsa
732 2981 858 3043 post
889 2972 1191 3029 Salvatoris
1221 2977 1396 3029 nostri
1434 2973 1562 3031 Jesu
1598 2976 1801 3031 Christi
1833 2953 1935 3031 ad-

2051 506 2446 577 ὀνομαζομένῃ,
2478 506 2565 561 διὰ
2595 508 2656 559 τὸ
2695 509 2769 579 μὴ
2800 508 2860 573 ἐξ
2891 507 3196 580 ἡδυπαθοῦς
3229 511 3455 583 φθορᾶς,
3482 513 3617 569 ἀλλά

2050 599 2109 664 ἐξ
2151 600 2306 667 ἁγίου
2345 598 2659 671 Πνεύματος
2705 601 2994 672 συστῆναι,
3036 604 3102 674 τῇ
3160 601 3267 657 τῶν
3302 604 3617 672 Αἰγυπτίων

2050 691 2307 761 ἐπιδημεῖ
2349 689 2519 761 χώρᾳ.
2577 691 2643 743 Ἦ
2685 691 2730 744 δ’
2772 693 2919 746 αἰτία
2963 694 3061 764 τῆς
3095 694 3272 747 ἐκεῖσε
3321 694 3615 767 ἐπιδημίας

2048 781 2211 836 αὑτοῦ
2258 782 2449 836 τοῦτον
2489 782 2601 855 ἔχει
2656 784 2748 837 τὸν
2800 784 2970 853 λόγον.
3024 786 3175 839 Ἐπεὶ
3222 786 3329 856 γὰρ
3369 789 3428 840 ἐν
3473 788 3611 861 αὐτῇ

2048 874 2239 949 πρώτῃ
2272 874 2537 947 κατάρξαι
2577 877 2647 930 τὰ
2677 877 2777 948 τῆς
2808 877 3189 949 εἰδωλολάτρου
3225 879 3431 952 πλάνης
3473 894 3614 953 μνη-

2049 968 2364 1040 μονεύεται,
2414 968 2631 1024 ἐδόκουν
2672 986 2731 1022 τε
2783 970 2996 1023 πάντων
3032 969 3338 1041 ἀνθρώπων
3379 972 3615 1043 μάλιστα

2044 1061 2593 1133 δεισιδαιμονέστατοι
2640 1061 2946 1132 τυγχάνειν,
2994 1061 3175 1132 ἐχθροί
3219 1078 3280 1114 τε
3327 1057 3469 1117 εἶναι
3513 1061 3613 1117 καὶ

2046 1152 2291 1224 πολέμιοι
2333 1154 2424 1207 τοῦ
2472 1152 2603 1207 λαοῦ
2652 1152 2744 1206 τοῦ
2777 1152 2933 1216 Θεοῦ,
2979 1152 3088 1207 τῶν
3129 1153 3416 1225 προφητῶν
3469 1155 3613 1209 κατά

2045 1243 2295 1298 πλεῖστον
2323 1246 2446 1299 ὅσον
2478 1246 2810 1315 ἀφεστῶτες·
2845 1246 3069 1309 εἰκότως
3095 1245 3276 1309 αὐτοῖς
3308 1244 3544 1316 πρώτοις
3573 1250 3607 1319 ἡ

2044 1337 2138 1390 τοῦ
2170 1337 2304 1392 Θεοῦ
2329 1339 2521 1409 ἐφίστη
2556 1337 2802 1408 δύναμις·
2830 1339 2908 1392 διὸ
2940 1339 3033 1393 καὶ
3068 1338 3283 1392 πάντων
3308 1337 3612 1410 ἀνθρώπων

2048 1430 2246 1499 μᾶλλον
2278 1432 2407 1502 παρ’
2433 1431 2748 1499 Αἰγυπτίοις
2788 1430 3003 1502 ἴσχυσεν
3048 1433 3078 1484 ὁ
3118 1431 3218 1502 τῆς
3250 1430 3611 1502 εὐαγγελικῆς

2045 1523 2206 1577 αὑτοῦ
2240 1525 2585 1590 διδασκαλίας
2627 1526 2801 1595 λόγος.
2841 1525 2999 1580 Ὅθεν
3044 1527 3077 1596 ἡ
3111 1524 3359 1597 παροῦσα
3392 1542 3608 1597 προφη-

2042 1617 2163 1671 τεία
2190 1617 2350 1670 αὑτὸν
2381 1617 2565 1681 αὐτοῖς
2602 1618 2957 1689 ἐπιδημήσειν
2988 1618 3080 1671 τὸν
3112 1616 3316 1689 Κύριον
3341 1613 3606 1682 θεσπίζει,

2044 1707 2159 1761 ἀλλ’
2191 1707 2313 1778 οὐχὶ
2352 1709 2476 1771 τοὺς
2521 1709 2848 1777 Αἰγυπτίους
2878 1709 3031 1779 ἥξειν
3074 1711 3153 1772 εἰς
3197 1709 3300 1780 τὴν
3337 1706 3607 1765 Ἰουδαίων

1973 1763 2014 1817 Β
2043 1801 2222 1871 χώραν
2239 1763 2407 1867 ,ἢούδέ
2452 1763 2518 1870 γε
2566 1763 2646 1864 εἰς
2701 1800 2772 1854 τά
2828 1763 3171 1871 ῖιεροσόλυμα
3211 1763 3604 1870 προσκυνήσειν

2041 1892 2207 1964 αὑτῷ,
2239 1892 2347 1946 οὐδ’
2378 1892 2629 1954 ἐνταῦθα,
2652 1892 2793 1946 κατά
2823 1891 2891 1946 τὰ
2929 1893 3083 1963 παρά
3117 1892 3339 1945 Μωῦσεῖ
3379 1906 3608 1962 προστε-

2039 1986 2304 2058 ταγμένα,
2339 1985 2792 2059 προσηλυτεύσειν
2830 1984 3119 2048 Ἰουδαίοις,
3153 1984 3272 2036 οὐδὲ
3303 1982 3484 2037 θύσειν
3515 1981 3605 2036 θυ-

2042 2078 2163 2143 σίας
2193 2081 2252 2133 ἐν
2283 2078 2360 2150 τῷ
2388 2079 2528 2152 πρὸς
2554 2081 2620 2150 τῇ
2664 2077 3015 2149 Ἰερουσαλὴμ
3056 2076 3441 2148 θυσιαστηρίῳ·
3469 2074 3604 2131 ἀλλά

2038 2170 2244 2225 τούτων
2278 2171 2376 2241 μὲν
2406 2168 2625 2223 ἔσεσθαί
2652 2184 2814 2239 φησιν
2843 2168 3024 2231 οὐδὲν,
3052 2166 3144 2221 τὸν
3182 2166 3240 2219 δέ
3271 2163 3473 2237 Κύριον
3503 2165 3602 2217 αὐ-

2038 2261 2133 2317 τὸν
2186 2263 2547 2333 ἐπιδημήσειν
2595 2264 2708 2324 τοῖς
2757 2258 3094 2329 Αἰγυπτίοις,
3147 2260 3242 2313 καί⁵
3285 2257 3385 2329 τῆς
3435 2255 3603 2311 αὑτοῦ

2039 2354 2342 2426 παρουσίας
2391 2352 2750 2419 καταξιώσειν
2794 2353 2921 2415 τοὺς
2958 2350 3187 2422 ἄνδρας,
3237 2348 3486 2420 μεγάλων
3538 2365 3602 2402 τε

2039 2443 2254 2514 ἀγαθῶν
2301 2443 2733 2515 καταστήσεσθαι
2775 2441 2945 2495 αἴτιον
2989 2443 3192 2504 αὐτοῖς.
3222 2438 3605 2511 Κατορθώσειν

2038 2534 2170 2605 γοῦν
2212 2534 2376 2589 αὐτοῦ
2417 2534 2514 2605 τὴν
2554 2534 2846 2605 ἐπιδημίαν
2889 2531 3093 2595 ταῦτα,
3121 2533 3262 2602 άπερ
3293 2530 3385 2584 καὶ
3420 2531 3609 2594 αὐτοῖς

2039 2625 2218 2697 ἔργοις
2249 2624 2384 2696 μετά
2415 2623 2513 2695 τὴν
2544 2622 2636 2676 τοῦ
2668 2623 2919 2694 Σωτῆρος
2943 2625 2975 2693 ἠ
2986 2621 3099 2693 μῶν
3143 2621 3317 2693 Ἰησοῦ
3344 2619 3437 2674 τοῦ
3461 2621 3601 2692 Χρι-

2039 2715 2164 2768 στοῦ
2211 2714 2530 2784 ἐπιφάνειαν
2563 2706 2872 2766 συνίσταται
2913 2712 3332 2785 πεπληρωμένα.
3378 2710 3516 2765 Τίνα
3542 2709 3605 2764 δὲ

2034 2803 2124 2877 ἦν,
2181 2803 2519 2876 θεασώμεθα.
2570 2805 2631 2858 Oi
2691 2806 2818 2877 πρὶν
2866 2805 2966 2878 τὴν
3012 2803 3283 2872 Αἴγυπτον
3327 2800 3603 2867 οἰκοῦντες

2036 2896 2229 2968 φαῦλοι
2272 2897 2366 2950 καί¹
2420 2895 2680 2967 μοχθηροὶ
2728 2896 2999 2967 δαίμονες,
3039 2894 3099 2961 ἐξ
3135 2892 3329 2957 αἰῶνος
3385 2892 3601 2964 μακροῦ

2033 2992 2145 3053 τοῖς
2178 2986 2382 3054 ξοάνοις
2413 2986 2836 3059 ἐμφωλεύοντες,
2874 2987 2968 3041 καὶ
2999 2985 3098 3050 τὰς
3134 2984 3242 3039 τῶν
3285 2984 3602 3054 Αἰγυπτίων

365 3071 607 3127 ventum,
641 3065 906 3133 completa
937 3077 1270 3135 cernuntur;
1304 3082 1424 3137 quae
1455 3083 1619 3139 porro
1659 3069 1772 3124 haec
1794 3070 1924 3133 sint,

2033 3081 2209 3153 ψυχὰς
2238 3080 2386 3153 πάσῃ
2416 3077 2831 3149 δεισιδαιμονίας
2875 3076 3051 3150 πλάνῃ
3076 3074 3561 3146 καταδουλούμενοι
3580 3115 3597 3140 ,

364 3153 745 3224 inspiciamus.
780 3154 936 3226 liqui
969 3159 1123 3227 prius
1150 3160 1466 3215 incolebant
1493 3160 1807 3233 Egyptum.
1849 3165 1933 3219 vi-

363 3246 491 3298 tiosi
522 3246 785 3317 pravique
829 3247 1126 3313 daemones,
1180 3267 1277 3321 per
1324 3259 1492 3306 multa
1541 3255 1738 3308 saecula
1770 3255 1827 3309 in
1856 3255 1934 3310 si-

364 3338 627 3392 mulacris
673 3340 971 3406 latitantes,
1033 3342 1356 3412 animasque
1377 3342 1759 3413 [Egyptiorum
1780 3348 1929 3401 omni

362 3431 768 3500 superstitionis
790 3433 964 3488 errori
984 3432 1299 3490 addicentes
1328 3451 1392 3490 ac
1410 3437 1785 3505 subjicientes,
1804 3455 1930 3495 cum

363 3521 670 3577 sensissent
711 3539 905 3579 novam
945 3525 1237 3595 quamdam
1285 3527 1634 3599 divinamque
1675 3530 1928 3586 virtutem

363 3611 429 3666 ad
463 3627 523 3667 se
547 3618 864 3678 accessisse,
909 3617 1056 3671 illico
1111 3618 1367 3671 commoti
1412 3627 1558 3682 sunt,
1608 3629 1662 3674 et
1700 3618 1932 3674 ﬂuctua-

361 3705 568 3760 tionem
609 3721 673 3763 ac
718 3710 1179 3778 perturbationem
1228 3710 1283 3764 in
1338 3711 1535 3781 seipsis
1567 3694 1939 3781 pertulerunt,-

361 3811 565 3868 corque
598 3798 843 3869 ipsorum
905 3810 959 3856 et
1005 3801 1086 3856 vis
1134 3801 1470 3872 intelligendi
1518 3803 1845 3860 intrinsecus
1872 3805 1929 3859 in

360 3888 497 3957 ipsis
512 3891 760 3945 convicta
798 3899 946 3956 sunt,
977 3900 1367 3962 cesseruntque
1394 3909 1457 3948 ac
1486 3893 1667 3964 fugata
1689 3903 1818 3948 sunt
1857 3897 1926 3951 ab

359 3995 424 4034 ea
454 3982 671 4045 virtute,
702 3998 825 4052 quae
852 3985 1030 4038 visum
1061 3984 1324 4056 eﬂ'ugiens
1368 3986 1490 4040 illos
1539 3989 1923 4057 compellebat,

358 4080 416 4125 et
459 4072 604 4142 ignis
632 4074 809 4129 instar
843 4074 1105 4130 ineffabili
1136 4076 1371 4146 quadam
1400 4079 1609 4134 ratione
1639 4079 1922 4135 adurebat.

361 4160 428 4215 Et
475 4169 607 4218 tunc
638 4165 863 4234 quidem
914 4165 1268 4221 invisibiliter
1299 4167 1577 4225 daemones
1619 4171 1744 4225 talia
1776 4171 1924 4240 passi

360 4260 511 4317 sunt,
542 4269 665 4308 cum
698 4253 946 4309 Salvator
983 4264 1169 4313 noster
1197 4256 1355 4314 Iesus
1386 4259 1640 4316 Christus
1673 4262 1724 4316 in
1757 4261 1925 4334 [Egy-

358 4351 514 4413 ptum
544 4356 667 4397 cum
697 4344 899 4400 visibili
928 4360 1158 4416 corpore
1186 4349 1454 4417 pervenit.
1489 4351 1655 4421 298
1697 4350 1766 4404 At
1798 4367 1924 4407 vero

2034 3171 2440 3242 συναισθόμενοι
2470 3169 2628 3242 ξένης
2665 3170 2808 3233 τινὸς
2839 3170 2934 3223 καὶ
2962 3168 3140 3222 ἐνθέου
3167 3167 3443 3238 δυνάμεως
3472 3166 3600 3219 ἐπι-

2031 3261 2306 3336 δημούσης
2351 3262 2534 3325 αὐτοῖς
2556 3302 2572 3326 ,
2622 3261 2822 3315 αὐτίκα
2870 3258 3241 3313 συνεκινοῦντο
3284 3257 3455 3325 σάλονξ
3502 3259 3601 3312 καὶ

2031 3358 2216 3413 κλόνον
2244 3360 2302 3411 ἐν
2327 3359 2540 3419 ἑαυτοῖς
2572 3356 2888 3425 πάσχοντες,
2920 3354 2953 3423 ἥ
2979 3370 3037 3406 τε
3070 3350 3264 3423 καρδία
3289 3349 3467 3405 αὐτῶν
3499 3348 3599 3404 καὶ

2029 3448 2338 3520 διανοητικὴ
2357 3448 2585 3518 δύναμις
2612 3447 2811 3517 ἡττᾶτο
2847 3445 2992 3499 ἔνδον
3030 3446 3089 3498 ἐν
3116 3445 3344 3506 ἐαυτοῖς,
3378 3441 3599 3512 ὑποχω-

2035 3541 2200 3614 ροῦσα
2239 3543 2334 3595 καὶ
2373 3540 2645 3611 νικωμένη
2682 3537 2786 3591 ὑπὸ
2829 3537 2930 3609 τῆς
2968 3535 3212 3608 ἀοράτως
3245 3532 3598 3587 συνελαυνού-

2033 3650 2152 3705 σης,
2182 3633 2275 3685 καὶ
2305 3631 2472 3703 πυρὸς
2516 3630 2674 3700 δίκην
2713 3630 2935 3700 ἀρρήτῳ
2983 3625 3124 3696 λόγῳ
3157 3622 3460 3695 φλεγούσης
3495 3622 3599 3677 αὐ-

2027 3726 2153 3788 τοὺς
2182 3723 2481 3794 δυνάμεως.
2523 3720 2682 3774 Ἀλλά
2709 3723 2830 3774 τότε
2859 3720 2956 3790 μὲν
2981 3718 3224 3790 ἀοράτως
3255 3718 3303 3769 οἱ
3341 3714 3595 3784 δαίμονες

2026 3817 2199 3871 ταῦτα
2247 3816 2483 3886 ἔπασχον
2526 3813 2621 3867 ἐπὶ
2663 3816 2727 3884 τῇ
2772 3812 2868 3865 τοῦ
2918 3811 3169 3881 Σωτῆρος
3208 3806 3365 3879 ήμῶν
3416 3802 3595 3876 Ἰησοῦ

2025 3906 2260 3979 Χριστοῦ
2285 3909 2364 3968 εἰς
2393 3906 2490 3976 τὴν
2513 3904 2781 3972 Αἴγυπτον
2805 3902 3051 3973 ἐνσάρκῳ
3081 3898 3356 3970 ἐπιδημίᾳ.
3373 3896 3591 3966 Ἐπειδὴ

2025 4000 2084 4052 δέ
2134 3998 2270 4070 μετά
2299 3997 2469 4052 ταῦτα
2517 3996 2738 4068 γυμνῶς
2790 3995 2891 4066 ῆδη
2936 3992 3119 4046 λοιπὸν
3160 3990 3220 4044 τὸ
3264 3988 3392 4060 περὶ
3426 3986 3592 4044 αὑτοῦ

2027 4090 2351 4158 Εὑαγγέλιον
2380 4093 2492 4153 τοῖς
2524 4087 2854 4158 Αἰγυπτίοις,
2890 4082 3172 4155 ὼσπεροῦν
3202 4080 3298 4136 καὶ
3329 4083 3442 4144 τοῖς
3477 4079 3591 4133 λοι-

2027 4184 2146 4246 ποῖς
2177 4180 2405 4245 ἔθνεσιν,
2439 4181 2793 4253 ἐκηρύττετο,
2826 4178 2860 4247 ἦ
2885 4194 2945 4229 τε
2977 4176 3204 4246 ἀόρατος
3236 4168 3591 4257 αὐτοῦιδύνα-

2029 4290 2119 4344 μις
2164 4273 2260 4326 σὺν
2292 4274 2403 4336 τοῖς
2444 4271 2759 4334 ἀποστόλοις
2792 4268 2952 4322 αὐτοῦ
2987 4266 3165 4338 παρῆν
3200 4264 3421 4336 ἀφανῶς
3453 4281 3591 4336 Guy.-

2025 4362 2337 4433 πράττουσα
2381 4361 2593 4424 αὐτοῖς,
2626 4360 2719 4413 καὶ
2752 4358 3100 4429 συνεργοῦσα,
3147 4355 3242 4409 καὶ
3290 4352 3592 4423 καταγγέλυ

358 4453 646 4513 Ροειψιδηι
696 4443 857 4513 plane
903 4444 1015 4513 jam
1064 4445 1238 4516 ipsius
1271 4445 1617 4515 Evangelium
1653 4445 1720 4499 ad
1751 4446 1921 4518 Egy-

2033 4455 2188 4508 λουσα
2235 4453 2303 4509 δι’
2350 4451 2527 4507 αὐτῶν
2578 4453 2676 4521 τὴν
2727 4450 2923 4522 εὐσεϐῆ
2986 4449 3327 4503 διδασκαλίαν
3389 4444 3589 4511 αὐτοῦ,

358 4530 524 4599 ptios,
566 4532 710 4586 sicut
734 4532 802 4586 ad
836 4532 1077 4603 reliquas
1105 4541 1293 4604 gentes
1318 4535 1586 4603 perlatum
1618 4543 1723 4599 est,
1753 4545 1807 4591 et
1846 4539 1923 4592 in-

357 4621 592 4676 visibilis
620 4623 741 4691 ejus
769 4623 967 4687 virtus,
1005 4641 1113 4679 una
1137 4641 1260 4681 cum
1281 4625 1400 4695 ejus
1433 4628 1699 4697 apostolis
1728 4628 1920 4694 adfuit,

357 4726 479 4782 qua:
511 4714 743 4769 latenter
779 4715 903 4771 illos
932 4717 1240 4786 adjuvaret,
1283 4724 1338 4772 et
1365 4733 1472 4772 una
1499 4733 1625 4773 cum
1671 4720 1778 4774 illis
1806 4735 1919 4775 rem

356 4805 745 4876 negotiumque
771 4816 1001 4873 gereret,
1032 4822 1100 4864 ac
1138 4825 1236 4880 per
1264 4825 1363 4866 eos
1405 4810 1714 4881 religiosam
1747 4811 1921 4880 piam-

355 4910 463 4964 que
494 4894 666 4983 ipsius
688 4896 992 4954 doctrinam
1026 4899 1406 4963 denuntiaret.
1439 4918 1717 4973 unumque
1742 4902 1917 4958 solum

355 4997 421 5037 ac
452 4999 640 5039 verum
681 4985 850 5042 Deum
903 4989 1087 5044 colere
1117 4990 1520 5056 adhortaretur,
1552 4998 1605 5046 et
1629 5006 1724 5047 eos
1755 5005 1785 5044 a
1810 4990 1921 5046 dae-

354 5074 611 5131 monibus
647 5086 941 5143 averteret,
978 5080 1072 5149 qui
1103 5081 1261 5149 prius
1285 5082 1495 5153 decepti
1536 5081 1787 5138 fuerant:
1828 5083 1918 5138 hic

352 5164 466 5234 jam
493 5174 606 5223 tum
637 5168 908 5241 Egyptiis
938 5173 1080 5227 sicut
1107 5174 1273 5229 etiam
1303 5175 1531 5246 reliquis
1552 5175 1804 5246 gentibus
1826 5190 1915 5230 se-

361 5262 494 5317 ditio
522 5265 833 5337 hellumque
861 5268 1183 5325 intestinum
1227 5279 1478 5327 exortum
1512 5281 1616 5336 est,
1657 5287 1780 5327 cum
1823 5270 1916 5327 alii

350 5354 568 5424 quidem
602 5357 672 5412 ab
714 5373 899 5416 errore
923 5362 1135 5417 colendi
1184 5364 1367 5432 plures
1401 5362 1534 5418 deos
1568 5364 1904 5425 recederent,

349 5453 406 5501 et
434 5446 502 5500 ad
526 5447 731 5504 Christi
763 5450 858 5506 Dei
890 5451 1124 5508 Verbum
1156 5462 1566 5519 concurrerent,
1604 5455 1693 5509 alii
1717 5471 1847 5510 vero
1884 5470 1915 5511 e

347 5539 628 5594 contrario
639 5540 740 5596 hos
759 5541 908 5611 ipsos
930 5553 1500 5616 Oppugnarent,atque
1519 5547 1588 5601 ad
1600 5547 1912 5617 hujusmodi

350 5625 568 5681 facinus
615 5643 646 5681 a
694 5630 1014 5689 domesticis
1060 5633 1401 5691 da‘monibus
1445 5638 1631 5693 furore
1674 5638 1908 5709 quodam

351 5718 780 5786 concitarentur,
826 5721 961 5777 adeo
994 5733 1052 5778 ut
1093 5723 1292 5780 fratres
1328 5741 1356 5778 a
1405 5725 1666 5785 fratribus
1697 5727 1903 5798 disjun-

2029 4544 2188 4615 μόνον
2211 4544 2303 4597 τὸν
2335 4544 2452 4610 ἕνα,
2477 4544 2569 4597 καὶ
2602 4542 2758 4613 μόνον
2789 4540 2958 4612 ἀληθῆ
2987 4541 3118 4595 Θεὸν
3143 4538 3385 4594 εὐσεϐεῖν
3414 4556 3592 4611 παριε-

2026 4638 2376 4709 κελευομένη,
2410 4637 2516 4690 τῶν
2553 4636 2609 4690 δέ
2653 4635 2917 4706 δαιμόνων
2946 4634 3072 4697 τοὺς
3123 4631 3289 4686 πάλαι
3317 4628 3591 4700 πεπλανη-

2030 4728 2222 4800 μένους
2265 4726 2566 4797 ἀφιστῶσα·
2610 4725 2842 4781 ἐνταῦθα
2878 4722 3060 4778 λοιπὸν
3106 4722 3207 4794 ἤδη
3251 4720 3591 4790 Αἰγυπτίοις,

2025 4817 2306 4890 ὼσπεροῦν
2333 4817 2426 4870 καὶ
2455 4819 2567 4879 τοῖς
2605 4815 2809 4876 λοιποῖς
2850 4812 3025 4866 ἔθνεσι
3043 4853 3059 4878 ,
3088 4811 3274 4874 στάσις
3303 4810 3396 4864 καὶ
3434 4809 3593 4864 πόλε·

2029 4925 2128 4979 μσς
2152 4907 2412 4980 ἐμφύλιος
2436 4907 2738 4971 συνίστατο,
2763 4903 2870 4959 τῶν
2907 4904 3006 4975 μὲν
3036 4901 3460 4974 ἀναχωρούντων
3491 4902 3591 4975 τῆς

2023 4998 2281 5054 πολυθέΟυ
2306 5000 2535 5069 πλάνης,
2564 4996 2759 5068 καὶτῷ
2795 4994 2929 5053 Θεοῦ
2969 4992 3204 5066 Χριστοῦ
3249 4992 3392 5065 λόγῳ
3417 5009 3589 5067 προσ-

2021 5092 2318 5164 τρεχὸντων
2336 5131 2351 5155 ,
2396 5089 2504 5143 τῶν
2546 5089 2605 5144 δέ
2644 5088 2702 5155 ἐξ
2747 5086 2993 5153 ἐναντίας
3032 5085 3238 5150 τούτοις
3287 5083 3589 5156 πολεμοῦν-

2020 5201 2149 5248 των,
2185 5183 2279 5237 καὶ
2307 5183 2412 5237 ὑπὸ
2437 5181 2543 5235 τῶν
2567 5180 2778 5235 οἰκείων
2810 5179 3081 5251 δαιμόνων
3107 5177 3588 5249 ἐξοιστρουμένων,

2020 5275 2097 5339 ὡς
2126 5274 2221 5328 καὶ
2250 5273 2513 5343 ἀδελφοὺς
2539 5273 2779 5344 ἀλλήλων
2810 5272 3148 5337 διίστασθαι,
3188 5269 3281 5325 καὶ
3312 5270 3439 5333 τοὺς
3470 5267 3590 5338 eo.

2020 5365 2213 5427 τάτους
2237 5364 2323 5418 διὰ
2366 5363 2535 5433 ξιφῶν
2571 5366 2768 5434 χωρεῖν
2812 5365 2911 5434 τῆς
2949 5362 3042 5416 τοῦ
3074 5360 3307 5436 Χριστοῦ
3332 5359 3587 5413 διδασκα-

2020 5456 2138 5520 λίας
2167 5457 2368 5510 ἕνεκεν.
2395 5457 2562 5527 Φησὶν
2587 5461 2615 5510 ὁ
2640 5457 2882 5528 χρησμός
2899 5475 2912 5488 ⁸
2950 5476 2969 5509 ι
2995 5457 3104 5511 Καὶ
3126 5453 3584 5527 ἐπεγερθήσονται

2017 5547 2303 5615 Αἰγύπτιοι
2335 5547 2420 5599 ἐπ’
2449 5546 2796 5614 Αἰγυπτίους,
2827 5546 2922 5601 καὶ
2965 5545 3259 5617 πολεμήσει
3298 5540 3584 5612 ἄνθρωπος

2018 5638 2107 5692 τὸν
2152 5639 2376 5708 ἀδελφὸν
2414 5638 2611 5704 αὑτοῦ,
2654 5638 2747 5692 καὶ
2792 5638 3072 5709 ἄνθρωπος
3108 5637 3200 5691 τὸν
3232 5633 3459 5706 πλησίον
3486 5630 3580 5687 αὺ-

2016 5726 2128 5780 τοῦ.
2166 5748 2185 5779 ι
2218 5726 2506 5780 Πιστοῦται
2552 5727 2607 5781 δὲ
2645 5729 2740 5800 την
2785 5727 3119 5800 προφητικὴν
3163 5727 3462 5798 πρόρρησιν
3487 5723 3581 5778 καὶ
