  <div class='ocr_page' id='page_1' title='image "/cluster/home/n/w/nwhite01/storage/ocr_20150623/22/mdp.39015078384388/254.png"; bbox 0 0 3902 6264; ppageno 0'>
   <div class='ocr_carea' id='block_1_1' title="bbox 213 321 306 387">
    <p class='ocr_par' dir='ltr' id='par_1_1' title="bbox 213 321 306 387">
     <span class='ocr_line' id='line_1_1' title="bbox 213 321 306 387; baseline 0 0"><span class='ocrx_word' id='word_1_1' title='bbox 213 321 306 387; x_wconf 65' lang='grc' dir='ltr'><strong>ηδ</strong></span> 
     </span>
    </p>
   </div>
   <div class='ocr_carea' id='block_1_2' title="bbox 1095 296 2534 382">
    <p class='ocr_par' dir='ltr' id='par_1_2' title="bbox 1095 296 2534 382">
     <span class='ocr_line' id='line_1_2' title="bbox 1095 296 2534 382; baseline 0.007 -10"><span class='ocrx_word' id='word_1_2' title='bbox 1095 296 1750 376; x_wconf 68' lang='lat' dir='ltr'><strong>DEMONSTRATIONIS</strong></span> <span class='ocrx_word' id='word_1_3' title='bbox 1781 319 2240 379; x_wconf 61' lang='lat' dir='ltr'><strong>summam</strong></span> <span class='ocrx_word' id='word_1_4' title='bbox 2281 323 2406 381; x_wconf 82' lang='lat' dir='ltr'><strong>Lm.</strong></span> <span class='ocrx_word' id='word_1_5' title='bbox 2447 325 2534 382; x_wconf 80' lang='lat' dir='ltr'><strong>vr.</strong></span> 
     </span>
    </p>
   </div>
   <div class='ocr_carea' id='block_1_3' title="bbox 3307 335 3412 388">
    <p class='ocr_par' dir='ltr' id='par_1_3' title="bbox 3307 335 3412 388">
     <span class='ocr_line' id='line_1_3' title="bbox 3307 335 3412 388; baseline -0.01 0"><span class='ocrx_word' id='word_1_6' title='bbox 3307 335 3412 388; x_wconf 60' lang='lat'><strong>474</strong></span> 
     </span>
    </p>
   </div>
   <div class='ocr_carea' id='block_1_4' title="bbox 211 427 1733 507">
    <p class='ocr_par' dir='ltr' id='par_1_4' title="bbox 211 427 1733 500">
     <span class='ocr_line' id='line_1_4' title="bbox 211 427 1733 500; baseline -0.011 -4"><span class='ocrx_word' id='word_1_7' title='bbox 211 429 352 494; x_wconf 72' lang='grc' dir='ltr'>αὐτὸς</span> <span class='ocrx_word' id='word_1_8' title='bbox 380 432 407 483; x_wconf 79' lang='grc' dir='ltr'>ό</span> <span class='ocrx_word' id='word_1_9' title='bbox 432 428 613 500; x_wconf 80' lang='grc' dir='ltr'>Σωτὴρ</span> <span class='ocrx_word' id='word_1_10' title='bbox 651 427 828 498; x_wconf 79' lang='grc' dir='ltr'>ἡμῶν,</span> <span class='ocrx_word' id='word_1_11' title='bbox 861 428 1082 496; x_wconf 78' lang='grc' dir='ltr'><strong>φάσκων</strong></span> <span class='ocrx_word' id='word_1_12' title='bbox 1131 433 1188 484; x_wconf 91' lang='grc' dir='ltr'><strong>ἐν</strong></span> <span class='ocrx_word' id='word_1_13' title='bbox 1229 433 1342 494; x_wconf 85' lang='grc' dir='ltr'>τοῖς</span> <span class='ocrx_word' id='word_1_14' title='bbox 1375 431 1733 500; x_wconf 60' lang='grc' dir='ltr'>Εὑαγγελίοιςι</span> 
     </span>
    </p>
   </div>
   <div class='ocr_carea' id='block_1_5' title="bbox 1832 427 3410 507">
    <p class='ocr_par' dir='ltr' id='par_1_5' title="bbox 1845 438 3410 507">
     <span class='ocr_line' id='line_1_5' title="bbox 1845 438 3410 507; baseline 0.012 -19"><span class='ocrx_word' id='word_1_15' title='bbox 1845 444 2125 503; x_wconf 78' lang='lat' dir='ltr'><strong>gerentur,</strong></span> <span class='ocrx_word' id='word_1_16' title='bbox 2151 444 2206 492; x_wconf 85' lang='lat' dir='ltr'><strong>et</strong></span> <span class='ocrx_word' id='word_1_17' title='bbox 2230 438 2491 494; x_wconf 64' lang='lat' dir='ltr'><strong>doctrinae</strong></span> <span class='ocrx_word' id='word_1_18' title='bbox 2517 439 2721 495; x_wconf 82' lang='lat' dir='ltr'><strong>Christi</strong></span> <span class='ocrx_word' id='word_1_19' title='bbox 2750 456 2936 507; x_wconf 84' lang='lat' dir='ltr'><strong>causa,</strong></span> <span class='ocrx_word' id='word_1_20' title='bbox 2961 446 3119 500; x_wconf 86' lang='lat' dir='ltr'><strong>etiam</strong></span> <span class='ocrx_word' id='word_1_21' title='bbox 3148 447 3410 507; x_wconf 86' lang='lat' dir='ltr'><strong>charissi-</strong></span> 
     </span>
    </p>
   </div>
   <div class='ocr_carea' id='block_1_6' title="bbox 213 519 1745 590">
    <p class='ocr_par' dir='ltr' id='par_1_6' title="bbox 213 519 1745 590">
     <span class='ocr_line' id='line_1_6' title="bbox 213 519 1745 590; baseline -0.001 -11"><span class='ocrx_word' id='word_1_22' title='bbox 213 544 230 579; x_wconf 76' lang='grc' dir='ltr'><strong>ι</strong></span> <span class='ocrx_word' id='word_1_23' title='bbox 258 519 556 590; x_wconf 82' lang='grc' dir='ltr'>Παραδώσει</span> <span class='ocrx_word' id='word_1_24' title='bbox 579 519 803 588; x_wconf 83' lang='grc' dir='ltr'>ἁδελφὸς</span> <span class='ocrx_word' id='word_1_25' title='bbox 838 520 1063 588; x_wconf 84' lang='grc' dir='ltr'>ἀδελφὸν</span> <span class='ocrx_word' id='word_1_26' title='bbox 1096 523 1172 585; x_wconf 80' lang='grc' dir='ltr'>εἰς</span> <span class='ocrx_word' id='word_1_27' title='bbox 1214 520 1459 584; x_wconf 86' lang='grc' dir='ltr'>θάνατον,</span> <span class='ocrx_word' id='word_1_28' title='bbox 1505 523 1598 576; x_wconf 73' lang='grc' dir='ltr'><strong>καὶ</strong></span> <span class='ocrx_word' id='word_1_29' title='bbox 1639 539 1745 578; x_wconf 89' lang='grc' dir='ltr'>πα-</span> 
     </span>
    </p>
   </div>
   <div class='ocr_carea' id='block_1_7' title="bbox 205 612 1740 686">
    <p class='ocr_par' dir='ltr' id='par_1_7' title="bbox 205 612 1740 686">
     <span class='ocr_line' id='line_1_7' title="bbox 205 612 1740 686; baseline 0 -21"><span class='ocrx_word' id='word_1_30' title='bbox 205 617 294 686; x_wconf 81' lang='grc' dir='ltr'>τὴρ</span> <span class='ocrx_word' id='word_1_31' title='bbox 336 613 548 677; x_wconf 85' lang='grc' dir='ltr'>τέκνον,</span> <span class='ocrx_word' id='word_1_32' title='bbox 579 613 673 664; x_wconf 79' lang='grc' dir='ltr'>καὶ</span> <span class='ocrx_word' id='word_1_33' title='bbox 713 612 1174 682; x_wconf 77' lang='grc' dir='ltr'><strong>ἐπαναστήσονται</strong></span> <span class='ocrx_word' id='word_1_34' title='bbox 1218 613 1383 666; x_wconf 85' lang='grc' dir='ltr'>τέκνα</span> <span class='ocrx_word' id='word_1_35' title='bbox 1426 613 1518 665; x_wconf 71' lang='grc' dir='ltr'><strong>ἐπὶ</strong></span> <span class='ocrx_word' id='word_1_36' title='bbox 1545 616 1740 681; x_wconf 81' lang='grc' dir='ltr'><strong>γονεῖς,</strong></span> 
     </span>
    </p>
   </div>
   <div class='ocr_carea' id='block_1_8' title="bbox 206 699 1743 776">
    <p class='ocr_par' dir='ltr' id='par_1_8' title="bbox 206 699 1743 776">
     <span class='ocr_line' id='line_1_8' title="bbox 206 699 1743 776; baseline 0.001 -20"><span class='ocrx_word' id='word_1_37' title='bbox 206 707 284 761; x_wconf 68' lang='grc' dir='ltr'><strong>καὶ</strong></span> <span class='ocrx_word' id='word_1_38' title='bbox 313 702 697 756; x_wconf 84' lang='grc' dir='ltr'>θανατώσουσιν</span> <span class='ocrx_word' id='word_1_39' title='bbox 738 700 949 766; x_wconf 80' lang='grc' dir='ltr'>αὐτούς.</span> <span class='ocrx_word' id='word_1_40' title='bbox 999 721 1017 753; x_wconf 73' lang='grc' dir='ltr'><strong>ι</strong></span> <span class='ocrx_word' id='word_1_41' title='bbox 1059 704 1168 756; x_wconf 78' lang='grc' dir='ltr'><strong>Καὶ</strong></span> <span class='ocrx_word' id='word_1_42' title='bbox 1201 699 1381 767; x_wconf 58' lang='grc' dir='ltr'>αὖθις</span> <span class='ocrx_word' id='word_1_43' title='bbox 1417 723 1435 755; x_wconf 84' lang='grc'><strong><em>‹</em></strong></span> <span class='ocrx_word' id='word_1_44' title='bbox 1474 704 1563 775; x_wconf 82' lang='grc' dir='ltr'><strong>Μὴ</strong></span> <span class='ocrx_word' id='word_1_45' title='bbox 1595 707 1743 776; x_wconf 91' lang='grc' dir='ltr'>νομί-</span> 
     </span>
    </p>
   </div>
   <div class='ocr_carea' id='block_1_9' title="bbox 204 786 1743 864">
    <p class='ocr_par' dir='ltr' id='par_1_9' title="bbox 204 786 1743 864">
     <span class='ocr_line' id='line_1_9' title="bbox 204 786 1743 864; baseline 0.001 -19"><span class='ocrx_word' id='word_1_46' title='bbox 204 811 336 864; x_wconf 84' lang='grc' dir='ltr'>σητε,</span> <span class='ocrx_word' id='word_1_47' title='bbox 367 793 445 845; x_wconf 82' lang='grc' dir='ltr'>ὅτι</span> <span class='ocrx_word' id='word_1_48' title='bbox 489 786 648 861; x_wconf 82' lang='grc' dir='ltr'>ἦλθον</span> <span class='ocrx_word' id='word_1_49' title='bbox 687 791 906 862; x_wconf 79' lang='grc' dir='ltr'>εἰρήνην</span> <span class='ocrx_word' id='word_1_50' title='bbox 947 790 1126 844; x_wconf 88' lang='grc' dir='ltr'>δοῦναι</span> <span class='ocrx_word' id='word_1_51' title='bbox 1160 792 1217 843; x_wconf 83' lang='grc' dir='ltr'><strong>ἐν</strong></span> <span class='ocrx_word' id='word_1_52' title='bbox 1238 794 1303 862; x_wconf 85' lang='grc' dir='ltr'>τῇ</span> <span class='ocrx_word' id='word_1_53' title='bbox 1333 795 1424 863; x_wconf 80' lang='grc' dir='ltr'><strong>γῇ,</strong></span> <span class='ocrx_word' id='word_1_54' title='bbox 1453 793 1572 862; x_wconf 71' lang='grc' dir='ltr'>οὐχὶ</span> <span class='ocrx_word' id='word_1_55' title='bbox 1603 793 1743 862; x_wconf 90' lang='grc' dir='ltr'>λέγω</span> 
     </span>
    </p>
   </div>
   <div class='ocr_carea' id='block_1_10' title="bbox 205 881 1741 955">
    <p class='ocr_par' dir='ltr' id='par_1_10' title="bbox 205 881 1741 955">
     <span class='ocr_line' id='line_1_10' title="bbox 205 881 1741 955; baseline -0.002 -16"><span class='ocrx_word' id='word_1_56' title='bbox 205 885 332 954; x_wconf 79' lang='grc' dir='ltr'>ὑμῖν,</span> <span class='ocrx_word' id='word_1_57' title='bbox 357 883 466 934; x_wconf 83' lang='grc' dir='ltr'>ἀλλ’</span> <span class='ocrx_word' id='word_1_58' title='bbox 496 882 529 953; x_wconf 77' lang='grc' dir='ltr'>ἢ</span> <span class='ocrx_word' id='word_1_59' title='bbox 567 881 956 953; x_wconf 84' lang='grc' dir='ltr'>διαμερισμόν·</span> <span class='ocrx_word' id='word_1_60' title='bbox 999 882 1208 936; x_wconf 81' lang='grc' dir='ltr'>ἔσονται</span> <span class='ocrx_word' id='word_1_61' title='bbox 1244 885 1353 955; x_wconf 86' lang='grc' dir='ltr'><strong>γὰρ</strong></span> <span class='ocrx_word' id='word_1_62' title='bbox 1382 885 1488 938; x_wconf 84' lang='grc' dir='ltr'>ἀπὸ</span> <span class='ocrx_word' id='word_1_63' title='bbox 1522 885 1614 937; x_wconf 87' lang='grc' dir='ltr'><strong>τοῦ</strong></span> <span class='ocrx_word' id='word_1_64' title='bbox 1648 884 1741 937; x_wconf 91' lang='grc' dir='ltr'><strong>νῦν</strong></span> 
     </span>
    </p>
   </div>
   <div class='ocr_carea' id='block_1_11' title="bbox 204 973 1742 1047">
    <p class='ocr_par' dir='ltr' id='par_1_11' title="bbox 204 973 1742 1047">
     <span class='ocr_line' id='line_1_11' title="bbox 204 973 1742 1047; baseline 0.002 -19"><span class='ocrx_word' id='word_1_65' title='bbox 204 975 338 1028; x_wconf 87' lang='grc' dir='ltr'>πέντε</span> <span class='ocrx_word' id='word_1_66' title='bbox 364 976 418 1026; x_wconf 82' lang='grc' dir='ltr'><strong>ἐν</strong></span> <span class='ocrx_word' id='word_1_67' title='bbox 451 973 584 1044; x_wconf 78' lang='grc' dir='ltr'>οἴκῳ</span> <span class='ocrx_word' id='word_1_68' title='bbox 615 973 696 1026; x_wconf 63' lang='grc' dir='ltr'>ἐν).</span> <span class='ocrx_word' id='word_1_69' title='bbox 738 973 1236 1046; x_wconf 67' lang='grc' dir='ltr'>διαμεμερισμένοι*</span> <span class='ocrx_word' id='word_1_70' title='bbox 1273 979 1423 1047; x_wconf 82' lang='grc' dir='ltr'>τρεῖς</span> <span class='ocrx_word' id='word_1_71' title='bbox 1449 978 1542 1030; x_wconf 74' lang='grc' dir='ltr'><strong>ἐπὶ</strong></span> <span class='ocrx_word' id='word_1_72' title='bbox 1569 977 1742 1041; x_wconf 68' lang='grc' dir='ltr'>δυσὶν,</span> 
     </span>
    </p>
   </div>
   <div class='ocr_carea' id='block_1_12' title="bbox 201 1061 1738 1138">
    <p class='ocr_par' dir='ltr' id='par_1_12' title="bbox 201 1061 1738 1138">
     <span class='ocr_line' id='line_1_12' title="bbox 201 1061 1738 1138; baseline 0.002 -23"><span class='ocrx_word' id='word_1_73' title='bbox 201 1063 388 1115; x_wconf 76' lang='grc' dir='ltr'>καὶδύο</span> <span class='ocrx_word' id='word_1_74' title='bbox 419 1062 509 1112; x_wconf 75' lang='grc' dir='ltr'><strong>ἐπὶ</strong></span> <span class='ocrx_word' id='word_1_75' title='bbox 546 1061 706 1132; x_wconf 87' lang='grc' dir='ltr'>τρισί.</span> <span class='ocrx_word' id='word_1_76' title='bbox 736 1062 1246 1134; x_wconf 82' lang='grc' dir='ltr'>Διαμερισθήσονται</span> <span class='ocrx_word' id='word_1_77' title='bbox 1282 1066 1457 1138; x_wconf 77' lang='grc' dir='ltr'>πατὴρ</span> <span class='ocrx_word' id='word_1_78' title='bbox 1495 1066 1584 1119; x_wconf 73' lang='grc' dir='ltr'><strong>ἐπὶ</strong></span> <span class='ocrx_word' id='word_1_79' title='bbox 1617 1066 1738 1136; x_wconf 84' lang='grc' dir='ltr'><strong>υίῴ,</strong></span> 
     </span>
    </p>
   </div>
   <div class='ocr_carea' id='block_1_13' title="bbox 200 1153 1742 1231">
    <p class='ocr_par' dir='ltr' id='par_1_13' title="bbox 200 1153 1742 1231">
     <span class='ocr_line' id='line_1_13' title="bbox 200 1153 1742 1231; baseline 0.003 -25"><span class='ocrx_word' id='word_1_80' title='bbox 200 1153 277 1207; x_wconf 78' lang='grc' dir='ltr'>καὶ</span> <span class='ocrx_word' id='word_1_81' title='bbox 315 1154 419 1216; x_wconf 72' lang='grc' dir='ltr'>υἱὸς</span> <span class='ocrx_word' id='word_1_82' title='bbox 459 1153 556 1204; x_wconf 72' lang='grc' dir='ltr'><strong>ἐπὶ</strong></span> <span class='ocrx_word' id='word_1_83' title='bbox 593 1153 778 1223; x_wconf 82' lang='grc' dir='ltr'>πατρὶ,</span> <span class='ocrx_word' id='word_1_84' title='bbox 832 1155 1009 1226; x_wconf 90' lang='grc' dir='ltr'>μήτηρ</span> <span class='ocrx_word' id='word_1_85' title='bbox 1051 1157 1144 1210; x_wconf 76' lang='grc' dir='ltr'><strong>ἐπὶ</strong></span> <span class='ocrx_word' id='word_1_86' title='bbox 1180 1158 1285 1228; x_wconf 80' lang='grc' dir='ltr'>τὴν</span> <span class='ocrx_word' id='word_1_87' title='bbox 1328 1157 1620 1231; x_wconf 81' lang='grc' dir='ltr'>θυγατέρα,</span> <span class='ocrx_word' id='word_1_88' title='bbox 1649 1161 1742 1212; x_wconf 75' lang='grc' dir='ltr'><strong>καὶ</strong></span> 
     </span>
    </p>
   </div>
   <div class='ocr_carea' id='block_1_14' title="bbox 199 1243 1737 1321">
    <p class='ocr_par' dir='ltr' id='par_1_14' title="bbox 199 1243 1737 1321">
     <span class='ocr_line' id='line_1_14' title="bbox 199 1243 1737 1321; baseline 0.003 -24"><span class='ocrx_word' id='word_1_89' title='bbox 199 1244 414 1315; x_wconf 73' lang='grc' dir='ltr'>Θυγάτηρ</span> <span class='ocrx_word' id='word_1_90' title='bbox 461 1244 556 1297; x_wconf 76' lang='grc' dir='ltr'><strong>ἐπὶ</strong></span> <span class='ocrx_word' id='word_1_91' title='bbox 582 1243 681 1315; x_wconf 71' lang='grc' dir='ltr'>τὴν</span> <span class='ocrx_word' id='word_1_92' title='bbox 726 1244 958 1316; x_wconf 86' lang='grc' dir='ltr'>μητέρα,</span> <span class='ocrx_word' id='word_1_93' title='bbox 993 1245 1230 1318; x_wconf 84' lang='grc' dir='ltr'>πενθερὰ</span> <span class='ocrx_word' id='word_1_94' title='bbox 1259 1248 1350 1300; x_wconf 74' lang='grc' dir='ltr'><strong>ἐπὶ</strong></span> <span class='ocrx_word' id='word_1_95' title='bbox 1377 1248 1472 1320; x_wconf 76' lang='grc' dir='ltr'><strong>τήν</strong></span> <span class='ocrx_word' id='word_1_96' title='bbox 1501 1249 1737 1321; x_wconf 82' lang='grc' dir='ltr'>νύμφην,</span> 
     </span>
    </p>
   </div>
   <div class='ocr_carea' id='block_1_15' title="bbox 198 1337 1739 1416">
    <p class='ocr_par' dir='ltr' id='par_1_15' title="bbox 198 1337 1739 1416">
     <span class='ocr_line' id='line_1_15' title="bbox 198 1337 1739 1416; baseline 0.015 -37"><span class='ocrx_word' id='word_1_97' title='bbox 198 1339 274 1392; x_wconf 63' lang='grc' dir='ltr'><strong>καὶ</strong></span> <span class='ocrx_word' id='word_1_98' title='bbox 314 1338 490 1408; x_wconf 71' lang='grc' dir='ltr'>νύμφη</span> <span class='ocrx_word' id='word_1_99' title='bbox 540 1337 634 1390; x_wconf 80' lang='grc' dir='ltr'><strong>ἐπὶ</strong></span> <span class='ocrx_word' id='word_1_100' title='bbox 671 1339 768 1410; x_wconf 82' lang='grc' dir='ltr'>τὴν</span> <span class='ocrx_word' id='word_1_101' title='bbox 812 1339 1096 1412; x_wconf 85' lang='grc' dir='ltr'>πενθεράν.</span> <span class='ocrx_word' id='word_1_102' title='bbox 1145 1360 1163 1392; x_wconf 71' lang='grc' dir='ltr'><strong>ι</strong></span> <span class='ocrx_word' id='word_1_103' title='bbox 1195 1342 1259 1394; x_wconf 92' lang='grc' dir='ltr'>Τί</span> <span class='ocrx_word' id='word_1_104' title='bbox 1301 1343 1409 1416; x_wconf 68' lang='grc' dir='ltr'>γὰρ</span> <span class='ocrx_word' id='word_1_105' title='bbox 1445 1343 1614 1399; x_wconf 80' lang='grc' dir='ltr'>ταῦτα</span> <span class='ocrx_word' id='word_1_106' title='bbox 1642 1345 1739 1414; x_wconf 73' lang='grc' dir='ltr'><strong>τῆς</strong></span> 
     </span>
    </p>
   </div>
   <div class='ocr_carea' id='block_1_16' title="bbox 197 1429 1740 1506">
    <p class='ocr_par' dir='ltr' id='par_1_16' title="bbox 197 1429 1740 1506">
     <span class='ocr_line' id='line_1_16' title="bbox 197 1429 1740 1506; baseline 0.004 -24"><span class='ocrx_word' id='word_1_107' title='bbox 197 1431 506 1502; x_wconf 59' lang='grc' dir='ltr'>πμφητικῆς</span> <span class='ocrx_word' id='word_1_108' title='bbox 539 1430 782 1502; x_wconf 83' lang='grc' dir='ltr'>διαφέροι</span> <span class='ocrx_word' id='word_1_109' title='bbox 825 1429 889 1484; x_wconf 87' lang='grc' dir='ltr'><strong>ἂν</strong></span> <span class='ocrx_word' id='word_1_110' title='bbox 925 1431 1140 1501; x_wconf 77' lang='grc' dir='ltr'>φωνῆς,</span> <span class='ocrx_word' id='word_1_111' title='bbox 1175 1433 1268 1485; x_wconf 64' lang='grc' dir='ltr'><strong>ἐπ)⁸</strong></span> <span class='ocrx_word' id='word_1_112' title='bbox 1299 1437 1370 1505; x_wconf 80' lang='grc' dir='ltr'>τῇ</span> <span class='ocrx_word' id='word_1_113' title='bbox 1411 1435 1501 1488; x_wconf 84' lang='grc' dir='ltr'><strong>τοῦ</strong></span> <span class='ocrx_word' id='word_1_114' title='bbox 1538 1437 1740 1506; x_wconf 80' lang='grc' dir='ltr'>Κυρίου</span> 
     </span>
    </p>
   </div>
   <div class='ocr_carea' id='block_1_17' title="bbox 197 1521 1736 1597">
    <p class='ocr_par' dir='ltr' id='par_1_17' title="bbox 197 1521 1736 1597">
     <span class='ocr_line' id='line_1_17' title="bbox 197 1521 1736 1597; baseline 0.003 -22"><span class='ocrx_word' id='word_1_115' title='bbox 197 1525 262 1587; x_wconf 79' lang='grc' dir='ltr'>εἰς</span> <span class='ocrx_word' id='word_1_116' title='bbox 296 1523 559 1591; x_wconf 73' lang='grc' dir='ltr'>Αἴγυπτον</span> <span class='ocrx_word' id='word_1_117' title='bbox 606 1523 879 1594; x_wconf 77' lang='grc' dir='ltr'>παρουσίᾳ</span> <span class='ocrx_word' id='word_1_118' title='bbox 922 1521 1224 1594; x_wconf 78' lang='grc' dir='ltr'>λεγούσης,</span> <span class='ocrx_word' id='word_1_119' title='bbox 1274 1526 1736 1597; x_wconf 85' lang='grc' dir='ltr'>ἐπεγερθήσεσθαι</span> 
     </span>
    </p>
   </div>
   <div class='ocr_carea' id='block_1_18' title="bbox 195 1612 1738 1688">
    <p class='ocr_par' dir='ltr' id='par_1_18' title="bbox 195 1612 1738 1688">
     <span class='ocr_line' id='line_1_18' title="bbox 195 1612 1738 1688; baseline 0.002 -21"><span class='ocrx_word' id='word_1_120' title='bbox 195 1614 490 1682; x_wconf 76' lang='grc' dir='ltr'>Αἰγυπτίους</span> <span class='ocrx_word' id='word_1_121' title='bbox 525 1615 648 1667; x_wconf 89' lang='grc' dir='ltr'>κατ’</span> <span class='ocrx_word' id='word_1_122' title='bbox 676 1612 1016 1682; x_wconf 75' lang='grc' dir='ltr'><strong>Αἰγυπτίων,</strong></span> <span class='ocrx_word' id='word_1_123' title='bbox 1047 1613 1140 1667; x_wconf 73' lang='grc' dir='ltr'><strong>καὶ</strong></span> <span class='ocrx_word' id='word_1_124' title='bbox 1176 1615 1502 1688; x_wconf 77' lang='grc' dir='ltr'>πολεμήσειν</span> <span class='ocrx_word' id='word_1_125' title='bbox 1528 1617 1738 1685; x_wconf 83' lang='grc' dir='ltr'>ἄνθρω-</span> 
     </span>
    </p>
   </div>
   <div class='ocr_carea' id='block_1_19' title="bbox 196 1701 1734 1774">
    <p class='ocr_par' dir='ltr' id='par_1_19' title="bbox 196 1701 1734 1774">
     <span class='ocr_line' id='line_1_19' title="bbox 196 1701 1734 1774; baseline -0.001 -18"><span class='ocrx_word' id='word_1_126' title='bbox 196 1721 274 1760; x_wconf 85' lang='grc' dir='ltr'><strong>πον</strong></span> <span class='ocrx_word' id='word_1_127' title='bbox 315 1704 397 1757; x_wconf 86' lang='grc' dir='ltr'><strong>τὸν</strong></span> <span class='ocrx_word' id='word_1_128' title='bbox 435 1702 662 1772; x_wconf 80' lang='grc' dir='ltr'>ἀδελφὸν</span> <span class='ocrx_word' id='word_1_129' title='bbox 689 1701 891 1766; x_wconf 61' lang='lat' dir='ltr'><strong>aiatait;</strong></span> <span class='ocrx_word' id='word_1_130' title='bbox 926 1701 1036 1754; x_wconf 76' lang='lat' dir='ltr'><strong>Kal.</strong></span> <span class='ocrx_word' id='word_1_131' title='bbox 1070 1701 1231 1772; x_wconf 90' lang='grc' dir='ltr'>νόμος</span> <span class='ocrx_word' id='word_1_132' title='bbox 1269 1703 1323 1756; x_wconf 86' lang='grc' dir='ltr'>δὲ</span> <span class='ocrx_word' id='word_1_133' title='bbox 1354 1707 1382 1757; x_wconf 86' lang='grc' dir='ltr'>ὀ</span> <span class='ocrx_word' id='word_1_134' title='bbox 1409 1703 1506 1774; x_wconf 80' lang='grc' dir='ltr'>τῆς</span> <span class='ocrx_word' id='word_1_135' title='bbox 1529 1703 1734 1773; x_wconf 85' lang='grc' dir='ltr'>Καινῆς</span> 
     </span>
    </p>
   </div>
   <div class='ocr_carea' id='block_1_20' title="bbox 193 1777 1806 1864">
    <p class='ocr_par' dir='ltr' id='par_1_20' title="bbox 193 1777 1806 1864">
     <span class='ocr_line' id='line_1_20' title="bbox 193 1777 1806 1864; baseline -0.001 -19"><span class='ocrx_word' id='word_1_136' title='bbox 193 1792 432 1863; x_wconf 79' lang='grc' dir='ltr'>Διαθήκης</span> <span class='ocrx_word' id='word_1_137' title='bbox 469 1791 563 1844; x_wconf 88' lang='grc' dir='ltr'><strong>τοῦ</strong></span> <span class='ocrx_word' id='word_1_138' title='bbox 604 1790 839 1863; x_wconf 76' lang='grc' dir='ltr'>Χριστοῦ</span> <span class='ocrx_word' id='word_1_139' title='bbox 886 1791 976 1844; x_wconf 75' lang='grc' dir='ltr'><strong>ἐπὶ</strong></span> <span class='ocrx_word' id='word_1_140' title='bbox 1023 1791 1187 1863; x_wconf 90' lang='grc' dir='ltr'>νόμον</span> <span class='ocrx_word' id='word_1_141' title='bbox 1218 1791 1309 1846; x_wconf 81' lang='grc' dir='ltr'>τὸν</span> <span class='ocrx_word' id='word_1_142' title='bbox 1342 1793 1440 1864; x_wconf 86' lang='grc' dir='ltr'><strong>τῆς</strong></span> <span class='ocrx_word' id='word_1_143' title='bbox 1474 1791 1733 1846; x_wconf 86' lang='grc' dir='ltr'>πολυθέου</span> <span class='ocrx_word' id='word_1_144' title='bbox 1764 1777 1806 1832; x_wconf 78' lang='grc' dir='ltr'><strong>Β</strong></span> 
     </span>
    </p>
   </div>
   <div class='ocr_carea' id='block_1_21' title="bbox 191 1867 1735 1954">
    <p class='ocr_par' dir='ltr' id='par_1_21' title="bbox 191 1867 1735 1954">
     <span class='ocr_line' id='line_1_21' title="bbox 191 1867 1735 1954; baseline 0 -19"><span class='ocrx_word' id='word_1_145' title='bbox 191 1881 584 1951; x_wconf 80' lang='grc' dir='ltr'>δεισιδαιμονίας</span> <span class='ocrx_word' id='word_1_146' title='bbox 659 1867 944 1954; x_wconf 75' lang='grc' dir='ltr'>ἠγείρετο,</span> <span class='ocrx_word' id='word_1_147' title='bbox 1007 1881 1096 1934; x_wconf 77' lang='grc' dir='ltr'>ὅτε</span> <span class='ocrx_word' id='word_1_148' title='bbox 1168 1881 1275 1936; x_wconf 86' lang='grc' dir='ltr'><strong>τῶν</strong></span> <span class='ocrx_word' id='word_1_149' title='bbox 1336 1882 1735 1954; x_wconf 81' lang='grc' dir='ltr'>είδωλολατρῶν</span> 
     </span>
    </p>
   </div>
   <div class='ocr_carea' id='block_1_22' title="bbox 193 1971 1736 2048">
    <p class='ocr_par' dir='ltr' id='par_1_22' title="bbox 193 1971 1736 2048">
     <span class='ocr_line' id='line_1_22' title="bbox 193 1971 1736 2048; baseline 0.003 -23"><span class='ocrx_word' id='word_1_150' title='bbox 193 1971 333 2026; x_wconf 83' lang='grc' dir='ltr'>ἐθνῶν</span> <span class='ocrx_word' id='word_1_151' title='bbox 359 1975 517 2047; x_wconf 88' lang='grc' dir='ltr'>νόμος</span> <span class='ocrx_word' id='word_1_152' title='bbox 539 1974 640 2044; x_wconf 81' lang='grc' dir='ltr'>τὴν</span> <span class='ocrx_word' id='word_1_153' title='bbox 669 1974 904 2048; x_wconf 82' lang='grc' dir='ltr'>Χριστοῦ</span> <span class='ocrx_word' id='word_1_154' title='bbox 951 1973 1204 2045; x_wconf 89' lang='grc' dir='ltr'>πολεμῶν</span> <span class='ocrx_word' id='word_1_155' title='bbox 1241 1977 1605 2040; x_wconf 83' lang='grc' dir='ltr'>διδασκαλίαν,</span> <span class='ocrx_word' id='word_1_156' title='bbox 1637 1977 1736 2030; x_wconf 84' lang='grc' dir='ltr'>πό-</span> 
     </span>
    </p>
   </div>
   <div class='ocr_carea' id='block_1_23' title="bbox 191 2063 1734 2143">
    <p class='ocr_par' dir='ltr' id='par_1_23' title="bbox 191 2063 1734 2143">
     <span class='ocr_line' id='line_1_23' title="bbox 191 2063 1734 2143; baseline 0.003 -26"><span class='ocrx_word' id='word_1_157' title='bbox 191 2063 258 2128; x_wconf 78' lang='grc' dir='ltr'><strong>λις</strong></span> <span class='ocrx_word' id='word_1_158' title='bbox 279 2081 331 2117; x_wconf 87' lang='grc' dir='ltr'><strong>τε</strong></span> <span class='ocrx_word' id='word_1_159' title='bbox 366 2067 457 2120; x_wconf 76' lang='grc' dir='ltr'><strong>καὶ</strong></span> <span class='ocrx_word' id='word_1_160' title='bbox 481 2067 730 2122; x_wconf 80' lang='grc' dir='ltr'>πολιτεία</span> <span class='ocrx_word' id='word_1_161' title='bbox 766 2069 867 2139; x_wconf 83' lang='grc' dir='ltr'>τῆς</span> <span class='ocrx_word' id='word_1_162' title='bbox 907 2071 964 2124; x_wconf 86' lang='grc' dir='ltr'><strong>ἐν</strong></span> <span class='ocrx_word' id='word_1_163' title='bbox 990 2068 1210 2143; x_wconf 84' lang='grc' dir='ltr'>Χριστῷ</span> <span class='ocrx_word' id='word_1_164' title='bbox 1268 2069 1591 2141; x_wconf 86' lang='grc' dir='ltr'>Ἐκκλησίας</span> <span class='ocrx_word' id='word_1_165' title='bbox 1623 2073 1734 2134; x_wconf 88' lang='grc' dir='ltr'>τοῖς</span> 
     </span>
    </p>
   </div>
   <div class='ocr_carea' id='block_1_24' title="bbox 192 2158 1733 2234">
    <p class='ocr_par' dir='ltr' id='par_1_24' title="bbox 192 2158 1733 2234">
     <span class='ocr_line' id='line_1_24' title="bbox 192 2158 1733 2234; baseline 0.005 -24"><span class='ocrx_word' id='word_1_166' title='bbox 192 2158 278 2210; x_wconf 83' lang='grc' dir='ltr'><strong>τῶν</strong></span> <span class='ocrx_word' id='word_1_167' title='bbox 317 2160 552 2214; x_wconf 83' lang='grc' dir='ltr'>ἀπίστων</span> <span class='ocrx_word' id='word_1_168' title='bbox 601 2161 770 2215; x_wconf 87' lang='grc' dir='ltr'>ἐθνῶν</span> <span class='ocrx_word' id='word_1_169' title='bbox 819 2163 1210 2234; x_wconf 85' lang='grc' dir='ltr'>πολιτεύμασιν</span> <span class='ocrx_word' id='word_1_170' title='bbox 1257 2165 1599 2219; x_wconf 87' lang='grc' dir='ltr'>ἐπανίστατο.</span> <span class='ocrx_word' id='word_1_171' title='bbox 1643 2165 1733 2219; x_wconf 83' lang='grc' dir='ltr'><strong>Διὸ</strong></span> 
     </span>
    </p>
   </div>
   <div class='ocr_carea' id='block_1_25' title="bbox 190 2249 1724 2328">
    <p class='ocr_par' dir='ltr' id='par_1_25' title="bbox 190 2249 1724 2328">
     <span class='ocr_line' id='line_1_25' title="bbox 190 2249 1724 2328; baseline 0.005 -27"><span class='ocrx_word' id='word_1_172' title='bbox 190 2249 421 2304; x_wconf 82' lang='grc' dir='ltr'>λέλεκται·</span> <span class='ocrx_word' id='word_1_173' title='bbox 454 2271 474 2302; x_wconf 74' lang='grc' dir='ltr'><strong>ι</strong></span> <span class='ocrx_word' id='word_1_174' title='bbox 519 2253 683 2317; x_wconf 83' lang='grc' dir='ltr'>Πόλις</span> <span class='ocrx_word' id='word_1_175' title='bbox 721 2254 815 2307; x_wconf 75' lang='grc' dir='ltr'><strong>ἐπὶ</strong></span> <span class='ocrx_word' id='word_1_176' title='bbox 849 2255 1023 2319; x_wconf 85' lang='grc' dir='ltr'>πόλιν,</span> <span class='ocrx_word' id='word_1_177' title='bbox 1058 2256 1153 2310; x_wconf 68' lang='grc' dir='ltr'>καὶ</span> <span class='ocrx_word' id='word_1_178' title='bbox 1180 2255 1342 2328; x_wconf 83' lang='grc' dir='ltr'>νόμος</span> <span class='ocrx_word' id='word_1_179' title='bbox 1367 2257 1458 2308; x_wconf 77' lang='grc' dir='ltr'>ἐπὶ</span> <span class='ocrx_word' id='word_1_180' title='bbox 1491 2256 1670 2327; x_wconf 88' lang='grc' dir='ltr'>νόμον.</span> <span class='ocrx_word' id='word_1_181' title='bbox 1706 2276 1724 2308; x_wconf 70' lang='grc' dir='ltr'><strong>ι</strong></span> 
     </span>
    </p>
   </div>
   <div class='ocr_carea' id='block_1_26' title="bbox 194 2342 1732 2416">
    <p class='ocr_par' dir='ltr' id='par_1_26' title="bbox 194 2342 1732 2416">
     <span class='ocr_line' id='line_1_26' title="bbox 194 2342 1732 2416; baseline 0.005 -23"><span class='ocrx_word' id='word_1_182' title='bbox 194 2343 322 2394; x_wconf 83' lang='grc' dir='ltr'>Ἐστι</span> <span class='ocrx_word' id='word_1_183' title='bbox 343 2342 394 2395; x_wconf 86' lang='grc' dir='ltr'>δὲ</span> <span class='ocrx_word' id='word_1_184' title='bbox 415 2345 506 2397; x_wconf 77' lang='grc' dir='ltr'><strong>ἐπὶ</strong></span> <span class='ocrx_word' id='word_1_185' title='bbox 527 2345 740 2410; x_wconf 88' lang='grc' dir='ltr'>τούτοις</span> <span class='ocrx_word' id='word_1_186' title='bbox 764 2347 888 2411; x_wconf 78' lang='grc' dir='ltr'>τοὺς</span> <span class='ocrx_word' id='word_1_187' title='bbox 910 2349 1240 2416; x_wconf 84' lang='grc' dir='ltr'>Αἰγυπτίους</span> <span class='ocrx_word' id='word_1_188' title='bbox 1266 2348 1474 2412; x_wconf 83' lang='grc' dir='ltr'>πάντας</span> <span class='ocrx_word' id='word_1_189' title='bbox 1506 2348 1629 2411; x_wconf 77' lang='grc' dir='ltr'>τοὺς</span> <span class='ocrx_word' id='word_1_190' title='bbox 1655 2350 1732 2401; x_wconf 88' lang='grc' dir='ltr'>εί-</span> 
     </span>
    </p>
   </div>
   <div class='ocr_carea' id='block_1_27' title="bbox 188 2431 1731 2514">
    <p class='ocr_par' dir='ltr' id='par_1_27' title="bbox 188 2431 1731 2514">
     <span class='ocr_line' id='line_1_27' title="bbox 188 2431 1731 2514; baseline 0.007 -30"><span class='ocrx_word' id='word_1_191' title='bbox 188 2431 511 2507; x_wconf 80' lang='grc' dir='ltr'>δωλολάτρας,</span> <span class='ocrx_word' id='word_1_192' title='bbox 552 2435 616 2488; x_wconf 80' lang='grc' dir='ltr'><strong>τό</strong></span> <span class='ocrx_word' id='word_1_193' title='bbox 663 2453 723 2489; x_wconf 90' lang='grc' dir='ltr'><strong>τε</strong></span> <span class='ocrx_word' id='word_1_194' title='bbox 748 2438 1002 2514; x_wconf 75' lang='grc' dir='ltr'>ἐνεργοῦν</span> <span class='ocrx_word' id='word_1_195' title='bbox 1025 2442 1082 2492; x_wconf 90' lang='grc' dir='ltr'><strong>ἐν</strong></span> <span class='ocrx_word' id='word_1_196' title='bbox 1119 2441 1301 2504; x_wconf 81' lang='grc' dir='ltr'>αὐτοῖς</span> <span class='ocrx_word' id='word_1_197' title='bbox 1322 2438 1420 2510; x_wconf 83' lang='grc' dir='ltr'>τῆς</span> <span class='ocrx_word' id='word_1_198' title='bbox 1454 2439 1731 2496; x_wconf 77' lang='grc' dir='ltr'>εἰδωλολα-</span> 
     </span>
    </p>
   </div>
   <div class='ocr_carea' id='block_1_28' title="bbox 189 2525 1726 2602">
    <p class='ocr_par' dir='ltr' id='par_1_28' title="bbox 189 2525 1726 2602">
     <span class='ocr_line' id='line_1_28' title="bbox 189 2525 1726 2602; baseline 0.007 -26"><span class='ocrx_word' id='word_1_199' title='bbox 189 2525 342 2593; x_wconf 83' lang='grc' dir='ltr'>τρείας</span> <span class='ocrx_word' id='word_1_200' title='bbox 371 2527 621 2598; x_wconf 87' lang='grc' dir='ltr'>πνεῦμα,</span> <span class='ocrx_word' id='word_1_201' title='bbox 659 2529 889 2583; x_wconf 83' lang='grc' dir='ltr'>συνιδεῖν</span> <span class='ocrx_word' id='word_1_202' title='bbox 929 2532 1365 2602; x_wconf 80' lang='grc' dir='ltr'>ταραττομένους</span> <span class='ocrx_word' id='word_1_203' title='bbox 1402 2533 1566 2585; x_wconf 80' lang='grc' dir='ltr'>εἰσέτι</span> <span class='ocrx_word' id='word_1_204' title='bbox 1611 2532 1726 2600; x_wconf 90' lang='grc' dir='ltr'>νῦν,</span> 
     </span>
    </p>
   </div>
   <div class='ocr_carea' id='block_1_29' title="bbox 187 2615 1727 2696">
    <p class='ocr_par' dir='ltr' id='par_1_29' title="bbox 187 2615 1727 2696">
     <span class='ocr_line' id='line_1_29' title="bbox 187 2615 1727 2696; baseline 0.005 -26"><span class='ocrx_word' id='word_1_205' title='bbox 187 2615 440 2671; x_wconf 75' lang='grc' dir='ltr'>καὶπολλὰ</span> <span class='ocrx_word' id='word_1_206' title='bbox 473 2620 574 2689; x_wconf 87' lang='grc' dir='ltr'><strong>μὲν</strong></span> <span class='ocrx_word' id='word_1_207' title='bbox 604 2618 1022 2692; x_wconf 86' lang='grc' dir='ltr'>βουλευομένους</span> <span class='ocrx_word' id='word_1_208' title='bbox 1063 2623 1205 2676; x_wconf 78' lang='grc' dir='ltr'>κατὰ</span> <span class='ocrx_word' id='word_1_209' title='bbox 1235 2625 1335 2696; x_wconf 81' lang='grc' dir='ltr'>τῆς</span> <span class='ocrx_word' id='word_1_210' title='bbox 1367 2623 1459 2676; x_wconf 87' lang='grc' dir='ltr'><strong>τοῦ</strong></span> <span class='ocrx_word' id='word_1_211' title='bbox 1492 2623 1727 2696; x_wconf 76' lang='grc' dir='ltr'>Χριστοῦ</span> 
     </span>
    </p>
   </div>
   <div class='ocr_carea' id='block_1_30' title="bbox 185 2707 1728 2790">
    <p class='ocr_par' dir='ltr' id='par_1_30' title="bbox 185 2707 1728 2790">
     <span class='ocr_line' id='line_1_30' title="bbox 185 2707 1728 2790; baseline 0.006 -30"><span class='ocrx_word' id='word_1_212' title='bbox 185 2707 511 2775; x_wconf 79' lang='grc' dir='ltr'>διδασκαλίας,</span> <span class='ocrx_word' id='word_1_213' title='bbox 545 2712 626 2776; x_wconf 83' lang='grc' dir='ltr'>ὡς</span> <span class='ocrx_word' id='word_1_214' title='bbox 657 2713 723 2765; x_wconf 81' lang='grc' dir='ltr'>ἂν</span> <span class='ocrx_word' id='word_1_215' title='bbox 779 2714 1019 2768; x_wconf 75' lang='grc' dir='ltr'>σϐέσοιεν</span> <span class='ocrx_word' id='word_1_216' title='bbox 1066 2716 1256 2788; x_wconf 77' lang='grc' dir='ltr'>αὐτὴν,</span> <span class='ocrx_word' id='word_1_217' title='bbox 1291 2717 1386 2771; x_wconf 76' lang='grc' dir='ltr'><strong>καὶ</strong></span> <span class='ocrx_word' id='word_1_218' title='bbox 1430 2717 1490 2782; x_wconf 75' lang='grc' dir='ltr'>ἐξ</span> <span class='ocrx_word' id='word_1_219' title='bbox 1520 2717 1728 2790; x_wconf 83' lang='grc' dir='ltr'>ἀνθρὼ-</span> 
     </span>
    </p>
   </div>
   <div class='ocr_carea' id='block_1_31' title="bbox 186 2800 1727 2877">
    <p class='ocr_par' dir='ltr' id='par_1_31' title="bbox 186 2800 1727 2877">
     <span class='ocr_line' id='line_1_31' title="bbox 186 2800 1727 2877; baseline 0.006 -27"><span class='ocrx_word' id='word_1_220' title='bbox 186 2812 279 2851; x_wconf 77' lang='grc' dir='ltr'><strong>πων</strong></span> <span class='ocrx_word' id='word_1_221' title='bbox 305 2800 634 2867; x_wconf 83' lang='grc' dir='ltr'>ἀφανίσοιεν,</span> <span class='ocrx_word' id='word_1_222' title='bbox 668 2803 1218 2877; x_wconf 85' lang='grc' dir='ltr'>διασκεδαννυμένους</span> <span class='ocrx_word' id='word_1_223' title='bbox 1242 2807 1299 2860; x_wconf 85' lang='grc' dir='ltr'><strong>δέ</strong></span> <span class='ocrx_word' id='word_1_224' title='bbox 1317 2807 1424 2860; x_wconf 78' lang='grc' dir='ltr'>ὑπὸ</span> <span class='ocrx_word' id='word_1_225' title='bbox 1445 2807 1540 2860; x_wconf 87' lang='grc' dir='ltr'><strong>τοῦ</strong></span> <span class='ocrx_word' id='word_1_226' title='bbox 1568 2807 1727 2872; x_wconf 88' lang='grc' dir='ltr'>Θεοῦ,</span> 
     </span>
    </p>
   </div>
   <div class='ocr_carea' id='block_1_32' title="bbox 185 2890 1729 2971">
    <p class='ocr_par' dir='ltr' id='par_1_32' title="bbox 185 2890 1729 2971">
     <span class='ocr_line' id='line_1_32' title="bbox 185 2890 1729 2971; baseline 0.006 -29"><span class='ocrx_word' id='word_1_227' title='bbox 185 2890 416 2960; x_wconf 80' lang='grc' dir='ltr'>φήσαντος</span> <span class='ocrx_word' id='word_1_228' title='bbox 439 2895 497 2945; x_wconf 86' lang='grc' dir='ltr'><strong>ἐν</strong></span> <span class='ocrx_word' id='word_1_229' title='bbox 529 2896 604 2965; x_wconf 80' lang='grc' dir='ltr'>τῇ</span> <span class='ocrx_word' id='word_1_230' title='bbox 644 2898 983 2969; x_wconf 72' lang='grc' dir='ltr'>προφητεία·</span> <span class='ocrx_word' id='word_1_231' title='bbox 1021 2917 1038 2948; x_wconf 75' lang='grc' dir='ltr'><strong>ι</strong></span> <span class='ocrx_word' id='word_1_232' title='bbox 1077 2899 1184 2952; x_wconf 73' lang='grc' dir='ltr'>Καὶ</span> <span class='ocrx_word' id='word_1_233' title='bbox 1223 2899 1622 2971; x_wconf 84' lang='grc' dir='ltr'>ταραχθήσεται</span> <span class='ocrx_word' id='word_1_234' title='bbox 1668 2900 1729 2954; x_wconf 83' lang='grc' dir='ltr'><strong>τὸ</strong></span> 
     </span>
    </p>
   </div>
   <div class='ocr_carea' id='block_1_33' title="bbox 185 2981 1726 3064">
    <p class='ocr_par' dir='ltr' id='par_1_33' title="bbox 185 2981 1726 3064">
     <span class='ocr_line' id='line_1_33' title="bbox 185 2981 1726 3064; baseline 0.01 -34"><span class='ocrx_word' id='word_1_235' title='bbox 185 2981 366 3052; x_wconf 85' lang='grc' dir='ltr'>πνεῦμα</span> <span class='ocrx_word' id='word_1_236' title='bbox 406 2985 514 3038; x_wconf 88' lang='grc' dir='ltr'><strong>τῶν</strong></span> <span class='ocrx_word' id='word_1_237' title='bbox 570 2987 880 3055; x_wconf 79' lang='grc' dir='ltr'>Αἰγυπτίων</span> <span class='ocrx_word' id='word_1_238' title='bbox 922 2991 979 3042; x_wconf 80' lang='grc' dir='ltr'><strong>ἐν</strong></span> <span class='ocrx_word' id='word_1_239' title='bbox 1015 2991 1215 3055; x_wconf 80' lang='grc' dir='ltr'>αὐτοῖς,</span> <span class='ocrx_word' id='word_1_240' title='bbox 1259 2992 1353 3045; x_wconf 83' lang='grc' dir='ltr'>καὶ</span> <span class='ocrx_word' id='word_1_241' title='bbox 1401 2991 1498 3062; x_wconf 80' lang='grc' dir='ltr'>τὴν</span> <span class='ocrx_word' id='word_1_242' title='bbox 1534 2991 1726 3064; x_wconf 82' lang='grc' dir='ltr'>βουλὴν</span> 
     </span>
    </p>
   </div>
   <div class='ocr_carea' id='block_1_34' title="bbox 183 3072 1799 3176">
    <p class='ocr_par' dir='ltr' id='par_1_34' title="bbox 183 3072 1799 3176">
     <span class='ocr_line' id='line_1_34' title="bbox 183 3072 1799 3176; baseline 0.009 -53"><span class='ocrx_word' id='word_1_243' title='bbox 183 3072 330 3126; x_wconf 75' lang='grc' dir='ltr'>αὐτῶν</span> <span class='ocrx_word' id='word_1_244' title='bbox 359 3075 715 3132; x_wconf 84' lang='grc' dir='ltr'>διασκεδάσω.</span> <span class='ocrx_word' id='word_1_245' title='bbox 748 3099 767 3131; x_wconf 72' lang='grc' dir='ltr'><strong>ι</strong></span> <span class='ocrx_word' id='word_1_246' title='bbox 801 3080 985 3152; x_wconf 87' lang='grc' dir='ltr'>Μυρία</span> <span class='ocrx_word' id='word_1_247' title='bbox 1004 3081 1060 3135; x_wconf 84' lang='grc' dir='ltr'>δὲ</span> <span class='ocrx_word' id='word_1_248' title='bbox 1094 3083 1193 3135; x_wconf 81' lang='grc' dir='ltr'><strong>ὅσα</strong></span> <span class='ocrx_word' id='word_1_249' title='bbox 1215 3083 1600 3154; x_wconf 85' lang='grc' dir='ltr'>πυνθανόμενοι</span> <span class='ocrx_word' id='word_1_250' title='bbox 1633 3085 1726 3136; x_wconf 75' lang='grc' dir='ltr'><strong>καὶ</strong></span> <span class='ocrx_word' id='word_1_251' title='bbox 1753 3114 1799 3176; x_wconf 78' lang='lat' dir='ltr'>c</span> 
     </span>
    </p>
   </div>
   <div class='ocr_carea' id='block_1_35' title="bbox 181 3162 1728 3246">
    <p class='ocr_par' dir='ltr' id='par_1_35' title="bbox 181 3162 1728 3246">
     <span class='ocr_line' id='line_1_35' title="bbox 181 3162 1728 3246; baseline 0.01 -32"><span class='ocrx_word' id='word_1_252' title='bbox 181 3162 522 3239; x_wconf 76' lang='grc' dir='ltr'>ἐπερωτῶντες</span> <span class='ocrx_word' id='word_1_253' title='bbox 542 3168 670 3222; x_wconf 80' lang='grc' dir='ltr'>καθ’</span> <span class='ocrx_word' id='word_1_254' title='bbox 694 3169 851 3242; x_wconf 87' lang='grc' dir='ltr'>ήμῶν</span> <span class='ocrx_word' id='word_1_255' title='bbox 879 3171 936 3224; x_wconf 86' lang='grc' dir='ltr'><strong>ἕν</strong></span> <span class='ocrx_word' id='word_1_256' title='bbox 952 3189 1012 3225; x_wconf 90' lang='grc' dir='ltr'><strong>τε</strong></span> <span class='ocrx_word' id='word_1_257' title='bbox 1041 3176 1308 3245; x_wconf 82' lang='grc' dir='ltr'>χρησμοῖς</span> <span class='ocrx_word' id='word_1_258' title='bbox 1335 3175 1428 3228; x_wconf 78' lang='grc' dir='ltr'><strong>καὶ</strong></span> <span class='ocrx_word' id='word_1_259' title='bbox 1451 3176 1728 3246; x_wconf 87' lang='grc' dir='ltr'>μαντείαις</span> 
     </span>
    </p>
   </div>
   <div class='ocr_carea' id='block_1_36' title="bbox 182 3258 1729 3337">
    <p class='ocr_par' dir='ltr' id='par_1_36' title="bbox 182 3258 1729 3337">
     <span class='ocr_line' id='line_1_36' title="bbox 182 3258 1729 3337; baseline 0.007 -28"><span class='ocrx_word' id='word_1_260' title='bbox 182 3259 281 3320; x_wconf 80' lang='grc' dir='ltr'>τοὺς</span> <span class='ocrx_word' id='word_1_261' title='bbox 309 3258 453 3324; x_wconf 75' lang='grc' dir='ltr'>θεοὺς</span> <span class='ocrx_word' id='word_1_262' title='bbox 482 3260 688 3332; x_wconf 79' lang='grc' dir='ltr'>αὐτῶν,</span> <span class='ocrx_word' id='word_1_263' title='bbox 722 3264 960 3326; x_wconf 72' lang='grc' dir='ltr'>καὶτοὺς</span> <span class='ocrx_word' id='word_1_264' title='bbox 985 3264 1043 3318; x_wconf 83' lang='grc' dir='ltr'><strong>ἐν</strong></span> <span class='ocrx_word' id='word_1_265' title='bbox 1071 3268 1184 3328; x_wconf 87' lang='grc' dir='ltr'>τοῖς</span> <span class='ocrx_word' id='word_1_266' title='bbox 1207 3265 1512 3336; x_wconf 84' lang='grc' dir='ltr'>ἀγάλμασιν</span> <span class='ocrx_word' id='word_1_267' title='bbox 1545 3267 1729 3337; x_wconf 89' lang='grc' dir='ltr'>ἐμφω-</span> 
     </span>
    </p>
   </div>
   <div class='ocr_carea' id='block_1_37' title="bbox 183 3345 1728 3425">
    <p class='ocr_par' dir='ltr' id='par_1_37' title="bbox 183 3345 1728 3425">
     <span class='ocr_line' id='line_1_37' title="bbox 183 3345 1728 3425; baseline 0.008 -26"><span class='ocrx_word' id='word_1_268' title='bbox 183 3345 397 3415; x_wconf 85' lang='grc' dir='ltr'>λεύοντας</span> <span class='ocrx_word' id='word_1_269' title='bbox 425 3353 712 3425; x_wconf 80' lang='grc' dir='ltr'>δαίμονας,</span> <span class='ocrx_word' id='word_1_270' title='bbox 756 3354 883 3418; x_wconf 87' lang='grc' dir='ltr'>τούς</span> <span class='ocrx_word' id='word_1_271' title='bbox 924 3372 984 3408; x_wconf 87' lang='grc' dir='ltr'><strong>τε</strong></span> <span class='ocrx_word' id='word_1_272' title='bbox 1029 3357 1196 3409; x_wconf 80' lang='grc' dir='ltr'>πάλαι</span> <span class='ocrx_word' id='word_1_273' title='bbox 1238 3358 1295 3409; x_wconf 88' lang='grc' dir='ltr'><strong>ἐν</strong></span> <span class='ocrx_word' id='word_1_274' title='bbox 1339 3358 1522 3420; x_wconf 78' lang='grc' dir='ltr'>αὐτοῖς</span> <span class='ocrx_word' id='word_1_275' title='bbox 1560 3357 1728 3411; x_wconf 81' lang='grc' dir='ltr'>πολλὰ</span> 
     </span>
    </p>
   </div>
   <div class='ocr_carea' id='block_1_38' title="bbox 183 3439 1727 3518">
    <p class='ocr_par' dir='ltr' id='par_1_38' title="bbox 183 3439 1727 3518">
     <span class='ocr_line' id='line_1_38' title="bbox 183 3439 1727 3518; baseline 0.007 -26"><span class='ocrx_word' id='word_1_276' title='bbox 183 3439 472 3512; x_wconf 81' lang='grc' dir='ltr'>δυναμένους</span> <span class='ocrx_word' id='word_1_277' title='bbox 503 3446 1168 3518; x_wconf 83' lang='grc' dir='ltr'>ἐγγαστριμύθους,οὐδέν</span> <span class='ocrx_word' id='word_1_278' title='bbox 1201 3466 1253 3502; x_wconf 89' lang='grc' dir='ltr'><strong>τι</strong></span> <span class='ocrx_word' id='word_1_279' title='bbox 1283 3450 1440 3503; x_wconf 83' lang='grc' dir='ltr'>πλέον</span> <span class='ocrx_word' id='word_1_280' title='bbox 1472 3449 1531 3514; x_wconf 82' lang='grc' dir='ltr'><strong>ἐξ</strong></span> <span class='ocrx_word' id='word_1_281' title='bbox 1550 3450 1727 3504; x_wconf 83' lang='grc' dir='ltr'>αὐτῶν</span> 
     </span>
    </p>
   </div>
   <div class='ocr_carea' id='block_1_39' title="bbox 183 3529 1726 3613">
    <p class='ocr_par' dir='ltr' id='par_1_39' title="bbox 183 3529 1726 3613">
     <span class='ocr_line' id='line_1_39' title="bbox 183 3529 1726 3613; baseline 0.009 -31"><span class='ocrx_word' id='word_1_282' title='bbox 183 3529 351 3606; x_wconf 78' lang='grc' dir='ltr'>έχουσι.</span> <span class='ocrx_word' id='word_1_283' title='bbox 379 3536 466 3590; x_wconf 88' lang='grc' dir='ltr'>Διό</span> <span class='ocrx_word' id='word_1_284' title='bbox 500 3554 672 3609; x_wconf 85' lang='grc' dir='ltr'>φησιν</span> <span class='ocrx_word' id='word_1_285' title='bbox 695 3539 724 3590; x_wconf 88' lang='grc' dir='ltr'>ὁ</span> <span class='ocrx_word' id='word_1_286' title='bbox 745 3537 900 3609; x_wconf 87' lang='grc' dir='ltr'>λόγος</span> <span class='ocrx_word' id='word_1_287' title='bbox 922 3556 936 3570; x_wconf 76' lang='grc' dir='ltr'><strong>ο</strong></span> <span class='ocrx_word' id='word_1_288' title='bbox 977 3558 994 3589; x_wconf 78' lang='grc' dir='ltr'>σ</span> <span class='ocrx_word' id='word_1_289' title='bbox 1035 3540 1145 3594; x_wconf 74' lang='grc' dir='ltr'>Καὶ</span> <span class='ocrx_word' id='word_1_290' title='bbox 1168 3542 1572 3613; x_wconf 87' lang='grc' dir='ltr'>ἐπερωτήσουσι</span> <span class='ocrx_word' id='word_1_291' title='bbox 1605 3544 1726 3605; x_wconf 85' lang='grc' dir='ltr'>τοὺς</span> 
     </span>
    </p>
   </div>
   <div class='ocr_carea' id='block_1_40' title="bbox 189 3621 1728 3704">
    <p class='ocr_par' dir='ltr' id='par_1_40' title="bbox 189 3621 1728 3704">
     <span class='ocr_line' id='line_1_40' title="bbox 189 3621 1728 3704; baseline 0.007 -29"><span class='ocrx_word' id='word_1_292' title='bbox 189 3621 313 3690; x_wconf 71' lang='grc' dir='ltr'>θεοὺς</span> <span class='ocrx_word' id='word_1_293' title='bbox 354 3630 550 3696; x_wconf 75' lang='grc' dir='ltr'>αὐτῶν,</span> <span class='ocrx_word' id='word_1_294' title='bbox 587 3631 682 3686; x_wconf 70' lang='grc' dir='ltr'><strong>καὶ</strong></span> <span class='ocrx_word' id='word_1_295' title='bbox 707 3631 775 3684; x_wconf 81' lang='grc' dir='ltr'>τὰ</span> <span class='ocrx_word' id='word_1_296' title='bbox 823 3632 1114 3704; x_wconf 84' lang='grc' dir='ltr'>ἀγάλματα</span> <span class='ocrx_word' id='word_1_297' title='bbox 1149 3634 1347 3699; x_wconf 79' lang='grc' dir='ltr'>αὐτῶν,</span> <span class='ocrx_word' id='word_1_298' title='bbox 1381 3636 1473 3687; x_wconf 75' lang='grc' dir='ltr'><strong>καὶ</strong></span> <span class='ocrx_word' id='word_1_299' title='bbox 1501 3635 1625 3697; x_wconf 72' lang='grc' dir='ltr'>τοὺς</span> <span class='ocrx_word' id='word_1_300' title='bbox 1645 3636 1728 3703; x_wconf 75' lang='grc' dir='ltr'>ἐγ-</span> 
     </span>
    </p>
   </div>
   <div class='ocr_carea' id='block_1_41' title="bbox 182 3720 1727 3798">
    <p class='ocr_par' dir='ltr' id='par_1_41' title="bbox 182 3720 1727 3798">
     <span class='ocr_line' id='line_1_41' title="bbox 182 3720 1727 3798; baseline 0.015 -31"><span class='ocrx_word' id='word_1_301' title='bbox 182 3720 568 3794; x_wconf 79' lang='grc' dir='ltr'>γαστριμύθους.</span> <span class='ocrx_word' id='word_1_302' title='bbox 604 3741 624 3773; x_wconf 74' lang='grc' dir='ltr'><strong>ι</strong></span> <span class='ocrx_word' id='word_1_303' title='bbox 674 3721 810 3776; x_wconf 83' lang='grc' dir='ltr'>Ἀλλ’</span> <span class='ocrx_word' id='word_1_304' title='bbox 862 3724 1118 3797; x_wconf 83' lang='grc' dir='ltr'>οὐδεμιᾶς</span> <span class='ocrx_word' id='word_1_305' title='bbox 1159 3725 1286 3798; x_wconf 84' lang='grc' dir='ltr'>γὰρ,</span> <span class='ocrx_word' id='word_1_306' title='bbox 1333 3727 1483 3796; x_wconf 72' lang='grc' dir='ltr'>φησὶ,</span> <span class='ocrx_word' id='word_1_307' title='bbox 1517 3725 1727 3789; x_wconf 75' lang='grc' dir='ltr'>τεύξον-</span> 
     </span>
    </p>
   </div>
   <div class='ocr_carea' id='block_1_42' title="bbox 181 3809 1725 3888">
    <p class='ocr_par' dir='ltr' id='par_1_42' title="bbox 181 3809 1725 3888">
     <span class='ocr_line' id='line_1_42' title="bbox 181 3809 1725 3888; baseline 0.008 -29"><span class='ocrx_word' id='word_1_308' title='bbox 181 3823 250 3860; x_wconf 75' lang='grc' dir='ltr'><strong>ται</strong></span> <span class='ocrx_word' id='word_1_309' title='bbox 269 3809 502 3882; x_wconf 82' lang='grc' dir='ltr'>βοηθείας</span> <span class='ocrx_word' id='word_1_310' title='bbox 534 3815 592 3867; x_wconf 79' lang='grc' dir='ltr'>οἱ</span> <span class='ocrx_word' id='word_1_311' title='bbox 642 3815 734 3868; x_wconf 76' lang='grc' dir='ltr'><strong>ἐπὶ</strong></span> <span class='ocrx_word' id='word_1_312' title='bbox 788 3817 914 3880; x_wconf 82' lang='grc' dir='ltr'>τοὺς</span> <span class='ocrx_word' id='word_1_313' title='bbox 963 3818 1397 3888; x_wconf 82' lang='grc' dir='ltr'>πεπλανημένως</span> <span class='ocrx_word' id='word_1_314' title='bbox 1438 3819 1725 3883; x_wconf 84' lang='grc' dir='ltr'>δοκοῦντας</span> 
     </span>
    </p>
   </div>
   <div class='ocr_carea' id='block_1_43' title="bbox 181 3899 1724 3980">
    <p class='ocr_par' dir='ltr' id='par_1_43' title="bbox 181 3899 1724 3980">
     <span class='ocr_line' id='line_1_43' title="bbox 181 3899 1724 3980; baseline 0.01 -31"><span class='ocrx_word' id='word_1_315' title='bbox 181 3900 327 3955; x_wconf 77' lang='grc' dir='ltr'>αὐτῶν</span> <span class='ocrx_word' id='word_1_316' title='bbox 356 3899 489 3958; x_wconf 80' lang='grc' dir='ltr'>εἶναι</span> <span class='ocrx_word' id='word_1_317' title='bbox 525 3906 688 3970; x_wconf 84' lang='grc' dir='ltr'>θεοὺς</span> <span class='ocrx_word' id='word_1_318' title='bbox 725 3908 1178 3978; x_wconf 81' lang='grc' dir='ltr'>καταφεύγοντες,</span> <span class='ocrx_word' id='word_1_319' title='bbox 1212 3911 1333 3963; x_wconf 86' lang='grc' dir='ltr'>τότε</span> <span class='ocrx_word' id='word_1_320' title='bbox 1361 3910 1595 3980; x_wconf 85' lang='grc' dir='ltr'>μάλιστα</span> <span class='ocrx_word' id='word_1_321' title='bbox 1625 3911 1724 3964; x_wconf 86' lang='grc' dir='ltr'>αὑ-</span> 
     </span>
    </p>
   </div>
   <div class='ocr_carea' id='block_1_44' title="bbox 180 3993 1724 4074">
    <p class='ocr_par' dir='ltr' id='par_1_44' title="bbox 180 3993 1724 4074">
     <span class='ocr_line' id='line_1_44' title="bbox 180 3993 1724 4074; baseline 0.008 -29"><span class='ocrx_word' id='word_1_322' title='bbox 180 3993 281 4057; x_wconf 66' lang='grc' dir='ltr'>τοὺς</span> <span class='ocrx_word' id='word_1_323' title='bbox 303 3995 388 4048; x_wconf 88' lang='grc' dir='ltr'><strong>τοῦ</strong></span> <span class='ocrx_word' id='word_1_324' title='bbox 420 3997 554 4051; x_wconf 85' lang='grc' dir='ltr'>Θεοῦ</span> <span class='ocrx_word' id='word_1_325' title='bbox 593 3999 803 4069; x_wconf 85' lang='grc' dir='ltr'>κυρίοις</span> <span class='ocrx_word' id='word_1_326' title='bbox 833 4001 1085 4074; x_wconf 82' lang='grc' dir='ltr'>σκληροῖς</span> <span class='ocrx_word' id='word_1_327' title='bbox 1119 4002 1214 4058; x_wconf 75' lang='grc' dir='ltr'><strong>καὶ</strong></span> <span class='ocrx_word' id='word_1_328' title='bbox 1241 4001 1518 4073; x_wconf 77' lang='grc' dir='ltr'>βασιλεῦσι</span> <span class='ocrx_word' id='word_1_329' title='bbox 1548 4020 1724 4074; x_wconf 90' lang='grc' dir='ltr'>παρα-</span> 
     </span>
    </p>
   </div>
   <div class='ocr_carea' id='block_1_45' title="bbox 179 4081 1763 4164">
    <p class='ocr_par' dir='ltr' id='par_1_45' title="bbox 179 4081 1763 4164">
     <span class='ocr_line' id='line_1_45' title="bbox 179 4081 1763 4164; baseline 0.009 -29"><span class='ocrx_word' id='word_1_330' title='bbox 179 4081 392 4152; x_wconf 74' lang='grc' dir='ltr'>διδόντος.</span> <span class='ocrx_word' id='word_1_331' title='bbox 426 4091 513 4149; x_wconf 82' lang='grc' dir='ltr'>ὅτε</span> <span class='ocrx_word' id='word_1_332' title='bbox 547 4094 664 4154; x_wconf 84' lang='grc' dir='ltr'>τοῖς</span> <span class='ocrx_word' id='word_1_333' title='bbox 723 4091 971 4162; x_wconf 88' lang='grc' dir='ltr'>δαίμοσιν</span> <span class='ocrx_word' id='word_1_334' title='bbox 1024 4093 1203 4146; x_wconf 84' lang='grc' dir='ltr'>αὑτῶν</span> <span class='ocrx_word' id='word_1_335' title='bbox 1256 4093 1582 4164; x_wconf 87' lang='grc' dir='ltr'>πειθόμενοι,</span> <span class='ocrx_word' id='word_1_336' title='bbox 1632 4096 1763 4148; x_wconf 75' lang='grc' dir='ltr'>καὶ’</span> 
     </span>
    </p>
   </div>
   <div class='ocr_carea' id='block_1_46' title="bbox 181 4175 1726 4257">
    <p class='ocr_par' dir='ltr' id='par_1_46' title="bbox 181 4175 1726 4257">
     <span class='ocr_line' id='line_1_46' title="bbox 181 4175 1726 4257; baseline 0.006 -25"><span class='ocrx_word' id='word_1_337' title='bbox 181 4175 252 4233; x_wconf 79' lang='grc' dir='ltr'>ὑπ’</span> <span class='ocrx_word' id='word_1_338' title='bbox 279 4181 443 4235; x_wconf 78' lang='grc' dir='ltr'>αὐτῶν</span> <span class='ocrx_word' id='word_1_339' title='bbox 493 4184 902 4256; x_wconf 85' lang='grc' dir='ltr'>ἐνεργούμενοι,</span> <span class='ocrx_word' id='word_1_340' title='bbox 937 4185 1062 4248; x_wconf 81' lang='grc' dir='ltr'>τοὺς</span> <span class='ocrx_word' id='word_1_341' title='bbox 1093 4186 1234 4242; x_wconf 78' lang='grc' dir='ltr'>κατὰ</span> <span class='ocrx_word' id='word_1_342' title='bbox 1263 4188 1361 4257; x_wconf 82' lang='grc' dir='ltr'>τῆς</span> <span class='ocrx_word' id='word_1_343' title='bbox 1403 4187 1726 4257; x_wconf 82' lang='grc' dir='ltr'>Ἐκκλησίας</span> 
     </span>
    </p>
   </div>
   <div class='ocr_carea' id='block_1_47' title="bbox 181 4269 1724 4350">
    <p class='ocr_par' dir='ltr' id='par_1_47' title="bbox 181 4269 1724 4350">
     <span class='ocr_line' id='line_1_47' title="bbox 181 4269 1724 4350; baseline 0.006 -28"><span class='ocrx_word' id='word_1_344' title='bbox 181 4269 255 4322; x_wconf 84' lang='grc' dir='ltr'><strong>τοῦ</strong></span> <span class='ocrx_word' id='word_1_345' title='bbox 278 4271 402 4327; x_wconf 86' lang='grc' dir='ltr'>Θεοῦ</span> <span class='ocrx_word' id='word_1_346' title='bbox 429 4275 705 4346; x_wconf 81' lang='grc' dir='ltr'>διωγμοὺς</span> <span class='ocrx_word' id='word_1_347' title='bbox 751 4278 1146 4349; x_wconf 85' lang='grc' dir='ltr'>ἐπεγείρουσιν.</span> <span class='ocrx_word' id='word_1_348' title='bbox 1179 4279 1344 4332; x_wconf 88' lang='grc' dir='ltr'>Ἔνθα</span> <span class='ocrx_word' id='word_1_349' title='bbox 1377 4297 1465 4350; x_wconf 88' lang='grc' dir='ltr'><strong>μοι</strong></span> <span class='ocrx_word' id='word_1_350' title='bbox 1485 4279 1574 4332; x_wconf 78' lang='grc' dir='ltr'><strong>τὸν</strong></span> <span class='ocrx_word' id='word_1_351' title='bbox 1602 4280 1724 4332; x_wconf 91' lang='grc' dir='ltr'>νοῦν</span> 
     </span>
    </p>
   </div>
   <div class='ocr_carea' id='block_1_48' title="bbox 182 4360 1726 4442">
    <p class='ocr_par' dir='ltr' id='par_1_48' title="bbox 182 4360 1726 4442">
     <span class='ocr_line' id='line_1_48' title="bbox 182 4360 1726 4442; baseline 0.014 -28"><span class='ocrx_word' id='word_1_352' title='bbox 182 4360 474 4432; x_wconf 78' lang='grc' dir='ltr'>ἐπιστήσεις,</span> <span class='ocrx_word' id='word_1_353' title='bbox 506 4368 634 4420; x_wconf 82' lang='grc' dir='ltr'>τίνα</span> <span class='ocrx_word' id='word_1_354' title='bbox 664 4368 862 4440; x_wconf 81' lang='grc' dir='ltr'>τρόπον</span> <span class='ocrx_word' id='word_1_355' title='bbox 899 4369 1056 4442; x_wconf 86' lang='grc' dir='ltr'>μέχρι</span> <span class='ocrx_word' id='word_1_356' title='bbox 1093 4370 1191 4439; x_wconf 79' lang='grc' dir='ltr'><strong>μὲν</strong></span> <span class='ocrx_word' id='word_1_357' title='bbox 1221 4370 1319 4441; x_wconf 83' lang='grc' dir='ltr'><strong>τῆς</strong></span> <span class='ocrx_word' id='word_1_358' title='bbox 1349 4370 1441 4423; x_wconf 81' lang='grc' dir='ltr'>τοῦ</span> <span class='ocrx_word' id='word_1_359' title='bbox 1476 4372 1726 4442; x_wconf 76' lang='grc' dir='ltr'>Σωτῆρος</span> 
     </span>
    </p>
   </div>
   <div class='ocr_carea' id='block_1_49' title="bbox 1845 525 3403 597">
    <p class='ocr_par' dir='ltr' id='par_1_49' title="bbox 1845 525 3403 597">
     <span class='ocr_line' id='line_1_49' title="bbox 1845 525 3403 597; baseline 0.011 -22"><span class='ocrx_word' id='word_1_360' title='bbox 1845 539 1964 578; x_wconf 88' lang='lat' dir='ltr'><strong>mos</strong></span> <span class='ocrx_word' id='word_1_361' title='bbox 2020 525 2126 580; x_wconf 83' lang='lat' dir='ltr'><strong>sibi</strong></span> <span class='ocrx_word' id='word_1_362' title='bbox 2158 527 2352 596; x_wconf 79' lang='lat' dir='ltr'><strong>gladiis</strong></span> <span class='ocrx_word' id='word_1_363' title='bbox 2379 529 2771 597; x_wconf 80' lang='lat' dir='ltr'><strong>transfigerent.</strong></span> <span class='ocrx_word' id='word_1_364' title='bbox 2803 531 2893 585; x_wconf 83' lang='lat' dir='ltr'><strong>Ait</strong></span> <span class='ocrx_word' id='word_1_365' title='bbox 2917 532 3059 586; x_wconf 89' lang='lat' dir='ltr'><strong>enim</strong></span> <span class='ocrx_word' id='word_1_366' title='bbox 3088 537 3403 592; x_wconf 79' lang='lat' dir='ltr'><strong>oraculum:</strong></span> 
     </span>
    </p>
   </div>
   <div class='ocr_carea' id='block_1_50' title="bbox 1850 612 3408 694">
    <p class='ocr_par' dir='ltr' id='par_1_50' title="bbox 1850 612 3408 694">
     <span class='ocr_line' id='line_1_50' title="bbox 1850 612 3408 694; baseline 0.011 -30"><span class='ocrx_word' id='word_1_367' title='bbox 1850 631 1867 661; x_wconf 76' lang='grc' dir='ltr'><strong>ι</strong></span> <span class='ocrx_word' id='word_1_368' title='bbox 1901 612 1970 665; x_wconf 88' lang='lat' dir='ltr'><strong>Et</strong></span> <span class='ocrx_word' id='word_1_369' title='bbox 2023 615 2404 670; x_wconf 78' lang='lat' dir='ltr'><strong>excitabuntur</strong></span> <span class='ocrx_word' id='word_1_370' title='bbox 2463 615 2702 688; x_wconf 65' lang='lat' dir='ltr'><strong>Egyptii</strong></span> <span class='ocrx_word' id='word_1_371' title='bbox 2754 628 2952 674; x_wconf 70' lang='lat' dir='ltr'><strong>contra.</strong></span> <span class='ocrx_word' id='word_1_372' title='bbox 2994 621 3298 694; x_wconf 62' lang='lat' dir='ltr'><strong>Egyptios,</strong></span> <span class='ocrx_word' id='word_1_373' title='bbox 3353 634 3408 681; x_wconf 88' lang='lat' dir='ltr'><strong>et</strong></span> 
     </span>
    </p>
   </div>
   <div class='ocr_carea' id='block_1_51' title="bbox 1845 703 3408 779">
    <p class='ocr_par' dir='ltr' id='par_1_51' title="bbox 1845 703 3408 779">
     <span class='ocr_line' id='line_1_51' title="bbox 1845 703 3408 779; baseline 0.009 -22"><span class='ocrx_word' id='word_1_374' title='bbox 1845 703 2051 757; x_wconf 80' lang='lat' dir='ltr'><strong>bellum</strong></span> <span class='ocrx_word' id='word_1_375' title='bbox 2086 714 2234 773; x_wconf 82' lang='lat' dir='ltr'><strong>geret</strong></span> <span class='ocrx_word' id='word_1_376' title='bbox 2273 706 2436 760; x_wconf 87' lang='lat' dir='ltr'><strong>homo</strong></span> <span class='ocrx_word' id='word_1_377' title='bbox 2478 715 2668 761; x_wconf 89' lang='lat' dir='ltr'><strong>contra</strong></span> <span class='ocrx_word' id='word_1_378' title='bbox 2697 707 2918 765; x_wconf 80' lang='lat' dir='ltr'><strong>fratrem</strong></span> <span class='ocrx_word' id='word_1_379' title='bbox 2946 727 3128 779; x_wconf 89' lang='lat' dir='ltr'><strong>suum,</strong></span> <span class='ocrx_word' id='word_1_380' title='bbox 3157 723 3210 768; x_wconf 91' lang='lat' dir='ltr'><strong>et</strong></span> <span class='ocrx_word' id='word_1_381' title='bbox 3241 716 3408 771; x_wconf 84' lang='lat' dir='ltr'><strong>homo</strong></span> 
     </span>
    </p>
   </div>
   <div class='ocr_carea' id='block_1_52' title="bbox 1849 795 3405 875">
    <p class='ocr_par' dir='ltr' id='par_1_52' title="bbox 1849 795 3405 875">
     <span class='ocr_line' id='line_1_52' title="bbox 1849 795 3405 875; baseline 0.008 -27"><span class='ocrx_word' id='word_1_382' title='bbox 1849 803 2044 848; x_wconf 85' lang='lat' dir='ltr'><strong>contra</strong></span> <span class='ocrx_word' id='word_1_383' title='bbox 2088 795 2390 863; x_wconf 83' lang='lat' dir='ltr'><strong>proximum</strong></span> <span class='ocrx_word' id='word_1_384' title='bbox 2438 811 2619 852; x_wconf 91' lang='lat' dir='ltr'><strong>suum.</strong></span> <span class='ocrx_word' id='word_1_385' title='bbox 2652 816 2676 849; x_wconf 68' lang='grc' dir='ltr'><strong>ι</strong></span> <span class='ocrx_word' id='word_1_386' title='bbox 2729 798 3025 856; x_wconf 79' lang='lat' dir='ltr'><strong>Conﬁrmat</strong></span> <span class='ocrx_word' id='word_1_387' title='bbox 3064 812 3241 859; x_wconf 90' lang='lat' dir='ltr'><strong>autem</strong></span> <span class='ocrx_word' id='word_1_388' title='bbox 3275 821 3405 875; x_wconf 84' lang='lat' dir='ltr'><strong>pro-</strong></span> 
     </span>
    </p>
   </div>
   <div class='ocr_carea' id='block_1_53' title="bbox 1845 884 3403 958">
    <p class='ocr_par' dir='ltr' id='par_1_53' title="bbox 1845 884 3403 958">
     <span class='ocr_line' id='line_1_53' title="bbox 1845 884 3403 958; baseline 0.011 -23"><span class='ocrx_word' id='word_1_389' title='bbox 1845 884 2118 953; x_wconf 86' lang='lat' dir='ltr'><strong>pheticam</strong></span> <span class='ocrx_word' id='word_1_390' title='bbox 2156 885 2556 953; x_wconf 68' lang='lat' dir='ltr'><strong>praedictionem</strong></span> <span class='ocrx_word' id='word_1_391' title='bbox 2592 887 2753 941; x_wconf 89' lang='lat' dir='ltr'><strong>etiam</strong></span> <span class='ocrx_word' id='word_1_392' title='bbox 2795 890 2911 958; x_wconf 89' lang='lat' dir='ltr'><strong>ipse</strong></span> <span class='ocrx_word' id='word_1_393' title='bbox 2941 892 3193 947; x_wconf 77' lang='lat' dir='ltr'><strong>Salvator</strong></span> <span class='ocrx_word' id='word_1_394' title='bbox 3218 906 3403 952; x_wconf 77' lang='lat' dir='ltr'><strong>noster</strong></span> 
     </span>
    </p>
   </div>
   <div class='ocr_carea' id='block_1_54' title="bbox 1847 975 3402 1046">
    <p class='ocr_par' dir='ltr' id='par_1_54' title="bbox 1847 975 3402 1046">
     <span class='ocr_line' id='line_1_54' title="bbox 1847 975 3402 1046; baseline 0.01 -17"><span class='ocrx_word' id='word_1_395' title='bbox 1847 977 1900 1029; x_wconf 95' lang='lat' dir='ltr'><strong>in</strong></span> <span class='ocrx_word' id='word_1_396' title='bbox 1945 975 2274 1046; x_wconf 85' lang='lat' dir='ltr'><strong>Evangeliis.</strong></span> <span class='ocrx_word' id='word_1_397' title='bbox 2305 977 2530 1032; x_wconf 78' lang='lat' dir='ltr'><strong>dicens:</strong></span> <span class='ocrx_word' id='word_1_398' title='bbox 2580 996 2599 1030; x_wconf 84' lang='grc'><strong>‹</strong></span> <span class='ocrx_word' id='word_1_399' title='bbox 2627 978 2828 1035; x_wconf 86' lang='lat' dir='ltr'><strong>Tradet</strong></span> <span class='ocrx_word' id='word_1_400' title='bbox 2883 981 3048 1037; x_wconf 88' lang='lat' dir='ltr'><strong>frater</strong></span> <span class='ocrx_word' id='word_1_401' title='bbox 3096 985 3317 1041; x_wconf 75' lang='lat' dir='ltr'><strong>fratrem</strong></span> <span class='ocrx_word' id='word_1_402' title='bbox 3345 989 3402 1045; x_wconf 89' lang='lat' dir='ltr'><strong>in</strong></span> 
     </span>
    </p>
   </div>
   <div class='ocr_carea' id='block_1_55' title="bbox 1846 1069 3402 1144">
    <p class='ocr_par' dir='ltr' id='par_1_55' title="bbox 1846 1069 3402 1144">
     <span class='ocr_line' id='line_1_55' title="bbox 1846 1069 3402 1144; baseline 0.01 -25"><span class='ocrx_word' id='word_1_403' title='bbox 1846 1074 2097 1126; x_wconf 80' lang='lat' dir='ltr'><strong>mortem,</strong></span> <span class='ocrx_word' id='word_1_404' title='bbox 2129 1076 2184 1121; x_wconf 87' lang='lat' dir='ltr'><strong>et</strong></span> <span class='ocrx_word' id='word_1_405' title='bbox 2213 1077 2365 1136; x_wconf 86' lang='lat' dir='ltr'><strong>pater</strong></span> <span class='ocrx_word' id='word_1_406' title='bbox 2398 1069 2588 1132; x_wconf 83' lang='lat' dir='ltr'><strong>lilium,</strong></span> <span class='ocrx_word' id='word_1_407' title='bbox 2619 1079 2672 1124; x_wconf 92' lang='lat' dir='ltr'><strong>et</strong></span> <span class='ocrx_word' id='word_1_408' title='bbox 2702 1083 3032 1144; x_wconf 79' lang='lat' dir='ltr'><strong>consurgent</strong></span> <span class='ocrx_word' id='word_1_409' title='bbox 3078 1075 3174 1130; x_wconf 79' lang='lat' dir='ltr'><strong>filii</strong></span> <span class='ocrx_word' id='word_1_410' title='bbox 3208 1079 3402 1136; x_wconf 82' lang='lat' dir='ltr'><strong>adver-</strong></span> 
     </span>
    </p>
   </div>
   <div class='ocr_carea' id='block_1_56' title="bbox 1843 1159 3396 1227">
    <p class='ocr_par' dir='ltr' id='par_1_56' title="bbox 1843 1159 3396 1227">
     <span class='ocr_line' id='line_1_56' title="bbox 1843 1159 3396 1227; baseline 0.009 -17"><span class='ocrx_word' id='word_1_411' title='bbox 1843 1172 1938 1211; x_wconf 90' lang='lat' dir='ltr'><strong>sus</strong></span> <span class='ocrx_word' id='word_1_412' title='bbox 1981 1166 2254 1227; x_wconf 84' lang='lat' dir='ltr'><strong>parentes,</strong></span> <span class='ocrx_word' id='word_1_413' title='bbox 2304 1167 2358 1214; x_wconf 88' lang='lat' dir='ltr'><strong>et</strong></span> <span class='ocrx_word' id='word_1_414' title='bbox 2419 1159 2742 1215; x_wconf 83' lang='lat' dir='ltr'><strong>interﬁcient</strong></span> <span class='ocrx_word' id='word_1_415' title='bbox 2781 1177 2874 1218; x_wconf 86' lang='lat' dir='ltr'><strong>eos</strong></span> <span class='ocrx_word' id='word_1_416' title='bbox 2897 1165 2959 1219; x_wconf 85' lang='lat'><strong>”.</strong></span> <span class='ocrx_word' id='word_1_417' title='bbox 2991 1183 3011 1216; x_wconf 71' lang='grc' dir='ltr'><strong>ι</strong></span> <span class='ocrx_word' id='word_1_418' title='bbox 3055 1164 3121 1220; x_wconf 84' lang='grc' dir='ltr'>Ει</span> <span class='ocrx_word' id='word_1_419' title='bbox 3165 1184 3396 1224; x_wconf 88' lang='lat' dir='ltr'><strong>rursus:</strong></span> 
     </span>
    </p>
   </div>
   <div class='ocr_carea' id='block_1_57' title="bbox 1847 1247 3398 1323">
    <p class='ocr_par' dir='ltr' id='par_1_57' title="bbox 1847 1247 3398 1323">
     <span class='ocr_line' id='line_1_57' title="bbox 1847 1247 3398 1323; baseline 0.01 -23"><span class='ocrx_word' id='word_1_420' title='bbox 1847 1247 2068 1303; x_wconf 65' lang='lat' dir='ltr'><strong>«Nolite</strong></span> <span class='ocrx_word' id='word_1_421' title='bbox 2116 1258 2308 1319; x_wconf 86' lang='lat' dir='ltr'><strong>putare</strong></span> <span class='ocrx_word' id='word_1_422' title='bbox 2352 1251 2498 1320; x_wconf 92' lang='lat' dir='ltr'><strong>quod</strong></span> <span class='ocrx_word' id='word_1_423' title='bbox 2552 1252 2794 1306; x_wconf 87' lang='lat' dir='ltr'><strong>venerim</strong></span> <span class='ocrx_word' id='word_1_424' title='bbox 2845 1268 3035 1323; x_wconf 83' lang='lat' dir='ltr'><strong>pacem</strong></span> <span class='ocrx_word' id='word_1_425' title='bbox 3085 1257 3298 1313; x_wconf 88' lang='lat' dir='ltr'><strong>mittere</strong></span> <span class='ocrx_word' id='word_1_426' title='bbox 3341 1259 3398 1315; x_wconf 83' lang='lat' dir='ltr'><strong>in</strong></span> 
     </span>
    </p>
   </div>
   <div class='ocr_carea' id='block_1_58' title="bbox 1841 1339 3398 1414">
    <p class='ocr_par' dir='ltr' id='par_1_58' title="bbox 1841 1339 3398 1414">
     <span class='ocr_line' id='line_1_58' title="bbox 1841 1339 3398 1414; baseline 0.008 -22"><span class='ocrx_word' id='word_1_427' title='bbox 1841 1347 2062 1404; x_wconf 89' lang='lat' dir='ltr'><strong>terram,</strong></span> <span class='ocrx_word' id='word_1_428' title='bbox 2117 1356 2227 1393; x_wconf 90' lang='lat' dir='ltr'><strong>non</strong></span> <span class='ocrx_word' id='word_1_429' title='bbox 2259 1339 2384 1396; x_wconf 88' lang='lat' dir='ltr'><strong>dico</strong></span> <span class='ocrx_word' id='word_1_430' title='bbox 2407 1342 2578 1405; x_wconf 86' lang='lat' dir='ltr'><strong>vobis,</strong></span> <span class='ocrx_word' id='word_1_431' title='bbox 2626 1341 2721 1398; x_wconf 92' lang='lat' dir='ltr'><strong>sed</strong></span> <span class='ocrx_word' id='word_1_432' title='bbox 2768 1346 3204 1414; x_wconf 89' lang='lat' dir='ltr'><strong>separationem;</strong></span> <span class='ocrx_word' id='word_1_433' title='bbox 3238 1359 3398 1404; x_wconf 88' lang='lat' dir='ltr'><strong>erunt</strong></span> 
     </span>
    </p>
   </div>
   <div class='ocr_carea' id='block_1_59' title="bbox 1839 1432 3399 1505">
    <p class='ocr_par' dir='ltr' id='par_1_59' title="bbox 1839 1432 3399 1505">
     <span class='ocr_line' id='line_1_59' title="bbox 1839 1432 3399 1505; baseline 0.006 -19"><span class='ocrx_word' id='word_1_434' title='bbox 1839 1432 1982 1486; x_wconf 88' lang='lat' dir='ltr'><strong>enim</strong></span> <span class='ocrx_word' id='word_1_435' title='bbox 2011 1448 2077 1486; x_wconf 80' lang='lat' dir='ltr'><strong>ex</strong></span> <span class='ocrx_word' id='word_1_436' title='bbox 2105 1434 2228 1499; x_wconf 87' lang='lat' dir='ltr'><strong>hoc,</strong></span> <span class='ocrx_word' id='word_1_437' title='bbox 2263 1433 2506 1505; x_wconf 90' lang='lat' dir='ltr'><strong>quinque</strong></span> <span class='ocrx_word' id='word_1_438' title='bbox 2538 1436 2591 1489; x_wconf 92' lang='lat' dir='ltr'><strong>in</strong></span> <span class='ocrx_word' id='word_1_439' title='bbox 2620 1435 2784 1490; x_wconf 89' lang='lat' dir='ltr'><strong>domo</strong></span> <span class='ocrx_word' id='word_1_440' title='bbox 2809 1451 2940 1502; x_wconf 87' lang='lat' dir='ltr'><strong>una,</strong></span> <span class='ocrx_word' id='word_1_441' title='bbox 2973 1448 3084 1494; x_wconf 87' lang='lat' dir='ltr'><strong>tres</strong></span> <span class='ocrx_word' id='word_1_442' title='bbox 3112 1437 3278 1497; x_wconf 85' lang='lat' dir='ltr'><strong>divisi</strong></span> <span class='ocrx_word' id='word_1_443' title='bbox 3308 1442 3399 1496; x_wconf 80' lang='lat' dir='ltr'><strong>ad-</strong></span> 
     </span>
    </p>
   </div>
   <div class='ocr_carea' id='block_1_60' title="bbox 1836 1527 3398 1602">
    <p class='ocr_par' dir='ltr' id='par_1_60' title="bbox 1836 1527 3398 1602">
     <span class='ocr_line' id='line_1_60' title="bbox 1836 1527 3398 1602; baseline 0.003 -22"><span class='ocrx_word' id='word_1_444' title='bbox 1836 1543 2028 1582; x_wconf 90' lang='lat' dir='ltr'><strong>versus</strong></span> <span class='ocrx_word' id='word_1_445' title='bbox 2067 1527 2225 1592; x_wconf 91' lang='lat' dir='ltr'><strong>duos,</strong></span> <span class='ocrx_word' id='word_1_446' title='bbox 2280 1536 2333 1584; x_wconf 90' lang='lat' dir='ltr'><strong>et</strong></span> <span class='ocrx_word' id='word_1_447' title='bbox 2359 1527 2466 1582; x_wconf 88' lang='lat' dir='ltr'><strong>duo</strong></span> <span class='ocrx_word' id='word_1_448' title='bbox 2499 1528 2758 1585; x_wconf 89' lang='lat' dir='ltr'><strong>adversus</strong></span> <span class='ocrx_word' id='word_1_449' title='bbox 2788 1536 2919 1585; x_wconf 90' lang='lat' dir='ltr'><strong>tres.</strong></span> <span class='ocrx_word' id='word_1_450' title='bbox 2963 1530 3398 1602; x_wconf 81' lang='lat' dir='ltr'><strong>Separabuntur,</strong></span> 
     </span>
    </p>
   </div>
   <div class='ocr_carea' id='block_1_61' title="bbox 1836 1618 3400 1690">
    <p class='ocr_par' dir='ltr' id='par_1_61' title="bbox 1836 1618 3400 1690">
     <span class='ocr_line' id='line_1_61' title="bbox 1836 1618 3400 1690; baseline 0.007 -22"><span class='ocrx_word' id='word_1_451' title='bbox 1836 1623 1988 1686; x_wconf 88' lang='lat' dir='ltr'><strong>pater</strong></span> <span class='ocrx_word' id='word_1_452' title='bbox 2015 1625 2208 1672; x_wconf 91' lang='lat' dir='ltr'><strong>contra</strong></span> <span class='ocrx_word' id='word_1_453' title='bbox 2244 1618 2432 1680; x_wconf 80' lang='lat' dir='ltr'><strong>lilium,</strong></span> <span class='ocrx_word' id='word_1_454' title='bbox 2463 1626 2517 1672; x_wconf 86' lang='lat' dir='ltr'><strong>et</strong></span> <span class='ocrx_word' id='word_1_455' title='bbox 2546 1620 2688 1675; x_wconf 80' lang='lat' dir='ltr'><strong>(ilius</strong></span> <span class='ocrx_word' id='word_1_456' title='bbox 2719 1628 2908 1674; x_wconf 90' lang='lat' dir='ltr'><strong>contra</strong></span> <span class='ocrx_word' id='word_1_457' title='bbox 2946 1628 3178 1690; x_wconf 86' lang='lat' dir='ltr'><strong>patrem,</strong></span> <span class='ocrx_word' id='word_1_458' title='bbox 3222 1631 3400 1679; x_wconf 80' lang='lat' dir='ltr'><strong>mater</strong></span> 
     </span>
    </p>
   </div>
   <div class='ocr_carea' id='block_1_62' title="bbox 1836 1707 3401 1777">
    <p class='ocr_par' dir='ltr' id='par_1_62' title="bbox 1836 1707 3401 1777">
     <span class='ocr_line' id='line_1_62' title="bbox 1836 1707 3401 1777; baseline 0.008 -20"><span class='ocrx_word' id='word_1_459' title='bbox 1836 1712 2026 1759; x_wconf 88' lang='lat' dir='ltr'><strong>contra</strong></span> <span class='ocrx_word' id='word_1_460' title='bbox 2052 1707 2240 1770; x_wconf 81' lang='lat' dir='ltr'><strong>tiliam,</strong></span> <span class='ocrx_word' id='word_1_461' title='bbox 2271 1716 2325 1762; x_wconf 92' lang='lat' dir='ltr'><strong>et</strong></span> <span class='ocrx_word' id='word_1_462' title='bbox 2356 1707 2463 1762; x_wconf 83' lang='lat' dir='ltr'><strong>filia</strong></span> <span class='ocrx_word' id='word_1_463' title='bbox 2495 1717 2684 1764; x_wconf 85' lang='lat' dir='ltr'><strong>contra</strong></span> <span class='ocrx_word' id='word_1_464' title='bbox 2707 1721 2957 1777; x_wconf 87' lang='lat' dir='ltr'><strong>matrem,</strong></span> <span class='ocrx_word' id='word_1_465' title='bbox 2991 1726 3184 1768; x_wconf 91' lang='lat' dir='ltr'><strong>socrus</strong></span> <span class='ocrx_word' id='word_1_466' title='bbox 3205 1721 3401 1771; x_wconf 84' lang='lat' dir='ltr'><strong>contra</strong></span> 
     </span>
    </p>
   </div>
   <div class='ocr_carea' id='block_1_63' title="bbox 1837 1804 3396 1874">
    <p class='ocr_par' dir='ltr' id='par_1_63' title="bbox 1837 1804 3396 1874">
     <span class='ocr_line' id='line_1_63' title="bbox 1837 1804 3396 1874; baseline 0.01 -26"><span class='ocrx_word' id='word_1_467' title='bbox 1837 1811 2060 1862; x_wconf 90' lang='lat' dir='ltr'><strong>nurum,</strong></span> <span class='ocrx_word' id='word_1_468' title='bbox 2112 1806 2167 1851; x_wconf 89' lang='lat' dir='ltr'><strong>et</strong></span> <span class='ocrx_word' id='word_1_469' title='bbox 2211 1813 2384 1854; x_wconf 88' lang='lat' dir='ltr'><strong>nurus</strong></span> <span class='ocrx_word' id='word_1_470' title='bbox 2417 1808 2607 1854; x_wconf 90' lang='lat' dir='ltr'><strong>contra</strong></span> <span class='ocrx_word' id='word_1_471' title='bbox 2655 1817 2874 1858; x_wconf 89' lang='lat' dir='ltr'><strong>socrum</strong></span> <span class='ocrx_word' id='word_1_472' title='bbox 2903 1804 2966 1858; x_wconf 77' lang='grc'><strong>³⁸.</strong></span> <span class='ocrx_word' id='word_1_473' title='bbox 3000 1825 3020 1858; x_wconf 74' lang='grc' dir='ltr'><strong>ι</strong></span> <span class='ocrx_word' id='word_1_474' title='bbox 3078 1805 3202 1862; x_wconf 62' lang='lat' dir='ltr'><strong>Haec</strong></span> <span class='ocrx_word' id='word_1_475' title='bbox 3231 1809 3396 1874; x_wconf 45' lang='lat' dir='ltr'><strong>;enim</strong></span> 
     </span>
    </p>
   </div>
   <div class='ocr_carea' id='block_1_64' title="bbox 1835 1887 3400 1969">
    <p class='ocr_par' dir='ltr' id='par_1_64' title="bbox 1835 1887 3400 1969">
     <span class='ocr_line' id='line_1_64' title="bbox 1835 1887 3400 1969; baseline 0.009 -29"><span class='ocrx_word' id='word_1_476' title='bbox 1835 1887 1891 1940; x_wconf 91' lang='lat' dir='ltr'><strong>in</strong></span> <span class='ocrx_word' id='word_1_477' title='bbox 1936 1902 2044 1958; x_wconf 89' lang='lat' dir='ltr'><strong>quo</strong></span> <span class='ocrx_word' id='word_1_478' title='bbox 2083 1889 2301 1944; x_wconf 88' lang='lat' dir='ltr'><strong>tandem</strong></span> <span class='ocrx_word' id='word_1_479' title='bbox 2335 1905 2364 1944; x_wconf 89' lang='lat' dir='ltr'><strong>a</strong></span> <span class='ocrx_word' id='word_1_480' title='bbox 2407 1907 2541 1947; x_wconf 82' lang='lat' dir='ltr'><strong>voce</strong></span> <span class='ocrx_word' id='word_1_481' title='bbox 2588 1894 2906 1962; x_wconf 90' lang='lat' dir='ltr'><strong>prophetica</strong></span> <span class='ocrx_word' id='word_1_482' title='bbox 2951 1895 3238 1964; x_wconf 74' lang='lat' dir='ltr'><strong>differunt,</strong></span> <span class='ocrx_word' id='word_1_483' title='bbox 3277 1914 3400 1969; x_wconf 67' lang='lat' dir='ltr'><strong>qua:</strong></span> 
     </span>
    </p>
   </div>
   <div class='ocr_carea' id='block_1_65' title="bbox 1835 1979 3398 2057">
    <p class='ocr_par' dir='ltr' id='par_1_65' title="bbox 1835 1979 3398 2057">
     <span class='ocr_line' id='line_1_65' title="bbox 1835 1979 3398 2057; baseline 0.011 -27"><span class='ocrx_word' id='word_1_484' title='bbox 1835 1993 1942 2047; x_wconf 90' lang='lat' dir='ltr'><strong>quo</strong></span> <span class='ocrx_word' id='word_1_485' title='bbox 1973 1986 2213 2049; x_wconf 87' lang='lat' dir='ltr'><strong>tempore</strong></span> <span class='ocrx_word' id='word_1_486' title='bbox 2258 1979 2522 2039; x_wconf 89' lang='lat' dir='ltr'><strong>Dominus</strong></span> <span class='ocrx_word' id='word_1_487' title='bbox 2582 1984 2636 2039; x_wconf 91' lang='lat' dir='ltr'><strong>in</strong></span> <span class='ocrx_word' id='word_1_488' title='bbox 2678 1984 2968 2057; x_wconf 65' lang='lat' dir='ltr'><strong>Egyplum</strong></span> <span class='ocrx_word' id='word_1_489' title='bbox 3011 1990 3280 2057; x_wconf 82' lang='lat' dir='ltr'><strong>adveniet,</strong></span> <span class='ocrx_word' id='word_1_490' title='bbox 3323 1995 3398 2046; x_wconf 84' lang='lat' dir='ltr'><strong>ait</strong></span> 
     </span>
    </p>
   </div>
   <div class='ocr_carea' id='block_1_66' title="bbox 1833 2070 3396 2149">
    <p class='ocr_par' dir='ltr' id='par_1_66' title="bbox 1833 2070 3396 2149">
     <span class='ocr_line' id='line_1_66' title="bbox 1833 2070 3396 2149; baseline 0.008 -25"><span class='ocrx_word' id='word_1_491' title='bbox 1833 2080 2178 2127; x_wconf 82' lang='lat' dir='ltr'><strong>surrecturos</strong></span> <span class='ocrx_word' id='word_1_492' title='bbox 2210 2070 2497 2144; x_wconf 67' lang='lat' dir='ltr'><strong>Egyptios</strong></span> <span class='ocrx_word' id='word_1_493' title='bbox 2531 2083 2725 2130; x_wconf 86' lang='lat' dir='ltr'><strong>contra</strong></span> <span class='ocrx_word' id='word_1_494' title='bbox 2765 2076 3092 2149; x_wconf 66' lang='lat' dir='ltr'><strong>Egyptios?</strong></span> <span class='ocrx_word' id='word_1_495' title='bbox 3116 2088 3170 2136; x_wconf 91' lang='lat' dir='ltr'><strong>et</strong></span> <span class='ocrx_word' id='word_1_496' title='bbox 3196 2082 3396 2137; x_wconf 88' lang='lat' dir='ltr'><strong>bellum</strong></span> 
     </span>
    </p>
   </div>
   <div class='ocr_carea' id='block_1_67' title="bbox 1833 2162 3398 2231">
    <p class='ocr_par' dir='ltr' id='par_1_67' title="bbox 1833 2162 3398 2231">
     <span class='ocr_line' id='line_1_67' title="bbox 1833 2162 3398 2231; baseline 0.009 -16"><span class='ocrx_word' id='word_1_497' title='bbox 1833 2169 2110 2231; x_wconf 82' lang='lat' dir='ltr'><strong>gesturum</strong></span> <span class='ocrx_word' id='word_1_498' title='bbox 2175 2162 2446 2221; x_wconf 81' lang='lat' dir='ltr'><strong>hominem</strong></span> <span class='ocrx_word' id='word_1_499' title='bbox 2501 2175 2698 2223; x_wconf 84' lang='lat' dir='ltr'><strong>contra</strong></span> <span class='ocrx_word' id='word_1_500' title='bbox 2745 2167 2964 2224; x_wconf 83' lang='lat' dir='ltr'><strong>fratrem</strong></span> <span class='ocrx_word' id='word_1_501' title='bbox 3005 2174 3202 2227; x_wconf 87' lang='lat' dir='ltr'><strong>suum?</strong></span> <span class='ocrx_word' id='word_1_502' title='bbox 3244 2173 3398 2229; x_wconf 91' lang='lat' dir='ltr'><strong>Tunc</strong></span> 
     </span>
    </p>
   </div>
   <div class='ocr_carea' id='block_1_68' title="bbox 1831 2253 3398 2332">
    <p class='ocr_par' dir='ltr' id='par_1_68' title="bbox 1831 2253 3398 2332">
     <span class='ocr_line' id='line_1_68' title="bbox 1831 2253 3398 2332; baseline 0.009 -25"><span class='ocrx_word' id='word_1_503' title='bbox 1831 2269 1962 2309; x_wconf 78' lang='lat' dir='ltr'><strong>vero</strong></span> <span class='ocrx_word' id='word_1_504' title='bbox 1994 2253 2129 2310; x_wconf 86' lang='lat' dir='ltr'><strong>Novi</strong></span> <span class='ocrx_word' id='word_1_505' title='bbox 2181 2255 2516 2313; x_wconf 89' lang='lat' dir='ltr'><strong>Testamenti</strong></span> <span class='ocrx_word' id='word_1_506' title='bbox 2547 2259 2654 2327; x_wconf 83' lang='lat' dir='ltr'><strong>lex,</strong></span> <span class='ocrx_word' id='word_1_507' title='bbox 2684 2262 2843 2331; x_wconf 87' lang='lat' dir='ltr'><strong>cujus</strong></span> <span class='ocrx_word' id='word_1_508' title='bbox 2883 2262 3136 2320; x_wconf 88' lang='lat' dir='ltr'><strong>Christus</strong></span> <span class='ocrx_word' id='word_1_509' title='bbox 3184 2273 3398 2332; x_wconf 86' lang='lat' dir='ltr'><strong>auctor,</strong></span> 
     </span>
    </p>
   </div>
   <div class='ocr_carea' id='block_1_69' title="bbox 1831 2347 3396 2424">
    <p class='ocr_par' dir='ltr' id='par_1_69' title="bbox 1831 2347 3396 2424">
     <span class='ocr_line' id='line_1_69' title="bbox 1831 2347 3396 2424; baseline 0.008 -24"><span class='ocrx_word' id='word_1_510' title='bbox 1831 2353 2020 2400; x_wconf 89' lang='lat' dir='ltr'><strong>contra</strong></span> <span class='ocrx_word' id='word_1_511' title='bbox 2054 2347 2225 2416; x_wconf 81' lang='lat' dir='ltr'><strong>legem</strong></span> <span class='ocrx_word' id='word_1_512' title='bbox 2256 2351 2685 2420; x_wconf 85' lang='lat' dir='ltr'><strong>superstitionis,</strong></span> <span class='ocrx_word' id='word_1_513' title='bbox 2715 2353 2769 2406; x_wconf 89' lang='lat' dir='ltr'><strong>in</strong></span> <span class='ocrx_word' id='word_1_514' title='bbox 2804 2369 2911 2423; x_wconf 92' lang='lat' dir='ltr'><strong>qua</strong></span> <span class='ocrx_word' id='word_1_515' title='bbox 2944 2355 3126 2424; x_wconf 87' lang='lat' dir='ltr'><strong>plures</strong></span> <span class='ocrx_word' id='word_1_516' title='bbox 3153 2355 3226 2410; x_wconf 92' lang='lat' dir='ltr'><strong>dii</strong></span> <span class='ocrx_word' id='word_1_517' title='bbox 3251 2357 3396 2413; x_wconf 90' lang='lat' dir='ltr'><strong>cole-</strong></span> 
     </span>
    </p>
   </div>
   <div class='ocr_carea' id='block_1_70' title="bbox 1829 2433 3392 2512">
    <p class='ocr_par' dir='ltr' id='par_1_70' title="bbox 1829 2433 3392 2512">
     <span class='ocr_line' id='line_1_70' title="bbox 1829 2433 3392 2512; baseline 0.007 -24"><span class='ocrx_word' id='word_1_518' title='bbox 1829 2433 2050 2498; x_wconf 86' lang='lat' dir='ltr'><strong>bantur,</strong></span> <span class='ocrx_word' id='word_1_519' title='bbox 2095 2437 2354 2500; x_wconf 79' lang='lat' dir='ltr'><strong>surrexit,</strong></span> <span class='ocrx_word' id='word_1_520' title='bbox 2388 2454 2511 2494; x_wconf 91' lang='lat' dir='ltr'><strong>cum</strong></span> <span class='ocrx_word' id='word_1_521' title='bbox 2545 2439 2800 2495; x_wconf 85' lang='lat' dir='ltr'><strong>videlicet</strong></span> <span class='ocrx_word' id='word_1_522' title='bbox 2829 2444 3068 2512; x_wconf 88' lang='lat' dir='ltr'><strong>gentium</strong></span> <span class='ocrx_word' id='word_1_523' title='bbox 3099 2445 3392 2500; x_wconf 89' lang='lat' dir='ltr'><strong>simulacra</strong></span> 
     </span>
    </p>
   </div>
   <div class='ocr_carea' id='block_1_71' title="bbox 1829 2525 3393 2606">
    <p class='ocr_par' dir='ltr' id='par_1_71' title="bbox 1829 2525 3393 2606">
     <span class='ocr_line' id='line_1_71' title="bbox 1829 2525 3393 2606; baseline 0.009 -29"><span class='ocrx_word' id='word_1_524' title='bbox 1829 2525 2172 2581; x_wconf 86' lang='lat' dir='ltr'><strong>adorantium</strong></span> <span class='ocrx_word' id='word_1_525' title='bbox 2224 2528 2330 2592; x_wconf 84' lang='lat' dir='ltr'><strong>lex,</strong></span> <span class='ocrx_word' id='word_1_526' title='bbox 2369 2528 2574 2585; x_wconf 89' lang='lat' dir='ltr'><strong>Christi</strong></span> <span class='ocrx_word' id='word_1_527' title='bbox 2615 2531 2920 2587; x_wconf 87' lang='lat' dir='ltr'><strong>doctrinam</strong></span> <span class='ocrx_word' id='word_1_528' title='bbox 2956 2549 3296 2606; x_wconf 78' lang='lat' dir='ltr'><strong>oppugnatis,</strong></span> <span class='ocrx_word' id='word_1_529' title='bbox 3337 2546 3393 2591; x_wconf 90' lang='lat' dir='ltr'><strong>et</strong></span> 
     </span>
    </p>
   </div>
   <div class='ocr_carea' id='block_1_72' title="bbox 1829 2616 3396 2695">
    <p class='ocr_par' dir='ltr' id='par_1_72' title="bbox 1829 2616 3396 2695">
     <span class='ocr_line' id='line_1_72' title="bbox 1829 2616 3396 2695; baseline 0.009 -26"><span class='ocrx_word' id='word_1_530' title='bbox 1829 2616 2024 2672; x_wconf 89' lang='lat' dir='ltr'><strong>civitas</strong></span> <span class='ocrx_word' id='word_1_531' title='bbox 2054 2634 2118 2672; x_wconf 90' lang='lat' dir='ltr'><strong>ac</strong></span> <span class='ocrx_word' id='word_1_532' title='bbox 2151 2621 2460 2690; x_wconf 84' lang='lat' dir='ltr'><strong>respublica</strong></span> <span class='ocrx_word' id='word_1_533' title='bbox 2491 2623 2609 2692; x_wconf 86' lang='lat' dir='ltr'><strong>ejus</strong></span> <span class='ocrx_word' id='word_1_534' title='bbox 2658 2623 2914 2679; x_wconf 59' lang='lat' dir='ltr'><strong>Ecclesiae</strong></span> <span class='ocrx_word' id='word_1_535' title='bbox 2943 2641 3062 2695; x_wconf 78' lang='lat' dir='ltr'><strong>qua:</strong></span> <span class='ocrx_word' id='word_1_536' title='bbox 3085 2627 3139 2681; x_wconf 93' lang='lat' dir='ltr'><strong>in</strong></span> <span class='ocrx_word' id='word_1_537' title='bbox 3173 2626 3396 2683; x_wconf 87' lang='lat' dir='ltr'><strong>Christo</strong></span> 
     </span>
    </p>
   </div>
   <div class='ocr_carea' id='block_1_73' title="bbox 1828 2709 3396 2784">
    <p class='ocr_par' dir='ltr' id='par_1_73' title="bbox 1828 2709 3396 2784">
     <span class='ocr_line' id='line_1_73' title="bbox 1828 2709 3396 2784; baseline 0.009 -22"><span class='ocrx_word' id='word_1_538' title='bbox 1828 2709 2100 2774; x_wconf 82' lang='lat' dir='ltr'><strong>consistit,</strong></span> <span class='ocrx_word' id='word_1_539' title='bbox 2132 2710 2393 2767; x_wconf 80' lang='lat' dir='ltr'><strong>adversus</strong></span> <span class='ocrx_word' id='word_1_540' title='bbox 2419 2713 2559 2768; x_wconf 88' lang='lat' dir='ltr'><strong>ritus</strong></span> <span class='ocrx_word' id='word_1_541' title='bbox 2577 2721 2738 2784; x_wconf 88' lang='lat' dir='ltr'><strong>atque</strong></span> <span class='ocrx_word' id='word_1_542' title='bbox 2760 2716 3006 2771; x_wconf 89' lang='lat' dir='ltr'><strong>instituta</strong></span> <span class='ocrx_word' id='word_1_543' title='bbox 3033 2734 3142 2772; x_wconf 90' lang='lat' dir='ltr'><strong>non</strong></span> <span class='ocrx_word' id='word_1_544' title='bbox 3160 2718 3396 2776; x_wconf 86' lang='lat' dir='ltr'><strong>creden-</strong></span> 
     </span>
    </p>
   </div>
   <div class='ocr_carea' id='block_1_74' title="bbox 1827 2801 3393 2877">
    <p class='ocr_par' dir='ltr' id='par_1_74' title="bbox 1827 2801 3393 2877">
     <span class='ocr_line' id='line_1_74' title="bbox 1827 2801 3393 2877; baseline 0.01 -23"><span class='ocrx_word' id='word_1_545' title='bbox 1827 2801 1960 2854; x_wconf 88' lang='lat' dir='ltr'><strong>tium</strong></span> <span class='ocrx_word' id='word_1_546' title='bbox 1978 2802 2252 2856; x_wconf 87' lang='lat' dir='ltr'><strong>nationum</strong></span> <span class='ocrx_word' id='word_1_547' title='bbox 2277 2804 2536 2859; x_wconf 79' lang='lat' dir='ltr'><strong>suseitata</strong></span> <span class='ocrx_word' id='word_1_548' title='bbox 2549 2813 2651 2861; x_wconf 89' lang='lat' dir='ltr'><strong>est.</strong></span> <span class='ocrx_word' id='word_1_549' title='bbox 2677 2805 2754 2860; x_wconf 83' lang='lat' dir='ltr'><strong>Ex</strong></span> <span class='ocrx_word' id='word_1_550' title='bbox 2774 2822 2883 2877; x_wconf 91' lang='lat' dir='ltr'><strong>quo</strong></span> <span class='ocrx_word' id='word_1_551' title='bbox 2899 2808 3028 2863; x_wconf 90' lang='lat' dir='ltr'><strong>illud</strong></span> <span class='ocrx_word' id='word_1_552' title='bbox 3045 2809 3248 2865; x_wconf 88' lang='lat' dir='ltr'><strong>dictum</strong></span> <span class='ocrx_word' id='word_1_553' title='bbox 3270 2817 3356 2869; x_wconf 69' lang='lat' dir='ltr'><strong>est</strong></span> <span class='ocrx_word' id='word_1_554' title='bbox 3371 2827 3393 2870; x_wconf 86' lang='lat'><strong>:</strong></span> 
     </span>
    </p>
   </div>
   <div class='ocr_carea' id='block_1_75' title="bbox 1833 2892 3388 2972">
    <p class='ocr_par' dir='ltr' id='par_1_75' title="bbox 1833 2892 3388 2972">
     <span class='ocr_line' id='line_1_75' title="bbox 1833 2892 3388 2972; baseline 0.008 -29"><span class='ocrx_word' id='word_1_555' title='bbox 1833 2911 1851 2943; x_wconf 74' lang='grc' dir='ltr'><strong>ι</strong></span> <span class='ocrx_word' id='word_1_556' title='bbox 1880 2892 2084 2948; x_wconf 87' lang='lat' dir='ltr'><strong>Civitas</strong></span> <span class='ocrx_word' id='word_1_557' title='bbox 2099 2892 2362 2949; x_wconf 88' lang='lat' dir='ltr'><strong>adversus</strong></span> <span class='ocrx_word' id='word_1_558' title='bbox 2382 2895 2678 2961; x_wconf 85' lang='lat' dir='ltr'><strong>civitatem,</strong></span> <span class='ocrx_word' id='word_1_559' title='bbox 2699 2904 2752 2952; x_wconf 87' lang='lat' dir='ltr'><strong>et</strong></span> <span class='ocrx_word' id='word_1_560' title='bbox 2773 2898 2859 2952; x_wconf 82' lang='lat' dir='ltr'><strong>lex</strong></span> <span class='ocrx_word' id='word_1_561' title='bbox 2884 2899 3149 2957; x_wconf 87' lang='lat' dir='ltr'><strong>adversus</strong></span> <span class='ocrx_word' id='word_1_562' title='bbox 3162 2901 3388 2972; x_wconf 66' lang='lat' dir='ltr'><strong>legem.»</strong></span> 
     </span>
    </p>
   </div>
   <div class='ocr_carea' id='block_1_76' title="bbox 1827 2983 3390 3058">
    <p class='ocr_par' dir='ltr' id='par_1_76' title="bbox 1827 2983 3390 3058">
     <span class='ocr_line' id='line_1_76' title="bbox 1827 2983 3390 3058; baseline 0.007 -21"><span class='ocrx_word' id='word_1_563' title='bbox 1827 2983 2029 3040; x_wconf 87' lang='lat' dir='ltr'><strong>Deinde</strong></span> <span class='ocrx_word' id='word_1_564' title='bbox 2054 2986 2178 3041; x_wconf 91' lang='lat' dir='ltr'><strong>licet</strong></span> <span class='ocrx_word' id='word_1_565' title='bbox 2207 2988 2366 3058; x_wconf 87' lang='lat' dir='ltr'><strong>plane</strong></span> <span class='ocrx_word' id='word_1_566' title='bbox 2387 2986 2674 3058; x_wconf 68' lang='lat' dir='ltr'><strong>ngyptios</strong></span> <span class='ocrx_word' id='word_1_567' title='bbox 2689 2997 2742 3044; x_wconf 87' lang='lat' dir='ltr'><strong>et</strong></span> <span class='ocrx_word' id='word_1_568' title='bbox 2757 3005 2946 3046; x_wconf 87' lang='lat' dir='ltr'><strong>omnes</strong></span> <span class='ocrx_word' id='word_1_569' title='bbox 2971 2992 3390 3048; x_wconf 82' lang='lat' dir='ltr'><strong>simulacrorum</strong></span> 
     </span>
    </p>
   </div>
   <div class='ocr_carea' id='block_1_77' title="bbox 1829 3074 3396 3147">
    <p class='ocr_par' dir='ltr' id='par_1_77' title="bbox 1829 3074 3396 3147">
     <span class='ocr_line' id='line_1_77' title="bbox 1829 3074 3396 3147; baseline 0.007 -20"><span class='ocrx_word' id='word_1_570' title='bbox 1829 3074 2087 3139; x_wconf 86' lang='lat' dir='ltr'><strong>cultores,</strong></span> <span class='ocrx_word' id='word_1_571' title='bbox 2115 3091 2347 3146; x_wconf 90' lang='lat' dir='ltr'><strong>eumque</strong></span> <span class='ocrx_word' id='word_1_572' title='bbox 2375 3077 2467 3146; x_wconf 91' lang='lat' dir='ltr'><strong>qui</strong></span> <span class='ocrx_word' id='word_1_573' title='bbox 2501 3077 2554 3130; x_wconf 90' lang='lat' dir='ltr'><strong>in</strong></span> <span class='ocrx_word' id='word_1_574' title='bbox 2575 3077 2709 3147; x_wconf 89' lang='lat' dir='ltr'><strong>ipsis</strong></span> <span class='ocrx_word' id='word_1_575' title='bbox 2740 3079 2848 3132; x_wconf 90' lang='lat' dir='ltr'><strong>vim</strong></span> <span class='ocrx_word' id='word_1_576' title='bbox 2886 3095 3040 3135; x_wconf 89' lang='lat' dir='ltr'><strong>suam</strong></span> <span class='ocrx_word' id='word_1_577' title='bbox 3061 3089 3276 3138; x_wconf 81' lang='lat' dir='ltr'><strong>exercet</strong></span> <span class='ocrx_word' id='word_1_578' title='bbox 3301 3099 3396 3140; x_wconf 85' lang='lat' dir='ltr'><strong>su-</strong></span> 
     </span>
    </p>
   </div>
   <div class='ocr_carea' id='block_1_78' title="bbox 1829 3166 3390 3244">
    <p class='ocr_par' dir='ltr' id='par_1_78' title="bbox 1829 3166 3390 3244">
     <span class='ocr_line' id='line_1_78' title="bbox 1829 3166 3390 3244; baseline 0.008 -24"><span class='ocrx_word' id='word_1_579' title='bbox 1829 3166 2164 3234; x_wconf 88' lang='lat' dir='ltr'><strong>perstitionis</strong></span> <span class='ocrx_word' id='word_1_580' title='bbox 2181 3169 2453 3238; x_wconf 88' lang='lat' dir='ltr'><strong>spiritum,</strong></span> <span class='ocrx_word' id='word_1_581' title='bbox 2470 3169 2672 3224; x_wconf 90' lang='lat' dir='ltr'><strong>intueri</strong></span> <span class='ocrx_word' id='word_1_582' title='bbox 2687 3171 2848 3225; x_wconf 87' lang='lat' dir='ltr'><strong>etiam</strong></span> <span class='ocrx_word' id='word_1_583' title='bbox 2865 3187 3010 3227; x_wconf 89' lang='lat' dir='ltr'><strong>nunc</strong></span> <span class='ocrx_word' id='word_1_584' title='bbox 3025 3175 3390 3244; x_wconf 79' lang='lat' dir='ltr'><strong>perturbatos,</strong></span> 
     </span>
    </p>
   </div>
   <div class='ocr_carea' id='block_1_79' title="bbox 1829 3257 3396 3331">
    <p class='ocr_par' dir='ltr' id='par_1_79' title="bbox 1829 3257 3396 3331">
     <span class='ocr_line' id='line_1_79' title="bbox 1829 3257 3396 3331; baseline 0.008 -21"><span class='ocrx_word' id='word_1_585' title='bbox 1829 3257 1992 3327; x_wconf 78' lang='lat'><strong>299</strong></span> <span class='ocrx_word' id='word_1_586' title='bbox 2017 3266 2071 3312; x_wconf 88' lang='lat' dir='ltr'><strong>et</strong></span> <span class='ocrx_word' id='word_1_587' title='bbox 2095 3265 2324 3314; x_wconf 87' lang='lat' dir='ltr'><strong>multum</strong></span> <span class='ocrx_word' id='word_1_588' title='bbox 2349 3259 2566 3330; x_wconf 86' lang='lat' dir='ltr'><strong>quidem</strong></span> <span class='ocrx_word' id='word_1_589' title='bbox 2595 3263 2998 3331; x_wconf 87' lang='lat' dir='ltr'><strong>consultantes,</strong></span> <span class='ocrx_word' id='word_1_590' title='bbox 3027 3273 3082 3320; x_wconf 89' lang='lat' dir='ltr'><strong>et</strong></span> <span class='ocrx_word' id='word_1_591' title='bbox 3107 3266 3396 3321; x_wconf 87' lang='lat' dir='ltr'><strong>commini-</strong></span> 
     </span>
    </p>
   </div>
   <div class='ocr_carea' id='block_1_80' title="bbox 1830 3354 3395 3422">
    <p class='ocr_par' dir='ltr' id='par_1_80' title="bbox 1830 3354 3395 3422">
     <span class='ocr_line' id='line_1_80' title="bbox 1830 3354 3395 3422; baseline 0.007 -19"><span class='ocrx_word' id='word_1_592' title='bbox 1830 3359 2046 3406; x_wconf 88' lang='lat' dir='ltr'><strong>scentes</strong></span> <span class='ocrx_word' id='word_1_593' title='bbox 2075 3361 2266 3407; x_wconf 89' lang='lat' dir='ltr'><strong>contra</strong></span> <span class='ocrx_word' id='word_1_594' title='bbox 2309 3354 2515 3410; x_wconf 89' lang='lat' dir='ltr'><strong>Christi</strong></span> <span class='ocrx_word' id='word_1_595' title='bbox 2560 3354 2865 3411; x_wconf 85' lang='lat' dir='ltr'><strong>doctrinam</strong></span> <span class='ocrx_word' id='word_1_596' title='bbox 2887 3397 2902 3422; x_wconf 92' lang='lat'><strong>,</strong></span> <span class='ocrx_word' id='word_1_597' title='bbox 2933 3365 2993 3411; x_wconf 93' lang='lat' dir='ltr'><strong>ut</strong></span> <span class='ocrx_word' id='word_1_598' title='bbox 3032 3373 3152 3413; x_wconf 89' lang='lat' dir='ltr'><strong>eam</strong></span> <span class='ocrx_word' id='word_1_599' title='bbox 3185 3361 3395 3414; x_wconf 83' lang='lat' dir='ltr'><strong>exstin-</strong></span> 
     </span>
    </p>
   </div>
   <div class='ocr_carea' id='block_1_81' title="bbox 1831 3443 3393 3519">
    <p class='ocr_par' dir='ltr' id='par_1_81' title="bbox 1831 3443 3393 3519">
     <span class='ocr_line' id='line_1_81' title="bbox 1831 3443 3393 3519; baseline 0.009 -29"><span class='ocrx_word' id='word_1_600' title='bbox 1831 3448 2032 3507; x_wconf 89' lang='lat' dir='ltr'><strong>guant,</strong></span> <span class='ocrx_word' id='word_1_601' title='bbox 2070 3449 2232 3510; x_wconf 90' lang='lat' dir='ltr'><strong>atque</strong></span> <span class='ocrx_word' id='word_1_602' title='bbox 2273 3458 2338 3498; x_wconf 84' lang='lat' dir='ltr'><strong>ex</strong></span> <span class='ocrx_word' id='word_1_603' title='bbox 2386 3443 2704 3501; x_wconf 86' lang='lat' dir='ltr'><strong>hominibus</strong></span> <span class='ocrx_word' id='word_1_604' title='bbox 2733 3446 2985 3501; x_wconf 89' lang='lat' dir='ltr'><strong>deleant:</strong></span> <span class='ocrx_word' id='word_1_605' title='bbox 3018 3447 3256 3519; x_wconf 88' lang='lat' dir='ltr'><strong>dispergi</strong></span> <span class='ocrx_word' id='word_1_606' title='bbox 3290 3463 3393 3504; x_wconf 46' lang='lat' dir='ltr'><strong>au-</strong></span> 
     </span>
    </p>
   </div>
   <div class='ocr_carea' id='block_1_82' title="bbox 1827 3531 3389 3608">
    <p class='ocr_par' dir='ltr' id='par_1_82' title="bbox 1827 3531 3389 3608">
     <span class='ocr_line' id='line_1_82' title="bbox 1827 3531 3389 3608; baseline 0.01 -28"><span class='ocrx_word' id='word_1_607' title='bbox 1827 3535 1937 3584; x_wconf 86' lang='lat' dir='ltr'><strong>tem</strong></span> <span class='ocrx_word' id='word_1_608' title='bbox 1969 3544 2032 3584; x_wconf 90' lang='lat' dir='ltr'><strong>ac</strong></span> <span class='ocrx_word' id='word_1_609' title='bbox 2061 3531 2317 3602; x_wconf 83' lang='lat' dir='ltr'><strong>dissipari</strong></span> <span class='ocrx_word' id='word_1_610' title='bbox 2351 3549 2381 3588; x_wconf 93' lang='lat' dir='ltr'><strong>a</strong></span> <span class='ocrx_word' id='word_1_611' title='bbox 2415 3534 2562 3600; x_wconf 90' lang='lat' dir='ltr'><strong>Deo,</strong></span> <span class='ocrx_word' id='word_1_612' title='bbox 2595 3535 2686 3605; x_wconf 93' lang='lat' dir='ltr'><strong>qui</strong></span> <span class='ocrx_word' id='word_1_613' title='bbox 2721 3538 2797 3590; x_wconf 88' lang='lat' dir='ltr'><strong>ait</strong></span> <span class='ocrx_word' id='word_1_614' title='bbox 2827 3537 2880 3591; x_wconf 90' lang='lat' dir='ltr'><strong>in</strong></span> <span class='ocrx_word' id='word_1_615' title='bbox 2913 3538 3029 3607; x_wconf 89' lang='lat' dir='ltr'><strong>ipsa</strong></span> <span class='ocrx_word' id='word_1_616' title='bbox 3061 3538 3345 3608; x_wconf 86' lang='lat' dir='ltr'><strong>prophetia</strong></span> <span class='ocrx_word' id='word_1_617' title='bbox 3373 3559 3389 3596; x_wconf 81' lang='grc' dir='ltr'><strong>ι</strong></span> 
     </span>
    </p>
   </div>
   <div class='ocr_carea' id='block_1_83' title="bbox 1833 3619 3392 3696">
    <p class='ocr_par' dir='ltr' id='par_1_83' title="bbox 1833 3619 3392 3696">
     <span class='ocr_line' id='line_1_83' title="bbox 1833 3619 3392 3696; baseline 0.012 -25"><span class='ocrx_word' id='word_1_618' title='bbox 1833 3639 1850 3670; x_wconf 83' lang='grc'><em>‹</em></span> <span class='ocrx_word' id='word_1_619' title='bbox 1887 3619 1950 3673; x_wconf 80' lang='lat' dir='ltr'><strong>Et</strong></span> <span class='ocrx_word' id='word_1_620' title='bbox 1979 3623 2393 3678; x_wconf 87' lang='lat' dir='ltr'><strong>conturbabitur</strong></span> <span class='ocrx_word' id='word_1_621' title='bbox 2433 3626 2664 3695; x_wconf 89' lang='lat' dir='ltr'><strong>spiritus</strong></span> <span class='ocrx_word' id='word_1_622' title='bbox 2697 3623 3068 3696; x_wconf 65' lang='lat' dir='ltr'><strong>zEgypliorum</strong></span> <span class='ocrx_word' id='word_1_623' title='bbox 3094 3627 3150 3680; x_wconf 84' lang='lat' dir='ltr'><strong>in</strong></span> <span class='ocrx_word' id='word_1_624' title='bbox 3191 3629 3306 3694; x_wconf 68' lang='grc' dir='ltr'><strong>εἰς,</strong></span> <span class='ocrx_word' id='word_1_625' title='bbox 3335 3637 3392 3684; x_wconf 73' lang='grc' dir='ltr'><strong>ει</strong></span> 
     </span>
    </p>
   </div>
   <div class='ocr_carea' id='block_1_84' title="bbox 1827 3712 3392 3785">
    <p class='ocr_par' dir='ltr' id='par_1_84' title="bbox 1827 3712 3392 3785">
     <span class='ocr_line' id='line_1_84' title="bbox 1827 3712 3392 3785; baseline 0.004 -22"><span class='ocrx_word' id='word_1_626' title='bbox 1827 3712 2118 3766; x_wconf 88' lang='lat' dir='ltr'><strong>consilium</strong></span> <span class='ocrx_word' id='word_1_627' title='bbox 2171 3729 2360 3769; x_wconf 86' lang='lat' dir='ltr'><strong>eorum</strong></span> <span class='ocrx_word' id='word_1_628' title='bbox 2409 3713 2709 3785; x_wconf 87' lang='lat' dir='ltr'><strong>dissipabo.</strong></span> <span class='ocrx_word' id='word_1_629' title='bbox 2740 3735 2759 3767; x_wconf 75' lang='grc' dir='ltr'><strong>ι</strong></span> <span class='ocrx_word' id='word_1_630' title='bbox 2791 3716 3035 3784; x_wconf 85' lang='lat' dir='ltr'><strong>Cumque</strong></span> <span class='ocrx_word' id='word_1_631' title='bbox 3081 3716 3392 3771; x_wconf 87' lang='lat' dir='ltr'><strong>innumera-</strong></span> 
     </span>
    </p>
   </div>
   <div class='ocr_carea' id='block_1_85' title="bbox 1827 3804 3394 3876">
    <p class='ocr_par' dir='ltr' id='par_1_85' title="bbox 1827 3804 3394 3876">
     <span class='ocr_line' id='line_1_85' title="bbox 1827 3804 3394 3876; baseline -0.001 -15"><span class='ocrx_word' id='word_1_632' title='bbox 1827 3807 1954 3861; x_wconf 89' lang='lat' dir='ltr'><strong>bilia</strong></span> <span class='ocrx_word' id='word_1_633' title='bbox 2003 3805 2115 3862; x_wconf 87' lang='lat' dir='ltr'><strong>sint</strong></span> <span class='ocrx_word' id='word_1_634' title='bbox 2162 3820 2281 3874; x_wconf 63' lang='lat' dir='ltr'><strong>qua:</strong></span> <span class='ocrx_word' id='word_1_635' title='bbox 2324 3804 2660 3876; x_wconf 79' lang='lat' dir='ltr'><strong>interrogent</strong></span> <span class='ocrx_word' id='word_1_636' title='bbox 2689 3820 2753 3859; x_wconf 90' lang='lat' dir='ltr'><strong>ac</strong></span> <span class='ocrx_word' id='word_1_637' title='bbox 2784 3805 3134 3861; x_wconf 82' lang='lat' dir='ltr'><strong>sciscitentur</strong></span> <span class='ocrx_word' id='word_1_638' title='bbox 3181 3806 3236 3859; x_wconf 89' lang='lat' dir='ltr'><strong>in</strong></span> <span class='ocrx_word' id='word_1_639' title='bbox 3273 3821 3394 3860; x_wconf 77' lang='lat' dir='ltr'><strong>ora-</strong></span> 
     </span>
    </p>
   </div>
   <div class='ocr_carea' id='block_1_86' title="bbox 1827 3889 3391 3966">
    <p class='ocr_par' dir='ltr' id='par_1_86' title="bbox 1827 3889 3391 3966">
     <span class='ocr_line' id='line_1_86' title="bbox 1827 3889 3391 3966; baseline 0 -14"><span class='ocrx_word' id='word_1_640' title='bbox 1827 3899 1968 3953; x_wconf 90' lang='lat' dir='ltr'><strong>culis</strong></span> <span class='ocrx_word' id='word_1_641' title='bbox 2022 3912 2087 3952; x_wconf 90' lang='lat' dir='ltr'><strong>ac</strong></span> <span class='ocrx_word' id='word_1_642' title='bbox 2133 3897 2594 3962; x_wconf 85' lang='lat' dir='ltr'><strong>divinationibus,</strong></span> <span class='ocrx_word' id='word_1_643' title='bbox 2647 3897 2938 3953; x_wconf 88' lang='lat' dir='ltr'><strong>adversum</strong></span> <span class='ocrx_word' id='word_1_644' title='bbox 2987 3889 3125 3961; x_wconf 87' lang='lat' dir='ltr'><strong>nos,</strong></span> <span class='ocrx_word' id='word_1_645' title='bbox 3178 3898 3391 3966; x_wconf 89' lang='lat' dir='ltr'><strong>quoties</strong></span> 
     </span>
    </p>
   </div>
   <div class='ocr_carea' id='block_1_87' title="bbox 1825 3987 3389 4055">
    <p class='ocr_par' dir='ltr' id='par_1_87' title="bbox 1825 3987 3389 4055">
     <span class='ocr_line' id='line_1_87' title="bbox 1825 3987 3389 4055; baseline -0.001 -9"><span class='ocrx_word' id='word_1_646' title='bbox 1825 3992 1957 4047; x_wconf 90' lang='lat' dir='ltr'><strong>deos</strong></span> <span class='ocrx_word' id='word_1_647' title='bbox 2000 4005 2160 4055; x_wconf 91' lang='lat' dir='ltr'><strong>suos,</strong></span> <span class='ocrx_word' id='word_1_648' title='bbox 2205 3997 2260 4045; x_wconf 88' lang='lat' dir='ltr'><strong>et</strong></span> <span class='ocrx_word' id='word_1_649' title='bbox 2302 3989 2582 4044; x_wconf 88' lang='lat' dir='ltr'><strong>latitantes</strong></span> <span class='ocrx_word' id='word_1_650' title='bbox 2624 3989 2680 4042; x_wconf 93' lang='lat' dir='ltr'><strong>in</strong></span> <span class='ocrx_word' id='word_1_651' title='bbox 2727 3987 3036 4043; x_wconf 85' lang='lat' dir='ltr'><strong>simulacris</strong></span> <span class='ocrx_word' id='word_1_652' title='bbox 3079 3988 3389 4053; x_wconf 65' lang='lat' dir='ltr'><strong>daemonas,</strong></span> 
     </span>
    </p>
   </div>
   <div class='ocr_carea' id='block_1_88' title="bbox 1826 4079 3391 4152">
    <p class='ocr_par' dir='ltr' id='par_1_88' title="bbox 1826 4079 3391 4152">
     <span class='ocr_line' id='line_1_88' title="bbox 1826 4079 3391 4152; baseline -0.003 -14"><span class='ocrx_word' id='word_1_653' title='bbox 1826 4091 1882 4138; x_wconf 90' lang='lat' dir='ltr'><strong>et</strong></span> <span class='ocrx_word' id='word_1_654' title='bbox 1906 4097 2000 4138; x_wconf 88' lang='lat' dir='ltr'><strong>eos</strong></span> <span class='ocrx_word' id='word_1_655' title='bbox 2025 4083 2119 4151; x_wconf 89' lang='lat' dir='ltr'><strong>qui</strong></span> <span class='ocrx_word' id='word_1_656' title='bbox 2150 4079 2307 4152; x_wconf 87' lang='lat' dir='ltr'><strong>prius</strong></span> <span class='ocrx_word' id='word_1_657' title='bbox 2345 4081 2401 4135; x_wconf 92' lang='lat' dir='ltr'><strong>in</strong></span> <span class='ocrx_word' id='word_1_658' title='bbox 2431 4080 2566 4151; x_wconf 88' lang='lat' dir='ltr'><strong>ipsis</strong></span> <span class='ocrx_word' id='word_1_659' title='bbox 2606 4079 2841 4134; x_wconf 88' lang='lat' dir='ltr'><strong>multum</strong></span> <span class='ocrx_word' id='word_1_660' title='bbox 2885 4086 3166 4150; x_wconf 86' lang='lat' dir='ltr'><strong>poterant,</strong></span> <span class='ocrx_word' id='word_1_661' title='bbox 3197 4079 3391 4151; x_wconf 85' lang='lat' dir='ltr'><strong>pytho-</strong></span> 
     </span>
    </p>
   </div>
   <div class='ocr_carea' id='block_1_89' title="bbox 1826 4170 3390 4240">
    <p class='ocr_par' dir='ltr' id='par_1_89' title="bbox 1826 4170 3390 4240">
     <span class='ocr_line' id='line_1_89' title="bbox 1826 4170 3390 4240; baseline -0.001 -13"><span class='ocrx_word' id='word_1_662' title='bbox 1826 4189 1926 4229; x_wconf 89' lang='lat' dir='ltr'><strong>nas</strong></span> <span class='ocrx_word' id='word_1_663' title='bbox 1953 4212 1968 4238; x_wconf 92' lang='lat'><strong>,</strong></span> <span class='ocrx_word' id='word_1_664' title='bbox 2007 4174 2212 4229; x_wconf 89' lang='lat' dir='ltr'><strong>adeunt</strong></span> <span class='ocrx_word' id='word_1_665' title='bbox 2242 4191 2256 4228; x_wconf 90' lang='lat'><strong>:</strong></span> <span class='ocrx_word' id='word_1_666' title='bbox 2287 4173 2428 4226; x_wconf 85' lang='lat' dir='ltr'><strong>nihil</strong></span> <span class='ocrx_word' id='word_1_667' title='bbox 2458 4179 2640 4226; x_wconf 89' lang='lat' dir='ltr'><strong>tamen</strong></span> <span class='ocrx_word' id='word_1_668' title='bbox 2671 4171 2906 4240; x_wconf 90' lang='lat' dir='ltr'><strong>amplius</strong></span> <span class='ocrx_word' id='word_1_669' title='bbox 2935 4188 2998 4226; x_wconf 83' lang='lat' dir='ltr'><strong>ex</strong></span> <span class='ocrx_word' id='word_1_670' title='bbox 3033 4172 3139 4226; x_wconf 89' lang='lat' dir='ltr'><strong>illis</strong></span> <span class='ocrx_word' id='word_1_671' title='bbox 3165 4170 3390 4225; x_wconf 85' lang='lat' dir='ltr'><strong>habent.</strong></span> 
     </span>
    </p>
   </div>
   <div class='ocr_carea' id='block_1_90' title="bbox 1826 4260 3392 4335">
    <p class='ocr_par' dir='ltr' id='par_1_90' title="bbox 1826 4260 3392 4335">
     <span class='ocr_line' id='line_1_90' title="bbox 1826 4260 3392 4335; baseline -0.001 -18"><span class='ocrx_word' id='word_1_672' title='bbox 1826 4263 2173 4335; x_wconf 81' lang='lat' dir='ltr'><strong>Quapropter</strong></span> <span class='ocrx_word' id='word_1_673' title='bbox 2204 4264 2487 4318; x_wconf 88' lang='lat' dir='ltr'><strong>oraculum</strong></span> <span class='ocrx_word' id='word_1_674' title='bbox 2520 4263 2598 4316; x_wconf 91' lang='lat' dir='ltr'><strong>ait</strong></span> <span class='ocrx_word' id='word_1_675' title='bbox 2627 4282 2640 4316; x_wconf 88' lang='lat'>:</span> <span class='ocrx_word' id='word_1_676' title='bbox 2675 4281 2694 4313; x_wconf 86' lang='grc'><strong>‹</strong></span> <span class='ocrx_word' id='word_1_677' title='bbox 2720 4261 2787 4315; x_wconf 87' lang='lat' dir='ltr'><strong>Et</strong></span> <span class='ocrx_word' id='word_1_678' title='bbox 2817 4262 3226 4332; x_wconf 84' lang='lat' dir='ltr'><strong>interrogabunt</strong></span> <span class='ocrx_word' id='word_1_679' title='bbox 3260 4260 3392 4316; x_wconf 83' lang='lat' dir='ltr'><strong>deos</strong></span> 
     </span>
    </p>
   </div>
   <div class='ocr_carea' id='block_1_91' title="bbox 1827 4351 3391 4424">
    <p class='ocr_par' dir='ltr' id='par_1_91' title="bbox 1827 4351 3391 4424">
     <span class='ocr_line' id='line_1_91' title="bbox 1827 4351 3391 4424; baseline -0.005 -12"><span class='ocrx_word' id='word_1_680' title='bbox 1827 4373 1990 4424; x_wconf 92' lang='lat' dir='ltr'><strong>suos,</strong></span> <span class='ocrx_word' id='word_1_681' title='bbox 2023 4366 2076 4412; x_wconf 92' lang='lat' dir='ltr'><strong>et</strong></span> <span class='ocrx_word' id='word_1_682' title='bbox 2123 4357 2416 4412; x_wconf 89' lang='lat' dir='ltr'><strong>simulacra</strong></span> <span class='ocrx_word' id='word_1_683' title='bbox 2459 4370 2595 4420; x_wconf 88' lang='lat' dir='ltr'><strong>sua,</strong></span> <span class='ocrx_word' id='word_1_684' title='bbox 2640 4361 2693 4409; x_wconf 89' lang='lat' dir='ltr'><strong>et</strong></span> <span class='ocrx_word' id='word_1_685' title='bbox 2735 4354 3050 4424; x_wconf 62' lang='lat' dir='ltr'><strong>pythonas.»</strong></span> <span class='ocrx_word' id='word_1_686' title='bbox 3071 4351 3176 4407; x_wconf 89' lang='lat' dir='ltr'><strong>Sed</strong></span> <span class='ocrx_word' id='word_1_687' title='bbox 3213 4353 3391 4417; x_wconf 89' lang='lat' dir='ltr'><strong>enim,</strong></span> 
     </span>
    </p>
   </div>
   <div class='ocr_carea' id='block_1_92' title="bbox 181 4441 1733 4535">
    <p class='ocr_par' dir='ltr' id='par_1_92' title="bbox 181 4441 1724 4535">
     <span class='ocr_line' id='line_1_92' title="bbox 181 4441 1724 4535; baseline 0.007 -30"><span class='ocrx_word' id='word_1_688' title='bbox 181 4452 309 4522; x_wconf 74' lang='grc' dir='ltr'>ἡμῶν</span> <span class='ocrx_word' id='word_1_689' title='bbox 349 4458 516 4529; x_wconf 84' lang='grc' dir='ltr'>Ἰησοῦ</span> <span class='ocrx_word' id='word_1_690' title='bbox 550 4460 788 4535; x_wconf 87' lang='grc' dir='ltr'>Χριστοῦ</span> <span class='ocrx_word' id='word_1_691' title='bbox 812 4462 1128 4530; x_wconf 80' lang='grc' dir='ltr'>ἐπιφανείας</span> <span class='ocrx_word' id='word_1_692' title='bbox 1159 4462 1378 4525; x_wconf 84' lang='grc' dir='ltr'>οἰκείοις</span> <span class='ocrx_word' id='word_1_693' title='bbox 1416 4441 1724 4532; x_wconf 84' lang='grc' dir='ltr'>βασιλεῦσιν</span> 
     </span>
    </p>
   </div>
   <div class='ocr_carea' id='block_1_93' title="bbox 1832 4441 3394 4535">
    <p class='ocr_par' dir='ltr' id='par_1_93' title="bbox 1832 4441 3394 4535">
     <span class='ocr_line' id='line_1_93' title="bbox 1832 4441 3394 4535; baseline -0.004 -35"><span class='ocrx_word' id='word_1_694' title='bbox 1832 4447 2037 4517; x_wconf 91' lang='lat' dir='ltr'><strong>inquit,</strong></span> <span class='ocrx_word' id='word_1_695' title='bbox 2077 4448 2286 4501; x_wconf 81' lang='lat' dir='ltr'><strong>nullum</strong></span> <span class='ocrx_word' id='word_1_696' title='bbox 2330 4446 2491 4516; x_wconf 91' lang='lat' dir='ltr'><strong>plane</strong></span> <span class='ocrx_word' id='word_1_697' title='bbox 2557 4445 2879 4499; x_wconf 87' lang='lat' dir='ltr'><strong>obtinebunt</strong></span> <span class='ocrx_word' id='word_1_698' title='bbox 2935 4442 3231 4535; x_wconf 75' lang='lat' dir='ltr'><strong>auxilium,</strong></span> <span class='ocrx_word' id='word_1_699' title='bbox 3270 4441 3394 4511; x_wconf 89' lang='lat' dir='ltr'><strong>qui-</strong></span> 
     </span>
    </p>
   </div>
   <div class='ocr_carea' id='block_1_94' title="bbox 186 4543 1726 4626">
    <p class='ocr_par' dir='ltr' id='par_1_94' title="bbox 186 4543 1726 4626">
     <span class='ocr_line' id='line_1_94' title="bbox 186 4543 1726 4626; baseline 0.009 -33"><span class='ocrx_word' id='word_1_700' title='bbox 186 4543 302 4609; x_wconf 82' lang='grc' dir='ltr'>ίδίως</span> <span class='ocrx_word' id='word_1_701' title='bbox 344 4549 434 4603; x_wconf 77' lang='grc' dir='ltr'><strong>καὶ</strong></span> <span class='ocrx_word' id='word_1_702' title='bbox 499 4552 624 4605; x_wconf 84' lang='grc' dir='ltr'>καθ’</span> <span class='ocrx_word' id='word_1_703' title='bbox 659 4551 854 4623; x_wconf 82' lang='grc' dir='ltr'>ἑαυτὴν</span> <span class='ocrx_word' id='word_1_704' title='bbox 886 4555 1034 4608; x_wconf 81' lang='grc' dir='ltr'>πᾶσα</span> <span class='ocrx_word' id='word_1_705' title='bbox 1081 4554 1355 4622; x_wconf 79' lang='grc' dir='ltr'>Αἴγυπτος</span> <span class='ocrx_word' id='word_1_706' title='bbox 1388 4553 1642 4626; x_wconf 84' lang='grc' dir='ltr'>κέχρητο,</span> <span class='ocrx_word' id='word_1_707' title='bbox 1671 4556 1726 4607; x_wconf 89' lang='grc' dir='ltr'><strong>ἐν</strong></span> 
     </span>
    </p>
   </div>
   <div class='ocr_carea' id='block_1_95' title="bbox 167 4635 1722 4718">
    <p class='ocr_par' dir='ltr' id='par_1_95' title="bbox 167 4635 1722 4718">
     <span class='ocr_line' id='line_1_95' title="bbox 167 4635 1722 4718; baseline 0.008 -33"><span class='ocrx_word' id='word_1_708' title='bbox 167 4635 442 4713; x_wconf 70' lang='grc' dir='ltr'>ιαύτονομίᾳ</span> <span class='ocrx_word' id='word_1_709' title='bbox 473 4659 535 4694; x_wconf 90' lang='grc' dir='ltr'><strong>τε</strong></span> <span class='ocrx_word' id='word_1_710' title='bbox 583 4643 676 4696; x_wconf 70' lang='grc' dir='ltr'><strong>καὶ</strong></span> <span class='ocrx_word' id='word_1_711' title='bbox 715 4644 771 4696; x_wconf 86' lang='grc' dir='ltr'><strong>ἐν</strong></span> <span class='ocrx_word' id='word_1_712' title='bbox 794 4644 1076 4718; x_wconf 69' lang='grc' dir='ltr'>ἐλευθερίᾳ</span> <span class='ocrx_word' id='word_1_713' title='bbox 1114 4644 1298 4714; x_wconf 83' lang='grc' dir='ltr'>διῆγον</span> <span class='ocrx_word' id='word_1_714' title='bbox 1333 4646 1384 4698; x_wconf 84' lang='grc' dir='ltr'>οἱ</span> <span class='ocrx_word' id='word_1_715' title='bbox 1415 4645 1722 4714; x_wconf 78' lang='grc' dir='ltr'>Αἰγύπτιοι,</span> 
     </span>
    </p>
   </div>
   <div class='ocr_carea' id='block_1_96' title="bbox 183 4723 1727 4809">
    <p class='ocr_par' dir='ltr' id='par_1_96' title="bbox 183 4723 1727 4809">
     <span class='ocr_line' id='line_1_96' title="bbox 183 4723 1727 4809; baseline 0.009 -33"><span class='ocrx_word' id='word_1_716' title='bbox 183 4723 430 4785; x_wconf 84' lang='grc' dir='ltr'>δυναστεία</span> <span class='ocrx_word' id='word_1_717' title='bbox 462 4733 518 4786; x_wconf 92' lang='grc' dir='ltr'><strong>δέ</strong></span> <span class='ocrx_word' id='word_1_718' title='bbox 541 4735 719 4788; x_wconf 81' lang='grc' dir='ltr'>αὐτῶν</span> <span class='ocrx_word' id='word_1_719' title='bbox 758 4735 816 4802; x_wconf 82' lang='grc' dir='ltr'><strong>ἐξ</strong></span> <span class='ocrx_word' id='word_1_720' title='bbox 849 4735 1042 4799; x_wconf 77' lang='grc' dir='ltr'>αἰῶνος</span> <span class='ocrx_word' id='word_1_721' title='bbox 1076 4736 1262 4807; x_wconf 85' lang='grc' dir='ltr'>μακρά</span> <span class='ocrx_word' id='word_1_722' title='bbox 1291 4754 1373 4800; x_wconf 88' lang='grc' dir='ltr'><strong>τις</strong></span> <span class='ocrx_word' id='word_1_723' title='bbox 1415 4737 1507 4789; x_wconf 75' lang='grc' dir='ltr'>καὶ</span> <span class='ocrx_word' id='word_1_724' title='bbox 1558 4736 1727 4809; x_wconf 85' lang='grc' dir='ltr'>πολλὴ</span> 
     </span>
    </p>
   </div>
   <div class='ocr_carea' id='block_1_97' title="bbox 186 4815 1724 4899">
    <p class='ocr_par' dir='ltr' id='par_1_97' title="bbox 186 4815 1724 4899">
     <span class='ocr_line' id='line_1_97' title="bbox 186 4815 1724 4899; baseline -0.003 -15"><span class='ocrx_word' id='word_1_725' title='bbox 186 4815 392 4890; x_wconf 74' lang='grc' dir='ltr'>βεδάητο,</span> <span class='ocrx_word' id='word_1_726' title='bbox 423 4826 480 4892; x_wconf 78' lang='grc' dir='ltr'>ἐξ</span> <span class='ocrx_word' id='word_1_727' title='bbox 513 4827 725 4881; x_wconf 90' lang='grc' dir='ltr'>ἐκείνου</span> <span class='ocrx_word' id='word_1_728' title='bbox 748 4844 806 4880; x_wconf 94' lang='grc' dir='ltr'><strong>τε</strong></span> <span class='ocrx_word' id='word_1_729' title='bbox 830 4828 1046 4899; x_wconf 81' lang='grc' dir='ltr'>πρώτου</span> <span class='ocrx_word' id='word_1_730' title='bbox 1081 4828 1363 4898; x_wconf 85' lang='grc' dir='ltr'>Ῥωμαίων</span> <span class='ocrx_word' id='word_1_731' title='bbox 1390 4828 1724 4897; x_wconf 80' lang='grc' dir='ltr'>Αὐγούστου,</span> 
     </span>
    </p>
   </div>
   <div class='ocr_carea' id='block_1_98' title="bbox 185 4910 1727 4992">
    <p class='ocr_par' dir='ltr' id='par_1_98' title="bbox 185 4910 1727 4992">
     <span class='ocr_line' id='line_1_98' title="bbox 185 4910 1727 4992; baseline 0.008 -30"><span class='ocrx_word' id='word_1_732' title='bbox 185 4910 280 4964; x_wconf 79' lang='grc' dir='ltr'>καθ’</span> <span class='ocrx_word' id='word_1_733' title='bbox 297 4915 350 4967; x_wconf 76' lang='grc' dir='ltr'>ὃν</span> <span class='ocrx_word' id='word_1_734' title='bbox 369 4918 396 4973; x_wconf 81' lang='grc' dir='ltr'><strong>ό</strong></span> <span class='ocrx_word' id='word_1_735' title='bbox 423 4919 627 4991; x_wconf 80' lang='grc' dir='ltr'>Κύριος</span> <span class='ocrx_word' id='word_1_736' title='bbox 656 4920 810 4991; x_wconf 83' lang='grc' dir='ltr'>ἡμῶν</span> <span class='ocrx_word' id='word_1_737' title='bbox 843 4919 1178 4991; x_wconf 82' lang='grc' dir='ltr'>ἐγεγέννητο,</span> <span class='ocrx_word' id='word_1_738' title='bbox 1205 4919 1606 4990; x_wconf 79' lang='grc' dir='ltr'>χειρωσαμένου</span> <span class='ocrx_word' id='word_1_739' title='bbox 1628 4920 1727 4992; x_wconf 82' lang='grc' dir='ltr'>τὴν</span> 
     </span>
    </p>
   </div>
   <div class='ocr_carea' id='block_1_99' title="bbox 184 5000 1728 5085">
    <p class='ocr_par' dir='ltr' id='par_1_99' title="bbox 184 5000 1728 5085">
     <span class='ocr_line' id='line_1_99' title="bbox 184 5000 1728 5085; baseline 0.003 -23"><span class='ocrx_word' id='word_1_740' title='bbox 184 5000 440 5076; x_wconf 72' lang='grc' dir='ltr'>Αἴγυπτον,</span> <span class='ocrx_word' id='word_1_741' title='bbox 466 5012 705 5084; x_wconf 78' lang='grc' dir='ltr'>ὑστάτης</span> <span class='ocrx_word' id='word_1_742' title='bbox 741 5029 802 5064; x_wconf 89' lang='grc' dir='ltr'><strong>τε</strong></span> <span class='ocrx_word' id='word_1_743' title='bbox 837 5012 946 5066; x_wconf 89' lang='grc' dir='ltr'><strong>τῶν</strong></span> <span class='ocrx_word' id='word_1_744' title='bbox 990 5012 1340 5083; x_wconf 84' lang='grc' dir='ltr'>Πτολεμαίων</span> <span class='ocrx_word' id='word_1_745' title='bbox 1372 5012 1728 5085; x_wconf 83' lang='grc' dir='ltr'>Κλεοπάτρας</span> 
     </span>
    </p>
   </div>
   <div class='ocr_carea' id='block_1_100' title="bbox 186 5092 1724 5180">
    <p class='ocr_par' dir='ltr' id='par_1_100' title="bbox 186 5092 1724 5180">
     <span class='ocr_line' id='line_1_100' title="bbox 186 5092 1724 5180; baseline 0.006 -31"><span class='ocrx_word' id='word_1_746' title='bbox 186 5092 423 5172; x_wconf 79' lang='grc' dir='ltr'>ἁλούσης,</span> <span class='ocrx_word' id='word_1_747' title='bbox 483 5103 592 5158; x_wconf 83' lang='grc' dir='ltr'><strong>ὑπὸ</strong></span> <span class='ocrx_word' id='word_1_748' title='bbox 625 5103 724 5180; x_wconf 80' lang='grc' dir='ltr'>τὴν</span> <span class='ocrx_word' id='word_1_749' title='bbox 778 5103 1061 5175; x_wconf 86' lang='grc' dir='ltr'>Ῥωμαίων</span> <span class='ocrx_word' id='word_1_750' title='bbox 1110 5105 1398 5172; x_wconf 88' lang='grc' dir='ltr'>γεγόνασιν</span> <span class='ocrx_word' id='word_1_751' title='bbox 1454 5104 1724 5172; x_wconf 85' lang='grc' dir='ltr'>ἐξουσίαν,</span> 
     </span>
    </p>
   </div>
   <div class='ocr_carea' id='block_1_101' title="bbox 187 5186 1728 5270">
    <p class='ocr_par' dir='ltr' id='par_1_101' title="bbox 187 5186 1728 5270">
     <span class='ocr_line' id='line_1_101' title="bbox 187 5186 1728 5270; baseline 0.008 -30"><span class='ocrx_word' id='word_1_752' title='bbox 187 5186 271 5241; x_wconf 77' lang='grc' dir='ltr'><strong>ὑπό</strong></span> <span class='ocrx_word' id='word_1_753' title='bbox 296 5209 349 5246; x_wconf 89' lang='grc' dir='ltr'><strong>τε</strong></span> <span class='ocrx_word' id='word_1_754' title='bbox 372 5197 494 5259; x_wconf 78' lang='grc' dir='ltr'>τοὺς</span> <span class='ocrx_word' id='word_1_755' title='bbox 524 5197 702 5253; x_wconf 80' lang='grc' dir='ltr'>αὐτῶν</span> <span class='ocrx_word' id='word_1_756' title='bbox 720 5199 939 5268; x_wconf 85' lang='grc' dir='ltr'>νόμους,</span> <span class='ocrx_word' id='word_1_757' title='bbox 961 5199 1054 5252; x_wconf 75' lang='grc' dir='ltr'>καὶ</span> <span class='ocrx_word' id='word_1_758' title='bbox 1075 5198 1444 5269; x_wconf 81' lang='grc' dir='ltr'>ἐπιτάγματα,</span> <span class='ocrx_word' id='word_1_759' title='bbox 1473 5199 1574 5270; x_wconf 81' lang='grc' dir='ltr'>τῆς</span> <span class='ocrx_word' id='word_1_760' title='bbox 1597 5216 1728 5270; x_wconf 87' lang='grc' dir='ltr'>προ-</span> 
     </span>
    </p>
   </div>
   <div class='ocr_carea' id='block_1_102' title="bbox 186 5280 1727 5363">
    <p class='ocr_par' dir='ltr' id='par_1_102' title="bbox 186 5280 1727 5363">
     <span class='ocr_line' id='line_1_102' title="bbox 186 5280 1727 5363; baseline 0.01 -32"><span class='ocrx_word' id='word_1_761' title='bbox 186 5280 325 5351; x_wconf 84' lang='grc' dir='ltr'>τέρας</span> <span class='ocrx_word' id='word_1_762' title='bbox 372 5287 689 5361; x_wconf 78' lang='grc' dir='ltr'>αὐτονομίας</span> <span class='ocrx_word' id='word_1_763' title='bbox 743 5292 836 5343; x_wconf 74' lang='lat' dir='ltr'><strong>ml.</strong></span> <span class='ocrx_word' id='word_1_764' title='bbox 883 5289 1194 5361; x_wconf 81' lang='grc' dir='ltr'>ἐλευθερίας</span> <span class='ocrx_word' id='word_1_765' title='bbox 1240 5290 1580 5363; x_wconf 79' lang='grc' dir='ltr'>ἀφῃρημένοι</span> <span class='ocrx_word' id='word_1_766' title='bbox 1602 5308 1615 5321; x_wconf 78' lang='grc'><strong><em>⁸</em></strong></span> <span class='ocrx_word' id='word_1_767' title='bbox 1651 5291 1727 5354; x_wconf 85' lang='grc' dir='ltr'>ὼς</span> 
     </span>
    </p>
   </div>
   <div class='ocr_carea' id='block_1_103' title="bbox 186 5371 1722 5453">
    <p class='ocr_par' dir='ltr' id='par_1_103' title="bbox 186 5371 1722 5453">
     <span class='ocr_line' id='line_1_103' title="bbox 186 5371 1722 5453; baseline 0.006 -28"><span class='ocrx_word' id='word_1_768' title='bbox 186 5371 264 5433; x_wconf 69' lang='grc' dir='ltr'><strong>καὶ</strong></span> <span class='ocrx_word' id='word_1_769' title='bbox 301 5375 354 5427; x_wconf 83' lang='grc' dir='ltr'><strong>ἐν</strong></span> <span class='ocrx_word' id='word_1_770' title='bbox 393 5377 566 5452; x_wconf 82' lang='grc' dir='ltr'>τούτῳ</span> <span class='ocrx_word' id='word_1_771' title='bbox 619 5380 680 5432; x_wconf 73' lang='grc' dir='ltr'>τὸ</span> <span class='ocrx_word' id='word_1_772' title='bbox 720 5379 1056 5452; x_wconf 82' lang='grc' dir='ltr'>προφητικὸν</span> <span class='ocrx_word' id='word_1_773' title='bbox 1110 5378 1465 5453; x_wconf 85' lang='grc' dir='ltr'>ἐπαληθεύειν</span> <span class='ocrx_word' id='word_1_774' title='bbox 1523 5380 1722 5450; x_wconf 87' lang='grc' dir='ltr'>λόγιον,</span> 
     </span>
    </p>
   </div>
   <div class='ocr_carea' id='block_1_104' title="bbox 188 5463 1730 5544">
    <p class='ocr_par' dir='ltr' id='par_1_104' title="bbox 188 5463 1730 5544">
     <span class='ocr_line' id='line_1_104' title="bbox 188 5463 1730 5544; baseline 0.005 -28"><span class='ocrx_word' id='word_1_775' title='bbox 188 5463 293 5534; x_wconf 73' lang='grc' dir='ltr'>περὶ</span> <span class='ocrx_word' id='word_1_776' title='bbox 319 5467 408 5535; x_wconf 75' lang='grc' dir='ltr'><strong>μὲν</strong></span> <span class='ocrx_word' id='word_1_777' title='bbox 437 5469 542 5522; x_wconf 88' lang='grc' dir='ltr'><strong>τῶν</strong></span> <span class='ocrx_word' id='word_1_778' title='bbox 572 5473 651 5534; x_wconf 84' lang='grc' dir='ltr'><strong>είς</strong></span> <span class='ocrx_word' id='word_1_779' title='bbox 681 5472 806 5535; x_wconf 75' lang='grc' dir='ltr'>τοὺς</span> <span class='ocrx_word' id='word_1_780' title='bbox 833 5472 1031 5533; x_wconf 85' lang='grc' dir='ltr'>τόπους</span> <span class='ocrx_word' id='word_1_781' title='bbox 1065 5471 1497 5542; x_wconf 82' lang='grc' dir='ltr'>ἐκπεμπομένων</span> <span class='ocrx_word' id='word_1_782' title='bbox 1519 5472 1730 5544; x_wconf 86' lang='grc' dir='ltr'>ἐπιτρό-</span> 
     </span>
    </p>
   </div>
   <div class='ocr_carea' id='block_1_105' title="bbox 188 5560 1724 5636">
    <p class='ocr_par' dir='ltr' id='par_1_105' title="bbox 188 5560 1724 5636">
     <span class='ocr_line' id='line_1_105' title="bbox 188 5560 1724 5636; baseline 0.007 -31"><span class='ocrx_word' id='word_1_783' title='bbox 188 5563 286 5606; x_wconf 69' lang='grc' dir='ltr'><strong>πων</strong></span> <span class='ocrx_word' id='word_1_784' title='bbox 313 5572 368 5609; x_wconf 92' lang='grc' dir='ltr'><strong>τε</strong></span> <span class='ocrx_word' id='word_1_785' title='bbox 389 5560 480 5612; x_wconf 78' lang='grc' dir='ltr'><strong>καί</strong></span> <span class='ocrx_word' id='word_1_786' title='bbox 508 5563 840 5634; x_wconf 78' lang='grc' dir='ltr'>ἡγουμένων,</span> <span class='ocrx_word' id='word_1_787' title='bbox 859 5563 953 5616; x_wconf 73' lang='grc' dir='ltr'><strong>καὶ</strong></span> <span class='ocrx_word' id='word_1_788' title='bbox 983 5563 1110 5635; x_wconf 77' lang='grc' dir='ltr'>περὶ</span> <span class='ocrx_word' id='word_1_789' title='bbox 1127 5561 1234 5615; x_wconf 87' lang='grc' dir='ltr'><strong>τῶν</strong></span> <span class='ocrx_word' id='word_1_790' title='bbox 1258 5562 1458 5617; x_wconf 85' lang='grc' dir='ltr'>λοιπῶν</span> <span class='ocrx_word' id='word_1_791' title='bbox 1485 5564 1542 5618; x_wconf 90' lang='grc' dir='ltr'><strong>ἐν</strong></span> <span class='ocrx_word' id='word_1_792' title='bbox 1571 5563 1724 5636; x_wconf 82' lang='grc' dir='ltr'>μέρει</span> 
     </span>
    </p>
   </div>
   <div class='ocr_carea' id='block_1_106' title="bbox 253 5730 1338 5829">
    <p class='ocr_par' dir='ltr' id='par_1_106' title="bbox 253 5730 1338 5829">
     <span class='ocr_line' id='line_1_106' title="bbox 253 5730 1338 5829; baseline 0.01 -42"><span class='ocrx_word' id='word_1_793' title='bbox 253 5730 291 5762; x_wconf 80' lang='grc'><strong>⁸⁷</strong></span> <span class='ocrx_word' id='word_1_794' title='bbox 321 5732 498 5796; x_wconf 72' lang='lat' dir='ltr'><strong>Matth.</strong></span> <span class='ocrx_word' id='word_1_795' title='bbox 533 5756 588 5807; x_wconf 73' lang='grc' dir='ltr'>ι,</span> <span class='ocrx_word' id='word_1_796' title='bbox 618 5741 706 5796; x_wconf 72' lang='grc'><strong>21.</strong></span> <span class='ocrx_word' id='word_1_797' title='bbox 787 5741 829 5775; x_wconf 76' lang='grc'><strong>⁸⁸</strong></span> <span class='ocrx_word' id='word_1_798' title='bbox 851 5740 986 5829; x_wconf 76' lang='lat' dir='ltr'><strong>Luc.</strong></span> <span class='ocrx_word' id='word_1_799' title='bbox 1019 5757 1117 5809; x_wconf 75' lang='grc' dir='ltr'>ιιι,</span> <span class='ocrx_word' id='word_1_800' title='bbox 1153 5740 1338 5805; x_wconf 75' lang='grc'><strong>31-55.</strong></span> 
     </span>
    </p>
   </div>
   <div class='ocr_carea' id='block_1_107' title="bbox 1827 4530 3392 4605">
    <p class='ocr_par' dir='ltr' id='par_1_107' title="bbox 1827 4530 3392 4605">
     <span class='ocr_line' id='line_1_107' title="bbox 1827 4530 3392 4605; baseline -0.003 -17"><span class='ocrx_word' id='word_1_801' title='bbox 1827 4551 2042 4605; x_wconf 89' lang='lat' dir='ltr'><strong>cunque</strong></span> <span class='ocrx_word' id='word_1_802' title='bbox 2089 4535 2156 4590; x_wconf 91' lang='lat' dir='ltr'><strong>ad</strong></span> <span class='ocrx_word' id='word_1_803' title='bbox 2203 4550 2299 4590; x_wconf 89' lang='lat' dir='ltr'><strong>eos</strong></span> <span class='ocrx_word' id='word_1_804' title='bbox 2349 4534 2440 4604; x_wconf 89' lang='lat' dir='ltr'><strong>qui</strong></span> <span class='ocrx_word' id='word_1_805' title='bbox 2495 4534 2738 4603; x_wconf 90' lang='lat' dir='ltr'><strong>ipsorum</strong></span> <span class='ocrx_word' id='word_1_806' title='bbox 2787 4532 2863 4586; x_wconf 91' lang='lat' dir='ltr'><strong>dii</strong></span> <span class='ocrx_word' id='word_1_807' title='bbox 2914 4546 3032 4586; x_wconf 91' lang='lat' dir='ltr'><strong>esse</strong></span> <span class='ocrx_word' id='word_1_808' title='bbox 3082 4530 3392 4594; x_wconf 90' lang='lat' dir='ltr'><strong>videantur,</strong></span> 
     </span>
    </p>
   </div>
   <div class='ocr_carea' id='block_1_108' title="bbox 1825 4621 3393 4696">
    <p class='ocr_par' dir='ltr' id='par_1_108' title="bbox 1825 4621 3393 4696">
     <span class='ocr_line' id='line_1_108' title="bbox 1825 4621 3393 4696; baseline -0.001 -18"><span class='ocrx_word' id='word_1_809' title='bbox 1825 4627 2027 4696; x_wconf 84' lang='lat' dir='ltr'><strong>quique</strong></span> <span class='ocrx_word' id='word_1_810' title='bbox 2062 4627 2207 4695; x_wconf 91' lang='lat' dir='ltr'><strong>ipsos</strong></span> <span class='ocrx_word' id='word_1_811' title='bbox 2253 4632 2411 4680; x_wconf 88' lang='lat' dir='ltr'><strong>antea</strong></span> <span class='ocrx_word' id='word_1_812' title='bbox 2461 4623 2808 4694; x_wconf 86' lang='lat' dir='ltr'><strong>deceperint,</strong></span> <span class='ocrx_word' id='word_1_813' title='bbox 2839 4621 3211 4694; x_wconf 80' lang='lat' dir='ltr'><strong>confugient,</strong></span> <span class='ocrx_word' id='word_1_814' title='bbox 3259 4628 3393 4677; x_wconf 87' lang='lat' dir='ltr'><strong>tunc</strong></span> 
     </span>
    </p>
   </div>
   <div class='ocr_carea' id='block_1_109' title="bbox 1825 4714 3394 4788">
    <p class='ocr_par' dir='ltr' id='par_1_109' title="bbox 1825 4714 3394 4788">
     <span class='ocr_line' id='line_1_109' title="bbox 1825 4714 3394 4788; baseline -0.003 -16"><span class='ocrx_word' id='word_1_815' title='bbox 1825 4721 2014 4788; x_wconf 87' lang='lat' dir='ltr'><strong>utique</strong></span> <span class='ocrx_word' id='word_1_816' title='bbox 2044 4719 2277 4772; x_wconf 78' lang='lat' dir='ltr'><strong>maxime</strong></span> <span class='ocrx_word' id='word_1_817' title='bbox 2310 4732 2405 4772; x_wconf 93' lang='lat' dir='ltr'><strong>eos</strong></span> <span class='ocrx_word' id='word_1_818' title='bbox 2435 4718 2584 4787; x_wconf 89' lang='lat' dir='ltr'><strong>ipsos</strong></span> <span class='ocrx_word' id='word_1_819' title='bbox 2614 4715 2852 4771; x_wconf 90' lang='lat' dir='ltr'><strong>dominis</strong></span> <span class='ocrx_word' id='word_1_820' title='bbox 2883 4729 2947 4768; x_wconf 91' lang='lat' dir='ltr'><strong>ac</strong></span> <span class='ocrx_word' id='word_1_821' title='bbox 2982 4714 3202 4783; x_wconf 83' lang='lat' dir='ltr'><strong>regibus</strong></span> <span class='ocrx_word' id='word_1_822' title='bbox 3232 4728 3394 4784; x_wconf 82' lang='lat' dir='ltr'><strong>aspe-</strong></span> 
     </span>
    </p>
   </div>
   <div class='ocr_carea' id='block_1_110' title="bbox 1824 4802 3392 4870">
    <p class='ocr_par' dir='ltr' id='par_1_110' title="bbox 1824 4802 3392 4870">
     <span class='ocr_line' id='line_1_110' title="bbox 1824 4802 3392 4870; baseline -0.005 -7"><span class='ocrx_word' id='word_1_823' title='bbox 1824 4809 1904 4863; x_wconf 90' lang='lat' dir='ltr'><strong>ris</strong></span> <span class='ocrx_word' id='word_1_824' title='bbox 1932 4808 2184 4863; x_wconf 89' lang='lat' dir='ltr'><strong>tradente</strong></span> <span class='ocrx_word' id='word_1_825' title='bbox 2215 4806 2478 4870; x_wconf 91' lang='lat' dir='ltr'><strong>Domino,</strong></span> <span class='ocrx_word' id='word_1_826' title='bbox 2511 4820 2634 4860; x_wconf 93' lang='lat' dir='ltr'><strong>cum</strong></span> <span class='ocrx_word' id='word_1_827' title='bbox 2665 4803 3005 4859; x_wconf 72' lang='lat' dir='ltr'><strong>daemonibus</strong></span> <span class='ocrx_word' id='word_1_828' title='bbox 3029 4802 3144 4858; x_wconf 91' lang='lat' dir='ltr'><strong>suis</strong></span> <span class='ocrx_word' id='word_1_829' title='bbox 3171 4802 3392 4857; x_wconf 77' lang='lat' dir='ltr'><strong>auscul-</strong></span> 
     </span>
    </p>
   </div>
   <div class='ocr_carea' id='block_1_111' title="bbox 1827 4892 3392 4966">
    <p class='ocr_par' dir='ltr' id='par_1_111' title="bbox 1827 4892 3392 4966">
     <span class='ocr_line' id='line_1_111' title="bbox 1827 4892 3392 4966; baseline -0.003 -13"><span class='ocrx_word' id='word_1_830' title='bbox 1827 4908 2006 4954; x_wconf 90' lang='lat' dir='ltr'><strong>tantes</strong></span> <span class='ocrx_word' id='word_1_831' title='bbox 2027 4941 2042 4966; x_wconf 87' lang='lat'><strong>,</strong></span> <span class='ocrx_word' id='word_1_832' title='bbox 2069 4911 2124 4953; x_wconf 88' lang='lat' dir='ltr'><strong>et</strong></span> <span class='ocrx_word' id='word_1_833' title='bbox 2151 4899 2220 4953; x_wconf 89' lang='lat' dir='ltr'><strong>ab</strong></span> <span class='ocrx_word' id='word_1_834' title='bbox 2247 4898 2353 4953; x_wconf 88' lang='lat' dir='ltr'><strong>illis</strong></span> <span class='ocrx_word' id='word_1_835' title='bbox 2386 4897 2667 4962; x_wconf 91' lang='lat' dir='ltr'><strong>instincti,</strong></span> <span class='ocrx_word' id='word_1_836' title='bbox 2698 4893 3082 4950; x_wconf 90' lang='lat' dir='ltr'><strong>insectationes</strong></span> <span class='ocrx_word' id='word_1_837' title='bbox 3127 4892 3392 4948; x_wconf 84' lang='lat' dir='ltr'><strong>adversus</strong></span> 
     </span>
    </p>
   </div>
   <div class='ocr_carea' id='block_1_112' title="bbox 1826 4981 3392 5045">
    <p class='ocr_par' dir='ltr' id='par_1_112' title="bbox 1826 4981 3392 5045">
     <span class='ocr_line' id='line_1_112' title="bbox 1826 4981 3392 5045; baseline -0.005 -2"><span class='ocrx_word' id='word_1_838' title='bbox 1826 4989 1922 5045; x_wconf 85' lang='lat' dir='ltr'><strong>Dei</strong></span> <span class='ocrx_word' id='word_1_839' title='bbox 1953 4988 2252 5044; x_wconf 87' lang='lat' dir='ltr'><strong>Ecclesiam</strong></span> <span class='ocrx_word' id='word_1_840' title='bbox 2284 4986 2653 5041; x_wconf 85' lang='lat' dir='ltr'><strong>concitabunt.</strong></span> <span class='ocrx_word' id='word_1_841' title='bbox 2697 4983 2794 5038; x_wconf 86' lang='lat' dir='ltr'><strong>Hic</strong></span> <span class='ocrx_word' id='word_1_842' title='bbox 2834 4983 2966 5038; x_wconf 89' lang='lat' dir='ltr'><strong>mihi</strong></span> <span class='ocrx_word' id='word_1_843' title='bbox 3019 4982 3258 5036; x_wconf 89' lang='lat' dir='ltr'><strong>animum</strong></span> <span class='ocrx_word' id='word_1_844' title='bbox 3299 4981 3392 5035; x_wconf 87' lang='lat' dir='ltr'><strong>ad-</strong></span> 
     </span>
    </p>
   </div>
   <div class='ocr_carea' id='block_1_113' title="bbox 1825 5074 3388 5151">
    <p class='ocr_par' dir='ltr' id='par_1_113' title="bbox 1825 5074 3388 5151">
     <span class='ocr_line' id='line_1_113' title="bbox 1825 5074 3388 5151; baseline -0.004 -15"><span class='ocrx_word' id='word_1_845' title='bbox 1825 5090 2009 5136; x_wconf 89' lang='lat' dir='ltr'><strong>vertas</strong></span> <span class='ocrx_word' id='word_1_846' title='bbox 2048 5080 2338 5151; x_wconf 80' lang='lat' dir='ltr'><strong>diligenter</strong></span> <span class='ocrx_word' id='word_1_847' title='bbox 2379 5079 2579 5142; x_wconf 88' lang='lat' dir='ltr'><strong>velim,</strong></span> <span class='ocrx_word' id='word_1_848' title='bbox 2625 5091 2862 5148; x_wconf 88' lang='lat' dir='ltr'><strong>quonam</strong></span> <span class='ocrx_word' id='word_1_849' title='bbox 2904 5083 3064 5145; x_wconf 90' lang='lat' dir='ltr'><strong>pacto</strong></span> <span class='ocrx_word' id='word_1_850' title='bbox 3109 5089 3282 5145; x_wconf 83' lang='lat' dir='ltr'><strong>usque</strong></span> <span class='ocrx_word' id='word_1_851' title='bbox 3323 5074 3388 5129; x_wconf 87' lang='lat' dir='ltr'><strong>ad</strong></span> 
     </span>
    </p>
   </div>
   <div class='ocr_carea' id='block_1_114' title="bbox 1829 5167 3393 5229">
    <p class='ocr_par' dir='ltr' id='par_1_114' title="bbox 1829 5167 3393 5229">
     <span class='ocr_line' id='line_1_114' title="bbox 1829 5167 3393 5229; baseline -0.007 0"><span class='ocrx_word' id='word_1_852' title='bbox 1829 5173 2130 5229; x_wconf 83' lang='lat' dir='ltr'><strong>Salvatoris</strong></span> <span class='ocrx_word' id='word_1_853' title='bbox 2171 5171 2347 5228; x_wconf 89' lang='lat' dir='ltr'><strong>nostri</strong></span> <span class='ocrx_word' id='word_1_854' title='bbox 2375 5169 2504 5226; x_wconf 81' lang='lat' dir='ltr'><strong>Jesu</strong></span> <span class='ocrx_word' id='word_1_855' title='bbox 2536 5169 2739 5224; x_wconf 89' lang='lat' dir='ltr'><strong>Christi</strong></span> <span class='ocrx_word' id='word_1_856' title='bbox 2785 5167 3109 5228; x_wconf 86' lang='lat' dir='ltr'><strong>adventum,</strong></span> <span class='ocrx_word' id='word_1_857' title='bbox 3155 5167 3271 5220; x_wconf 91' lang='lat' dir='ltr'><strong>suis</strong></span> <span class='ocrx_word' id='word_1_858' title='bbox 3304 5179 3393 5218; x_wconf 82' lang='lat' dir='ltr'><strong>re-</strong></span> 
     </span>
    </p>
   </div>
   <div class='ocr_carea' id='block_1_115' title="bbox 1827 5259 3393 5335">
    <p class='ocr_par' dir='ltr' id='par_1_115' title="bbox 1827 5259 3393 5335">
     <span class='ocr_line' id='line_1_115' title="bbox 1827 5259 3393 5335; baseline -0.005 -17"><span class='ocrx_word' id='word_1_859' title='bbox 1827 5267 1985 5335; x_wconf 82' lang='lat' dir='ltr'><strong>gibus</strong></span> <span class='ocrx_word' id='word_1_860' title='bbox 2015 5280 2264 5320; x_wconf 89' lang='lat' dir='ltr'><strong>seorsum</strong></span> <span class='ocrx_word' id='word_1_861' title='bbox 2295 5279 2358 5317; x_wconf 89' lang='lat' dir='ltr'><strong>ac</strong></span> <span class='ocrx_word' id='word_1_862' title='bbox 2391 5277 2573 5333; x_wconf 86' lang='lat' dir='ltr'><strong>perse</strong></span> <span class='ocrx_word' id='word_1_863' title='bbox 2602 5269 2715 5315; x_wconf 90' lang='lat' dir='ltr'><strong>tota</strong></span> <span class='ocrx_word' id='word_1_864' title='bbox 2747 5259 3013 5330; x_wconf 64' lang='lat' dir='ltr'><strong>{Egyptus</strong></span> <span class='ocrx_word' id='word_1_865' title='bbox 3045 5264 3304 5321; x_wconf 89' lang='lat' dir='ltr'><strong>uteretur,</strong></span> <span class='ocrx_word' id='word_1_866' title='bbox 3337 5263 3393 5311; x_wconf 85' lang='lat' dir='ltr'><strong>et</strong></span> 
     </span>
    </p>
   </div>
   <div class='ocr_carea' id='block_1_116' title="bbox 1826 5346 3387 5426">
    <p class='ocr_par' dir='ltr' id='par_1_116' title="bbox 1826 5346 3387 5426">
     <span class='ocr_line' id='line_1_116' title="bbox 1826 5346 3387 5426; baseline -0.006 -17"><span class='ocrx_word' id='word_1_867' title='bbox 1826 5355 1882 5410; x_wconf 88' lang='lat' dir='ltr'><strong>in</strong></span> <span class='ocrx_word' id='word_1_868' title='bbox 1913 5371 2011 5411; x_wconf 93' lang='lat' dir='ltr'><strong>suo</strong></span> <span class='ocrx_word' id='word_1_869' title='bbox 2045 5356 2288 5426; x_wconf 88' lang='lat' dir='ltr'><strong>ipsorum</strong></span> <span class='ocrx_word' id='word_1_870' title='bbox 2312 5354 2438 5424; x_wconf 88' lang='lat' dir='ltr'><strong>jure</strong></span> <span class='ocrx_word' id='word_1_871' title='bbox 2460 5368 2524 5407; x_wconf 90' lang='lat' dir='ltr'><strong>ac</strong></span> <span class='ocrx_word' id='word_1_872' title='bbox 2545 5353 2795 5409; x_wconf 86' lang='lat' dir='ltr'><strong>libertate</strong></span> <span class='ocrx_word' id='word_1_873' title='bbox 2821 5351 3078 5419; x_wconf 80' lang='lat' dir='ltr'><strong>degerent</strong></span> <span class='ocrx_word' id='word_1_874' title='bbox 3109 5346 3348 5420; x_wconf 64' lang='lat' dir='ltr'><strong>Egyptii</strong></span> <span class='ocrx_word' id='word_1_875' title='bbox 3368 5383 3387 5411; x_wconf 84' lang='lat'><strong><em>.</em></strong></span> 
     </span>
    </p>
   </div>
   <div class='ocr_carea' id='block_1_117' title="bbox 1826 5443 3392 5519">
    <p class='ocr_par' dir='ltr' id='par_1_117' title="bbox 1826 5443 3392 5519">
     <span class='ocr_line' id='line_1_117' title="bbox 1826 5443 3392 5519; baseline -0.008 -14"><span class='ocrx_word' id='word_1_876' title='bbox 1826 5457 2176 5519; x_wconf 87' lang='lat' dir='ltr'><strong>potestasque</strong></span> <span class='ocrx_word' id='word_1_877' title='bbox 2223 5448 2438 5501; x_wconf 89' lang='lat' dir='ltr'><strong>illorum</strong></span> <span class='ocrx_word' id='word_1_878' title='bbox 2465 5445 2534 5500; x_wconf 87' lang='lat' dir='ltr'><strong>ab</strong></span> <span class='ocrx_word' id='word_1_879' title='bbox 2563 5445 2720 5499; x_wconf 91' lang='lat' dir='ltr'><strong>initio</strong></span> <span class='ocrx_word' id='word_1_880' title='bbox 2751 5457 2911 5513; x_wconf 90' lang='lat' dir='ltr'><strong>quam</strong></span> <span class='ocrx_word' id='word_1_881' title='bbox 2947 5443 3104 5511; x_wconf 85' lang='lat' dir='ltr'><strong>longa</strong></span> <span class='ocrx_word' id='word_1_882' title='bbox 3131 5448 3185 5496; x_wconf 88' lang='lat' dir='ltr'><strong>et</strong></span> <span class='ocrx_word' id='word_1_883' title='bbox 3231 5451 3392 5506; x_wconf 66' lang='lat' dir='ltr'><strong>quam</strong></span> 
     </span>
    </p>
   </div>
   <div class='ocr_carea' id='block_1_118' title="bbox 1830 5530 3395 5605">
    <p class='ocr_par' dir='ltr' id='par_1_118' title="bbox 1830 5530 3395 5605">
     <span class='ocr_line' id='line_1_118' title="bbox 1830 5530 3395 5605; baseline -0.005 -9"><span class='ocrx_word' id='word_1_884' title='bbox 1830 5541 2000 5596; x_wconf 86' lang='lat' dir='ltr'><strong>multa</strong></span> <span class='ocrx_word' id='word_1_885' title='bbox 2054 5539 2195 5594; x_wconf 85' lang='lat' dir='ltr'><strong>fama</strong></span> <span class='ocrx_word' id='word_1_886' title='bbox 2241 5537 2450 5595; x_wconf 88' lang='lat' dir='ltr'><strong>feratur</strong></span> <span class='ocrx_word' id='word_1_887' title='bbox 2490 5535 2694 5603; x_wconf 88' lang='lat' dir='ltr'><strong>fuisse,</strong></span> <span class='ocrx_word' id='word_1_888' title='bbox 2740 5541 2794 5590; x_wconf 92' lang='lat' dir='ltr'><strong>et</strong></span> <span class='ocrx_word' id='word_1_889' title='bbox 2836 5530 3290 5605; x_wconf 84' lang='lat' dir='ltr'><strong>quemadmodum</strong></span> <span class='ocrx_word' id='word_1_890' title='bbox 3322 5541 3395 5588; x_wconf 64' lang='lat' dir='ltr'><strong>ea</strong></span> 
     </span>
    </p>
   </div>
  </div>
