3902 6264
408 309 516 370 475

1077 308 1347 366 susum]
1382 309 1859 369 cmsamsusrs
1881 312 2033 371 ore.
2074 313 2255 372 rans
2285 314 2349 372 ιι.
2389 347 2458 359 -
2492 288 3011 376 aromata-rica;

3560 323 3662 382 476

412 429 541 495 illo,
601 442 728 484 cum
779 427 994 499 primus
1041 427 1414 486 Romanorum
1463 431 1779 505 Augustus,
1826 435 1990 506 cujus

2114 438 2365 511 ιρχόντων
2425 439 2659 509 φάσκον·
2702 460 2722 493 ι
2760 442 2892 513 Καὶ]
2911 439 3217 515 παραδώσω
3253 442 3531 514 Αἴγυπτον
3584 446 3664 511 εις

412 521 755 592 temporibus
793 519 1060 576 Dominus
1108 529 1299 579 noster
1334 532 1500 580 natus
1538 534 1652 591 est,
1689 525 1985 598 Egyptum

413 613 759 685 subegisset,
796 619 850 668 et
895 613 1197 670 novissima
1239 614 1654 672 Ptolemaeorum
1701 617 1987 690 Cleopatra

415 712 574 774 capta
620 716 799 772 esset,
848 704 902 758 in
945 705 1315 762 Romanorum
1362 717 1685 779 potestatem
1757 709 1989 767 devene-

414 797 556 862 rint,
587 805 642 852 et
670 796 774 853 sub
803 797 1021 852 illorum
1049 798 1198 869 leges
1231 807 1396 870 atque
1424 802 1602 856 edicta
1638 803 1796 858 missi
1838 803 1948 859 sint
1970 843 1986 869 ,

416 904 626 959 suoque
681 889 927 959 ipsorum
975 891 1200 962 proprio
1257 891 1381 962 jure
1409 933 1424 958 ,
1481 909 1689 965 suaque
1741 895 1991 950 libertate

414 981 645 1051 privati,
696 990 757 1036 ut
806 984 1184 1054 propheticum
1231 985 1520 1040 oraculum
1571 987 1735 1042 etiam
1783 988 1837 1040 in
1888 987 1990 1041 hoc

414 1076 573 1144 plane
616 1075 902 1130 veritatem
948 1090 1102 1132 suam
1150 1076 1530 1142 demonstret,
1576 1079 1720 1150 quod
1770 1079 1991 1150 quidem

411 1167 480 1223 de
501 1167 589 1224 oiis
617 1169 712 1238 qui
743 1168 810 1222 ad
843 1168 961 1223 loca
981 1210 998 1236 ,
1028 1171 1358 1239 procurandi
1393 1171 1569 1241 gratia
1599 1170 1849 1226 mittendi
1897 1185 1988 1225 es-

412 1267 569 1328 sent,
615 1261 792 1332 deque
833 1263 1162 1332 praetoribus
1206 1278 1271 1319 ac
1315 1263 1548 1334 reliquis
1597 1278 1694 1334 per
1742 1263 1992 1332 singulas

411 1360 600 1424 partes
645 1354 1098 1425 magistratibus,
1151 1355 1229 1410 ita
1279 1356 1566 1427 loquitur:
1615 1375 1634 1408 ι
1665 1355 1732 1410 Ει
1777 1355 1990 1410 tradam

418 1446 714 1520 Egyptum
742 1448 798 1502 in
828 1463 1026 1504 manus
1073 1447 1399 1514 hominum,
1443 1447 1787 1504 dominorum
1836 1463 1994 1518 aspe-

412 1556 622 1596 rorum.
653 1561 673 1593 ι
701 1539 778 1597 De
815 1541 884 1597 iis
925 1555 1058 1596 vero
1087 1539 1181 1611 qui
1222 1547 1394 1596 totum
1425 1541 1716 1610 imperium
1745 1539 1990 1603 obirent,

2087 531 2275 600 χεῖρας
2322 527 2624 601 ἀνθρώπων
2677 531 2882 602 κυρίων
2923 531 3205 602 σκληρῶνο
3239 550 3257 583 ι
3291 533 3420 605 περὶ
3461 533 3521 586 δὲ
3556 533 3666 588 τῶν

2088 619 2186 691 τὴν
2235 619 2355 674 καθ’
2405 619 2524 674 ὅλου
2575 620 2866 675 διεπόντων
2915 623 3088 694 ἀρχὴν
3115 623 3176 676 τὸ
3209 621 3352 695 ἑξῆς,
3389 625 3508 680 ἀνθ’
3539 619 3600 680 οὗ
3635 627 3666 680 6

2101 710 2331 774 Ἀκύλας
2358 713 2512 784 φησὶ,
2549 731 2568 765 ι
2603 711 2714 766 Καὶ
2731 712 2980 783 βασιλεὺς
3001 715 3476 788 κεκραταιωμένος
3511 717 3661 782 ἐξου-

2091 804 2264 857 σιάσει
2287 804 2345 857 ὲν
2377 805 2589 868 αὐτοῖς·
2629 823 2649 856 ›
2679 806 2708 857 ὁ
2750 805 2808 859 δὲ
2835 803 3127 877 Σύμμαχος
3151 822 3168 836 ο
3202 823 3221 858 ι
3263 807 3373 861 Καὶ
3409 807 3664 878 βασιλεὺς

2094 894 2313 966 ἰσχυρὸς
2346 895 2650 960 ὲξουσιάσει
2689 895 2890 950 αὐτῶν.
2915 917 2933 950 ι
2960 896 3120 951 Οὕτω
3147 896 3220 970 δὴ
3245 898 3344 970 τὴν
3377 899 3665 971 Ῥωμαίων

2091 987 2328 1057 ἠγοῦμαι
2363 988 2658 1058 κεκλῆσθαι
2687 989 2984 1059 βασιλείαν,
3016 991 3106 1059 ὑφ’
3138 984 3227 1062 ἦς,
3256 989 3444 1063 ὥσπερ
3464 991 3666 1064 χαλινῷ

2091 1080 2184 1132 καὶ
2229 1080 2432 1150 δεσμῷ,
2500 1081 2926 1153 πεπεδημένους,
2979 1084 3041 1136 οὑ
3102 1083 3260 1154 μόνον
3285 1085 3410 1147 τοὺς
3448 1084 3667 1138 πάντων

2093 1171 2392 1243 ἀνθρώπων
2420 1173 3011 1246 δεισιδαιμονεστάτους
3042 1175 3544 1246 Αίγυπτίους,άλλὰ
3572 1179 3667 1231 καὶ

2089 1265 2215 1327 τοὺς
2247 1263 2466 1328 λοιποὺς
2490 1263 2698 1329 πάντας
2724 1265 2820 1320 ἀνθ
2831 1265 3044 1338 ρώπους
3079 1249 3240 1338 μηδὲν
3261 1266 3518 1320 δύνασθαι
3548 1267 3671 1320 τολ-

2045 1368 2049 1371 ’
2095 1358 2202 1428 μᾷν
2236 1355 2376 1410 κατὰ
2405 1357 2505 1428 τῆς
2537 1356 2630 1410 τοῦ
2661 1359 2912 1430 Σωτῆρος
2927 1356 3082 1428 ἡμῶν
3116 1357 3440 1430 Ἑκκλησίας
3460 1358 3670 1430 δυσφη-

2095 1451 2236 1519 μεϊν.
2270 1449 2424 1502 Μετὰ
2439 1448 2610 1502 ταῦτα
2638 1448 3038 1521 προφητεύεται
3061 1449 3269 1514 τούτοις
3301 1449 3427 1521 ἑξῆς
3460 1466 3674 1503 σκοτει-

2093 1540 2288 1612 νότερά
2315 1558 2458 1607 τινα,
2493 1541 2588 1596 καὶ
2609 1541 2675 1595 δι’
2707 1541 3042 1612 αἰνιγμάτων
3067 1541 3406 1613 μακροτέρας
3437 1542 3533 1595 καὶ
3569 1542 3672 1612 βα·-

412 1647 798 1702 summumque
822 1632 916 1702 jus
957 1632 1303 1700 obtinerent,
1336 1631 1389 1686 id
1420 1631 1567 1702 quod
1597 1634 1863 1702 sequitur,
1894 1645 1993 1700 pro

2114 1633 2325 1706 iurépag
2367 1634 2468 1704 τῆς
2519 1634 2662 1689 κατὰ
2699 1634 3052 1708 τροπολογίαν
3089 1634 3317 1706 δεόμενα
3350 1634 3676 1706 ἑρμηνείας,

411 1741 522 1796 quo
554 1725 749 1796 Aquila
777 1725 854 1780 ait
881 1745 895 1782 :
927 1744 948 1778 ι
981 1724 1048 1780 Et
1079 1741 1174 1781 rex
1204 1726 1598 1780 corroboratus
1620 1767 1635 1792 ,
1666 1732 1989 1795 potestatem

2114 1730 2129 1778 ι
2165 1726 2229 1798 δὴ
2283 1729 2374 1780 ἐπὶ
2426 1726 2622 1798 σχολῆς
2676 1727 2816 1780 κατὰ
2846 1727 2938 1782 τὸν
2973 1728 3318 1799 προσήκοντα
3355 1727 3549 1798 καιρὸν
3573 1727 3674 1798 τῆς

413 1817 682 1874 obtinebit
735 1819 790 1873 in
844 1819 948 1876 eis.
987 1837 1006 1871 ι
1038 1818 1404 1890 Symmachus
1454 1825 1633 1874 autem
1661 1858 1675 1882 ,
1724 1837 1742 1869 ι
1777 1817 1842 1870 Et
1896 1832 1990 1871 rex

2114 1819 2474 1892 προσηκούσης
2498 1819 2744 1884 τεύξεται
2775 1821 3102 1893 διηγήσεως,
3139 1821 3277 1875 ἐπὰν
3310 1819 3407 1874 σῦν
3429 1818 3553 1893 Θεῷ
3583 1819 3680 1874 τὸν

411 1912 570 1969 fortis
593 1915 684 1984 jus
714 1915 769 1969 in
801 1914 925 1970 illos
958 1915 1198 1972 habebit.
1231 1933 1249 1966 ι
1279 1914 1370 1970 Sic
1402 1923 1582 1969 autem
1613 1914 1728 1985 ipse
1758 1930 1986 1985 regnum

2114 1913 2222 1984 rsp‘t
2241 1912 2348 1965 τῶν
2380 1912 2718 1982 ἐπαγγελιῶν
2753 1912 3118 1985 άποδώσωμεν
3147 1913 3324 1982 λόγον.

415 2007 783 2064 Romanorum
819 2011 1058 2065 arbitror
1115 2019 1368 2066 vocatum
1401 2025 1523 2066 esse
1545 2051 1560 2075 ,
1609 2026 1719 2082 quo
1755 2017 2013 2081 tanquam
2051 2009 2204 2064 freno
2257 2025 2320 2063 ac
2347 2007 2566 2064 vinculo
2597 2009 2875 2081 impediti,
2906 2027 3017 2065 non
3049 2012 3224 2065 solum
3254 2009 3496 2082 Egyptii
3557 2025 3679 2064 om-

413 2105 566 2159 nium
595 2103 876 2159 hominum
905 2104 1464 2175 superstitiosissimi,
1496 2105 1592 2162 sed
1623 2105 1820 2175 reliqui
1864 2121 2082 2176 quoque
2114 2105 2356 2160 universi
2416 2105 2701 2169 homines,
2764 2107 2901 2162 nihil
2954 2115 3185 2177 possunt
3234 2107 3346 2176 jam
3399 2105 3680 2160 audentve

415 2200 610 2248 contra
675 2193 980 2252 Salvatoris
1015 2198 1194 2252 nostri
1245 2197 1547 2254 Ecclesiam
1583 2198 1878 2253 oblatrare.
1919 2198 2081 2270 300
2117 2197 2247 2254 Post
2291 2200 2441 2266 haec,
2485 2200 2540 2254 in
2588 2200 2776 2256 eadem
2825 2200 3107 2271 prophetia
3142 2199 3335 2255 ordine
3366 2207 3688 2270 sequuntur

415 2289 736 2345 obscuriora
803 2291 1087 2362 quaedam,
1152 2301 1208 2348 et
1259 2294 1422 2351 nodis
1471 2309 1536 2349 ac
1595 2293 2000 2350 difficultatibus
2030 2294 2327 2364 implicita,
2361 2311 2484 2366 qua:
2530 2295 2795 2368 longioris
2837 2304 3000 2368 atque
3039 2296 3280 2358 altioris.
3330 2296 3402 2352 ob
3445 2297 3682 2368 ﬁguram

416 2396 524 2450 qua
573 2381 858 2436 enuntiata
915 2393 1082 2448 sunt,
1141 2383 1608 2456 interpretationis
1659 2386 1970 2456 indigeant,
2007 2387 2211 2457 quibus
2286 2388 2510 2454 quidem
2575 2402 2678 2442 nos
2738 2404 2833 2458 per
2886 2389 3094 2452 otium,
3149 2404 3272 2444 cum
3320 2397 3542 2459 tempus
3588 2389 3692 2444 ad:

415 2475 552 2538 erit,
609 2483 789 2547 aptam
837 2480 1194 2550 expositionis
1230 2481 1406 2537 lucem
1449 2481 1707 2538 adhibere
1759 2498 1866 2536 non
1915 2485 2280 2554 gravabimur,
2325 2483 2415 2538 ubi
2466 2481 2576 2538 Deo
2630 2482 2843 2539 favente
2892 2483 3197 2538 divinarum
3250 2484 3686 2553 promissionum

419 2571 688 2625 rationem
719 2572 1137 2631 absolverimus.

997 2685 1230 2742 CAPUT
1271 2685 1414 2740 XXI.

423 2795 504 2850 Ab
553 2797 854 2852 eodem.—-
886 2797 1156 2852 Bonorum
1209 2799 1492 2866 promissio
1552 2797 1620 2850 ad
1671 2814 1997 2868 canitque

492 2868 644 2923 urius
676 2868 884 2938 deserta
913 2877 1028 2921 erat
1055 2908 1070 2932 ,
1113 2884 1178 2920 ea:
1215 2869 1455 2938 gentibus
1497 2869 1771 2922 collectam
1814 2867 1999 2923 Eccle-

496 2939 630 3009 s_iam
651 2977 666 3001 ,
694 2948 742 2992 et
767 2937 835 2990 ad
864 2939 1082 3009 afﬂictas
1108 2937 1423 3009 vexatasque
1446 2939 1654 2992 animas
1684 2940 1998 3009 manifestus

492 3006 590 3061 Dei
638 3006 927 3068 adtentus,
966 3018 1015 3062 et
1076 3006 1348 3062 salutares
1391 3009 1770 3063 miraculorum
1820 3006 2001 3078 prodi-

491 3079 799 3149 giorumque
821 3079 1215 3134 ostentationes.

503 3209 523 3243 ι
554 3190 800 3257 Laetare,
843 3189 1061 3246 deserta
1107 3190 1331 3254 sitiens,
1381 3190 1616 3246 exsultet
1660 3190 1908 3256 deserta,
1943 3197 1999 3246 et

427 3287 616 3342 floreat
647 3293 706 3339 ut
736 3285 907 3339 lilium
937 3303 951 3339 :
983 3291 1037 3339 et
1065 3283 1416 3347 efflorebunt,
1442 3289 1496 3338 et
1518 3283 1871 3339 exsultabunt
1897 3283 1998 3337 de-

429 3387 574 3432 serta
623 3375 900 3430 Iordanis.
952 3373 1020 3428 Et
1054 3375 1227 3446 gloria
1273 3373 1469 3430 Libani
1515 3375 1642 3430 data
1676 3383 1761 3430 est
1809 3374 1892 3438 ei,
1949 3383 2004 3430 et

430 3471 604 3524 honor
637 3468 871 3523 Carmeli
901 3485 916 3534 ;
953 3473 1008 3523 et
1051 3467 1285 3539 populus
1329 3482 1485 3522 meus
1532 3466 1738 3522 videbit
1775 3467 2002 3538 gloriam

427 3564 674 3626 Domini,
723 3563 779 3616 et
822 3560 1169 3616 altitudinem
1218 3559 1334 3616 Dei.
1388 3559 1767 3616 Convalescitc
1809 3572 2007 3614 manus

431 3656 702 3717 remissae,
747 3661 802 3709 et
850 3669 1027 3724 genua
1072 3652 1382 3708 dissoluta:
1427 3649 1788 3708 consulamini
1833 3649 2007 3720 pusil-

429 3749 659 3803 lanimes
698 3747 1011 3812 intellectu,
1051 3745 1446 3809 convalescite,
1492 3759 1562 3799 ne
1604 3742 1820 3797 timete.
1867 3740 2009 3796 Ecce

430 3838 574 3894 Deus
610 3846 798 3894 noster
823 3838 1092 3907 judicium
1125 3836 1346 3899 reddit,
1383 3841 1438 3890 et
1473 3833 1704 3890 reddet:
1760 3832 1877 3902 ipse
1919 3847 2011 3886 ve-

431 3933 545 3987 niet
573 3972 588 3996 ,
635 3939 690 3986 et
739 3932 919 3987 salvos
955 3929 1114 3984 faciet
1147 3943 1268 3984 nos.
1305 3925 1461 3982 Tunc
1507 3926 1825 3998 aperientur
1863 3924 2007 3980 oculi

432 4037 706 4079 caecorum
726 4065 739 4090 ,
773 4030 827 4078 et
858 4036 1020 4076 aures
1055 4019 1352 4076 surdorum
1389 4019 1613 4073 audient
1642 4034 1655 4070 :
1692 4024 1821 4071 tunc
1853 4016 2012 4071 saliet

445 4121 506 4171 ut
557 4131 788 4177 cervus,
836 4113 1102 4177 claudus,
1153 4119 1209 4168 et
1255 4113 1414 4183 plana
1457 4111 1562 4166 erit
1603 4110 1786 4181 lingua
1829 4116 2012 4162 muto-

438 4219 582 4259 rum.
615 4201 885 4269 Quoniam
913 4201 1093 4271 erupit
1124 4201 1180 4255 in
1209 4200 1432 4256 deserto
1462 4214 1603 4270 aqua
1624 4238 1639 4264 ,
1667 4208 1719 4255 et
1749 4196 2013 4253 convallis

439 4299 495 4356 in
526 4306 670 4352 terra
706 4294 914 4351 sitienti
945 4313 957 4348 :
989 4302 1042 4350 et
1073 4294 1178 4350 erit
1202 4309 1322 4365 qua:
1348 4301 1500 4348 caret
1527 4308 1669 4363 aqua
1701 4293 1758 4346 in
1787 4302 2010 4362 stagna,

435 4400 490 4447 et
541 4389 596 4444 in
628 4397 829 4443 terram
874 4387 1148 4442 sitientem
1209 4386 1332 4442 fons
1383 4401 1538 4456 aqua:
1585 4385 1690 4440 erit
1725 4385 1794 4439 ¹⁹.
1839 4403 1858 4437 ι
1901 4383 2014 4438 Hoc

2610 2685 3004 2739 ΚΕΦΑΛΑΙΟΝ
3038 2687 3168 2740 KA'.

2111 2798 2385 2874 ’A._7td_toz7
2406 2801 2720 2874 abte-D._——
2743 2799 3026 2874 M‘Ayaﬁcbr
3057 2802 3380 2874 smmum
3427 2803 3506 2872 τῇ
3543 2805 3691 2874 πρὶν

2167 2870 2364 2939 ἐρήμῳ
2392 2872 2461 2935 ἐξ
2507 2870 2698 2924 ἐθνῶν
2741 2870 3084 2939 summa,
3119 2874 3216 2926 καὶ
3253 2872 3381 2938 ταῖς
3431 2870 3693 2930 κεκακω-

2167 2940 2377 3014 μέκαις
2404 2941 2940 3014 ψυχαῖςτγέμφᾳνὴς
2971 2943 3116 2997 Θεοῦ
3147 2945 3469 3012 παρουσία,
3502 2945 3694 3014 σωτή⁸

2163 3011 2283 3079 ριοί
2312 3029 2373 3065 τε
2399 3011 2886 3080 παραδοξοποίαι.

2180 3207 2198 3240 ι
2242 3187 2612 3260 Εὐφράνθητι,
2654 3187 2858 3260 ἕρημος
2896 3187 3126 3258 διψῶσα,
3175 3188 3528 3257 ἀγαλλιάσθω
3564 3189 3694 3262 ἔρη-

2106 3297 2226 3352 μος,
2289 3281 2383 3334 καὶ
2439 3280 2668 3335 ἀνθείτω
2700 3280 2776 3344 ὡς
2819 3279 3032 3352 κρίνον·
3093 3283 3187 3336 καὶ
3245 3279 3538 3353 ὲξανθήσει
3599 3282 3693 3335 καὶ

2104 3373 2494 3441 άγαλλιάσεται
2534 3372 2602 3426 τὰ
2640 3371 2822 3444 ἔρημα
2879 3372 2974 3426 τοῦ
3022 3373 3306 3444 Ἰορδάνου.
3355 3374 3465 3426 Καὶ
3495 3375 3533 3444 ἡ
3571 3372 3696 3437 δόξα

2105 3464 2198 3518 τοῦ
2223 3465 2458 3518 Λιϐάνου
2485 3463 2641 3534 ἐδόθη
2669 3465 2831 3535 αὐτῇ,
2868 3463 2962 3517 καὶ
2992 3466 3026 3536 ἡ
3069 3464 3203 3536 τιμὴ
3234 3465 3329 3519 τοῦ
3361 3464 3694 3537 Καρμήλου,

2107 3557 2201 3610 καὶ
2251 3559 2280 3610 ό
2336 3555 2460 3620 λαός
2517 3573 2617 3627 μου
2659 3555 2846 3624 ᾱξκεται
2893 3555 2993 3629 τὴν
3039 3556 3194 3624 δόξαν
3235 3557 3464 3628 Κυρίου,
3501 3558 3604 3611 καὶ
3632 3556 3696 3611 τδ

2109 3648 2242 3719 ὕψος
2294 3649 2388 3702 τοῦ
2447 3649 2604 3704 Θεοῦ.
2652 3631 2954 3721 Ἰσχύσατε,
3011 3654 3192 3723 χεῖρες
3251 3652 3563 3722 άνειμέναι,
3600 3652 3695 3707 καὶ

2108 3741 2311 3810 γόνατα
2338 3743 2758 3816 παραλελυμένα
2812 3745 3256 3817 παρακαλέσατε·
3293 3746 3341 3798 oi
3374 3745 3697 3817 ὀλιγόψυχοι

2109 3835 2173 3904 τῇ
2195 3833 2420 3905 διανοίᾳ,
2479 3834 2751 3904 ἰσχύσατε,
2817 3834 2890 3906 μὴ
2941 3835 3213 3904 φοϐεῖσθε.
3309 3836 3436 3890 Ἰδοὺ
3486 3838 3521 3889 ὁ
3569 3837 3702 3903 Θεὸς

2112 3925 2266 3996 ἡμῶν
2291 3926 2472 3997 κρίσιν
2522 3927 2934 3990 ἀνταποδίδωσι,
2970 3927 3064 3980 καὶ
3095 3927 3465 3981 άνταποδώσει
3488 3945 3502 3958 ·
3538 3930 3701 3992 αὐτὸς

2111 4017 2253 4088 ἥξει,
2281 4018 2375 4072 καὶ
2413 4019 2575 4071 σώσει
2603 4021 2770 4090 ἡμας.
2817 4021 2956 4073 Τότε
2993 4019 3396 4092 ἀνοιχθήσονται
3422 4021 3703 4094 ὀφθαλμοὶ

2112 4108 2350 4178 τυφλῶν,
2405 4110 2499 4163 καὶ
2533 4104 2647 4162 ὦτα
2695 4110 3048 4165 ἀκούσονταιο
3081 4112 3199 4164 τότε
3231 4113 3440 4166 άλεῖται
3475 4113 3558 4178 ὡς
3581 4114 3703 4168 ἔλα-

2117 4218 2214 4270 φος
2259 4202 2288 4254 ὁ
2350 4200 2543 4271 χωλὸς,
2587 4201 2681 4254 καὶ
2723 4201 2890 4274 τρανὴ
2927 4201 3076 4254 ἔσται
3107 4203 3328 4270 γλῶσσα
3363 4204 3700 4273 μογιλάλων.

2119 4291 2239 4344 Ὅτι
2272 4290 2482 4362 ὲρῤάγη
2515 4293 2573 4343 ὲν
2617 4293 2681 4362 τῇ
2713 4292 2902 4362 ἐρήμῳ
2941 4289 3104 4361 ὕδωρ,
3146 4293 3237 4344 καὶ
3282 4292 3502 4364 φάραγξ
3539 4295 3600 4348 ὲν
3630 4297 3700 4365 γῇ

2120 4381 2329 4456 διψώσῃ
2352 4401 2365 4413 ·
2427 4385 2522 4436 καὶ
2569 4382 2720 4435 ἔσται
2772 4384 2805 4454 ἠ
2836 4381 3061 4453 ἄνυδρος
3097 4383 3178 4444 είς
3218 4382 3335 4454 ἕλη,
3359 4384 3455 4436 καὶ
3485 4387 3570 4448 εἰς
3602 4385 3703 4455 τὴν

436 4482 601 4539 θιίοιη
633 4482 688 4535 in
723 4481 844 4535 loco
873 4481 1049 4550 palam
1087 4478 1346 4534 salutaris
1394 4476 1488 4532 Dei
1541 4475 1757 4531 canitur
1804 4475 2005 4530 adven-

2117 4473 2354 4542 διψῶσαν
2401 4475 2503 4545 γῆν
2534 4473 2684 4546 πηγὴ
2724 4473 2916 4537 ὕδατος
2948 4475 3122 4528 ἔσται.
3173 4495 3191 4527 ι
3225 4473 3525 4529 Κάνταῦθα
3554 4477 3704 4547 διαρ-

441 4583 564 4644 tus,
616 4574 709 4645 qui
756 4573 926 4628 multa
969 4574 1111 4629 bona
1158 4573 1229 4628 sit
1274 4570 1580 4636 allaturus;
1627 4568 1814 4625 surdis
1860 4567 2009 4622 enim

438 4667 728 4732 auditum,
777 4675 832 4721 et
890 4665 1050 4720 caecis
1117 4664 1334 4728 visum,
1388 4670 1648 4732 prmterea
1695 4659 1904 4715 claudis
1962 4665 2017 4714 et

445 4762 682 4833 linguam
731 4759 1048 4830 impeditam
1093 4755 1458 4819 habentibus,
1505 4753 1773 4809 medelam
1817 4751 2017 4824 praedi-

443 4855 587 4909 citur
617 4853 930 4908 redditurus
960 4869 973 4904 :
1009 4864 1130 4919 qua:
1159 4849 1346 4902 omnia
1377 4861 1488 4900 non
1521 4845 1658 4898 alias
1694 4843 1901 4899 exitum
1933 4842 2018 4896 in-

441 4950 756 5008 venerunt,
813 4941 922 4995 nisi
973 4949 1262 5010 postquam
1316 4936 1567 4992 Salvator
1618 4945 1805 4991 noster
1853 4931 2016 4990 Jesus

443 5033 698 5092 Christus
740 5033 993 5097 advenit,
1042 5047 1072 5085 a
1117 5046 1226 5102 quo
1270 5037 1325 5086 et
1365 5043 1636 5084 caecorum
1671 5025 2017 5095 oculigpet‘ti

445 5135 614 5192 sunt,
649 5136 703 5182 et
734 5125 886 5181 surdi
922 5124 1166 5178 auditum
1199 5128 1557 5192 receperunt;
1592 5121 1722 5191 quid
1765 5135 1896 5175 vero
1927 5119 2014 5174 di-

453 5234 576 5274 cere
604 5234 744 5290 opus
774 5224 891 5282 est,
923 5231 1088 5287 quam
1121 5215 1274 5268 multi
1307 5229 1403 5285 per
1433 5213 1580 5268 illius
1608 5213 1938 5284 discipulos,
1967 5217 2025 5268 et

453 5312 632 5368 soluta
666 5311 912 5367 membra
945 5309 1242 5373 habentes,
1270 5313 1324 5362 ct
1355 5307 1491 5360 muti
1523 5315 1578 5361 et
1607 5305 1827 5371 claudi,
1860 5311 2024 5358 natu-

448 5405 594 5460 rales
642 5404 956 5458 sanationes
1003 5399 1494 5470 recuperaverint?
1544 5398 1700 5469 301
1751 5411 2026 5469 quamque

453 5495 546 5550 alii
577 5494 1006 5552 innumerabiles
1027 5535 1042 5561 ,
1066 5493 1162 5566 qui
1187 5492 1355 5547 variis
1384 5491 1772 5563 aegritudinum
1803 5490 2026 5560 languo-

454 5603 689 5660 rumque
719 5588 1012 5659 generibus
1040 5592 1392 5650 vexarentur,
1431 5584 1500 5640 ab
1529 5583 1623 5640 illo
1652 5581 2028 5666 et_curat_ione

533 5771 576 5802 "
599 5765 702 5825 lsu.
736 5782 897 5832 xxxv,
928 5766 1040 5821 1-7.

2120 4567 2288 4639 ρήδην
2317 4566 2451 4620 Θεοῦ
2477 4567 2657 4637 ἄφιξις
2686 4566 2995 4630 θεσπίζεται
3031 4569 3315 4640 σωτήριος,
3351 4567 3445 4621 καὶ
3487 4567 3704 4621 πολλῶν

2118 4658 2336 4728 ἀγαθῶν
2367 4659 2544 4714 αἰτία·
2579 4663 2782 4730 κωφοῖς
2821 4659 2950 4730 γοῦν
2993 4660 3156 4724 ἴασις,
3189 4661 3281 4714 καὶ
3311 4660 3536 4730 τυφλοῖς
3570 4662 3703 4716 άνά-

2119 4751 2328 4822 ϐλεψις,
2353 4753 2579 4825 προσέτι
2609 4770 2667 4806 τε
2693 4753 2886 4824 χωλοῖς
2919 4754 3014 4806 καὶ
3055 4752 3154 4824 τὴν
3177 4751 3421 4822 γλῶτταν
3452 4754 3707 4807 συνδεδε-

2123 4844 2306 4917 μένοις
2331 4845 2596 4917 θεραπεία
2619 4845 2835 4898 ἔσεσθαι
2864 4845 3261 4918 προφητεύεται
3285 4861 3298 4876 ’
3329 4845 3365 4900 ἃ
3393 4846 3490 4899 καὶ
3514 4846 3706 4909 τέλους

2121 4937 2308 5009 ἔτυχεν
2334 4939 2434 4991 οὐκ
2458 4939 2682 5009 ἄλλωςῆ
2710 4938 2796 4992 διὰ
2815 4940 2915 5009 τῆς
2933 4937 3025 4992 τοῦ
3056 4939 3307 5011 Σωτῆρος
3328 4937 3485 5010 ἡμῶν
3529 4938 3706 5011 Ἰησοῦ

2122 5032 2356 5102 Χριστοῦ
2389 5031 2704 5104 παρουσίας,
2722 5033 2809 5101 ὑφ’
2827 5025 2888 5085 οὗ
2919 5032 3014 5086 καὶ
3031 5032 3244 5100 τυφλῶν
3273 5029 3632 5102 ἀνεῴχθησαν
3661 5032 3708 5085 oi

2124 5122 2409 5195 ὀφθαλμοὶ,
2428 5125 2522 5177 καὶ
2546 5125 2722 5194 κωφοὶ
2747 5125 2845 5196 τὴν
2868 5125 3034 5197 ἀκοὴν
3049 5125 3398 5197 άπειλήφασι.
3423 5123 3489 5175 Τί
3515 5123 3602 5176 δεῖ
3623 5122 3711 5176 λέ·

2127 5232 2265 5285 γειν,
2281 5219 2504 5271 ὃσοικαὶ
2524 5218 2611 5272 διὰ
2623 5217 2730 5272 τῶν
2756 5217 2920 5272 αὑτοῦ
2949 5218 3206 5291 μαθητῶν
3230 5217 3579 5289 παρειμένοι,
3615 5216 3709 5270 καὶ

2130 5309 2323 5379 κωφοὶ.
2344 5310 2436 5363 καὶ
2452 5309 2614 5380 χωλοὶ
2631 5310 2730 5374 τὰς
2751 5310 2891 5365 κατὰ
2910 5310 3067 5380 φύσιν
3083 5311 3269 5381 βάσεις
3293 5309 3707 5380 ἀπελάμϐανον;

2127 5399 2275 5456 ἄλλοι
2300 5417 2361 5452 τε
2419 5401 2598 5472 μυρίοι
2632 5401 2901 5466 ποικίλαις
2956 5403 3130 5465 νόσοις
3159 5403 3251 5455 καὶ
3283 5401 3583 5472 μαλακίαις
3617 5417 3710 5455 τις

2127 5491 2464 5564 τρυχωμένοι
2489 5493 2590 5562 τῆς
2623 5494 2750 5565 παρ’
2777 5492 2938 5546 αὐτοῦ
2969 5493 3263 5565 θεραπείας
3299 5511 3358 5547 τε
3389 5495 3479 5548 καὶ
3531 5508 3713 5564 σωτη-

2131 5584 2254 5659 ρίας
2282 5584 2548 5656 ἠξιοῦντο,
2585 5585 2724 5641 κατά
2767 5603 2827 5641 τε
2869 5585 2965 5656 τὴν
3005 5586 3182 5640 ἔνθεον
3229 5587 3326 5656 τῆς
3374 5585 3714 5659 προφητείας
