3902 6264
417 327 527 384 479

1085 298 1350 374 susse"
1387 317 1860 375 CIESAMENSIS
1895 316 1962 373 οι

2080 316 2256 372 PARS
2277 317 2340 372 ll”.
2380 350 2450 361 -—
2484 317 2992 376 APOLOGETICA‘-

3538 325 3642 380 £80

420 445 611 503 matris
653 449 881 504 vestra,
916 453 1024 509 quo
1069 436 1250 493 dimisi
1294 438 1462 493 eam?
1499 445 1592 491 aut
1621 440 1706 492 cui
1739 436 1962 492 debitori

2069 435 2164 490 τοῦ
2190 436 2516 489 ἀποστασίου
2551 437 2648 508 τῆς
2677 438 2882 509 μητρὸς
2907 427 3130 508 ὐμῶν-ᾧ
3160 439 3511 503 ἐξαπέστειλα
3541 448 3642 498 αὐ-

419 537 633 594 vendidi
668 533 808 589 vos?
836 546 962 586 ecce
991 531 1232 599 peccatis
1264 529 1460 586 vestris
1489 530 1690 584 venditi
1721 531 1856 586 estis
1877 570 1891 594 ,
1921 538 1976 584 et

418 624 798 698 iniquitatibus
835 621 1031 674 vestris
1067 621 1226 674 emisi
1269 630 1495 678 matrem
1527 631 1760 678 vestram
1787 662 1801 685 ,
1835 636 1974 691 quo-

417 716 562 770 niam
593 715 745 779 veni,
778 721 832 769 et
860 729 968 768 non
995 722 1113 769 erat
1140 713 1336 779 homo;
1370 716 1589 776 vocavi,
1618 721 1672 769 et
1701 729 1810 768 non
1847 721 1966 768 erat

413 807 507 876 qui
541 803 771 859 audiret.
807 801 1063 874 Nunquid
1112 819 1219 858 non
1256 811 1432 872 potest
1463 819 1655 858 manus
1687 819 1805 858 mea
1834 804 1966 858 libe-

413 895 572 950 rare?
597 902 689 949 aut
719 896 963 965 nunquid
1003 912 1109 950 non
1141 910 1361 965 possum
1388 896 1595 964 eripere
1619 895 1704 947 "?
1729 915 1746 946 ι
1773 893 1976 949 Deinde

413 985 470 1040 in
523 986 709 1040 eadem
762 988 1044 1057 prophetia
1097 987 1374 1057 paululum
1420 1001 1779 1056 progressus:
1812 1004 1830 1037 ι
1862 985 1974 1057 Ego

411 1091 560 1143 vero,
603 1077 811 1146 inquit,
854 1093 961 1131 non
1008 1086 1299 1132 coxitumax
1335 1092 1486 1140 sum,
1534 1091 1708 1146 neque
1750 1083 1972 1130 contra-

417 1163 540 1220 dico
569 1183 583 1218 :
641 1172 853 1234 tergum
898 1180 1076 1219 meum
1119 1165 1242 1220 dedi
1276 1165 1330 1218 in
1363 1165 1572 1234 ﬂagella
1593 1205 1608 1229 ,
1639 1173 1694 1218 et
1725 1165 1973 1222 maxillas

412 1269 563 1310 meas
607 1255 662 1309 in
709 1255 938 1325 alapas:
987 1257 1176 1310 faciem
1217 1271 1346 1311 vero
1386 1271 1558 1311 meam
1605 1271 1712 1310 non
1740 1257 1908 1311 averti
1941 1272 1974 1310 a

410 1347 611 1416 probro
635 1355 916 1415 sputorum
934 1349 1031 1402 ¹³.›
1048 1346 1165 1417 Ipse
1191 1346 1449 1403 Dominus
1473 1389 1488 1412 ,
1517 1364 1640 1402 cum
1667 1349 1720 1401 in
1748 1349 1834 1403 his
1859 1364 1975 1404 ver-

410 1436 495 1492 bis
524 1453 682 1492 suum
711 1437 777 1490 ad
808 1437 1055 1492 homines
1087 1437 1378 1493 adventum
1409 1438 1666 1504 fateatur,
1691 1440 1974 1510 redarguit

409 1529 568 1598 303
613 1529 868 1599 populum
921 1527 1264 1593 Iudaeorum,
1312 1531 1457 1600 quod
1502 1531 1806 1586 venientem
1845 1545 1969 1586 eum

410 1620 719 1689 suscepturi
749 1635 854 1673 non
887 1618 1016 1686 sint,
1052 1635 1227 1690 neque
1259 1623 1474 1675 vocanti
1503 1622 1882 1686 auscultaturi,
1915 1628 1972 1677 et

409 1707 572 1772 hanc,
619 1709 774 1779 quasi
823 1709 1062 1778 seipsum
1107 1708 1424 1776 defendens,
1475 1726 1697 1765 causam
1749 1711 1965 1766 illorum

2075 528 2206 598 τήν;
2249 527 2283 598 ἢ
2329 527 2429 580 τίνι
2484 528 2735 600 ὑπόχρεῳ
2795 529 3052 600 πέπρακα
3117 531 3298 602 ὐμᾶςς
3342 536 3471 590 ’1δού
3519 543 3644 604 ταῖς

2075 617 2368 688 ἁμαρτίαις
2411 618 2564 688 ὐμῶν
2598 618 2892 690 ἐπράθητε,
2927 622 3021 673 καὶ
3049 624 3168 685 ταῖς
3209 624 3454 694 ἀνομίαις
3486 629 3645 699 ὐμῶν

2073 705 2426 771 ἐξαπέστειλα
2457 709 2554 779 τὴν
2583 710 2794 781 μητέρα
2819 710 2969 781 ὑμῶν
2994 728 3008 740 ·
3042 712 3173 766 διότι
3202 710 3381 786 ἦλθον,
3419 720 3510 771 καὶ
3539 721 3647 773 οὐκ

2073 793 2141 868 ἦν
2170 797 2470 869 ἄνθρωπος·
2507 801 2758 866 ἐκάλεσα,
2789 804 2881 854 καὶ
2903 803 3002 856 οὐκ
3044 800 3110 874 ἦν
3139 807 3166 857 6
3201 807 3509 862 ὑπακούων.
3543 810 3645 882 Μὴ

2072 890 2189 961 οὐχὶ
2225 889 2396 960 ίσχύει
2429 893 2460 962 ή
2492 893 2612 963 χείρ
2653 910 2751 963 μου
2782 892 2875 946 τοῦ
2911 894 3208 963 ρύσασθαι;
3238 897 3270 968 ἢ
3317 899 3417 951 οὐκ
3471 902 3651 970 ίσχύω

2070 981 2164 1034 τοῦ
2216 981 2525 1048 ἐξελέσθαι;
2577 1003 2595 1034 ι
2648 981 2759 1037 Εἶτ’
2808 987 2898 1038 ἐπὶ
2945 987 3043 1056 τῆς
3087 989 3252 1058 αὐτῆς
3305 991 3651 1060 προφητείας

2072 1071 2298 1135 ὑποϐὰς,
2345 1071 2526 1140 (Ἐγὼ
2569 1073 2646 1137 δὲ,
2694 1075 2878 1145 φησὶν,
2918 1077 3017 1130 οὐκ
3058 1076 3284 1140 ἀπειθῶ,
3329 1079 3447 1131 οὐδὲ
3491 1080 3644 1133 ἀντι-

2071 1163 2230 1232 λέγω.
2282 1165 2354 1217 Τὸ
2399 1165 2564 1220 νῶτόν
2619 1184 2717 1236 μου
2751 1167 2924 1220 ἔδωκα
2962 1171 3036 1231 εἰς
3099 1169 3383 1241 μάστιγας,
3433 1172 3531 1236 τὰς
3582 1174 3641 1227 δὲ

2072 1255 2322 1323 σιαγόνας
2379 1273 2478 1326 μου
2535 1259 2615 1319 είς
2675 1259 2992 1328 ῥαπίσματα
3024 1277 3037 1290 ·
3098 1262 3158 1313 τὸ
3231 1261 3286 1314 δέ
3350 1263 3640 1334 πρόσωπόν

2073 1363 2174 1415 μου
2224 1347 2323 1399 οὐκ
2368 1346 2683 1418 ἀπέστρεψα
2715 1351 2825 1402 ἀπὸ
2849 1352 3106 1423 αἰσχύνης
3151 1356 3570 1426 ἐμπτυσμάτων.
3613 1375 3635 1410 ι

2067 1436 2237 1499 Αὐτὸς
2281 1439 2309 1490 6
2337 1437 2538 1510 Κύριος
2569 1439 2654 1493 διὰ
2696 1442 2896 1494 τούτων
2931 1446 3032 1514 τὴν
3061 1447 3140 1508 είς
3187 1445 3500 1518 ἀνθρώπους
3539 1449 3640 1502 αὐ-

2067 1527 2159 1581 τοῦ
2187 1531 2483 1600 παρουσίαν
2518 1531 2701 1600 σαφῶς
2735 1534 3027 1602 ὁμολογῶν,
3071 1537 3355 1608 ἀπελέγχει
3385 1541 3473 1592 τὸν
3507 1541 3652 1593 Ἰού--

2065 1620 2228 1674 δαίων
2277 1621 2426 1685 λαὸν,
2473 1623 2554 1676 ὅτι
2614 1623 2688 1694 μὴ
2730 1625 2948 1680 ἐλθόντα
3008 1628 3168 1681 αὐτὸν
3225 1629 3644 1696 καταδέξονται,

2070 1712 2203 1782 μηδέ
2243 1713 2492 1766 καλοῦντι
2533 1714 2944 1771 ὑπακούσονται.
2972 1717 3083 1770 Καὶ
3111 1718 3256 1771 τοῦθ’
3286 1717 3473 1792 ὥσπερ
3494 1721 3638 1774 ἀπο-

408 1797 646 1868 ipsorum
665 1797 974 1866 rejectionis
1003 1797 1162 1852 docet
1175 1797 1344 1854 fuisse
1364 1818 1377 1853 :
1398 1815 1520 1852 nam
1556 1817 1576 1850 ι
1600 1799 1864 1865 Quoniam
1879 1816 1962 1856 ve-

2069 1801 2388 1874 λογούμενος
2417 1848 2432 1872 ,
2475 1805 2646 1860 αἴτιον
2722 1807 2820 1878 τῆς
2875 1807 3050 1861 αὐτῶν
3098 1809 3304 1862 ἐκείνου
3359 1789 3630 1880 ἀποϐολῆς

407 1888 486 1952 ni,
528 1888 723 1958 inquit,
764 1895 946 1942 etnon
977 1896 1096 1942 erat
1126 1889 1178 1941 in
1205 1890 1357 1943 vobis
1388 1889 1570 1954 homo,
1589 1891 1884 1960 vocavique
1914 1899 1970 1946 et

406 1978 588 2034 nullus
632 1985 765 2044 erat,
802 1980 892 2048 qui
933 1979 1144 2034 audiret
1183 1999 1196 2033 :
1230 1981 1454 2045 idcirco,
1494 1978 1690 2051 inquit,
1732 1983 1975 2052 peccatis

410 2067 612 2124 vestris
649 2068 853 2123 venditi
889 2071 1044 2136 estis,
1088 2089 1106 2122 ι
1157 2079 1410 2140 tanquam
1440 2073 1542 2142 ipsi
1571 2089 1667 2143 per
1693 2089 1790 2130 vos
1819 2075 1967 2144 ipsos

406 2173 541 2213 meae
586 2160 883 2214 vocationis
935 2159 1308 2228 repudiatores
1374 2164 1726 2230 exstiteritis,
1793 2181 1971 2235 neque

405 2262 533 2304 vero
565 2248 679 2318 ipse
703 2250 859 2305 vobis
898 2249 1138 2303 libellum
1179 2249 1388 2319 repudii
1413 2250 1674 2308 dederim.
1718 2252 1842 2308 Haec
1867 2269 1967 2308 au-

402 2345 512 2392 tem
541 2337 948 2394 evidentissime
987 2338 1054 2393 ad
1088 2354 1210 2394 eum
1240 2341 1499 2410 populum
1521 2342 1612 2411 qui
1638 2344 1704 2398 ad
1731 2344 1971 2397 circum-

401 2428 663 2483 cisionem
709 2430 966 2498 pertinet,
1007 2429 1214 2483 directa
1243 2438 1391 2496 sunt,
1416 2439 1470 2486 et
1514 2432 1680 2491 simul
1709 2449 1793 2499 ea,
1845 2450 1966 2504 qua:

403 2521 480 2574 illi
507 2528 697 2574 contra
729 2521 905 2590 ipsum
941 2522 996 2575 in
1041 2524 1294 2592 passione
1337 2523 1456 2578 ausi
1486 2535 1631 2587 sunt,
1673 2524 1960 2595 signiﬁcat,

401 2611 588 2667 ticens
621 2629 634 2665 :
668 2631 686 2664 ι
728 2611 962 2683 Tergum
993 2629 1171 2667 meum
1205 2614 1327 2668 dedi
1363 2615 1414 2668 in
1442 2613 1669 2684 ﬂagella,
1699 2623 1753 2670 et
1779 2619 1966 2672 maxil-

400 2705 483 2758 las
512 2720 658 2759 meas
687 2703 741 2757 in
773 2705 980 2774 alapas,
1017 2725 1036 2755 ι
1069 2713 1123 2760 et
1155 2721 1275 2775 qua:
1314 2715 1636 2775 sequuntur.
1668 2706 1793 2762 Haec
1827 2724 1964 2778 quo-

399 2810 505 2864 que
527 2810 622 2864 per
639 2797 806 2850 otium
828 2811 858 2849 a
889 2796 1046 2850 nobis
1063 2796 1210 2865 justa
1237 2796 1678 2868 interpretatione
1704 2801 1963 2870 explana-

400 2884 621 2938 buntur.

935 2999 1165 3055 CAPUT
1224 3001 1412 3059 XXIV.

2069 1897 2348 1964 γεγονέναι
2399 1897 2656 1952 διδάσκει.
2711 1916 2729 1948 ι
2776 1899 2926 1951 Ἐπεὶ
2969 1899 3076 1970 γὰρ
3117 1895 3298 1970 ἦλθον,
3343 1901 3495 1972 φησὶ,
3537 1902 3640 1956 καὶ.

2066 1986 2164 2039 οὐκ
2206 1982 2273 2058 ἦν
2322 1988 2379 2041 ἐν
2421 1988 2546 2058 ὐμίν
2586 1988 2901 2060 ἄνθρωπος,
2933 1989 3165 2043 ἐκάλεσά
3207 2007 3286 2056 τε,
3319 1992 3414 2043 καὶ
3457 1991 3638 2057 οὐδεὶς

2065 2071 2133 2146 ἦν
2178 2078 2205 2128 6
2233 2078 2551 2132 ὑπακούωνο
2605 2079 2692 2134 διὰ
2737 2079 2926 2146 τοῦτο,
2970 2081 3134 2151 φησὶ,
3173 2083 3291 2144 ταῖς
3341 2082 3635 2153 ἁμαρτίαις

2067 2167 2218 2236 ὐμῶν
2248 2167 2520 2239 ἐπράθητε
2539 2206 2553 2231 ,
2581 2187 2600 2220 ι
2637 2170 2730 2223 ἆτε
2764 2170 2917 2224 αὐτοὶ
2955 2171 3049 2241 ἀφ’
3091 2171 3294 2245 ἑαυτῶν
3326 2173 3630 2226 ἀποστάται

2064 2255 2163 2324 τῆς
2191 2257 2327 2326 ἐμῆς
2353 2257 2594 2328 κλήσεως
2641 2260 3003 2324 καταστάντες
3027 2301 3042 2326 ,
3095 2261 3210 2315 ἀλλ’
3239 2263 3338 2315 οὐκ
3371 2261 3503 2332 ἐμοῦ
3551 2262 3642 2332 βιο-

2065 2345 2210 2398 6λίον
2248 2348 2373 2417 ὑμῖν
2424 2348 2748 2402 ἀποστασίου
2779 2350 3083 2413 δεδωκότος.
3135 2352 3328 2420 Σαφῶς
3365 2351 3422 2405 δὲ
3455 2351 3650 2406 ταῦτα.

2063 2438 2200 2509 πρὸς
2225 2440 2314 2493 τὸν
2341 2442 2406 2492 ἐκ
2427 2442 2728 2512 περιτομῆς
2754 2441 2879 2494 λαὸν
2910 2443 3270 2496 ἀποτείνεται.
3289 2441 3454 2513 Ὁμοῦ
3480 2443 3539 2495 δὲ
3563 2441 3636 2495 τὰ

2063 2531 2190 2600 περὶ
2217 2531 2278 2583 τὸ
2305 2531 2474 2594 πάθος
2498 2533 2870 2604 τετολμημένα
2896 2535 3077 2597 αὐτοῖς
3101 2535 3249 2606 δηλοῖ
3266 2534 3457 2602 λέγων’
3495 2534 3632 2586 ιΤὺν

2063 2623 2230 2677 νῶτόν
2259 2641 2360 2694 μου
2384 2625 2590 2679 δέδωκα
2614 2627 2693 2689 εἰς
2723 2625 3012 2696 μάστιγας,
3036 2627 3133 2689 τὰς
3165 2627 3220 2681 δὲ
3250 2627 3501 2694 σιαγόνας
3528 2641 3630 2695 μου

2061 2715 2139 2776 είς
2171 2715 2518 2785 ῥαπίσματα,
2553 2735 2571 2767 ι
2625 2716 2719 2768 καὶ
2762 2715 2829 2767 τά
2863 2715 3068 2779 τούτοις
3113 2716 3256 2786 ἑξῆς.
3303 2716 3411 2768 Καὶ
3455 2714 3644 2770 ταῦτα

2060 2805 2152 2860 ἐπὶ
2188 2805 2380 2876 σχολῆς
2405 2807 2505 2877 τῆς
2539 2807 2915 2879 προσηκούσης
2946 2805 3189 2871 τεύξεται
3218 2806 3545 2878 ἑρμηνείαςλ

2563 3009 2958 3061 ΚΕΦΑΛΑΙΟΝ.
2995 3009 3118 3062 KA'.

398 3110 476 3165 Ab
505 3111 701 3198 eodem.
732 3114 1278 3198 T‘Qunema-dmodum
1313 3117 1428 3198 ipse
1466 3117 1564 3198 qui.
1596 3117 1648 3198 in
1697 3115 1955 3198 prophetis

2071 3121 2212 3176 Ἀπὸ
2253 3120 2381 3198 τοῦ.
2406 3119 2612 3198 αὐτοῦ.
2637 3122 3052 3198 -ςμὩςῗαὺτὸς
3082 3122 3214 3198 ῥμέν
3241 3121 3362 3198 τοῖς
3394 3123 3629 3198 ειςροφτξέ

467 3182 830 3237 olimcanebat
891 3184 1162 3249 Dominus,
1209 3182 1564 3241 venturus'ad
1609 3182 1859 3249 Ιιοήιὶηέε,
1909 3198 1956 3240 et

467 3253 594 3328 ipsis
627 3254 792 3307 oculis
833 3257 1210 3324 impicieudus,
1235 3267 1284 3311 et
1323 3274 1355 3311 a
1380 3258 1616 3326 gentibus
1645 3273 1958 3328 cognoscen-
1997 3273 2008 3284 '

467 3327 587 3387 dus,
608 3333 1010 3392 exspectaretur.

469 3477 489 3512 ι
528 3458 653 3515 Haec
689 3461 821 3516 dicit
841 3461 1103 3519 Dominus
1130 3483 1142 3518 :
1179 3464 1408 3542 Propter
1432 3480 1529 3520 vos
1551 3481 1746 3520 nomen
1777 3483 1957 3522 meum

393 3549 799 3623 blasphematur
828 3557 882 3610 in
915 3558 1186 3627 gentibus,
1222 3557 1428 3612 idcirco
1471 3567 1762 3630 cognoscet
1787 3575 1959 3629 popu-

394 3639 482 3698 lus
514 3659 666 3700 meus
698 3645 752 3699 in
799 3647 885 3700 die
928 3647 1040 3711 illa,
1073 3647 1220 3718 quod
1265 3662 1365 3718 ego
1406 3664 1546 3712 sum,
1586 3649 1702 3718 ipse
1749 3649 1841 3718 qui
1879 3649 1959 3703 lo-

395 3747 556 3803 quor,
612 3735 826 3800 adsum,
866 3745 924 3790 ut
963 3737 1273 3794 formositas
1304 3739 1358 3793 in
1377 3740 1672 3804 montibus,
1705 3749 1760 3794 ut
1793 3741 1956 3810 pedes

393 3828 813 3895 evangelizantis
845 3829 1085 3884 auditum
1118 3833 1288 3902 pacis,
1313 3843 1372 3888 ut
1399 3834 1492 3903 qui
1537 3836 1752 3889 nuntiat
1792 3835 1952 3902 bona,

393 3914 899 3986 quoniamauditam
917 3923 1071 3977 faciet
1089 3925 1474 3979 salutemtuam
1509 3926 1698 3980 dicens
1747 3945 1760 3980 :
1798 3925 1952 3990 Sion,

393 4025 488 4065 rex
523 4019 650 4067 tuus
696 4014 800 4066 erit
834 4013 994 4068 Deus.
1031 4014 1148 4069 Vox
1197 4017 1618 4072 custodientium
1639 4026 1692 4072 te
1721 4019 1954 4074 exaltata

393 4107 496 4164 est,
523 4108 576 4154 et
611 4116 732 4155 cum
765 4116 896 4157 voce
926 4104 1087 4159 simul
1116 4106 1466 4172 ltetabuntur,
1497 4109 1749 4176 quoniam
1780 4109 1953 4163 oculis

394 4194 462 4248 ad
504 4196 690 4251 oculos
728 4196 1004 4262 videbunt,
1048 4201 1266 4270 quando
1313 4202 1654 4257 miserebitur
1694 4202 1950 4259 Dominus

395 4283 527 4340 Sion
565 4305 578 4341 :
607 4297 894 4357 erumpant
924 4291 1160 4345 laetitiam
1187 4294 1347 4348 simul
1374 4296 1588 4350 deserta
1627 4294 1947 4360 Jerusalem,

392 4378 648 4448 quoniam
691 4380 978 4437 miseratus
1014 4392 1096 4438 est
1146 4383 1403 4442 Dominus
1438 4386 1630 4456 ipsam,
1662 4395 1716 4440 et
1749 4387 1949 4442 libera-

2133 3209 2262 3266 ταις
2302 3190 2486 3266 πάλαι
2519 3191 3045 3266 θεσπίζωνΚύριος
3071 3192 3362 3266 ἥξειν-εἱς
3404 3190 3638 3266 ἀνθρώτ

2134 3260 2288 3328 ποὺς
2311 3301 2324 3325 ,
2363 3263 2458 3314 καὶ
2485 3260 2691 3326 αὐτοῖς
2721 3261 3046 3330 ὀφθαλμοῖς
3083 3261 3500 3328 θεαθήσεσθαι,
3533 3263 3636 3315 καί

2133 3332 2256 3398 τοῖς
2281 3334 2481 3386 ἔθνεσι
2512 3331 2966 3400 γνωσθήσεσθαι
2987 3331 3301 3401 μελλήσει.

2138 3481 2157 3513 ι
2186 3462 2321 3514 Τάδε
2363 3461 2509 3530 λέγει
2582 3461 2816 3532 Κύριος·
2881 3464 2958 3514 Δι’
3000 3462 3142 3532 ὑμᾶς
3190 3462 3278 3515 διὰ
3335 3463 3534 3527 παντὸς
3572 3463 3642 3516 τὸ

2061 3554 2230 3625 ὄνομά
2273 3571 2372 3624 μου
2413 3554 2811 3626 βλασφημεῖται
2844 3556 2902 3606 ἐν
2947 3558 3057 3618 τοῖς
3085 3555 3290 3607 ἔθνεσι⁹
3339 3554 3427 3608 διὰ
3471 3556 3635 3609 τοῦτο

2062 3646 2324 3714 γνώσεται
2365 3648 2394 3698 6
2435 3647 2562 3710 λαός
2599 3665 2700 3717 μου
2736 3648 2793 3700 ἐν
2823 3649 2888 3716 τῇ
2931 3646 3114 3717 ἡμέρᾳ
3149 3647 3357 3718 ἐκείνῃ,
3393 3646 3475 3698 ὅτι
3518 3646 3638 3714 ἐγώ

2064 3739 2214 3808 εἰμι,
2247 3737 2406 3800 αὐτὸς
2470 3741 2497 3790 6
2539 3738 2751 3803 λαλῶν,
2804 3737 3071 3808 πάρειμι,
3123 3737 3197 3799 ὡς
3225 3737 3341 3808 ὥρα
3385 3737 3478 3790 ἐπὶ
3519 3738 3634 3793 τῶν

2061 3830 2248 3898 ὀρέων,
2275 3829 2351 3892 ὡς
2381 3829 2535 3893 πόδες
2567 3830 3051 3900 εὐαγγελιζομένου
3084 3829 3253 3901 ἀκοὴν
3278 3830 3522 3900 εἰρήνης,
3549 3829 3631 3894 ὡς

2061 3920 2540 3991 εὐαγγελιζόμενος
2589 3922 2767 3990 ἀγαθά
2791 3939 2802 3951 ·
2851 3923 2932 3974 ὃτι
2959 3919 3230 3992 ἀκουστὴν
3277 3923 3490 3992 ποιήσει
3529 3921 3631 3992 τὴν

2063 4012 2334 4082 σωτηρίαν
2365 4028 2478 4074 σου,
2505 4011 2675 4080 λέγων
2694 4029 2705 4041 ·
2733 4011 2893 4076 Σιὼν,
2949 4012 3254 4082 βασιλεύσει
3321 4030 3412 4066 σου
3429 4016 3457 4067 6
3474 4013 3629 4078 Θεός.

2059 4103 2212 4173 Φωνὴ
2237 4102 2343 4155 τῶν
2371 4103 2747 4171 φυλασσόντων
2775 4121 2832 4156 σε
2864 4103 3080 4173 ὑψώθη,
3115 4105 3209 4158 καὶ
3236 4107 3301 4174 τῇ
3336 4107 3486 4174 φωνῇ
3514 4104 3632 4174 ἃμα

2059 4191 2553 4264 εὐφρανθήσονται,
2619 4194 2701 4247 ὃτι
2758 4193 3057 4264 ὀφθαλμοῖς
3111 4193 3248 4264 πρὸς
3318 4193 3632 4262 ὀφθαλμοὺς

2057 4288 2308 4358 ὄψονται,
2332 4289 2492 4361 ἡνίκα
2521 4289 2586 4343 ἂν
2614 4290 2808 4362 ἐλεήσῃ
2837 4288 3040 4359 Κύριος
3067 4287 3163 4360 τὴν
3188 4287 3346 4341 Σιών.
3382 4287 3632 4358 Ῥηξάτω

2057 4380 2395 4452 εὐφροσύνην
2428 4380 2542 4451 ἃμα
2575 4379 2642 4433 τά
2677 4380 2855 4452 ἔρημα
2891 4380 3274 4452 Ἰερουσαλὴμ.
3301 4379 3382 4432 ὅτι
3424 4378 3630 4450 ἠλέησε

391 4467 469 4520 vit
488 4464 810 4535 Jerusalem,
834 4481 886 4526 et
904 4473 1164 4528 revelabit
1190 4476 1470 4530 brachium
1497 4487 1744 4532 sanctum
1769 4495 1950 4545 suum,

2067 4469 2260 4542 Κύριος
2296 4471 2492 4541 αὐτὴν,
2526 4471 2620 4524 καὶ
2649 4470 2912 4542 ἐρρύσατο
2949 4470 3300 4540 Ἰερουσαλὴμ
3321 4510 3335 4534 ,
3371 4469 3465 4523 καὶ
3498 4470 3632 4523 ἀπο·

390 4552 449 4608 in
480 4566 774 4628 conspectu
821 4561 1061 4615 omnium
1093 4565 1354 4633 gentium,
1399 4575 1452 4620 et
1476 4566 1739 4635 videbunt
1767 4568 1950 4621 omnia

389 4657 628 4706 extrema
671 4661 830 4711 terra:
877 4657 1104 4712 salutem
1163 4675 1193 4712 a
1249 4658 1356 4715 Deo
1414 4670 1600 4718 nostro
1656 4665 1722 4720 ".
1789 4685 1806 4716 ι
1857 4664 1952 4720 llis

390 4739 526 4811 ipsis
577 4743 832 4816 deinceps
887 4749 1092 4804 adnexa
1150 4761 1232 4805 est
1298 4751 1400 4806 sub
1456 4769 1563 4807 uno
1639 4764 1691 4809 et
1761 4754 1952 4809 eodem

388 4843 679 4902 contextu,
729 4837 796 4892 de
859 4843 1112 4907 passione
1157 4841 1364 4898 Christi
1424 4845 1744 4915 prophetia,
1787 4862 1949 4916 quam

388 4925 516 4980 item
582 4941 679 4996 per
749 4929 916 4984 otium
980 4933 1327 5002 expositurus
1397 4950 1538 4992 sum.
1603 4937 1740 4991 Cum
1823 4954 1952 4993 vero

393 5029 537 5071 unus
560 5025 613 5072 et
638 5018 778 5074 idem
810 5021 881 5075 sit
910 5020 1202 5089 Dominus,
1235 5027 1330 5096 qui
1361 5027 1434 5080 ait
1455 5027 1508 5082 in
1539 5029 1802 5098 particula
1829 5038 1953 5084 ante

389 5105 530 5162 hanc
560 5113 803 5178 proxime
835 5117 1099 5184 exposita,
1131 5117 1196 5173 ad
1237 5119 1413 5190 ipsum
1457 5118 1741 5175 Judaicum
1778 5137 1950 5192 p0pu—

389 5199 498 5254 lum
533 5221 546 5257 :
576 5203 736 5278 304
753 5225 769 5256 ι
791 5205 1036 5263 Peccatis
1065 5210 1261 5265 vestris
1277 5211 1478 5266 venditi
1501 5213 1656 5278 estis,
1679 5221 1732 5267 et
1755 5213 1950 5282 iniqui-

387 5291 592 5347 tatibus
635 5297 830 5351 vestris
877 5297 1057 5354 dimisi
1109 5309 1334 5355 matrem
1387 5310 1662 5366 vestram,
1696 5303 1952 5371 quoniam

389 5383 606 5446 veni,et
634 5399 741 5440 non
763 5396 880 5443 erat
913 5389 1073 5444 homo
1098 5408 1113 5457 ;
1135 5392 1346 5458 vocavi,
1373 5399 1429 5446 et
1457 5409 1564 5448 non
1589 5403 1705 5449 erat
1733 5393 1825 5464 qui
1855 5409 1953 5448 au-

389 5469 528 5526 diret
554 5475 621 5542 ";
655 5495 674 5527 ι
707 5477 762 5530 in
795 5477 881 5533 bis
913 5480 980 5534 de
1007 5482 1206 5550 quibus
1240 5498 1384 5538 nunc
1413 5484 1592 5555 agitur
1630 5485 1807 5539 verbis
1831 5525 1846 5548 ,
1881 5484 1949 5539 ad

389 5563 608 5619 eosdem
645 5568 760 5621 ait:
799 5589 818 5620 ‹
856 5569 1082 5641 Propter
1121 5590 1219 5630 vos
1252 5591 1451 5631 nomen
1479 5591 1663 5632 meum
1693 5576 1947 5648 blasphe-

2064 4561 2292 4630 καλύψει
2319 4561 2408 4614 τὸν
2440 4562 2696 4633 βραχίονα
2730 4562 2818 4614 τὸν
2864 4563 3015 4630 ἅγιον
3040 4561 3202 4614 αὐτοῦ
3229 4561 3453 4615 ἐνώπιον
3485 4561 3630 4614 πάν-

2055 4668 2161 4703 των
2184 4652 2290 4704 τῶν
2323 4651 2520 4717 ἐθνῶν,
2555 4654 2647 4706 καὶ
2679 4651 2896 4722 ὄψονται
2931 4653 3107 4706 πάντα
3139 4651 3205 4704 τὰ
3229 4652 3371 4723 ἄκρα
3397 4652 3496 4722 τῆς
3523 4652 3630 4723 γῆς

2051 4745 2150 4815 τὴν
2187 4746 2456 4816 σωτηρίαν
2500 4747 2598 4817 τὴν
2632 4745 2782 4816 παρὰ
2827 4746 2921 4797 τοῦ
2960 4746 3094 4798 Θεοῦ
3124 4745 3298 4816 ήμῶν.
3334 4764 3352 4796 ι
3401 4743 3628 4809 Τούτοις

2053 4836 2182 4907 ἐξῆς
2218 4837 2581 4907 ἐπισυνῆπται
2615 4838 2704 4906 ὐφ’
2735 4836 2831 4889 ἐνα
2885 4838 2980 4888 καὶ
3018 4836 3109 4888 τὸν
3153 4835 3311 4888 αὐτὸν
3357 4835 3547 4905 εἱρμὸν
3592 4835 3626 4904 ή

2055 4928 2182 5000 περὶ
2230 4929 2324 4982 τοῦ
2369 4929 2572 4991 πάθους
2616 4926 2850 4998 Χριστοῦ
2903 4927 3234 4998 προφητεία,
3277 4926 3344 4995 ἣν
3392 4926 3485 4977 καὶ
3530 4925 3626 4978 ἐπὶ

2056 5019 2251 5090 σχολῆς
2289 5020 2606 5090 ἐκθήσομαι.
2648 5013 2741 5081 Εἷς
2773 5018 2828 5070 δέ
2856 5017 2931 5070 ὢν
2981 5018 3073 5070 καὶ
3105 5019 3132 5070 6
3172 5017 3335 5079 αὐτὸς
3365 5015 3568 5086 Κύριος
3597 5017 3628 5068 ό

2057 5113 2235 5183 φήσας
2282 5113 2339 5165 ἐν
2386 5115 2451 5182 τῇ
2496 5111 2602 5183 πρὸ
2637 5111 2836 5179 ταύτης
2889 5112 3156 5183 περικοπῇ
3193 5109 3328 5180 πρὸς
3366 5108 3454 5160 τὸν
3494 5109 3626 5160 ’1ου-

2053 5205 2218 5258 δαίων
2245 5205 2370 5258 λαόν
2391 5223 2403 5235 ·
2454 5223 2470 5256 ι
2501 5207 2636 5269 Ταῖς
2669 5203 2964 5275 ἁμαρτίαις
2989 5202 3140 5273 ὑμῶν
3190 5200 3493 5271 ἐπράθητε,
3529 5201 3626 5252 καὶ

2053 5299 2174 5359 ταῖς
2208 5297 2456 5368 άνομίαις
2486 5296 2638 5367 ὐμῶν
2675 5294 3029 5360 ἐξαπέστειλα
3069 5291 3166 5363 τὴν
3193 5293 3398 5364 μητέρα
3429 5290 3584 5356 ὑμῶν
3606 5303 3624 5321 ⁸

2054 5389 2188 5441 διότι
2217 5384 2397 5458 ἦλθον,
2427 5389 2518 5441 καὶ
2543 5389 2643 5441 οὐκ
2671 5384 2738 5458 ἦν
2771 5386 3054 5457 ἄνθρωπος
3073 5426 3088 5449 ,
3125 5384 3376 5446 ἐκάλεσα,
3407 5383 3500 5434 καὶ
3521 5382 3626 5434 οὐκ

2056 5478 2124 5553 ἦν
2147 5483 2176 5533 ό
2202 5482 2516 5535 ὑπακούων·
2552 5501 2569 5533 ι
2599 5480 2686 5534 διὰ
2719 5480 2826 5534 τῶν
2851 5480 2908 5532 ἐν
2934 5480 3088 5549 χερσὶ
3114 5477 3248 5548 πρὸς
3277 5477 3402 5538 τοὺς
3425 5472 3625 5535 αὐτούς

2059 5591 2225 5644 φησι·
2265 5593 2282 5625 ι
2312 5572 2408 5626 Διά
2459 5575 2603 5644 ὑμᾶς
2652 5572 2712 5625 τδ
2751 5572 2927 5642 ὄνομά
2970 5589 3069 5640 μου
3116 5568 3512 5640 βλασφημεῖται
3561 5567 3626 5619 ἐν

455 5719 630 5774 "lsa.
658 5736 711 5789 ι,
757 5721 804 5775 1.
882 5725 924 5755 ’³
954 5725 1087 5780 ibid.
1145 5728 1262 5782 5-6.
1339 5728 1491 5787 "lsa.
1512 5745 1605 5799 ιιι,
1640 5728 1790 5788 5-10.
1868 5730 1959 5784 ’⁸1

2083 5745 2208 5794 xxx,
2249 5728 2360 5784 {-3.
