3902 6264
268 319 380 378 ιει

1201 319 1859 382 DEMONSTRATIONIS
1900 321 2354 384 Eunaeum
2394 325 2524 385 LIB.
2565 311 2680 384 vr.‘

3431 331 3538 388 ιει

257 439 385 500 ’τοῖς
417 438 650 494 ἔθνεσιν.
678 457 698 493 ι
728 433 840 492 Εἴθ’
860 437 935 503 ῶς
961 437 1102 510 ἔχων
1133 439 1318 512 ἕτερον
1343 443 1472 512 παρ’
1498 442 1692 504 αὐτοὺς
1712 441 1856 505 λαὸν,

1963 425 2143 500 matur
2185 445 2238 499 in
2289 443 2561 516 gentibus.
2601 465 2620 498 ι
2669 444 2872 501 Deinde
2925 447 3083 518 quasi
3126 447 3332 504 habens
3365 447 3534 504 alium

249 533 534 604 σεπιφέρει
554 549 567 562 ·
604 550 623 583 ι
651 531 748 584 Διὰ
776 531 934 585 τοῦτο
958 531 1225 601 γνώσεται
1253 534 1282 585 6
1308 533 1438 597 λαός
1466 550 1566 604 μου
1595 534 1657 586 τὸ
1687 533 1860 604 ὄνομά

263 639 382 704 μου
405 637 417 649 ·
453 641 472 674 ι
505 621 748 676 διδάσκει
778 640 871 688 τε,
906 624 986 676 ὅτι
1028 623 1101 696 μὴ
1141 625 1358 697 ἔτερος,
1387 625 1501 678 ἀλλ’
1528 625 1689 688 αὐτὸς
1729 628 1757 678 6
1802 627 1860 678 ὲν

261 714 388 775 τοίς
423 715 734 784 προφήταις
765 715 1004 787 λαλήσας
1033 716 1233 786 Κύριος
1268 717 1595 788 ὲπιδημήσει
1624 718 1751 770 ποτε
1783 716 1858 787 τῷ

262 803 398 874 βίῳ,
418 803 616 874 λέγων·
637 825 656 857 ‹
679 806 818 874 Ἑγώ
850 808 984 878 εἰμι,
1010 809 1172 871 αὐτὸς
1199 811 1227 862 6
1254 807 1448 872 λαλῶν,
1468 808 1718 879 πάρειμι.
1735 827 1753 859 ι
1785 809 1858 862 Τὸ

257 895 340 960 δὲ,
367 915 389 946 ι
414 895 509 960 Ὠς
527 898 645 969 ὥρα
664 897 878 953 ἐπὶτῶν
898 900 1088 972 ὀρέων,
1106 902 1181 965 ὡς
1200 903 1358 966 πόδες
1374 902 1854 974 εὐαγγελιζομένου

256 988 443 1061 ἀκοὴν
474 993 701 1062 εἰρήνης
719 1032 733 1055 ,
755 990 830 1054 ὡς
859 992 1341 1064 εὐαγγελιζόμενος
1362 993 1558 1062 ἀγαθὰ,
1586 995 1855 1066 ἀκουστὴν

255 1082 489 1152 ποιήσω
515 1081 613 1154 τὴν
647 1083 917 1154 σωτηρίαν
947 1101 1061 1145 σου,
1096 1085 1302 1154 λέγων*
1350 1085 1508 1148 Σιὼν,
1547 1087 1855 1157 βασιλεύσει

255 1186 359 1224 σου
406 1172 437 1223 6
468 1171 634 1239 Θεὸς,
671 1193 690 1224 ι
722 1176 1052 1246 σαφέστερον
1087 1177 1136 1228 οἱ
1171 1173 1351 1229 λοιποὶ
1378 1177 1738 1232 ἐκδεδώκασιν
1764 1180 1854 1250 έρ-

244 1265 577 1336 μηνευταί·
622 1267 650 1318 6
688 1267 784 1337 μὲν
829 1268 1058 1330 Ἀκύλας
1096 1268 1300 1335 εἰπὼν,
1337 1289 1356 1322 ι
1386 1269 1451 1323 Τί
1492 1269 1852 1342 ὼραιώθησαν

251 1356 350 1410 ἐπὶ
379 1357 452 1410 τὰ
485 1357 588 1429 ὅρη
624 1359 780 1421 πόδες
812 1360 1321 1431 εὐαγγελιζομένου,
1355 1363 1733 1427 ἀκουτίζοντος
1775 1365 1853 1416 εἰ-

252 1450 460 1521 ρήνην,
490 1451 977 1522 εὐαγγελιζομένου
1019 1453 1241 1520 ἀγαθὸν,
1268 1455 1646 1520 ἀκουτίζοντος
1677 1474 1849 1528 σωτη-

250 1545 382 1615 ρίαν
407 1585 425 1608 ,
459 1545 713 1614 λέγοντος
736 1548 802 1616 τῇ
824 1544 962 1599 Σιών
983 1565 996 1578 ·
1035 1546 1410 1602 Ἐϐασίλευσεν
1439 1550 1468 1602 6
1498 1549 1630 1614 Θεός
1668 1568 1760 1604 σου
1783 1568 1798 1616 ;
1822 1571 1841 1603 ι

233 1637 349 1690 καὶ
371 1639 405 1690 ὁ
433 1637 730 1708 Σύμμαχος
752 1639 931 1708 φήσας
948 1654 962 1668 ο
987 1655 1004 1688 ι
1029 1638 1092 1690 Τί
1109 1639 1405 1710 εὐπρεπεῖς
1433 1637 1524 1694 ἐπὶ
1547 1641 1654 1695 τῶν
1676 1643 1844 1714 ὀρέων

247 1728 427 1791 πόδες
453 1727 962 1799 εὐαγγελιζομένου,
997 1729 1265 1801 ἀκουστὴν
1295 1730 1574 1795 ποιοῦντος
1597 1734 1839 1803 εἰρήνην,

1963 543 2157 605 praeter
2180 535 2302 591 illos
2329 536 2610 606 populum,
2639 535 2886 607 adjungit
2910 555 2923 590 :
2955 556 2976 588 ‹
3011 535 3220 594 Idcirco
3244 545 3538 610 cognoscet

1961 626 2195 695 populus
2213 641 2364 682 meus
2379 642 2575 681 nomen
2591 643 2790 683 meum.
2825 649 2844 681 ›
2866 628 3066 686 Deinde
3086 631 3244 686 docet
3265 629 3409 702 quod
3427 645 3537 685 non

1961 716 2103 774 alius
2124 760 2140 784 ,
2176 718 2271 773 sed
2309 718 2423 788 ipse
2454 719 2547 789 qui
2580 720 2633 774 in
2679 721 2963 792 prophetis
2998 721 3324 792 loquebatur
3353 721 3538 774 Domi-

1959 819 2087 871 nus,
2117 807 2425 862 versabitur
2452 809 2579 863 olim
2605 811 2660 864 in
2693 811 2795 864 hac
2824 811 2954 873 vita,
2987 812 3072 867 his
3105 813 3288 867 verbis
3321 832 3332 866 :
3366 830 3385 861 ι
3426 811 3534 880 Ego

1961 908 2104 959 sum,
2139 895 2255 966 ipse
2285 899 2378 966 qui
2415 897 2629 967 loquor,
2656 898 2872 955 adsum.
2908 919 2932 952 ι
2967 901 3106 955 Illud
3137 908 3317 956 autem
3352 921 3364 955 :
3403 919 3421 952 ι
3465 899 3534 954 Ut

1957 984 2269 1043 formositas
2319 990 2375 1044 in
2431 991 2735 1056 montibus,
2780 1003 2841 1046 ut
2891 993 3056 1063 pedes
3108 993 3533 1065 evangeli‘zantis

1958 1078 2200 1134 auditum
2228 1082 2402 1152 pacis,
2428 1090 2487 1136 ut
2505 1083 2597 1152 qui
2621 1084 2840 1138 nuntiat
2867 1084 3007 1140 bona
3030 1125 3044 1147 ,
3074 1086 3310 1140 auditam
3334 1085 3530 1140 faciam

1956 1170 2184 1226 salutem
2218 1181 2390 1241 tuam,
2430 1175 2619 1230 dicens
2655 1195 2666 1230 :
2700 1174 2852 1240 Sion,
2887 1191 2984 1232 rex
3015 1185 3142 1232 tuus
3172 1178 3274 1232 erit
3306 1178 3467 1243 Deus,
3504 1197 3525 1232 ι

1955 1262 2302 1320 manifestius
2324 1268 2517 1336 reliqui
2542 1276 2930 1323 converterunt
2949 1269 3307 1338 interpretes:
3335 1271 3525 1339 Aquila

1953 1354 2168 1424 quidem
2201 1356 2255 1410 in
2296 1356 2440 1411 hunc
2467 1359 2722 1413 modum:
2763 1378 2780 1409 ι
2809 1358 2948 1424 Quid
2988 1360 3218 1428 speciosi
3245 1359 3371 1414 facti
3402 1366 3531 1416 sunt

1950 1461 2116 1516 super
2141 1457 2372 1517 montes,
2401 1450 2565 1518 pedes
2592 1452 3052 1521 evangelizantis?
3073 1451 3191 1518 ejus
3218 1453 3307 1523 qui
3341 1452 3531 1508 audire

1947 1537 2078 1593 facit
2099 1540 2322 1610 pacem?
2343 1541 2462 1608 ejus
2483 1543 2576 1612 qui
2609 1543 2822 1596 nuntiat
2837 1543 3057 1607 bonum,
3079 1545 3169 1615 qui
3193 1545 3382 1600 audire
3400 1544 3531 1600 facit

1947 1631 2198 1694 salutem,
2233 1632 2466 1688 dicentis
2497 1634 2601 1704 ipsi
2635 1633 2766 1688 Sion
2800 1653 2812 1688 :
2847 1633 3112 1705 Regnavit
3139 1635 3280 1691 Deus
3304 1635 3469 1691 tuus?
3501 1653 3523 1688 ›

1950 1717 2305 1791 Symmachus
2324 1739 2453 1778 vero
2479 1743 2491 1778 :
2519 1743 2538 1776 ι
2573 1725 2684 1779 Cur
2705 1725 2958 1782 decentes
2985 1727 3040 1780 in
3062 1727 3336 1781 montibus
3364 1726 3530 1796 pedes

231 1820 753 1890 ἐὐαγγελιζομένου
783 1819 963 1888 ἀγαθὰ
983 1860 999 1884 ,
1033 1821 1304 1892 ἀκουστὴν
1343 1821 1621 1886 ποιοῦντος
1668 1840 1844 1894 σωτη-

1943 1815 2400 1884 evangelizantis?
2431 1817 2670 1872 auditam
2719 1819 2970 1875 facientis
3012 1829 3222 1890 pacem,
3252 1819 3527 1890 evangeli-

249 1909 376 1978 ρίαν
403 1951 424 1975 ,
449 1909 699 1979 λέγοντος
723 1913 790 1981 τῇ
822 1910 958 1964 Σιών
976 1928 989 1940 ⁸
1034 1910 1411 1965 Ἐϐασίλευσεν
1449 1912 1478 1963 6
1512 1912 1643 1976 Θεὸς
1671 1930 1795 1979 σου;
1818 1931 1836 1964 ι

245 2000 370 2052 ἀντὶ
406 1984 629 2065 δὲ’τῶν,
660 2019 678 2052 ι
703 2000 857 2072 Φωνὴ
883 2001 990 2054 τῶν
1015 2001 1394 2072 φυλασσόντων
1428 2020 1488 2056 σε
1516 2003 1724 2076 ὑψώθη,
1751 2006 1844 2058 καὶ

244 2093 312 2162 τῇ
367 2095 537 2164 φωνῇ
581 2093 696 2164 ἅμα
736 2094 1203 2166 εὐφρανθήσονται
1225 2112 1237 2126 ⁸
1272 2097 1354 2149 ὅτι
1381 2096 1677 2167 ὀφθαλμοῖς
1710 2097 1844 2168 πρὸς

241 2182 578 2255 ὀφθαλμοὺς
605 2185 824 2255 ὄψονται
849 2203 864 2218 ο
892 2206 910 2238 ι
957 2188 985 2239 6
1019 2188 1116 2258 μὲν
1141 2187 1436 2259 Σύμμαχος
1463 2189 1633 2253 οὕτως
1660 2191 1842 2261 ἡρμη-

242 2292 439 2330 νευσε·
490 2295 509 2326 ι
540 2278 693 2347 Φωνὴ
719 2278 828 2331 τῶν
869 2279 1086 2332 σκοπῶν
1127 2297 1220 2332 σου
1257 2280 1472 2351 ἐπῆραν
1506 2281 1709 2352 φωνὴν,
1752 2281 1844 2334 ἐπὶ

237 2364 305 2418 τὸ
347 2367 498 2420 αὐτὸ
546 2368 881 2422 αἰνέσουσιν“
937 2360 1366 2440 ὁςρθαλμοφανῶς
1401 2370 1507 2442 γὰρ
1541 2371 1780 2440 ὄψονται.
1818 2390 1838 2423 ο

242 2457 520 2527 Λέγοιντο
551 2459 594 2512 δ’
630 2459 697 2512 ἂν
727 2461 784 2513 ὲν
814 2459 1020 2524 τούτοις
1052 2462 1243 2514 σκοποὶ
1270 2465 1319 2515 οἰ
1362 2464 1494 2535 ἱεροὶ
1531 2463 1624 2516 τοῦ
1658 2464 1843 2534 Σωτῆ-

242 2565 342 2622 go;
374 2551 546 2622 ἡμῶν
577 2552 863 2606 ἀπόστολοι
889 2593 903 2617 ,
935 2554 982 2607 οἳ
1013 2555 1134 2616 καὶ,
1173 2554 1604 2625 ὀφθαλμοφανῶς
1652 2556 1844 2622 ἰδόντες

240 2640 335 2694 τὸν
390 2645 880 2715 προφητευόμενον
901 2685 915 2708 ,
951 2644 1171 2714 ὕψωσαν
1201 2645 1382 2699 αὐτῶν
1424 2647 1524 2720 τὴν
1555 2649 1735 2719 φωνὴν
1766 2650 1845 2712 εἰς

241 2736 440 2787 πᾶσαν
472 2734 573 2804 τὴν
598 2737 929 2808 οἰκουμένην
960 2737 1312 2808 κηρύξαντες.
1357 2737 1493 2791 Σιὼν
1525 2740 1581 2793 δὲ
1615 2742 1708 2794 καὶ
1744 2743 1843 2794 Ἱε-

243 2825 548 2898 ρουσαλὴμ
582 2827 680 2897 τὴν
719 2829 777 2880 ὲν
815 2831 928 2892 τοῖς
961 2829 1140 2892 τόποις
1190 2831 1678 2904 εὐαγγελιζομένην
1707 2828 1844 2887 οἶδεν

242 2920 381 2971 ὲπου
395 2918 620 2989 ρανίους
647 2920 676 2971 6
714 2919 1033 2984 Ἀπόστολος
1055 2961 1068 2984 ,
1100 2921 1164 2973 δι’
1190 2915 1264 2974 ὧν
1288 2940 1450 2992 φησιν
1476 2941 1488 2954 ·
1523 2943 1541 2976 ι
1573 2925 1637 2977 Ἡ
1659 2925 1715 2979 δὲ
1734 2925 1845 2980 ἄνω

251 3007 630 3079 Ἰερουσαλὴμ
655 3009 915 3081 ἐλευθέρα
940 3011 1108 3076 ἐστὶν,
1132 3013 1254 3082 ἥτις
1281 3015 1396 3066 ἐστὶ
1425 3016 1562 3087 μήτη
1572 3035 1604 3089 ρ
1628 3017 1837 3088 ήμῶνῚ

241 3097 364 3162 καὶ,
403 3115 428 3148 ς
461 3097 910 3169 Προσεληλύθατε
942 3099 1080 3153 Σιὼν
1111 3101 1226 3174 ὄρει
1258 3104 1351 3155 καὶ⁹
1382 3105 1532 3158 πόλει
1553 3105 1687 3160 Θεοῦ
1710 3107 1840 3172 ζῶν-

231 3205 356 3256 τος,
374 3167 741 3261 Ἰερουσαλὴμ
772 3191 1078 3264 ἐπουρανίῳ
1103 3233 1117 3257 ,
1146 3167 1261 3247 ’καὶ
1296 3195 1551 3266 μυριάσιν
1591 3167 1836 3266 ἀγγέλων
1863 3167 1906 3225 c

243 3282 587 3354 πανηγύρει.
621 3301 640 3333 ι
669 3282 896 3351 Λέγοιτο
918 3284 964 3336 δ’
987 3284 1052 3338 ἂν
1083 3284 1220 3338 Σιὼν
1247 3288 1340 3340 καὶ
1373 3290 1407 3359 ή
1434 3290 1513 3353 είς
1543 3289 1719 3342 πάντα
1745 3290 1837 3344 τὸν

239 3377 338 3429 ἐπὶ
388 3376 502 3445 γῆς
545 3375 710 3429 τόπον
736 3376 826 3430 διὰ
855 3377 1089 3448 Χριστὸν
1135 3380 1377 3434 συστᾶσα
1410 3380 1728 3451 Ἐκκλησία,
1762 3382 1837 3446 ὡς

235 3468 341 3522 ’καὶ
401 3467 769 3538 Ἰερουσαλὴμ
815 3468 924 3521 πᾶν
968 3468 1029 3522 τὸ
1071 3467 1321 3533 θεοσεϐὲς
1357 3470 1633 3542 τόπισμα,
1682 3473 1711 3525 ὃ
1743 3473 1838 3526 καὶ

237 3557 407 3630 παρὰ
453 3557 634 3628 μόνοις
660 3557 928 3613 Ἰουδαίων
961 3561 1074 3622 τοῖς
1101 3558 1267 3613 πάλαι
1308 3560 1369 3612 τὸ
1413 3561 1541 3631 πρὶν
1587 3562 1837 3626 συνεστὸς

237 3652 324 3714 εἰς
406 3649 651 3720 ἐρημίαν
719 3649 808 3703 διὰ
861 3649 962 3714 τὰς
1018 3650 1337 3715 δυσσεϐείας
1389 3653 1568 3707 αὐτῶν
1628 3654 1838 3723 περιτέ-

231 3759 499 3816 τραπται
519 3758 534 3772 ο
560 3738 656 3796 εἶτ’
684 3738 751 3797 αὖ
789 3743 948 3797 πάλιν
971 3744 1072 3815 τῆς
1107 3745 1199 3798 ἐπὶ
1234 3745 1293 3798 τὸ
1328 3750 1571 3818 κρεῖττον
1599 3746 1840 3800 ἀνανεώ-

245 3851 392 3899 can;
426 3833 587 3904 ἔτυχε
609 3833 699 3886 διὰ
739 3834 837 3904 τῆς
885 3835 978 3887 τοῦ
1013 3836 1440 3908 Σωτῆροςήμῶν
1477 3837 1794 3906 ἐπιφανείας
1819 3853 1833 3867 ⁸

243 3926 338 3980 Διὸ
375 3927 550 3998 φησὶν
576 3928 609 3998 ὴ
640 3926 974 3996 προφητεία·
1017 3946 1035 3979 ι
1059 3928 1303 3999 Ῥηξάτω
1346 3929 1682 4002 εὐφροσύνην
1721 3929 1837 4001 ἅμα

242 4017 313 4071 τὰ
363 4017 556 4090 ἔρημα
600 4017 985 4089 Ἰερουσαλήμ’
1036 4019 1118 4071 ὅτι
1149 4018 1347 4090 ήλέησε
1392 4020 1598 4090 Κύριος
1646 4020 1834 4092 αὐτὴν,

244 4109 343 4162 καὶ
371 4109 648 4181 ἐρρύσατο
686 4110 1058 4182 Ἰερουσαλήμ.
1093 4129 1111 4162 ι
1140 4111 1254 4163 Οὐκ
1276 4109 1343 4164 ἂν
1365 4111 1421 4164 δὲ
1448 4111 1715 4183 ἁμάρτοις
1737 4111 1836 4184 τὴν

246 4198 462 4261 παντὸς
486 4199 643 4266 ἁγίου
668 4199 762 4252 καὶ
785 4198 1064 4269 θεοφιλοῦς
1086 4201 1282 4272 ψυχὴν,
1305 4201 1441 4254 καθὸ
1473 4203 1570 4272 μὲν
1599 4201 1836 4274 ἐπῆρται

245 4289 329 4361 τῷ
369 4287 494 4359 βίῳ,
517 4289 578 4342 τὸ
610 4289 911 4360 πολίτευμα
935 4291 1134 4362 ἔχουσα
1176 4295 1234 4345 ἐν
1263 4294 1535 4365 οὐρανοῖς,
1561 4292 1837 4346 σκοποῦσα

239 4381 319 4435 τὰ
371 4381 741 4451 ὐπερκόσμια,
787 4380 922 4434 Σιὼν
976 4383 1252 4453 ὀνομάζων
1301 4384 1689 4457 (ἑρμηνεύεται
1727 4385 1835 4456 γὰρ

241 4471 762 4543 σκοπευτήριον)·
797 4473 928 4525 καθὸ
959 4473 1014 4526 δὲ
1061 4477 1118 4528 ὲν
1149 4475 1436 4568 εὐσταθείᾳ
1487 4477 1582 4531 καὶ
1622 4480 1832 4568 γαλήνῃ
1865 4511 1908 4568 D

249 4562 448 4617 παθῶν
509 4563 865 4633 καθέστηκεν,
886 4565 1237 4636 Ἰερουσαλὴμ
1283 4566 1450 4638 αὐτὴν
1503 4567 1829 4622 ἀποκαλῶν

249 4653 475 4720 ὅρασιν
489 4653 598 4724 γὰρ
626 4653 870 4721 εἰρήνης
896 4654 1234 4726 μεταληφθὲν
1279 4654 1516 4726 τοῦνομα
1552 4658 1828 4728 σημαίνει.

251 4742 480 4806 Τούτοις
519 4742 828 4807 ἀκολούθως
871 4747 904 4816 ή
947 4745 1054 4799 τῶν
1103 4745 1273 4799 ἐθνῶν
1304 4747 1396 4800 ἐπὶ
1422 4746 1522 4818 τὴν
1551 4749 1832 4803 εὐσέϐειαν

247 4832 350 4885 1τοῦ
378 4831 514 4885 Θεοῦ
546 4832 739 4903 κλῆσις
773 4835 1146 4906 ἐναργέστατα
1164 4835 1414 4908 δηλοῦται
1439 4836 1526 4890 διὰ
1538 4837 1653 4902 τοῦ,
1681 4858 1699 4889 ι
1723 4840 1833 4892 Καὶ

251 4925 600 4997 ἀποκαλύψει
645 4927 846 5000 Κύριος
891 4931 920 4981 6
968 4929 1101 4992 Θεὸς
1146 4929 1236 4983 τὸν
1268 4929 1528 5000 βραχίονα
1555 4930 1647 4982 τὸν
1681 4930 1834 4998 ἆγιον

252 5018 420 5072 αὐτοῦ
447 5017 678 5073 ἐνώπιον
709 5019 924 5074 πάντων
957 5021 1064 5075 τῶν
1101 5021 1270 5074 ἐθνῶν
1291 5038 1304 5050 ·
1340 5022 1434 5074 καὶ
1458 5022 1677 5092 ὄψονται
1704 5025 1839 5078 πάν-

219 5126 322 5186 εἰτα
365 5107 436 5162 τὰ
471 5109 620 5181 ἄκρα
660 5109 762 5181 τῆς
793 5111 898 5182 γῆς
941 5112 1038 5184 τήν
1081 5114 1353 5184 σωτηρίαν
1398 5113 1495 5185 τὴν
1545 5115 1695 5186 παρὰ
1737 5115 1828 5169 τοῦ

221 5177 394 5254 ’Θεοῦ
421 5177 598 5273 ήμῶν.
633 5221 653 5255 ο
684 5177 953 5274 Βραχίονα
994 5177 1050 5256 δὲ
1079 5205 1175 5258 τοῦ
1207 5177 1342 5258 ὄεοῦ
1384 5177 1464 5278 μή
1487 5177 1646 5262 ἄλλον
1689 5205 1830 5261 εἶναι

250 5291 350 5346 τοῦ
387 5294 581 5362 Λόγου,
614 5294 708 5348 καὶ
740 5296 836 5366 τῆς
866 5296 1083 5365 Σοφίας,
1115 5298 1209 5350 καὶ
1254 5297 1417 5351 αὐτοῦ
1464 5297 1557 5352 τοῦ
1600 5299 1827 5372 Κυρίου,

251 5383 312 5446 ὃς
349 5385 492 5439 ἐστιν
516 5387 546 5439 6
571 5387 809 5458 Χριστὸς
848 5387 942 5440 τοῦ
987 5388 1144 5453 Θεοῦ,
1176 5387 1382 5459 νόμιζε.
1417 5389 1584 5443 Τοῦτο
1609 5389 1739 5459 γοῦν
1767 5391 1830 5443 ὲκ

228 5462 462 5530 ¹πολλῶν
493 5479 840 5551 παραστῆσαι
876 5480 1270 5551 ρᾴδιον.Ἐχεις
1303 5480 1358 5534 δὲ
1389 5482 1483 5535 καί⁹
1511 5483 1569 5536 ὲν
1610 5481 1830 5547 Ἐξόδῳ

251 5569 350 5623 τὸν
390 5571 602 5647 Ἰσραὴλ
633 5572 878 5644 βραχίονι
916 5573 1050 5627 θεοῦ
1097 5573 1359 5645 ρυσθέντα
1401 5576 1501 5647 τῆς
1546 5579 1638 5632 ὐπ’
1662 5580 1828 5649 Αἰγυ-

327 5727 374 5759 ”
403 5727 574 5786 Galat.
603 5745 677 5798 Iv,
712 5728 803 5784 36.
881 5730 923 5761 "
959 5727 1118 5785 Hebr.
1145 5747 1240 5796 xu,
1262 5730 1352 5785 εει.

1945 1909 2118 1961 zantis
2141 1909 2304 1972 bona,
2329 1910 2568 1965 auditam
2592 1910 2844 1966 facientis
2875 1913 3139 1967 salutem?
3162 1913 3392 1968 dicentis
3421 1912 3527 1983 ipsi

1946 1993 2075 2051 Sion
2107 2014 2120 2050 :
2148 1995 2412 2069 Regnavit
2433 1999 2576 2058 Deus
2598 2004 2763 2057 tuus?
2801 2023 2819 2054 ι
2854 2018 2952 2073 pro
2979 2018 3046 2058 co
3072 2019 3203 2058 vero
3230 2003 3376 2074 quod
3402 2014 3524 2059 est:

1949 2105 1968 2138 ι
2005 2085 2118 2142 Vox
2163 2090 2586 2147 custodientium
2637 2099 2691 2147 te
2735 2094 2969 2147 exaltata
2999 2103 3105 2160 est,
3146 2103 3202 2150 et
3242 2110 3364 2150 cum
3393 2109 3530 2152 voce

1945 2178 2107 2233 simul
2143 2180 2503 2246 laetabuntur,
2535 2183 2794 2252 quoniam
2828 2185 3005 2240 oculis
3049 2185 3116 2240 ad
3155 2187 3345 2242 oculos
3373 2186 3527 2244 vide-

1945 2269 2100 2333 bunt,
2139 2289 2157 2322 ι
2189 2270 2556 2342 Symmachus
2586 2275 2804 2344 quidem
2857 2276 2937 2331 sic
2966 2277 3352 2346 interpretatus
3399 2287 3520 2333 est:

1949 2378 1969 2413 ι
2017 2360 2132 2415 Vox
2181 2364 2586 2432 speculatorum
2617 2373 2838 2420 tuorum
2870 2369 3183 2422 extulerunt
3209 2384 3420 2433 vocem,
3466 2371 3521 2425 in

1943 2451 1998 2506 id
2030 2451 2204 2522 ipsum
2238 2453 2556 2518 laudabunt,
2582 2456 2761 2525 palam
2797 2457 2941 2511 enim
2982 2459 3157 2512 oculis
3182 2458 3463 2514 videbunt.
3498 2480 3518 2512 ι

1945 2541 2062 2596 Dici
2090 2558 2254 2612 porro
2285 2543 2340 2597 in
2368 2544 2455 2599 his
2484 2545 2856 2613 speculatores
2879 2546 3154 2612 videntur,
3182 2549 3524 2604 sacrosancti

1946 2633 2249 2690 Salvatoris
2285 2636 2460 2690 nostri
2492 2636 2748 2706 apostoli,
2789 2639 2882 2708 qui
2915 2639 3094 2708 palam
3127 2639 3303 2696 oculis
3340 2639 3523 2695 intuiti

1944 2743 2091 2796 eum,
2122 2727 2188 2782 de
2212 2743 2323 2798 quo
2357 2731 2634 2800 propheta:
2676 2731 3060 2800 loquebantur,
3099 2731 3412 2786 extulerunt
3435 2746 3526 2786 vo-

1944 2835 2062 2875 cem
2109 2835 2265 2875 suam
2295 2821 2350 2874 in
2383 2828 2557 2876 totum
2590 2828 2860 2876 terrarum
2899 2822 3107 2887 orbem,
3144 2822 3294 2876 illum
3339 2822 3521 2892 ipsum

1943 2913 2320 2983 praedicantes.
2353 2914 2529 2983 Ipsam
2562 2928 2692 2968 vero
2727 2911 2860 2968 Sion
2887 2927 2951 2968 ac
2979 2912 3282 2969 Jerusalem
3317 2927 3438 2983 quae
3464 2913 3522 2968 in

1944 3005 2080 3059 locis
2106 3004 2532 3076 evangelizatur,
2558 3005 2613 3059 in
2635 3005 2776 3060 caelo
2807 3005 3027 3076 agnovit
3055 3007 3171 3076 ipse
3200 3005 3518 3076 Apostolus,

1945 3091 2055 3147 illis
2102 3092 2284 3147 verbis
2323 3111 2336 3146 :
2390 3109 2410 3143 ι
2471 3091 2734 3163 Superior
2781 3103 2961 3149 autem
2999 3093 3302 3150 Jerusalem
3347 3095 3520 3150 libera

1938 3191 2043 3249 est,
2062 3198 2184 3254 qua:
2201 3192 2285 3240 est
2305 3191 2477 3239 mater
2489 3193 2678 3239 nostra
2693 3185 2758 3252 ’⁸,
2771 3203 2791 3236 ι
2813 3196 2866 3241 et
2887 3204 2900 3240 :
2925 3185 3278 3243 «Accessistis
3294 3186 3362 3242 ad
3387 3185 3522 3243 Sion

1937 3283 2178 3332 montem
2194 3285 2247 3332 et
2267 3277 2336 3331 ad
2357 3277 2632 3333 civitatem
2659 3276 2754 3334 Dei
2774 3279 3006 3334 viventis
3026 3278 3327 3340 Jerusalem
3356 3280 3521 3336 caele-

1938 3378 2074 3424 stem
2085 3381 2158 3431 ,et
2169 3369 2460 3424 multorum
2476 3369 2707 3423 millium
2722 3370 3036 3441 angelorum
3051 3372 3480 3441 frequentiam".
3493 3389 3514 3424 ι

1938 3463 2052 3518 Dici
2073 3479 2201 3518 vero
2219 3462 2349 3517 Sion
2374 3463 2573 3533 poterit
2593 3463 2754 3518 etiam
2781 3478 2868 3529 ea,
2885 3479 3008 3534 quae
3042 3463 3100 3518 in
3129 3479 3345 3520 omnem
3358 3474 3520 3520 terra:

1937 3557 2140 3618 locum,
2177 3570 2271 3624 per
2300 3551 2578 3609 Christum
2597 3553 2896 3608 constituta
2915 3562 3000 3610 est
3024 3553 3290 3619 Ecclesia,
3326 3571 3518 3625 quem-

1938 3647 2228 3700 admodum
2258 3644 2560 3701 Jerusalem
2593 3660 2754 3700 omne
2782 3646 2929 3715 pium
2945 3645 3335 3715 acreligiosum
3357 3647 3518 3701 civile

1938 3737 2267 3801 institutum,
2289 3737 2434 3808 quod
2451 3751 2573 3790 cum
2599 3735 2742 3807 apud
2761 3737 2907 3790 solos
2925 3744 3136 3791 veteres
3153 3735 3368 3791 Judaeos
3383 3736 3515 3792 olim

1936 3830 2245 3895 exsisteret,
2261 3829 2314 3883 in
2342 3828 2691 3884 solitudinem
2713 3835 2933 3899 propter
2946 3827 3189 3898 ipsorum
3207 3828 3514 3898 impietates

1936 3937 2262 3978 conversum
2295 3931 2399 3988 est,
2433 3921 2631 3976 deinde
2658 3936 2854 3976 rursus
2883 3920 3294 3976 renovationem
3320 3922 3374 3976 in
3405 3936 3516 3976 me-

1935 4015 2044 4070 lius
2085 4023 2442 4071 consecutum
2473 4023 2596 4080 est,
2629 4029 2729 4085 per
2766 4013 2971 4070 Christi
3012 4012 3310 4070 Salvatoris
3338 4014 3515 4070 nostri

1937 4106 2248 4163 adventum.
2271 4107 2431 4177 305
2449 4107 2789 4177 Quapropter
2817 4106 2894 4160 ait
2912 4107 3196 4178 prophetia
3231 4125 3244 4162 :
3275 4124 3294 4159 ι
3322 4105 3516 4162 Erum-

1933 4205 2066 4270 pant
2097 4199 2331 4253 lastitiam
2357 4199 2518 4255 simul
2547 4199 2760 4254 deserta
2775 4197 3098 4266 Jerusalem,
3125 4199 3384 4268 quoniam
3411 4201 3512 4254 mi-

1936 4299 2147 4348 seratus
2165 4300 2250 4346 est
2271 4291 2532 4349 Dominus
2554 4293 2749 4362 ipsam,
2781 4301 2835 4348 et
2849 4292 3098 4347 liberavit
3120 4289 3420 4347 Jerusalem
3441 4331 3456 4345 .
3484 4311 3506 4346 ι

1934 4383 2222 4450 Caeterum,
2243 4398 2516 4454 nusquam
2538 4398 2671 4438 sane
2703 4384 2946 4450 aberres,
2977 4383 3026 4438 si
3077 4382 3511 4452 uniuscujusque

1935 4474 2038 4530 viri
2071 4475 2246 4530 sancti
2272 4473 2491 4543 Deoque
2518 4473 2677 4527 amici
2703 4472 2961 4536 animam,
2985 4482 3256 4542 quatenus
3289 4472 3508 4542 quidem

1935 4582 2103 4636 supra
2156 4566 2297 4621 hanc
2326 4566 2492 4619 vitam
2537 4566 2681 4619 elata
2735 4571 2839 4628 est,
2895 4567 3095 4634 quippe
3137 4579 3260 4618 cum
3294 4564 3348 4617 in
3366 4564 3508 4619 coelo

1935 4671 2094 4712 suum
2121 4656 2213 4726 jus
2243 4655 2481 4710 civitatis
2505 4655 2723 4721 habeat,
2751 4655 3252 4724 contempleturque
3286 4668 3349 4708 ea
3385 4668 3507 4724 quae

1935 4750 2056 4821 ipso
2081 4749 2284 4804 mundo
2310 4756 2436 4805 sunt
2467 4747 2772 4817 superiora,
2809 4746 2942 4801 Sion
2991 4746 3243 4802 nomines
3264 4749 3411 4819 (nam
3439 4764 3506 4804 ex

1938 4845 2384 4917 interpretatione
2432 4843 2836 4912 speculator-ium
2877 4842 3200 4912 signiﬁcat);
3237 4851 3506 4912 quatenus

1937 4949 2118 4994 autem
2143 4940 2197 4994 in
2228 4939 2371 4994 bono
2399 4945 2546 4993 statu
2571 4945 2626 4992 et
2666 4937 2851 5007 quiete
2879 4935 3345 5005 perturbationum
3373 4949 3507 4989 con-

1935 5031 2126 5086 stituta
2189 5039 2314 5095 est,
2361 5028 2665 5084 Jerusalem
2725 5026 2970 5082 eamdem
3033 5026 3292 5096 appelles.
3369 5023 3505 5080 Illud

1935 5121 2080 5175 enim
2121 5136 2318 5176 nomen
2345 5131 2708 5184 lconversum,
2750 5118 3003 5172 visionem
3035 5117 3180 5185 pacis
3207 5115 3501 5189 signiﬁcat.

1933 5208 2134 5264 Ordine
2167 5209 2395 5279 posthac
2423 5207 2518 5263 Dei
2565 5207 2634 5260 ad
2685 5220 2868 5262 veram
2922 5205 3236 5274 religionem
3288 5204 3504 5260 vocalia

1936 5303 2198 5373 gentium,
2229 5301 2638 5358 evidentissime
2669 5297 2979 5354 declaratur
2998 5297 3109 5351 illis
3129 5295 3306 5350 verbis
3333 5310 3345 5346 :
3388 5313 3408 5346 ι
3436 5292 3502 5347 Ει

1934 5396 2197 5451 revelabit
2231 5393 2495 5450 Dominus
2529 5393 2672 5448 Deus
2699 5390 2982 5446 brachium
3017 5396 3265 5444 sanctum
3312 5403 3499 5452 suum,

1934 5486 1992 5539 in
2021 5494 2315 5554 conspectu
2349 5484 2592 5538 omnium
2624 5482 2885 5552 gentium,
2920 5485 2974 5533 et
3025 5478 3284 5532 videbunt
3309 5491 3500 5532 omnes

1936 5577 2070 5636 lines
2124 5585 2284 5634 terra:
2340 5578 2574 5634 salutem
2606 5589 2635 5629 a
2669 5573 2778 5631 Deo
2834 5580 3049 5629 nostro.
3088 5591 3108 5623 ι
3161 5570 3334 5626 Porro
3375 5569 3503 5623 bra—
