3902 6264
495 273 602 330 483

1167 273 1434 330 EUSEBII
1462 270 1938 333 CXESARIENSIS
1975 271 2131 333 OPP.
2158 272 2356 332 PARS.
2397 273 2463 332 11.
2504 309 2576 320 -
2611 275 3108 334 APOLOGETICA.
3613 287 3699 345 ιω

494 396 679 450 chium
721 391 816 452 Dei
849 396 1162 466 neutiquam
1223 396 1372 450 aliud
1426 411 1549 452 esse
1600 396 1883 454 arbitreris
1905 411 2065 468 quam

2172 397 2348 462 πτίοις
2376 397 2636 464 δουλείας.
2669 400 2838 453 Αὑτὸν
2867 399 2929 470 δὴ
2963 399 3166 452 ἐκεῖνον
3214 398 3304 452 τὸν
3354 399 3589 472 βραχίονα
3622 411 3698 464 cui

494 485 733 544 Verbum
755 498 810 546 et
841 489 1197 560 Sapientiam,
1227 495 1281 545 et
1309 489 1484 559 ipsum
1515 489 1825 555 Dominum,
1861 491 1955 561 qui
1985 500 2070 546 est

493 581 749 637 Christus
783 581 898 637 Dei.
932 580 1047 636 Hoc
1075 581 1218 636 enim
1245 596 1310 636 ex
1347 581 1535 636 multis
1583 581 1874 638 ostendere
1907 582 2067 638 facile

491 681 598 730 est.
628 671 804 728 Habes
827 681 1085 742 praeterea
1111 671 1164 724 in
1196 669 1410 734 Exodo,
1444 669 1607 726 Israel
1642 671 1709 724 ab
1742 668 2064 742 Egyptiaca

493 764 756 820 servitute
784 764 1078 818 liberatum
1109 763 1338 818 brachio
1372 761 1486 817 Dei.
1525 760 1704 833 Ipsum
1739 763 1904 832 igitur
1931 762 2065 816 illud

490 852 776 908 brachium
808 851 941 914 Dei,
976 851 1120 922 quod
1165 853 1336 906 veteri
1380 852 1579 922 populo
1610 852 1838 906 salutem
1890 852 2064 906 mani-

491 943 788 1000 festissime
813 944 1012 1009 attulit,
1041 944 1296 999 omnibus
1319 944 1569 1014 gentibus
1599 943 1948 1013 aperiendum
2002 957 2066 996 ac

492 1035 874 1109 detegendum,
913 1044 1174 1106 tanquam
1208 1036 1260 1090 id
1284 1035 1429 1105 quod
1483 1037 1634 1105 prius
1664 1036 1939 1089 occultum
1973 1050 2064 1090 es-

2171 485 2305 541 Θεοῦ
2351 488 2444 542 τὸν
2489 489 2831 558 ἀναφανέντα
2854 487 3074 558 σωτῆρα
3103 487 3196 540 τοῦ
3241 487 3404 542 πάλαι
3445 489 3562 546 λαοῦ
3591 497 3699 550 πᾶσι

2169 583 2282 645 τοῖς
2311 580 2519 634 ἔθνεσιν
2547 580 3114 652 ἁποκαλυφθήσεσθαι,
3131 580 3205 644 ὡς
3228 579 3292 634 ἂν
3315 579 3375 633 τὸ
3404 582 3525 654 πρὶν
3550 587 3701 641 ἐπικε-

2171 673 2507 745 κρυμμένον,
2550 672 2584 745 ἡ
2619 658 3155 744 παροῦσασημοιίνει
3190 674 3504 744 προφητεία.
3535 677 3629 749 Τήν
3655 680 3700 734 δὲ

2173 765 2473 837 σωτηρίαν,
2500 765 2566 835 ἦν
2615 781 2778 836 φησιν
2832 785 2850 816 ι
2879 761 3105 834 ὄψεσθαι
3153 765 3330 818 πάντα
3361 765 3426 818 τὰ
3457 767 3586 840 ἄκρα
3624 773 3701 841 τῆς

2170 856 2292 927 γῆς,
2324 874 2342 906 ι
2367 855 2460 909 καὶ
2488 855 2554 925 ἢν
2575 856 2845 927 ’ἀνώτερον
2875 852 3056 927 ἐδήλου
3091 855 3284 925 λέγων,
3306 857 3383 908 ὅτι
3401 867 3423 901 ί
3444 856 3700 933 Ἀκουστὴν

2172 948 2384 1018 ποιήσω
2407 946 2505 1018 τὴν
2532 947 2804 1018 σωτηρίαν
2839 965 2953 1011 σου,
2989 967 3007 999 ι
3043 947 3151 1000 ίσθι
3187 951 3254 1019 τῇ
3297 947 3545 1019 Ἐϐραίων
3575 957 3698 1026 φωνῇ

2171 1032 2250 1107 τῷ
2270 1037 2362 1090 τοῦ
2397 1036 2568 1108 Ἰησοῦ
2593 1038 2816 1110 ὀνόματι
2841 1039 3356 1110 προσαγορεύεσθαι.

493 1135 620 1194 set,
687 1143 931 1199 praesens
961 1129 1242 1200 prophetia
1287 1127 1574 1198 signiﬁcat.
1629 1126 1868 1181 Salutem
1908 1143 2038 1182 vero
2085 1143 2249 1198 quam
2283 1131 2415 1187 dicit
2466 1133 2726 1188 «visuros
2779 1146 2968 1186 omnes
3012 1141 3172 1187 terrae
3207 1133 3361 1195 ﬁnes,
3387 1153 3406 1186 ι
3471 1142 3520 1189 et
3566 1150 3696 1204 quam

489 1223 746 1295 superius
785 1223 1046 1280 indicavit
1089 1239 1212 1278 cum
1259 1223 1399 1277 dixit
1434 1237 1448 1275 :
1490 1240 1509 1272 ι
1543 1222 1795 1276 Auditam
1850 1221 2044 1276 faciam
2086 1224 2316 1281 salutem
2350 1235 2520 1294 tuam,
2551 1245 2572 1279 ι
2603 1228 2710 1283 cito
2741 1227 2884 1298 apud
2913 1226 3167 1283 Hebraeos
3199 1229 3314 1299 ipso
3347 1227 3500 1286 Jesus
3519 1229 3702 1286 nomine

487 1319 772 1392 appellari.

1052 1434 1280 1492 CAPUT
1335 1433 1498 1492 XXV.

487 1549 570 1606 Ab
594 1550 796 1606 eodem.
831 1582 897 1595 -—
934 1551 1087 1617 Quod
1130 1567 1314 1604 rursus
1365 1551 1622 1604 Dominus
1656 1589 1670 1611 ,
1697 1550 1869 1617 ipsum
1911 1548 2065 1616 plane

567 1621 667 1675 Dei
701 1621 944 1686 Verbum,
973 1632 1215 1676 uenturus
1245 1631 1292 1676 et
1321 1631 1494 1692 gentes
1531 1630 1942 1690 congregaturus
1973 1635 2064 1672 ca-

559 1701 789 1746 tueretur.

2671 1434 3068 1488 ΚΕΦΑΛΑΙΟΝ
3106 1436 3234 1491 ΚΕ’.

2185 1547 2326 1602 Ἀπὸ
2353 1547 2458 1602 τοῦ
2488 1547 2693 1620 αὑτοῦ.
2727 1549 2903 1614 -Ὡς
2930 1545 3101 1620 αὖθις
3125 1551 3361 1620 Κύριος,
3389 1555 3421 1608 ὁ
3447 1555 3544 1608 τοῦ
3582 1559 3700 1614 Θεοῦ

2242 1618 2829 1749 ἓέτγτζοεὲαῗρχόμενος,
2875 1619 2974 1672 καὶ
3016 1618 3089 1674 τὰ
3138 1618 3283 1691 ἔθνη
3333 1624 3603 1690 συνάξειν
3631 1634 3700 1685 θο-

561 1801 583 1835 ι
607 1782 746 1839 Ecce
769 1781 1035 1838 Dominus
1063 1792 1122 1837 ut
1155 1782 1296 1853 ignis
1311 1783 1510 1847 veniet,
1545 1791 1598 1839 et
1617 1781 1759 1840 sicut
1778 1756 2065 1850 tempestas

2248 1797 2266 1829 ι
2292 1777 2417 1832 Ἰδοὺ
2451 1777 2655 1850 Κύριος
2703 1777 2777 1842 ὡς
2814 1777 2926 1850 πῦρ
2968 1778 3109 1850 ἥξει,
3139 1780 3231 1834 καί⁸
3278 1781 3356 1846 ὡς
3396 1787 3625 1854 καταιγὶς
3648 1787 3700 1843 τὰ

486 1889 688 1931 currus
702 1875 820 1945 ejus
846 1877 913 1938 ’⁸,
943 1894 962 1926 ι
983 1883 1037 1930 et
1054 1890 1172 1944 qum
1197 1882 1520 1944 sequuntur.
1552 1891 1571 1925 ι
1603 1873 1746 1927 Dixit
1773 1871 2061 1926 Dominus:

491 1963 559 2019 Et
587 1979 690 2036 ego
717 1981 881 2035 opera
915 1979 1106 2019 eorum
1155 1971 1210 2018 et
1248 1964 1632 2034 cogitationem
1692 1977 1879 2017 eorum
1929 1962 2063 2025 scio,

485 2067 541 2114 et
574 2075 674 2130 ego
704 2059 864 2112 venio
907 2071 1240 2126 congregare
1284 2070 1476 2111 omnes
1527 2061 1715 2125 gentes
1746 2062 1800 2108 et
1829 2052 2065 2122 linguas,

484 2159 541 2206 et
563 2149 781 2205 venient
807 2156 863 2203 et
891 2148 1154 2203 videbunt
1177 2145 1406 2216 gloriam
1441 2160 1615 2200 meam
1638 2184 1654 2210 ,
1681 2151 1735 2199 et
1761 2145 2065 2214 relinquam

483 2242 568 2298 eis
589 2241 829 2312 signum,
860 2247 914 2295 et
943 2240 1186 2295 emittam
1206 2254 1274 2294 ex
1300 2237 1384 2293 eis
1407 2236 1502 2306 qui
1537 2236 1730 2291 salvati
1763 2234 1967 2290 fuerint
1998 2234 2065 2288 ad

482 2341 698 2404 gentes,
729 2331 892 2403 306
929 2331 984 2385 in
1020 2329 1269 2394 Tharsis,
1295 2335 1350 2384 et
1398 2325 1579 2390 Phud,
1615 2335 1670 2382 et
1698 2325 1837 2390 Lud,
1868 2333 1923 2381 et
1951 2325 2064 2379 Mo-

485 2422 642 2485 soch,
673 2429 728 2477 et
754 2419 982 2483 Thobel,
1037 2428 1093 2477 et
1137 2420 1194 2474 in
1227 2418 1514 2483 Graeciam,
1555 2425 1610 2472 et
1642 2415 1707 2470 ad
1739 2416 1947 2471 insulas
1976 2431 2064 2470 re-

483 2520 687 2577 motas,
721 2511 784 2566 ad
827 2525 924 2566 eos
970 2511 1066 2582 qui
1109 2525 1220 2565 non
1265 2508 1564 2564 audierunt
1615 2521 1814 2561 nomen
1865 2521 2064 2568 meum,

483 2618 661 2673 neque
690 2601 943 2658 viderunt
975 2616 1153 2656 meam
1200 2600 1456 2672 gloriam,
1489 2606 1544 2654 et
1577 2597 1922 2652 nuntiabunt
1947 2610 2066 2649 mea

483 2709 649 2764 opera
707 2694 760 2749 in
825 2693 1079 2766 gentibus
1099 2694 1216 2746 ⁸³.»
1274 2691 1602 2746 Planissime
1666 2691 1831 2746 etiam
1870 2689 1927 2743 in
1980 2688 2066 2742 his

483 2784 704 2842 Domini
763 2786 1033 2841 adventus
1067 2785 1134 2839 ad
1178 2785 1432 2840 homines
1477 2782 1790 2848 indicatur;
1838 2789 1892 2836 et
1932 2795 2070 2850 quo—

484 2879 632 2934 niam
664 2877 754 2932 hic
779 2877 986 2933 dictum
1011 2884 1118 2941 est,
1141 2877 1295 2931 illum
1316 2882 1378 2930 ut
1397 2875 1576 2946 ignem
1615 2883 1932 2936 venturum,
1954 2888 2068 2928 me-

482 2968 591 3023 rito
622 2967 874 3021 Salvator
927 2973 1116 3022 noster
1149 2965 1272 3019 ait:
1314 2965 1544 3035 «Ignem
1597 2965 1720 3020 veni
1765 2964 1981 3020 mittere
2009 2963 2066 3016 in

483 3066 712 3121 terram,
742 3064 798 3112 et
820 3056 953 3127 quid
981 3057 1106 3113 volo
1137 3059 1183 3111 si
1205 3055 1317 3126 jam
1349 3069 1616 3110 accensus
1652 3061 1736 3110 est
1762 3055 1841 3127 ³⁸3
1872 3073 1891 3107 ι
1929 3054 2065 3108 Cur-

485 3163 584 3202 rus
614 3161 746 3202 vero
787 3124 929 3216 ejus,
960 3124 1228 3216 stipantes
1280 3143 1462 3214 ipsum
1516 3143 1728 3202 divinas
1768 3124 2065 3216 potestates
2091 3125 2137 3187 C

485 3239 959 3310 inservientesque
1017 3237 1126 3310 ipsi
1177 3247 1401 3294 sanctos
1456 3235 1680 3307 angelos
1712 3275 1728 3300 ,
1783 3234 2066 3292 commode

484 3330 713 3397 dixeris,
763 3331 832 3387 de
856 3331 1056 3402 quibus
1087 3329 1224 3385 illud
1254 3330 1462 3386 dictum
1508 3337 1630 3386 est:
1675 3347 1695 3382 ι
1727 3328 1794 3382 Ει
1825 3342 2068 3386 accesse-

484 3430 616 3479 runt
663 3423 840 3495 angeli
885 3431 942 3479 et
994 3422 1384 3479 ministrabant
1416 3422 1466 3478 ei
1497 3421 1564 3489 ³¹,
1597 3441 1616 3473 ι
1659 3429 1880 3478 sanctos
1934 3421 2064 3475 item

483 3515 732 3583 ejusdem
763 3513 1040 3585 apostolos
1075 3528 1141 3568 ac
1174 3513 1498 3584 discipulos,
1531 3513 1731 3583 quibus
1783 3513 2064 3568 invectum

485 3605 671 3662 divina
691 3612 854 3676 atque
883 3604 1143 3660 invisibili
1175 3604 1378 3659 virtute
1411 3603 1507 3660 Dei
1552 3602 1819 3669 Verbum,
1842 3618 2061 3658 omnem

483 3699 782 3770 permeavit
805 3706 1077 3752 terrarum
1109 3697 1318 3752 orbem.
1353 3695 1539 3752 Potest
1570 3697 1732 3752 etiam
1766 3697 1923 3750 aliter
1956 3695 2067 3749 dici

484 3790 556 3845 ad
575 3791 800 3846 verbum
825 3807 842 3844 :
869 3788 1049 3860 Ignem
1079 3796 1133 3844 et
1169 3804 1368 3843 currus
1397 3803 1503 3842 una
1533 3803 1658 3842 cum
1677 3789 1797 3858 ejus
1831 3788 2066 3842 adventu

484 3883 818 3946 denuntiari,
865 3890 1088 3952 propter
1122 3896 1278 3946 eam,
1313 3897 1436 3951 qua:
1489 3880 1790 3937 Jerusalem
1843 3895 2068 3950 oppres-

485 3975 582 4038 sit,
611 3974 950 4030 obsidionem
980 3982 1104 4044 post
1156 3971 1457 4028 Salvatoris
1512 3973 1688 4028 nastri
1731 3972 2062 4028 adventum:

487 4074 614 4137 post
646 4081 808 4136 quem
857 4065 999 4120 haud
1051 4065 1248 4128 multo,
1310 4067 1570 4135 templum
1621 4064 1840 4135 quidem
1889 4064 2067 4134 ipsum

487 4157 615 4228 igne
657 4158 941 4213 incensum
985 4163 1091 4220 est,
1117 4163 1172 4210 et
1199 4163 1502 4212 extremam
1547 4157 1772 4227 pertulit
1800 4155 2068 4210 vastatio-

489 4263 636 4304 nem.
678 4246 822 4304 Urbs
856 4262 985 4304 vero
1010 4247 1348 4303 circumdata
1409 4257 1494 4303 est
1533 4247 1789 4302 curribus
1829 4255 1882 4302 et
1910 4261 2069 4302 exer-

487 4337 690 4394 citibus
709 4337 953 4405 bellicis;
985 4345 1111 4410 post
1148 4351 1312 4407 quem
1345 4352 1538 4391 casum
1559 4337 1722 4391 etiam
1747 4351 1810 4390 ea
1845 4350 1965 4405 qua:
1999 4333 2067 4388 de

2165 1869 2386 1942 ἅρματα
2422 1871 2620 1924 αὐτοῦ’
2660 1891 2678 1924 ι
2717 1871 2812 1925 καὶ
2861 1871 3023 1941 ἐξῆςο
3084 1892 3102 1924 ι
3132 1869 3267 1927 Είπε
3310 1876 3532 1949 Κύριος·
3565 1877 3700 1950 Κάγὼ

2164 1961 2232 2014 τὰ
2261 1961 2396 2034 ἔργα
2429 1961 2608 2015 αὐτῶν
2662 1964 2752 2017 καὶ
2789 1961 2880 2015 τὸν
2927 1961 3183 2036 λογισμὸν
3213 1967 3394 2021 αὐτῶν
3423 1969 3699 2041 ἐπίσταμαι,

2165 2053 2260 2107 καὶ
2284 2053 2512 2125 ἔρχομαι
2539 2057 2860 2122 συναγαγεῖν
2883 2056 3059 2110 πάντα
3082 2055 3151 2109 τὰ
3175 2056 3302 2128 ἔθνη
3333 2059 3426 2112 καὶ
3450 2059 3541 2124 τὰς
3561 2061 3703 2129 γλώσ·

2168 2161 2284 2208 σας,
2326 2144 2421 2198 καὶ
2455 2145 2665 2214 ἥξουσι,
2709 2146 2802 2198 καὶ
2848 2145 3069 2217 ὄψονται
3121 2149 3218 2220 τὴν
3269 2149 3430 2215 δόξαν
3478 2169 3586 2221 μου.
3616 2152 3702 2206 Καὶ

2167 2235 2472 2305 καταλείψω
2528 2238 2611 2290 ἐπ’
2645 2237 2823 2290 αὐτῶν
2878 2241 3122 2309 σημεῖον,
3160 2239 3254 2293 καὶ
3294 2240 3617 2307 ἐξαποστελῶ
3656 2243 3703 2307 ἐξ

2165 2327 2343 2405 αὐτῶν
2389 2327 2762 2398 σεσωσμένους
2809 2331 2890 2394 είς
2935 2329 3003 2383 τὰ
3047 2329 3195 2401 ἔθνη,
3230 2333 3311 2396 εἰς
3361 2332 3585 2404 Θαρσὴς.
3629 2336 3704 2387 κεί

2164 2419 2318 2483 Φοὺδ,
2355 2421 2447 2473 καὶ
2477 2420 2635 2483 Λοὺδ,
2664 2422 2758 2474 καὶ
2797 2422 3002 2493 Μοσὸχ,
3029 2422 3123 2475 καὶ
3147 2423 3336 2488 Θοὸὲλ,
3379 2426 3456 2488 εἰς
3487 2425 3575 2495 τήν
3607 2425 3700 2476 Ἐλ·

2165 2511 2321 2574 λάδα,
2354 2511 2446 2564 καὶ
2475 2513 2556 2574 εἰς
2588 2513 2686 2574 τὰς
2713 2515 2909 2584 νήσους
2941 2514 3037 2577 τὰς
3063 2515 3273 2586 πόρρω,
3302 2516 3353 2568 οἳ
3382 2516 3476 2568 οὐκ
3505 2517 3705 2587 ήκουσάν

2170 2619 2270 2672 μου
2304 2603 2364 2655 τὸ
2402 2603 2591 2672 ὄνομα,
2622 2603 2736 2656 οὗθ’
2771 2605 3045 2676 ἐωράκασί
3080 2623 3178 2676 μου
3205 2607 3302 2677 τὴν
3329 2607 3503 2672 δόξαν,
3533 2609 3615 2661 καὶ
3635 2607 3706 2660 εὑ-

2164 2691 2456 2762 αγγελοῦσί
2494 2710 2594 2764 μου
2637 2695 2707 2747 τὰ
2748 2694 2886 2766 ἔργα
2937 2697 2994 2748 ἐν
3028 2699 3138 2761 τοῖς
3170 2696 3399 2752 ἔθνεσιν.
3427 2699 3704 2770 »Ἃντικρνς

2165 2787 2259 2839 καὶ
2287 2787 2343 2838 ἐν
2374 2785 2582 2850 τούτοις
2615 2787 2648 2858 ἡ
2675 2786 2768 2840 τοῦ
2791 2786 2990 2859 Κυρίου
3017 2790 3095 2852 είς
3126 2787 3448 2862 ἀνθρώπους
3476 2787 3705 2860 παρουσία

2165 2877 2437 2950 δηλοῦται.
2474 2878 2586 2934 Καὶ
2618 2879 2916 2950 ἐπειδήπερ
2947 2878 3183 2952 εἴρηται,
3212 2880 3287 2944 ὡς
3318 2881 3431 2953 πῦρ
3463 2880 3616 2951 ἥξειν,
3643 2880 3704 2931 εἰ·

2167 2969 2341 3033 κότως
2371 2970 2534 3042 φησὶν
2563 2971 2592 3022 ὁ
2619 2970 2810 3043 Σωτήρ
2843 2972 2998 3042 ἡμῶν
3017 2987 3032 3002 ο
3067 2991 3085 3024 ‹
3112 2971 3233 3045 Πῦρ
3255 2968 3423 3044 ἦλθον
3451 2972 3612 3044 βαλεῖν
3630 2972 3705 3024 ἐπὶ

2165 3060 2264 3133 τὴν
2301 3062 2422 3133 γῆν,
2453 3062 2548 3116 καὶ
2578 3062 2630 3115 τί
2679 3062 2817 3116 θέλω
2845 3065 2893 3116 εί
2917 3063 3015 3136 ήδη
3063 3064 3312 3135 ἀνήφθη;
3353 3085 3372 3118 ι
3399 3064 3634 3137 ’Ἄρματα
3661 3063 3707 3118 δὲ

2167 3152 2330 3206 αὐτοῦ
2379 3152 2478 3216 τὰς
2524 3153 2926 3226 δορυφορούσας
2973 3153 3134 3207 αὐτὸν
3162 3154 3314 3217 Θείας
3345 3155 3602 3226 δυνάμεις,
3631 3154 3708 3207 καὶ

2165 3244 2291 3308 τοὺς
2321 3243 2851 3315 ἐξυπηρετουμένους
2884 3242 3030 3315 αὐτῷ
3062 3245 3239 3316 ἱεροὺς
3261 3245 3539 3313 ἀγγέλους,
3565 3243 3707 3305 εἴποις

2165 3335 2252 3402 ἂν,
2285 3337 2415 3409 περὶ
2449 3331 2524 3390 ὧν
2557 3337 2772 3407 εἴρηται
2796 3352 2808 3365 ·
2847 3354 2866 3386 ι
2898 3337 3007 3390 Καὶ
3040 3336 3347 3409 προσῆλθον
3379 3337 3601 3406 ἄγγελοι,
3633 3333 3706 3386 καὶ

2164 3425 2443 3498 διηκόνουν
2486 3425 2662 3496 αὐτῷ’
2703 3426 2800 3478 καὶ
2840 3427 2966 3490 τοὺς
3007 3427 3184 3498 ἱεροὺς
3207 3427 3538 3491 ἀποστόλους
3565 3421 3702 3479 αὐτοῦ

2166 3518 2259 3571 καὶ
2289 3516 2556 3589 μαθητὰς,
2593 3511 2674 3580 οἷς
2705 3517 3066 3588 ἐποχούμενος
3093 3517 3261 3588 ἐνθέῳ
3293 3521 3387 3574 καὶ
3413 3520 3610 3591 ἀοράτῳ
3635 3518 3707 3570 δυ-

2165 3609 2326 3680 νάμει
2349 3612 2377 3663 ὁ
2403 3608 2497 3662 τοῦ
2530 3608 2664 3662 Θεοῦ
2693 3608 2888 3677 Λόγος,
2917 3609 3014 3681 τὴν
3047 3611 3226 3664 πᾶσαν
3254 3609 3535 3684 διέδραμεν
3560 3613 3706 3663 οἰκου-

2170 3701 2357 3772 μένην.
2394 3702 2619 3770 Λέγοιτο
2644 3701 2690 3754 δ’
2712 3702 2776 3755 ἂν
2807 3703 2901 3755 καὶ
2931 3702 3104 3766 ἄλλως
3137 3703 3274 3775 πρὸς
3300 3704 3445 3771 λέξιν
3465 3721 3476 3732 ·
3505 3703 3610 3774 Πῦρ
3634 3701 3708 3754 καὶ

2168 3790 2390 3861 ἅρματα
2426 3790 2886 3860 καταγγέλλεσθαι
2915 3793 3010 3845 σὺν
3053 3795 3120 3865 τῇ
3163 3793 3330 3846 αὑτοῦ
3359 3793 3617 3866 παρουσίᾳ
3639 3789 3709 3842 διὰ

2125 3955 2128 3958 γ
2166 3882 2262 3954 τὴν
2291 3883 2698 3937 καταλαϐοῦσαν
2729 3883 3044 3954 πολιορκίαν
3075 3885 3174 3957 τὴν
3217 3885 3565 3958 Ἰερουσαλήμ
3597 3882 3710 3954 μετὰ

2166 3974 2265 4040 τὴν
2296 3976 2354 4040 ἐς
2382 3977 2530 4046 ἡμᾶς
2568 3974 2769 4045 ἄφιξιν,
2803 3976 2922 4046 μεθ’
2952 3977 3018 4048 ἣν
3052 3978 3154 4032 οὐκ
3192 3979 3273 4043 εἰς
3322 3979 3533 4050 μακρὰν
3569 3979 3594 4030 ὁ
3628 3974 3707 4044 μὲν

2166 4065 2300 4130 νεὼς
2329 4067 2490 4132 αὐτὸς
2515 4069 2891 4139 ἐπυρπολεῖτο,
2929 4069 3022 4122 καὶ
3053 4069 3152 4142 τὴν
3191 4071 3428 4143 ἐσχάτην
3458 4069 3709 4139 ὑπέμεινεν

2167 4159 2421 4230 ἐρημίαν,
2440 4162 2473 4230 ή
2499 4160 2555 4213 δὲ
2581 4160 2732 4223 πόλις
2755 4158 3036 4230 ἐκυκλώθη
3060 4160 3165 4213 ὑπὸ
3186 4161 3448 4232 ἁρμάτων
3469 4162 3556 4214 καὶ
3576 4173 3710 4228 στρα.

2165 4251 2401 4305 τοπέδων
2435 4252 2762 4324 πολεμικῶν,
2786 4250 2902 4322 μεθ’
2920 4250 2955 4305 ἃ
2977 4253 3070 4306 καὶ
3099 4253 3226 4324 περὶ
3246 4252 3357 4306 τῶν
3383 4253 3544 4306 ἐθνῶν
3565 4251 3713 4305 ἁπάν-

2168 4362 2274 4398 των
2318 4346 2734 4418 προηγγελμένα
2765 4345 3069 4417 συμφώνως
3115 4347 3181 4416 τῇ
3226 4345 3526 4418 προφητείᾳ
3555 4343 3708 4404 τέλους

487 4429 972 4500 cunctisgentibus
1012 4429 1272 4502 praedicta
1320 4429 1551 4494 fuerant,
1601 4427 1732 4482 huic
1770 4427 2065 4499 prophetiae

2170 4436 2345 4508 ἔτυχε·
2378 4438 2474 4501 Τίς
2505 4438 2550 4490 δ’
2585 4439 2684 4492 οὐκ
2717 4438 2782 4492 ἂν
2816 4437 3146 4508 θαυμάσειεν
3175 4436 3389 4492 ἀκούων
3411 4437 3504 4490 τοῦ
3535 4432 3708 4504 Κυρὶι)

488 4529 921 4578 consentaneum
953 4522 1112 4578 tinem
1165 4521 1359 4577 sortita
1420 4528 1570 4577 sunt.
1618 4520 1908 4582 Caeterum,
1941 4518 2065 4588 quis

2170 4527 2258 4580 διὰ
2301 4525 2395 4580 τοῦ
2446 4529 2723 4599 προφήτου
2755 4526 3034 4596 λέγοντος·
3072 4528 3381 4600 «Ἔρχομαι
3423 4523 3708 4594 συναγαγεῖν

486 4627 604 4671 non
633 4613 932 4669 admiretur
979 4613 1208 4669 audiens
1263 4611 1555 4668 Dominum
1616 4629 1713 4684 per
1745 4613 2065 4685 pr0phetam

489 4703 798 4761 dicentem:
837 4725 856 4759 ‹
895 4705 1066 4762 Venio
1095 4721 1430 4778 congregare
1443 4722 1633 4762 omnes
1664 4713 1851 4777 gentes
1874 4713 1927 4761 et
1958 4706 2064 4759 lin-

489 4813 649 4869 guas,
682 4817 702 4850 ι
736 4813 858 4853 cum
883 4799 1062 4854 videat
1106 4800 1163 4855 in
1194 4802 1344 4856 omni
1378 4841 1394 4864 ,
1427 4813 1766 4870 quaecunque
1793 4799 1861 4852 ab
1889 4798 2068 4851 homi-

489 4889 655 4946 nibus
684 4889 961 4946 habitatur
984 4933 1000 4958 ,
1039 4899 1208 4958 terra,
1240 4908 1339 4964 per
1377 4891 1675 4946 Salvatoris
1733 4890 1906 4944 nostri
1935 4888 2066 4944 Jesu

491 4980 698 5039 Christi
715 4983 1003 5040 adventum
1026 4999 1092 5040 ac
1107 4987 1472 5050 vocationem,
1497 4989 1798 5038 conventus
1825 4985 2068 5055 gentium

493 5072 553 5128 in
575 5073 782 5129 Christi
834 5076 1058 5132 nomine
1106 5077 1396 5141 celebrari,
1447 5077 1772 5147 linguasque
1822 5075 2066 5130 omnium

493 5165 778 5221 nationum
799 5168 948 5223 omni
980 5184 1180 5238 genere
1244 5168 1517 5226 sermonis
1578 5182 1747 5221 unum
1792 5165 1963 5221 Deum
2003 5181 2068 5220 ac:

495 5251 784 5312 Dominum
833 5258 1192 5316 invocantes?
1239 5257 1480 5330 Denique
1529 5265 1656 5330 post
1711 5258 1895 5312 omnia
1955 5257 2069 5311 haec

492 5345 620 5414 quis
649 5348 946 5418 inspiciens
968 5365 1180 5415 omnes,
1212 5350 1528 5421 quicunque
1566 5350 1622 5404 in
1663 5349 1870 5405 Christi
1910 5346 2068 5403 ﬁdem

495 5445 782 5504 venerunt,
813 5438 1042 5492 salutari
1083 5440 1239 5510 signo
1272 5455 1372 5510 pro
1417 5441 1606 5494 annuli
1645 5445 1775 5495 nota
1829 5447 2070 5504 utentes,

494 5530 840 5584 nonmerito
865 5530 1240 5601 obstupescat,
1271 5532 1319 5587 si
1353 5532 1541 5587 audiat
1558 5538 1712 5585 tanto
1749 5531 2069 5600 anteipsum

2173 4618 2349 4671 πάντα
2380 4616 2449 4670 τὰ
2495 4616 2620 4689 ἔθνη
2656 4617 2872 4682 καὶτὰς
2902 4615 3175 4686 γλώσσας,
3209 4636 3229 4670 ι
3280 4616 3424 4689 ὁρῶν
3470 4615 3580 4670 καθ’
3605 4613 3710 4680 ὅλης

2172 4710 2269 4780 τῆς
2311 4709 2419 4763 τῶν
2463 4709 2760 4780 ἀνθρώπων
2799 4708 2903 4779 γῆς
2945 4707 3033 4762 διὰ
3056 4709 3156 4778 τῆς
3182 4707 3276 4762 τοῦ
3307 4706 3553 4778 Σωτῆρος
3581 4701 3710 4773 ήμῶν

2184 4802 2358 4874 Ἰησοῦ
2402 4801 2496 4856 τοῦ
2528 4802 2764 4874 Χριστοῦ
2798 4802 3096 4873 παρουσίας
3125 4818 3185 4853 τε
3233 4799 3329 4853 καὶ
3374 4799 3605 4870 κλήσεως
3630 4792 3710 4853 τὰς

2165 4889 2272 4942 τῶν
2298 4889 2464 4943 ἐθνῶν
2490 4891 2808 4959 συναγωγὰς
2830 4891 2912 4943 ἐπ’
2942 4887 3201 4961 ὀνόματος
3222 4888 3315 4942 τοῦ
3343 4885 3569 4962 Χριστοῦ
3601 4897 3708 4949 συγ-

2167 4979 2571 5050 κροτουμὲνας;
2605 4981 2704 5042 τάς
2745 4998 2803 5033 τε
2844 4980 3095 5050 γλώσσας
3130 4979 3384 5033 ἁπάντων
3428 4977 3530 5031 τῶν
3566 4971 3708 5028 ἐθνῶν

2165 5073 2224 5124 ἐν
2263 5071 2542 5138 παντοίαις
2569 5070 2868 5134 διαλέκτοις
2895 5072 3195 5144 ἀνθρώπων
3223 5071 3314 5124 τὸν
3345 5068 3440 5122 ἕνα
3466 5065 3605 5128 Θεὸν,
3633 5060 3707 5114 καὶ

2165 5161 2370 5234 Κύριον
2393 5161 2860 5232 ἐπικαλουμέναςς
2891 5164 2986 5215 καὶ
3017 5162 3110 5216 ἐπὶ
3143 5163 3276 5217 πᾶσι
3305 5161 3364 5214 δὲ
3397 5159 3613 5220 τούτοις,
3640 5151 3709 5212 τίς

2165 5252 2437 5324 θεώμενος
2481 5252 2560 5322 τῷ
2603 5251 2934 5325 σωτηριώδει
2983 5251 3194 5325 σημείῳ
3235 5251 3445 5314 πάντας
3492 5246 3607 5309 τοὺς
3644 5242 3710 5302 εἰς

2163 5344 2396 5416 Χριστὸν
2427 5346 2857 5410 πεπιστευκότας
2893 5347 3144 5419 σφραγῖδι
3172 5344 3503 5419 χρωμένους,
3529 5339 3616 5393 οὐκ
3656 5333 3710 5387 ἂν

2165 5438 2401 5508 εὐλόγως
2433 5437 2811 5511 καταπλαγείη
2851 5441 3064 5496 ἀκούων
3105 5438 3377 5514 πρόπαλαι
3414 5434 3503 5490 τοῦ
3533 5426 3709 5501 Κυρίου

2165 5529 2478 5602 εἰρηκότοςο
2529 5548 2547 5581 ι
2582 5530 2691 5585 Καὶ
2723 5531 2913 5603 ἥξουσι
2942 5533 3034 5588 καὶ
3062 5532 3279 5604 ὄψονται
3307 5530 3408 5603 τήν
3429 5529 3576 5595 δόξαν
3601 5531 3709 5596 μηυο

567 5679 739 5735 "lsa.
773 5697 918 5748 ιχνι,
957 5683 1038 5738 t5.
1114 5686 1159 5716 ²⁹
1191 5683 1323 5738 ibid.
1360 5683 1445 5751 i8,
1473 5682 1560 5741 l9.
1639 5683 1684 5715 ³⁰
1719 5681 1853 5739 Luc.
1888 5697 1987 5749 xu,
2023 5683 2065 5737 κ

2191 5683 2235 5715 ³³
2290 5682 2477 5739 Matth.
2523 5699 2597 5751 tv,
2622 5684 2708 5740 il.
