3902 6264
516 253 620 309 ὖ87
1188 252 1457 309 EUSEBII
1494 250 1973 312 CESARIENSYS
2011 256 2162 318 OPP.
2196 258 2400 321 PARS.
2440 263 2509 321 ll.
2546 292 2616 312 υ·-
2654 262 3154 325 APOLOGETICA.
3618 279 3703 335 ιεις

526 381 641 438 hac
658 380 892 435 maxima
918 380 1087 451 signa
1108 377 1255 433 illius
1306 376 1573 433 adventus
1598 377 1778 433 futura
1805 397 1818 430 :
1843 385 2067 449 gentiun

2162 434 2165 444 .
2196 402 2288 457 ρια
2313 388 2412 459 τῆς
2435 388 2598 443 αὐτοῦ
2615 387 2924 462 παρουσίας
2955 385 3172 441 ἔσεσθαι
3189 403 3203 417 ο
3232 380 3417 457 κλῆσιν
3442 388 3703 470 ἐπ’ἀναλή-

524 489 622 544 per
649 480 823 528 totum
852 473 1043 526 orbem
1091 469 1156 524 ad
1185 469 1552 538 accipiendam
1592 485 1777 525 veram
1803 470 1897 527 Dei
1938 474 2065 529 noti-

2184 478 2275 545 ψει
2300 481 2399 550 τῆς
2426 481 2657 552 ἀληθοῦς
2686 482 3010 552 θεογνωσίας
3042 481 3149 534 τῶν
3177 480 3277 535 ἀνά
3302 479 3398 553 τὴν
3429 485 3699 561 οἰκουμένης

523 566 677 628 tiam,
719 561 1081 623 vocationem,
1113 567 1170 615 et
1188 557 1433 613 Judaicae
1464 559 1640 630 gentis
1664 568 1883 630 propter
1913 562 2064 618 incre

2185 570 2374 637 ἐθνῶν,
2399 573 2713 626 ἀπόπτωσίν
2749 591 2809 628 τε
2839 575 2933 627 καὶ
2964 571 3197 645 ἐρημίαν
3229 571 3313 626 διά
3336 573 3431 646 τὴν
3471 577 3543 640 είς
3574 557 3705 635 αὑτὸν

518 653 804 709 dulitatem
834 650 885 704 in
919 649 1093 713 illum,
1116 648 1338 702 ruinam
1364 664 1431 704 ac
1465 650 1837 714 solitudinem,
1868 668 1933 706 ex
1956 668 2058 722 pro

2185 662 2441 717 ἀπιστίαν
2486 663 2578 716 τοῦ
2620 665 2884 718 Ἰουδαίων
2934 663 3135 729 ἔθνους,
3176 665 3233 718 ἐν
3281 664 3359 737 τῷ
3411 667 3509 739 πρὸ
3551 671 3704 726 τούτου

518 743 753 816 pheticis
782 742 1007 797 vocibus
1031 741 1407 808 didicerimus,
1444 740 1759 813 ibidemque
1784 715 2015 812 inspcx-ei

2187 715 2573 828 ξυγγράμματι
2601 715 3195 830 negasses.
3216 715 3705 834 νφφεν-ξέμέδξπέῐ

474 848 663 896 τηυξ,
720 831 884 902 309
929 846 1090 901 quem
1140 831 1356 886 tandem
1415 833 1625 886 exitum
1685 833 1992 887 invenerint

2184 862 2295 909 τες,
2324 846 2749 917 ἐπισκεψάμενοι
2792 865 2851 901 τε
2900 847 3038 901 κατά
3071 846 3130 901 τὸ
3167 845 3297 901 αὐτὸ
3343 850 3516 904 ὁποίου
3552 831 3704 921 τέλους

518 939 640 996 quae
661 925 915 993 praedicta
950 925 1191 986 fuerant,
1218 924 1334 993 ipse
1362 921 1861 994 deincepsordine,
1898 925 1949 979 in
1983 924 2059 979 hot

2185 935 2341 1007 ἔτυχε
2396 937 2465 991 τά
2510 938 2975 1011 προηγορευμένα,
3026 933 3152 1010 ἑξῆς
3192 939 3290 993 καὶ
3337 936 3617 1008 ἀκολούθως
3658 946 3704 1002 ἐν

516 1015 752 1086 septimo
775 1013 1098 1085 Evangelica:
1137 1011 1617 1068 Demonstrationis
1651 1015 1942 1081 volumine,
1969 1030 2056 1070 mo

2186 1025 2395 1097 ἑϐδόμῳ
2415 1026 2587 1098 τούτῳ
2617 1028 3004 1100 συγγράμματι
3032 1028 3133 1099 τῆς
3148 1029 3548 1099 Εὐαγγελικῆς
3577 1032 3705 1089 Ἀκο-

516 1107 648 1163 dum
681 1109 1035 1178 contemplari
1088 1110 1431 1175 conabimur,
1480 1108 1783 1163 secundum
1828 1124 1987 1179 quem
2012 1106 2057 1162 ai

2184 1118 2426 1185 δείξεως
2462 1116 2553 1172 τὸν
2578 1120 2775 1192 τρόπον
2804 1119 3169 1193 ἐπιθεωρῆσαι
3201 1121 3575 1192 πειρασόμεθα,
3605 1119 3701 1181 καθ’

516 1214 578 1255 se
594 1199 663 1254 ad
685 1199 932 1256 homines
951 1192 1359 1273 commigrasse.
1405 1201 1523 1257 Jam
1556 1201 1682 1257 inde
1710 1202 1875 1274 igitur
1903 1203 2056 1258 videa

2184 1210 2242 1264 ὃν
2268 1228 2431 1283 φησιν
2453 1212 2614 1265 αὐτὸν
2646 1213 2742 1284 τὴν
2775 1215 2854 1276 είς
2876 1192 3193 1285 ἀνθρώπους
3222 1212 3538 1284 ποιήσασθαι
3567 1216 3704 1288 πάρο-

516 1303 663 1352 mus,
703 1292 957 1361 quisnam
990 1292 1183 1349 modus
1228 1292 1324 1358 Dei
1356 1295 1423 1348 ad
1465 1294 1716 1350 homines
1745 1295 2050 1366 migrationi

2183 1303 2293 1360 δον.
2327 1303 2462 1375 Φέρε
2497 1300 2590 1358 οὖν
2632 1299 2876 1359 ἐντεῦθεν
2916 1305 3015 1377 ήδη
3045 1307 3420 1378 σκοπήσωμεν,
3451 1307 3612 1372 ὁποῖός
3637 1325 3703 1375 τις

514 1394 804 1439 caneretur
829 1385 1067 1453 futurus,
1088 1396 1141 1440 et
1171 1386 1389 1441 ubinam
1415 1388 1656 1458 gentium
1684 1388 1925 1445 oriturus
1947 1404 2055 1458 pra:

2182 1396 2211 1448 ὁ
2238 1397 2434 1468 τρόπος
2461 1396 2677 1451 ἔσεσθαι
2704 1394 2803 1468 τῆς
2828 1397 2921 1451 τοῦ
2950 1396 3083 1452 Θεοῦ
3115 1398 3195 1462 εἰς
3217 1397 3524 1470 ἀνθρώπους
3552 1401 3703 1472 ἐπιόηο

513 1472 809 1554 diceretur,
848 1482 901 1528 et
929 1473 998 1529 de
1020 1491 1130 1545 quo
1153 1491 1351 1545 genere
1392 1476 1742 1547 profecturus
1767 1487 2054 1532 sanctorum

2186 1486 2311 1557 μίας
2342 1486 2673 1553 ἐθεσπίζετο,
2706 1489 2799 1541 καὶ
2846 1487 2948 1542 ποῦ
2995 1488 3096 1560 γῆς
3142 1490 3556 1561 γεννηθήσεσθαι
3593 1509 3701 1564 προ-

517 1560 796 1622 hominum
826 1566 1052 1623 vocibus
1085 1566 1333 1623 ferretur.

2183 1580 2511 1649 εκηρύττετο
2536 1620 2551 1645 ,
2599 1578 2706 1633 ἀπὸ
2771 1576 2924 1633 ποίου
2968 1599 3029 1634 τε
3089 1583 3281 1651 γένους
3328 1578 3700 1654 προελεύσεσθαι

2185 1666 2393 1725 ἐϐοᾶτο.

1142 1783 1371 1840 CAPUT
1409 1784 1448 1840 1»
2110 1728 2159 1788 Β

2110 1728 2159 1788 Β
2708 1788 3098 1843 ΚΕΦΑΛΑΙΟΝ
3136 1789 3212 1842 A’.

514 1897 594 1953 Ab
631 1893 798 1953 Isaia.
844 1928 916 1937 —
949 1897 1206 1965 Quisnam
1242 1901 1428 1954 modus
1476 1912 1716 1955 accessus
1745 1897 1959 1953 Domini
2013 1916 2055 1952 at

2195 1871 2326 1930 ’Ἀπὸ
2352 1875 2456 1930 τοῦ
2488 1870 2935 1967 Ἡσαΐουῗ-’Τίς
2959 1883 2991 1933 ὁ
3018 1882 3235 1967 τρόπος
3256 1874 3369 1967 τῆς
3394 1881 3494 1936 τοῦ
3516 1878 3699 1950 Κυρίου

1167 1949 1425 2024 ιιοᾶίῆέῖ
2541 1950 2629 2014 εὶς
2659 1949 2708 2003 ά]

2541 1950 2629 2014 εὶς
2659 1949 3004 2017 ἀνθρώπους
3033 1951 3373 2021 ἐπιδημίας·

586 2058 874 2116 Praedictio
923 2058 1236 2115 Judmorum
1290 2059 1684 2116 incredulitatis
1731 2076 1860 2132 erga
1926 2062 2083 2118 Chri-

2249 2037 2560 2110 Πρόρῤησις
2581 2039 2679 2108 τῆς
2706 2040 2785 2102 εἰς
2807 2041 3039 2112 Χριστὸν
3071 2043 3331 2106 ἀπιστίας
3357 2043 3447 2096 τοῦ
3476 2043 3700 2099 Ἰουδαίων

514 2157 683 2218 stum,
712 2159 767 2207 et
799 2153 1016 2222 signum
1058 2152 1139 2207 eis
1185 2167 1216 2205 a
1250 2149 1476 2206 Domino
1504 2151 1710 2206 datum.
1743 2130 1867 2208 Fuit
1900 2164 2055 2209 auten

2181 2130 2381 2195 ἔθνους,
2406 2133 2499 2185 καὶ
2523 2135 2744 2202 σημεῖον
2768 2133 2949 2197 αὐτοῖς
2968 2134 3075 2188 ἀπὸ
3096 2135 3303 2205 Κυρίου
3326 2134 3596 2207 διδόμενον.
3615 2131 3698 2188 Ἦν

512 2242 648 2299 Illud
674 2262 688 2298 :
720 2242 886 2315 Virgo
910 2258 1176 2314 generans
1203 2226 1369 2299 Deum
1393 2263 1409 2311 ;
1452 2245 1555 2300 sub
1584 2246 1743 2313 cujus
1770 2247 2053 2316 generatio

2178 2222 2236 2275 δὲ
2261 2224 2440 2278 τοῦτο·
2492 2224 2765 2296 Παρθένος
2792 2225 2924 2279 Θεὸν
2961 2227 3224 2294 γεννῶσα,
3256 2229 3344 2297 ἐφ’
3366 2223 3424 2282 οὖ
3442 2232 3503 2299 τῇ
3527 2228 3699 2297 γενέσει

512 2352 584 2392 ne
611 2336 936 2392 universalis
953 2334 1263 2391 Judazorum
1288 2336 1527 2392 nationis
1557 2339 1806 2408 purgatio
1838 2340 2053 2394 caneba'

2180 2313 2493 2387 καθαίρεσις
2513 2316 2777 2387 παντελὴς
2795 2317 2889 2370 τοῦ
2928 2317 3192 2371 Ἰουδαίων
3205 2318 3393 2383 ἔθνους
3410 2318 3697 2383 ἐθεσπίζετο,

512 2433 639 2494 tur;
668 2434 723 2483 et
745 2427 889 2482 sicut
932 2428 1141 2483 externi
1195 2435 1251 2483 et
1298 2428 1488 2485 hostes
1537 2406 1813 2499 regionem
1861 2429 2053 2485 illorun

2180 2408 2273 2459 καὶ
2296 2407 2367 2470 ὡς
2397 2406 2677 2476 ἀλλόφυλοι
2694 2410 2785 2462 καὶ
2814 2409 3059 2480 πολέμιοι
3077 2410 3175 2482 τὴν
3204 2410 3389 2483 χώραν
3404 2411 3567 2466 αὐτῶν
3591 2410 3697 2465 καθ-

509 2520 881 2591 oceupabunt,
916 2526 971 2574 et
1000 2519 1460 2589 quemadmodum
1494 2497 1619 2590 quae
1644 2526 1772 2574 ante
1802 2518 2050 2576 desertum

2179 2497 2378 2563 ἕξουσι,
2428 2499 2522 2553 καὶ
2557 2500 2634 2563 ὡς
2672 2502 2704 2571 ή
2743 2501 2870 2571 πρὶν
2915 2500 3120 2572 ἕρημος
3164 2503 3263 2573 τῆς
3297 2501 3475 2556 ἐνθέου
3499 2500 3699 2572 τυχοῦσα

510 2612 646 2676 fuit,
697 2613 1083 2684 agriculturam
1156 2612 1345 2668 sortita
1391 2612 1652 2676 divinam,
1684 2611 1914 2667 fecunda
1947 2611 2050 2667 erit

2177 2591 2467 2661 γεωργίας,
2525 2592 2833 2665 εύφορήσει·
2888 2593 2989 2664 τῆς
3043 2591 3104 2657 ἐξ
3169 2592 3343 2647 ἐθνῶν
3423 2592 3700 2663 Ἐκκλησίας

508 2682 754 2758 Ecclesia
779 2719 843 2758 ex
873 2703 1126 2775 gentibus
1154 2704 1380 2759 collecta
1418 2702 1565 2757 hunc
1611 2702 1931 2758 ostendente
1960 2716 2049 2756 mo

2175 2682 2363 2738 τοῦτον
2404 2683 2737 2755 δηλουμένης
2777 2684 2870 2738 τὸν
2910 2683 3129 2755 τρόπον’
3163 2685 3355 2758 ὥσπερ
3387 2687 3414 2740 ό
3443 2683 3700 2755 θαυμάσιος

507 2792 640 2848 dum
677 2774 1131 2863 quemadmodum
1172 2793 1390 2849 divinus
1423 2792 1755 2863 evangelista
1800 2791 2040 2849 Joannes

2176 2774 2561 2847 εὐαγγελιστὴς
2617 2775 2885 2848 Ἰωάννης,
2938 2776 3140 2847 μείζονι
3186 2777 3220 2849 ἢ
3274 2776 3416 2832 κατά
3458 2776 3698 2848 ἀνθρώπων

508 2884 633 2954 plus
660 2899 824 2954 quam
861 2885 1097 2939 humana
1134 2899 1268 2940 voce
1306 2885 1374 2940 de
1424 2884 1704 2941 Salvatore
1744 2900 1809 2941 ac
1848 2885 2049 2942 Domim

2179 2867 2555 2938 μεγαλοφωνίᾳ
2589 2868 2682 2920 τὸν
2739 2868 2964 2939 Σωτῆρα
3017 2868 3110 2921 καὶ
3168 2863 3373 2943 Κύριον
3411 2867 3554 2941 ήμῶν
3598 2866 3697 2921 θεο⁴

506 2984 735 3042 nostro,
770 2976 838 3032 de
866 2977 1007 3046 ipso,
1036 2976 1280 3046 inquam,
1313 2974 1407 3031 Dei
1441 2974 1618 3033 Verbo
1659 2976 1959 3043 disserens,
1984 2993 2045 3034 sa

2174 2957 2369 3046 λογῶν,
2403 2958 2563 3046 αὑτὸν
2602 2959 2665 3032 δὴ
2702 2958 2793 3012 τὸν
2828 2959 2922 3013 τοῦ
2965 2960 3098 3014 Θεοῦ
3139 2960 3331 3030 Λόγον,
3363 2962 3460 3032 τῆς
3487 2978 3545 3030 γε
3577 2960 3699 3031 ἱερᾶς

506 3080 767 3136 eramque
812 3042 959 3123 illius
998 3042 1335 3136 Scri'pturam
1383 3067 1860 3137 narrationemque
1890 3083 2047 3139 aggre

2176 3042 2396 3120 Γραφῆς
2415 3042 2577 3101 αὐτοῦ
2598 3049 2991 3121 ἀπαρχόμενος,
3012 3050 3146 3122 ὁμοῦ
3166 3052 3232 3124 τῇ
3259 3051 3498 3123 θεολογίᾳ
3522 3051 3604 3105 καὶ
3621 3049 3698 3120 τὴν

505 3159 663 3214 diens
685 3198 701 3224 ,
733 3174 841 3213 una
870 3174 994 3213 cum
1026 3158 1146 3228 ipsa
1177 3156 1245 3213 de
1276 3156 1367 3211 illa
1399 3157 1671 3229 theologia
1715 3138 1975 3227 ejusdem,
2004 3174 2046 3212 at

2175 3138 2435 3211 ἔνσαρκον
2456 3138 2621 3194 αὐτοῦ
2644 3144 2725 3206 εἰς
2744 3142 2839 3195 ἀνθ
2849 3141 3060 3215 ρώπους
3080 3145 3407 3217 παρίστησιν
3425 3143 3693 3214 ἐπιδημίαν’

504 3248 754 3306 homines
781 3264 1085 3313 accessum,
1107 3264 1204 3319 per
1232 3255 1572 3319 assumptum
1598 3264 1801 3320 corpus
1827 3253 2045 3320 exponit

2180 3252 2198 3285 ι
2233 3233 2319 3286 Ἐν
2349 3233 2490 3305 ἀρχῇ
2513 3229 2580 3306 ἦν
2599 3236 2627 3287 ό
2647 3235 2837 3304 Λόγος,
2866 3235 2959 3288 καὶ
2982 3236 3011 3288 ό
3028 3235 3199 3305 Λόγος
3218 3233 3289 3309 ἦν
3315 3234 3447 3308 πρὸς
3473 3235 3556 3289 τὸν
3570 3232 3697 3298 Θεὸν,

503 3344 588 3399 sic
612 3341 801 3399 dicens
826 3362 839 3398 :
876 3361 895 3395 ι
934 3343 995 3398 ln
1026 3342 1294 3413 principio
1322 3351 1439 3398 erat
1462 3339 1720 3406 Verbum,
1746 3354 1800 3398 et
1833 3338 2044 3398 Verbum

2172 3327 2267 3381 καὶ
2285 3325 2417 3390 Θεὸς
2440 3322 2509 3398 ἦν
2536 3329 2565 3381 ό
2585 3326 2775 3397 Λόγος.
2802 3322 2968 3393 Οὗτος
2986 3324 3054 3400 ἦν
3072 3330 3130 3383 ἐν
3149 3330 3292 3401 ἀρχῇ
3319 3329 3452 3402 πρὸς
3470 3328 3554 3383 τὸν
3571 3324 3693 3379 Θεόν·

501 3441 621 3490 erat
644 3434 787 3505 apud
817 3433 1016 3498 Deum,
1067 3441 1122 3489 et
1155 3432 1297 3490 Deus
1356 3443 1474 3491 erat
1509 3432 1746 3489 Verbum
1803 3436 1866 3489 ".
1910 3454 1929 3486 ι
1957 3434 2042 3490 Ηοι

2173 3420 2349 3474 πάντα
2378 3419 2447 3473 δι’
2474 3419 2637 3473 αὐτοῦ
2672 3420 2905 3488 ἐγένετο,
2944 3440 2963 3472 ι
3011 3422 3206 3492 φήσαςο
3245 3421 3450 3486 τούτοις
3477 3420 3589 3490 ἑξῆς
3615 3420 3693 3471 ἐπ⁴

501 3532 622 3579 erat
649 3524 704 3579 in
725 3524 994 3596 principio
1018 3525 1160 3595 apud
1190 3524 1356 3580 Deum
1378 3566 1392 3590 ,
1445 3526 1628 3580 omnia
1655 3542 1753 3596 per
1781 3526 1958 3597 ipsum
1990 3527 2041 3581 fa

2171 3514 2340 3582 ἀγων·
2365 3531 2384 3564 ι
2412 3512 2521 3566 Kal
2552 3513 2581 3565 ὁ
2603 3514 2774 3582 Λόγος
2805 3512 2939 3584 σὰρξ
2969 3513 3203 3582 ἐγένετο,
3233 3515 3328 3568 καὶ
3344 3514 3622 3584 ἐσκήνωσεν
3648 3510 3693 3560 ἐν

500 3627 589 3671 cta
604 3624 733 3674 sunt
771 3635 786 3673 :
837 3625 1001 3686 atque
1025 3616 1111 3672 his
1139 3616 1395 3687 deinceps
1430 3615 1769 3688 adjungeus:
1810 3636 1827 3668 ι
1851 3617 1912 3671 Et
1937 3617 2041 3674 Ver

2169 3606 2321 3675 ἡμῖν.
2361 3623 2379 3656 ι
2404 3605 2507 3658 Τὸν
2539 3603 2702 3659 αὑτὸν
2724 3604 2789 3676 δὴ
2814 3604 3013 3676 τρόπον
3044 3601 3138 3658 καὶ
3164 3607 3192 3658 ό
3218 3603 3497 3668 θεσπέσιος
3520 3600 3694 3674 προφήα

501 3710 629 3764 hum
659 3724 791 3764 caro
821 3709 1158 3773 factum’est,
1188 3715 1240 3764 et
1259 3708 1523 3764 habitavit
1559 3708 1615 3763 in
1638 3708 1797 3764 nobis
1831 3709 1898 3765 ³³.
1939 3728 1958 3762 ι
1992 3707 2042 3763 It:

2167 3714 2269 3768 της
2303 3695 2436 3749 Θεοῦ
2471 3697 2534 3748 ἐκ
2570 3694 2848 3767 Παρθένου
2878 3695 3270 3766 γεγεννημένον
3303 3694 3502 3766 μέλλων
3525 3694 3694 3759 ἀνακηο

498 3801 686 3858 divino
713 3800 920 3872 Spiritu
958 3800 1168 3856 amatus
1199 3800 1480 3871 propheta,
1502 3816 1628 3856 cum
1659 3799 1830 3856 Deum
1856 3802 1923 3856 de
1949 3799 2039 3855 Vir

2172 3788 2403 3860 ρύττειν,
2426 3789 2524 3861 τὴν
2553 3789 2760 3852 ἔνδοξον
2790 3788 2953 3842 αὐτοῦ
2981 3788 3262 3843 θεοπτείαν
3289 3786 3589 3861 προθεωρεῖ,
3610 3775 3691 3835 ὦδε

497 3891 622 3965 giae
671 3892 916 3963 genitum
978 3898 1125 3947 esset
1179 3891 1559 3955 nuntiaturus,
1592 3892 1854 3946 visionem
1909 3900 2032 3945 ante

2167 3882 2267 3954 τὴν
2296 3880 2570 3949 θεολογίαν
2612 3877 2963 3951 ὑπογράφων·
3000 3898 3018 3931 ι
3054 3875 3208 3933 Εἶδον
3248 3880 3342 3933 τὸν
3383 3872 3688 3965 Κύριον-Σα-

497 3963 792 4053 quamdam
858 3981 1006 4036 illius
1069 3982 1254 4052 gloriae
1309 3982 1747 4052 contemplatur,
1796 3983 2038 4053 talemqul

2168 3971 2317 4025 ϐαὼθ
2349 3971 2653 4043 καθήμενον
2684 3970 2777 4024 ἐπὶ⁵
2811 3970 3002 4041 θρόνου
3038 3968 3243 4041 ὑψηλοῦ
3277 3969 3371 4023 καὶ
3397 3963 3687 4053 ἐπηρμένου.

496 4052 824 4146 theologiam
851 4075 1148 4132 describit:
1193 4095 1212 4127 ι
1248 4074 1372 4131 Vidi
1402 4074 1688 4130 Dominum
1719 4075 1953 4131 Sabaoth
1981 4052 2037 4132 se

2168 4064 2262 4116 καὶ
2293 4063 2505 4134 πλήρης
2544 4064 2573 4115 ὁ
2613 4055 2762 4125 οἶκος
2802 4061 2903 4131 τῆς
2930 4060 3088 4131 δόξης
3132 4059 3322 4124 αὑτοῦ,
3357 4059 3449 4113 καὶ
3484 4052 3689 4146 deputabi-

495 4140 712 4226 dentem
739 4184 902 4238 super
935 4169 1072 4224 solio
1100 4169 1317 4225 excelso
1339 4176 1392 4224 et
1422 4168 1661 4232 sublimi,
1691 4177 1742 4224 et
1766 4170 1922 4240 plena
1948 4185 2036 4224 era

2166 4154 2510 4225 εἱστήκεισαν
2532 4151 2714 4222 κύκλῳ
2742 4150 2926 4204 αὐτοῦ’
2952 4149 3011 4214 ἐξ
3038 4150 3307 4221 πτέρυγες
3324 4148 3402 4220 τῷ
3423 4148 3516 4211 ἐνὶ,
3541 4143 3622 4198 καὶ
3641 4140 3688 4206 ἐξ

493 4260 690 4317 domus
719 4260 890 4332 gloria
922 4260 1060 4330 ejus,
1078 4272 1131 4315 et
1154 4261 1425 4330 seraphim
1442 4261 1661 4316 stabant
1681 4261 1887 4315 circum
1917 4276 2034 4315 eum

2166 4245 2436 4315 πτέρυγες
2464 4242 2543 4315 τῷ
2578 4243 2656 4296 ἐνί
2676 4259 2690 4272 ·
2733 4242 2825 4296 καὶ
2864 4244 2984 4305 ταῖς
3026 4241 3123 4313 μὲν
3156 4241 3311 4294 δυσὶν
3344 4239 3616 4295 ἐκάλυπτον
3638 4230 3688 4284 τὸ

494 4363 592 4407 sex
619 4350 720 4405 alae
748 4350 862 4415 uni,
891 4356 946 4405 et
992 4365 1090 4406 sex
1119 4351 1218 4405 alae
1253 4350 1444 4415 alteri,
1487 4357 1543 4405 et
1588 4351 1801 4406 duabus
1841 4352 2035 4421 quiden

2167 4336 2473 4408 πρόσωπον,
2518 4337 2638 4398 ταῖς
2673 4334 2729 4388 δὲ
2772 4333 2892 4387 δυσὶ
2933 4332 3339 4387 κατεκάλυπτον
3371 4332 3493 4393 τοὺς
3528 4326 3683 4387 πόδας

491 4443 747 4515 tegebant
777 4414 992 4509 faciem,
1025 4443 1237 4498 duabus
1267 4414 1445 4498 autem
1473 4442 1726 4498 velabant
1776 4414 1940 4512 pedes
1960 4484 1974 4506 ,
2005 4459 2032 4499 e

2161 4432 2280 4492 ταῖς
2313 4429 2369 4482 δὲ
2406 4430 2555 4482 δυσὶν
2596 4428 2874 4482 ἐπέταντο.
2910 4428 3019 4480 Καὶ
3046 4425 3345 4496 ἐκέκραγον
3378 4424 3549 4494 ἕτερος
3574 4416 3685 4489 πρὸς

490 4508 706 4591 ddabus
739 4508 1032 4599 volabant,
1069 4543 1123 4589 et
1147 4535 1311 4607 310
1335 4535 1643 4590 clamabant
1668 4508 1805 4590 alter
1833 4537 1900 4590 ad
1923 4537 2030 4591 alte

2160 4523 2251 4575 τὸν
2284 4521 2487 4593 ἕτερον,
2515 4521 2607 4573 καὶ
2633 4518 2834 4587 ἔλεγον·
2865 4519 3069 4586 Ἂγιος,
3103 4515 3274 4585 ἂγιος,
3317 4515 3484 4584 ἅγιος,
3516 4508 3685 4607 Κύριος

492 4642 635 4687 rum.
664 4634 718 4682 et
763 4626 1051 4681 dicebant:
1085 4625 1340 4688 Sanctus,
1379 4632 1604 4682 sanctus
1627 4664 1644 4689 ,
1680 4634 1903 4682 sanctus
1951 4626 2033 4682 Dor

2161 4612 2408 4676 Σαϐαὼθ,
2441 4611 2652 4682 πλήρης
2680 4611 2831 4662 πᾶσα
2868 4611 2902 4680 ἠ
2936 4609 3009 4677 γῆ
3037 4606 3319 4677 τῆςδόξης
3346 4603 3522 4659 αὐτοῦ.
3552 4622 3569 4653 ι
3595 4596 3683 4689 Ital

491 4684 673 4775 minus
732 4716 971 4774 Sabaoth
1000 4759 1015 4783 ,
1077 4719 1237 4788 plena
1299 4684 1384 4774 est
1438 4684 1641 4773 omnis
1682 4725 1826 4773 terra
1889 4720 2032 4788 glori:

2161 4704 2286 4774 ἑξῆς
2330 4700 2586 4769 ἐπιλέγει·
2632 4717 2651 4750 ι
2690 4700 2798 4752 Kal
2827 4699 3036 4769 ήκουσα
3063 4696 3160 4766 τῆς
3190 4696 3372 4766 φωνῆς
3400 4691 3587 4765 Κυρίου
3609 4684 3681 4788 λί-

488 4809 609 4877 ejus
632 4809 699 4862 ".
738 4828 757 4861 ›
788 4808 855 4863 Ει
884 4773 1139 4877 deinceps
1162 4808 1448 4878 adjungit:
1484 4827 1503 4859 ι
1544 4807 1610 4861 Ει
1646 4808 1825 4862 audivi
1870 4773 2029 4863 vvocen

2161 4773 2346 4864 γοντος
2369 4810 2381 4823 °
2427 4791 2560 4845 Τίνα
2601 4787 2901 4853 ἀποστελῶ,
2964 4788 3057 4840 καὶ
3095 4787 3179 4850 τίς
3215 4783 3526 4855 πορεύσεται
3551 4773 3682 4878 ,πρὸς

490 4868 704 4954 Domini
733 4898 964 4954 dicentis
989 4918 1000 4952 :
1030 4868 1201 4964 Quem
1229 4868 1476 4963 'mit‘tam,
1509 4905 1563 4953 et
1589 4897 1714 4968 quis
1743 4886 1841 4952 ibit
1870 4899 1937 4953 ad
1968 4914 2031 4968 po

2153 4888 2244 4940 τὸν
2282 4886 2406 4938 λαὸν
2434 4882 2651 4947 τοῦτον;
2686 4879 2797 4934 Kal
2831 4875 2978 4932 εῑπα·
3020 4876 3149 4930 Ἰδοῦ
3173 4874 3282 4946 ἐγώ
3307 4875 3439 4945 ειμι,
3466 4868 3684 4968 ἀπόστει-

489 4991 675 5061 pulum
706 4990 872 5043 hunc.
900 4988 965 5043 Et
986 4960 1097 5044 ἀί)ιὶ
1130 5009 1141 5043 :
1176 4989 1316 5044 Ecce
1343 4960 1471 5059 ego,
1498 4960 1653 5044 mitte
1682 5004 1787 5043 me.
1823 4988 1888 5042 Et
1920 4960 2028 5042 di-xi

2154 4978 2243 5033 λόν
2274 4995 2362 5049 με.
2390 4976 2497 5029 Kal
2521 4971 2643 5028 εἶπε
2675 4972 2812 5044 πρὸς
2836 4970 2923 5043 μέ·
2957 4967 3278 5041 Πορεύθητι,
3324 4967 3416 5018 καί
3457 4960 3594 5015 εἰπὸν
3620 4960 3679 5064 tt}:

487 5046 556 5138 ad
594 5099 715 5139 me:
763 5081 938 5149 Vade,
974 5092 1027 5138 et
1053 5083 1141 5138 dic
1183 5046 1406 5153 pepulov
1428 5046 1598 5138 huic:
1636 5082 1838 5138 Auditu
1871 5083 2028 5137 audie

2154 5072 2267 5144 λαῷ
2294 5070 2487 5140 τούτῳ
2527 5068 2686 5137 Ἀκοῇ
2730 5065 3012 5126 ἀκούσετε,
3044 5061 3139 5115 καὶ
3164 5061 3224 5113 ού
3259 5057 3333 5129 μὴ
3373 5054 3575 5124 συνῆτε,
3605 5046 3679 5153 κξιὶ

487 5175 580 5240 tis,
609 5183 664 5231 et
692 5191 802 5230 non
830 5176 1182 5246 intelligetis:
1215 5186 1270 5230 et
1294 5177 1567 5231 intuentes
1601 5174 1970 5238 intuebimini,
2003 5190 2028 5229 e

2156 5136 2449 5236 βλέποντες*
2466 5136 2707 5230 βλέψετε,
2738 5158 2831 5211 καὶ
2862 5155 2921 5208 ού
2959 5153 3032 5225 μὴ
3070 5152 3233 5223 ἴδητε.
3271 5144 3565 5246 Ἐπαζύνθη
3591 5136 3678 5246 γὰρ

487 5276 598 5316 non
621 5262 894 5319 videbitis.
917 5262 1177 5318 Crassum
1206 5264 1351 5318 enim
1386 5263 1589 5318 factum
1622 5272 1707 5320 est
1729 5279 1827 5319 cor
1865 5265 2027 5334 pOpul

2156 5230 2191 5328 ή
2213 5255 2404 5329 καρδία
2424 5252 2518 5306 τοῦ
2537 5250 2666 5305 λαοῦ
2687 5249 2896 5313 τούτου,
2922 5249 3144 5309 καὶτοῖς
3165 5244 3298 5298 ὠσὶν
3313 5240 3484 5295 αὐτῶν

487 5352 652 5423 hujus
673 5393 688 5418 ,
731 5364 784 5410 et
813 5355 1040 5410 auribus
1073 5356 1189 5410 suis
1215 5356 1449 5425 graviter
1478 5353 1804 5421 audierunt,
1834 5364 1889 5412 et
1919 5371 2021 5411 ocu

2156 5323 2413 5421 ἥκουσαν,
2439 5348 2533 5400 καὶ
2555 5346 2681 5408 τοὺς
2703 5342 3011 5413 ὀφθαλμοὺς
3031 5336 3208 5393 αὐτῶν
3230 5338 3563 5425 ἐκάμμυσαν,
3593 5323 3677 5395 μὴσ

486 5446 569 5502 los
614 5463 746 5504 suos
774 5450 1093 5505 clauserunt
1115 5489 1131 5515 ,
1168 5464 1236 5504 ne
1262 5450 1481 5517 quando
1507 5449 1728 5504 videant
1749 5449 1925 5505 oculis
1947 5488 1963 5513 ,
1996 5463 2025 5502 e

2157 5457 2284 5494 ποτε
2327 5439 2477 5494 ἴδωσι
2509 5441 2621 5501 τοῖς
2659 5435 2974 5507 ὀφθαλμοῖς,
3002 5435 3097 5487 καὶ
3119 5436 3230 5497 τοῖς
3255 5430 3387 5484 ὠσὶν
3416 5421 3673 5529 ἀκούσωσιν

486 5538 652 5596 corde
677 5538 1014 5611 intelligant,
1060 5547 1116 5595 et
1140 5514 1554 5603 convertantur,
1595 5545 1647 5593 et
1692 5554 1881 5594 sanem
1916 5553 2027 5594 eos

2154 5534 2248 5588 καὶ
2293 5533 2528 5604 ίάσωμαι
2567 5531 2777 5595 αὐτούς.
2811 5529 2918 5584 Kal
2958 5521 3104 5580 εἶπαι
3139 5526 3279 5589 Ἕως
3322 5521 3469 5582 πότε,
3498 5514 3673 5579 Κύριε.

553 5735 602 5769 ³²
619 5731 780 5789 Joan.
807 5749 843 5805 ι,
869 5736 919 5790 1.
996 5736 1041 5785 '.'
1069 5734 1199 5789 ibid.
1233 5735 1319 5789 M.
1398 5735 1444 5768 ”
1477 5733 1581 5792 lsa.
1615 5748 1699 5793 Vl.
1730 5730 1849 5791 {-3.
