3902 6264
263 291 375 350 £89

1149 282 1798 341 DEMONSTRA'HONIS
1840 266 2299 337 nuncnum:
2337 278 2465 335 LIB.
2508 278 2620 335 vn.

3400 281 3507 337 490

262 410 374 464 Καὶ
396 401 578 461 εἶπεν·
618 426 636 457 ‹
664 404 807 469 Ἕως
830 406 894 461 ἂν
920 405 1245 478 ὲρημωθῶσι
1270 407 1472 471 πόλεις,
1507 406 1659 477 παρά
1678 407 1738 459 τὸ
1766 406 1840 478 μὴ
1868 458 1870 464 λ

1958 412 2003 458 3t
2034 403 2147 458 dixi
2175 421 2187 456 ε
2222 402 2552 473 Quousque,
2588 400 2859 457 Domine?
2902 401 2967 455 Et
2999 384 3177 467 dixit:
3217 399 3397 457 Donec
3427 406 3512 457 ιιι»-

264 497 663 562 κατοικεῖσθαι,
681 498 775 550 καὶ
791 492 927 549 οἴκοι
953 496 1103 568 παρά
1122 497 1182 548 τὸ
1206 497 1279 569 μὴ
1300 492 1437 550 εἶναι
1466 496 1562 550 ἀνθ
1571 496 1800 567 ρώπους.
1815 515 1833 548 ι

265 590 427 642 Ποῖον
468 587 529 640 δὲ
568 587 787 659 θεμιτὸν
830 588 1059 656 φάσκειν
1094 587 1187 640 τὸν
1220 590 1503 659 προφήτην
1541 588 1840 657 ἑωρακέναι

264 679 507 750 Κύριον;
541 678 576 749 ἢ
610 679 669 732 ὃν
716 681 827 741 τοῖς
880 678 1008 750 περὶ
1044 679 1134 732 τὸν
1185 680 1432 751 Ἀϐραὰμ
1472 680 1843 751 προπάτορσιν

262 768 444 840 ὧφθαί
474 789 539 825 τε
571 774 666 826 καὶ
689 770 1020 842 ὡμιληκέναι
1050 773 1109 825 ὲν
1135 774 1248 835 τοῖς
1281 773 1383 843 πρὸ
1401 772 1604 824 τούτων
1631 771 1845 825 ἀπεδεί-

264 861 473 931 ξαμενς
524 861 727 916 Τοῦτον
771 861 881 933 γὰρ
926 860 1060 933 ὁμοῦ
1104 862 1239 916 θεὸν
1267 864 1359 918 καὶ
1389 862 1611 934 Κύριον,
1647 863 1742 916 καὶ
1778 861 1844 933 δὴ

264 953 499 1022 ἄγγελον
538 949 698 1018 εἶναι,
734 954 831 1008 καὶ
867 954 1300 1026 ἀρχιστράτηγον
1329 954 1609 1025 δυνάμεως
1638 955 1844 1025 Κυρίου

264 1044 808 1115 προμεμαθήκαμεν.
838 1045 1063 1099 Μέλλων
1091 1044 1375 1116 τοιγαροῦν
1401 1045 1500 1116 τὴν
1524 1048 1603 1109 είς
1633 1044 1844 1117 ἀνθρώ-

266 1154 401 1200 πους
432 1136 606 1191 αὐτοῦ
639 1137 873 1209 πάροδον
905 1137 935 1190 6
975 1136 1164 1209 παρὼν
1209 1136 1365 1206 λόγος
1403 1135 1711 1202 θεσπίζειν,
1747 1137 1846 1209 τὴν

264 1229 450 1282 ἔνθεον
474 1228 643 1283 αὑτοῦ
664 1229 965 1302 προθεωρεῖ
988 1229 1278 1300 βασιλείαν,
1302 1230 1368 1283 δι’
1390 1224 1458 1301 ἧς
1481 1247 1644 1300 φησιν
1670 1231 1845 1302 ἑωρα-

266 1322 422 1376 κέναι
450 1321 619 1375 αὐτὸν
643 1323 949 1393 καθήμενον
985 1323 1077 1376 ἐπὶ
1107 1322 1300 1395 θρόνου
1326 1322 1529 1393 ὑψηλοῦ
1557 1323 1649 1377 καὶ
1673 1326 1847 1395 ἐπηρ-

270 1425 461 1484 μινου.
501 1408 672 1479 Οὗτος
710 1414 753 1467 δ’
778 1413 843 1468 ἂν
871 1413 957 1485 εἴη
991 1416 1020 1467 6
1053 1414 1241 1486 θρόνος
1269 1414 1434 1469 αὑτοῦ
1467 1416 1673 1480 ἐκεῖνος
1698 1416 1727 1468 ὁ
1755 1417 1850 1470 καὶ

266 1507 326 1559 ἐν
350 1506 430 1578 τῷ
460 1507 596 1579 περὶ
622 1505 715 1560 τοῦ
754 1507 1036 1577 ἀγαπητοῦ
1294 1505 1677 1577 δεδηλωμένος,
1709 1506 1852 1563 κατὰ

266 1598 348 1651 τό·
380 1616 401 1648 c
452 1599 514 1651 Ὁ
546 1598 736 1669 θρόνος
777 1617 893 1680 σου,
920 1602 948 1653 ὁ
977 1598 1127 1663 Θεὸς,
1159 1601 1238 1661 εἰς
1266 1598 1363 1652 τδν
1402 1598 1572 1653 αἰῶνα
1597 1599 1690 1653 τοῦ
1715 1599 1848 1654 αἰῶ-

268 1708 379 1754 νος,
415 1709 434 1742 ι
469 1692 559 1761 ἐφ’
585 1691 646 1744 ὃν
674 1691 765 1745 καὶ
801 1693 830 1745 6
856 1692 1114 1747 ἀνωτάτω
1142 1692 1249 1745 τῶν
1278 1693 1419 1745 ὅλων
1451 1693 1678 1763 ποιητὴς
1717 1691 1850 1755 Θεὸς

1946 503 2106 550 εει-ιω
2134 495 2245 551 sint
2276 493 2551 555 civitates,
2578 509 2644 548 eo
2672 494 2959 563 quod-non
2982 494 3055 548 sit
3078 494 3171 564 qui
3205 494 3470 549 inhabitet
3495 516 3508 549 :

1943 597 1997 643 et
2028 587 2245 649 domus,
2269 602 2338 642 eo
2368 587 2512 657 quod
2540 601 2651 641 non
2672 591 2678 597 '
2701 587 2812 641 sint
2840 586 3089 641 homines
3118 585 3185 641 ³⁸.
3220 606 3241 640 ι
3268 587 3339 641 At
3366 588 3511 644 enim

1944 693 2104 749 quem
2165 677 2382 733 tandem
2468 675 2756 731 Dominum
2823 675 2908 730 l‘as
2955 683 3040 732 est
3097 676 3285 733 dicere
3334 678 3511 735 visum

1946 770 2116 825 fuisse
2147 784 2177 822 a
2217 767 2478 838 propheta
2511 780 2704 837 praeter
2725 782 2873 832 eum,
2914 782 3074 837 quem
3103 776 3158 823 et
3186 767 3436 834 Abraha.
3459 780 3508 827 et

1945 859 2170 928 reliquis
2208 858 2439 912 Abrahae
2477 856 2749 913 similibus
2799 859 2996 928 priscis
3044 860 3293 929 patribus
3334 863 3511 917 visum

1946 950 2140 1014 fuisse,
2164 959 2223 1006 et
2258 965 2387 1005 cum
2427 950 2620 1007 iisdem
2649 951 2891 1006 locutum
2919 966 3043 1007 esse
3065 978 3104 1015 ,λ
3131 952 3188 1007 in
3238 954 3515 1023 prioribus

1947 1042 2100 1097 libris
2151 1042 2524 1098 ostendimus?
2555 1041 2711 1097 Hunc
2738 1042 2884 1098 enim
2919 1044 3122 1112 pariter
3159 1051 3215 1101 et
3256 1042 3427 1101 Deum
3459 1056 3515 1102 et

1948 1136 2259 1202 Dominum,
2280 1146 2334 1193 et
2361 1137 2489 1193 item
2515 1139 2767 1209 angelum
2797 1153 2941 1202 esse,
2974 1149 3029 1195 et
3065 1139 3303 1208 primum
3340 1140 3515 1215 impe-

1948 1239 2186 1285 ratorem
2215 1232 2496 1300 cupiarum
2535 1230 2782 1294 Domini,
2815 1237 2974 1286 antea
3010 1229 3320 1285 didicimus.
3376 1230 3514 1285 Cum

1948 1336 2079 1392 ergo
2130 1337 2369 1393 praesens
2424 1322 2709 1378 oraculum
2770 1330 2916 1378 esset
2962 1322 3112 1376 illius
3152 1321 3221 1374 ad
3272 1320 3518 1374 homines

1949 1412 2451 1484 commigrationem
2487 1404 2911 1483 praedicturum,
2962 1412 3207 1467 divinum
3240 1418 3398 1466 antea
3453 1411 3521 1465 il-

1950 1502 2059 1562 lius
2084 1519 2308 1576 regnum
2337 1508 2760 1578 contemplatur,
2793 1505 2882 1560 ubi
2917 1507 2995 1559 ait
3022 1520 3083 1561 se
3120 1504 3325 1561 vidisse
3364 1504 3517 1559 illum

1950 1595 2231 1650 sedentem
2260 1597 2315 1650 in
2357 1596 2496 1653 solio
2528 1596 2764 1660 excelso,
2795 1603 2850 1651 et
2878 1596 3119 1650 sublimi.
3176 1593 3290 1651 Hoc
3338 1601 3519 1650 autem

1953 1687 2100 1744 illius
2127 1689 2324 1743 solium
2361 1690 2494 1744 illud
2520 1704 2642 1746 esse
2664 1689 3088 1745 existimandum
3131 1696 3237 1755 est,
3264 1687 3413 1759 quod
3466 1688 3524 1743 in

270 1782 468 1852 Πατήρ
495 1780 557 1835 τε
599 1782 761 1836 αὐτοῦ
792 1782 867 1845 ὡς
902 1783 970 1837 ἃν
1006 1786 1285 1854 μονογενετ
1314 1784 1409 1836 καὶ
1440 1782 1710 1854 ἀγαπητῷ
1747 1799 1848 1837 κα-

1958 1776 2167 1835 Psalmo
2217 1779 2286 1839 de
2326 1781 2529 1837 dilecto
2579 1788 2862 1836 ostensum
2902 1789 3007 1843 est,
3040 1780 3096 1833 in
3139 1779 3254 1859 illis
3299 1780 3518 1835 verbis:

268 1871 528 1935 θέζεσθαι
574 1871 983 1943 παρεκελεύετο,
1031 1872 1237 1941 λέγων’
1278 1892 1297 1923 r
1334 1870 1513 1927 Κάθου
1556 1875 1621 1926 ὲκ
1664 1871 1850 1938 δεξιῶν

274 1979 400 2033 μου,
429 1962 541 2025 ἕως
560 1961 629 2014 ἂν
656 1960 734 2013 θῶ
767 1963 892 2026 τοὺς
922 1962 1146 2034 ἐχθρούς
1174 1979 1267 2016 σου
1298 1962 1587 2017 ὑποπόδιον
1612 1962 1721 2017 τῶν
1750 1979 1849 2015 ποο

270 2052 378 2106 δῶν
404 2069 523 2106 σου.
565 2072 583 2105 ι
615 2054 899 2123 Συνίστησι
947 2054 1005 2107 δὲ
1036 2054 1237 2125 ταύτην
1277 2053 1432 2125 ἡμῶν
1472 2055 1572 2124 τὴν
1617 2054 1697 2117 είς
1728 2054 1851 2116 τοὺς

270 2145 796 2216 τόπουςέρμηνεὶαν
840 2145 1089 2215 Ἰωάννης
1121 2146 1150 2197 ό
1182 2145 1603 2217 Εὐαγγελιστὴς,
1636 2145 1715 2210 ὃς,
1747 2162 1854 2200 πα-

276 2234 579 2305 ραθέμενος
626 2233 726 2299 τὰς
767 2234 1131 2306 προκειμένας
1165 2235 1258 2289 τοῦ
1306 2237 1526 2291 Ἡσαΐου
1555 2239 1758 2307 φωνὰς,
1796 2241 1854 2293 ὲν

274 2318 363 2388 αἷς
396 2325 605 2395 εἴρητο·
641 2344 659 2377 ι
704 2325 1010 2397 Ἐπαχύνθη
1034 2327 1142 2399 γάρ
1173 2330 1207 2397 η
1234 2327 1430 2396 καρδία
1457 2328 1549 2383 τοῦ
1576 2329 1706 2382 λαοῦ
1732 2330 1854 2384 τού-

276 2434 392 2480 του,
432 2418 530 2471 καί
566 2419 679 2481 τοῖς
709 2417 842 2471 ὠσὶν
870 2419 1046 2472 αὐτῶν
1081 2418 1292 2491 βαρέως
1322 2421 1580 2490 ἡκουσαν,
1609 2422 1702 2476 καὶ
1731 2424 1854 2486 τοὺς

278 2508 592 2580 ὀφθαλμοὺς
624 2508 804 2564 αὐτῶν
845 2509 1193 2582 ἐκάμμυσαν,
1235 2531 1254 2563 ι
1287 2513 1542 2585 ἐπιφέρει
1588 2515 1716 2587 περὶ
1759 2513 1854 2566 τοῦ

281 2601 521 2659 Χριστοῦ
540 2602 742 2675 λέγων·
771 2622 790 2655 ι
827 2602 1009 2656 Ταῦτα
1040 2600 1191 2657 εἶπεν
1231 2605 1475 2670 Ἡσαΐας,
1504 2607 1592 2659 ὅτε
1623 2601 1731 2659 εἶδε
1757 2607 1855 2675 τὴν

277 2688 435 2758 δόξαν
461 2694 651 2759 αὑτοῦ,
688 2698 780 2750 καὶ
808 2698 1155 2772 ἐμαρτύρησε
1193 2700 1320 2771 περί
1340 2700 1524 2754 αὑτοῦ.
1556 2721 1576 2754 ι
1627 2701 1770 2755 Ἰδὼν
1791 2703 1856 2774 δὴ

286 2779 377 2836 οὖν
414 2786 444 2837 6
492 2794 778 2858 προφήτης
819 2790 917 2860 τὴν
959 2789 1051 2843 ἐπὶ
1091 2790 1186 2843 τοῦ
1233 2792 1500 2864 πατρικοῦ
1539 2792 1729 2864 θρόνου
1759 2795 1857 2866 τῆς

284 2874 466 2929 ἐνθέου
501 2877 659 2948 δόξης
688 2895 748 2932 τε
789 2881 882 2934 καὶ
918 2881 1192 2951 βασιλείας
1238 2885 1445 2956 ἵδρυσιν
1478 2884 1571 2938 τοῦ
1607 2886 1856 2959 Σωτῆρος

285 2966 462 3037 ἡμῶν,
488 2968 566 3040 τῷ
592 2987 651 3022 τε
679 2972 818 3041 ἁγίῳ
843 2971 1158 3037 ἐπιθειάσας
1188 2974 1489 3046 Πνεύματι,
1524 2977 1616 3030 καὶ
1650 2976 1857 3047 μέλλων

287 3062 410 3132 ἑξῆς
446 3063 547 3134 τὴν
595 3065 678 3128 εἰς
733 3066 1050 3137 ἀνθρώπους
1104 3067 1270 3121 αὑτοῦ
1313 3069 1578 3141 πάροδον,
1632 3072 1727 3125 καὶ
1759 3070 1857 3143 τὴν

285 3152 349 3204 ἐκ
390 3152 671 3223 Παρθένου
714 3158 964 3227 γέννησιν
1009 3157 1362 3230 ὑπογράφειν,
1410 3161 1856 3234 προμαρτύρεται

285 3241 384 3313 τὴν
409 3245 492 3306 είς
526 3245 706 3298 πᾶσαν
736 3246 835 3316 τὴν
860 3247 962 3317 γῆν
1002 3248 1298 3319 μέλλουσαν
1323 3250 1538 3305 ἔσεσθαι
1570 3252 1770 3320 γνῶσίν
1794 3270 1857 3306 τε

287 3335 380 3387 καὶ
397 3334 725 3404 δοξολογίαν,
746 3336 818 3390 τὰ
846 3341 1087 3411 σεραςρίμ
1114 3340 1347 3410 εἰσάγων
1367 3342 1668 3397 κυκλοῦντα
1693 3344 1856 3398 αὐτὸν

287 3426 381 3479 καὶ
412 3425 724 3494 φάσκονταο
755 3448 775 3480 ι
804 3430 1020 3498 Ἄγιος,
1057 3432 1208 3500 ἆγιος
1228 3472 1243 3498 ,
1276 3432 1430 3500 ἃγιος
1452 3476 1466 3500 ,
1504 3434 1707 3506 Κύριος
1756 3435 1860 3488 Σαο

289 3515 456 3583 Gabi),
499 3518 713 3591 πλήρης
759 3524 910 3577 πᾶσα
941 3525 974 3595 ή
1025 3523 1096 3595 γῆ
1128 3524 1226 3595 τῆς
1261 3524 1418 3596 δόξης
1460 3526 1644 3580 αὑτοῦ.
1672 3547 1689 3579 ο
1727 3528 1860 3582 Τίνα

286 3609 332 3663 δ’
364 3609 433 3664 ἂν
458 3611 545 3683 εἴη
574 3611 642 3666 τὰ
674 3615 934 3685 σεραφὶμ,
955 3614 1027 3668 τὰ
1046 3616 1137 3669 τὸν
1164 3617 1398 3689 Χριστὸν
1428 3618 1523 3671 τοῦ
1544 3618 1682 3672 Θεοῦ
1705 3619 1861 3691 δορυ-

290 3702 579 3773 φοροῦντα,
614 3703 648 3775 ῆ
680 3705 820 3776 τάχα
852 3705 982 3771 ἴσως
1001 3707 1246 3776 ἀγγέλων
1272 3710 1369 3761 καὶ
1397 3709 1557 3763 θείων
1574 3710 1860 3780 δυνάμεων

289 3793 459 3863 χοροὶ,
488 3793 524 3865 ἢ
549 3795 644 3847 καὶ
672 3797 964 3867 προφητῶν
990 3798 1083 3850 καὶ
1124 3797 1473 3864 ἀποστόλων;
1500 3800 1860 3873 ἑρμηνεύεται

290 3883 398 3955 γὰρ
428 3885 501 3939 ea:
545 3888 788 3958 σεραφὶμ
816 3887 974 3958 ἀρχὴ
1008 3890 1307 3958 στόματος
1353 3890 1569 3945 αὐτῶν.
1619 3890 1861 3946 Τοιοῦτοι

290 3976 346 4030 δὲ
370 3978 422 4029 οί
455 3978 734 4049 προφῆται
762 3980 856 4034 καὶ
892 3975 1196 4047 ἀπόστολοι,
1224 3977 1300 4035 ὦν
1342 3981 1432 4035 διὰ
1474 3981 1569 4038 τοῦ
1599 3983 1862 4054 στόματος

291 4070 324 4139 ή
373 4070 601 4141 ἀπαρχὴ
644 4070 837 4139 γέγονε
876 4070 973 4124 τοῦ
1020 4074 1288 4145 σωτηρίου
1342 4072 1698 4147 κηρύγματος
1719 4090 1735 4104 ’
1779 4074 1865 4128 διὸ

290 4160 495 4231 ταύτης
522 4161 714 4232 ἔτυχον
743 4162 843 4233 τῆς
889 4164 1290 4235 προσηγορίας,
1326 4157 1399 4219 ὧν
1434 4165 1526 4219 καὶ
1564 4165 1659 4219 τοῦ
1706 4165 1861 4236 ἁγίου

293 4250 608 4322 Πνεῦματος
637 4253 692 4305 αἰ
722 4252 999 4323 δυνάμεις,
1037 4255 1304 4326 πτέρυγες
1340 4255 1720 4328 ὠνομασμέναι
1739 4296 1756 4321 ,
1794 4257 1863 4311 τὰ

294 4344 391 4412 μὲν
423 4343 619 4413 πρῶτα
640 4346 736 4397 καὶ
765 4343 834 4398 τὰ
861 4344 1064 4399 ὕστατα
1087 4347 1186 4416 τῆς
1219 4346 1312 4400 τοῦ
1335 4347 1470 4401 Θεοῦ
1511 4349 1682 4417 Λόγου
1719 4348 1860 4418 γνώ-

1882 3117 1930 3179 C

1957 1886 1975 1919 ι
2015 1867 2183 1926 Sedes
2211 1880 2327 1937 tua,
2367 1870 2533 1938 Deus,
2573 1872 2629 1927 in
2676 1872 2938 1928 saeculum
2995 1872 3179 1927 saeculi
3203 1869 3271 1933 ",
3304 1889 3324 1922 ι
3358 1886 3523 1940 super

1949 1977 2112 2030 quam
2138 1977 2427 2032 supremus
2449 1973 2503 2019 et
2524 1963 2763 2020 universi
2797 1964 3047 2019 conditor
3078 1964 3242 2027 Deus,
3265 1971 3320 2019 et
3344 1963 3521 2032 ipsius
3583 2000 3589 2006 -

1949 2052 2141 2120 Pater,
2176 2054 2356 2125 ipsum
2387 2063 2645 2127 tanquam
2688 2057 2912 2111 unicum
2944 2071 3008 2110 ac
3036 2055 3301 2110 dilectum
3331 2056 3521 2111 sedere

1946 2145 2202 2215 iubebat,
2224 2146 2451 2202 dicens:
2489 2164 2508 2197 ‹
2542 2146 2681 2203 Sede
2723 2163 2753 2201 a
2787 2147 2995 2203 dextris
3025 2149 3189 2214 meis,
3224 2149 3400 2203 donec
3428 2163 3526 2218 po-

1952 2250 2078 2290 nam
2112 2237 2365 2294 inimicos
2410 2247 2535 2294 tuos
2590 2240 2884 2295 scabellum
2920 2239 3113 2309 pedum
3150 2247 3369 2294 tuorum
3395 2240 3461 2297 3'.
3500 2260 3520 2294 ι

1952 2324 2253 2382 Conﬁrmat
2280 2345 2409 2401 vero
2436 2330 2581 2384 hanc
2612 2339 2858 2386 nostram
2889 2332 2944 2384 in
2969 2331 3068 2387 hos
3092 2332 3237 2386 locos
3267 2334 3526 2401 interpre-

1956 2419 2238 2484 tationem,
2261 2418 2500 2477 Joannes
2531 2422 2886 2492 evangelista,
2928 2422 3020 2492 qui
3056 2432 3343 2493 postquam
3387 2423 3525 2478 cita-

1958 2507 2033 2560 vit
2064 2510 2309 2577 proxime
2338 2510 2615 2580 expositas
2646 2510 2801 2566 Isaiae
2833 2526 2995 2568 voces
3018 2552 3035 2578 ,
3093 2513 3148 2566 in
3192 2513 3392 2583 quibus
3440 2511 3524 2566 di-

1954 2608 2104 2654 ctum
2132 2610 2254 2656 est:
2311 2619 2330 2651 ι
2370 2600 2632 2658 Crassum
2672 2604 2817 2658 enim
2863 2604 3064 2659 factum
3104 2610 3188 2659 ist
3216 2619 3312 2659 cor
3341 2604 3524 2674 populi

1955 2688 2140 2761 hujus,
2175 2698 2232 2746 et
2267 2694 2490 2749 auribus
2515 2694 2630 2749 suis
2652 2695 2890 2766 graviter
2917 2697 3229 2761 audierunt,
3254 2707 3309 2751 et
3336 2697 3526 2751 oculos

1957 2798 2090 2839 suos
2139 2784 2473 2851 clauserunt,
2513 2806 2532 2839 ι
2570 2787 2818 2859 adiungit
2866 2789 2935 2844 de
2969 2789 3204 2855 Christo,
3240 2797 3295 2844 et
3344 2786 3524 2843 dicit:

1963 2892 1984 2924 ι
2019 2872 2141 2928 Haac
2170 2875 2303 2930 dicit
2358 2875 2546 2949 Isaias,
2575 2880 2794 2948 quando
2840 2878 2972 2932 vidit
3017 2880 3246 2950 gloriam
3276 2879 3396 2948 ejus
3421 2918 3437 2943 ,
3472 2886 3526 2932 et

1960 2966 2285 3021 testilicatus
2308 2974 2393 3023 est
2452 2967 2519 3022 de
2568 2985 2633 3022 eo
2662 2968 2728 3024 ⁸⁸.
2766 2987 2786 3021 ι
2814 2968 2951 3024 Cum
2983 2985 3113 3040 ergo
3140 2971 3368 3025 vidisset
3392 2984 3524 3040 pro-

1958 3058 2121 3129 pheta
2164 3058 2467 3115 Salvatoris
2498 3062 2671 3116 nostri
2720 3076 2883 3132 super
2933 3069 3157 3131 paterna
3186 3062 3384 3116 divinae
3412 3077 3526 3115 ma-

1950 3152 2175 3223 jestatis
2203 3167 2268 3207 ac
2297 3154 2449 3224 regni
2478 3152 2609 3209 sede
2638 3154 3075 3221 collocationem,
3098 3154 3391 3225 divinaque
3413 3155 3528 3225 ipse

1958 3253 2107 3302 esset
2140 3244 2346 3316 Spiritu
2400 3246 2695 3302 instinctus
2718 3287 2735 3314 ,
2791 3254 3045 3316 essetque
3082 3244 3340 3317 deinceps
3381 3246 3531 3317 ejus-

1958 3339 2083 3396 dem
2113 3344 2179 3395 ad
2222 3339 2471 3395 homines
2502 3354 2787 3396 accessum
2807 3380 2822 3407 ,
2874 3347 3166 3410 ortumque
3193 3338 3260 3394 de
3311 3339 3531 3411 Virgine

1956 3430 2358 3501 descripturus,
2393 3432 2546 3501 prius
2578 3432 2902 3488 testiﬁcatur
2930 3446 3076 3497 eam,
3108 3431 3267 3502 31]
3302 3448 3425 3501 qua:
3474 3433 3530 3487 in

1960 3538 2178 3578 omnem
2244 3532 2446 3578 terram
2480 3530 2806 3593 perventura
2864 3517 3002 3589 erat,
3063 3525 3453 3593 cognitionem,
3478 3533 3533 3579 et

1960 3616 2148 3687 gloria:
2178 3616 2637 3686 pmdicationem,
2664 3619 2781 3686 ipsa
2811 3617 3083 3686 serapbim
3109 3615 3394 3683 inducens,
3413 3632 3533 3687 qua:

1961 3709 2167 3763 circum
2194 3708 2345 3762 illum
2373 3715 2600 3773 starent,
2628 3721 2694 3762 ac
2732 3707 3020 3762 dicerent:
3061 3726 3079 3757 ι
3122 3704 3530 3772 Sanctus,san-

1960 3810 2105 3868 ctus,
2132 3811 2380 3864 sanctus,
2412 3798 2672 3855 Dominus
2712 3780 2974 3862 Saibaoth,
3007 3798 3166 3868 plena
3212 3807 3301 3855 est
3350 3800 3533 3855 omnis

1960 3900 2109 3948 terra
2140 3893 2312 3965 gloria
2336 3892 2476 3962 ejus.
2517 3912 2536 3944 ι
2571 3890 2678 3947 Sed
2716 3907 2967 3963 qurenam
2993 3891 3357 3947 existimanda
3405 3899 3534 3948 sunt

1964 3985 2080 4041 hate
2107 3984 2403 4054 seraphim,
2431 3983 2711 4039 Christum
2742 3982 2839 4039 Dei
2859 3981 3161 4054 stipantia?
3189 3981 3328 4037 Num
3365 3983 3533 4037 forsi-
3640 4026 3643 4027 ν

1963 4083 2056 4130 tan
2084 4076 2399 4147 angelorum
2431 4090 2494 4130 ac
2525 4073 2832 4128 divinarum
2871 4081 3202 4140 potestatum
3233 4073 3388 4128 chori
3415 4115 3431 4138 ,
3465 4088 3535 4128 an

1962 4181 2093 4221 vero
2120 4166 2507 4236 prophetarum
2546 4174 2709 4237 atque
2752 4164 3162 4235 apostolorum?
3205 4178 3332 4219 nam
3381 4179 3538 4220 sera-

1966 4259 2112 4328 pbim
2144 4259 2190 4314 si
2230 4259 2637 4329 interpreteris,
2675 4258 2884 4312 initium
2920 4259 3027 4312 oris
3057 4259 3293 4327 ipsorum
3322 4256 3533 4313 audias.

1965 4348 2126 4404 Tales
2159 4363 2289 4403 vero
2320 4358 2374 4403 et
2407 4349 2683 4418 prophetat
2711 4357 2768 4403 et
2803 4347 3057 4420 apostoli,
3084 4362 3180 4417 per
3199 4360 3428 4414 quorum
3447 4359 3534 4411 os,

295 4449 429 4496 σεως
476 4433 942 4505 ἐπικρύπτουσιν,
987 4436 1064 4499 ὡς
1104 4437 1318 4509 ἄρρητα
1357 4439 1450 4492 καὶ
1503 4438 1862 4509 ἀκατάληπτα

1967 4439 2140 4493 instar
2165 4438 2548 4509 primitiarum,
2592 4439 2809 4493 initium
2838 4436 3095 4493 salutaris
3131 4435 3534 4506 praedicationis

291 4523 418 4579 ὄντα
446 4526 547 4597 τὴν
578 4525 762 4595 φύσιν,
796 4525 864 4579 τὰ
889 4526 947 4579 δὲ
975 4526 1116 4597 μέσα
1142 4527 1242 4597 τῆς
1276 4528 1404 4600 περί
1452 4529 1616 4583 αὐτοῦ
1657 4532 1863 4584 οἰκονο-

295 4618 420 4688 μίας
445 4618 819 4688 ὲκφαίνουσιν,
842 4619 922 4673 ὅτι
955 4619 1018 4691 δὴ
1046 4620 1182 4690 μόνα
1203 4621 1418 4689 γνωστὰ
1452 4621 1624 4675 ταῦτα
1655 4621 1866 4691 ἀνθρώ-

294 4727 408 4764 πων
433 4711 617 4780 φύσει,
643 4710 752 4765 τῶν
795 4711 1050 4765 ἐπέκεινα
1104 4712 1198 4765 καὶ
1254 4712 1361 4765 τῶν
1403 4712 1540 4783 μετὰ
1587 4713 1761 4768 ταῦτα
1809 4715 1865 4765 ἐν

293 4802 624 4873 ἀπορρήτοις
659 4800 1050 4872 σεσιγημένων.
1078 4800 1187 4853 Καὶ
1223 4800 1478 4870 δυνάμεις
1516 4801 1572 4854 δὲ
1599 4802 1738 4857 θεῖαι
1773 4802 1867 4856 καὶ

292 4894 533 4965 οὐράνιοι
573 4889 682 4946 εἷεν
711 4893 797 4957 ἂν,
833 4892 920 4946 διὰ
955 4892 1015 4946 τὸ
1059 4892 1299 4963 σεραφίμ
1337 4891 1729 4962 ἑρμηνεύεσθαι
1769 4892 1868 4961 ἐμ-

292 4986 565 5055 πρησμοί
585 5004 599 5016 ·
634 4984 714 5046 διὸ
752 4984 997 5056 εἴρηται·
1043 5004 1063 5037 ‹
1111 4986 1168 5038 '0
1216 4984 1383 5037 ποιῶν
1431 4985 1556 5046 τοὺς
1606 4984 1868 5053 ἀγγέλους

292 5078 454 5131 αὑτοῦ
482 5077 803 5149 πνεύματα,
839 5078 933 5130 καὶ
965 5078 1090 5142 τοὺς
1126 5077 1469 5149 λειτουργοὺς
1501 5074 1666 5129 αὑτοῦ
1698 5077 1869 5147 πυρὸς

296 5168 486 5237 φλόγα.
521 5186 541 5219 ι
573 5167 891 5239 Κεκράγασι
917 5167 974 5220 δὲ
1012 5162 1156 5220 οὗτοι
1202 5166 1293 5219 καὶ
1322 5164 1520 5234 βοῶσιν
1560 5165 1745 5235 ἕτερος
1792 5162 1868 5234 τῷ

294 5259 465 5332 ἑτέρῳ
494 5258 639 5313 κατά
665 5258 765 5330 τὴν
806 5258 1010 5313 οἰκείαν
1044 5257 1291 5328 δύναμιν,
1324 5257 1423 5329 τὴν
1471 5256 1732 5326 ἀγιότητα
1773 5256 1866 5313 τοῦ

296 5347 715 5420 θεολογουμένου
738 5349 1133 5421 παριστῶντες,
1162 5349 1255 5401 καὶ
1280 5336 1420 5415 τόγε
1449 5348 1665 5402 πάντων
1692 5365 1868 5419 παρα-

292 5440 607 5506 δοξότατον,
654 5438 1048 5509 θεολογοῦντες.
1095 5441 1215 5492 Ὅτι
1263 5441 1337 5510 μὴ
1379 5440 1537 5509 μόνος
1569 5440 1663 5493 καὶ
1701 5438 1769 5493 τὰ
1810 5440 1867 5490 ἐν

294 5530 510 5603 οὐρανῷ
532 5530 712 5588 πάντα
737 5529 914 5602 πλήρη
941 5530 1196 5600 τυγχάνει
1222 5530 1320 5600 τῆς
1343 5527 1647 5598 δοξολογίας
1677 5528 1864 5595 αὐτοῦ,

1972 4530 2174 4581 tactum
2197 4537 2304 4591 est,
2327 4543 2394 4582 ex
2419 4543 2528 4597 quo
2558 4527 2974 4597 appellationem
3007 4526 3147 4579 hanc
3178 4524 3357 4578 sortiti
3386 4532 3534 4587 sunt,

1973 4618 2115 4672 sicut
2155 4617 2318 4671 etiam
2354 4617 2525 4672 sancti
2548 4615 2786 4686 Spiritus
2828 4622 3147 4685 potestates,
3171 4629 3291 4684 qua:
3318 4613 3417 4667 alte
3440 4629 3539 4668 no-

1974 4709 2192 4763 minata:
2243 4716 2399 4770 sunt,
2436 4708 2641 4777 primas
2669 4707 2886 4777 quidem
2939 4716 3102 4776 atque
3149 4716 3421 4761 extremas
3473 4705 3541 4760 de

1974 4799 2084 4854 Deo
2111 4798 2291 4855 Verbo
2340 4800 2545 4855 notitia:
2573 4806 2754 4869 partes
2793 4798 3091 4862 occultant,
3131 4807 3392 4869 tanquam
3444 4812 3537 4853 eas

1973 4905 2094 4960 quae
2120 4897 2313 4960 suapte
2351 4896 2544 4942 natura
2591 4904 2766 4959 neque
2795 4888 2903 4943 dici
2952 4904 3129 4958 neque
3158 4886 3543 4957 comprehendi

1973 4982 2221 5049 possint;
2272 4994 2393 5049 quae
2445 4994 2572 5033 vero
2619 4979 2793 5050 ipsius
2846 4977 2916 5033 de
2970 4978 3063 5033 illo
3113 4975 3547 5047 dispensationis

1974 5071 2164 5127 media:
2202 5078 2350 5137 sunt,
2378 5085 2472 5126 eas
2504 5071 2800 5126 ostendunt
2827 5110 2842 5135 ,
2898 5077 3187 5140 propterea
3243 5067 3392 5140 quod
3426 5067 3542 5123 sola

1973 5164 2088 5218 haec
2115 5174 2323 5219 natura:
2351 5163 2631 5219 hominum
2682 5163 3092 5235 eognoscihilia,
3132 5176 3255 5218 eum
3307 5176 3371 5216 ea
3424 5175 3543 5230 qum

1974 5271 2139 5327 supra
2167 5256 2281 5311 hac
2305 5263 2359 5310 et
2391 5262 2515 5325 post
2539 5254 2652 5309 haec
2683 5255 2889 5324 reliqua
2928 5262 3077 5321 sunt,
3110 5252 3165 5307 in
3197 5250 3415 5307 arcanis
3445 5250 3544 5303 ha-

1976 5350 2085 5404 bita
2120 5349 2404 5405 sileantur.
2438 5347 2703 5404 Praeterea
2733 5348 2929 5402 divina:
2973 5362 3039 5401 ac
3085 5346 3339 5401 caelestes
3399 5350 3545 5413 pote-

1975 5449 2166 5505 states,
2197 5449 2456 5512 poterunt
2502 5440 2631 5495 item
2680 5440 2946 5496 vocabulo
2988 5438 3260 5509 seraphim
3285 5433 3543 5503 intelligi,

1973 5537 2244 5600 quatenus
2274 5529 2378 5583 alia
2408 5528 2641 5598 quadam
2674 5528 2920 5611 ratione,
2955 5527 3229 5598 seraphim
3259 5541 3324 5581 ex
3374 5525 3545 5579 inter-

366 5707 409 5740 ³⁸
439 5706 541 5763 lsa.
578 5722 654 5771 γι,
690 5705 841 5759 8-H.
922 5705 968 5737 ⁸⁸
996 5704 1141 5760 Psal.
1176 5721 1321 5767 thv,
1353 5706 1407 5763 7.
1485 5707 1528 5739 ³⁷
1555 5704 1698 5762 Psal.
1729 5720 1839 5774 cur,
1869 5705 1999 5771 1,2.
2076 5706 2119 5739 ³⁸
2156 5704 2311 5762 Joan.
2345 5720 2444 5772 xu,
2478 5684 2675 5776 40,“.

665 5802 940 5865 Parum.
981 5801 1097 5863 Ge.
1142 5801 1352 5868 XXII.

3114 5806 3185 5865 16
