3902 6264
427 290 523 348 49!

1096 288 1364 345 EUSEBII
1402 285 1878 344 CESARlENSlS
1913 287 2063 344 OPP.
2108 286 2288 344 PARS
2323 289 2475 344 l'l.-—-
2499 285 2992 342 APOLOGETICA.

3556 291 3650 346 499

428 407 751 477 pretatione,
778 405 1025 461 incendia
1054 405 1384 476 signiﬁcant,
1406 420 1473 460 ex
1495 421 1605 476 quo
1631 406 1761 460 illud
1789 406 1990 460 dictum

2096 406 2229 460 ἀλλὰ
2253 407 2348 459 καὶ
2393 408 2539 459 πᾶσα
2570 407 2603 477 ὴ
2641 404 2713 475 γῆ
2758 403 2858 474 τῆς
2888 402 3058 473 αὐτῆς
3103 401 3329 473 μετέσχε
3364 402 3648 475 δυνάμεως¹

422 509 544 555 est:
580 516 599 549 ι
647 498 749 565 Qui
786 498 916 552 facit
960 498 1182 568 angelos
1226 512 1368 552 suos
1426 497 1685 567 spiritus,
1735 510 1789 552 et
1832 497 1997 552 mini-

422 600 569 643 ιιι-οε
603 603 735 643 suos
764 587 908 658 ignis
940 587 1215 641 ﬂammam
1241 587 1304 644 ³⁸.
1343 606 1362 639 ι
1397 586 1649 642 Clamant
1673 601 1836 657 porro
1854 587 1912 641 bi
1941 594 1995 641 et

424 679 808 749 vociferantur,
841 679 979 734 alter
1008 679 1074 733 ad
1101 679 1328 734 alterum
1366 694 1466 749 pro
1496 680 1612 735 suis
1650 679 1882 749 quisque
1909 679 1994 733 vi-

423 771 596 837 ribus,
632 771 975 826 sanctitatem
1002 771 1144 840 ejus,
1172 771 1240 826 de
1267 787 1373 842 quo
1399 779 1456 826 ut
1480 771 1547 826 de
1588 769 1698 825 Deo
1756 770 1997 840 loquitur

422 869 705 938 propheta,
730 868 1200 930 commendantes,
1232 874 1286 922 et
1311 867 1456 937 quod
1485 866 1728 920 omnium
1758 865 1997 919 admira-

421 963 571 1017 tione
600 961 982 1031 dignissimum
1009 970 1112 1025 est,
1138 959 1443 1030 theologice
1465 957 1825 1024 declarantes,
1848 958 1995 1029 quod

420 1066 530 1106 non
569 1050 731 1105 modo
762 1050 982 1114 cadum,
1011 1057 1065 1104 et
1109 1064 1233 1120 quae
1257 1049 1312 1103 in
1353 1049 1494 1103 cmlo
1532 1056 1695 1113 sunt,
1740 1049 1995 1105 universa

423 1141 581 1211 plena
616 1147 746 1194 sunt
783 1139 1068 1209 majestate
1098 1148 1153 1194 et
1178 1140 1351 1209 gloria
1379 1139 1520 1209 ejus,
1556 1139 1652 1194 sed
1680 1140 1843 1193 etiam
1871 1155 1994 1195 om-

422 1236 507 1287 nis
536 1244 677 1287 terra
710 1230 952 1300 ejusdem
1013 1230 1289 1285 facultatis
1329 1245 1392 1285 ac
1433 1230 1653 1287 virtutis
1699 1239 1783 1286 est
1828 1234 2000 1303 parti-

420 1339 580 1395 ceps,
632 1334 855 1394 propter
888 1323 1038 1393 ejus,
1075 1324 1168 1393 qui
1200 1323 1416 1378 canitur
1458 1324 1526 1378 de
1557 1324 1697 1379 crnlo
1727 1325 1793 1379 ad
1820 1325 1995 1380 homi-

422 1432 542 1481 nes,
574 1415 924 1481 descensum,
954 1415 1021 1469 de
1056 1430 1164 1485 quo
1194 1416 1450 1485 deinceps
1488 1415 1704 1486 longius
1738 1431 1995 1487 progres-

423 1522 544 1562 sum
575 1507 857 1562 oraculum
906 1506 1269 1571 vaticinatur,
1325 1522 1427 1562 nec
1458 1522 1570 1563 non
1607 1519 1664 1564 et
1718 1518 1899 1565 ortum
1929 1512 1997 1566 de

423 1599 667 1673 Virgine,
698 1609 752 1657 et
780 1615 875 1671 per
904 1600 1048 1655 hunc
1081 1601 1245 1657 latius
1288 1601 1341 1656 iu
1386 1618 1604 1658 onmem
1638 1611 1839 1658 terram
1882 1605 1996 1659 dis-

421 1693 743 1750 seminatum
773 1692 959 1763 gloriae
1008 1693 1127 1762 ejus
1180 1692 1597 1751 celebrationem
1625 1736 1639 1760 ,
1689 1696 1993 1752 denuntiat.

419 1784 685 1842 Dominus
732 1757 911 1849 autem
976 1757 1218 1840 Sabaoth
1270 1802 1335 1840 ex
1383 1757 1866 1859 interpretatione,
1910 1798 1995 1846 est
2028 1757 2073 1818 Β

420 1877 677 1933 Dominus
705 1879 1029 1932 exercituum
1053 1894 1073 1931 .'
1104 1880 1150 1935 is
1183 1886 1363 1933 autem
1394 1881 1496 1936 erit
1528 1881 1736 1951 primus
1768 1881 1995 1952 impera-

420 1977 506 2022 tor
533 1968 868 2024 exercituum
902 1967 1148 2035 Domini,
1181 1985 1341 2040 quem
1379 1971 1432 2025 in
1460 1972 1621 2026 tertio
1644 1988 1708 2027 ac
1734 1974 1995 2029 vicesimo

422 2061 631 2128 psalmo
680 2058 969 2114 Dominum
1009 2058 1269 2128 Sabaoth,
1303 2060 1502 2116 divinat
1534 2077 1727 2119 rursus
1753 2074 1995 2134 potesta-

419 2162 504 2207 tes
550 2152 859 2224 appellant,
917 2153 1009 2208 ubi
1061 2153 1307 2223 ejusdem
1365 2155 1432 2210 de
1486 2167 1628 2210 terra
1677 2156 1745 2210 ad
1795 2159 1994 2213 ctelum

420 2258 708 2301 accensam
731 2244 998 2314 divinant,
1020 2253 1074 2300 et
1102 2253 1305 2300 canunt
1335 2248 1514 2303 verbis
1552 2248 1666 2303 illis
1691 2265 1706 2304 :
1741 2265 1763 2299 ι
1800 2247 1996 2306 Tollite

418 2345 636 2406 portas,
690 2337 1002 2407 principes,
1059 2348 1302 2401 vestras,
1364 2345 1418 2393 et
1462 2338 1783 2407 clevamini,
1827 2350 1996 2410 porta:

417 2440 652 2494 aeternis,
683 2440 738 2485 et
788 2429 1034 2484 introibit
1059 2428 1174 2484 Rex
1202 2429 1405 2500 gloria).
1466 2429 1600 2496 Quis
1628 2442 1708 2486 est
1747 2432 1850 2486 istc
1899 2448 1991 2487 rex

418 2522 638 2594 gloriae?
659 2521 920 2577 Dominus
939 2523 1298 2587 exercituum,
1324 2522 1442 2592 ipse
1457 2531 1542 2578 est
1560 2539 1653 2578 rex
1671 2524 1856 2594 gloriae
1874 2524 1939 2577 ⁴⁰.
1969 2544 1987 2575 ι

417 2615 579 2687 312
613 2614 911 2669 Hebraicus
955 2615 1100 2669 enim
1144 2621 1431 2670 contextus
1472 2616 1575 2669 hoc
1627 2615 1746 2670 loco
1799 2631 1994 2673 rursus

420 2707 709 2760 Dominum
745 2704 986 2760 Sabaoth
1035 2706 1189 2760 illurn
1236 2715 1396 2761 vocat
1424 2715 1525 2761 :‘et
1571 2708 1831 2777 quoniam
1877 2709 1994 2778 ipse

419 2810 501 2855 est
531 2798 643 2854 Rex
667 2799 873 2868 gloriae,
911 2808 966 2855 et
1000 2806 1222 2869 propter
1249 2797 1369 2868 ejus
1399 2798 1712 2865 adventum,
1749 2799 1991 2855 futurum

418 2901 536 2947 erat
575 2902 634 2947 ut
659 2894 836 2947 omnis
874 2901 1018 2947 terra
1060 2893 1377 2962 impleretur
1406 2894 1577 2964 gloria
1619 2895 1760 2964 ejus,
1795 2895 1994 2950 merito

421 2985 562 3054 quod
597 2984 836 3038 futurum
868 2994 1005 3049 erat,
1028 2992 1081 3038 et
1115 2984 1170 3037 in
1202 2984 1487 3055 propheta,
1517 2992 1572 3039 et
1603 2978 1656 3038 in
1682 2986 1892 3055 psalmo
1909 2986 1995 3042 di-

421 3086 568 3131 ctum
601 3087 703 3132 est.
739 3075 795 3130 In
827 3075 1094 3147 propheta
1119 3075 1340 3146 quidem
1381 3076 1491 3132 illis
1517 3077 1699 3132 verbis
1726 3096 1739 3131 :
1776 3096 1794 3129 ι
1824 3077 1990 3134 Plena

418 3177 504 3224 est
525 3171 705 3225 omnis
738 3178 881 3223 terra
916 3169 1090 3239 gloria
1115 3167 1274 3238 ejus;
1311 3189 1330 3222 ι
1360 3169 1411 3223 in
1444 3169 1653 3239 psalmo
1681 3178 1860 3225 autem
1880 3172 1994 3225 ini-

416 3263 494 3316 tio
527 3261 710 3315 statim
744 3259 835 3315 ubi
876 3260 951 3313 ait
981 3277 993 3313 :
1032 3278 1051 3312 ι
1084 3258 1302 3315 Domini
1350 3266 1436 3316 est
1467 3271 1613 3316 terra
1642 3268 1696 3316 et
1718 3262 1995 3332 plenitudo

417 3354 575 3423 ejus,
631 3352 781 3407 orbis
830 3359 1125 3416 terrarum,
1158 3360 1212 3408 et
1266 3368 1458 3409 omnes
1495 3355 1588 3424 qui
1636 3354 1885 3410 habitant
1936 3356 1992 3410 in

415 3442 573 3500 eo“.
604 3463 623 3496 ›
665 3440 762 3498 His
782 3450 963 3497 autem
993 3442 1254 3496 vaticinio
1279 3443 1707 3511 comprehensis,
1737 3444 1993 3515 deinceps

420 3550 743 3607 progressus
789 3533 1056 3606 propheta
1088 3535 1421 3590 testiﬁcatur
1462 3537 1608 3606 quod
1649 3537 1775 3591 licet
1814 3539 1992 3593 omnis

418 3637 565 3682 terra
607 3626 790 3681 futura
828 3627 899 3682 sit
940 3628 1096 3697 plena
1154 3628 1325 3698 gloria
1360 3628 1514 3696 ejus,
1550 3636 1791 3684 attamen
1839 3630 1992 3684 illum

409 3717 641 3774 .Judaica
673 3734 806 3790 gens
837 3727 1130 3788 acceptura
1147 3734 1254 3774 non
1283 3719 1376 3773 sit.
1406 3718 1597 3789 Itaque
1628 3719 1735 3775 ait:
1767 3718 1831 3773 Et
1854 3719 1993 3775 dixit

412 3809 685 3867 tDominus
732 3812 845 3882 (ille
893 3811 1146 3868 videlicet
1185 3812 1277 3882 qui
1326 3811 1480 3868 visus
1521 3811 1697 3867 fuerat
1728 3811 1991 3868 Dominus

410 3901 659 3958 ‘Sabaoth
690 3903 904 3973 ),Quem
935 3906 1143 3958 mittam
1165 3946 1178 3964 .
1202 3904 1397 3973 etquis
1425 3902 1586 3959 vadet
1637 3905 1702 3957 ad
1734 3905 1988 3974 populum

408 3995 602 4051 hunc?
639 3994 704 4049 Et
753 3995 886 4061 dixi,
924 3994 1062 4052 Ecce
1087 4011 1186 4064 ego
1211 4011 1352 4059 sum,
1386 3998 1539 4051 mitte
1568 4012 1675 4053 me.
1717 3996 1782 4050 Et
1808 3997 1987 4052 dixit:

411 4084 588 4150 Vade,
604 4096 659 4142 et
673 4087 758 4142 dic
780 4089 981 4159 p0pulo
1006 4089 1154 4151 huic,
1174 4089 1356 4143 auditu
1375 4090 1604 4145 audietis
1631 4100 1685 4146 et
1701 4105 1809 4145 non
1834 4091 1991 4144 intel-

410 4178 638 4250 ligetis,
679 4187 734 4236 et
779 4181 1053 4236 intuentes
1098 4181 1462 4246 intuebimini,
1494 4189 1683 4237 etnon
1716 4182 1986 4237 videbitis.

413 4270 676 4327 Crassum
695 4274 840 4327 enim
863 4273 1064 4329 factum
1080 4282 1164 4330 est
1180 4289 1276 4328 cor
1290 4275 1474 4345 populi
1491 4274 1673 4344 hujus.
1694 4283 1748 4329 et
1765 4275 1990 4330 auribus

414 4364 535 4420 suis
563 4365 798 4436 graviter
833 4365 1141 4431 audierunt,
1174 4375 1228 4421 et
1258 4366 1447 4421 oculos
1473 4382 1603 4422 suos
1651 4367 1986 4432 clauserunt,

2096 498 2183 552 διὰ
2212 498 2310 570 τὴν
2353 498 2412 565 ἐξ
2462 498 2704 569 οὐρανῶν
2736 500 2816 560 εἰς
2861 494 3179 567 ἀνθρώπους
3207 494 3371 548 αὐτοῦ
3422 494 3652 562 θεσπιζο-

2099 593 2266 663 μένην
2295 590 2536 655 κάθοδον,
2567 591 2635 662 ἢν
2668 590 2872 663 προῖὼν
2911 589 3040 659 ἑξῆς
3066 590 3095 641 6
3125 589 3279 657 λόγος
3316 592 3650 662 προφητεύει,

2095 684 2192 755 τὴν
2211 685 2277 737 ἐκ
2300 684 2575 755 Παρθένου
2608 684 2818 753 γένεσιν
2846 682 2940 736 καὶ
2966 683 3063 753 τήν
3101 681 3187 734 διὰ
3228 681 3433 752 ταύτης
3458 687 3534 747 εἰς
3563 688 3649 738 πᾶ-

2097 794 2196 830 σαν
2228 775 2322 847 τὴν
2358 777 2461 846 γῆν
2488 775 2898 843 ὲφαπλωθεῖσαν
2929 772 3234 843 δοξολογίαν
3268 774 3435 829 αὑτοῦ
3470 778 3654 848 κηρύτ-

2094 886 2218 922 των.
2272 869 2474 940 Κύριος
2516 869 2573 923 δὲ
2617 867 2843 922 Σαϐαὼθ
2897 867 3253 941 ἑρμηνεύεται
3311 869 3522 936 Κύριος
3550 852 3654 923 τῶν

2095 960 2405 1030 δυνάμεων
2425 977 2436 985 ·
2483 960 2643 1024 αὐτὸς
2674 961 2717 1013 δ’
2753 960 2818 1014 ἂν
2858 961 2943 1031 εἴη
2978 962 3006 1012 6
3036 959 3474 1031 ἀρχιστράτηγος
3508 959 3652 1013 δυνά.

2100 1071 2245 1125 μεως
2268 1054 2496 1126 Κυρίου,
2520 1054 2578 1106 δν
2615 1053 2708 1106 καὶ
2745 1055 2803 1105 ὲν
2846 1059 2930 1122 κγ’
2961 1050 3160 1122 ψαλμῷ
3202 1050 3410 1122 Κύριον
3445 1051 3651 1106 Σαϐαὼθ

2095 1148 2151 1200 αἱ
2183 1146 2323 1200 θεῖαι
2368 1145 2528 1199 πάλιν
2562 1144 2896 1200 ἀποκαλοῦσι
2947 1145 3238 1216 δυνάμεις,
3274 1144 3376 1214 τὴν
3426 1142 3531 1196 ἀπὺ
3561 1142 3652 1213 γῆς

2097 1238 2177 1299 εἰς
2201 1236 2463 1307 οὐρανοὺς
2487 1234 2671 1289 ἄνοδον
2698 1234 2861 1288 αὐτοῦ
2888 1233 3258 1298 θεσπίζουσαι,
3282 1233 3350 1286 δι’
3378 1226 3453 1286 ὧν
3480 1248 3650 1302 φασιν·

2103 1348 2122 1380 ι
2153 1328 2353 1398 Ἀρατε
2404 1327 2596 1393 πύλας,
2634 1327 2683 1379 οἱ
2711 1326 2991 1398 ἄρχοντες,
3032 1325 3204 1397 ὑμῶν,
3239 1325 3334 1378 καὶ
3361 1324 3651 1396 ὲπάρθητε,

2096 1420 2261 1474 πύλαι
2299 1417 2526 1482 αίὼνιοι,
2572 1420 2665 1473 καὶ
2705 1418 3067 1472 εἰσελεύσεται
3103 1419 3131 1470 6
3167 1416 3422 1487 βασιλεὺς
3456 1415 3549 1486 τῆς
3578 1416 3653 1470 δό-

2098 1512 2213 1582 ξης.
2270 1512 2366 1575 Τίς
2425 1515 2573 1565 ἐστιν
2601 1505 2751 1573 οὗτος
2774 1511 2803 1563 6
2835 1510 3085 1581 βασιλεὺς
3114 1509 3211 1580 τῆς
3237 1508 3434 1579 δόξης;
3473 1506 3654 1578 Κύριος

2096 1603 2196 1673 τῆς
2237 1602 2551 1675 δυνάμεως,
2588 1602 2750 1666 αὐτός
2796 1603 2944 1655 ἐστιν
2972 1602 3001 1653 6
3027 1598 3277 1670 βασιλεὺς
3308 1599 3409 1668 τῆς
3440 1597 3602 1668 δόξης.
3630 1618 3647 1647 ο

2098 1689 2171 1742 Τὸ
2206 1690 2335 1757 γοῦν
2377 1690 2659 1761 Ἐϐραῖκὸν
2699 1690 2859 1743 πάλιν
2912 1688 3146 1743 ἐνταῦθα
3187 1688 3394 1759 Κύριον
3446 1687 3650 1741 meum

2099 1780 2257 1834 αὑτὸν
2285 1779 2475 1833 καλεῖ·
2516 1779 2610 1833 καὶ
2655 1779 2948 1851 ἐπειδήπερ
2979 1779 3141 1842 αὐτός
3183 1780 3333 1832 ἐστιν
3362 1779 3391 1830 6
3423 1776 3650 1848 βασιλεὺς

2098 1873 2198 1944 τῆς
2230 1873 2408 1944 δόξης,
2435 1873 2524 1927 διά
2548 1890 2609 1926 τε
2636 1873 2733 1941 τὴν
2769 1871 3063 1943 ἐπιδημίαν
3097 1871 3261 1925 αὐτοῦ
3296 1870 3485 1942 ἔμελλε
3520 1872 3649 1925 πᾶσα

2098 1969 2132 2038 ἡ
2159 1966 2228 2036 Υῆ
2255 1964 2592 2036 πληροῦσθαι
2614 1964 2711 2035 τῆς
2739 1965 2895 2035 δόξης
2921 1963 3105 2026 αὐτοῦ,
3135 1962 3362 2026 εἰκότως
3393 1961 3454 2014 τὸ
3481 1960 3650 2032 μέλλον

2100 2057 2316 2110 ἔσεσθαι
2374 2057 2431 2109 ἐν
2475 2074 2534 2110 τε
2582 2056 2660 2127 τῷ
2714 2057 2967 2129 προφήτῃ
3016 2055 3306 2122 λέλεκται,
3354 2056 3449 2107 καὶ
3491 2056 3544 2106 ἐν
3582 2052 3651 2124 τῷ

2098 2148 2324 2220 ψαλμῷ
2355 2149 2413 2201 ὲν
2450 2150 2548 2219 μὲν
2576 2149 2654 2220 τῷ
2677 2150 2927 2221 προφήτῃ
2959 2148 3049 2201 διὰ
3075 2146 3192 2214 τοῦ,
3232 2169 3252 2199 ι
3285 2146 3500 2218 mqu
3520 2147 3649 2201 πᾶσα

2100 2243 2135 2312 ἡ
2169 2242 2242 2312 γῆ
2289 2242 2388 2312 τῆς
2426 2241 2583 2311 δόξης
2624 2240 2785 2294 αὑτοῦ
2807 2257 2819 2270 ·
2850 2260 2868 2291 ι
2909 2242 2967 2293 ὲν
2998 2241 3056 2293 δὲ
3092 2239 3169 2311 τῷ
3204 2238 3407 2310 ψαλμῷ
3449 2237 3530 2291 διὰ
3565 2234 3648 2305 τῆς

2100 2335 2273 2406 ἀρχῆς
2314 2334 2655 2406 φασκούσης·
2696 2354 2714 2385 ι
2744 2334 2850 2387 Τοῦ
2884 2335 3089 2406 Κυρίου
3120 2338 3153 2406 ή
3197 2333 3274 2404 γῆ
3314 2333 3494 2387 καὶτὸ
3532 2331 3649 2402 πλήο

2104 2442 2260 2497 ρωμα
2282 2426 2468 2495 αὐτῆς,
2491 2427 2524 2496 ή
2546 2426 2858 2497 οἰκουμένη,
2876 2426 2971 2479 καὶ
3004 2426 3198 2490 πάντες
3219 2430 3269 2480 οἱ
3299 2425 3648 2488 κατοικοῦντες

2101 2521 2159 2571 ὲν
2189 2519 2346 2590 αὐτῇ.
2381 2538 2399 2571 ι
2450 2518 2664 2572 Τούτων
2715 2519 3183 2589 τεθεσπισμένων,
3230 2521 3361 2593 ἑξῆς
3397 2520 3587 2583 ὑποϐὰς
3623 2520 3649 2573 ὁ

2101 2612 2385 2681 προφήτης
2414 2609 2767 2681 μαρτύρεται,
2794 2610 2874 2664 ὅτι
2907 2611 2992 2682 δὴ,
3022 2612 3071 2664 εί
3115 2612 3209 2665 καὶ
3253 2613 3468 2683 πλήρης
3510 2611 3645 2664 ἔσται

2102 2704 2248 2755 πᾶσα
2285 2704 2316 2772 ή
2349 2703 2419 2773 γῆ
2449 2703 2545 2773 τῆς
2586 2702 2742 2772 δόξης
2789 2702 2986 2769 αὐτοῦ,
3026 2702 3161 2757 ἀλλά
3202 2720 3268 2773 γε
3310 2703 3371 2757 τὸ
3408 2702 3645 2757 Ἰουδαίων

2101 2794 2249 2857 ἔθνος
2285 2795 2347 2847 ού
2382 2797 2730 2866 προσήσεται·
2774 2795 2855 2848 διό
2884 2812 3045 2866 φησι·
3080 2814 3097 2847 ι
3136 2797 3246 2850 Καὶ
3279 2791 3399 2849 εἶπε
3442 2796 3641 2867 Κύριος,

2098 2885 2258 2949 αὐτὸς
2302 2885 2498 2957 δηλαδὴ
2521 2887 2549 2938 ὁ
2574 2887 2811 2958 τεθεωρη
2821 2888 2979 2958 μένος
3001 2887 3205 2960 Κύριος
3232 2886 3455 2942 Σαϐαιὶιο
3473 2904 3486 2917 ·
3528 2886 3644 2940 Τίνα

2098 2976 2441 3043 ἀποστείλω;
2477 2979 2571 3032 καὶ
2609 2979 2694 3041 τίς
2734 2979 3057 3051 πορεύσεται
3098 2980 3235 3052 πρὸς
3265 2981 3357 3034 τὸν
3386 2978 3505 3033 λαὸν
3533 2974 3615 3030 τοιῖ

2097 3087 2223 3136 τους
2256 3071 2366 3124 Καὶ
2390 3067 2551 3123 εἶπαο
2592 3070 2720 3124 Ἰδού
2778 3074 2893 3142 εἰμι
2929 3070 3060 3140 ἐγὼ,
3096 3071 3417 3125 ἁπόστειλόν
3442 3088 3522 3141 με.
3549 3070 3642 3123 Καὶ.

2095 3158 2240 3215 εἴπεο
2289 3161 2624 3235 Πορεύθητι,
2674 3164 2769 3218 καὶ
2805 3160 2960 3219 εἷπον
3007 3165 3084 3236 τῷ
3115 3164 3231 3235 λαῷ
3264 3164 3467 3235 τούτῳ’
3501 3163 3639 3233 Ἀκοῇ

2094 3259 2377 3323 ἀκούσετε,
2407 3261 2499 3314 καὶ
2529 3262 2589 3313 ού
2626 3262 2700 3333 μὴ
2727 3262 2917 3332 συνῆτε
2944 3280 2956 3292 ·
2992 3263 3084 3316 καὶ
3106 3261 3395 3333 βλέποντες
3422 3262 3637 3333 βλέψετε,

2093 3355 2188 3406 καὶ
2254 3353 2316 3405 ού
2372 3352 2446 3424 μὴ
2495 3353 2660 3425 ἴδητε.
2718 3352 3022 3424 Ἐπαχύνθη
3079 3354 3188 3425 γὰρ
3236 3356 3272 3425 ἡ
3330 3353 3517 3424 καρδία
3556 3349 3638 3405 τού

2092 3443 2221 3497 λαοῦ
2253 3443 2464 3507 τούτου,
2491 3444 2585 3498 καὶ
2624 3447 2735 3507 τοῖς
2770 3443 2904 3497 ὠσὶν
2941 3443 3117 3497 αὐτῶν
3166 3442 3378 3516 βαρέως
3406 3445 3638 3515 ἥκουσαν,

2093 3535 2189 3590 καὶ
2234 3535 2360 3600 τοὺς
2414 3534 2723 3606 ὀφθαλμοὺς
2776 3535 2954 3588 αὐτῶν
3015 3534 3384 3606 ἐκάμμυσαν,
3453 3533 3637 3604 μήποτε

2095 3627 2246 3681 ῐδωσι
2283 3630 2396 3692 τοῖς
2425 3627 2722 3699 ὀφθαλμοῖς
2766 3628 2978 3692 αὐτῶν,
3005 3629 3099 3682 καὶ
3140 3631 3254 3692 τοῖς
3306 3628 3437 3682 ὠσὶν
3480 3622 3637 3680 αὐτῶν

2091 3721 2384 3786 ἀκούσωσι,
2411 3721 2506 3774 καὶ
2545 3724 2610 3791 τῇ
2643 3720 2840 3793 καρδία
2884 3720 3105 3785 συνῶσι,
3141 3722 3233 3774 καὶ
3274 3718 3633 3791 ὲπιστρέψωσι,

2093 3815 2188 3867 καὶ
2225 3815 2462 3885 ίάσωμαι
2488 3815 2701 3878 αύτούς.
2729 3832 2746 3865 ι
2786 3813 2863 3868 Δι’
2886 3808 2961 3868 ὧν
2987 3814 3247 3887 ἄντικρυς
3283 3812 3517 3876 θεσπίζει
3552 3810 3636 3880 τὴν

2092 3907 2355 3977 ἐσομένην
2399 3908 2478 3969 εἰς
2515 3907 2676 3960 αὐτὸν
2706 3906 3009 3976 ἀντιλογίαν
3051 3904 3150 3959 τοῦ
3203 3904 3468 3959 Ἰουδαίων
3500 3900 3632 3965 λαοῦ,

2092 4001 2185 4053 καὶ
2209 4000 2282 4061 ὡς
2322 3999 2540 4069 ὖψονται
2573 4001 2670 4071 μὲν
2707 4000 2888 4063 αὐτὸν,
2923 4001 2984 4052 ού
3028 4000 3135 4071 μὴν
3181 3998 3519 4071 προσέξουσι,
3564 3992 3634 4055 τίς

2093 4094 2174 4163 εἴη
2194 4109 2208 4122 ο
2237 4091 2484 4160 λέγοντός
2509 4109 2568 4144 τε
2606 4091 2664 4143 ἐν
2692 4092 2875 4154 αὐτοῖς
2906 4092 2998 4144 καὶ
3028 4090 3371 4154 διδάσκοντος
3404 4086 3635 4145 ἀκούσονο

2089 4203 2201 4247 ται,
2251 4186 2314 4239 οὐ
2366 4185 2472 4256 μὴν
2504 4185 2599 4238 καὶ
2649 4185 2969 4256 συνήσουσιν
3011 4181 3124 4237 οὗθ’
3169 4184 3317 4248 ὅστις
3360 4182 3435 4236 ὢν
3473 4181 3633 4242 αὐτοῖς

2090 4276 2402 4344 διαλέξοιτο,
2428 4277 2541 4331 οὔθ’
2564 4277 2707 4350 ἆπερ
2731 4278 2912 4339 αὐτοῖς
2950 4277 3050 4347 τῆς
3083 4277 3276 4348 καινῆς
3314 4271 3631 4333 διδασκαλίας

2092 4369 2403 4443 παραδώσει
2445 4368 2760 4444 μαθήματα.
2799 4371 3084 4440 Μαρτυρεῖ
3111 4367 3167 4421 δὲ
3203 4370 3316 4431 τοῖς
3345 4365 3451 4420 τῶν
3479 4364 3629 4432 λόγων

414 4474 487 4511 ne
526 4458 744 4527 quando
777 4458 988 4514 videant
1030 4460 1208 4516 oculis
1238 4461 1376 4525 suis,
1410 4468 1463 4517 et
1491 4462 1717 4519 auribus
1747 4463 1862 4518 suis
1889 4479 1986 4519 ειυς

2093 4462 2524 4533 ἁποτελὲσμασιν
2570 4463 2598 4514 ὁ
2640 4460 3033 4531 εὐαγγελιστὴς
3086 4459 3336 4530 Ἰωάννης
3387 4456 3509 4529 περὶ
3548 4451 3628 4508 τοῦ

417 4546 590 4613 diant,
615 4558 669 4604 et
692 4548 857 4605 corde
883 4549 1205 4621 intelligant,
1238 4561 1291 4607 et
1313 4560 1706 4609 convertantur
1728 4564 1782 4609 et
1798 4571 1984 4611 sanem

415 4654 533 4696 eos.
574 4659 593 4692 ι
640 4638 851 4707 Quibus
883 4642 1065 4699 verbis
1096 4645 1539 4701 manifestissime
1571 4647 1717 4700 canit
1749 4648 1984 4702 futuram

416 4733 703 4787 adversum
730 4749 789 4788 se
825 4736 1230 4790 accusationem
1270 4736 1604 4801 Judaeorum,
1647 4746 1703 4792 et
1731 4740 1874 4807 quod
1902 4740 1986 4793 in-

415 4824 714 4883 tuebuntur
752 4829 971 4899 quidem
1020 4830 1222 4899 ipsum,
1257 4846 1362 4885 non
1414 4831 1596 4886 tamen
1639 4833 1981 4887 animadver—

416 4927 532 4973 tent
595 4918 719 4989 quis
762 4919 865 4983 sit,
904 4919 1160 4991 quodque
1208 4920 1519 4990 loquentem
1565 4922 1708 4977 inter
1752 4923 1900 4993 ipsos
1931 4931 1985 4979 et

415 5011 701 5064 docentem
764 5010 1188 5075 audient,,non
1228 5019 1417 5066 tamen
1462 5012 1627 5067 etiam
1684 5013 1984 5083 intelligent

413 5103 665 5171 quisnam
701 5105 749 5159 is
783 5103 854 5158 sit
887 5104 979 5173 qui
1013 5118 1137 5158 cum
1168 5104 1305 5174 ipsis
1343 5104 1617 5175 loquatur,
1643 5121 1819 5177 neque
1855 5108 1981 5161 item

412 5210 659 5265 quaenam
705 5210 770 5251 ea
806 5196 915 5252 sint
945 5212 1099 5252 novae
1127 5197 1389 5252 doctrinae
1418 5206 1685 5268 praecepta
1718 5213 1839 5269 quae
1865 5198 1981 5268 ipse

412 5287 519 5342 illis
543 5288 740 5343 tradet.
774 5287 1110 5359 Comprobat
1140 5304 1270 5345 vero
1298 5289 1463 5359 hujus
1496 5291 1704 5345 oraculi
1725 5297 1980 5345 eventum

408 5381 738 5451 evangelista
757 5379 1015 5446 Joannes,
1038 5380 1130 5453 qui
1153 5382 1220 5437 de
1243 5382 1523 5437 Salvatore
1550 5391 1739 5437 nostro
1763 5383 1843 5436 sic
1865 5381 1939 5434 ait
1962 5399 1976 5433 :

413 5495 432 5524 ‹
473 5473 611 5528 Cum
657 5482 837 5539 autem
878 5483 986 5529 tam
1019 5475 1185 5529 multa
1219 5477 1373 5546 signa
1411 5476 1632 5530 fecisset
1671 5489 1856 5529 coram
1876 5476 1975 5541 eis,

409 5582 517 5621 non
560 5565 908 5620 crediderunt
934 5569 988 5621 in
1033 5583 1180 5631 eum,
1215 5574 1274 5621 ut
1308 5582 1490 5622 sermo
1523 5566 1674 5623 Isaiae
1703 5568 1977 5638 prOphetze

480 5747 530 5780 υ
573 5744 739 5800 llebr.
778 5761 817 5810 ι,
852 5744 901 5800 7.
979 5746 1023 5777 ιο
1072 5745 1217 5800 Psal.
1252 5709 1408 5816 xxxii,
1448 5747 1564 5813 7,8.
1676 5748 1715 5781 ιι
1758 5748 1888 5803 ibid.
1921 5749 1971 5803 ι.

2089 4552 2339 4623 Σωτῆρος
2365 4549 2520 4623 ἡμῶν
2569 4550 2773 4618 λέγων·
2808 4569 2826 4601 ι
2859 4548 3109 4604 Τοσαῦτα
3152 4548 3209 4602 δὲ
3253 4547 3415 4602 αὐτοῦ
3452 4544 3629 4616 σημεῖα

2088 4645 2446 4715 πεποιηκότος
2478 4643 2782 4715 ἔμπροσθεν
2827 4643 3005 4697 αὐτῶν
3028 4683 3043 4707 ,
3082 4644 3181 4697 οὐκ
3211 4643 3522 4696 ἐπίστευσαν
3560 4636 3629 4703 είς

2086 4738 2266 4801 αὑτὸν,
2297 4737 2382 4791 ἵνα
2417 4740 2444 4791 ό
2469 4737 2621 4806 λόγος
2665 4736 2888 4791 Ἡσαΐου
2917 4732 3018 4790 τοῦ
3048 4738 3322 4807 προφήτου
3358 4729 3590 4803 πληρωθῇ
3608 4765 3623 4789 ν

2084 4831 2141 4885 ὂν
2173 4827 2324 4884 εἷπε·
2365 4830 2557 4899 Κύριε,
2597 4830 2679 4894 τίς
2708 4830 2993 4883 ἐπίστευσε
3034 4831 3101 4899 τῇ
3164 4828 3296 4897 ἀκοῇ
3329 4824 3511 4896 ήμῶν;
3546 4818 3625 4874 καὶ

2083 4928 2111 4979 6
2148 4925 2386 4995 βραχίων
2430 4924 2635 4994 Κυρίου
2665 4923 2768 4976 τίνι
2812 4920 3204 4991 ἀπεκαλύφθης
3239 4920 3323 4974 διὰ
3362 4918 3510 4972 τοῦτο
3538 4914 3623 4968 vix

2083 5016 2342 5086 ἠδύναντο
2367 5016 2662 5077 πιστεύειν,
2685 5015 2765 5068 ὃτι
2811 5015 2972 5069 πάλιν
3012 5010 3163 5069 εἶπεν
3197 5014 3446 5074 Ἡσαΐας·
3479 5004 3622 5061 Τετύ-

2085 5107 2296 5176 φλωκεν
2348 5107 2526 5162 αὐτῶν
2574 5109 2701 5171 τοὺς
2754 5096 3063 5178 ὀφθαλμοὺς
3087 5147 3102 5171 ,
3158 5107 3252 5160 καὶ
3313 5102 3621 5172 πεπώρωκεν

2082 5200 2262 5252 αὐτῶν
2293 5201 2390 5271 τὴν
2428 5199 2686 5271 καρδίαν,
2722 5199 2807 5252 ἵνα
2854 5198 2927 5270 μὴ
2972 5199 3121 5253 ἴδωσι
3163 5200 3271 5262 τοῖς
3315 5193 3618 5265 ὀφθαλμοῖς»

2081 5290 2177 5342 καὶ
2208 5291 2442 5360 νοήσωσι
2466 5292 2530 5361 τῇ
2558 5289 2772 5362 καρδία,
2798 5291 2891 5343 καὶ
2923 5289 3310 5361 ἑπιστρὲψωσι,
3347 5287 3436 5340 καὶ
3473 5282 3616 5335 ἰάσω-

2085 5401 2183 5454 μαι
2216 5382 2428 5447 αὐτούς.
2461 5382 2646 5438 Ταῦτα
2678 5379 2830 5438 εἶπεν
2857 5384 3083 5446 Ἡσαΐας
3115 5384 3202 5437 ὅτε
3235 5378 3338 5437 εἶδε
3370 5380 3462 5450 τὴν
3484 5373 3619 5438 δόξαν

2081 5477 2277 5555 αὑτοῦ,
2324 5478 2417 5530 καὶ
2457 5474 2805 5549 ἐμαρτύρησε
2851 5477 2979 5550 περὶ
3029 5476 3210 5531 αὑτοῦ,
3254 5495 3272 5528 ι
3325 5465 3615 5542 Ἀναμφιλό·

2079 5585 2190 5636 γως
2217 5564 2309 5623 οὖν
2348 5570 2440 5624 ἐπὶ
2464 5568 2553 5624 τὸν
2579 5570 2813 5642 Χριστὸν
2845 5570 3106 5643 ἀνήνεγκε
3132 5573 3227 5644 τήν
3255 5572 3310 5625 ὲν
3335 5568 3410 5641 τῷ
3445 5562 3615 5631 Ἠσαϊὲ
