3902 6264
264 292 361 347 επ
1141 293 1794 353 ΒΕΜΟΝΞΤΗΑἸΊΟΝΙΞ

1947 297 2288 355 lNGELlCE
2330 298 2458 353 LIB.
2501 300 2617 357 νυ.
3384 304 3488 359 ιρι

255 406 570 477 θεοφάνειαν
649 407 676 460 6
739 405 1124 479 εὖαγγελιοτὴς
1152 448 1168 470 ,
1230 410 1324 463 καὶ
1384 412 1477 464 ἐπὶ
1541 412 1632 467 τὸν
1695 396 1796 466 Ἰού

1949 412 2264 482 mpleretur,
2306 428 2466 483 quem
2491 412 2627 468 dixit
2659 432 2669 467 :
2705 412 2948 477 Domine,
2981 413 3104 485 quis
3130 414 3360 469 credidit
3385 433 3486 471 εει..

253 502 408 555 δαίων
453 499 588 553 λαὸν
641 502 701 554 οὐ
748 500 1218 573 παραδεδεγμένον
1255 505 1345 557 τὸν
1390 506 1699 577 ἑωραμένον
1743 508 1794 575 τί

1950 504 2060 557 litui
2082 511 2290 567 nostro,
2310 512 2364 558 et
2387 504 2669 558 brachium
2689 503 2902 558 Domini
2932 507 3017 559 cui
3044 507 3337 561 revelatum
3366 507 3491 562 est?

253 593 498 664 πρηήτῃ
532 591 777 665 Κύριον,
812 593 953 647 κατά
987 594 1085 665 τὴν
1131 596 1259 666 περὶ
1297 597 1459 651 αὐτοῦ
1495 599 1794 670 πρόρρησιν

1947 604 2211 664 propterea
2248 610 2359 649 non
2403 602 2652 663 poterant
2692 596 2912 651 credere
2935 638 2949 661 ,
2976 597 3100 666 quia
3127 597 3323 652 iterum
3352 597 3488 652 dixit

251 682 334 753 τῷ
387 682 522 751 γοῦν
600 684 853 756 προφήτῃ
948 685 1216 757 ἑωρακότι
1283 686 1372 740 τόν
1442 688 1644 760 Κύριον
1712 691 1792 744 Σαη

1949 687 2092 741 saias
2125 705 2138 740 :
2172 685 2475 741 Excaecavit
2498 688 2686 741 oculos
2734 704 2942 752 eorum,
2979 696 3031 743 et
3079 689 3349 745 induravit
3392 705 3488 745 cor

250 774 387 828 δαώθ
444 793 617 845 φησιν
655 780 683 830 6
724 777 969 849 χρησμὸς
1009 781 1180 833 εἰπεῖν
1210 780 1289 851 τῷ
1325 782 1590 836 Ἰουδαίων
1626 783 1768 837 ἔθνει

1945 793 2109 832 :orum
2130 818 2145 840 ,
2179 793 2247 833 ne
2281 778 2496 833 videant
2522 779 2732 842 oculis,
2758 790 2811 835 et
2856 781 3020 836 corde
3061 772 3398 852 intelligant,
3431 790 3486 835 et

246 868 321 921 ὅτι
368 866 430 939 δὴ
476 871 576 922 καὶ
626 870 779 924 αὐτοὶ
815 871 1032 941 ὄψονται
1074 855 1204 926 ποτε
1256 874 1347 927 τὸν
1389 876 1571 939 αὐτὸν,
1607 876 1717 929 ἀλλ’
1752 894 1787 929 οε

1942 876 2328 934 :onvertantur,
2354 878 2408 924 ct
2430 886 2614 925 sanem
2632 886 2746 925 eos.
2770 869 2896 925 Haac
2919 872 3054 925 dixit
3076 870 3243 929 Isaias
3263 872 3483 943 quando

246 961 562 1030 συνήσουσιν
604 962 752 1025 ὅστις
777 961 859 1033 εἴη
881 1006 896 1029 ,
934 965 1027 1017 καὶ
1057 965 1380 1019 ἀκούσονται
1423 967 1587 1021 αὐτοῦ
1632 967 1784 1036 λέγον

1939 957 2051 1012 ιὶόίι
2073 960 2300 1029 gloriam
2326 960 2465 1029 ejus,
2485 971 2536 1015 et
2558 960 2879 1017 testiﬁcatus
2907 970 2988 1018 est
3017 962 3084 1018 de
3104 976 3168 1018 eo
3188 963 3252 1016 δ’.
3297 982 3315 1015 ι
3341 962 3480 1036 Ergo

243 1068 326 1115 τος
358 1053 414 1105 ἐν
442 1055 634 1118 αὐτοῖς
662 1056 753 1109 καὶ
782 1056 1153 1124 διδάσκοντος,
1180 1059 1294 1112 ἀλλ’
1319 1059 1381 1112 οὐ
1417 1062 1686 1131 νοήσουσι,
1722 1062 1784 1116 διε

1942 1050 2123 1120 ὼειιιιο
2146 1052 2516 1106 controversia
2544 1052 2806 1107 visionem
2828 1054 2973 1107 illam
2994 1052 3087 1109 Dei
3111 1052 3483 1111 ad'Christum'

243 1144 300 1197 τὸ
343 1145 719 1216 πεπωρῶσθαι
775 1149 951 1202 αὐτῶν
997 1149 1093 1222 τὴν
1137 1152 1383 1223 καρδίαν.
1427 1153 1591 1207 Ταῦτ’
1625 1150 1717 1207 οὖν
1778 1178 1784 1204 ι

1932 1142 2441 1213 'etulitevangelista
2458 1140 2718 1205 Joannes,
2739 1144 2868 1198 etad
2890 1141 3177 1198 Iudaicum
3195 1147 3473 1216 populum,

251 1231 466 1297 Ἡσαΐας
493 1235 563 1289 δι’
586 1230 664 1291 ὧν
689 1238 1035 1311 παρεθέμεθα
1060 1240 1253 1308 λέξεων
1280 1242 1560 1307 θεσπίσας,
1582 1246 1638 1296 ἐν
1667 1246 1792 1297 ἱστο-

1933 1233 2005 1302 pli
2066 1234 2243 1288 visum
2313 1249 2343 1288 a
2403 1235 2664 1305 propheta
2724 1233 3008 1289 Dominum
3043 1274 3058 1297 ,
3122 1236 3474 1306 quemadmo-

246 1321 352 1394 ρίας
383 1325 665 1397 ἀφηγήσει
689 1328 960 1397 πολεμίων
994 1329 1178 1399 ἔφοδον
1208 1331 1348 1385 κατὰ
1383 1334 1474 1387 τοῦ
1509 1336 1680 1404 ’Δχαζ
1698 1375 1713 1399 ,
1746 1336 1787 1399 ὃς

1925 1323 2039 1378 ium
2094 1324 2163 1378 ab
2212 1325 2306 1378 illo
2355 1326 2475 1396 ipso
2526 1324 2843 1395 praedictum
2886 1334 2989 1388 est,
3038 1341 3147 1381 non
3206 1329 3466 1396 suscepit.

240 1415 410 1485 ἐπεῖχε
456 1416 581 1470 τότε
616 1419 685 1472 τὰ
719 1420 816 1490 τῆς
868 1421 1139 1490 βασιλείας
1175 1422 1283 1477 τῶν
1327 1425 1591 1479 Ἰουδαίων
1630 1425 1759 1481 λαοῦ

1930 1414 2068 1487 313
2091 1415 2223 1471 Nam
2251 1433 2375 1472 cum
2416 1417 2704 1471 Dominum
2741 1418 2978 1473 Sabaoth
3011 1421 3273 1490 propheta
3303 1420 3471 1472 vidis-

241 1506 551 1579 ὑπογράφει,
586 1510 682 1563 καὶ
714 1509 813 1580 τὴν
839 1512 945 1565 τῶν
972 1512 1071 1583 μὲν
1099 1514 1370 1585 αἰσθητῶν
1403 1517 1672 1588 πολεμίων
1706 1537 1782 1572 κα·

1930 1518 2010 1570 ίεῑ,
2051 1508 2217 1563 refert
2240 1513 2543 1575 oraculum,
2576 1512 3032 1583 quemadmodum
3069 1512 3170 1581 ipsi
3199 1526 3471 1583 praecepe-

236 1598 466 1668 θαίρεσιν
485 1601 716 1661 αὐτίκα.
748 1603 838 1655 καὶ
867 1604 966 1657 οὐκ
991 1605 1070 1668 είς
1096 1605 1310 1676 μακρὰν
1338 1608 1659 1679 γενήσεσθαι
1699 1627 1765 1679 ση

1923 1604 1998 1670 ·ἰι,
2036 1613 2094 1658 ιιι
2123 1605 2188 1659 ad
2217 1604 2433 1662 Judaaos
2458 1608 2662 1663 diceret
2696 1626 2709 1662 :
2747 1608 2889 1679 quod
2919 1608 3022 1678 ipsi
3061 1609 3212 1663 illum
3249 1610 3464 1679 quidem

243 1693 435 1762 μαίνει’
473 1687 553 1746 ὧν
591 1695 650 1748 δὲ
691 1696 932 1767 σύμϐολα
974 1697 1135 1770 ἔφερε
1182 1700 1386 1771 νοητῶν
1423 1701 1517 1755 καὶ
1553 1703 1784 1774 ἀοράτωπ

1926 1695 2197 1765 diquando
2228 1699 2509 1763 videbunt,
2544 1701 2639 1755 sed
2669 1715 2776 1755 non
2811 1702 3115 1770 intelligent
3142 1700 3268 1771 quis
3295 1700 3389 1763 sit,
3411 1708 3467 1754 et

237 1782 450 1856 ἐχθρῶν,
501 1784 779 1857 δαιμόνων
822 1787 982 1843 τινῶν
1003 1827 1016 1852 ,
1068 1790 1158 1842 καὶ
1206 1791 1428 1860 ἀφανῶν
1486 1792 1767 1864 δυνάμεων

1922 1786 2124 1842 ludient
2171 1789 2321 1845 illum
2355 1790 2660 1860 loquentem
2712 1794 2854 1846 inter
2883 1791 3032 1862 ipsos
3075 1800 3130 1845 et
3155 1791 3463 1855 docentem,

237 1875 350 1946 περὶ
374 1868 448 1928 ὧν
476 1874 772 1947 ἀρχόμενοι
793 1878 891 1949 τῆς
918 1878 1045 1949 ὅλης
1083 1881 1464 1951 πραγματείας
1485 1883 1771 1953 διεληλύθα

1930 1879 1994 1934 ed
2022 1895 2129 1934 non
2160 1881 2482 1951 percipient,
2518 1890 2804 1954 propterea
2825 1882 2971 1953 quod
3005 1882 3322 1936 induratum
3356 1882 3465 1936 erit

238 1980 343 2033 μεν,
364 1964 439 2030 ὡς
474 1967 538 2018 οὐ
574 1967 737 2037 μόνον
766 1966 828 2021 τὸ
875 1968 1143 2022 Ἰουδαίων
1171 1970 1341 2035 ἔθνος,
1373 1971 1509 2025 ἀλλά
1550 1974 1642 2026 καὶ
1686 1975 1779 2026 πᾶι

1923 1985 1993 2024 :or
2018 1986 2230 2027 eorum.
2264 1971 2402 2026 Cum
2445 1973 2561 2028 hanc
2604 1974 2771 2045 igitur
2801 1971 2970 2028 Isaias
3010 1973 3094 2028 his
3134 1988 3255 2043 quae
3297 1988 3464 2042 appo-

236 2057 288 2110 τὸ
320 2055 658 2129 ἀνθρώπειον
696 2058 851 2128 γένος
888 2060 980 2112 ἐπὶ
1009 2063 1117 2115 πᾶν
1149 2059 1289 2127 εἶδος
1321 2065 1551 2130 κακίας,
1582 2066 1673 2120 καὶ
1701 2068 1777 2121 ἐπ¹

1918 2062 2129 2126 luimus,
2161 2064 2341 2118 verbis
2369 2073 2552 2130 canat,
2588 2065 2645 2120 in
2686 2066 2925 2121 historia
2958 2066 3176 2120 modum
3221 2065 3459 2121 hostium

234 2146 386 2217 αὐτήν
414 2162 477 2215 γε
502 2147 603 2218 τὴν
627 2147 788 2203 ἄθεον
811 2150 1247 2223 εἰδωλολατρείαν
1268 2153 1748 2224 καταϐεϐληκότων
1773 2200 1775 2209 ι

1921 2154 2162 2210 ιὰνθτευε
2202 2155 2383 2210 Achaz
2410 2159 2693 2227 impetum,
2727 2159 2819 2227 qui
2873 2165 3003 2213 tunc
3034 2157 3248 2213 Iudaici
3279 2158 3462 2228 populi

233 2238 321 2290 οὐκ
340 2238 509 2302 ἄλλως
542 2239 646 2311 τὴν
680 2235 846 2312 ἧτταν
879 2241 1096 2297 ἔσεσθαι
1129 2243 1279 2313 δηλοῖ
1309 2245 1341 2316 ἢ
1375 2244 1462 2299 διά
1491 2246 1657 2317 μόνης
1691 2249 1774 2317 τῆς

1920 2262 2122 2318 'egnum
2153 2250 2486 2314 obtinuerat,
2522 2248 2802 2314 describit,
2848 2256 2902 2304 et
2932 2264 2962 2302 a
2998 2248 3302 2304 visibilibus
3338 2248 3461 2318 (ιυὶ-

232 2327 608 2402 θεσπιςομένης
666 2337 747 2397 είς
805 2333 1120 2405 ἀνθρώπους
1173 2337 1464 2408 ἐπιδημίας
1509 2338 1603 2392 τοῦ
1648 2339 1773 2394 Θεοί

1918 2337 2015 2393 lem
2047 2339 2297 2395 bostibus
2325 2340 2537 2394 ruinam
2563 2340 2735 2403 brevi,
2762 2355 2939 2410 neque
2964 2338 3105 2393 haud
3135 2341 3308 2393 multo
3335 2347 3459 2409 post

234 2418 412 2486 Λόγου,
456 2419 519 2486 ἐξ
579 2423 955 2495 ἀπειρογάμου
1012 2425 1287 2497 Παρθένου
1336 2427 1532 2497 σκῆνος
1580 2430 1775 2502 ἀνθρώ-

1912 2429 2128 2484 'uturam
2185 2430 2474 2502 significat.
2524 2430 2768 2496 Quorum
2816 2445 2944 2485 vero
3000 2430 3156 2501 signa
3207 2429 3453 2499 quaedam

233 2526 362 2563 πειον
389 2512 821 2585 ἀναληψομένου.
851 2517 945 2582 Τίς
966 2517 1023 2571 δὲ
1054 2518 1203 2590 αὐτῷ
1238 2522 1271 2590 ἡ
1298 2519 1485 2574 τούτου
1515 2522 1669 2597 χρεία
1696 2520 1774 2594 ἦν,

1913 2521 2158 2575 Iuntaxat
2197 2524 2380 2576 attulit
2404 2524 2481 2593 (hi
2526 2537 2690 2592 porro
2721 2530 2848 2576 sunt
2887 2522 3250 2593 intelligibilcs
3290 2530 3454 2592 atque

232 2597 397 2671 καιρὸς
430 2601 496 2655 ἂν
517 2604 602 2673 εἴη
628 2603 925 2659 διαλαϐεῖν.

1916 2615 2193 2670 nvisibiles
2224 2616 2446 2685 quidam
2488 2615 2696 2677 hostes,
2733 2614 3006 2669 daemones
3039 2615 3226 2684 utique
3259 2626 3323 2668 ac
3350 2612 3457 2669 sub

233 2695 386 2747 visum
418 2711 527 2752 non
555 2697 820 2754 cadentes
842 2710 1161 2770 potestates,
1187 2702 1255 2758 de
1283 2703 1678 2773 quibus‘initio
1727 2710 1896 2764 totius
1954 2712 2140 2780 operis
2192 2709 2579 2770 disseruimus.
2621 2709 2767 2779 quod
2816 2724 2926 2763 non
2956 2709 3126 2765 solam
3170 2704 3454 2762 Iudaicam

232 2802 444 2866 gentem,
494 2797 593 2854 sed
650 2813 814 2853 omne
857 2814 1082 2868 prorsus
1127 2798 1426 2853 humanum
1478 2816 1673 2870 genus,
1726 2802 1779 2856 in
1816 2818 1978 2858 omne
2006 2804 2228 2859 malitiae
2249 2820 2442 2874 genus,
2474 2819 2540 2859 ac
2564 2804 2799 2874 denique
2826 2808 2882 2857 in
2934 2803 3111 2873 ipsum
3169 2802 3317 2857 omni
3365 2816 3454 2855 re-

232 2876 396 2956 ligioni
444 2890 784 2945 contrarium
856 2891 1275 2946 simulacrorum
1341 2893 1551 2947 cultum
1622 2897 2048 2967 compulerint),
2114 2898 2218 2952 hos
2267 2913 2378 2951 non
2451 2897 2611 2951 aliter
2665 2899 2808 2952 vinci
2860 2912 3021 2969 posse
3077 2897 3447 2954 demonstrat,

230 2996 370 3049 quam
399 3000 492 3054 per
514 3001 714 3051 unum,
748 2986 841 3056 qui
875 2987 1095 3041 canitur
1128 2987 1217 3044 Dei
1249 2986 1412 3043 Verbi
1443 2990 1509 3044 ad
1532 2989 1782 3048 homines
1816 3006 2120 3056 accessum,
2159 2994 2304 3063 quod
2353 2993 2572 3063 quidem
2617 2991 2713 3046 Dei
2747 2991 2981 3046 Verbum
3024 2998 3172 3046 esset
3231 3005 3299 3045 ex
3363 2991 3449 3042 in-

230 3085 373 3147 nupta
435 3077 657 3152 Virgine
721 3081 1019 3135 humanum
1073 3096 1274 3152 corpus
1332 3093 1764 3156 assumpturum.
1841 3086 1949 3143 Sed
2003 3089 2167 3157 hujus
2213 3088 2289 3141 illi
2331 3088 2585 3157 quisnam
2642 3102 2777 3141 usus
2820 3085 3002 3148 fuerit,
3047 3085 3161 3155 jam
3233 3089 3449 3152 tempus

230 3183 331 3225 esse
353 3171 583 3236 videtur,
618 3182 680 3227 ut
707 3174 870 3228 latius
898 3174 1262 3246 inquiramus.
2031 3182 2039 3191 '

305 3287 373 3342 Τὰ
394 3289 527 3358 περὶ
556 3288 671 3358 τῆς
702 3289 809 3343 τοῦ
847 3288 1119 3359 Σωτῆρος
1147 3290 1315 3360 ἡμῶν
1339 3291 1676 3363 ἐπιδημίας.
1803 3307 1845 3365 C

1803 3307 1845 3365 ρ
1988 3292 2119 3356 Quae
2151 3297 2387 3358 spectant
2419 3288 2489 3341 ad
2511 3286 2806 3344 Saluatoris
2842 3287 3011 3341 nostri
3039 3285 3334 3342 adventum.

296 3400 497 3473 Ἐπειδὴ
532 3421 553 3454 ι
593 3402 663 3456 δι’
691 3388 976 3473 ἀνθρώπου
1002 3402 1229 3469 θάνατος
1274 3405 1520 3475 εἰσῆλθεν
1563 3409 1642 3470 εἰς
1679 3405 1771 3459 τὸν

1948 3402 2085 3469 Quia
2121 3420 2140 3452 ι
2172 3418 2267 3471 per
2301 3401 2575 3456 hominem
2608 3413 2759 3454 mors
2798 3398 3020 3453 intravit
3057 3398 3113 3452 in
3155 3400 3436 3463 Inlmdum,

224 3487 449 3558 κόσμον,ι
466 3494 631 3563 φησὶν
654 3494 684 3545 6
710 3494 1041 3557 Ἀπόστολος,
1057 3496 1191 3567 χρῆν
1204 3496 1373 3567 δήπου
1394 3496 1480 3550 διὰ
1497 3496 1590 3550 τοῦ
1605 3498 1765 3552 αὐτοῦ

1900 3495 1953 3548 iit
1989 3493 2283 3564 Apostolus
2303 3493 2391 3555 η’,
2424 3511 2443 3544 ι
2483 3490 2689 3544 idcirco
2721 3488 2983 3543 adversus
3013 3496 3243 3544 mortem
3275 3490 3441 3544 victo-

225 3580 479 3654 ἀνθρώπου
505 3585 606 3657 τὴν
637 3587 778 3640 κατά
806 3585 898 3638 τοῦ
937 3587 1164 3641 θανάτου
1193 3588 1551 3661 βραϐευθῆναι
1578 3589 1732 3661 νίκην
1751 3629 1766 3654 ,

1899 3587 2009 3639 iam
2050 3584 2281 3640 obtineri
2324 3597 2420 3653 per
2463 3582 2714 3637 eumdem
2760 3580 3031 3634 hominem
3077 3581 3337 3649 oportuit,
3385 3591 3440 3633 et

224 3670 384 3725 καὶτὸ
416 3672 570 3745 σῶμα
598 3673 696 3726 τοῦ
728 3673 957 3728 θανάτου
991 3675 1147 3747 σῶμα
1183 3675 1329 3747 ζωῆς
1368 3677 1765 3748 ἀναδειχθῆναι,

1893 3676 2017 3747 ιιιοό
2050 3676 2243 3729 mortis
2284 3676 2462 3729 fuerat
2507 3687 2732 3742 corpus,
2764 3671 2888 3724 vitae
2921 3685 3119 3738 corpus
3143 3670 3434 3736 declarari,

225 3761 303 3813 καὶ
331 3763 422 3834 τῆς
451 3764 726 3837 ἁμαρτίας
770 3765 870 3836 τὴν
918 3766 1194 3837 βασιλείαν
1239 3769 1298 3820 ὲν
1336 3767 1412 3837 τῷ
1450 3767 1627 3838 θνητῷ
1670 3768 1766 3820 σώ-

1894 3778 1925 3820 :t
1965 3766 2173 3837 peccati
2209 3778 2458 3835 regnum,
2487 3762 2634 3833 quod
2668 3762 2821 3832 prius
2863 3761 2919 3814 in
2962 3775 3189 3829 corpore
3218 3762 3435 3816 mortali

227 3865 332 3917 ματι
355 3853 412 3906 τὸ
432 3856 558 3926 πρὶν
593 3854 920 3926 ἐνεργοῦσαν
948 3857 1333 3927 καταλυθῆναι,
1373 3856 1565 3929 μηκέτι
1597 3858 1768 3928 ἀμαρ-

1890 3863 1978 3913 rim
2029 3872 2181 3914 suam
2234 3855 2543 3920 exercebat,
2588 3853 2757 3909 deleri
2812 3867 2982 3921 usque
3016 3852 3174 3918 adeo,
3220 3859 3281 3906 ut
3323 3867 3431 3907 non

223 3941 322 4008 τίας
348 3947 526 4015 αὑτοῦ,
560 3949 697 4003 ἀλλά
717 3949 1058 4022 δικαιοσύνης
1090 3949 1394 4020 κρατούσης
1414 3967 1426 3979 ·
1453 3952 1546 4005 καὶ
1577 3951 1763 4022 ἐπειδὴ

1892 3950 2103 4020 ιηιριὶιιε
2127 3948 2204 4002 illi
2240 3954 2547 4017 peceatum,
2574 3945 2668 4000 sed
2701 3945 2917 4014 iustitia
2951 3945 3345 4013 dominaretur,
3377 3952 3433 4000 et

223 4031 293 4086 διὰ
317 4037 417 4091 τῶν
446 4040 541 4112 τῆς
575 4041 777 4114 σαρκὸς
806 4041 1216 4113 ἁμαρτημάτων
1249 4041 1414 4095 πάλαι
1442 4042 1699 4113 πρότερον
1727 4046 1759 4113 ὴ

1890 4048 2122 4115 ιυοηίοηι
2143 4059 2206 4097 ex
2234 4042 2476 4113 peccatis
2504 4040 2774 4111 corporis,
2811 4046 2970 4093 antea
3012 4039 3229 4093 cunctis
3256 4039 3431 4094 homi—

224 4126 399 4194 πτῶσις
447 4133 654 4200 ἐγίνετο
716 4135 880 4187 πᾶσιν
938 4133 1284 4205 ἀνθρώποις,
1340 4134 1566 4199 εἰκότως
1600 4134 1758 4189 πάλιν

1886 4137 2029 4190 tibus
2067 4136 2226 4189 ruina
2276 4133 2419 4188 facta
2461 4141 2566 4196 est,
2614 4133 2809 4186 merito
2851 4146 3047 4186 rursus
3100 4146 3197 4200 per
3246 4131 3427 4186 omnis

221 4214 277 4267 δι’
320 4218 693 4295 ἀναμαρτήτου
719 4264 734 4288 ,
779 4225 874 4278 καὶ⁵
912 4225 1092 4296 πάσης
1149 4225 1419 4297 ἀχράντου
1458 4226 1653 4290 κακίας
1691 4226 1758 4279 τά

1888 4227 2071 4281 »εοεαῐί
2104 4241 2298 4295 expers
2328 4240 2551 4295 corpus,
2575 4223 2834 4292 omnique
2863 4236 3089 4291 prorsus
3113 4221 3317 4274 malitia
3346 4222 3429 4274 iu-

222 4300 339 4363 κατᾶ
372 4313 474 4366 τῶν
502 4315 713 4386 ἐχθρῶν
745 4316 1065 4386 ἀνηγείρετο
1100 4317 1352 4388 τρόπαια.
1389 4316 1561 4368 Τίνων
1580 4316 1635 4370 δὲ
1665 4319 1757 4388 ἐχ-

1882 4326 2094 4380 actum,
2131 4323 2333 4385 tropata
2372 4314 2635 4368 adversus
2664 4312 2849 4366 hostes
2893 4312 3149 4381 erigenda
3181 4310 3423 4367 fuerunt.

222 4397 391 4476 θρῶνῆ
422 4405 525 4462 τῶν
548 4407 717 4462 πάλαι
743 4406 830 4461 διὰ
860 4407 968 4461 τῶν
995 4409 1094 4479 τῆς
1126 4409 1327 4480 σαρκὸς
1349 4408 1547 4479 ἡδονῶν
1583 4426 1754 4463 κατα-

1884 4408 1971 4464 Sed
2005 4423 2144 4479 quos
2169 4406 2387 4461 tandem
2415 4407 2621 4468 hostes,
2651 4404 2756 4459 nisi
2778 4418 2874 4458 eos
2905 4404 2997 4472 qui
3028 4404 3155 4457 olim
3185 4419 3282 4473 per
3299 4418 3425 4458 cor-

222 4491 519 4550 παλαιόντων
565 4496 628 4551 τὸ
677 4495 1006 4566 ἀνθρώπειον
1064 4498 1257 4565 γένος;
1313 4499 1406 4550 καὶ
1461 4498 1636 4561 ἄλλως
1695 4498 1752 4551 δὲ

1887 4514 2054 4554 ioreas
2083 4499 2390 4567 voluptates
2426 4497 2719 4550 humanum
2758 4509 2932 4563 genus
2974 4495 3428 4563 prosteruebant?

225 4579 384 4653 ἐχρῆν,
410 4587 713 4661 ἀνθρώποις
744 4587 880 4642 Θεοῦ
908 4589 1079 4655 Λόγον
1116 4587 1323 4659 ὁμιλεῖν
1345 4587 1628 4659 μέλλοντα,
1658 4588 1753 4642 καὶ

1883 4598 2121 4645 iraeterea
2168 4604 2291 4644 cum
2341 4586 2437 4641 Dei
2471 4586 2711 4641 Verbum
2762 4591 2908 4639 esset
2948 4598 3071 4637 cum
3113 4584 3424 4639 hominibus

227 4673 395 4741 σαρκὸς
414 4678 599 4743 ἀκοαῖς
637 4679 703 4732 τὰ
733 4680 832 4752 τῆς
862 4678 1139 4743 εὐσεὸείας
1167 4679 1465 4750 μαθήματα
1496 4678 1749 4751 παραδῶ-

1882 4683 2277 4743 ηοιιοουιυιδυιη,
2323 4687 2378 4734 et
2425 4676 2706 4747 corporeis
2753 4675 2980 4729 auribus
3031 4682 3301 4744 praecepta
3355 4675 3423 4729 de

224 4775 376 4828 σοντα,
417 4773 696 4842 τερατείας
731 4788 792 4825 τε
829 4772 924 4826 καὶ
958 4770 1410 4843 παραδοξοποιίας
1452 4771 1755 4843 ἀνθρώπων

1876 4777 2057 4830 iietate
2097 4774 2451 4835 traditurum,
2480 4769 2837 4841 prodigiaque
2867 4774 2921 4823 et
2952 4766 3216 4822 miracula
3243 4768 3417 4823 oculis

224 4849 508 4927 ὀφθαλμοῖς,
542 4862 677 4918 Θεοῦ
705 4880 765 4916 τε
799 4862 1024 4934 δύναμιν
1063 4863 1266 4933 ἐναργῆ
1309 4865 1747 4934 παραστήσοντα,

1878 4868 2162 4932 nominum,
2193 4862 2360 4939 315
2386 4863 2591 4933 Deique
2632 4861 2892 4915 virtutem
2935 4859 3213 4914 evidenter
3258 4867 3419 4929 atque

228 4941 290 5013 μὴ
329 4947 484 5015 ἄλλως
525 4953 558 5025 ἥ
600 4953 689 5008 διὰ
716 4953 809 5007 τοῦ
841 4954 1100 5026 συνήθους
1136 4940 1269 5025 ημῖν
1313 4956 1544 5028 ὀργάνου
1595 4955 1750 5009 τοῦτο

1879 4965 2041 5030 ιροῐιο
2065 4958 2589 5016 demonstraturum,
2621 4968 2732 5007 non
2761 4950 2921 5006 aliter
2952 4964 3117 5021 quam
3152 4962 3251 5019 per
3287 4964 3420 5004 con-

225 5036 427 5102 πρδιξαν
455 5044 532 5096 ὅτι
565 5046 687 5100 οὐδὲ
708 5046 868 5100 πλέον
894 5045 1045 5099 οὐδὲν
1078 5046 1343 5115 σωμάτων
1369 5047 1500 5116 όρᾷν
1538 5046 1749 5118 ἀνθρώ-

1873 5059 2090 5113 ιιιειιιιη,
2125 5047 2393 5116 nobisque
2429 5044 2699 5098 familiare
2738 5042 3187 5102 instrumentum,
3217 5039 3323 5094 hoc
3339 5038 3414 5093 fa-

225 5138 321 5179 ‘mw
342 5130 547 5189 δυνατὸν
569 5133 638 5208 ἦν
664 5136 982 5208 ὀφθαλμοῖς,
1010 5136 1120 5191 οὐδ’
1142 5136 1359 5190 ἀκούειν
1392 5136 1559 5209 ἀκοὴν
1587 5136 1748 5190 πλέον

1877 5158 1977 5197 :ere
2017 5141 2195 5210 ipsum
2244 5136 2509 5208 oportuit,
2556 5136 2813 5205 quoniam
2856 5131 2992 5186 nihil
3029 5129 3248 5199 quidem
3299 5145 3418 5182 am-

223 5221 357 5275 τιτοῦ
374 5223 452 5279 διὰ
466 5227 703 5302 γλώττης
724 5229 1129 5302 προφερομένου
1154 5228 1411 5300 ἦχου.”Ιν’
1426 5225 1520 5283 οὖν
1545 5229 1640 5282 καὶ
1658 5228 1747 5284 διά

1879 5232 2018 5297 ilius,
2050 5212 2213 5300 quam
2258 5242 2379 5298 quae
2406 5239 2638 5295 corpora
2687 5230 2839 5286 sunt,
2890 5219 3214 5275 mortalibus
3242 5218 3420 5274 oculis

226 5313 452 5380 σωμάτων
476 5322 775 5393 αἰσθήσεως
795 5323 893 5392 τῆς
922 5319 1031 5374 τῶν
1058 5319 1263 5391 νοητῶν
1299 5320 1390 5373 καὶ
1438 5321 1746 5391 ἀσωμάτων

1877 5336 1908 5377 ιι
1935 5336 2314 5383 cerneremus,
2350 5318 2462 5374 ﬁeri
2493 5323 2727 5388 poterat,
2758 5327 2937 5384 neque
2959 5319 3019 5366 ut
3047 5310 3273 5365 auribus
3294 5325 3418 5380 per-

225 5399 396 5472 ὲνιννοὶσις
418 5402 808 5486 ὲπιλάόώμεθα,
824 5413 913 5467 τὸν
939 5415 1070 5484 ἡμῖν
1097 5410 1332 5482 συγγενῆ
1360 5412 1455 5467 καὶ
1472 5415 1743 5484 γνώριμον

1875 5416 2172 5484 iperemus,
2206 5426 2368 5482 quam
2420 5425 2637 5471 sonum,
2676 5407 2769 5479 qui
2803 5406 2986 5476 lingua
3011 5402 3248 5476 proferri
3284 5417 3416 5457 con-

224 5487 351 5561 λόγον
368 5500 512 5567 αὐτὸς
540 5508 569 5558 6
603 5505 733 5569 Θεὸς
764 5505 934 5572 Λόγος
965 5502 1325 5574 ἀνελάμϐανε,
1360 5503 1452 5557 καὶ
1480 5503 1653 5556 πάντα
1678 5520 1741 5571 γε

1868 5506 2041 5560 ιυενίῑ.
2077 5504 2146 5559 Ut
2177 5505 2345 5575 igitur
2374 5501 2654 5573 corporeis
2674 5513 2891 5571 quoque
2918 5496 3175 5552 sensibus
3206 5492 3409 5548 intelli—

224 5577 278 5631 δι’
312 5587 556 5683 αὐτοῦ.τά
604 5597 845 5669 σωτήρια
879 5597 988 5658 τοῖς
1021 5594 1305 5666 αὐτηκόοις
1331 5596 1425 5648 καὶ
1447 5595 1739 5659 αὐτόπταις

1865 5595 2096 5665 ςίῢῑιὶιιιη
2127 5594 2683 5665 incorporearumqne
2700 5603 2882 5645 rerum
2913 5588 3165 5643 notiones
3182 5596 3406 5657 capere-

281 5738 317 5771 ⁵¹
350 5739 488 5802 Joan.
522 5765 613 5820 xu,
640 5750 825 5807 57—“.
903 5749 970 5783 “°
1000 5750 1157 5804 Rom.
1196 5764 1247 5814 ν,
1287 5748 1373 5805 12.
