3902 6264
471 347 575 403 495

1140 337 1407 403 EUSEB"
1447 331 1927 393 CzESARIENSlS
1963 329 2116 387 OPP.
2158 330 2340 387 PARS
2377 325 2534 384 11.-
2557 324 3056 384 APOLOGETICA.
3595 333 3681 388 £93

472 478 617 526 mus.
649 477 771 517 eum
812 460 903 532 qui
939 445 1096 512 nobis
1139 464 1194 512 et
1243 463 1512 526 cognatus
1550 461 1604 507 et
1635 452 1920 506 familiaris
1960 466 2042 505 es-

2145 449 2252 502 τῶν
2285 448 2481 503 ἐνθέων
2511 447 2676 501 αὑτοῦ
2718 446 2891 515 λόγων
2928 463 2988 499 τε
3019 445 3111 498 καὶ
3136 443 3312 515 ἔργων
3339 444 3683 516 προεϐάλλετο.

473 564 578 619 set,
619 553 736 623 ipse
780 550 925 606 Deus
954 549 1190 604 Verbum
1245 546 1564 617 assumpsit,
1616 544 1906 613 omniaque
1945 556 2043 611 per

472 646 625 700 illum
656 658 995 716 quaecunque
1022 641 1287 698 salutaria
1321 648 1530 703 essent,
1557 639 1646 700 iis,
1678 638 1771 708 qui
1802 637 1905 707 ipsi
1947 651 2043 689 auo

474 738 717 801 diebant,
747 736 960 807 ipsique
982 734 1240 798 lidebant,
1276 742 1386 787 tam
1418 747 1541 802 quae
1568 730 1623 784 in
1648 729 1849 785 divinis
1870 727 2042 799 ipsius

474 829 675 893 verbis,
714 843 879 898 quam
913 842 1034 897 quae
1067 826 1124 880 in
1163 825 1324 880 factis
1349 824 1735 883 consisterent,
1767 818 2039 891 exposuit.

471 922 649 991 Atque
692 918 808 974 haec
853 919 1034 973 omnia
1068 916 1489 982 administravit,
1540 928 1809 983 nusquam
1849 919 1910 966 ut
1940 925 2042 966 nos

474 1011 641 1068 simili
664 1011 879 1067 ratione
913 1010 1161 1079 corporis
1193 1007 1616 1064 necessitatibus
1645 1006 1907 1075 illigatus,
1947 1018 2043 1058 ne-

474 1116 581 1172 que
607 1101 723 1172 ipse
755 1099 1052 1171 quidquam
1089 1106 1183 1153 aut
1224 1097 1465 1154 deterius
1510 1103 1603 1151 aut
1662 1095 1894 1165 amplius
1942 1107 2040 1150 sua

473 1194 647 1264 ipsius
686 1193 971 1249 divinitate
1004 1192 1334 1264 perpetiens,
1380 1206 1558 1261 neque
1592 1204 1720 1244 vero
1761 1197 1817 1241 ut
1863 1187 2040 1241 anima

474 1287 738 1353 hominis,
764 1288 839 1342 ita
872 1287 991 1358 ipse
1020 1286 1111 1340 tali
1138 1300 1368 1357 corpore
1414 1282 1730 1355 impeditus,
1764 1290 1822 1336 ut
1857 1281 2041 1335 divina

475 1382 693 1435 interim
720 1395 946 1435 munera
963 1379 1115 1433 obire
1135 1393 1242 1433 non
1262 1383 1466 1448 posset,
1500 1386 1591 1430 aut
1607 1376 1805 1445 ubique
1827 1375 2039 1437 adesse,

474 1475 566 1544 qui
610 1475 703 1528 Dei
746 1471 985 1528 Verbum
1010 1480 1114 1538 est,
1150 1471 1441 1540 omniaque
1478 1469 1687 1539 implet,
1734 1482 1831 1538 per
1859 1466 2042 1521 omnia

477 1575 744 1639 penetrat,
781 1580 958 1636 neque
986 1564 1116 1618 item
1153 1570 1246 1618 aut
1276 1563 1529 1619 sordibus
1559 1563 1705 1625 ullis,
1738 1569 2044 1616 autcorru-

478 1659 684 1730 ptionc,
716 1667 810 1713 aut
839 1657 1102 1723 fceditate,
1133 1672 1198 1712 ex
1221 1671 1287 1711 eo
1317 1670 1547 1724 corpore
1569 1652 1713 1724 quod
1746 1651 2043 1721 assumpsit

404 1828 405 1831 η
477 1753 818 1821 inquinatus,
851 1758 1136 1824 propterea
1166 1748 1311 1821 quod
1342 1764 1465 1803 cum
1491 1749 1608 1818 ipse
1632 1754 1827 1801 natura
1849 1745 1921 1799 sit
1948 1761 2041 1800 cx-

476 1861 600 1916 pers
634 1852 688 1900 et
716 1844 987 1915 corporis,
1019 1849 1073 1899 et
1104 1841 1307 1904 carnis,
1339 1847 1393 1896 et
1426 1839 1605 1895 omnis
1634 1837 1894 1902 materia),
1922 1845 2044 1891 tan-

474 1952 638 2008 quam
687 1936 779 1992 Dei
817 1934 1077 1999 Verbum,
1119 1932 1303 1988 divina
1354 1931 1590 2003 quadam
1640 1931 1852 1986 virtute
1884 1928 2045 1982 ratio-

477 2030 747 2100 nibusque
786 2026 1169 2091 ineffabilibus,
1202 2040 1417 2080 omnem
1466 2022 1727 2079 sustinuit
1770 2020 2046 2092 dispensa-

478 2125 706 2186 tionem,
751 2136 874 2192 qua:
918 2135 1016 2176 sua
1069 2123 1257 2174 essent
1313 2115 1649 2187 impertiens,
1700 2128 1808 2168 non
1861 2120 2043 2167 autem

478 2223 670 2271 contra
712 2214 816 2269 sibi
860 2211 1167 2270 vindicans.
1222 2218 1314 2265 aut
1362 2222 1633 2279 usurpans
1682 2221 1804 2277 quae
1845 2206 2042 2261 aliena.

478 2305 620 2377 Ergo
653 2320 752 2360 cur
783 2303 855 2357 ita
885 2303 1029 2357 hanc
1061 2301 1208 2357 illius
1241 2304 1295 2356 in
1325 2314 1555 2369 corpore
1580 2296 2044 2367 dispensationem

477 2398 774 2454 formidare
808 2411 946 2466 opus
987 2401 1094 2458 est,
1135 2391 1354 2464 quando
1387 2405 1565 2462 neque
1606 2389 1841 2445 foedatus
1874 2396 1957 2444 est
1997 2388 2046 2442 is

477 2491 569 2561 qui
603 2488 795 2544 foedari
836 2502 944 2543 non
992 2492 1193 2556 potest,
1235 2498 1412 2556 neque
1453 2498 1519 2539 ex
1554 2497 1719 2539 carne
1767 2490 2045 2550 assumpta

480 2583 820 2655 inquinatus,
862 2579 958 2651 qui
997 2593 1106 2633 non
1150 2584 1324 2647 potest
1368 2574 1668 2646 inquinari,
1698 2588 1873 2643 neque
1916 2586 2046 2627 vero

479 2679 697 2750 propria
735 2675 982 2747 corporis
1015 2681 1211 2729 natura
1240 2682 1553 2741 corruptus,
1590 2684 1714 2724 cum
1752 2669 1929 2737 ipsum
1975 2666 2046 2721 sit

480 2772 573 2827 Dei
610 2771 842 2827 Verbum
872 2769 940 2822 ab
972 2766 1122 2822 omni
1160 2763 1401 2836 patiendi
1431 2769 1623 2817 natura
1657 2773 1881 2830 prorsus
1913 2755 2048 2810 alie-

479 2866 647 2921 num?
681 2862 981 2930 Quandone
1013 2858 1148 2915 solis
1191 2855 1414 2928 quidem
1444 2852 1578 2908 radii
1620 2850 1747 2905 dum
1781 2848 2043 2903 cadavera

480 2967 534 3014 ct
561 2958 739 3012 omnis
774 2954 989 3026 generis
1016 2965 1247 3021 corpora
1277 2948 1570 3017 attingunt,
1603 2941 1897 3013 quidquam
1928 2953 2046 2992 om-

481 3050 614 3104 nino
662 3046 771 3118 pati
813 3041 1108 3099 dicuntur?
1156 3039 1226 3094 ab
1268 3039 1388 3109 ipso
1434 3043 1614 3090 autem
1642 3033 1829 3088 divino
1867 3028 2048 3085 Verbo

482 3134 645 3195 etiam
702 3144 915 3201 contra,
971 3131 1117 3206 quod
1161 3128 1517 3200 corruptibile
1566 3132 1685 3181 erat
1741 3125 1797 3179 in
1849 3122 2048 3179 melius

418 3268 423 3275 ι
483 3241 875 3289 commutatum
933 3234 1038 3291 est,
1094 3231 1454 3292 sanctumque
1499 3226 1663 3287 atque
1721 3213 2045 3280 immortale,

483 3320 936 3395 quemadmodum
979 3318 1152 3390 ipsius
1187 3316 1441 3370 voluntas
1479 3309 1604 3373 fuit,
1635 3306 1884 3364 effectum
1918 3312 2044 3362 est:

482 3414 777 3486 quinetiam
810 3410 1010 3466 divinis
1053 3407 1137 3463 sui
1168 3404 1347 3461 Patris
1376 3401 1645 3463 consiliis,
1678 3408 1842 3468 atque
1871 3396 2046 3451 actio-

480 3485 667 3566 nibus,
697 3502 812 3574 ipse
850 3499 1068 3555 interim
1113 3493 1462 3551 inserviebat.
1510 3490 1706 3545 Totum
1750 3486 1914 3558 igitur
1944 3485 2048 3540 hoc

485 3594 765 3651 hominum
805 3589 1216 3646 amantissimus
1260 3584 1404 3640 Deus
1442 3581 1645 3650 Deique
1687 3577 1919 3634 Verbum
1951 3590 2050 3646 pro

482 3696 804 3743 cunctorum
838 3682 1116 3739 hominum
1147 3677 1355 3734 medela
1388 3682 1441 3730 et
1470 3673 1664 3735 salute,
1709 3670 1935 3725 vocibus
1967 3668 2051 3723 in-

483 3782 640 3837 terim
697 3778 1081 3851 prophetarum
1153 3776 1518 3828 consentanea
1586 3780 1780 3836 gerens
1830 3760 2047 3827 effecit,

482 3873 577 3945 qui
629 3871 847 3942 quidem
896 3866 1172 3938 propheta:
1220 3867 1376 3916 tanto
1434 3868 1560 3914 ante
1615 3872 1646 3911 a
1696 3855 1894 3927 priscis
1952 3869 2047 3908 us-

482 3976 590 4039 que
639 3960 1002 4033 temporibus,
1057 3953 1432 4010 admirabilem
1494 3950 1669 4020 ipsius
1714 3949 1781 4003 de
1828 3945 2050 4016 Virgine

482 4038 661 4113 ortum
728 4051 1000 4109 testiﬁcati
1058 4049 1293 4103 fuerant.
1370 4042 1544 4099 Porro
1606 4049 1787 4096 autem
1860 4038 2050 4092 admo-

480 4150 613 4205 dum
668 4146 978 4202 necessario
1040 4142 1169 4195 huic
1216 4137 1419 4193 Christi
1470 4134 1615 4190 ortui
1671 4132 1738 4188 de
1790 4128 2046 4199 Virgine,

482 4242 747 4314 prepheta
809 4235 1090 4306 anteponit
1150 4230 1205 4286 id
1269 4226 1415 4301 quod
1484 4225 1678 4281 reddat
1745 4227 2046 4284 attentum,

481 4313 642 4403 315
672 4329 975 4383 inclamans
1009 4323 1076 4378 ad
1103 4336 1198 4377 eos
1217 4319 1449 4402 quiipsa
1475 4317 1591 4371 haec
1614 4313 2007 4374 audiant.illud
2031 4327 2044 4363 :

488 4399 523 4476 ἷ
546 4399 628 4477 ἐν(
650 4436 761 4476 non
806 4416 1169 4480 credideritis,
1206 4399 1685 4480 nonintelligetis;
1714 4426 1732 4459 ι
1768 4407 1855 4461 cui
1886 4404 2045 4459 dein-

477 4531 609 4587 ceps
641 4512 887 4584 adjungit
934 4525 997 4566 ea
1035 4522 1156 4579 quae
1192 4506 1247 4560 in
1278 4505 1424 4558 hunc
1456 4500 1673 4555 modum
1700 4514 1760 4554 se
1793 4498 1993 4551 habent
2027 4514 2040 4549 :

484 4628 506 4662 ι
545 4607 602 4662 Si
628 4622 737 4662 non
762 4602 1124 4666 credideritis,
1153 4614 1260 4655 non
1285 4592 1620 4665 intelligetis.
1652 4609 1670 4644 ι
1696 4620 1763 4629 -
1800 4608 1818 4640 ‹
1860 4588 1923 4642 Et
1948 4588 2045 4641 ad-

475 4701 608 4771 jecit
650 4698 913 4753 Dominus
959 4693 1106 4764 loqui
1162 4690 1229 4745 ad
1269 4688 1453 4743 Acha:
1502 4685 1736 4739 dicens:
1776 4680 1903 4736 Pete
1946 4679 2045 4733 tibi

481 4793 696 4861 signum
745 4801 775 4840 a
825 4785 1055 4841 Domino
1104 4781 1216 4837 Deo
1264 4788 1357 4834 tuo
1390 4778 1446 4831 in
1475 4773 1805 4847 profundum
1853 4778 1946 4825 aut
1991 4771 2044 4823 in

476 4884 777 4938 excelsum.
807 4877 871 4934 Et
901 4877 1040 4932 dixit
1073 4874 1258 4929 Acha:
1292 4891 1304 4926 :
1335 4869 1455 4925 Non
1491 4877 1689 4954 petam,
1720 4878 1895 4934 neque
1930 4871 2047 4916 ten-

479 4976 607 5031 taho
637 4972 945 5027 Dominum.
965 4967 1032 5021 Et
1056 4967 1193 5022 dixit
1215 4982 1229 5019 :
1254 4963 1453 5018 Audite
1473 4961 1606 5031 jam,
1623 4952 1821 5013 domus
1841 4952 2010 5009 David
2029 4971 2043 5008 :

478 5065 619 5122 Num
659 5075 850 5134 parum
901 5059 1059 5115 vobis
1107 5064 1215 5118 est,
1246 5050 1560 5108 hominibus
1594 5047 1850 5103 exhibere
1872 5051 2046 5098 certa-

482 5156 721 5213 meniet
750 5168 851 5208 cur
882 5150 1114 5207 Domino
1154 5144 1424 5202 exhibetis
1470 5136 1780 5196 certamen?
1829 5143 2048 5205 prepter

481 5247 584 5302 hoc
607 5246 758 5301 dabit
791 5241 1052 5297 Dominus
1094 5239 1211 5308 ipse
1259 5233 1413 5289 vobis
1459 5230 1704 5301 signum:
1727 5238 1854 5281 ecce
1882 5219 2048 5290 Virgo

481 5341 535 5395 in
564 5348 720 5394 utero
765 5336 963 5406 capiet,
991 5339 1045 5387 et
1077 5329 1252 5400 pariet
1297 5327 1492 5387 ﬁlium,
1519 5329 1573 5377 et
1608 5317 1828 5374 vocabis
1851 5327 2048 5368 nomen

480 5431 601 5500 ejus
634 5426 973 5483 Emmanuel.
1022 5422 1284 5493 Butyrum
1332 5424 1388 5473 et
1425 5414 1530 5470 mel
1578 5409 1847 5471 comedet,
1871 5410 2047 5476 prius-

481 5494 644 5593 q'uam
690 5525 980 5591 cognoscat
1025 5515 1158 5582 ipse,
1194 5516 1288 5566 aut
1334 5508 1498 5577 eligat
1545 5502 1709 5567 mala,
1740 5506 1800 5553 ut
1856 5494 2050 5564 seligat

484 5589 686 5670 bonum
718 5631 733 5667 :
765 5589 893 5682 quia
928 5608 1078 5678 prius
1123 5618 1284 5675 quam
1319 5602 1609 5669 cognoscat
1661 5606 1795 5662 puer
1844 5589 2047 5643 bonum

486 5712 580 5759 ant
612 5677 836 5765 malum,
869 5677 977 5752 non
1030 5704 1116 5751 est
1168 5691 1430 5747 obcdiens
1473 5685 1710 5745 malitiae,
1753 5688 1812 5734 ut
1858 5677 2049 5746 seligat

487 5800 710 5852 bonum.
740 5790 805 5845 Et
836 5784 1323 5859 comprehendetur
1351 5788 1518 5844 terra,
1552 5789 1713 5846 quam
1741 5783 1799 5826 tu
1830 5770 1985 5825 times
2016 5781 2047 5819 a

2145 543 2255 597 Kal
2276 541 2426 595 ταῦτ’
2447 541 2677 612 ἔπραττε
2700 543 2820 604 ταῖς
2844 538 2939 593 τοῦ
2967 536 3216 610 σώματος
3240 537 3496 606 ἀνάγκαις
3515 540 3686 612 ὁμοίως

2142 637 2274 706 ἡμῖν
2326 633 2573 702 οὐδαμῶς
2615 631 3143 702 καταδεσμούμενος,
3194 630 3315 683 οὐδέ
3355 647 3407 684 τι
3449 635 3614 703 χεῖρον
3657 636 3684 705 ἢ

2148 727 2330 799 μεῖζον
2382 727 2543 790 αὐτὸς
2581 724 2776 780 ἑαυτοῦ
2819 725 2919 796 τῆς
2960 724 3213 794 θεότητος
3258 723 3550 794 ὑπομένων,
3596 727 3685 778 οὐδ’

2143 820 2313 884 οὕτως
2339 819 2468 873 ὥσθ’
2495 813 2585 874 οἷα
2615 817 2899 891 ἀνθρώπου
2921 816 3087 887 ψυχὴ,
3117 815 3195 887 τῷ
3229 815 3437 886 σώματι
3466 820 3681 886 παρεῖναι

2142 910 2277 965 Θεοῦ
2306 912 2477 980 Λόγον
2511 911 2662 975 ὄντα,
2696 902 2901 963 καΥτά
2930 909 3107 963 πάντα
3140 906 3467 978 πληροῦντα,
3502 909 3587 962 καὶ
3616 909 3687 963 διὰ

2145 1006 2359 1061 πάντων
2382 1005 2584 1076 ἥκοντα
2605 1020 2618 1034 ⁸
2644 1003 2758 1057 ἀλλ’
2789 1001 2908 1055 οὐδὲ
2930 1001 3119 1073 ῥύπον,
3135 1000 3168 1072 ἢ
3187 998 3411 1070 φθορὰν,
3432 1000 3464 1071 ἢ
3484 1000 3684 1071 μίασμα,

2143 1096 2203 1164 ἐξ
2232 1094 2299 1169 ἦς
2337 1097 2594 1167 ἀνείληφε
2626 1094 2826 1166 σαρκὸς
2859 1092 3321 1164 ὲπενηνεγμένος,
3362 1092 3443 1145 ὃτι
3471 1092 3530 1163 δή
3568 1092 3686 1146 ἀσώ-

2147 1208 2312 1263 ματος
2333 1189 2408 1244 ὢν
2434 1190 2533 1260 τὴν
2560 1188 2742 1258 φύσιν,
2771 1187 2864 1240 καὶ
2890 1185 3049 1249 ἀῦλος
3070 1186 3168 1238 καὶ
3193 1185 3451 1257 ἄσαρκος,
3473 1181 3552 1238 οἶα
3572 1185 3684 1239 Θεοῦ

2143 1284 2335 1351 Λόγος,
2358 1281 2525 1352 ὲνθέῳ
2550 1281 2776 1350 δυνάμει
2805 1279 2898 1332 καὶ
2918 1277 3095 1346 λόγοις
3114 1279 3241 1348 ἡμῖν
3264 1277 3516 1347 ἀρρήτοις
3535 1279 3685 1330 πᾶσαν

2145 1376 2308 1448 ὑπῄει
2350 1375 2448 1446 τὴν
2482 1366 2815 1443 οἰκονομίαν,
2849 1369 2957 1424 τῶν
2994 1368 3205 1425 οἰκείων
3238 1367 3567 1438 μεταδιδοὺς,
3591 1367 3684 1421 ἀλλ’

2142 1469 2242 1522 οὐκ
2276 1467 2711 1538 ἀντεπαγόμενος
2741 1464 2849 1518 τῶν
2876 1462 3186 1533 ἀλλοτρίων.
3224 1459 3432 1514 Οὐκοῦν
3460 1461 3509 1513 τί
3532 1460 3687 1528 φοῦεἶ-

2144 1558 2267 1613 σθαι
2293 1558 2398 1629 χρὴ
2435 1556 2533 1629 τήν
2587 1555 2846 1626 ἐνσαρκον
2882 1551 3224 1621 οἰκονομίαν,
3252 1549 3375 1602 ἐπεὶ
3412 1548 3484 1620 μή
3524 1548 3687 1619 ἐμολύ-

2141 1667 2262 1705 νετο
2305 1650 2334 1702 ὁ
2383 1647 2712 1720 ἀμόλυντος,
2757 1644 2889 1716 μηδὲ
2926 1646 2990 1697 ὲκ
3038 1644 3135 1714 τῆς
3174 1641 3376 1713 σαρκὸς
3405 1641 3433 1693 ὁ
3461 1639 3687 1710 ἀμίαντος

2143 1739 2415 1810 ἐμιαίνετο
2435 1778 2451 1803 ,
2477 1737 2611 1808 μηδὲ
2637 1734 3012 1806 συνεφθείρετο
3042 1736 3106 1803 τῇ
3132 1730 3225 1784 τοῦ
3258 1729 3507 1800 σώματος
3537 1729 3685 1800 οἰκείᾳ

2150 1831 2307 1902 φύσει
2335 1829 2592 1901 ὁάπαθὴς
2623 1827 2717 1882 τοῦ
2745 1826 2879 1881 Θεοῦ
2909 1826 3099 1895 Λόγος;
3127 1824 3248 1877 ἐπεὶ
3278 1822 3413 1894 μηδὲ
3437 1821 3574 1893 ἡλίου
3599 1822 3685 1876 πά-

2151 1924 2290 1978 θοιεν
2327 1923 2391 1978 ἄν
2428 1940 2482 1976 τι
2519 1924 2735 1985 ἀκτῖνες
2772 1919 2980 1991 νεκρῶν
3021 1917 3113 1969 καὶ
3148 1915 3416 1969 παντοίων
3445 1913 3679 1982 σωμάτων

2150 2015 2523 2089 ὲπαφὼμεναι.
2542 2014 2633 2088 Τῷ
2655 2014 2714 2067 δὲ
2740 2012 2867 2083 θείῳ
2885 2011 3042 2081 Λόγῳ
3060 2007 3364 2079 τούμπαλιν
3384 2004 3444 2059 τὸ
3472 2002 3680 2074 φθαρτὴν

2123 2178 2130 2185 .
2154 2107 2579 2182 μετεσκευάζετο
2597 2146 2612 2173 ,
2633 2107 2727 2161 xal
2762 2105 2918 2174 ἅγιόν
2940 2120 2999 2156 τε
3031 2101 3126 2156 καὶ
3152 2099 3436 2164 ἀθάνατον,
3464 2098 3498 2152 ἃ.
3530 2113 3581 2150 τε
3606 2094 3683 2148 καὶ

2148 2201 2216 2276 ἦν
2244 2203 2392 2274 αὐτῷ
2423 2199 2696 2273 βουλητὸν,
2716 2195 3026 2252 ἀπετελεῖτο
3044 2234 3057 2247 .
3088 2192 3196 2246 Na't
3221 2190 3328 2261 μὴν
3359 2189 3452 2242 καὶ
3471 2188 3581 2250 ταῖς
3602 2186 3673 2237 ὲνι

2151 2275 2291 2358 θέοις
2319 2293 2413 2347 τοῦ
2451 2291 2761 2362 Πνεύματος
2804 2285 3014 2358 βουλαῖς
3044 2298 3105 2336 τε
3140 2282 3235 2335 καὶ
3270 2278 3500 2353 πράξεσι
3535 2275 3676 2344 διῆκον

2150 2389 2310 2441 νεῖτο.
2334 2384 2502 2437 Τοῦτο
2526 2378 2618 2436 οὖν
2646 2381 2762 2435 ὅλον
2782 2377 2860 2449 τῷ
2881 2372 3377 2447 φιλανθρωποτάτῳ
3405 2367 3517 2439 Θεῷ
3541 2383 3595 2423 τε
3612 2366 3689 2419 καὶ

2150 2476 2286 2532 Θεοῦ
2311 2477 2467 2546 Λόγῳ
2491 2474 2630 2545 ὑπὲρ
2658 2472 2754 2542 τῆς
2781 2470 2997 2524 πάντων
3019 2463 3320 2537 ἀνθρώπων
3344 2459 3617 2532 θεραπείας
3639 2473 3687 2509 τε

2151 2572 2245 2625 καὶ
2270 2568 2539 2639 σωτηρίας
2552 2568 2672 2628 ταῖς
2690 2562 2798 2616 τῶν
2818 2558 3108 2632 προφητῶν
3125 2554 3431 2636 ἀκολούθως
3445 2549 3689 2621 ἐνηργεῖτο

2152 2664 2354 2733 φωναῖς
2377 2630 2621 2728 ,ἀνωθεν
2654 2657 2718 2709 ἐκ
2757 2630 3001 2706 παλαιῶν
3038 2649 3242 2721 χρόνων
3277 2630 3379 2718 τὴν
3411 2640 3685 2711 θαυμασίαν

2150 2732 2215 2808 ἐκ
2265 2750 2541 2821 Παρθένου
2595 2749 2846 2818 γέννησιν
2914 2741 3079 2799 αὑτοῦ
3158 2732 3685 2821 προμαρτυρομέναις.

2151 2820 2365 2915 Σφόδρα
2414 2843 2473 2895 δὲ
2529 2839 2840 2908 ἀναγκαίως
2885 2838 2915 2888 ὁ
2967 2833 3250 2905 προφήτης
3306 2827 3582 2900 προτάττει
3605 2820 3688 2915 τῆς

2151 2906 2217 2990 ὲκ
2263 2906 2540 3005 Ιίαρθένου
2583 2906 2850 2998 γενέσεως
2879 2923 2973 2977 τοῦ
3011 2918 3245 2993 Χριστοῦ
3286 2916 3349 2968 τὸ
3378 2906 3686 3005 ἐπιστρεφέξι

2151 2996 2436 3094 more»;th
2489 2996 2744 3091 ἄντικρυς
2787 3019 2901 3079 τοῖς
2955 3014 3158 3067 τούτων
3210 3004 3568 3094 ἀκροωμέγοις
3615 2996 3684 3056 τὺ,

2155 3137 2178 3172 ι
2222 3089 2348 3172 Ἐὰν
2392 3116 2467 3188 μὴ
2501 3089 2848 3182 πιστεύσητε,
2885 3107 3005 3162 οὐδὲ
3032 3104 3105 3176 μὴ
3135 3102 3330 3172 συνῆτε
3353 3116 3367 3130 ·
3407 3117 3426 3149 ι
3457 3090 3500 3164 ᾧ
3527 3089 3688 3188 Empe-

2155 3226 2237 3282 ρει
2276 3178 2405 3277 ἑξῆς
2452 3178 2522 3259 τὰ
2568 3178 2762 3257 τοῦτον.
2786 3199 2976 3270 ἔχοντα
3017 3196 3109 3249 τὸν
3148 3193 3348 3264 τρόπον
3369 3206 3385 3221 ο
3427 3206 3446 3239 ι
3487 3183 3600 3238 Ἐὰν
3626 3178 3687 3282 μὴ

2150 3270 2498 3369 πιστεύσητε,
2526 3295 2646 3349 οὐδὲ
2683 3292 2757 3364 μὴ
2791 3291 3004 3361 συνῆτε.
3030 3306 3047 3338 ι
3098 3304 3117 3338 ι
3148 3284 3257 3367 Kal
3281 3277 3567 3352 προσέθετο
3595 3270 3690 3369 Κύζ-

2149 3407 2265 3462 ριος
2305 3358 2531 3458 λαλῆσαι
2590 3358 2917 3459 τεῷ-Ἄχας,
2962 3378 3133 3446 λέγων
3169 3363 3199 3405 θ’
3229 3371 3463 3440 Δί’τησαι
3510 3358 3691 3462 σεαυτῷ

2149 3453 2373 3555 σημεῖον
2404 3453 2553 3550 παρά
2584 3453 2789 3548 κυρίου
2816 3471 2910 3527 τοῦ
2950 3467 3085 3524 Θεοῦ
3134 3481 3224 3519 σου
3264 3465 3348 3527 είς
3390 3453 3599 3555 βάθος]
3625 3454 3691 3555 εἰς

2150 3541 2301 3644 0426;.
2361 3541 2686 3625 Kal'eimv-
2716 3563 2922 3635 Ἀχαζ·
2971 3560 3045 3614 Οὐ
3095 3557 3168 3628 μὴ
3211 3542 3611 3644 αἰτήσωῖοίῶὲ.
3626 3541 3688 3613 μὴ

2149 3663 2392 3734 πειράσω
2446 3659 2671 3729 Κύριον.
2714 3655 2824 3710 Kal
2872 3648 3053 3705 εἶπεν·
3112 3643 3405 3703 Ἀκούσατε
3437 3639 3533 3709 δὴ,
3566 3628 3689 3692 οἶκος

2147 3720 2340 3807 Δαύΐδ·
2377 3750 2463 3822 Μὴ
2501 3720 2692 3821 μικρὸν
2725 3745 2852 3814 ὑμῖν
2879 3736 3186 3813 ἀνθρώποις
3220 3730 3483 3822 παρέχειν
3505 3720 3688 3822 ἀγιῖςναί

2148 3844 2242 3898 καὶ
2285 3840 2400 3905 πῶς
2662 3809 2928 3906 παρέχετε
2966 3809 3188 3897 ἀγῶνα;
3220 3820 3322 3876 Διά
3363 3817 3517 3872 τοῦτο
3552 3809 3688 3865 δώσει

2147 3933 2350 4004 Κύριος
2378 3905 2539 3991 αὐτὸς
2566 3905 2691 3996 ὑμῖν
2719 3905 2939 3993 σημεῖον
2957 3934 2971 3949 ⁶
3020 3916 3128 3969 ἰδοὺ
3161 3916 3193 3984 ή
3225 3908 3499 3981 Παρθένος
3530 3905 3582 3955 ὲν
3603 3913 3688 4004 γαζ-

2148 3987 2272 4098 στέὶ
2322 3987 2577 4094 λήψεται,
2603 3987 2715 4072 ’καὶ
2759 3987 2969 4079 τέξεται
3016 4008 3160 4070 υίὸν,
3210 4004 3307 4057 καὶ
3359 3997 3600 4098 καλέσεις
3637 3987 3688 4041 τδ

2146 4083 2315 4188 ὄνομα
2339 4083 2500 4168 αῦτοῦ
2540 4105 2904 4181 Ἐμμανουήλ.
2942 4101 3209 4171 Βούτυρον
3238 4094 3333 4149 καὶ
3384 4089 3501 4162 μέλι
3542 4083 3687 4188 pays-

2145 4170 2258 4272 ται,
2290 4205 2419 4278 πρὶν
2451 4204 2484 4275 ἢ
2522 4170 2725 4270 γνέῦναι
2767 4170 2925 4251 αὐτὸν
2950 4193 2984 4262 ἢ
3020 4170 3340 4261 προελέσθαι
3372 4170 3673 4278 πογηράῧκ

2145 4262 2357 4365 λέξεταί
2383 4296 2445 4350 τὸ
2474 4262 2714 4363 ,ἀγαθόν’
2758 4288 2891 4342 διότι
2935 4283 3062 4355 πρὶν
3092 4281 3125 4352 ἢ
3168 4275 3372 4365 γνῶναι
3402 4270 3475 4365 τὸ.
3501 4262 3686 4365 παιδίον

2147 4350 2349 4456 ἆῖἇθδν
2392 4384 2426 4455 ἢ
2471 4350 2661 4447 κακὸν,
2709 4375 2926 4432 ἀπειθεῖ
2967 4350 3221 4441 πονηρίᾳ,
3267 4364 3363 4417 τοῦ
3399 4350 3689 4456 ἐκλέξασθαι

2081 4503 2120 4558 υ
2148 4441 2209 4535 τό
2238 4441 2459 4548 ἀγαθόν.
2500 4475 2611 4531 Kal
2641 4441 3126 4537 καταλειφθήσεται
3168 4462 3202 4531 ή
3235 4459 3330 4528 γῆ,
3367 4456 3433 4526 ἢν
3462 4441 3686 4558 sirena-ﬁ.

2144 4574 2252 4630 ἀπὸ
2284 4538 2570 4644 προσώπου
2594 4566 2703 4619 τῶν
2726 4563 2818 4616 δύο
2859 4558 3135 4632 βασιλέων.
3178 4573 3196 4605 ι
3233 4551 3343 4605 Kal
3385 4547 3454 4600 τὰ
3489 4543 3580 4644 at?

2144 4626 2478 4737 προφητείας
2505 4654 2607 4713 ὧδέ
2633 4674 2710 4727 πη
2737 4626 2881 4725 εἶχεν
2900 4669 2913 4682 ·
2947 4647 3235 4717 ἐπιστῆσαι
3257 4643 3315 4696 δὲ
3339 4641 3492 4737 ἀξιοῖ
3509 4634 3581 4704 τῷ
3601 4626 3680 4682 τοῦ

2144 4728 2328 4825 λόγου
2360 4750 2627 4825 προοιμίῳ
2679 4740 3071 4819 μαρτυρομένῳ
3113 4739 3225 4800 τοῖς
3267 4728 3678 4825 ἐντυγχάνουσιν,

2145 4819 2249 4911 ὅτι,
2276 4846 2369 4900 ὲάν
2398 4819 2471 4915 μὴ
2501 4819 2885 4898 πιστεύσωσιν,
2910 4832 3030 4887 οὐδὲ
3058 4830 3134 4902 μὴ
3164 4824 3385 4881 συνῶσι.
3414 4819 3520 4877 Καὶ

2146 4899 2489 5008 κα-ίωςχρῆν
2528 4924 2989 5001 ἐπισημήνασθαι,
3020 4899 3354 4980 δεικνύντας,
3387 4914 3468 4967 ὅτι
3501 4905 3575 5008 μη

2147 5049 2236 5086 νον
2269 4992 2557 5090 συνέσεως,
2585 4992 2722 5076 ἀλλά
2747 4992 2841 5073 καὶ
2883 5014 3113 5075 πίστεως
3150 5009 3229 5063 δεῖ
3254 5008 3367 5069 τοῖς
3400 4992 3689 5064 ἐντευξομέ-

2147 5139 2278 5187 νοις,
2325 5118 2421 5173 καὶ
2465 5115 2526 5170 ού
2583 5111 2741 5185 μόνον
2792 5108 3047 5185 πίστεως,
3105 5099 3241 5155 ἀλλά
3282 5097 3382 5150 καὶ
3427 5090 3687 5187 συνέστιος.

2152 5178 2312 5267 Ὅθεν
2336 5211 2384 5263 oi.
2417 5211 2482 5261 ἐκ
2511 5178 2811 5275 περιτομῆς
2840 5197 2914 5269 μὴ
2948 5184 3334 5251 πιστεύσαντες
3363 5187 3444 5248 είος
3470 5182 3554 5275 τον
3573 5178 3688 5246 Χρι-

2152 5305 2274 5377 στδγ
2318 5299 2412 5354 τοῦ
2454 5295 2612 5360 Θεοῦ,
2656 5292 2822 5347 είσέτι
2861 5289 2953 5342 καὶ
2984 5285 3079 5341 νῦν
3104 5282 3306 5336 τούτων
3351 5271 3685 5346 ἀκροώμενοι,

2148 5364 2301 5448 οὔπω
2344 5391 2439 5444 καὶ
2480 5390 2560 5450 είς
2605 5383 2762 5455 δεῦρο
2808 5379 3048 5448 συνῆκαν
3087 5375 3180 5428 τὸν
3222 5364 3687 5455 προφητευόμενξῡν,

2149 5487 2290 5538 ὥστε
2331 5484 2417 5535 ἐπ’
2456 5480 2634 5541 αὐτοῖς
2673 5450 2910 5546 πρώτοις
2940 5453 3317 5537 ὲπαληθεῦσαι’
3348 5458 3448 5529 τὴν
3475 5450 3690 5546 «9699:1-

2148 5536 2268 5630 es?
2302 5575 2438 5643 ἀκοῇ
2471 5571 2581 5640 γάρ
2615 5536 2732 5620 ⁷τῶν
2779 5562 2907 5634 περὶ
2953 5556 3047 5612 τοῦ
3089 5551 3326 5627 Χριστοῦ
3375 5536 3689 5643 προφητειιῖῗν

2271 5627 2446 5735 πάσης
2476 5627 2684 5734 ήμέρας
2712 5627 3021 5717 ἀκούοντες,
3047 5650 3150 5703 ὠσὶ
3170 5643 3424 5735 διανοίας.
3435 5640 3530 5694 οὐκ
3550 5627 3692 5735 attolli:

2491 5718 2551 5809 τε
2585 5718 2806 5822 ἀγνοίας
2840 5746 3019 5804 αὐτῶν
3049 5744 3219 5800 αἴτιον
3250 5718 3424 5793 ούδὲν⁹
3450 5734 3622 5803 ἕτερον
3658 5723 3687 5792 ἢ
