3902 6264
217 325 306 381 197

1069 301 1723 366 θειωΝετιιΑτιοΝιδ
1760 299 2224 359 suaesuae:
2264 302 2409 359 me-
2437 287 2573 361 vn.’

3364 306 3471 367 I98

214 407 444 493 ἀπιστία
470 433 749 503 τυγχάνει,
785 427 878 483 καὶ
909 426 1067 480 τοῦτο
1103 426 1200 497 τῆς
1242 421 1598 495 προρρήσεως
1625 416 1794 486 ἀψευ-
1823 442 1835 473 λ

1924 417 2036 472 acie
2065 417 2293 472 duorum
2320 434 2508 490 regum
2524 419 2588 473 *3.
2621 438 2639 471 ι
2668 416 2735 473 Et
2755 435 2876 491 qua:
2905 420 3124 492 quidem
3149 421 3215 477 ad
3240 422 3473 493 prophe-

212 531 309 593 δὼς
360 528 492 600 περὶ
538 523 715 580 αὐτῶν
773 523 864 577 καὶ
909 520 1045 592 πρὸς
1101 517 1296 580 αὐτοὺς
1347 509 1793 584 ἀποφηναμένης.

221 646 237 673 ι
265 623 393 675 Ἐὰν
420 622 551 692 γὰρ,
576 638 594 670 ›
626 617 778 688 φησι,
806 613 914 686 «μὴ
930 610 1277 680 πιστεύσητε,
1299 607 1417 662 οὐδὲ
1443 603 1518 677 μὴ
1542 601 1754 672 συνῆτε.
1773 621 1790 652 ι

227 716 362 769 ’ἀλλ’
412 717 461 769 εἰ
495 715 652 783 φαῖεν
703 712 777 783 μὴ
827 706 1125 779 Παρθένον,
1159 702 1339 757 νεᾶνιν
1378 698 1437 753 δὲ
1480 693 1796 769 ὠνομάσθαι

217 810 270 862 ἐν
296 810 366 879 τῇ
396 808 588 878 Γραφῇ
618 804 779 877 (οὕτω
828 800 937 872 γάρ
957 816 1087 870 φασι
1118 794 1375 868 φέρεσθαι
1410 794 1539 865 παρ’
1561 788 1794 853 αὑτοῖςὶ,

220 902 309 954 καὶ
359 902 514 952 ποῖον
546 897 614 951 ἂν
656 896 883 965 γένοιτο,
914 893 1177 963 φήσομεν,
1213 889 1435 960 σημεῖον
1467 881 1798 953 ἐπαγγελίας

220 993 352 1047 Θεοῦ
387 974 563 1058 ἄξιον,
604 991 653 1044 εί
700 986 943 1058 συνήθως
985 982 1209 1044 τίκτειν,
1238 976 1328 1036 οἷα
1359 979 1454 1034 καὶ
1498 979 1669 1033 πᾶσαι
1697 992 1796 1045 γυσ

220 1090 426 1151 ναῖκες,
463 1085 524 1151 ἐξ
559 1081 777 1153 ὁμιλίας
814 1076 1005 1150 ἀνδρὸς
1030 1079 1086 1129 ὲν
1116 1073 1313 1144 γαστρὶ
1354 1069 1590 1125 λαϐοῦσα
1622 1067 1800 1133 νεᾶνίς

221 1196 299 1243 τις
330 1177 560 1249 ἔμελλες
589 1173 712 1236 Πῶς
739 1172 795 1224 δὲ
821 1170 914 1225 καὶ
941 1165 1073 1231 Θεὸς
1104 1161 1170 1238 ἦν
1197 1168 1225 1219 6
1251 1164 1310 1231 ἐξ
1337 1163 1506 1235 αὐτῆς
1528 1158 1801 1232 γεννώμε-

224 1292 337 1340 νο;;
370 1272 470 1327 καὶ
508 1271 606 1339 οὐχ
636 1265 825 1330 ἁπλῶς
851 1264 1005 1330 Θεὸς,
1038 1262 1152 1317 ἀλλ’
1183 1264 1215 1315 ό
1244 1257 1372 1330 μεθ’
1403 1255 1605 1327 Mar;
1642 1252 1801 1308 τοῦτο

225 1369 327 1440 γὰρ
369 1364 658 1437 σημαίνειν
696 1359 943 1430 βούλεται
978 1356 1041 1410 τὸ
1078 1349 1443 1424 Ἐμμανουήλ,
1491 1348 1626 1418 ὅπερ
1669 1344 1801 1415 φησι

224 1439 328 1516 δεῖν
356 1455 649 1528 ὀνομάζειν
686 1452 777 1505 τὸν
816 1449 1170 1521 γεννώμενον.
1212 1464 1231 1497 ‹
1273 1444 1403 1497 Ἰδοὺ
1448 1441 1557 1511 γὰρ
1589 1440 1622 1511 ἠ
1656 1439 1803 1508 Παρ-

225 1550 396 1613 θένος,
445 1546 634 1617 φησὶν,
676 1544 734 1595 ὲν
768 1540 964 1613 γαστρὶ
1002 1537 1250 1610 λήψεται,
1285 1532 1380 1586 καὶ
1420 1530 1631 1598 τέξεται
1664 1527 1799 1592 υἱὸν,

225 1643 316 1698 καὶ
359 1638 620 1699 καλέσεις
656 1634 718 1687 τὸ
760 1632 929 1700 ὄνομα
956 1626 1119 1683 αὐτοῦ
1158 1622 1533 1697 Ἐμμανουήλο
1574 1640 1592 1672 ι
1622 1621 1650 1673 ὃ
1688 1620 1803 1671 ἐστι

228 1728 792 1807 μεθερμηνευόμενον,
838 1722 964 1795 μεθ’
997 1718 1165 1791 ἡμῶν
1195 1720 1226 1772 ὀ
1255 1716 1417 1782 Θεός.
1450 1715 1607 1776 Ποῖος
1628 1711 1684 1765 δὲ
1710 1710 1803 1764 καὶ

226 1784 557 1893 Θεῷ,
684 1784 944 1880 ποῖοςνᾶν
979 1784 1064 1884 alii]
1108 1809 1293 1873 κόπος,
1338 1806 1432 1860 καὶ
1480 1803 1675 1875 μόχθος
1716 1801 1808 1854 ἐπὶ
1836 1784 1879 1839 Β

229 1891 449 1984 συνήθει
475 1909 662 1982 τρόπῳ
691 1903 947 1975 γυναικὸς
977 1899 1294 1970 τικτούσηςς
1331 1896 1418 1950 Ἐν
1447 1894 1545 1965 μὲν
1568 1891 1676 1966 γὰρ
1698 1893 1808 1954 τοῖς

228 1981 524 2079 ἡμετέροις
577 1998 955 2070 ἀντιγράφοις,
1006 1992 1095 2062 ὑφ’
1153 1989 1549 2060 Ἐϐδομήκοντα
1603 1981 1812 2054 ἀνδρῶν

230 2075 440 2156 ἀνωθεν
479 2096 579 2168 μὲν
615 2091 877 2162 Ἐϐραίων
909 2086 969 2141 τὸ
1000 2086 1177 2155 γένος,
1218 2083 1304 2135 ἐπ’
1335 2077 1589 2151 ἀκριϐείᾳ
1615 2076 1673 2129 δὲ
1713 2075 1811 2143 τῆς

234 2191 469 2263 πατρίου
538 2185 786 2246 παιδείας
846 2176 1318 2250 δεδοκιμασμένων
1359 2168 1809 2244 ήρμηνευμένοις,

232 2280 329 2340 ὧδέ
366 2298 488 2345 πως
522 2279 745 2349 φέρεται
771 2294 784 2307 ’
831 2294 849 2327 ί
892 2272 982 2343 Μὴ
1030 2268 1224 2343 μικρὸν
1256 2268 1384 2338 ὑμῖν
1420 2264 1606 2333 ἀγῶνα
1675 2277 1815 2332 παρ-

232 2377 378 2447 έχειν
422 2370 733 2443 ἀνθρώποις
758 2384 772 2432 ;
809 2364 903 2419 καὶ
929 2362 1046 2426 πῶς
1077 2358 1266 2431 Κυρίῳ
1296 2356 1562 2429 παρέχετε
1595 2353 1811 2422 ἀγῶνας

344 2466 511 2520 τοῦτο
540 2461 702 2516 δώσει
736 2458 939 2530 Κύριος
971 2453 1133 2516 αὐτὸς
1162 2453 1290 2523 ὑμῖν
1330 2450 1573 2520 σημεῖον·
1616 2445 1746 2499 Ἰδοὺ
1782 2446 1815 2516 ή

236 2559 517 2633 Παρθένος
548 2559 608 2611 ὲν
655 2553 853 2625 γαστρὶ
890 2548 1140 2620 λήψεται,
1184 2545 1278 2598 καὶ
1327 2541 1539 2606 τέξεται
1592 2539 1726 2601 υἱὸν,
1758 2537 1816 2601 ὃς

239 2631 570 2724 κεκλήσεται
615 2651 649 2704 ὁ
694 2648 824 2717 μεθ’
865 2641 1033 2713 ἡμῶν
1081 2639 1243 2704 Θεός.
1281 2656 1299 2689 ι
1353 2634 1523 2688 Τοῦτο
1563 2632 1693 2715 γὰρ,
1743 2631 1818 2693 ὡς

240 2721 407 2819 ιφην,
440 2742 635 2815 δηλοῦν
667 2739 914 2811 βούλεται
944 2737 1006 2790 τὸ
1044 2728 1386 2807 Ἐμμανουήλ
1417 2727 1605 2798 ὄνομα.
1644 2724 1731 2777 Ἐν
1763 2721 1819 2775 δὲ

241 2812 350 2903 τοῖς
384 2812 564 2892 αὐτῶν
604 2831 870 2887 Ἰουδαίων
912 2826 1282 2899 ἀντιγράφοις,
1334 2818 1475 2874 κατὰ
1521 2816 1618 2888 τὴν
1661 2812 1820 2868 Ἀκύ-

241 2932 333 2986 λου
368 2926 673 3001 μεταϐολὴν
713 2921 1030 2995 φερομένοις
1080 2916 1435 3001 (προσήλυτος
1496 2910 1554 2964 δὲ
1595 2910 1624 2962 6
1664 2905 1821 2960 Ἀκύ-

242 3023 337 3087 λας
362 2997 455 3093 ἦν,
489 3020 551 3073 ού
578 3017 737 3088 φύσει
775 3009 1065 3082 Ἰουδαῖος),
1092 3010 1238 3079 ὅμως
1267 3006 1311 3060 δ’
1337 2999 1429 3058 οὖν
1462 3001 1557 3056 καὶ
1586 3000 1702 3053 κατ’
1731 2997 1823 3051 αὐ-

244 3118 332 3171 τὸν
386 3090 578 3167 τοῦτον
631 3109 845 3181 εἴρηται
889 3104 978 3157 τὸν
1022 3102 1222 3174 τρόπον
1254 3116 1266 3128 ·
1324 3116 1343 3149 ι
1391 3093 1685 3148 ’Δκούσατε
1729 3090 1816 3163 δὴ,
1844 3119 1892 3182 c

244 3206 391 3271 οἶκος
419 3203 582 3258 Δαυῒδ
602 3220 613 3232 ·
652 3205 781 3272 μήτι
808 3197 985 3266 ὀλίγον
1019 3193 1128 3246 ἀπὸ
1156 3188 1306 3260 ὑμῶν
1341 3185 1570 3259 μοχθῶν
1598 3184 1818 3256 ἄνδρας,

243 3303 326 3356 ὅτι
357 3294 622 3370 μοχθοῦτέ
654 3309 720 3362 γε
750 3290 844 3344 καὶ
870 3288 961 3342 τὸν
990 3285 1196 3356 Κύριον
1228 3280 1360 3335 Θεὸν
1387 3295 1520 3351 μου;
1545 3275 1642 3331 Διὰ
1668 3276 1824 3329 τοῦτο

246 3366 406 3447 δώσει
431 3366 608 3450 αὐτὸς
644 3385 772 3454 ὑμῖν
799 3381 1054 3452 σημεῖον·
1095 3375 1226 3430 Ἰδοὺ
1256 3375 1291 3444 ή
1335 3372 1513 3434 νεᾶνις
1546 3372 1602 3422 ἐν
1626 3366 1825 3439 γαστρὶ

247 3480 639 3554 συλλαμϐάνει,
664 3477 759 3531 καὶ
783 3475 957 3528 τίκτει
986 3470 1121 3534 υἱὸν,
1149 3468 1244 3522 καὶ
1268 3465 1515 3533 καλέσεις
1537 3461 1707 3530 ὄνομα
1729 3459 1827 3513 αύ-

247 3578 342 3632 τοῦ
390 3549 767 3646 Ἐμμανουήλ.
805 3588 825 3621 ι
865 3565 1024 3638 Παρὰ
1056 3563 1112 3617 δὲ
1147 3561 1227 3631 τῷ
1250 3556 1529 3629 Συμμάχῳ
1557 3552 1710 3646 ταῦθί
1742 3549 1826 3605 οὖ-

246 3687 356 3733 τως
386 3640 533 3737 ἔχει’·
564 3640 801 3735 (λέγεται
831 3660 890 3714 δὲ
917 3661 945 3713 6
977 3658 1269 3727 Σύμμαχος
1315 3649 1631 3737 Ἐϐιωναῖος
1654 3640 1824 3698 εἶναι’
1867 3695 1871 3698 ,

249 3734 465 3834 αἵρεσις
504 3734 658 3828 δὲῆν
686 3753 827 3807 οὓτω
856 3746 1204 3818 καλουμένων
1241 3740 1400 3795 τινῶν
1446 3736 1711 3792 Ἰουδαίων
1749 3734 1829 3796 εἰς

250 3822 490 3926 Χριστὸν
502 3822 778 3904 πιστεύειν
803 3841 1131 3914 λεγομένων,
1150 3834 1209 3901 ἐξ
1239 3827 1312 3887 ὧν
1335 3834 1364 3886 6
1395 3830 1689 3901 Σύμμαχος
1714 3822 1827 3897 ἦν,)

252 3948 381 4017 παρ’
407 3938 455 4013 ᾧ
494 3943 591 3997 καλ⁵
633 3936 779 4009 αὐτῷ
822 3934 995 3990 ταῦτα
1041 3930 1214 3994 οὕτως
1253 3927 1395 3998 ἔχει·
1451 3941 1470 3975 ‹
1513 3919 1829 3983 Ἀκούσατε,

251 4009 402 4102 οἶκος
425 4009 600 4089 ’Δαυῖδ
621 4049 635 4063 ο
673 4030 765 4101 Μὴ
803 4029 902 4083 οὐκ
927 4026 1199 4095 αὔταρκες
1230 4020 1358 4091 ὑμῖν
1400 4013 1601 4071 κοποῦν
1630 4009 1835 4082 ἀνθρώ-

253 4148 412 4195 πους,
449 4130 531 4182 ὅτι
569 4123 802 4181 κοποῦτε
844 4123 935 4175 τὸν
972 4118 1105 4173 Θεόν
1151 4131 1291 4189 μου;
1333 4111 1431 4166 Διὰ
1473 4106 1630 4162 τοῦτο
1674 4103 1833 4158 δώσει

256 4224 419 4285 αὐτὸς
449 4222 578 4290 ὑμῖν
606 4218 829 4287 σημεῖον
853 4230 866 4245 °
905 4212 1034 4267 Ἰδοὺ
1056 4213 1090 4283 ή
1123 4209 1303 4270 νεᾶνις
1332 4199 1716 4272 συλλαμϐάνει,
1741 4195 1836 4249 καὶ

257 4315 433 4368 τίκτει
461 4288 597 4376 υἱὸν,
622 4308 718 4364 καὶ
745 4306 994 4368 καλέσεις
1025 4302 1195 4372 δνομα
1223 4295 1387 4352 αὐτοῦ
1433 4288 1832 4365 Ἐμμανουήλ.»

272 4406 493 4476 Ἐπειδὴ
540 4403 649 4474 γὰρ
692 4400 787 4455 τοῦ
824 4396 1095 4452 Ἰουδαίων
1139 4393 1321 4455 ἔθνους
1361 4389 1422 4442 τὸ
1466 4383 1701 4455 σκληρὸν
1742 4378 1835 4476 τού

1902 507 2034 563 tiam
2069 510 2362 581 pertinent,
2396 511 2450 566 in
2482 511 2628 567 hunc
2655 512 2872 568 modum
2904 528 2964 569 sc
2991 513 3213 572 habent.
3238 509 3471 585 Diligen-

1903 601 2013 657 tius
2038 618 2162 657 vero
2194 602 2474 660 attendere
2507 619 2603 675 par
2626 612 2710 661 est
2732 606 2904 677 ipsius
2928 607 3136 661 oraculi
3163 606 3471 669 exordium,

1904 693 2051 765 quod
2083 695 2320 766 legentes
2349 695 2626 763 admonet,
2657 698 2704 753 si
2752 713 2861 753 non
2908 697 3260 764 crediderint,
3290 714 3359 753 ne
3389 698 3474 751 in-

1906 786 2217 843 tellecturos
2265 787 2483 859 quidem
2518 804 2677 858 esse;
2710 796 2761 845 et
2785 805 2917 846 sane
2958 790 3218 846 adnotare
3250 804 3475 845 necesse

1907 876 2028 941 fuit,
2061 885 2222 948 atque
2267 880 2574 944 ostendere,
2622 881 2766 952 quod
2800 898 2908 938 non
2958 883 3131 937 solum
3174 881 3471 947 intellectu,

1907 971 2002 1026 sed
2028 972 2190 1028 etiam
2223 974 2325 1029 lide
2359 973 2424 1029 iis
2445 974 2536 1045 qui
2571 975 2763 1030 lecturi
2789 982 2935 1041 sunt,
2960 990 3099 1047 opus
3125 975 3217 1037 sit,
3237 980 3291 1029 et
3311 973 3477 1028 vicis-

1907 1064 2032 1130 sim,
2085 1080 2191 1120 non
2244 1065 2419 1121 solum
2453 1065 2555 1121 ﬁde
2588 1064 2685 1122 sed
2714 1067 2878 1122 etiam
2928 1068 3224 1122 intellectu.
3260 1065 3334 1121 Ex
3365 1081 3476 1136 quo

1906 1153 2079 1211 Judaei
2124 1156 2216 1228 qui
2258 1157 2311 1211 in
2356 1157 2635 1213 Christum
2661 1156 2753 1213 Dei
2779 1174 2884 1213 non
2929 1157 3277 1214 crediderunt
3310 1157 3471 1213 etiam

1906 1263 2056 1303 nunc
2107 1249 2221 1303 haec
2260 1249 2569 1315 audientes,
2610 1251 2854 1322 nondum
2906 1259 3084 1307 tamen
3130 1250 3254 1320 quis
3298 1250 3389 1317 sit,
3406 1249 3475 1305 de

1907 1354 2017 1409 quo
2047 1340 2308 1410 propheta
2337 1340 2577 1412 loquitur
2609 1343 3089 1409 intcllexerunt,ut
3118 1344 3170 1397 in
3200 1342 3335 1414 ipsis
3364 1343 3477 1413 pri-

1908 1433 2013 1487 mis
2048 1435 2328 1490 veritatem
2362 1450 2515 1489 suam
2551 1435 2858 1504 probaverit
2881 1434 3196 1489 vaticinium
3235 1453 3250 1486 :
3288 1433 3475 1488 auditu

1909 1524 2054 1580 enim
2098 1534 2213 1581 tota
2254 1527 2341 1581 die
2381 1527 2695 1596 prophetias
2716 1526 2782 1583 de
2804 1525 3022 1583 Christo
3051 1526 3356 1591 audientes,
3377 1539 3478 1579 au-

1910 1618 2064 1674 ribus
2113 1619 2481 1689 intelligentiae
2531 1636 2640 1673 non
2700 1619 2947 1674 audiunt.
2998 1618 3176 1690 Atque
3232 1619 3478 1689 ipsorum

1912 1709 2231 1778 ignorantiae
2275 1709 2377 1763 alia
2408 1709 2556 1764 nulla
2582 1716 2665 1765 est
2695 1723 2861 1763 causa
2895 1722 3059 1778 quam
3103 1707 3479 1775 incredulitas,

1908 1816 2033 1856 cum
2062 1800 2235 1871 ipsum
2266 1801 2368 1855 hoc
2391 1801 2598 1870 absque
2647 1788 2929 1856 mendacio
2959 1808 3014 1856 et
3045 1799 3112 1854 de
3138 1799 3294 1871 ipsis,
3326 1807 3381 1854 et
3411 1797 3482 1854 ad

1908 1892 2058 1962 ipsos
2078 1892 2420 1957 vaticinium,
2446 1893 2606 1962 plane
2628 1893 3029 1948 enuntiaverit:
3058 1910 3077 1943 ι
3108 1890 3165 1947 Si
3194 1891 3338 1946 enim
3368 1905 3481 1945 non

1908 1983 2272 2048 credideritis,
2312 1983 2508 2054 inquit,
2542 1999 2609 2037 ne
2645 1982 2955 2052 intelligetis
2995 1982 3238 2053 quidem.
3269 2000 3288 2033 ι
3322 1979 3483 2047 Quod

1911 2076 1960 2131 si
1995 2075 2231 2131 dixerint
2271 2092 2381 2132 non
2432 2074 2732 2146 Virginem,
2765 2074 2861 2130 sed
2888 2074 3123 2145 puellam
3167 2073 3309 2144 apud
3335 2072 3483 2129 Scri-

1911 2174 2127 2238 pturam
2171 2170 2504 2223 nominatam
2532 2183 2655 2224 esse
2685 2168 2787 2237 (sic
2809 2168 2954 2223 enim
2980 2169 3132 2222 aiunt
3164 2167 3308 2238 apud
3332 2167 3483 2238 ipsos

1911 2258 2146 2332 haberi),
2197 2260 2505 2331 cujusmodi
2557 2259 2777 2315 tandem
2824 2260 3040 2330 signum
3092 2259 3196 2315 hoc
3236 2258 3481 2314 futurum

1912 2351 2180 2419 dicemus,
2212 2353 2354 2423 quod
2378 2410 2380 2413 τ
2407 2351 2591 2406 divina
2636 2351 2999 2422 promissione
3050 2350 3123 2408 sit
3159 2350 3404 2421 dignum,
3434 2349 3482 2405 si

1914 2446 2134 2510 usitate,
2160 2445 2615 2517 quemadmodum
2637 2454 2846 2502 caeteras
2864 2461 3054 2500 omnes
3084 2444 3363 2508 mulieres,
3385 2442 3481 2497 ubi

1914 2554 1981 2593 ex
2040 2537 2144 2592 viri
2199 2537 2587 2608 conjunctione
2635 2554 2922 2608 praegnans
2978 2538 3248 2599 evaserit,
3302 2534 3482 2606 puella

1916 2628 2184 2700 quaepiam
2238 2627 2340 2683 fuit
2391 2628 2676 2699 paritura?
2723 2626 3007 2694 Quomodo
3050 2633 3309 2697 praeterea
3340 2623 3485 2679 Deus

1917 2721 2022 2776 erit
2050 2720 2144 2792 qui
2176 2736 2242 2776 ex
2273 2720 2364 2774 illa
2425 2732 2703 2784 nascatur,
2734 2735 2910 2789 neque
2963 2718 3284 2788 simpliciter
3314 2715 3480 2778 Deus,

1919 2813 2012 2868 sed
2060 2813 2328 2867 nobiscum
2370 2811 2550 2867 Deus?
2575 2812 2679 2867 hoc
2731 2814 2877 2867 enim
2926 2810 3195 2882 signiﬁcat
3224 2823 3327 2864 vox
3359 2806 3487 2860 Em-

1920 2907 2158 2967 manuel.
2189 2921 2297 2977 quo
2332 2905 2553 2961 nomine
2585 2906 2660 2960 ait
2688 2920 2810 2961 esse
2847 2902 3153 2959 vocandum
3198 2901 3349 2955 illum
3394 2898 3487 2968 qui

1921 3007 2227 3053 nascetur:
2266 3016 2286 3050 ι
2335 2997 2476 3054 Ecce
2516 2998 2681 3061 enim,
2747 2996 2946 3067 inquit,
2997 2993 3163 3064 Virgo
3219 2993 3276 3047 in
3331 3000 3491 3046 utero

1922 3091 2120 3162 capiet,
2143 3090 2307 3161 316
2326 3097 2379 3146 et
2408 3089 2584 3160 pariet
2610 3090 2800 3153 ﬁlium,
2825 3096 2879 3144 et
2909 3086 3125 3143 vocabis
3152 3099 3347 3139 nomen
3372 3083 3491 3152 ejus

1926 3183 2264 3251 Emmanuel,
2294 3203 2313 3235 ι
2346 3183 2491 3253 quod
2524 3189 2629 3249 est,
2658 3183 2704 3239 si
2725 3181 2848 3252 quis
2877 3180 3285 3247 interpretetur,
3314 3174 3496 3230 nobis-

1925 3296 2042 3334 cum
2077 3279 2235 3333 Deus.
2275 3275 2600 3347 Cujusmodi
2648 3281 2829 3330 autem
2883 3278 3159 3328 certamen
3212 3268 3347 3331 Deo,
3402 3273 3496 3320 aut

1928 3373 2055 3443 quis
2082 3370 2299 3425 tandem
2335 3368 2510 3433 labor,
2549 3381 2734 3437 quaeve
2762 3363 3054 3419 diﬁicultas
3089 3359 3326 3430 objecta,
3352 3357 3398 3413 si
3427 3356 3497 3412 de

1929 3478 2079 3517 more
2112 3463 2358 3533 paritura
2407 3458 2509 3514 fuit
2553 3456 2872 3512 muliean
2903 3453 3108 3510 nostris
3127 3452 3272 3508 enim
3310 3464 3497 3506 exem-

1928 3554 2214 3624 plaribus},
2241 3566 2363 3622 quae
2408 3550 2721 3622 quicunque
2774 3543 3112 3615 interpretati
3166 3548 3329 3604 sunt,
3361 3540 3398 3594 ii
3442 3546 3499 3596 et

1927 3660 2125 3718 genere
2149 3645 2217 3699 ab
2248 3642 2490 3698 Hebraeis
2519 3638 2739 3695 oriundi
2770 3636 3014 3699 fuerunt,
3041 3640 3094 3689 et
3118 3632 3308 3703 patriae
3343 3631 3496 3700 ipso-

1933 3754 2055 3793 rum
2099 3738 2298 3809 lingua:
2336 3731 2677 3806 peritissimi,
2700 3737 2753 3785 et
2788 3729 2843 3783 in
2869 3743 2934 3783 ea
2963 3724 3267 3781 eruditione
3299 3721 3497 3792 proba-

1931 3829 2155 3891 tissimi,
2178 3828 2258 3882 sic
2283 3826 2513 3881 habetur
2538 3841 2551 3877 :
2587 3839 2605 3872 ι
2637 3822 2773 3875 Num
2804 3833 2995 3889 parum
3021 3814 3181 3871 vobis
3201 3822 3307 3874 est,
3329 3818 3503 3866 certa-

1934 3936 2060 3975 men
2086 3919 2345 3974 exhibere
2386 3913 2739 3970 hominibus?
2764 3920 2818 3967 et
2845 3925 2944 3965 cur
2973 3906 3204 3962 Domino
3232 3902 3503 3960 exhibetis

1930 4010 2251 4069 certamen?
2311 4017 2531 4082 propter
2595 4004 2699 4059 hoc
2742 4002 2893 4058 dabit
2919 3999 3183 4059 Dominus
3205 3997 3321 4067 ipse
3347 3994 3502 4050 vobis

1934 4106 2175 4177 signum.
2231 4102 2377 4157 Ecce
2435 4100 2603 4171 Virgo
2658 4099 2713 4153 in
2764 4106 2920 4151 utero
2958 4091 3158 4163 capiet,
3219 4099 3272 4145 et
3328 4086 3506 4157 pariet

1940 4198 2129 4262 lilium,
2169 4196 2261 4267 qui
2291 4202 2517 4250 vocatur
2540 4190 2813 4246 nobiscum
2834 4187 2996 4251 Deus.
3027 4203 3046 4236 ι
3074 4181 3188 4236 Hoc
3224 4180 3370 4236 enim
3401 4177 3507 4233 sibi

1937 4289 2075 4353 vult,
2107 4265 2563 4359 quemadmodum
2596 4281 2734 4345 dixi,
2763 4281 2880 4350 ipsa
2920 4290 3026 4330 vox
3073 4268 3414 4326 Emmanuel.
3446 4265 3509 4320 In

1939 4379 2076 4450 ipsis
2109 4387 2292 4432 autem
2321 4373 2632 4430 Iudaeorum
2685 4367 3103 4437 exemplaribus,
3138 4378 3260 4433 quae
3313 4374 3511 4417 secun-

520 4453 777 4563 xcirﬁpbg
818 4486 1096 4543 εὐσέϐειαν
1135 4453 1459 4543 δυσένδοτον,
1504 4453 1699 4547 ίδρῶτα
1746 4469 1835 4524 καὶ

1943 4475 2072 4528 dum
2123 4470 2332 4540 Aquilae
2388 4465 2801 4545 conversionem
2860 4459 3108 4514 feruntur
3157 4453 3512 4525 (adventitius

2176 4568 2184 4571 -
2283 4563 2315 4571 ..
2392 4560 2412 4571 ι.
2451 4562 2479 4571 .,
2738 4563 2773 4571 ,.
2840 4568 2873 4571 ,-
2920 4545 3151 4571 l_-,l,.---\
3202 4547 3293 4571 --.Ι
3326 4554 3506 4571 ..ι-,κηπ-

260 4565 451 4655 κόπον,
488 4586 686 4660 μόχθον
716 4600 776 4637 τε
799 4582 859 4636 οὐ
892 4580 983 4634 τὸν
1008 4576 1256 4647 τυχόντα,
1281 4572 1376 4627 καὶ
1402 4568 1589 4644 ἀγῷνα
1615 4565 1840 4636 παρεῖχε

264 4685 372 4747 τοῖς
399 4655 859 4748 πάλαιθεοφιλέσι
884 4672 1212 4745 προφήταις,
1239 4664 1428 4724 τούτου
1453 4662 1635 4733 χάριν,
1670 4676 1688 4709 ι
1728 4655 1842 4709 Οὐκ

265 4778 538 4848 αὔταρκες
579 4773 729 4843 ὑμῖν,
778 4787 798 4820 ι
852 4765 1007 4837 φησι,
1044 4783 1063 4815 ι
1091 4764 1217 4825 τοὺς
1257 4758 1540 4830 προφήτας
1572 4752 1663 4806 τοῦ
1705 4748 1841 4805 Θεοῦ

272 4842 528 4942 μαχθοῦν,
556 4842 654 4919 καὶ
682 4860 868 4931 ἀγῶνα
896 4856 1156 4930 παρέχειν
1195 4849 1500 4923 ἀνθρώποις
1524 4863 1539 4913 ;
1583 4845 1697 4901 ἀλλ’
1741 4842 1845 4914 ήδη

399 4960 493 5015 τὸν
517 4958 650 5011 Θεόν
676 4971 776 5027 μου
815 4950 1068 5014 κοποῦτε,
1105 4946 1198 5001 καὶ
1234 4943 1421 5013 ἀγῶνα
1452 4941 1718 5009 παρέχετε
1751 4933 1844 4988 καί

266 5076 330 5127 γε
375 5053 451 5124 τῷ
478 5050 600 5121 Θεῴ
628 5063 766 5120 μου;
800 5066 820 5099 ι
854 5043 1010 5099 Οὖτω
1055 5042 1163 5113 γὰρ
1204 5040 1299 5094 καὶ
1338 5036 1629 5091 Θεοδοτίων
1658 5029 1847 5097 ἐξέδω-

266 5124 380 5202 κεν.
441 5146 501 5199 '0
554 5141 686 5211 γοῦν
733 5139 1021 5211 προφήτης
1084 5134 1228 5197 ἰδίως
1271 5128 1465 5185 ἑαυτοῦ
1521 5127 1674 5191 Θεὸν,
1732 5124 1846 5178 ἀλλ’

269 5239 387 5310 οὐχὶ
423 5235 519 5291 καὶ
548 5233 658 5287 τῶν
693 5231 832 5302 πρὸς
872 5227 967 5292 οὒς
994 5228 1025 5280 6
1062 5226 1237 5294 λόγος,
1269 5222 1362 5276 τὸν
1386 5219 1722 5290 κοπούμενον
1756 5216 1848 5270 καὶ

271 5309 362 5383 ἐπὶ
382 5329 473 5383 τὸν
493 5324 685 5396 ἀγῶνα
708 5321 1070 5391 ἀποδυόμενον
1099 5317 1412 5388 προσεῖπεν,
1433 5313 1535 5367 οὐκ
1562 5309 1627 5365 ἂν
1647 5310 1846 5396 φήσας,

274 5418 401 5471 Θεόν
432 5395 655 5488 μουντὸν
682 5413 776 5467 ἐπὶ
801 5413 1019 5466 πάντων
1041 5409 1172 5463 Θεὸν
1203 5408 1259 5461 ὲν
1292 5404 1585 5468 Ἰουδαίοις,
1615 5403 1745 5486 παρ’
1769 5395 1851 5463 οἷς

275 5509 337 5561 ἐκ
365 5508 619 5578 πατέριον
642 5504 708 5558 τδ
734 5504 861 5572 περὶ
882 5502 973 5554 τὸν
989 5498 1098 5554 τῶν
1125 5498 1341 5553 πάντων
1365 5496 1427 5567 δη
1437 5493 1692 5566 μιουργδν
1719 5490 1851 5545 Θεὸν

277 5600 435 5665 σέϐας
471 5598 826 5670 ἐφυλάττετο.
854 5593 948 5657 Τίς
976 5593 1021 5645 δ’
1049 5592 1113 5648 ἂν
1143 5592 1226 5660 εἴη
1267 5592 1295 5645 6
1323 5589 1473 5659 ἀγὼν
1504 5587 1599 5642 καὶ
1634 5584 1849 5658 μόχθος,

350 5760 519 5818 ⁵³18³.
553 5775 658 5824 vn,
690 5753 870 5811 10-16.

1943 4575 2121 4621 autem
2161 4563 2353 4633 Aquila
2390 4560 2509 4623 fuit,
2545 4572 2653 4611 non
2686 4563 2882 4610 natura
2910 4545 3172 4620 Iudaeus),
3201 4547 3296 4602 sed
3326 4554 3509 4599 tamen

1942 4658 2106 4714 etiam
2146 4654 2445 4712 secundum
2480 4653 2648 4712 hunc,
2678 4648 2782 4702 hoc
2808 4660 2939 4699 sane
2977 4641 3240 4711 scriptum
3279 4644 3364 4692 est
3394 4650 3510 4689 mo-

1944 4751 2014 4805 do
2047 4769 2060 4806 :
2096 4768 2114 4801 ι
2163 4745 2421 4816 Nunquid
2461 4756 2655 4815 parum
2689 4747 2773 4794 est
2806 4752 2835 4790 a
2864 4735 3022 4789 vobis
3068 4729 3284 4801 fatigari
3330 4727 3513 4781 viros?

1945 4843 2090 4915 quod
2143 4841 2380 4896 laborem
2436 4832 2705 4892 exhibctis
2735 4829 2896 4885 etiam
2930 4825 3042 4880 Deo
3092 4821 3252 4878 meo?
3287 4818 3515 4889 Propter

1946 4913 2051 4993 hoc
2076 4935 2231 4992 dabit
2257 4934 2373 5005 ipse
2404 4929 2560 4986 vobis
2596 4927 2813 4996 signum
2852 4940 2864 4976 :
2902 4920 3043 4974 Ecce
3063 4917 3241 4988 puella
3267 4913 3323 4967 in
3360 4921 3516 4966 utero

1948 5026 2215 5095 concipit,
2250 5001 2304 5077 et
2364 5024 2504 5092 parit
2542 5017 2737 5081 ﬁlium,
2780 5020 2835 5068 et
2880 5009 3101 5065 vocabis
3150 5019 3349 5060 nomen
3397 5001 3517 5070 ejus

1948 5092 2289 5173 Emmanuel.
2321 5131 2340 5163 ι
2375 5103 2532 5179 Apud
2572 5102 2957 5177 Symmachum
3016 5112 3147 5153 vero
3190 5094 3306 5148 haec
3339 5092 3414 5145 ita
3458 5106 3517 5146 se

1950 5208 2150 5263 habent
2175 5206 2361 5277 (porro
2388 5197 2749 5272 Symmachus
2773 5193 2977 5249 dicitur
2997 5188 3283 5245 Ebionaeus
3312 5182 3513 5239 fuisse:

1951 5311 2101 5361 secta
2148 5308 2329 5355 autem
2373 5298 2490 5352 haec
2539 5294 2641 5349 fuit
2676 5290 3012 5352 Iudaeorum,
3045 5284 3138 5355 qui
3186 5295 3250 5337 eo
3298 5277 3520 5334 nomine

1951 5396 2311 5459 vocabantur,
2337 5399 2391 5446 et
2428 5389 2484 5443 in
2512 5385 2790 5442 Christum
2826 5377 3050 5437 credere
3077 5373 3421 5431 dicebantur,
3453 5382 3515 5421 ex

1953 5486 2152 5558 quibus
2199 5481 2559 5554 Symmachus
2603 5477 2760 5546 fuit);
2790 5475 2932 5547 apud
2976 5473 3156 5544 ipsum
3186 5471 3331 5525 hunc
3359 5467 3523 5537 igitur

1953 5555 2069 5634 haec
2101 5577 2176 5631 ita
2201 5591 2259 5631 se
2287 5573 2519 5630 habent:
2547 5588 2567 5624 ι
2591 5568 2808 5635 Audite,
2835 5566 3032 5621 domus
3062 5561 3252 5629 David,
3277 5555 3523 5630 nunquid
