3902 6264
445 323 551 380 499

1113 318 1380 376 russsu
1424 315 1910 374 cmsammsns
1942 316 2092 372 ore.
2136 315 2315 372 rans
2354 317 2419 373 ιι.
2444 349 2513 358 -
2544 312 3044 373 APOLOGETICA.
3573 300 3666 384 ιοο

443 457 552 507 non
586 439 721 496 satis
750 438 905 496 vobis
934 446 1016 495 est
1055 436 1285 509 fatigare
1307 438 1580 502 homines,
1606 437 1752 507 quod
1775 436 2008 506 fatigatis

2114 437 2148 508 ἢ
2183 438 2213 489 6
2239 437 2409 501 κόπος
2458 438 2550 491 τοῦ
2591 438 3064 510 προφητευομένου
3106 436 3262 501 Θεοῦ,
3301 439 3334 511 ἢ
3372 439 3436 493 16
3475 442 3552 507 είς
3584 444 3670 496 ἀν-

447 533 615 589 Deum
664 534 886 589 meum?
939 540 1160 603 propter
1210 532 1314 587 hoc
1371 531 1525 586 dabit
1582 529 1845 585 Dominus
1897 530 2014 599 ipse

448 627 605 681 vobis
639 626 851 695 signum
889 643 902 679 :
940 624 1079 679 Ecce
1111 624 1288 695 puella
1316 624 1561 694 concipit.
1581 632 1635 678 et
1663 622 1801 694 parit
1823 622 2012 686 illium,

447 727 501 770 et
546 717 766 770 vocabis
813 730 1011 770 nomen
1040 715 1163 783 ejus
1191 714 1534 770 Emmanuel.
1574 734 1593 766 ι
1629 713 1837 779 Quibus
1869 712 2014 767 enim

446 804 687 861 Iudaicae
719 806 898 876 gentis
929 820 1110 860 mores
1137 806 1443 876 asperrimi,
1472 812 1525 860 et
1556 818 1585 857 a
1606 805 1804 874 pietate
1829 804 2017 857 admo-

446 897 574 951 dum
612 897 992 958 abhor-rentes,
1041 896 1294 950 sudorem
1338 895 1709 964 laboremque,
1733 909 1797 947 ac
1826 892 2017 964 fatiga-

446 989 648 1043 tionem
709 1005 816 1042 non
882 989 1183 1058 vulgarem,
1216 997 1376 1057 atque
1424 994 1721 1051 certamen,
1775 987 2015 1057 antiquis

444 1077 555 1136 illis
582 1081 689 1136 Deo
705 1082 896 1138 amicis
925 1082 1202 1152 prophetis
1225 1081 1573 1147 exhibebant,
1592 1080 1819 1143 idcirco,
1849 1099 1869 1130 ι
1902 1095 2014 1134 non

446 1172 584 1227 satis
641 1180 747 1235 est,
783 1172 978 1242 inquit,
1015 1173 1195 1239 vobis,
1244 1171 1337 1227 Dei
1398 1172 1693 1243 prophetas
1755 1171 2012 1243 allligere,

446 1262 868 1332 hominibusque
921 1262 1178 1317 exhibere
1225 1270 1523 1325 certamen,
1563 1264 1670 1317 nisi
1697 1264 1809 1332 jam
1848 1264 2011 1317 etiam

449 1352 616 1408 Deum
642 1370 821 1408 meum
847 1353 1104 1424 fatigctis,
1123 1354 1284 1424 eique
1309 1354 1615 1409 exhibeatis
1640 1354 1960 1409 certamen?
1988 1373 2007 1406 ι

447 1461 548 1501 nec
565 1445 674 1500 Deo
700 1446 1038 1517 simpliciter,
1057 1446 1152 1502 sed
1178 1446 1287 1501 Deo
1317 1448 1472 1502 meo?
1489 1447 1578 1502 Sic
1597 1449 1741 1503 enim
1764 1446 2013 1503 Theodo-

447 1537 563 1591 tion
584 1553 802 1607 quoque
831 1539 1118 1593 convertit.
1138 1537 1405 1608 Propheta
1431 1538 1598 1610 igitur
1645 1555 1802 1595 suum
1845 1556 2012 1610 pecu-

446 1630 651 1685 liariter
665 1630 853 1695 Deum,
869 1637 921 1685 et
945 1646 1051 1685 non
1076 1647 1263 1686 eorum
1292 1630 1359 1685 ad
1381 1647 1519 1702 quos
1546 1647 1725 1687 sermo
1749 1632 2016 1704 dirigeba-

443 1729 557 1785 tur,
580 1737 704 1777 eum
730 1722 824 1791 qui
864 1729 1173 1786 vexaretur,
1198 1730 1250 1776 et
1272 1722 1325 1776 in
1358 1730 1630 1778 certamen
1651 1723 1893 1785 daretur,
1917 1739 2014 1793 ap-

2115 524 2347 596 θρώπων
2376 526 2587 595 γένεσιν
2614 527 2818 594 ὲλθείν;
2857 526 2997 581 κατά
3029 527 3130 599 μὲν
3157 530 3303 599 ἡμᾶς
3329 530 3426 583 καὶ
3454 530 3551 602 τὴν
3572 532 3669 587 τῶν

2126 616 2521 689 Ἕϐδομήκοντα
2566 620 2884 691 ἑρμηνείαν,
2923 619 2988 673 ἐκ
3017 618 3292 691 Παρθένου
3322 620 3665 693 γεννώμενον,

2114 708 2253 762 κατά
2298 709 2354 763 δὲ
2394 708 2492 780 τὴν
2547 708 2640 763 νῦν
2692 711 2842 782 παρὰ
2891 712 3166 776 Ἰουδαίοις
3229 714 3562 784 φερομένην,
3610 717 3668 769 ὲκ

2114 800 2373 864 νεάνιδος.
2414 801 2607 872 Εὖροις
2651 801 2694 855 δ’
2721 803 2787 857 ἂν
2826 802 2976 875 παρά
2998 806 3189 858 Μωσετ
3229 807 3324 862 καὶ
3354 805 3456 877 τὴν
3490 807 3666 878 ὁμολο-

2114 894 2395 965 γουμένως
2439 896 2712 968 Παρθένον
2757 899 2935 951 νεᾶνιν
2977 900 3515 971 προσηγορευμένην.
3568 902 3668 973 Τὴν

2113 987 2245 1056 γοῦν
2283 988 2452 1058 ἑτέρῳ
2495 988 3005 1061 μεμνηστευμένην,
3051 990 3140 1060 ὑφ’
3188 989 3377 1062 ἑτέρου
3423 988 3480 1044 δὲ
3520 990 3665 1045 ἐκϐε-

2114 1078 2416 1151 ϐιασμένην
2461 1079 2632 1151 τούτῳ
2678 1079 2913 1153 κέκληκε
2956 1081 3034 1153 τῷ
3085 1082 3458 1154 προσρήματι.
3523 1081 3666 1138 Ἀλλά

2114 1172 2207 1224 καὶ
2238 1173 2266 1224 ὁ
2298 1172 2362 1225 ἐκ
2405 1170 2506 1243 τῆς
2538 1171 2867 1244 δηλουμένης
2907 1173 3300 1244 τεχθησόμενος
3337 1174 3666 1248 Ἑμμανουὴλ

2116 1264 2337 1335 μείζονα
2389 1264 2427 1335 ἢ
2462 1263 2604 1317 κατά
2649 1264 2740 1317 τὸν
2783 1264 2959 1318 κοινὸν
3017 1264 3300 1336 ἄνθρωπον
3366 1265 3665 1337 ἐπιφέρεται

2112 1356 2340 1427 δύναμιν
2364 1395 2379 1419 ,
2430 1354 2781 1426 ὲκλεγόμενρς
2832 1356 2894 1409 16
2953 1355 3156 1424 ἀγαθὸν
3206 1358 3338 1429 πρὶν
3385 1356 3419 1428 ἢ
3478 1358 3664 1427 γνῶναι

2114 1447 2346 1519 πονηρὰ,
2399 1448 2493 1500 καὶ
2539 1447 2780 1501 ἀπειθῶν
2834 1448 3086 1520 πονηρίᾳ,
3119 1448 3213 1502 τοῦ
3258 1448 3579 1515 ἐκλέξασθαι
3612 1452 3665 1505 16

2113 1539 2331 1611 ἀγαθόν’
2358 1541 2640 1596 καὶταῦτα
2660 1543 2761 1597 οὐκ
2780 1543 2837 1595 ὲν
2860 1543 2925 1608 τῇ
2949 1539 3042 1593 τοῦ
3065 1541 3254 1613 ἀνδρὸς
3270 1542 3478 1616 ἡλικία,
3496 1542 3600 1597 ἀλλ’
3613 1545 3664 1597 ἐν

2111 1634 2176 1703 τῇ
2195 1632 2287 1685 τοῦ
2308 1632 2642 1688 παιδίου.Διδ
2668 1634 2900 1707 εἴρηται·
2924 1638 3088 1709 «Πρὶν
3113 1634 3365 1707 ἥγνῶναι
3387 1635 3449 1687 τὸ
3476 1632 3664 1687 παιδίον

2114 1722 2315 1790 ἀγαθὸν
2351 1722 2383 1793 ἢ
2407 1724 2595 1787 κακὸν,
2624 1724 2839 1778 ἀπειθεῖ
2866 1724 3119 1797 πονηρίᾳ,
3151 1725 3244 1777 τοῦ
3272 1722 3587 1788 ἐκλέξασθαι
3610 1721 3665 1776 16

439 1815 676 1882 pellavit,
705 1816 798 1885 qui
823 1815 1042 1886 quidem
1071 1831 1350 1885 nunquam
1382 1815 1549 1871 Deum
1579 1833 1757 1871 meum
1782 1817 2008 1873 dixisset

2113 1814 2343 1883 ἀγαθόν·
2372 1790 2395 1866 -ι
2437 1815 2504 1868 δι’
2540 1808 2615 1870 ὧν
2661 1816 2939 1880 παντελῶς
2982 1790 3042 1869 τὸ
3075 1790 3180 1887 ’τῆς
3215 1814 3419 1878 κακίας
3459 1815 3663 1884 ἄπειρον

438 1918 562 1956 eum
593 1905 688 1973 qui
713 1906 852 1974 apud
874 1903 1094 1961 Judazos’
1112 1920 1401 1974 supremus
1419 1905 1664 1967 habetur,
1688 1905 1829 1975 apud
1849 1923 2005 1976 quos,

444 2006 605 2057 quem
660 2006 691 2043 α
741 1993 985 2061 patribus
1047 2009 1229 2047 rerum
1290 1995 1533 2050 onmium
1590 1998 1890 2054 conditoris
1916 1997 2012 2054 Dei

442 2075 605 2150 317
639 2078 847 2133 cultum
882 2079 983 2149 ipsi
1010 2093 1349 2151 acceperant,
1380 2082 1428 2138 is
1455 2082 1868 2154 diligentissime
1902 2102 2015 2142 ser-

440 2170 694 2234 vabatur,
737 2170 832 2225 sed
867 2173 1011 2241 quod
1065 2171 1279 2236 tandem
1328 2188 1451 2229 esse
1492 2184 1671 2246 potest
1714 2186 2010 2245 certamen,

442 2259 568 2329 quis
603 2261 775 2323 labor,
806 2277 928 2331 quae
960 2261 1204 2332 fatigatio
1224 2263 1343 2333 ejus
1373 2263 1489 2328 Dei,
1516 2265 1584 2320 de
1615 2282 1723 2335 quo
1748 2269 2010 2338 prepheta

442 2351 708 2421 loquitur,
734 2351 841 2408 nisi
873 2353 1008 2407 illud
1031 2355 1096 2408 ad
1127 2355 1400 2412 hominum
1431 2358 1836 2427 generationem
1862 2375 2012 2415 acce-

441 2442 591 2503 dere,
619 2453 671 2496 et
696 2449 813 2496 tum
842 2438 1139 2498 secundum
1166 2459 1286 2511 nos,
1318 2451 1432 2497 tum
1463 2446 1760 2500 secundum
1790 2444 2013 2517 Septua-

442 2536 593 2604 ginta
625 2536 1122 2605 interpretationem
1150 2536 1215 2591 de
1253 2534 1471 2606 Virgine
1504 2539 1679 2592 nasci'
1707 2540 2009 2594 secundum

442 2646 572 2686 vero
612 2648 728 2687 eam
778 2648 898 2702 quae
949 2634 1088 2704 apud
1143 2634 1390 2702 juniores
1443 2632 1614 2689 fertur
1660 2633 1900 2700 Judazos,
1942 2635 2011 2689 de

442 2723 665 2792 puella?
743 2722 1012 2779 Caeterum
1060 2725 1201 2795 apud
1254 2725 1458 2782 Mosem
1506 2742 1722 2797 quoque
1766 2726 2010 2782 invenies

441 2831 584 2877 eam,
621 2832 742 2886 qua:
784 2817 992 2887 absque
1035 2819 1407 2874 controversia
1443 2818 1514 2872 sit
1545 2818 1722 2888 virgo,
1775 2819 2007 2885 puellam

442 2906 735 2976 appellari:
783 2908 1053 2976 siquidem
1100 2922 1221 2962 eam
1269 2922 1390 2977 quae
1422 2908 1511 2961 alii
1558 2908 1884 2978 desponsata
1916 2911 2006 2970 sit,

442 2998 548 3051 alia
598 3013 728 3052 vero
779 2999 1085 3068 repudiata,
1131 3000 1232 3053 hac
1276 3000 1634 3070 appellatione
1676 3001 1908 3055 vocavit.
1961 3000 2009 3055 Is

440 3096 702 3159 praeterea
751 3090 843 3160 qui
886 3090 952 3145 de
996 3090 1091 3143 tali
1142 3089 1338 3146 femina
1389 3091 1461 3145 sit
1508 3090 1749 3147 edendos
1790 3093 2011 3146 nomine
2034 3129 2077 3185 ρ

439 3180 786 3244 Emmanuel,
823 3182 1027 3250 majore
1060 3180 1234 3236 fertur
1276 3183 1536 3252 potentia,
1568 3199 1730 3252 quam
1765 3184 2007 3238 omnium

442 3272 674 3327 aliorum
707 3273 1009 3338 hominum,
1055 3274 1256 3344 quippe
1297 3274 1391 3343 qui
1432 3275 1594 3344 eligat
1622 3274 1825 3329 bonum
1856 3275 2009 3344 prius

439 3379 604 3435 quam
648 3367 963 3437 cognoverit
995 3369 1158 3432 mala,
1191 3375 1245 3423 et
1275 3368 1493 3422 malitiae
1530 3384 1637 3422 non
1671 3371 2009 3439 obtemperet

443 3458 568 3513 boni
599 3458 829 3529 eligendi
853 3459 1048 3530 gratia,
1079 3474 1145 3515 eo
1164 3461 1335 3525 magis
1358 3461 1500 3529 quod
1523 3460 1637 3515 haec
1661 3471 1877 3531 praestet
1899 3477 2007 3516 non

443 3552 497 3604 in
530 3551 669 3604 virili
708 3553 841 3622 jam,
875 3551 968 3607 sed
1018 3553 1072 3607 in
1107 3553 1299 3623 puerili
1338 3555 1517 3608 adhuc
1548 3561 1705 3610 aetate
1742 3556 2009 3609 constitu-

442 3650 560 3708 tus;
590 3657 654 3695 ex
681 3658 789 3713 quo
820 3642 948 3695 illud
974 3642 1180 3697 dictum
1211 3650 1331 3697 est:
1396 3642 1557 3700 Prius
1599 3659 1763 3713 quam
1792 3645 2008 3700 noverit

435 3733 575 3805 puer
608 3738 804 3790 bonum
836 3745 929 3790 aut
960 3737 1184 3803 malum,
1225 3753 1336 3791 non
1366 3747 1518 3807 paret
1540 3737 1779 3800 malitia),
1821 3745 1881 3792 ut
1909 3739 2009 3794 eli-

437 3835 527 3898 gat
584 3828 810 3882 bonum.
854 3847 872 3879 ι
898 3828 1108 3894 Quibus
1145 3827 1325 3883 verbis
1372 3844 1600 3898 prorsus
1638 3829 1783 3898 quod
1821 3829 1910 3883 ille
1942 3829 2010 3884 de

439 3935 550 3990 quo
579 3921 759 3990 agitur
786 3920 988 3973 nullam
1009 3919 1268 3973 malitiam
1292 3921 1552 3990 attigerit,
1583 3920 2007 3976 demonstratur.

441 4010 551 4067 Sed
581 4012 1022 4067 cxcellentiorem
1056 4027 1273 4082 quoque
1304 4012 1822 4078 denominationem,
1846 4029 2006 4084 quam

439 4104 678 4158 hominis
709 4104 817 4157 ulla
850 4119 973 4159 esse
1019 4105 1190 4173 possit
1220 4104 1533 4173 appellatio,
1575 4106 1917 4160 nanciscitur
1960 4107 2009 4160 is

440 4195 530 4264 qui
564 4196 851 4249 nobiscum
881 4204 965 4250 est
1006 4194 1177 4250 Deus:
1228 4210 1398 4264 quare
1445 4195 1661 4265 signum
1701 4197 1829 4251 item
1861 4197 2006 4267 quod

444 4286 512 4340 de
544 4286 636 4340 illo
670 4283 856 4351 datur,
888 4285 1314 4356 profunditatem
1357 4285 1521 4340 simul
1555 4285 1756 4342 habere
1783 4289 2004 4356 dicitur,

447 4385 502 4433 et
532 4377 696 4432 simul
735 4376 1112 4432 altitudinem:
1142 4376 1566 4447 profunditatem
1625 4377 1842 4447 quidem
1879 4396 2008 4451 pro-

2113 1906 2203 1959 τοῦ
2247 1905 2571 1978 δηλουμένου
2626 1907 2976 1978 παρίσταται.
3033 1906 3192 1960 Ἀλλὰ
3247 1906 3346 1960 καὶ
3403 1905 3663 1978 κρείττονα

2111 1997 2144 2067 ἥ
2182 1999 2323 2052 κατά
2363 1998 2647 2069 ἄνθρωπον
2699 1998 2962 2067 ἐπάγεται
3003 1998 3102 2069 τὴν
3148 1998 3465 2069 ἐπωνυμίαν
3500 1998 3528 2051 6
3559 1995 3667 2068 μεθ’

2110 2092 2268 2161 ἡμῶν
2289 2092 2547 2163 ὑπάρχων
2575 2092 2707 2155 Θεός
2727 2109 2740 2122 ·
2783 2092 2864 2145 διὸ
2890 2092 2984 2145 καλ⁹
3010 2091 3071 2144 16
3098 2091 3222 2162 περὶ
3254 2090 3423 2146 αὐτοῦ
3460 2091 3663 2160 σημεῖον

2113 2184 2272 2254 βάθος
2296 2184 2511 2252 ἐλέγετο
2540 2186 2831 2257 περιέχειν,
2850 2184 2983 2255 ὁμοῦ
3008 2184 3064 2237 δὲ
3089 2184 3183 2237 καὶ
3211 2182 3374 2252 ὕψος·
3402 2181 3555 2253 βάθος
3576 2180 3662 2251 μὲν

2110 2274 2198 2328 8ιά
2215 2276 2313 2347 τὴν
2335 2278 2413 2339 είς
2433 2275 2748 2348 ἀνθρώπους
2769 2275 3011 2339 κάθοδον,
3031 2274 3063 2346 ἢ
3086 2274 3181 2328 καὶ
3203 2273 3302 2345 τὴν
3325 2273 3487 2345 μέχρι
3509 2271 3656 2325 θανά-

2111 2383 2201 2418 του
2235 2365 2560 2438 παρουσίαν,
2588 2365 2720 2435 ὕψος
2753 2367 2808 2420 δὲ
2833 2365 2922 2420 διὰ
2948 2366 3045 2437 τὴν
3069 2364 3249 2419 ἔνθεον
3271 2366 3337 2416 ὲκ
3365 2360 3459 2414 τοῦ
3487 2359 3663 2432 βάθους

2112 2458 2573 2524 ἀποκατάστασιν,
2610 2460 2643 2528 ἢ
2676 2459 2762 2512 διὰ
2791 2459 2888 2530 τὴν
2921 2458 3019 2528 τῆς
3047 2456 3233 2511 ἐνθέου
3284 2453 3659 2529 προῦπάρξεως

2110 2545 2272 2598 αὑτοῦ
2316 2546 2610 2615 θεολογίαν.
2654 2546 2749 2610 Τίς
2786 2547 2831 2600 δ’
2872 2545 2938 2600 ἂν
2984 2546 3067 2617 εἴη
3115 2548 3143 2599 6
3184 2544 3306 2617 μεθ’
3346 2546 3501 2617 ήμῶν
3543 2543 3659 2607 Θεὲς

2110 2639 2142 2712 ἢ
2185 2642 2213 2695 6
2251 2639 2339 2694 διὰ
2375 2640 2484 2695 τῶν
2521 2639 2755 2712 πρόσθεν
2789 2640 3240 2712 ἀποδεδειγμένος
3273 2638 3409 2702 Θεὸς
3440 2636 3655 2707 Κύριοςς

2108 2734 2139 2786 6
2166 2734 2258 2786 καὶ
2283 2733 2360 2804 τῷ
2389 2732 2635 2803 Ἀϐραὰμ
2665 2733 2765 2786 οὐκ
2794 2731 2968 2796 ἄλλως
2994 2733 3026 2804 ἢ
3052 2732 3119 2784 δι’
3152 2730 3441 2803 ἀνθρώπου
3467 2726 3657 2801 μορφῆς

2108 2824 2463 2895 τεθεαμένος;
2492 2825 2553 2877 Εἰ
2582 2825 2626 2877 δ’
2652 2825 2969 2895 ἀναφέροιεν
3007 2822 3102 2876 ἐπὶ
3139 2824 3229 2876 τὸν
3257 2821 3502 2887 Ἐζεκίαν
3530 2821 3573 2873 οἱ
3603 2821 3658 2872 ἐκ

2109 2917 2409 2989 περιτομῆς
2433 2916 2605 2971 ταῦτα
2624 2958 2637 2981 ,
2672 2916 2762 2970 τὸν
2782 2916 2876 2969 τοῦ
2919 2916 3091 2986 ’Λχαζ
3113 2916 3301 2979 παῖδα,
3329 2914 3512 2968 τοῦτον
3534 2908 3654 2965 εἶναι

2110 3010 2407 3079 φάσκοντες
2436 3009 2525 3062 τὸν
2554 3008 2630 3079 τῷ
2660 3009 2827 3080 πατρὶ
2854 3025 3029 3080 προση
3040 3008 3383 3079 μαινόμενον,
3414 3007 3523 3060 ἀλλ’
3549 3003 3657 3060 οὔτε

2109 3099 2138 3152 ό
2171 3098 2285 3169 μεθ’
2316 3098 2471 3170 ἡμῶν
2517 3098 2649 3163 Θεὸς
2697 3098 2943 3164 Ἑζεκίας
2992 3095 3081 3169 ἦν,
3129 3098 3250 3152 οὔτε
3302 3102 3520 3171 σημεῖον
3556 3096 3658 3150 θεο-

2113 3191 2324 3262 πρεπὲς
2371 3191 2682 3262 πέπρακταί
2727 3209 2779 3244 τι
2827 3191 2912 3244 ἐπ’
2964 3188 3142 3260 αὐτῷ’
3192 3189 3311 3243 ἀλλ’
3362 3189 3482 3242 οὐδὲ
3527 3186 3656 3255 ἀγὼν

2110 3284 2143 3353 ἦ
2177 3282 2371 3354 μόχθος
2397 3282 2474 3353 τῷ
2505 3268 2622 3354 Θέῷ
2659 3278 2726 3355 ἦν
2770 3283 2896 3355 περὶ
2927 3283 3027 3354 τὴν
3058 3282 3265 3335 ἐκείνου
3296 3282 3539 3351 γένεσινο
3577 3279 3657 3332 καὶ

2109 3375 2283 3440 ἄλλως
2316 3376 2466 3448 παρὰ
2509 3376 2682 3431 ταῦτα
2727 3375 2997 3429 δείκνυται
3043 3376 3071 3428 6
3105 3375 3355 3439 Ἐζεκίας
3400 3371 3657 3427 ἀποκλειό-

2112 3486 2269 3539 μενος
2306 3468 2412 3522 τῶν
2451 3469 2655 3541 χρόνων
2693 3469 2790 3539 τῆς
2828 3466 3177 3539 προφητείας.
3226 3466 3412 3519 Ταῦτα
3447 3465 3540 3536 μὲν
3562 3463 3656 3533 γὰρ

2111 3557 2480 3628 βασιλεύοντος
2513 3555 2676 3611 αὐτοῦ
2715 3556 2897 3628 δήτοῦ
2940 3554 3141 3627 πατρὸς
3174 3550 3356 3623 Ἀχαζ
3383 3551 3508 3624 περί
3547 3546 3657 3619 μελ-

2108 3648 2304 3704 λόντων
2325 3648 2665 3712 ὲθεσπίζετοο
2702 3651 2729 3701 6
2750 3648 2806 3701 δὲ
2830 3646 3073 3711 Ἐζεκίας
3103 3646 3209 3717 πρὸ
3236 3644 3332 3699 τοῦ
3366 3642 3654 3716 βασιλεῦσαι

2110 3741 2199 3793 τὸν
2222 3741 2397 3812 Ἀχαζ
2443 3740 2760 3795 συνίσταται
2797 3739 3216 3811 γεγεννημένος.
3263 3737 3331 3790 El
3371 3735 3429 3789 δὲ
3476 3734 3544 3806 μὴ
3575 3732 3655 3786 ἐπὶ

2106 3831 2294 3885 τοῦτον
2344 3831 2600 3904 ἀναχθείη
2644 3830 2713 3884 τά
2758 3832 2858 3902 τῆς
2889 3829 3251 3902 προκειμένης
3300 3828 3652 3900 προρρήσεως.

2110 3922 2302 3977 πολλοῦ
2329 3923 2410 3977 δεῖ
2440 3926 2525 3994 ἐφ’
2547 3924 2733 3996 ἕτερον
2756 3923 2862 3977 τῶν
2887 3913 3036 3996 παρά
3071 3923 3348 3984 Ἰουδαίοις
3388 3918 3521 3990 μετὰ
3543 3914 3655 3979 τοὺς

2108 4016 2206 4087 τῆς
2232 4014 2567 4088 προφητείας
2592 4015 2816 4086 χρόνους
2839 4011 3165 4084 γενομένων.
3208 4011 3331 4064 Ἐπί
3355 4026 3416 4079 γε
3446 4008 3544 4080 μὴν
3567 4004 3651 4074 τῆς

2106 4106 2201 4160 τοῦ
2238 4104 2468 4176 ἀληθοῦς
2511 4103 2875 4176 Ἐμμανουήλ,
2909 4102 3053 4156 τοῦτ’
3094 4102 3209 4155 ἐστι
3254 4101 3350 4154 τοῦ
3396 4095 3654 4169 γεγονότος

2110 4199 2229 4268 μεθ’
2260 4198 2418 4269 ἡμῶν
2460 4196 2593 4250 Θεοῦ
2641 4196 2928 4265 γενέσεως,
2976 4196 3072 4249 καὶ
3115 4194 3206 4248 ἐπὶ
3242 4195 3412 4266 μόνης
3439 4192 3532 4264 τῆς
3568 4184 3651 4242 τοῦ

2108 4292 2356 4362 Σωτῆρος
2420 4289 2574 4361 ήμῶν
2634 4288 2726 4342 τοῦ
2784 4286 2920 4340 Θεοῦ
2986 4287 3157 4355 Λόγου
3221 4288 3301 4349 εἰς
3360 4280 3653 4356 ἀνθρώπους

2106 4382 2427 4454 ἐπιδημίας·
2469 4379 2577 4434 τῶν
2607 4378 2714 4450 γὰρ
2759 4378 2904 4432 δυεῖν
2950 4377 3212 4449 βασιλέων
3257 4373 3649 4447 καθῃρημένων,

443 4480 562 4542 pter
611 4471 935 4525 descensum
965 4469 1034 4551 ad
1083 4470 1351 4533 homines,
1390 4471 1672 4525 autetiam
1714 4488 1887 4542 usque
1940 4473 2008 4528 ad

2113 4473 2436 4543 κατελείφθη
2469 4471 2672 4543 ἕρημος
2700 4472 2732 4542 ή
2761 4470 2868 4524 τῶν
2895 4469 3158 4523 Ἰουδαίων
3199 4469 3291 4540 γῆ,
3322 4467 3506 4538 ὥσπερ
3551 4462 3651 4516 Eae-

438 4571 667 4618 mortem
711 4544 1031 4618 accessum:
1076 4562 1417 4617 altitudinem
1451 4577 1582 4617 vero
1606 4574 1828 4636 propter
1859 4565 2004 4621 divi-

2111 4567 2232 4623 σθαί
2274 4583 2435 4639 φησιν
2478 4566 2507 4618 6
2541 4565 2786 4637 χρησμὸς
2805 4562 2972 4617 εἰπών
2994 4579 3008 4593 ο
3051 4582 3069 4614 ι
3098 4559 3588 4647 Καταλειφθήσεται

443 4656 630 4712 uitatis
692 4671 722 4709 a
780 4654 1153 4726 profunditate
1215 4657 1640 4723 restitutionem,
1693 4665 1788 4712 aut
1840 4659 2003 4714 etiam

437 4756 659 4818 propter
686 4747 884 4802 divinae
914 4748 1033 4818 ejus
1076 4749 1419 4813 substantiae,
1464 4766 1587 4821 qua:
1619 4750 1769 4805 omni
1803 4758 2004 4805 natura

437 4838 587 4908 prior
613 4846 719 4901 est,
754 4840 1102 4909 theologiam.
1139 4841 1274 4907 Quis
1296 4857 1423 4897 vero
1454 4842 1592 4896 alius
1618 4844 1689 4897 sit
1720 4842 2003 4897 nobiscum

443 4931 604 4990 Deus,
638 4947 801 5001 quam
829 4933 875 4987 is
911 4948 1070 5001 quem
1095 4933 1471 5002 superioribus
1499 4934 1655 4990 libris
1689 4933 1860 4989 Deum
1900 4932 2006 4988 Do-

436 5024 752 5093 miuumque
819 5024 1198 5080 ostendimus?
1269 5026 1472 5096 quique
1553 5027 1680 5081 item
1772 5025 2006 5081 Abrahae.

434 5118 711 5186 quondam
746 5133 853 5171 non
885 5118 991 5170 alia
1039 5134 1199 5188 quam
1234 5117 1468 5173 hominis
1502 5118 1675 5173 forma
1707 5122 1859 5174 visus
1886 5119 2007 5173 est?

433 5208 589 5274 Quod
645 5209 692 5264 si
739 5207 910 5264 Judaei
961 5209 1074 5262 haec
1120 5208 1186 5263 ad
1209 5209 1492 5268 Ezechiam
1541 5210 1779 5265 referant
1833 5210 2002 5264 ﬁlium

430 5301 635 5364 Achaz,
661 5311 714 5356 et
758 5300 945 5356 dicant
986 5302 1132 5356 hunc
1174 5319 1296 5359 esse
1332 5304 1424 5374 qui
1469 5302 1608 5372 patri
1648 5318 1749 5358 suo
1783 5301 2002 5358 futurus

430 5393 655 5445 oracqu
697 5393 1071 5461 promittatur,
1119 5395 1341 5450 videant
1394 5395 1669 5466 quomodo
1718 5396 2000 5449 uobiscum

430 5481 577 5538 Deus
600 5482 762 5537 fuerit
798 5483 1078 5548 Ezechias,
1098 5493 1192 5540 aut
1209 5486 1480 5555 quodnam
1511 5487 1726 5557 signum
1765 5502 1859 5541 sua
1887 5503 2003 5540 ma-

426 5573 624 5641 jestate
653 5573 897 5642 dignum,
934 5573 1077 5630 Deus
1097 5575 1152 5629 in
1184 5577 1279 5631 illo
1317 5576 1652 5632 ostenderit:
1687 5577 1781 5633 sed
1824 5592 2000 5646 neque

431 5672 710 5719 certamen
745 5666 936 5731 ullum,
968 5683 1143 5738 neque
1166 5668 1318 5722 labor
1343 5668 1399 5724 in
1425 5667 1573 5723 illius
1606 5677 1730 5723 ortu
1767 5666 1876 5724 Deo
1905 5684 2001 5722 ex-

434 5754 639 5810 hibitus
666 5762 748 5810 est
774 5775 786 5809 :
823 5765 1082 5826 praeterea
1113 5759 1274 5828 plane
1300 5775 1330 5812 ιι
1363 5758 1644 5830 prophetia
1668 5759 1997 5828 excluditur,

2107 4658 2180 4729 γῆ
2222 4656 2330 4711 ἀπὸ
2380 4654 2669 4728 προσώπου
2718 4653 2827 4708 τῶν
2857 4653 2950 4708 δύο
2975 4652 3260 4724 βασιλέων·
3294 4671 3313 4702 ι
3366 4650 3396 4704 ὃ
3420 4648 3508 4703 καὶ
3538 4642 3650 4699 αὐτὸ

2109 4749 2286 4823 ῥητῶς
2336 4748 2430 4801 καὶ
2476 4745 2617 4799 κατὰ
2655 4742 2797 4810 λέξιν
2844 4741 3017 4806 οὕτως
3064 4740 3131 4794 ἂν
3165 4737 3468 4808 ἀποδοθείη.
3515 4729 3650 4823 Κατά

2106 4821 2213 4912 γάρ
2259 4839 2480 4911 βασιλέα
2515 4837 2710 4908 Ἀχαζ,
2759 4835 2854 4889 και
2895 4834 3121 4888 Ἡσαΐαν
3173 4832 3287 4885 υἱὸν
3335 4829 3527 4901 Ἀμὼς,
3568 4821 3649 4876 καὶ

2106 4934 2231 4997 τοὺς
2262 4932 2360 5003 τῆς
2394 4928 2726 5001 προφητείας
2758 4928 2982 4998 χρόνους
3001 4968 3016 4990 ,
3054 4924 3298 4996 βασιλεὺς
3327 4921 3516 4993 Συρίας
3545 4919 3570 4970 6
3598 4916 3648 4968 ὲν

2107 5023 2401 5094 Δαμασκῷ,
2436 5023 2530 5077 καὶ
2558 5020 2807 5091 βασιλεὺς
2840 5018 3054 5092 Ἰσραὴλ
3094 5019 3122 5069 6
3160 5018 3216 5069 ὲν
3248 5012 3538 5085 Σαμαρείᾳ,
3563 5006 3647 5075 οὐχ

2105 5121 2133 5171 ὁ
2162 5122 2220 5171 ὲν
2247 5116 2615 5189 Ἰερουσαλὴμ,
2647 5113 2760 5168 ἀλλ’
2792 5115 2820 5166 ὁ
2850 5112 2943 5165 τοῦ
2990 5110 3222 5181 πλήθους
3252 5107 3358 5160 τῶν
3404 5098 3645 5158 Ἰουδαίων

2104 5209 2214 5262 τῶν
2258 5207 2607 5263 ἀποστάντων
2627 5204 2719 5259 τοῦ
2762 5204 2906 5258 θείου
2951 5202 3151 5273 νόμου,
3218 5197 3485 5268 συνθήκας
3527 5189 3644 5260 πρὸς

2104 5300 2364 5372 ἀλλήλους
2392 5299 2628 5371 θέμενοι,
2661 5298 2787 5359 τοὺς
2821 5295 2927 5349 ὑπὸ
2955 5295 3067 5355 τοῖς
3093 5291 3353 5362 διαδόχοις
3383 5285 3473 5341 τοῦ
3501 5277 3643 5372 Δαυῒδ

2107 5369 2550 5462 βασιλευομένους
2574 5388 2939 5459 ἐπολιόρκουν.
2977 5386 3191 5438 Τούτων
3223 5377 3312 5436 οὖν
3343 5378 3534 5451 ἀμφοῖν
3558 5369 3643 5439 τὴν

2103 5484 2424 5554 καθαίρεσιν
2448 5486 2481 5553 ἡ
2506 5481 2808 5553 προφητεία
2839 5476 3187 5541 θεσπίζουσα,
3217 5472 3408 5535 αὖτοὺς
3428 5469 3518 5541 μὲν
3533 5465 3640 5554 τώς

2104 5576 2221 5629 κατ’
2236 5548 2409 5627 ἐκεῖνο
2430 5548 2930 5644 καιροῦ-Ἰουδαίους
2958 5584 3018 5620 τε
3047 5567 3142 5618 καὶ
3167 5559 3501 5631 ἀλλοφύλους,
3519 5548 3641 5605 κατὰ

2103 5669 2196 5723 τοῦ
2223 5666 2350 5721 λαοῦ
2379 5666 2473 5719 τοῦ
2494 5664 2631 5718 Θεοῦ
2655 5662 2832 5728 δεξιὰς
2858 5659 3102 5733 ἀλλήλοις
3124 5654 3436 5715 δεδωκότας,
3466 5643 3637 5701 αὐτίκα

2103 5760 2251 5832 μάλα
2291 5756 2702 5829 διαλυθήσεσθαι
2757 5755 2850 5809 καὶ,
2901 5751 3274 5824 ἀποχωρήσειν
3311 5744 3403 5799 τοῦ
3427 5739 3633 5807 πολέμω
