3902 6264
281 321 387 380 301

1168 320 1831 378 DEMONSTRATIONIS
1867 321 2322 379 EVANGEL‘CE
2360 321 2488 379 LIB.
2525 321 2633 379 Vl].

3431 328 3536 385 503

280 447 429 517 φησί
451 463 465 476 -
499 445 594 516 τήν
627 461 701 514 γε
727 445 832 517 μὴν
863 445 1134 516 βασιλείαν
1163 443 1341 500 αὐτῶν
1374 444 1468 499 καὶ⁸
1497 445 1596 516 τὴν
1626 444 1869 515 διαδοχὴν

1975 445 2187 500 ratione
2219 453 2526 513 temporum
2575 440 2856 496 Ezechias.
2909 441 3036 498 Hatc
3065 442 3208 498 enim
3261 444 3380 513 ipso
3419 446 3531 513 jam

282 536 365 598 εἰς
377 537 445 590 τὸ
458 535 725 599 παντελὲς
740 535 1228 606 καταλυθήσεσθαι,
1254 535 1347 588 καὶ
1369 533 1873 605 ἀποσϐεσθήσεσθαι

281 625 382 678 ἐπὶ
406 626 509 695 τῆς
536 625 631 679 τοῦ
662 627 1164 699 προφητευομένου,
1201 625 1321 697 μεθ’
1344 624 1499 696 ἡμῶν
1526 624 1682 693 Θεοῦ,
1715 626 1870 696 γενέ-

279 733 458 782 σεως.
506 719 827 790 Ἐπίστησον
859 718 1036 773 τοίνυν
1092 719 1221 772 πότε
1251 723 1283 791 ή
1319 721 1692 791 Δαμασκηνῶν
1735 718 1870 790 ὁμοῦ

279 809 379 862 καὶ
422 810 697 864 Ἰουδαίων
746 809 1011 882 κατελύθη
1071 810 1334 881 βασιλεία,
1380 814 1471 866 καὶ
1514 811 1656 865 κατά
1688 811 1872 874 ποίους

274 900 524 971 χρόνους
554 900 875 973 κατελείςρθη
909 904 942 973 ἡ
972 903 1039 973 γῆ
1068 902 1175 956 τῶν
1211 902 1475 957 Ἰουδαίων
1502 902 1869 965 ἀϐασίλευτος,

276 992 382 1044 καὶ
439 992 579 1063 αὐτή
628 1008 693 1060 γε
742 995 775 1063 η
817 994 947 1064 πρὶν
987 991 1154 1047 πολλά
1199 992 1465 1065 δυναμένη
1500 991 1870 1064 Δαμασκηνῶν

276 1078 474 1152 χώρα,
509 1082 718 1154 μεγάλῃ
754 1082 900 1154 λειρὶ
939 1084 1000 1136 τὸ
1032 1082 1261 1137 παλαιὸν
1301 1084 1399 1153 τῆς
1426 1084 1623 1155 Συρίας
1654 1084 1870 1152 ἁπάσης

278 1170 676 1242 βασιλεύουσα.
714 1173 840 1227 Ἐπὶ
871 1176 978 1246 γὰρ
1016 1175 1114 1244 τῆς
1153 1174 1356 1229 τούτων
1387 1175 1752 1247 καθαιρέσεως
1777 1174 1870 1227 τὸν

289 1263 659 1336 Ἐμμανουὴλ
706 1264 921 1330 πάντως
957 1281 1058 1318 που
1084 1266 1505 1337 γεννηθήσεσθαι
1555 1265 1727 1329 εἰκὸς,
1777 1266 1870 1319 καὶ

273 1355 379 1408 τὸν
437 1357 912 1427 προφητευόμενον
972 1356 1307 1428 ἐληλυθέναι.
1370 1358 1433 1410 Ei
1486 1357 1581 1427 μὲν
1625 1354 1718 1410 οῦν
1760 1356 1869 1409 τῶν

273 1450 642 1523 δηλουμένων
680 1451 860 1523 παρῆν
892 1452 1024 1521 όρᾷν
1057 1449 1396 1515 συνεστώσας
1431 1452 1529 1514 τὰς
1576 1450 1867 1520 βασιλείας,

273 1542 444 1596 οὐδὲν
480 1543 622 1614 χρῆν
658 1543 968 1615 περαιτέρω
1012 1543 1216 1612 ζητεῖν,
1253 1543 1410 1613 μόνον
1447 1542 1504 1596 δὲ
1543 1542 1622 1595 ἔτι
1652 1543 1745 1595 xui
1773 1541 1868 1614 νῦν

273 1637 363 1698 εἰς
394 1633 666 1705 μέλλοντα
690 1635 877 1706 χρόνον
902 1635 1141 1706 ἀναρτᾷν
1162 1633 1257 1697 τὰς
1285 1634 1504 1697 ἐλπίδας
1520 1650 1535 1666 ·
1567 1635 1615 1686 εἰ
1640 1634 1697 1685 δὲ
1723 1632 1867 1704 ἔργῳ

273 1725 579 1796 προφανὴς
623 1728 655 1796 ἡ
688 1724 1003 1794 καθαίρεσις
1042 1725 1148 1778 τῶν
1181 1724 1505 1796 εἰρημένων,
1543 1725 1618 1788 ὡς
1648 1724 1783 1795 μήτε
1809 1725 1868 1777 ὲν

1972 544 2086 589 tum
2117 540 2269 605 patre
2293 536 2474 589 Achaz
2505 543 2766 605 regnante
2796 534 2977 589 futura
3009 534 3535 592 canebantur.'Eze-

1971 626 2149 682 chiam
2188 641 2317 680 vero
2343 632 2630 695 antequam
2661 640 2884 694 regnum
2912 626 3179 695 acceperit
3209 625 3412 690 Achaz,
3440 642 3535 697 ge-

1971 718 2143 772 nitum
2179 732 2302 773 esse
2340 724 2579 771 constat.
2616 715 2772 782 Quod
2806 718 2852 771 si
2907 721 2976 771 ad
3019 718 3164 772 hunc
3204 732 3268 773 ea
3305 731 3425 788 quae
3464 718 3531 772 ad

1973 811 2315 880 propositum
2366 810 2652 862 oraculum
2709 810 3004 881 pertinent,
3066 810 3287 865 minime
3340 810 3531 865 referri

1971 912 2223 972 possunt,
2255 902 2427 955 multo
2461 900 2641 957 minus
2686 902 2751 955 ad
2785 902 2948 955 alium
2981 902 3288 973 quempiam
3317 918 3528 968 eorum,

1970 994 2062 1062 qui
2086 993 2225 1062 apud
2252 992 2466 1048 Judazos
2489 999 2609 1061 post
2627 993 2922 1062 prophetia:
2942 1000 3182 1064 tempora
3198 995 3528 1061 exstiterint,

1972 1092 2331 1155 praeterquam
2366 1084 2433 1139 ad
2472 1090 2651 1138 ortum
2683 1084 2823 1155 ejus,
2856 1087 2947 1154 qui
2984 1100 3143 1139 verus
3192 1094 3277 1141 est
3320 1086 3531 1141 Emma-

1976 1177 2128 1239 nuel,
2176 1176 2341 1246 318
2374 1176 2476 1230 hoc
2506 1184 2589 1230 est
2621 1175 2740 1244 ejus
2757 1176 2848 1244 qui
2892 1175 3158 1230 exstiterit
3192 1191 3315 1230 vere
3345 1177 3539 1247 nobis:

1970 1284 2096 1323 cum
2126 1266 2292 1332 Deus,
2324 1275 2378 1322 et
2407 1267 2474 1322 ad
2502 1283 2672 1321 unum
2707 1264 3007 1322 Salvatoris
3039 1268 3211 1322 nostri
3241 1266 3335 1322 Dei
3365 1267 3528 1324 Verbi

1970 1360 2036 1414 ad
2065 1360 2314 1414 homines
2340 1372 2657 1413 accessum:
2699 1358 2914 1415 duobus
2942 1359 3085 1414 enim
3125 1358 3354 1413 sublatis
3383 1358 3526 1429 regi-

1970 1451 2094 1514 bus,
2135 1450 2351 1505 deserta
2397 1461 2451 1505 et
2494 1450 2608 1505 sola
2659 1450 2848 1504 relicta
2895 1459 2978 1505 est
3016 1449 3327 1505 Judaaoruin
3359 1459 3527 1512 terra.

1970 1543 2112 1598 sicut
2135 1542 2416 1599 oraculum
2440 1542 2516 1595 ait
2540 1542 2803 1606 futurum,
2838 1542 3065 1597 dicens:
3097 1559 3116 1592 ι
3174 1539 3530 1612 Relinquetur

1967 1639 2114 1686 terra
2146 1646 2176 1684 a
2207 1628 2343 1685 facie
2368 1631 2599 1685 duorum
2632 1644 2852 1700 regum;
2897 1647 2915 1680 ›
2941 1628 3084 1698 quod
3108 1627 3326 1698 quidem
3349 1627 3529 1696 ipsum

1968 1722 2127 1776 etiam
2159 1719 2315 1789 plane
2347 1719 2413 1774 ad
2446 1719 2668 1774 verbum
2714 1718 2795 1773 sic
2836 1718 3315 1772 ili-monstrabitur.
3365 1717 3530 1772 Tem-

273 1817 593 1888 Δαμασκῷ,
647 1819 784 1888 μήτε
826 1820 883 1872 ὲν
922 1820 986 1888 τῇ
1026 1816 1273 1889 Ἰουδαίᾳ,
1322 1818 1441 1873 καθ’
1472 1820 1616 1890 ἡμᾶς
1666 1820 1861 1883 αὐτοὺς

1960 1814 2187 1886 poribus
2212 1813 2356 1868 enim
2407 1810 2552 1881 regis
2585 1811 2786 1875 Achaz,
2816 1816 2870 1864 et
2907 1806 3058 1864 Isaia:
3080 1808 3172 1862 (ilii
3203 1809 3389 1872 Amos,
3414 1808 3531 1881 qui-

272 1909 578 1977 φαίνεσθαι
634 1908 891 1979 βασιλέα,
956 1909 1217 1981 πρόδηλον
1258 1911 1333 1974 ὡς
1366 1911 1552 1975 τέλους
1598 1911 1755 1983 ἔτυχε
1803 1913 1863 1965 τὸ

269 1996 467 2067 λόγιον
520 1999 737 2068 φῆσαν·
800 2017 818 2048 ι
851 1999 958 2051 Καὶ
1016 1998 1501 2070 καταλειφθήσεται
1556 2000 1590 2069 ἡ
1633 1999 1706 2070 γῆ
1756 1998 1865 2052 ἀπὸ

274 2085 584 2159 προσώπου
635 2088 743 2141 τῶν
783 2086 875 2141 δύο
937 2088 1235 2159 βασιλέων,
1282 2083 1358 2143 ὧν
1403 2090 1466 2142 σὺ
1523 2088 1658 2160 φοϐῇ
1684 2129 1698 2153 ,
1754 2088 1863 2142 ἀπὸ

270 2179 583 2254 προσώπου
629 2181 806 2234 αὐτῶν
833 2198 845 2210 ⁸
880 2201 899 2233 ›
956 2182 1061 2235 τῶν
1111 2182 1402 2253 βασιλέων,
1450 2183 1571 2236 ἀντὶ
1611 2182 1719 2236 τῶν
1770 2182 1864 2251 βα-

270 2272 504 2327 σιλειῶν
549 2273 970 2345 ὠνομασμένων.
1041 2275 1098 2327 '0
1125 2274 1256 2343 γοῦν
1312 2274 1604 2345 Σύμμαχός
1658 2291 1858 2345 φησιν·

276 2386 296 2417 ι
343 2365 953 2437 Ἐγκαταλειφθήσεται
1001 2366 1033 2437 ἡ
1083 2366 1186 2436 γῆ,
1225 2365 1318 2434 ἀφ’
1358 2360 1426 2437 ἦς
1476 2367 1539 2419 σὺ
1587 2368 1859 2433 ἐγκακεῖς,

268 2457 383 2511 ἀπὸ
439 2455 739 2525 προσώπου
782 2456 891 2509 τῶν
938 2457 1031 2513 δύο
1076 2456 1339 2526 βασιλέων
1388 2458 1584 2529 αὐτῆς·
1618 2476 1640 2509 ι
1695 2459 1789 2511 καὶ
1832 2460 1860 2509 ό

278 2547 525 2610 Ἀκύλας
546 2564 560 2578 ο
584 2566 601 2598 ι
637 2546 1217 2619 Ἑγκαταλειφθησεται
1262 2551 1294 2619 ἡ
1332 2547 1496 2618 χθὼν,
1542 2548 1610 2619 ἣν
1642 2550 1706 2601 σὺ
1741 2566 1860 2603 σικ-

269 2640 529 2711 χαίνεις,
561 2638 669 2692 ἀπὸ
715 2637 1004 2709 προσώπου
1046 2639 1153 2693 τῶν
1190 2639 1283 2693 δύο
1325 2639 1585 2710 βασιλέων
1632 2641 1855 2709 αὐτῆς.»

268 2731 386 2785 Καὶ
440 2731 471 2782 ὁ
496 2729 790 2783 Θεοδοτίων
838 2731 895 2785 δὲ
934 2729 1120 2784 τοῦτον
1152 2733 1462 2803 ἡρμήνευσε
1506 2733 1597 2785 τὸν
1625 2732 1855 2805 τρόπον·

272 2839 295 2871 ι
342 2820 938 2892 Ἐγκαταλειφθήσεται
978 2824 1012 2892 ἡ
1050 2823 1157 2893 γῆ,
1206 2823 1273 2893 ἢν
1308 2823 1373 2876 σὺ
1419 2822 1714 2894 βδελύσσῃ,
1750 2824 1859 2878 ἀπὸ

269 2911 574 2983 προσώπου
628 2911 737 2967 τῶν
780 2912 874 2966 δύο
914 2912 1176 2983 βασιλέων
1207 2914 1397 2983 αὐτῆς.
1438 2933 1457 2966 ι
1520 2915 1682 2986 Ὁρᾷς
1712 2917 1859 2979 ὅπως

268 3003 372 3072 τὴν
424 3002 538 3071 γῆν
593 3001 1116 3075 καταλειφθήσεσθαι
1173 3004 1524 3058 ἀϐασίλευτον
1576 3004 1856 3071 θεσπίζεις

270 3090 441 3145 Ποίαν
473 3091 536 3144 δὲ
571 3093 755 3164 γῆν,ἢ
790 3093 888 3165 τὴν
920 3093 1028 3147 τῶν
1064 3093 1459 3165 Δαμασκηνῶν,
1494 3095 1590 3147 καὶ
1623 3096 1721 3167 τὴν
1763 3092 1856 3149 τοῦ

281 3184 542 3256 Ἰσραήλ;
573 3184 777 3238 τούτων
813 3187 921 3258 γὰρ
947 3183 1084 3258 ἦσαν
1116 3188 1166 3239 οἱ
1203 3185 1293 3239 δύο
1327 3186 1566 3256 βασιλεῖς
1591 3228 1607 3255 ,
1641 3189 1692 3243 οί
1729 3189 1856 3261 περὶ

271 3268 345 3329 ὧν
369 3277 400 3328 ὁ
430 3275 614 3344 λόγος·
642 3270 716 3330 ὧν
742 3281 771 3331 ὁ
798 3278 973 3348 Ἀχαζ
1000 3279 1098 3349 τὴν
1134 3278 1238 3347 γῆν
1269 3279 1573 3350 ἐσίκχαινεν
1591 3320 1605 3343 ,
1644 3281 1678 3351 ἢ
1711 3280 1858 3334 ἐϐδε-

271 3365 526 3431 λῦσσετο,
547 3368 878 3440 ἀποκάμνων
909 3370 940 3440 ἢ
969 3369 1221 3439 ἐγκακῶν
1252 3370 1346 3424 ἀπ’
1385 3373 1575 3442 αὐτῆς.
1611 3372 1735 3425 Πότ’
1762 3369 1856 3426 οὖν

271 3456 435 3510 τοῦτο
478 3458 712 3526 γέγονε;
745 3458 949 3513 τούτων
983 3459 1089 3532 γὰρ
1132 3460 1659 3533 συμπερασθέντων,
1704 3465 1855 3516 πᾶσα

276 3548 492 3620 ἀνάγκη
536 3549 629 3602 καὶ
665 3550 728 3603 τὸ
761 3551 1158 3622 προλεγόμενον
1194 3553 1356 3625 μέρος
1392 3554 1488 3625 τῆς
1521 3555 1854 3626 προφητείας

274 3641 354 3704 είς
379 3639 544 3713 ἔργον
572 3643 947 3714 κεχωρηκέναι
974 3660 989 3674 θ
1017 3642 1175 3697 τοῦτο
1197 3644 1253 3698 δὲ
1282 3640 1348 3716 ἦν
1377 3644 1436 3698 τὸ
1458 3644 1556 3716 τὴν
1579 3645 1852 3716 Παρθένον

272 3733 454 3785 τεκεῖν
495 3732 590 3785 τὸν
639 3731 758 3803 μεθ’
792 3733 945 3803 ἡμῶν
981 3734 1134 3787 Θεόν.
1179 3736 1289 3788 Καὶ
1320 3736 1385 3806 δὴ
1437 3736 1701 3808 πρόδηλον
1739 3740 1852 3801 τοῖς

273 3821 372 3886 τὰς
399 3824 645 3895 ἱστορίας
676 3824 1019 3891 ἐξετάζουσιν
1038 3867 1052 3891 ,
1080 3828 1156 3890 ὡς
1189 3826 1352 3898 μέχρι
1394 3827 1492 3897 μὲν
1514 3827 1620 3880 τῶν
1647 3829 1853 3899 χρόνων

272 3910 374 3982 τῆς
398 3915 724 3982 ἐπιφανείας
747 3916 840 3968 τοῦ
876 3917 1127 3988 Σωτῆρος
1157 3918 1314 3988 ἡμῶν
1360 3918 1533 3991 Ἰησοῦ
1562 3918 1654 3972 τοῦ
1715 3920 1850 3991 Χρι-

275 4002 398 4058 στοῦ
420 4005 518 4058 καὶ
532 4005 624 4058 ἐπὶ
634 4006 729 4077 τῆς
741 4007 1032 4078 Δαμασκοῦ
1056 4009 1393 4079 συνειστήκει
1413 4008 1474 4062 τὸ
1495 4011 1560 4063 ἐκ
1576 4010 1851 4081 προγόνων

272 4093 525 4164 διαδοχῆς
554 4095 841 4166 βασίλειον.
870 4098 1154 4169 Μέμνηται
1177 4099 1306 4167 γοῦν
1330 4102 1358 4153 ὁ
1389 4099 1531 4170 ἱερὸς
1559 4101 1851 4164 ἀπόστολος

271 4184 485 4256 ’Ἁρέτα
525 4185 620 4239 τοῦ
669 4186 930 4257 βασιλέως
976 4189 1348 4261 Δαμασκηνῶν
1372 4207 1386 4220 ·
1410 4169 1523 4245 1καί.
1566 4192 1661 4245 τοῦ
1721 4192 1851 4245 Ἰου-

273 4275 439 4330 δαίων
462 4277 522 4330 δὲ
550 4277 786 4350 ἔθνουςὴ
825 4280 1074 4344 ἄτακτος,
1099 4281 1193 4334 καὶ
1218 4283 1279 4335 οὐ
1308 4283 1449 4337 κατά
1478 4282 1641 4354 νόμον
1680 4283 1848 4337 εἰσέτι

271 4370 393 4425 τότε
441 4370 654 4440 διέμενε
704 4371 967 4441 βασιλεία.
1012 4374 1086 4426 Οὐ
1143 4374 1251 4447 γὰρ
1300 4375 1408 4429 ἀπὸ
1453 4376 1640 4444 γένους
1687 4373 1849 4428 Δαυῒδ

1964 1906 2068 1961 bus
2094 1904 2377 1974 prophetia
2410 1902 2500 1955 illa
2532 1901 2675 1957 edita
2707 1908 2819 1965 est,
2870 1915 2963 1954 rex
2998 1898 3169 1971 Syria:
3199 1899 3294 1970 qui
3323 1898 3526 1951 Dama.-

1966 2000 2067 2063 sci,
2097 2005 2151 2052 et
2180 2014 2272 2053 rex
2316 1994 2483 2051 Israel
2535 2010 2646 2049 non
2692 1996 2737 2048 is
2772 1995 2865 2065 qui
2897 1994 2950 2047 in
2979 1990 3306 2058 Jerusalem,
3343 1991 3433 2047 sed
3478 1992 3527 2045 is

1963 2090 2055 2160 qui
2109 2087 2369 2143 Samariae
2394 2086 2677 2157 regnabat,
2738 2096 2791 2141 et
2816 2084 3152 2139 multitudini
3190 2081 3522 2143 Judteorum.

1967 2181 2062 2251 qui
2086 2193 2117 2232 a
2142 2177 2327 2233 divina
2358 2178 2473 2247 lege
2496 2174 2832 2234 defecerant.
2860 2176 3178 2245 imperabat,
3214 2173 3420 2229 fmdere
3442 2172 3527 2227 in-

1963 2283 2042 2330 ter
2074 2284 2132 2324 se
2178 2274 2307 2334 icto,
2339 2283 2437 2323 eos
2481 2267 2682 2337 quibus
2728 2265 2944 2321 Davidis
2974 2280 3321 2321 successores
3355 2264 3526 2335 impe-

1962 2361 2177 2421 rabant,
2233 2358 2486 2413 obsidere
2535 2363 2841 2426 cmperunt.
2896 2354 3072 2410 llosce
3117 2355 3286 2427 igitur
3333 2355 3523 2408 ambos

1962 2464 2085 2503 cum
2122 2446 2410 2518 prophetia
2460 2445 2730 2501 tollendos
2767 2454 2929 2514 atque
2971 2443 3293 2499 evertendas
3335 2452 3517 2505 canat,

1961 2541 2110 2611 ipsos
2140 2539 2359 2611 quidem
2408 2539 2553 2593 illius
2582 2538 2842 2608 temporis
2885 2535 3103 2592 Judazos
3142 2544 3195 2590 et
3245 2543 3520 2602 externos,

1960 2632 2051 2703 qui
2088 2633 2349 2688 adversus
2382 2630 2639 2700 populum
2682 2628 2772 2684 Dei
2802 2630 2904 2684 sibi
2935 2629 3152 2683 dextras
3176 2628 3315 2680 inter
3339 2643 3396 2681 se
3427 2625 3521 2681 de-

1959 2724 2173 2786 derant,
2219 2739 2250 2778 e
2294 2721 2526 2791 vestigio
2574 2719 2972 2783 dissolvendos,
3025 2727 3080 2775 et
3120 2719 3461 2773 discessurus
3490 2732 3522 2770 a

1959 2816 2102 2870 bello
2134 2815 2418 2885 prmdieit;
2448 2829 2670 2886 regnum
2710 2826 2889 2869 tamen
2933 2812 3063 2866 illud
3106 2827 3169 2867 ac
3216 2810 3523 2866 successio-

1955 2920 2076 2959 nem
2100 2922 2288 2959 eorum
2317 2922 2542 2975 prorsus
2577 2905 2906 2959 dissolutum
2936 2905 3383 2973 exstinctumque
3425 2901 3515 2967 iri,

1957 2997 2060 3051 sub
2109 2997 2279 3061 illius,
2335 2997 2401 3052 de
2445 3012 2556 3067 quo
2604 2996 2884 3068 prophetia
2941 2996 3200 3066 loquitur,
3234 2994 3519 3048 nobiscum

1963 3085 2078 3152 Dei,
2109 3098 2311 3145 ortum.
2347 3089 2579 3145 Attende
2622 3090 2789 3159 igitur
2818 3088 3106 3159 diligenter
3131 3102 3241 3158 quo
3272 3096 3514 3154 tempore

1959 3178 2417 3235 Damascenorum
2445 3181 2606 3235 simul
2636 3197 2698 3235 ac
2727 3179 3037 3234 Judmorum
3085 3178 3411 3235 dissolutum
3435 3185 3520 3232 est

1957 3286 2206 3341 regnum,
2243 3278 2298 3328 et
2328 3273 2548 3342 quando
2571 3271 2785 3326 tandem
2821 3272 3009 3326 relicta
3037 3280 3119 3326 est
3140 3280 3286 3327 terra
3304 3269 3523 3326 Judaeu-

1957 3378 2074 3416 rum
2131 3365 2249 3419 sine
2299 3380 2450 3435 rege,
2502 3379 2715 3419 necnon
2765 3365 2882 3432 ipsa
2933 3380 3052 3433 qua:
3084 3364 3235 3433 prius
3284 3364 3513 3420 multum

1955 3468 2186 3528 poterat,
2236 3475 2430 3532 magna
2479 3473 2644 3512 manu
2700 3455 2974 3527 quondam
3018 3455 3190 3531 Syria:
3244 3459 3513 3513 universe

1954 3555 2299 3625 imperitans,
2353 3553 2812 3609 Damascenorum
2868 3552 3039 3620 regio.
3108 3549 3349 3620 Namque
3414 3552 3517 3605 sub

1954 3645 2146 3698 horum
2175 3647 2509 3700 eversionem
2540 3652 2702 3715 atque
2748 3645 3046 3709 interitum,
3089 3642 3264 3711 ipsum
3299 3641 3517 3695 Emma-

1953 3737 2080 3790 nuel
2129 3751 2353 3805 prorsus
2388 3736 2658 3789 oriturum
2691 3734 2859 3790 fuisse
2893 3749 2989 3803 par
3017 3742 3122 3796 est,
3166 3739 3221 3786 et
3263 3747 3386 3787 eum
3435 3731 3502 3786 de

1954 3840 2061 3894 quo
2085 3825 2369 3896 prophetia
2400 3825 2640 3894 loquitur
2670 3833 2983 3879 venturum.
3031 3821 3088 3876 Si
3119 3821 3287 3893 igitur
3319 3822 3509 3875 horum

1953 3917 2217 3987 ipsorum,
2242 3917 2311 3974 de
2336 3917 2538 3987 quibus
2559 3917 2764 3970 dictum
2796 3923 2900 3977 est,
2934 3929 3122 3984 regna,
3151 3915 3329 3967 adhuc
3365 3924 3509 3969 stare

1952 4010 2150 4064 intueri
2182 4009 2395 4073 liceret,
2430 4007 2568 4062 nihil
2598 4008 2831 4077 amplius
2871 4019 3113 4075 quaerere
3158 4019 3295 4075 opus
3343 4013 3510 4071 esset,

1952 4103 2047 4159 sed
2076 4104 2419 4157 etiamnunc
2465 4102 2517 4154 in
2566 4099 2809 4155 futurum
2855 4111 3069 4169 tempus
3095 4113 3245 4168 spem
3288 4112 3504 4153 omnem

1950 4193 2253 4249 intendere.
2300 4193 2398 4247 Sin
2438 4198 2619 4246 autem
2663 4192 2845 4262 reipsa
2883 4199 3097 4247 constat
3122 4208 3183 4245 ea
3211 4190 3278 4247 de
3303 4189 3504 4263 quibus

1949 4288 2154 4342 dictum
2184 4294 2288 4350 est,
2325 4302 2515 4342 eversa
2545 4286 2866 4356 sublataque
2903 4302 3044 4350 esse,
3077 4300 3251 4354 usque
3279 4282 3413 4338 adeo
3449 4290 3509 4336 ut

1948 4396 2124 4451 neque
2155 4379 2208 4434 in
2237 4378 2522 4444 Damasco,
2557 4393 2732 4449 neque
2760 4378 2811 4432 in
2836 4375 3042 4441 Iudaea,
3071 4375 3279 4432 nostris
3300 4383 3509 4444 tempo-

272 4461 465 4535 εφερον
489 4463 588 4534 τὴν
613 4463 712 4533 τῆς
738 4464 908 4535 ἀρχῆς
931 4464 1174 4536 διαδοχὴν
1225 4465 1468 4538 Ἡρώδης
1508 4468 1602 4521 καὶ
1637 4468 1685 4520 οἱ
1728 4465 1843 4538 μετ’

1957 4472 2104 4526 ribus
2136 4485 2316 4540 regem
2367 4470 2569 4525 intueri
2613 4470 2794 4532 liceat,
2834 4469 2963 4540 quid
2998 4469 3230 4537 amplius
3253 4467 3510 4523 dubitau-

271 4555 435 4608 αὐτὸν
465 4554 560 4609 ἐπὶ
579 4554 674 4609 τοῦ
706 4556 955 4629 Σωτῆρος
976 4559 1008 4629 ἡ
1017 4556 1130 4628 μῶν
1156 4559 1457 4629 γενόμενοι.
1492 4558 1642 4612 Μετὰ
1666 4558 1843 4628 δὲτὴν

271 4647 598 4716 ἐπιφάνειαν
641 4647 839 4715 αὐτοῦ,
893 4650 986 4703 καὶ
1036 4649 1098 4703 τὸ
1142 4650 1494 4719 εὐαγγελικὸν
1530 4651 1610 4714 είς
1640 4648 1846 4713 πάντας

272 4737 595 4809 ἀνθρώπους
631 4738 725 4792 τοῦ
770 4741 834 4792 ἐκ
881 4741 980 4811 τῆς
1019 4738 1294 4812 Παρθένου
1327 4740 1515 4805 παιδὸς
1558 4742 1844 4812 κήρυγμα,

271 4829 691 4887 καταλέλειπται
752 4831 950 4886 αὐτίκα
1013 4832 1046 4903 ή
1097 4833 1167 4903 γῆ
1219 4830 1328 4885 ἀπὸ
1391 4831 1681 4903 προσώπου
1732 4835 1845 4886 τοῖν

268 4921 413 4975 δυεῖν
439 4920 725 4991 βασιλέων.
781 4920 870 4987 Ἐξ
901 4923 1107 4976 ἐκείνου
1138 4923 1246 4995 γὰρ
1268 4923 1367 4994 τῆς
1423 4924 1707 4994 Ῥωμαίων
1744 4943 1843 4996 μο-

269 5013 495 5084 ναρχίας
520 5011 629 5066 τῶν
662 5012 830 5065 ἐθνῶν
869 5015 1334 5086 ἐπικρατησάσης,
1374 5014 1593 5068 ἐλέλυτο
1621 5016 1719 5086 μὲν
1746 5016 1842 5070 καὶ

269 5102 419 5155 πᾶσα
446 5104 480 5172 ἠ
513 5101 653 5155 κατὰ
684 5102 808 5166 τοὺς
823 5103 1017 5166 τόπους
1043 5103 1299 5176 ἐθναρχία
1324 5122 1384 5158 τε
1404 5105 1498 5159 καὶ
1518 5104 1805 5177 πολιαρχία
1821 5123 1836 5137 ο

267 5190 417 5254 τέλος
456 5191 514 5244 δέ
574 5190 713 5261 μετά
764 5191 871 5244 τῶν
929 5193 1105 5247 ἄλλων
1160 5196 1252 5247 καὶ
1304 5194 1372 5248 τά
1416 5195 1515 5265 τῆς
1550 5197 1608 5249 ἐν
1654 5198 1840 5267 χερσὶν

268 5282 538 5353 ἐλάμϐανε
591 5286 944 5356 προφητείας.
1009 5287 1176 5358 Ῥητά
1230 5288 1328 5358 μὲν
1373 5284 1464 5343 οὖν
1494 5289 1617 5344 τάδε
1645 5308 1658 5320 ·
1704 5291 1840 5364 πρὸς

266 5373 321 5428 δέ
362 5375 603 5430 διάνοιαν
647 5376 677 5429 ό
744 5377 842 5448 τῆς
900 5380 1238 5450 προφητείας
1290 5381 1443 5450 λόγος
1483 5382 1697 5455 ἀπάσης
1737 5385 1840 5454 ψυ-

266 5465 363 5537 χῆς
385 5466 448 5518 τὸ
475 5466 737 5530 εὐσταθὲς
756 5469 849 5520 καὶ
859 5468 1168 5539 γαληναῖον,
1187 5470 1281 5522 καὶ
1301 5470 1570 5541 είρηναῖον
1586 5471 1836 5543 σημαίνει

1946 4563 2072 4617 dum
2124 4571 2234 4630 est,
2292 4564 2573 4617 oraculum
2610 4578 2767 4616 suum
2818 4561 2976 4621 linem
3034 4559 3326 4629 accepisse,
3361 4558 3506 4627 quod

1946 4655 2060 4709 ait?
2103 4673 2121 4705 ι
2149 4653 2213 4708 Et
2250 4654 2586 4724 relinquetur
2616 4660 2764 4707 terra
2803 4666 2833 4705 a
2875 4652 3011 4705 faeie
3038 4650 3269 4704 duorum
3291 4662 3503 4718 regum,

1945 4762 2084 4817 quos
2120 4758 2176 4800 tu
2227 4748 2388 4801 times
2411 4761 2440 4799 a
2470 4744 2606 4800 facie
2636 4744 2917 4812 ipsorum;
2944 4760 2962 4793 ι
3000 4743 3200 4811 quibus
3241 4740 3295 4795 in
3324 4740 3503 4794 verbis

1943 4850 2098 4905 reges
2125 4849 2225 4905 pro
2277 4835 2460 4907 regnis
2507 4832 2770 4887 nominati
2816 4838 2963 4886 sunt.
3018 4828 3294 4900 Siquidem
3348 4828 3504 4899 Sym-

1943 4928 2170 4981 machus
2214 4926 2290 4979 ita
2350 4926 2465 4982 ait:
2523 4924 2924 4993 (Relinquetur
2985 4929 3151 4985 terra,
3205 4937 3236 4975 a
3286 4936 3391 4991 qua
3445 4938 3499 4973 ιιι

1940 5019 2084 5072 mala
2146 5018 2381 5090 pateris,
2426 5031 2457 5071 a
2514 5015 2654 5072 facie
2719 5015 2951 5071 duorum
3017 5031 3206 5086 regum
3267 5014 3496 5085 ipsius.»

1939 5107 2135 5179 Aquila
2224 5123 2384 5165 vero:
2497 5107 2893 5178 «Relinquetur
2955 5116 3134 5171 terra,
3201 5122 3363 5178 quam
3442 5117 3499 5158 tu

1939 5198 2200 5265 fastidis,
2264 5215 2295 5265 a
2336 5198 2477 5255 faeie
2527 5199 2759 5254 duorum
2801 5214 2986 5267 regum
3030 5198 3217 5269 ipsius.
3251 5216 3269 5249 ι
3315 5195 3495 5249 Theo-

1938 5291 2127 5346 dotion
2180 5306 2398 5362 quoque
2455 5292 2647 5347 eodem
2710 5291 3103 5359 interpretatus
3158 5297 3243 5346 est
3298 5289 3488 5342 modo-

1937 5384 2102 5465 3‘19
2129 5403 2147 5436 ε
2176 5383 2556 5456 Relinquetur,
2596 5384 2791 5454 inquit,
2827 5392 2970 5440 terra
3005 5399 3165 5453 quam
3209 5391 3267 5436 tu
3290 5383 3465 5436 abomi

1936 5476 2088 5530 naris
2121 5490 2151 5528 a
2183 5475 2320 5531 facie
2366 5475 2601 5531 duorum
2647 5491 2834 5548 regum
2881 5475 3074 5547 ipsius.
3117 5493 3137 5528 ›
3179 5473 3373 5529 Cernis

262 5554 359 5627 τῆς
392 5556 485 5611 τὸν
519 5556 851 5627 γεννηθέντα
880 5559 1011 5642 Θεὸν
1045 5559 1207 5613 αὐτὸν
1245 5560 1309 5631 δὴ
1350 5561 1440 5615 τὸν
1494 5562 1834 5641 Ἐμμανουὴλ

1957 5564 2259 5620 raticinetur
2291 5572 2490 5623 terram
2536 5554 2947 5637 relinquendam
2998 5583 3121 5623 esse
3154 5567 3271 5622 sine
3321 5582 3446 5635 rege

264 5654 736 5726 παραδεξαμένης.
786 5655 931 5718 Ἑνὸς
958 5654 1064 5725 γάρ
1097 5654 1331 5727 Χριστοῦ
1367 5656 1461 5710 καὶ
1496 5658 1588 5737 τοῦ
1635 5676 1834 5727 καταγ-

261 5740 543 5811 γελθέντος
595 5741 733 5814 πρὸς
792 5743 956 5797 αὐτοῦ
1018 5745 1172 5814 λόγου
1232 5748 1328 5819 τῆς
1377 5745 1483 5800 τῶν
1535 5747 1830 5818 ἀνθρώπων

1936 5653 2041 5710 Sed
2068 5670 2230 5725 quam
2265 5657 2481 5711 tandem
2517 5667 2748 5723 terram,
2782 5658 2886 5713 nisi
2916 5657 3374 5714 Damascenorum
3412 5666 3497 5710 at-

1934 5761 2038 5818 que
2066 5746 2275 5803 Israel?
2304 5745 2524 5803 Horum.
2555 5750 2727 5806 enim-
2751 5750 2862 5807 duo
2889 5764 3044 5821 reges
3072 5756 3249 5815 erant,
3281 5747 3349 5803 dc
3372 5746 3496 5818 qui-
