1951 3132
207 172 260 200 505

530 172 668 207 ΙΕΕδΕΒΙΙ
688 171 930 200 C/ESARIENSIS
946 172 982 200 Ol

1036 172 1128 201 PARS
1148 173 1181 201 ll.
1201 190 1235 194 ——
1255 173 1504 202 APOLOGETICA.

1775 175 1826 212 τοι

207 232 257 258 bus
284 230 332 273 hic
359 237 449 257 sermo
470 232 523 256 est.
551 231 672 262 Quorum
704 235 805 258 terram
821 230 911 257 Acha:
942 231 982 258 l'a-

1038 232 1126 267 ψυχῆς
1140 232 1326 267 βασιλεύοντος
1336 253 1342 264 ,
1354 234 1377 259 οί
1393 234 1456 268 πρὶν
1474 233 1679 267 ἀποπεφεύγασι
1691 234 1826 270 πολέμιοι.

207 277 333 304 sti'diebat
364 275 421 302 sive
448 275 657 302 abominabatur
679 276 822 309 laborans,
839 276 896 303 sive
921 277 991 303 mala

207 322 313 357 patiens
329 322 362 348 ab
389 328 431 348 ea.
446 320 563 353 Quando
579 322 670 357 igitur,
686 330 793 357 quaeso,
817 322 869 349 hoc
890 322 990 349 factum

205 370 265 397 est?
279 368 327 395 llis
341 369 412 395 enim
426 368 560 396 conlectis
575 389 581 399 ,
600 376 713 396 necesse
724 372 765 395 est
793 376 906 403 prorsus
930 376 989 395 eam

205 415 352 450 prophetiae
380 418 496 449 partem,
512 415 546 442 de
561 422 614 449 qua
630 415 674 441 hic
693 415 795 442 dictum
811 418 866 445 est,
885 414 919 441 ad
933 416 990 441 exi-

204 465 260 488 tum
279 460 506 495 pervenisse,hoc
515 465 557 488 est
572 460 721 496 Virginem,
734 461 876 488 nobiscum
894 460 988 492 Deum,

204 507 353 541 peperisse.
368 506 401 532 Et
412 514 479 533 sane
494 511 603 533 constat
622 506 693 540 apud
707 513 754 533 eos
769 506 815 541 qui
829 514 882 533 non
897 506 990 533 indili-

205 557 298 586 genter
311 553 443 580 historias
468 552 680 587 exploraverint,
697 552 923 586 quemadmodum
943 561 989 580 us-

203 606 256 633 que
276 598 308 624 ad
322 601 444 632 tempora
461 598 609 625 Salvatoris
626 598 712 625 nostri
729 597 793 625 Jesu
813 597 925 630 Christi,
945 607 988 626 re-

203 653 249 679 ges
275 644 399 671 Βοιωεεί
423 652 436 670 a
454 644 603 679 majoribus
616 645 673 672 suis
690 649 828 679 acceptum
845 645 986 679 imperium

204 691 351 718 tenuerint.
377 690 443 717 Nam
473 694 584 718 sanctus
608 699 716 726 quoque
741 690 887 725 Apostolus
901 691 988 718 Arelas

205 736 433 763 Damascenorum
445 737 516 772 regis
528 737 661 768 meminit,
677 742 703 764 et
719 736 839 764 Iudaicae
856 737 943 771 gentis
953 738 986 764 ad

203 783 269 810 illud
283 790 369 817 usque
382 787 497 818 tempus,
515 783 639 817 quamvis
653 783 838 810 inordinatum
849 787 876 810 et
890 788 987 818 praeter

202 832 286 865 leges,
304 837 417 863 regnum
434 830 571 856 manebat.
587 829 646 856 Non
667 830 739 857 enim
759 838 773 856 a
788 838 889 864 genere
901 830 985 857 David

203 881 249 902 aut
265 876 395 908 Herodes,
410 880 457 903 aut
472 877 518 910 qui
537 880 598 911 post
613 875 758 908 Herodem,
775 876 925 904 Salvatoris
937 885 986 904 no-

202 922 251 948 atri
268 922 435 956 temporibus
449 921 623 953 exstiterunt,
638 921 714 956 regni
740 929 928 949 successorem
945 922 986 949 fe-

202 967 307 994 rebant.
324 967 359 993 At
383 974 449 994 vero
463 970 525 1001 post
548 966 608 1000 ejus
634 968 783 999 advintum,
810 972 923 1003 postque
951 968 984 995 de

203 1012 312 1048 Virgine
334 1013 388 1039 nati
406 1013 591 1047 evangelicam
613 1012 640 1039 in
656 1020 751 1040 omnes
775 1013 899 1041 homines
915 1021 982 1048 pra:-

201 1059 374 1089 dicationem,
389 1064 460 1086 terra
471 1059 602 1086 continuo
627 1066 641 1085 a
659 1058 728 1086 facie
757 1059 873 1086 duorum
889 1067 982 1095 regum

200 1105 295 1133 relicta
308 1110 358 1132 est.
373 1104 439 1131 Nam
462 1112 493 1131 ex
510 1105 555 1131 illo
579 1112 639 1132 cum
656 1105 770 1132 Romani
782 1106 902 1133 omnium
919 1114 984 1141 gen-

199 1152 266 1178 tium
293 1150 436 1184 imperium
452 1150 631 1177 obtinuissent
648 1169 654 1181 ,
681 1151 787 1177 solutus
804 1150 913 1185 quidem
940 1155 983 1178 est

199 1197 287 1224 omnis
301 1205 348 1232 per
365 1197 471 1231 singula
487 1196 545 1223 loca
556 1216 563 1229 ,
579 1201 633 1222 tam
649 1197 769 1231 gentium
785 1204 867 1231 quam
885 1197 983 1223 civit:-

200 1248 254 1269 tum
282 1243 461 1278 principatus,
487 1242 621 1277 ﬁnemque
641 1250 694 1269 una
711 1250 772 1269 cum
788 1242 882 1270 multis
908 1243 980 1275 aliis,

198 1289 279 1315 etiam
295 1297 326 1316 ea
340 1297 401 1323 qua:
415 1287 447 1315 ad
466 1292 624 1323 praesentem
639 1288 810 1323 prophetiam
832 1288 979 1323 pertinent,

199 1335 295 1362 sortita
318 1339 391 1362 sunt.
408 1334 440 1361 Et
455 1335 512 1362 hac
527 1335 636 1369 quidem
653 1335 687 1361 ad
712 1335 827 1362 verbum
844 1335 981 1370 interpre-

198 1382 318 1408 tantibus
328 1380 401 1408 dicta
412 1381 476 1408 sint.
488 1380 528 1407 Ad
545 1388 654 1408 sensum
669 1388 733 1407 vero
746 1381 774 1407 in
785 1381 858 1407 hunc
870 1381 980 1407 modttm

199 1428 305 1454 dicatur
319 1427 419 1460 :hujus
436 1426 584 1460 prophetia:
600 1426 681 1453 verba
699 1426 789 1453 omnis
802 1427 901 1453 animae
921 1435 981 1461 quae

198 1472 280 1500 Deum
290 1474 362 1500 hunc
371 1479 474 1505 natum,
486 1471 871 1507 ipsum,inquam,Emmanuel
887 1479 981 1500 susce-

198 1518 577 1552 perit,stabiles,tranquillos,
585 1517 713 1551 paciﬁcos
719 1517 872 1552 signiﬁcare
879 1525 978 1545 mores.

198 1563 257 1591 Uno
271 1564 341 1591 enim
351 1563 470 1594 Christo,
484 1567 510 1590 et
526 1571 557 1590 eo
569 1564 640 1598 quod
653 1563 686 1590 ab
698 1564 757 1598 ipso
768 1563 922 1590 nuntiatum
937 1567 980 1591 est

196 1610 289 1640 verbo,
306 1609 431 1636 humanm
447 1609 543 1636 animze
554 1609 696 1643 imperium
712 1610 860 1641 obtinente,
874 1609 979 1644 priores

197 1655 363 1689 ejushostes,
373 1654 427 1682 duo
435 1655 659 1690 impietatismodi
672 1656 754 1690 fugati
765 1660 829 1683 sunt
844 1665 851 1683 :
862 1664 933 1684 unus
943 1656 976 1688 is.

196 1702 242 1735 qui
256 1706 282 1728 et
298 1701 508 1728 simulacrorum
523 1702 639 1734 cultum,
655 1706 681 1729 et
697 1702 724 1729 in
742 1702 910 1730 multimodis
920 1703 978 1737 opi-

195 1747 324 1775 nionibus
338 1747 522 1775 diversitatem
538 1748 695 1775 hominibus
709 1749 873 1783 suggerebat
887 1757 893 1775 :
909 1749 978 1776 alter

196 1794 230 1826 is,
258 1795 303 1829 qui
315 1794 341 1821 in
357 1794 480 1821 moribus
496 1795 699 1829 perverSitatem
714 1795 890 1829 propagabat.
908 1794 975 1821 Nam

196 1841 224 1871 ii,
237 1840 282 1875 qui
296 1840 359 1867 dicti
378 1843 441 1868 sunt
457 1840 614 1875 corporales
631 1847 719 1875 reges.
735 1840 831 1867 horum
847 1846 925 1868 notas
951 1845 978 1867 et

196 1886 271 1921 signa
287 1886 438 1921 gestabant,
452 1895 466 1914 e
481 1886 579 1921 quibus
594 1893 667 1914 unus
689 1886 865 1914 Damascenis
890 1887 977 1921 impe-

196 1940 269 1961 rans.
292 1933 405 1964 erroris,
426 1940 480 1967 quo
495 1933 522 1958 in
540 1932 695 1960 simulacris
725 1932 847 1960 colendis
881 1937 976 1967 gentes

194 1978 366 2008 tenebantur,
380 1981 438 2004 erat
453 1978 541 2013 imago
556 1987 563 2005 :
580 1977 649 2005 alter
659 1985 722 2005 vero
742 1985 848 2009 eorum,
872 1977 919 2012 qui
941 1978 975 2004 ab

194 2021 342 2049 Jerusalem
360 2023 525 2055 defecerant,
547 2023 593 2057 qui
616 2023 740 2050 videlicet
757 2030 771 2049 a
794 2023 840 2050 Dei
856 2023 976 2058 legitima

196 2068 354 2096 adoratione
378 2069 545 2101 deciderant,
575 2069 689 2104 ﬁgurate
710 2077 855 2104 personam
883 2077 977 2105 gerere

193 2114 343 2141 vidi-batur.
355 2114 436 2150 320
452 2115 528 2147 Quod
546 2123 610 2143 vero
633 2116 690 2143 haec
713 2116 745 2142 ad
761 2124 872 2143 sensum
888 2124 920 2143 ex
949 2116 978 2142 ﬁ-

1041 278 1086 305 δύο
1108 279 1203 314 τρόποι
1220 279 1389 310 δυσσεϐείας,
1407 279 1420 305 ὃ
1435 288 1464 305 τε
1482 278 1530 314 τὴν
1547 278 1769 314 εἰδωλολατρείαν
1780 289 1826 308 και

1040 325 1088 359 τὴν
1102 325 1130 350 ἐν
1148 325 1326 360 πολυτρόποις
1342 325 1472 360 δόγμασιν
1490 324 1654 360 ἑτεροδοξίαν
1669 325 1826 353 ὑποϐάλλιυί

1041 371 1203 406 ἀνθρώποις,
1223 371 1269 397 καὶ
1288 372 1302 397 ὁ
1317 371 1364 406 τὴν
1381 372 1408 397 ἐν
1424 370 1501 406 ἤθεσι
1516 370 1679 406 διαστροφὴν
1696 372 1826 406 ἐνεργῶν.

1040 416 1148 442 Τούτων
1160 416 1188 442 δὲ
1202 414 1248 442 οὖν
1261 416 1355 450 ἔφερον
1366 417 1390 443 οἱ
1406 416 1488 443 πάλαι
1502 416 1581 450 δηλού
1586 424 1662 450 μενοι
1676 418 1828 451 σωματικοὶ

1041 460 1159 495 βασιλεῖς
1176 461 1210 487 τὰ
1237 461 1375 496 σύμϐολα·
1401 459 1437 488 ὧν
1462 463 1476 488 ό
1501 462 1548 497 μὲν
1571 463 1758 498 Δαμασκηνῶν
1776 463 1827 497 τῆς

1039 507 1092 533 τῶν
1116 508 1201 534 ἐθνῶν
1228 508 1292 544 περὶ
1312 509 1347 535 τὰ
1369 508 1465 535 εἴδωλα
1486 508 1588 544 πλάνης
1608 509 1689 535 εἰκὼν
1711 507 1755 544 ἦν,
1773 511 1788 536 ὁ
1805 510 1825 535 δ’

1039 554 1130 589 ἕτερος
1152 555 1206 580 τῶν
1227 555 1401 581 ἀποστάντων
1426 555 1476 589 τῆς
1507 554 1699 590 Ἰερουσαλὴμ,
1725 555 1827 591 δηλαδὴ

1038 599 1091 625 τῶν
1108 600 1343 626 ἀποπεπτωκὼων
1362 600 1412 634 τῆς
1433 600 1502 626 κατὰ
1525 600 1571 626 τὸν
1594 601 1675 635 νόμον
1691 600 1737 627 τοῦ
1758 600 1827 627 Θεοῦ

1039 644 1173 680 λατρείας.
1200 647 1260 672 Ὂτι
1289 646 1317 672 δὲ
1340 646 1426 672 ταῦτα
1451 646 1521 672 κατὰ
1544 646 1662 673 διάνοιαν
1687 646 1828 681 τροπικῶς

1038 691 1216 725 ἀποδέχεσθαι
1237 692 1387 727 προσήκει,
1413 692 1491 727 μάθοι
1507 692 1538 718 ἄν
1561 701 1602 723 τις
1623 693 1669 719 καὶ
1692 692 1746 718 ἀπὸ
1770 693 1828 719 τῶν

1037 736 1100 772 ἑξῆς
1116 737 1316 773 ἐπιλεγομένων
1326 758 1333 769 ,
1346 738 1377 764 δι’
1393 735 1430 764 ὧν
1446 738 1475 763 ὲν
1491 739 1524 773 τῇ
1541 738 1632 773 ἡμέρᾳ
1648 738 1696 764 τοῦ
1718 738 1829 773 Ἐμμα-

1036 782 1117 818 νουὴλ
1143 783 1222 818 μυίας
1241 784 1318 815 τινὰς
1341 784 1388 810 καὶ
1413 784 1541 819 μελίτσας
1564 783 1757 810 ἐπελεύσεσθαι
1788 783 1827 818 τῷ

1043 827 1174 854 Ἰουδαίων
1196 828 1266 855 ἔθνει
1286 830 1334 856 καὶ
1356 830 1370 855 ὁ
1387 829 1465 864 λόγος
1485 829 1622 862 θεσπίζει,
1640 830 1690 861 τὰς
1708 829 1757 864 μὲν
1777 829 1828 855 ἀπ’

1035 872 1184 906 Αἰγύπτου,
1201 873 1250 905 τὰς
1263 874 1291 900 δὲ
1307 874 1360 900 ἀπὸ
1374 873 1428 900 τῶν
1446 874 1592 909 Ἀσσυρίων
1602 894 1609 905 ,
1622 874 1670 909 τὴν
1692 873 1827 909 κεφαλὴν,

1037 921 1082 947 καί
1113 922 1174 952 τοὺς
1203 921 1302 952 πόδας,
1327 922 1374 948 καὶ
1399 921 1445 947 τὸν
1477 921 1594 955 πώγωνα
1618 920 1826 956 ἀποξυρήσειν·

1034 966 1176 1002 ἄνθρωπον
1190 967 1217 993 δὲ
1233 967 1349 1002 δάμαλιν
1362 967 1441 1002 βοῶν.
1453 968 1499 994 καὶ
1510 967 1555 993 δύο
1573 967 1692 1003 πρόϐατα
1702 966 1826 1002 θρέψειν,

1034 1012 1080 1038 καὶ
1096 1011 1162 1038 ἄλλα
1176 1012 1236 1038 τινὰ
1250 1012 1309 1038 καθ’
1321 1013 1369 1039 ἕνα
1387 1012 1433 1038 καὶ.
1448 1012 1493 1038 τον
1508 1012 1588 1038 αὑτὸν
1604 1012 1699 1048 χρόνον
1713 1011 1828 1037 ἔσεσθαι

1033 1057 1156 1092 οὐδαμῶς
1179 1058 1246 1093 πρὸς
1257 1057 1328 1089 λέξιν
1338 1058 1481 1093 νοούμενα,
1491 1057 1562 1084 κατὰ
1573 1057 1656 1092 μόνην
1667 1056 1694 1083 δὲ
1705 1056 1828 1083 διάνοιαν

1033 1103 1215 1138 θεωρούμενα.
1240 1104 1331 1130 Ταῦτα
1361 1104 1410 1139 μὲν
1435 1102 1481 1131 οὖν
1508 1103 1639 1130 τοιαῦτα·
1657 1104 1730 1135 ὅπως
1748 1103 1776 1130 δὲ
1809 1104 1826 1138 ἡ

1033 1149 1157 1184 παροῦσα
1188 1149 1281 1185 γραφὴ
1313 1150 1364 1185 τῆς
1393 1150 1440 1176 τοῦ
1475 1150 1597 1185 Σωτῆρος
1623 1149 1703 1185 ἡμῶν
1734 1149 1827 1184 Ἰησοῦ

1032 1195 1149 1230 Χριστοῦ
1166 1196 1298 1230 γενέσεως
1316 1197 1501 1231 προεσήμαινε
1518 1196 1563 1222 τὸν
1583 1196 1681 1230 τρόπον
1693 1216 1700 1228 ,
1718 1204 1826 1231 μαρτυ-

1005 1250 1008 1255 ”
1034 1242 1109 1277 ρήσει
1135 1238 1185 1268 ὧδέ
1201 1250 1258 1273 πως
1274 1243 1288 1268 ό
1309 1242 1503 1278 εὐαγγελιστὴς
1525 1242 1638 1276 γράφων
1651 1250 1658 1256 ·
1687 1251 1695 1266 ι
1714 1241 1767 1267 Τοῦ
1795 1241 1826 1267 δὲ

1037 1287 1122 1323 Ἰησοῦ
1140 1287 1257 1322 Χριστοῦ
1274 1289 1290 1322 ἡ
1307 1287 1413 1321 γένεσις
1436 1288 1521 1320 οὕτως
1535 1286 1569 1323 ἦν
1580 1296 1586 1301 ·
1601 1287 1827 1322 Μνηστευθείσης

1031 1333 1084 1369 γὰρ
1107 1334 1156 1368 τῆς
1175 1334 1276 1368 μητρὸς
1297 1334 1378 1360 αὐτοῦ
1398 1334 1508 1369 Μαρίας
1530 1333 1569 1369 τῷ
1591 1334 1706 1369 Ἰωσὴφ,
1721 1334 1786 1368 πρὶν
1808 1332 1825 1368 ἢ

1032 1379 1167 1406 συνελθεῖν
1180 1380 1287 1411 αὐτοὺς,
1300 1380 1398 1416 εὑρέθη
1416 1382 1444 1407 ὲν
1461 1380 1558 1416 γαστρὶ¹
1573 1380 1671 1415 ἔχουσα
1687 1380 1720 1405 ἐκ
1733 1379 1824 1405 Ilva-J-

1032 1435 1115 1461 ματος
1131 1426 1218 1461 ἁγίου.
1243 1426 1339 1461 Ἰωσὴφ
1355 1427 1383 1452 δὲ
1399 1428 1413 1453 ὁ
1428 1427 1497 1462 ἀνὴρ
1514 1427 1614 1463 αὐτῆς,
1637 1427 1742 1457 δίκαιος
1767 1425 1824 1458 ὢν,

1030 1472 1077 1499 καὶ
1102 1472 1140 1508 μὴ
1172 1472 1256 1499 θέλων
1283 1473 1529 1508 παραδειγματίσαι
1560 1473 1662 1508 αὐτὴν,
1685 1465 1824 1508 ἐϐουλήθι)

1029 1518 1114 1554 λάθρα
1125 1518 1256 1545 ἀπολῦσαι
1268 1519 1362 1554 αὑτήν.
1375 1518 1466 1545 Ταῦτα
1478 1519 1505 1545 δὲ
1516 1519 1596 1545 αὑτοῦ
1610 1518 1822 1554 ἐνθυμηθέντος,

1032 1565 1085 1591 ἰδοὺ
1099 1565 1211 1599 ἄγγελος
1222 1565 1324 1600 Κυρίου
1341 1566 1400 1591 κατ’
1412 1565 1477 1600 ὄναρ
1493 1565 1615 1599 φαίνεται
1633 1564 1707 1600 αὐτῷ
1720 1564 1820 1598 λέγων’

1038 1610 1135 1645 Ἰωσὴφ
1164 1610 1221 1642 υἱὸς
1249 1610 1348 1641 Δαυῖδ,
1374 1610 1410 1645 μὴ
1433 1610 1554 1646 φοϐηθῇς
1571 1610 1740 1646 παραλαϐεῖν
1761 1611 1823 1638 Μα-

1033 1656 1100 1692 ριὰμ
1116 1656 1164 1691 τὴν
1179 1656 1297 1690 γυναῖκα
1318 1665 1374 1683 σου.
1390 1657 1426 1682 Τὸ
1442 1656 1496 1692 γὰρ
1512 1657 1540 1682 ὲν
1554 1656 1622 1691 αὐτῇ
1639 1656 1771 1691 γεννηθὲν
1789 1658 1822 1683 ἐκ

1031 1701 1188 1737 Πνεύματός
1203 1702 1276 1728 ἐστιν
1289 1702 1378 1736 ἁγίου.
1394 1701 1505 1734 Τέξεται
1516 1702 1543 1728 δὲ
1557 1702 1622 1733 υἱὸν,
1636 1702 1682 1728 καὶ
1693 1702 1821 1733 καλέσεις

1030 1747 1060 1774 τὸ
1074 1748 1158 1783 ὄνομα
1174 1748 1255 1774 αὐτοῦ
1276 1747 1388 1783 Ἰησοῦν.
1410 1748 1495 1779 Δὺτδς
1512 1747 1567 1783 γὰρ
1589 1747 1670 1773 σώσει
1690 1747 1737 1774 τὸν
1754 1747 1821 1774 λαὸν

1030 1793 1112 1819 αὑτοῦ
1132 1793 1186 1820 ἀπὸ
1208 1793 1260 1819 τῶν
1285 1793 1425 1830 ἁμαρτιῶν
1447 1793 1545 1819 αὐτῶν.
1568 1803 1576 1819 ι
1599 1793 1683 1819 Τοῦτο
1708 1793 1737 1820 δὲ
1758 1793 1821 1820 ὅλον

1029 1839 1154 1873 γέγονεν,
1173 1840 1217 1865 ἴνα
1228 1839 1357 1874 πληρωθῇ
1375 1838 1405 1865 τὸ
1423 1839 1503 1874 ῥηθὲν
1520 1838 1573 1865 ὑπὸ
1584 1838 1631 1865 τοῦ
1648 1838 1753 1874 Κυρίου
1774 1839 1821 1866 διὰ

1029 1885 1076 1912 τοῦ
1089 1886 1226 1920 προφήτου
1237 1885 1361 1919 λέγοντος
1380 1894 1386 1899 ·
1407 1885 1471 1911 Ἰδοὺ
1497 1886 1512 1920 ὴ
1526 1885 1660 1920 Παρθένος
1675 1886 1704 1911 ὲν
1716 1884 1819 1920 γαστρὶ

1029 1931 1152 1967 λήψεται,
1169 1931 1216 1958 καὶ
1232 1931 1338 1963 τέξεται
1351 1931 1418 1962 υἱον,
1430 1932 1477 1958 καὶ
1489 1931 1612 1962 καλέσεις
1626 1931 1657 1957 τὸ
1669 1930 1755 1966 ὄνομα
1768 1931 1819 1957 αὐ-

1029 1977 1075 2004 τοῦ
1084 1977 1264 2012 Ἐμμανουὴλ,
1274 1979 1288 2004 ὃ
1296 1978 1353 2004 ἐστι
1365 1976 1644 2012 μεθερμηνευόμενον,
1652 1976 1716 2010 μεθ’
1730 1976 1820 2010 ἡμῶν

1031 2025 1047 2050 ὁ
1061 2024 1141 2056 Θεός.
1150 2033 1157 2048 ι
1166 2023 1242 2049 Οὕτω
1254 2024 1285 2058 δὴ
1296 2023 1437 2058 καθ’ήμᾶς
1444 2023 1479 2049 τὰ
1488 2022 1537 2057 τῆς
1552 2023 1625 2053 θείας
1636 2022 1818 2058 προγνώσεως

1031 2069 1084 2096 ἀπὸ
1101 2069 1149 2104 τῆς
1165 2069 1218 2095 τῶν
1231 2069 1400 2104 πραγμάτων
1416 2068 1554 2099 ἐκϐάσεως
1562 2068 1712 2100 πιστοῦται,
1728 2067 1819 2099 ἄλλως

1031 2116 1081 2142 οὐκ
1102 2115 1135 2141 ἂν
1147 2115 1197 2149 τῆς
1218 2115 1386 2150 προφητείας
1407 2114 1524 2150 ἀληθοῦς
1540 2114 1817 2149 ἁποφανθησομένης.

192 2168 257 2194 gnra
276 2160 397 2194 accip:-re
418 2164 550 2195 aportcat,
570 2161 667 2195 poterit
684 2161 820 2196 quispiam
834 2162 915 2188 etiam
928 2170 962 2188 ex
981 2162 1015 2188 iis
1027 2169 1088 2195 quae
1103 2165 1255 2196 sequuntur
1268 2162 1421 2192 addiscere,
1440 2161 1487 2188 ubi
1500 2161 1528 2187 in
1543 2160 1639 2188 diebus
1653 2159 1817 2188 Emmanuel

192 2216 301 2235 muscas
312 2208 442 2243 quasdam
453 2212 533 2243 atquc
546 2217 620 2244 apes,
636 2208 775 2236 .ludaicam
791 2213 896 2244 gentem
915 2209 1059 2236 invasuras
1080 2210 1221 2236 oraculum
1241 2209 1325 2240 canit,
1344 2209 1412 2236 alias
1427 2208 1535 2243 quidem
1555 2209 1589 2235 ab
1605 2207 1733 2244 Egypto,
1746 2209 1818 2238 alias

192 2257 281 2280 autem
295 2254 328 2281 ab
342 2254 471 2289 Assyriis,
482 2260 562 2289 caput
578 2262 609 2282 ac
624 2255 704 2290 pedes
718 2259 744 2282 et
755 2255 866 2282 barbam
876 2255 1020 2283 Dominum
1039 2256 1212 2286 abrasurum,
1229 2256 1365 2283 hominem
1382 2263 1446 2282 vero
1461 2255 1605 2289 juvencam
1618 2256 1699 2283 boum
1710 2259 1738 2283 et
1746 2256 1817 2284 duas

199 2309 262 2327 ores
272 2301 448 2335 nutriturutn,
458 2306 484 2328 et
499 2303 550 2328 alia
563 2304 684 2336 quaedam
699 2303 749 2330 sub
765 2296 847 2330 unum
866 2309 946 2338 atqtte
960 2304 1029 2331 idem
1047 2308 1154 2338 tempus
1170 2303 1270 2335 futura,
1282 2311 1342 2338 quae
1354 2303 1429 2329 nullo
1446 2303 1526 2329 modo
1537 2303 1569 2329 ad
1581 2303 1691 2330 verbum
1701 2303 1817 2339 intelligi

192 2351 315 2381 possunt,
327 2347 373 2374 sed
385 2348 417 2374 ad
427 2356 535 2375 sensum
549 2348 679 2375 duntaxat
697 2349 855 2384 accipienda
867 2354 975 2383 sunt;et
984 2350 1041 2377 haec
1058 2350 1166 2385 quidem
1181 2351 1207 2377 in
1216 2350 1289 2377 htmc
1301 2349 1410 2376 modum
1423 2357 1451 2376 se
1464 2350 1573 2377 habent.
1588 2349 1665 2382 Quod
1677 2354 1766 2377 autem
1783 2358 1815 2377 ea

192 2402 250 2427 qum
262 2394 410 2428 sicsrripta
421 2394 647 2424 sunt,Salvatoris
661 2397 747 2422 nostri
761 2394 824 2423 Jesu
847 2396 948 2423 Christi
966 2397 1076 2424 modum
1093 2396 1222 2423 nascendi
1243 2396 1467 2431 signiﬁcaverim,
1492 2395 1550 2430 ipse
1574 2396 1742 2431 evangelista
1762 2396 1815 2424 hoc

190 2446 269 2474 pacto
289 2441 449 2466 testiﬁcatur
464 2441 586 2468 scribens
599 2451 605 2468 :
626 2451 633 2466 ι
651 2441 712 2469 Jesu
727 2442 827 2469 Christi
844 2447 932 2470 autem
952 2443 1091 2478 generatio
1103 2444 1143 2471 sic
1159 2447 1219 2471 erat
1233 2442 1317 2470 :Cum
1325 2447 1398 2470 esset
1409 2443 1574 2477 desponsata
1584 2447 1670 2470 mater
1682 2443 1742 2477 ejus
1757 2443 1815 2470 Ma-

191 2486 230 2511 ria
255 2485 370 2520 Josepb,
397 2490 540 2521 antequam
570 2488 756 2521 convenirent,
774 2489 882 2515 iuventa
903 2493 945 2516 est
966 2489 994 2516 in
1015 2493 1093 2516 utero
1115 2490 1219 2516 habens
1244 2489 1277 2516 de
1296 2489 1398 2523 Spiritu
1420 2493 1524 2515 sancto.
1547 2487 1647 2523 Joseph
1665 2494 1754 2516 autem
1774 2489 1816 2515 vir

190 2535 259 2566 ejus,
280 2541 342 2561 cum
368 2538 440 2561 esset
452 2534 555 2568 justus,
581 2539 607 2562 et
623 2536 707 2563 nollet
718 2544 777 2563 eam
796 2528 949 2567 traducere,
970 2537 1056 2564 voluit
1070 2537 1177 2565 occulte
1194 2536 1331 2564 dimittere
1346 2544 1416 2563 eam.
1436 2535 1498 2562 Haec
1513 2540 1602 2562 autem
1617 2543 1650 2562 eo
1664 2536 1813 2570 cogitante,

188 2588 252 2607 ecce
266 2580 385 2615 Angelus
403 2581 508 2608 Domini
531 2583 558 2609 in
579 2584 683 2610 somnis
703 2588 815 2618 apparet
829 2584 854 2611 ei
869 2584 980 2612 dicens:
997 2584 1096 2619 Ioseph
1111 2585 1147 2611 ﬁli
1170 2583 1266 2616 David,
1283 2584 1337 2610 noli
1355 2583 1451 2610 timere
1466 2584 1589 2617 accipere
1608 2583 1721 2610 Mariam
1745 2591 1813 2611 con-

186 2625 276 2660 jugem
291 2630 376 2653 tuavu.
392 2626 468 2659 Quod
484 2628 556 2654 enim
570 2629 596 2655 in
607 2637 638 2656 ca
651 2630 770 2664 genitum
778 2636 829 2662 est,
851 2631 883 2657 dc
908 2630 1010 2665 Spiritu
1028 2634 1122 2657 sancto
1136 2634 1187 2657 est.
1207 2629 1298 2657 Pariel
1313 2634 1404 2656 autent
1424 2629 1507 2655 lilium
1518 2649 1525 2661 ,
1539 2634 1566 2656 et
1584 2630 1695 2657 vocabis
1713 2639 1813 2658 nomen

187 2670 246 2714 ejus
260 2670 363 2698 .lcsum.
389 2671 448 2707 Ipse
464 2674 535 2700 enim
553 2674 656 2701 salvum
670 2674 751 2702 faciet
768 2676 897 2710 populum
912 2684 992 2704 suum
1007 2684 1021 2702 a
1037 2676 1156 2710 peccatis
1179 2675 1310 2710 ipsorum.
1331 2673 1388 2701 Hoc
1404 2679 1494 2701 autent
1512 2678 1598 2702 totum
1628 2674 1729 2702 factum
1759 2680 1810 2709 est,

189 2721 217 2743 ut
230 2717 387 2751 impleretur
402 2719 473 2754 quod
498 2720 601 2747 dictum
628 2725 669 2748 est
692 2730 707 2748 a
728 2722 842 2749 Domino
866 2731 913 2757 per
937 2724 1095 2758 prophetam
1121 2723 1255 2750 dicentem
1274 2732 1280 2749 :
1302 2722 1371 2749 Ecce
1396 2722 1470 2755 virgo
1491 2722 1519 2748 in
1545 2726 1625 2749 utero
1648 2723 1768 2754 habebit,
1783 2728 1810 2750 et

188 2763 273 2797 pariet
298 2764 391 2797 ﬁliuni,
418 2771 445 2793 et
466 2768 578 2795 vocabis
595 2776 693 2796 nomen
707 2769 767 2803 ejus
782 2770 958 2802 Emmanuel,
974 2770 1046 2805 quod
1062 2776 1103 2798 est
1126 2771 1344 2805 interpretatum,
1360 2769 1495 2796 nobiscum
1516 2769 1585 2796 Deus
1601 2770 1634 2797 “.
1655 2779 1664 2795 ι
1683 2769 1728 2797 Sic
1745 2778 1810 2798 sane

188 2810 336 2837 secundum
351 2820 400 2839 nos
414 2821 455 2845 ea,
470 2822 532 2848 qua:
545 2814 577 2841 ad
590 2815 710 2843 divinam
727 2818 928 2852 praedictionem
947 2819 1094 2853 pertinent,
1107 2827 1139 2846 ex
1158 2819 1218 2853 ipso
1236 2826 1325 2845 rerum
1342 2823 1439 2845 eventu
1459 2818 1685 2853 comprobantur:
1699 2819 1806 2854 quippe.

190 2863 249 2882 cum
272 2858 323 2884 alia
352 2859 473 2891 ratione.
505 2869 642 2896 nunquam
662 2872 716 2899 [πω
732 2872 761 2892 se
780 2866 921 2893 veritatem
939 2867 1079 2902 prophetia
1108 2868 1195 2894 latura
1219 2873 1279 2893 esse
1300 2865 1431 2893 videatur.

221 2927 241 2942 δ”
258 2926 350 2954 Matth.
371 2936 388 2960 t,
407 2927 499 2955 I335.
