3902 6264
228 336 334 400 505

1132 339 1783 400 DEMONSTRATIONIS
1818 341 2277 400 EVANGELICE
2308 342 2436 401 LIB.
2477 340 2594 399 Vll.

3376 348 3480 404 566

252 478 257 485 '
304 460 473 532 Ἑξῆς
502 460 561 514 δὲ
607 458 811 514 τούτων
843 457 965 511 τίνα
1008 458 1101 513 καὶ
1139 459 1312 513 ὁπόσα
1346 458 1562 528 λέγεται
1598 457 1814 512 ἔσεσθαι

1988 457 2117 515 Post
2132 458 2246 512 haec
2270 465 2473 520 autem,
2503 471 2753 528 quamam
2782 463 2837 513 et
2863 464 2999 529 quot
3032 456 3219 513 futura
3248 473 3373 515 esse
3405 460 3487 514 di-

225 570 281 609 εν
316 556 387 624 τῇ
422 552 610 624 ἡμέρᾳ
637 551 819 623 ἐκείνῃ
847 591 863 616 ,
908 550 1065 623 δῆλον
1091 551 1169 617 δὲ,
1201 552 1284 606 ὃτι
1316 552 1375 603 ἐν
1403 551 1481 621 τῷ
1508 550 1682 623 χρόνῳ
1711 552 1811 621 τῆς

228 644 553 715 ἐπιφανείας
590 641 684 696 τοῦ
737 643 1118 715 Ἐμμανουὴλ,
1160 642 1326 715 φέρε,
1368 644 1807 713 κατανοήσωμεν·

231 757 249 789 r
284 734 940 807 Συριεϊ,›φησ”ι,‹Κύριος
971 734 1176 805 μυίαις,
1196 734 1251 789 αἲ
1273 734 1582 808 κυριεύουσι
1614 732 1813 804 μέρους

222 825 479 896 ποταμοῦ
531 824 843 893 Αἰγύπτου,
890 825 987 879 καὶ
1020 827 1087 897 τῇ
1137 826 1401 900 μελίσσῃ,
1465 826 1500 897 ἦ
1547 827 1692 878 ἐστιν
1754 826 1813 877 ἐν

202 916 383 986 ,χώρᾳ
424 916 747 988 Ἀσσυρίων,
780 916 875 970 καὶ
903 916 1243 982 ἐλεύσονται,
1280 920 1374 971 καὶ
1412 916 1813 972 ἀναπαύσονται

220 1012 275 1059 ἐν
300 1010 432 1070 ταῖς
457 1008 694 1080 φάραγξι
720 1009 818 1078 τῆς
850 1009 1062 1081 χώρας,
1083 1010 1177 1063 καὶ
1198 1010 1255 1063 ἐν
1268 1012 1387 1074 ταῖς
1410 1008 1676 1080 τρώγλαις
1707 1006 1814 1061 τῶν

222 1097 471 1168 πετρῶν,
505 1098 598 1152 καὶ
624 1101 705 1162 εἰς
738 1099 806 1153 τὰ
836 1099 1096 1167 σπήλαια,
1137 1100 1229 1154 καὶ
1253 1102 1334 1164 είς
1364 1102 1544 1154 πᾶσαν
1580 1099 1810 1170 ῥαγάδα,

224 1189 319 1241 καὶ
355 1190 420 1242 ἐν
450 1190 615 1244 παντὶ
647 1188 809 1260 ξύλῳ.
851 1192 941 1244 Ἐν
960 1190 1226 1263 τῇήμέρᾳ
1247 1191 1431 1265 ἐκείνῃ
1460 1191 1681 1263 ξυρήσει
1705 1190 1815 1244 Κύ-

229 1299 343 1351 ριος
391 1285 452 1336 ἐν
491 1284 570 1354 τῷ
616 1283 760 1355 ξυρῷ
799 1284 878 1355 τῷ
906 1285 1144 1357 μεγάλῳ,
1178 1286 1256 1357 τῷ
1283 1286 1681 1357 μεμισθωμένῳ
1715 1285 1813 1338 πέ-

226 1395 326 1449 ραν
349 1377 450 1431 τοῦ
492 1379 736 1449 ποταμοῦ
759 1378 1023 1448 βασιλέως
1069 1379 1391 1451 Ἀσσυρίων,
1424 1380 1521 1450 τὴν
1554 1378 1812 1449 κεφαλὴν,

224 1472 319 1524 καὶ
352 1471 459 1533 τὰς
502 1470 693 1542 τρίχας
745 1471 853 1524 τῶν
906 1471 1100 1536 ποδῶν,
1150 1472 1244 1526 καὶ
1280 1471 1369 1524 τὸν
1417 1469 1656 1539 πώγωνα
1685 1472 1815 1539 ἀφε-

224 1563 324 1616 λεῖ.
351 1564 470 1616 Καὶ
496 1562 649 1615 ἔσται
704 1564 764 1616 ἐν
811 1566 876 1635 τῇ
906 1567 1088 1635 ἡμέρᾳ
1132 1563 1336 1635 ἐκείνῃ,
1379 1561 1571 1635 θρέψει
1609 1562 1817 1635 ἄνθρωα-

226 1673 329 1719 πος
350 1655 592 1725 δάμαλιν
627 1655 764 1726 βοῶν
789 1696 803 1718 ,
848 1657 942 1709 καὶ
971 1656 1064 1710 δύο
1093 1655 1368 1727 πρόϐατα,
1405 1655 1499 1709 καὶ
1524 1655 1676 1709 ἔσται
1710 1654 1818 1708 ἀπὺ

224 1748 321 1801 τοῦ
364 1748 626 1800 πλεῖστον
677 1751 852 1801 ποιεῖν
892 1747 1068 1815 γάλα·
1110 1748 1342 1816 φάγεται
1393 1746 1679 1818 βούτυρον,
1735 1746 1816 1799 ὅτι

1917 557 2134 613 cantur,
2156 550 2241 604 vel
2268 548 2434 612 bona,
2467 549 2550 603 vel
2578 549 2716 603 mala
2739 549 2795 603 in
2822 549 2911 604 die
2935 550 3048 614 illa,
3080 550 3184 605 hoc
3216 561 3321 615 est,
3373 571 3485 623 quo

1919 649 2162 711 tempore
2213 639 2463 694 adveniet
2498 638 2835 703 Emmanuel,
2869 640 2998 696 hinc
3023 640 3136 710 jam
3170 644 3486 701 considere-
3572 676 3585 683 ι

1919 748 2042 788 mus
2076 750 2089 786 :
2128 750 2148 783 ‹
2191 729 2474 793 Sibilabit,
2532 730 2745 799 inquit,
2790 729 3051 788 Dominus
3088 736 3327 799 muscis,
3363 753 3485 807 quae

1919 825 2271 880 dominantur
2300 824 2355 877 in
2404 831 2559 893 parte
2589 821 2828 877 ﬂuminis
2878 820 3120 896 Egypti,
3151 833 3206 881 et
3242 829 3329 897 api
3366 844 3487 900 qua:

1918 923 2004 970 est
2028 915 2081 969 in
2110 921 2255 968 terra
2281 914 2653 985 Assyriorum,
2682 922 2736 968 et
2764 915 3002 978 venient,
3036 926 3090 971 et
3118 918 3402 988 quiescent
3430 921 3487 976 in

1920 1006 2261 1062 convallibus
2290 1006 2527 1076 regionis
2552 1048 2567 1070 ,
2596 1014 2651 1061 et
2688 1006 2742 1060 in
2769 1004 3131 1064 foraminibus
3172 1019 3447 1080 petrarum
3466 1051 3485 1078 ,

1919 1100 2047 1155 etin
2075 1099 2372 1169 speluncis,
2406 1106 2462 1152 et
2494 1098 2546 1152 in
2578 1098 2731 1152 omni
2757 1100 3024 1166 scissura,
3071 1109 3124 1155 et
3152 1103 3209 1157 in
3239 1104 3389 1158 omni
3422 1105 3489 1159 li-

1921 1207 2050 1263 gno.
2075 1190 2133 1245 In
2155 1191 2244 1246 die
2272 1191 2363 1244 illa
2398 1190 2551 1244 radet
2577 1188 2841 1245 Dominus
2879 1190 2934 1244 in
2972 1192 3234 1247 novacula
3268 1209 3488 1264 magna,

1920 1296 2043 1351 quae
2068 1280 2315 1336 mercede
2348 1279 2619 1334 conducta
2646 1286 2750 1342 est,
2776 1280 2917 1333 ultra
2946 1277 3171 1335 ﬂuvium
3206 1282 3350 1351 regis
3381 1281 3487 1337 As-

1923 1374 2217 1444 syriorum,
2244 1372 2402 1443 321
2446 1380 2609 1440 caput
2638 1380 2691 1426 et
2725 1371 2865 1440 pilos
2900 1371 3121 1441 pedum,
3171 1380 3225 1427 et
3266 1373 3491 1429 barbam

1923 1464 2153 1528 auferet,
2185 1472 2240 1520 et
2269 1467 2375 1520 erit
2421 1465 2476 1518 in
2509 1464 2597 1519 die
2628 1463 2740 1527 illa,
2776 1462 2981 1527 nutriet
3007 1461 3173 1517 homo
3197 1462 3491 1533 juvencam

1922 1558 2087 1612 boum
2116 1566 2171 1612 et
2196 1557 2336 1612 duas
2367 1571 2519 1619 oves,
2562 1563 2616 1611 et
2644 1555 2749 1611 erit
2784 1570 2850 1609 ex
2897 1569 2963 1609 eo
2991 1553 3137 1624 quod
3198 1555 3493 1624 plurimum

1925 1647 2087 1702 faciet
2134 1647 2240 1709 lac,
2272 1646 2521 1703 comedet
2549 1646 2832 1716 butyrum:
2864 1646 3121 1714 quoniam
3152 1645 3404 1717 butyrum
3440 1652 3499 1707 et

1923 1740 2027 1794 mel
2055 1738 2302 1793 comedet
2374 1737 2552 1792 omnis
2584 1736 2704 1806 'qui
2749 1735 2974 1790 relictus
3006 1733 3171 1790 fuerit
3217 1734 3273 1791 in
3325 1743 3492 1799 terra,

227 1840 498 1911 βούτυρον
533 1840 628 1891 καὶ
677 1839 799 1909 μέλι
842 1839 1075 1908 φάγεται
1108 1841 1218 1903 πᾶς
1246 1841 1274 1893 ὀ
1308 1839 1687 1909 καταλειφθεὶς
1724 1841 1816 1894 ἐπὶ

1931 1839 1970 1885 ιι
1998 1832 2104 1885 erit
2146 1831 2203 1884 in
2247 1830 2336 1884 die
2364 1830 2479 1895 illa,
2510 1829 2690 1883 omnis
2732 1828 2885 1883 locus
2942 1826 3252 1896 ubicunque
3292 1826 3498 1881 fuerim.

225 1934 329 2002 τῆς
353 1933 485 2001 γῆς.
528 1933 639 1986 Καὶ
673 1932 824 1986 ἔσται
856 1934 915 1987 ἐν
938 1935 1003 2003 τῇ
1033 1932 1217 2005 ἡμέρᾳ
1243 1933 1426 2006 ἐκείνῃ
1445 1973 1460 1997 ,
1488 1934 1594 1997 πᾶς
1619 1933 1782 1997 τόπος
1800 1974 1815 1998 ,

225 2017 291 2074 οὗ
316 2022 382 2076 ἂν
408 2018 519 2076 ὦσι
553 2022 720 2093 χίλιαι
747 2022 981 2093 ἄμπελοι
1010 2024 1197 2094 χιλίων
1240 2024 1438 2077 σίκλων
1456 2064 1472 2088 ,
1513 2026 1595 2089 είς
1626 2025 1819 2097 χέρσον

227 2115 449 2169 ἔσονται
474 2116 573 2169 καὶ
597 2117 677 2179 είς
698 2116 957 2177 ἄκανθαν,
989 2118 1124 2187 μετὰ
1154 2116 1340 2187 βέλους
1367 2117 1462 2170 καὶ
1489 2115 1820 2187 τοξεύματος

228 2205 633 2259 είσελεύσονται
658 2209 792 2267 ἐκεῖ,
809 2208 889 2260 ὅτι
915 2207 1108 2277 χέρσος
1127 2209 1221 2260 καὶ
1249 2207 1461 2261 ἄκανθα
1485 2207 1640 2262 ἐσται
1670 2211 1820 2263 πᾶσα

226 2295 373 2366 ἡ,χῆ
400 2336 415 2361 ,
462 2296 561 2348 καὶ
595 2298 706 2349 πᾶν
735 2296 861 2368 ὅρος
900 2296 1308 2369 ἀροτριώμενον
1336 2298 1815 2372 ἀροτριαθήσεται.

230 2390 308 2442 υύ
344 2389 422 2459 μὴ
451 2387 658 2460 ἐπέλθῃ
683 2391 801 2442 ἐκεῖ
829 2388 991 2457 φόὸος
1014 2404 1029 2420 ·
1062 2388 1214 2442 ἔσται
1239 2388 1346 2460 γὰρ
1370 2389 1477 2443 ἀπὸ
1494 2389 1594 2459 τῆς
1625 2389 1820 2460 χέρσου

233 2499 329 2535 σου
367 2482 467 2535 καὶ
497 2481 743 2553 ἀκάνθης
776 2484 856 2545 είς
900 2481 1153 2552 βόσκημα
1187 2481 1491 2552 προϐάτου,
1525 2482 1619 2536 καὶ
1651 2498 1822 2535 κατα-

192 2594 193 2597 ‘
234 2573 468 2645 πάτημα
510 2572 649 2643 βοός.
681 2593 699 2624 ι
731 2575 979 2628 Τοσαῦτα
1011 2573 1228 2627 ἔσεσθαι
1277 2575 1336 2627 ἐν
1370 2576 1437 2645 τῇ
1499 2574 1683 2646 ἡμέρᾳ
1724 2573 1821 2627 τοῦ

251 2665 606 2736 Ἐμμανουὴλ
634 2670 667 2737 ἡ
701 2666 951 2738 παροῦσα
999 2667 1304 2737 προφητεία
1352 2666 1631 2738 περιέχει*
1678 2665 1824 2737 ἅπερ

234 2759 431 2822 ὁποίας
460 2758 645 2830 ἔχεται
685 2758 925 2830 θεωρίας
968 2757 1086 2829 ὥρα
1134 2758 1392 2824 διελθεῖν,
1443 2759 1544 2830 τὴν
1587 2757 1825 2812 διάνοιαν

239 2849 724 2919 ἐπιτεμνομένους.
759 2869 776 2900 ι
805 2849 1007 2920 Συριεϊ,
1038 2866 1056 2899 ι
1083 2850 1245 2919 φησι,
1273 2867 1294 2900 r
1324 2846 1529 2920 Κύριος
1557 2849 1744 2919 μυίαις
1767 2850 1827 2900 ὲν

236 2942 305 3010 τῇ
338 2941 531 3012 ἡμέρᾳ
562 2940 766 3012 ἐκείνῃ,
795 2940 850 2994 αἶ
879 2938 1193 3012 κυριεύουσι
1222 2940 1421 3011 μέρους
1450 2938 1700 3010 ποταμοῦ
1730 2939 1827 2991 Αί-

241 3031 474 3100 γύπτου,
493 3032 589 3085 καὶ
608 3035 675 3103 τῇ
703 3031 1004 3102 μελίσσῃ,ἦ
1036 3032 1180 3084 ἐστιν
1202 3032 1260 3085 ἐν
1284 3030 1441 3102 χώρᾳ
1469 3029 1821 3102 Ἀσσυρίων»

1922 1923 2068 1977 mille
2092 1922 2231 1977 vites
2248 1936 2349 1992 pro
2369 1922 2515 1977 mille
2536 1922 2710 1984 siclis,
2730 1922 2787 1975 in
2816 1929 3019 1977 terram
3039 1922 3298 1976 incultam
3310 1930 3494 1983 erunt,
3560 1934 3572 1942 ·

1920 2023 1974 2069 ει
2007 2014 2063 2068 in
2095 2013 2328 2083 spinam,
2363 2027 2487 2067 cum
2505 2013 2699 2083 sagitta
2718 2022 2774 2069 et
2795 2028 2925 2069 arcu
2949 2012 3323 2084 ingredie'ntur
3341 2011 3499 2075 illuc,

1920 2107 2182 2177 quoniam
2220 2104 2584 2162 terraiuculta
2603 2113 2657 2161 et
2684 2105 2841 2176 spina
2889 2106 2995 2161 erit
3033 2105 3214 2160 omnis
3241 2111 3412 2171 terra,
3444 2109 3505 2158 et

1921 2199 2100 2253 omnis
2132 2212 2291 2253 mons
2317 2198 2412 2269 qui
2445 2206 2655 2261 aratur,
2691 2196 2956 2252 arabitur.
2986 2195 3106 2251 Non
3140 2194 3502 2250 accedetilluc

1921 2299 2121 2355 terror,
2152 2290 2257 2344 erit
2282 2289 2427 2343 enim
2461 2302 2492 2342 a
2518 2299 2667 2343 terra
2706 2288 2913 2342 inculta
2937 2295 2992 2342 et
3022 2286 3179 2356 spina
3209 2285 3263 2339 in
3298 2296 3504 2354 pascua

1922 2381 2062 2447 ovis,
2096 2390 2151 2436 et
2201 2381 2256 2435 in
2290 2379 2767 2434 conculcationem
2826 2379 2982 2435 bovis
3028 2378 3097 2434 "‘.
3141 2396 3159 2429 ι
3202 2374 3327 2432 Haec
3386 2383 3501 2431 tam

1921 2475 2095 2530 multa
2143 2472 2328 2527 futura
2360 2473 2415 2527 in
2449 2472 2538 2528 die
2572 2470 2915 2535 Emmanuel,
2951 2485 3191 2540 praesens
3218 2468 3503 2541 prophetia

1923 2563 2205 2634 complexa
2232 2569 2341 2625 est,
2371 2576 2492 2631 quae
2517 2559 2671 2632 quali
2700 2558 3163 2629 contemplatione
3203 2555 3503 2614 scrutanda

1925 2658 2058 2721 sint,
2090 2656 2203 2725 jam
2235 2653 2472 2724 experiri
2506 2660 2723 2722 tempus
2767 2660 2871 2713 est.
2906 2651 3079 2720 ipsam
3129 2649 3346 2704 interim
3375 2664 3505 2704 sen-

1927 2749 2150 2803 tentiam
2182 2745 2534 2801 dividentes:
2604 2763 2624 2797 ι
2664 2742 2937 2805 Sibilabit,
2990 2742 3188 2813 inquit,
3239 2740 3504 2795 Dominus

1925 2839 2131 2895 muscis
2156 2839 2210 2892 in
2246 2837 2336 2893 die
2363 2838 2487 2899 illa,
2528 2851 2651 2907 quae
2681 2834 3038 2890 dominantur
3066 2833 3121 2887 in
3150 2839 3304 2902 parte
3325 2831 3507 2887 ﬂumi-

1927 2934 2014 2988 nis
2045 2931 2288 3004 Egypti,
2324 2938 2377 2986 et
2412 2930 2500 3000 api
2524 2936 2752 2999 quaeest
2786 2928 2844 2982 in
2882 2933 3027 2982 terra
3060 2924 3433 2997 Assyriorum,
3479 2941 3500 2974 ι

1933 3024 2023 3079 ubi
2055 3025 2298 3079 virorum
2335 3023 2489 3093 prius
2523 3021 2818 3076 simulacra
2872 3018 3216 3074 adorantium
3268 3016 3503 3078 animas,

239 3126 363 3187 ταῖς
406 3124 509 3195 μὲν
555 3123 846 3195 προτέραις
876 3121 1275 3192 είδωλολατρῶν
1325 3121 1533 3193 ἀνδρῶν
1558 3122 1758 3192 ψυχαῖς
1789 3120 1822 3192 ἢ

1931 3122 2022 3169 aut
2043 3113 2206 3169 etiam
2235 3114 2500 3183 quasdam
2537 3121 2591 3165 et
2621 3108 2929 3164 immundas
2963 3115 3018 3163 et
3064 3106 3296 3162 infestas
3353 3113 3509 3175 pote-

244 3180 358 3268 καὶ-
388 3180 686 3284 δυνάμεσιν
709 3180 735 3277 ,⁸
883 3209 1074 3283 οἴμαι,
1124 3180 1452 3282 ἀκαθάρτοις
1498 3180 1591 3265 καί.
1638 3180 1827 3284 άηδέσί

1931 3215 2122 3272 states,
2150 3180 2370 3261 muscas
2395 3206 2633 3260 arbitror
2664 3200 2956 3265 nominari,
2989 3207 3043 3255 et
3073 3214 3293 3255 muscas
3338 3196 3511 3268 Egyo

249 3302 435 3374 μυίαις
458 3300 921 3372 ὀνομαζομέναις,
954 3300 1049 3354 καὶ
1080 3301 1262 3372 μυίαις
1285 3301 1702 3369 Αίγυπτιακαίς,
1737 3300 1831 3354 θυ-

248 3397 392 3457 σίαις
436 3394 533 3448 καί
575 3394 803 3464 αἴμασιν
856 3392 1088 3447 είδώλων
1134 3393 1455 3464 χαιρούσαις
1473 3411 1487 3423 ·
1522 3396 1588 3465 τῇ
1624 3395 1682 3448 δὲ
1735 3411 1831 3465 μεο

246 3487 405 3557 λίσσῃ
437 3485 564 3556 ζὼῳ
605 3485 827 3558 κέντρον
860 3485 1240 3557 ἐπιφερομένῳ
1261 3525 1273 3547 ,
1307 3484 1618 3555 βασιλεύειν
1644 3503 1703 3539 τε
1736 3488 1830 3539 καὶ

250 3577 670 3649 βασιλεύεσθαι,
717 3578 814 3631 καὶ
844 3576 1098 3648 πολεμεῖν
1131 3578 1500 3649 ἐπισταμένῳ,
1531 3577 1832 3648 ἀμύνεσθαί

248 3686 308 3721 τε
330 3670 427 3721 καὶ
454 3666 777 3739 τιτρώσκειν
808 3667 970 3720 είδότι
995 3667 1120 3731 τοὺς
1145 3666 1586 3737 ἀνθισταμένους.
1618 3667 1833 3730 Ταύτας

251 3755 343 3813 οὖν
367 3758 508 3830 ὁμοῦ
546 3758 901 3822 συνελθούσας
923 3798 937 3820 ,
966 3758 1066 3822 τὰς
1102 3760 1198 3828 μὲν
1232 3759 1297 3811 ἐκ
1350 3758 1450 3827 τῆς
1479 3759 1586 3811 τῶν
1617 3757 1832 3812 εἰδωλο-

255 3849 467 3922 λατρῶν
514 3848 726 3921 χώρας,
767 3850 866 3913 τὰς
912 3849 968 3903 δὲ
1003 3850 1111 3903 ἀπὸ
1137 3850 1236 3919 τῆς
1262 3848 1372 3902 τῶν
1400 3849 1834 3903 κατευθυνόντων

256 3941 358 4010 γῆς
400 3939 906 4010 (κατευθύνοντες
959 3939 1065 4011 γὰρ
1095 3941 1143 3993 οι
1180 3939 1455 4012 ’Δσσύριοι
1501 3940 1833 4011 ἑρμηνεύον-

256 4032 389 4102 ται),
444 4030 692 4084 κελεύσει
747 4030 936 4100 ὥσπερ
969 4031 1210 4102 σύρισμά
1256 4048 1309 4084 τι
1344 4031 1437 4085 τοῦ
1487 4032 1695 4103 Κυρίου
1744 4035 1837 4087 καὶ

257 4120 391 4175 Θεοῦ
429 4120 541 4175 τῶν
574 4120 712 4174 ὅλων
752 4121 850 4191 τῆς
898 4121 1159 4185 Ἰουδαίας
1190 4122 1411 4192 ἁπάσης
1449 4123 1837 4194 ἐπικρατήσειν

257 4210 345 4266 διὰ
385 4210 487 4282 τὴν
528 4212 610 4273 είς
641 4211 876 4281 Χριστὸν
924 4212 1182 4264 ἀπιστίαν
1215 4211 1394 4265 αὐτῶν
1418 4253 1432 4277 ,
1469 4214 1527 4265 ἐν
1556 4215 1622 4283 τῇ
1657 4211 1839 4283 ἡμέρᾳ

258 4302 351 4357 τοῦ
389 4302 760 4375 Ἐμμανουὴλ,
786 4304 938 4373 φησι.
978 4303 1240 4373 Σημαίνει
1267 4304 1324 4357 δὲ
1367 4303 1456 4357 διὰ
1482 4303 1685 4359 τούτων
1710 4304 1838 4376 ἐθνη

261 4394 532 4463 ἀλλόφυλα
558 4395 654 4448 καὶ
687 4394 1054 4464 στρατιωτικὰ
1078 4395 1321 4466 οἰκήσειν
1348 4395 1445 4466 τὴν
1480 4395 1837 4468 Ἰερουσαλὴμ

1931 3302 2163 3371 ptiaeas,
2195 3313 2318 3368 qua
2367 3297 2656 3355 sacriﬁciis
2719 3304 2777 3349 et
2831 3291 3122 3348 cruoribus
3176 3289 3505 3345 simulacro—

1932 3408 2053 3449 rum
2082 3390 2341 3464 gaudent.
2373 3390 2506 3458 Apis
2539 3403 2668 3442 vero
2723 3393 2807 3442 est
2837 3385 3038 3439 animal
3092 3384 3285 3437 aculeo
3322 3396 3507 3435 arma-

1933 3493 2069 3549 tum,
2104 3490 2160 3538 et
2195 3481 2340 3552 quod
2380 3479 2676 3550 regnandi,
2720 3492 2785 3531 ac
2818 3476 2923 3533 sub
2948 3491 3076 3545 rege
3107 3472 3361 3544 degendi,
3394 3471 3511 3527 bele

1933 3575 2189 3643 laudique
2235 3571 2519 3627 scientiam
2551 3569 2731 3635 habet,
2772 3576 2826 3624 et
2869 3566 3057 3622 ulcisci
3111 3581 3175 3618 ac
3221 3565 3513 3620 vulnerare

1933 3665 2287 3721 adversantes
2346 3663 2606 3719 idoneum
2666 3668 2773 3717 est.
2818 3657 2998 3713 Hasce
3045 3658 3212 3727 igitur
3240 3657 3294 3709 in
3329 3656 3508 3709 locum

1936 3773 2103 3811 unum
2149 3755 2575 3816 convenientes,
2610 3753 2748 3808 alias
2784 3751 3004 3823 quidem
3048 3750 3116 3806 de
3165 3749 3388 3818 regione
3417 3762 3514 3802 eo-

1936 3862 2056 3901 rum
2089 3847 2180 3916 qui
2208 3845 2502 3900 simulacra
2528 3842 2778 3907 adorant,
2822 3839 2959 3894 alias
2984 3852 3115 3893 vero
3148 3836 3215 3891 de
3237 3843 3382 3890 terra
3413 3848 3513 3903 gu-

1936 3938 2280 3995 beruantium
2307 3935 2542 4007 (Assyrii
2573 3934 2717 3989 enim
2754 3949 2823 3988 ex
2851 3929 3299 4000 interpretatione
3334 3926 3513 3981 norni-

1938 4031 2025 4085 nis
2060 4028 2406 4099 gubernantes
2436 4023 3030 4096 intelliguntur),jussu
3053 4030 3109 4076 et
3135 4020 3292 4091 quasi
3324 4018 3514 4074 sibila-

1940 4123 2088 4177 tione
2112 4121 2326 4175 Domini
2355 4128 2409 4175 et
2440 4118 2535 4173 Dei
2566 4134 2749 4173 rerum
2778 4117 3044 4182 omnium,
3077 4113 3277 4170 Judaeai
3301 4113 3515 4168 univerh

1940 4230 2015 4269 sa:
2039 4213 2426 4284 imperaturas,
2459 4217 2678 4281 propter
2706 4209 2881 4279 ipsius
2912 4208 2970 4263 in
2997 4208 3279 4261 Christum
3334 4207 3520 4259 incre-

1940 4305 2223 4361 dulitatem
2258 4304 2355 4367 ait,
2387 4303 2444 4357 in
2470 4301 2559 4357 die
2588 4300 2931 4355 Emmanuel.
2978 4298 3074 4353 His
3105 4306 3287 4353 autem
3331 4297 3517 4353 verbis

1942 4399 2211 4469 significat
2233 4403 2423 4467 gentes
2471 4403 2727 4450 externas
2754 4400 2808 4448 et
2853 4391 3142 4453 militares,
3172 4389 3518 4443 babitaturas

263 4470 355 4539 και
377 4484 479 4556 τὴν
515 4484 776 4538 Ἰουδαίαν
802 4485 905 4554 γῆν
929 4500 943 4514 ·
973 4484 1108 4556 ὅπερ
1133 4486 1226 4538 καὶ
1257 4485 1288 4536 6
1316 4484 1502 4556 Σωτὴρ
1533 4487 1564 4556 ἡ
1574 4484 1689 4556 μῶν
1720 4486 1828 4539 λευ-

1942 4490 2244 4547 Jerusalem
2294 4498 2349 4544 et
2371 4486 2613 4541 Iudaeam
2643 4493 2871 4539 terram.
2900 4481 3059 4548 Quod
3088 4479 3308 4551 quidem
3339 4479 3519 4548 ipsum

263 4579 506 4649 ποτέροις
542 4577 803 4647 ὀνόμασιν
836 4575 1154 4641 ἐθέσπιζεν,
1198 4576 1370 4629 εἰπὼν
1393 4617 1408 4642 ,
1444 4595 1463 4627 ι
1494 4578 1605 4631 Καὶ
1642 4576 1841 4649 Ἰερου-

267 4670 448 4740 σαλὴμ
482 4668 637 4721 ἔσται
676 4666 985 4738 πατουμένη
1023 4666 1126 4720 ὑπὸ
1163 4666 1363 4720 ἐθνῶν·
1400 4687 1420 4719 ι
1466 4667 1495 4720 ὃ
1533 4668 1629 4722 καὶ
1657 4668 1843 4733 τέλους

264 4762 418 4831 ἔτυχε
441 4800 456 4823 ,
484 4760 603 4830 μετ’
634 4759 695 4812 ού
731 4758 898 4811 πολὺν
933 4759 1122 4830 χρόνον
1150 4758 1261 4812 τῶν
1291 4758 1387 4813 τοῦ
1411 4760 1660 4831 Σωτῆρος
1687 4761 1843 4832 ήμῶν

264 4848 481 4919 φωνῶν,
520 4848 805 4919 Ῥωμαίων
835 4847 931 4921 τὴν
957 4848 1111 4901 πόλιν
1139 4847 1367 4902 ἐλόντων
1386 4890 1401 4915 ,
1424 4849 1753 4919 ἀλλοφύλους
1785 4868 1847 4904 τε

266 4942 466 5011 ἄνδρας
530 4939 711 4994 αὐτόθι
760 4941 1183 4994 κατοικισάντων
1232 4940 1326 4994 καὶ
1372 4941 1468 4993 ἐπὶ
1532 4940 1626 4994 τοῦ
1678 4943 1845 4995 τόπου

270 5034 740 5106 καταστησάντων.
759 5032 928 5086 Πάλιν
952 5031 1009 5085 δὲ
1029 5035 1058 5086 6
1079 5032 1238 5096 αὐτὸς
1260 5031 1462 5103 Κύριος
1481 5031 1737 5104 ξυρήσειν
1764 5033 1850 5086 λέ-

268 5144 421 5195 γεται
455 5128 514 5180 ὲν
546 5124 625 5196 τῷ
655 5123 749 5178 τοῦ
786 5124 1050 5195 βασιλέως
1084 5124 1382 5193 Ἀσσυρίων
1416 5123 1597 5196 ξυρῷ,
1628 5124 1746 5196 ἦτοι
1778 5128 1843 5196 τῇ

272 5218 558 5287 κολαστικῇ
583 5216 809 5286 δυνάμει
839 5212 933 5268 τοῦ
967 5213 1221 5284 ἄρχοντος
1257 5212 1351 5265 τοῦ
1397 5213 1592 5277 αίῶνος
1622 5213 1810 5268 τούτου
1829 5254 1845 5277 ,

270 5310 362 5381 τὴν
387 5309 632 5380 κεφαλὴν
652 5347 666 5370 ,
693 5307 787 5361 καὶ
816 5308 944 5369 τοὺς
968 5305 1133 5368 πόδας
1159 5345 1174 5369 ,
1207 5306 1300 5359 καὶ
1328 5305 1420 5358 τὸν
1448 5305 1686 5374 πώγωνα
1705 5347 1721 5372 ,
1747 5308 1848 5360 οὑκ

268 5402 425 5457 ἄλλου
463 5404 609 5466 τινὸς
634 5403 669 5474 ἦ
701 5398 856 5466 αὖθις
882 5401 977 5454 τοῦ
1015 5401 1280 5455 Ἰουδαίων
1311 5400 1528 5466 ἔθνους,
1554 5401 1701 5455 τοῦτ’
1728 5402 1845 5456 ἔστι

270 5494 357 5546 τὸν
399 5495 603 5566 κόσμον
648 5494 829 5547 αὐτῶν
861 5493 952 5547 καὶ
997 5492 1096 5564 τὴν
1124 5492 1283 5560 δόξαν
1324 5493 1590 5563 περιελεῖν
1625 5494 1713 5548 διὰ
1744 5495 1846 5564 τῆς

277 5585 374 5639 τῶν
404 5587 633 5641 καθόλου
663 5586 1102 5657 ἐπικρατούντων
1129 5587 1323 5658 ἀρχῆς.
1357 5587 1661 5658 Ῥωμαίους
1686 5588 1742 5640 δὲ
1770 5583 1848 5640 εἷ-

280 5694 359 5730 ναι
389 5678 606 5741 τούτους
634 5679 952 5735 αἰνίττεται.
991 5679 1085 5734 Διὰ
1118 5680 1226 5749 γὰρ
1274 5678 1368 5733 τοῦ
1402 5679 1507 5732 τῶν
1548 5679 1845 5750 Ἀσσυρίων

350 5835 392 5868 δ’
422 5834 527 5892 lsa.
562 5852 662 5905 vn,
700 5833 910 5890 18-25.

1942 4581 2373 4638 evidentioribus
2400 4579 2583 4634 verbis
2612 4575 2889 4630 Salvator
2933 4581 3121 4629 noster
3170 4570 3392 4633 cecinit,
3424 4570 3519 4624 ubi

1945 4674 2021 4727 ait
2049 4690 2065 4727 :
2100 4689 2119 4722 ι
2153 4668 2218 4724 Ει
2235 4668 2539 4724 Jerusalem
2561 4662 2974 4720 couculcabitur
2989 4675 3022 4714 a
3040 4659 3312 4730 gentibus,
3328 4675 3347 4709 ι
3368 4655 3515 4724 quod

1945 4761 2226 4819 oraculum
2268 4759 2414 4813 haud
2446 4757 2522 4811 ita
2565 4737 2753 4809 .multo
2781 4761 2905 4824 post
2930 4752 3053 4807 illas
3093 4747 3390 4804 Salvatoris
3419 4761 3520 4800 no-

1945 4855 2048 4909 etri
2072 4866 2235 4908 voces
2264 4850 2472 4906 exitum
2532 4847 2761 4909 invenit,
2791 4842 3054 4898 Romanis
3112 4842 3287 4910 ipsam
3326 4838 3521 4893 urbem

1947 4943 2412 5015 expugnantibus,
2453 4940 2674 5009 illicquc
2703 4935 2903 4991 diversi
2938 4933 3155 5006 generis
3177 4931 3326 4988 viros
3349 4929 3520 4983 collo-

1947 5036 2200 5090 cautibus
2240 5041 2293 5088 et
2325 5033 2381 5086 in
2411 5032 2529 5085 loco
2551 5029 2939 5085 statuentibus.
2975 5026 3188 5080 Rursus
3231 5020 3373 5076 idem
3412 5018 3519 5073 Do—

1948 5129 2132 5182 minus
2180 5126 2484 5182 abrasurus
2511 5122 2712 5178 dicitur
2760 5121 2816 5174 in
2858 5119 3003 5190 regis
3041 5116 3392 5187 Assyriorum
3422 5127 3522 5165 no-

1948 5221 2166 5283 vacula,
2186 5221 2289 5273 hoc
2316 5225 2422 5281 est,
2448 5214 2799 5285 castigatoria
2830 5213 2879 5266 vi
2910 5208 3174 5281 principis
3209 5205 3394 5261 saeculi
3419 5203 3522 5256 bu-

1944 5313 2059 5382 jus,
2083 5320 2250 5382 caput
2277 5318 2332 5366 et
2362 5297 2525 5379 pedes
2552 5316 2607 5362 et
2643 5306 2892 5369 barbam,
2924 5318 3034 5357 non
3084 5297 3312 5353 alterius
3335 5294 3524 5362 cujus-

1952 5406 2095 5475 piam
2123 5418 2287 5473 quam
2336 5415 2533 5456 rursus
2583 5397 2827 5453 Judaicae
2852 5393 3051 5465 gentis,
3082 5392 3186 5445 hoc
3221 5396 3328 5452 est,
3361 5384 3524 5456 322

1950 5502 2334 5551 ornamentum
2359 5501 2413 5549 et
2446 5492 2676 5564 gloriam
2708 5489 2994 5543 ablaturus
3044 5499 3139 5554 per
3187 5495 3401 5546 eorum,
3427 5476 3521 5548 qui

1955 5587 2215 5642 universo
2262 5587 2572 5655 imperant,
2608 5582 2995 5654 principatum.
3035 5577 3146 5631 Hos
3175 5583 3356 5629 autem
3409 5585 3522 5624 non

1912 5751 1918 5757 ~
1955 5681 2092 5734 alios
2126 5694 2289 5749 quam
2321 5677 2600 5734 Romanos
2626 5692 2749 5733 esse
2778 5674 2976 5731 innuit.
3006 5664 3393 5728 Nomiueenim
3418 5661 3519 5717 As.-
