3902 6264
482 242 501 270 θ

451 348 558 406 ειη

1117 338 1387 398 EUSEBll
1426 333 1911 396 CESARIENSIS
1946 332 2097 391 OPP.
2137 333 2318 388 PARS
2351 333 2416 388 ll.
2451 360 2521 374 -—-
2558 327 3051 389 APOLOGETICA.
3569 339 3663 400 me

446 469 750 540 syriorum,
784 466 1151 538 quodcunque
1181 478 1276 534 per
1321 461 1535 532 singula
1567 467 1814 529 tempora
1859 456 2014 528 genti

2127 454 2391 525 ὀνόματος
2432 451 2671 523 ἡγοῦμαι
2702 450 2800 522 τὴν
2830 448 2951 504 καθ’
2991 448 3217 503 ἕκαστον
3248 449 3429 519 χρόνον
3456 454 3654 528 ἐπικρα.

447 560 550 615 bus
597 558 921 629 impositum
972 565 1057 610 est
1106 568 1359 624 regnum,
1416 550 1715 621 signiﬁcari
1766 548 2023 611 arbitror,

447 658 743 720 praptcrea
773 648 1003 719 quodex
1034 644 1298 701 llebraica
1326 645 1510 713 lingua
1541 638 2027 711 interpretantibus

445 742 654 813 Assyrii
692 740 1041 812 gubernante:
1078 734 1619 808 signiﬁcantJtaqne
1646 749 1791 789 nunc
1830 733 2026 803 guber-

448 845 641 890 nantes
684 835 915 888 Romani
964 841 1112 889 sunt.
1166 830 1299 884 Nam
1341 844 1529 884 revera
1566 826 1710 882 lleus
1750 825 2021 888 universi,

445 925 818 982 Romanorum
865 926 1130 981 novacula
1163 963 1177 986 ,
1215 923 1320 977 hoc
1376 929 1460 977 est
1494 958 1510 983 ,
1546 920 1689 974 civili
1734 934 1799 972 ac
1832 917 2024 973 bellica

444 1018 492 1067 vi
533 1032 750 1073 omnem
793 1015 1033 1072 Iudaicae
1061 1018 1237 1085 gentis
1259 1014 1509 1084 gloriam,
1541 1011 1595 1064 in
1620 1026 1724 1078 qua
1755 1010 1907 1079 prius
1930 1025 2026 1064 su-

451 1107 755 1177 perbiebat,
808 1122 1136 1175 omnemque
1193 1106 1435 1174 ipsorum
1466 1102 1860 1165 fortitudinem,
1904 1116 2025 1171 qum

452 1216 548 1270 per
596 1200 821 1253 barbam
847 1208 899 1253 et
931 1198 1072 1267 pilos
1109 1198 1307 1268 pedum
1356 1196 1716 1267 signiﬁcatur,
1774 1195 2022 1249 abstulit.

448 1291 637 1361 Neque
671 1292 815 1345 enim
844 1291 951 1343 alio
999 1305 1236 1360 unquam
1261 1298 1505 1358 tempore
1528 1289 1678 1357 prius
1706 1302 1866 1356 quam
1902 1293 2023 1355 post

452 1383 753 1439 Salvatoris
795 1382 990 1444 nostri,
1026 1383 1132 1438 hoc
1175 1390 1280 1443 est,
1329 1388 1451 1452 post
1502 1380 1677 1451 ipsius
1705 1378 2024 1434 Emmanuel

450 1484 654 1534 ortum.
708 1488 868 1527 omne
908 1473 1016 1527 illis
1047 1480 1426 1526 ornamentum
1461 1470 1686 1525 abstulit
1734 1468 1878 1523 Deus
1927 1484 2024 1539 per

450 1570 815 1638 principatum
864 1566 1257 1621 Ruinanorum.
1294 1565 1401 1620 Sed
1434 1581 1532 1635 pro
1565 1583 1584 1617 ι
1612 1578 1737 1635 rege
1769 1563 2022 1634 Assyrio-

450 1675 572 1713 rum
612 1677 631 1711 ›
666 1657 860 1727 Aquila
899 1654 1158 1727 quidem,
1197 1673 1216 1705 ‹
1259 1655 1314 1708 in
1361 1669 1528 1724 regno
1570 1652 1946 1722 Assyriorum,
1995 1668 2016 1702 ι

449 1747 788 1804 Theodotion
812 1754 1018 1810 autem,
1056 1764 1075 1796 ι
1103 1745 1156 1798 in
1188 1759 1314 1815 rege
1350 1743 1702 1812 Assyriorum
1739 1766 1758 1795 ι
1792 1757 2020 1797 conver-

446 1840 533 1902 tit,
565 1837 801 1907 itemque
833 1837 1194 1911 Symmachus
1217 1853 1231 1903 ;
1254 1837 1345 1907 qui
1374 1835 1592 1907 quidem
1626 1835 1707 1889 sic
1725 1834 2018 1889 ostendunt

445 1930 591 2001 quod
621 1947 729 1986 non
753 1931 901 1999 regis
924 1931 1273 1992 Assyriorum
1305 1937 1470 1999 caput
1502 1927 1872 1983 abradendum
1894 1941 2018 1982 esse

446 2023 683 2077 minetur
703 2023 1008 2084 oraculum,
1028 2023 1122 2078 scd
1149 2021 1291 2092 regis
1319 2021 1439 2090 ejus
1470 2020 1754 2085 novacula,
1773 2029 1934 2088 atque
1960 2017 2016 2071 in

444 2126 512 2166 eo
538 2111 658 2180 ipso
683 2125 807 2181 rege
835 2109 1207 2182 Assyriorum,
1244 2111 1312 2166 iis
1335 2125 1457 2180 qua:
1488 2112 1543 2165 in
1582 2109 1685 2164 hac
1733 2108 2015 2179 prophetia

446 2202 1148 2263 Continenturalliciendam
1179 2219 1302 2259 esse
1329 2200 1612 2257 Iudaicam
1643 2199 2015 2272 gentemJlrec

445 2304 625 2350 autem
658 2296 820 2351 etiam
847 2296 967 2366 ipso
989 2305 1189 2360 eventu
1224 2295 1670 2365 comprobantur.
1704 2293 1810 2348 Per
1840 2295 2011 2348 otium

443 2402 576 2466 vero
624 2390 1002 2458 unusquisque
1045 2389 1149 2442 alia
1181 2390 1464 2459 complura
1488 2429 1502 2451 ,
1535 2388 1580 2444 si
1613 2387 2012 2452 observaverit,

444 2482 587 2552 apud
610 2482 905 2552 prophetas
933 2481 1191 2541 inveniet,
1214 2481 1370 2550 quasi
1396 2480 1463 2535 de
1490 2493 1723 2550 persona
1768 2479 2016 2550 Assyrio.

443 2588 562 2627 ruzn
617 2571 784 2635 dicta,
820 2587 940 2642 qua:
967 2572 1117 2627 nullo
1139 2572 1302 2627 modo
1336 2569 1742 2625 accommodari
1772 2569 2015 2640 Assyriis

441 2669 685 2732 possunt.
725 2661 820 2718 sed
850 2679 1016 2733 regno
1045 2663 1190 2733 quod
1240 2676 1334 2733 per
1377 2660 1589 2730 singula
1625 2667 1868 2729 tempora
1901 2660 2018 2714 uni-

441 2754 615 2810 versis
637 2755 889 2823 gentibus
935 2755 1265 2809 dominetur.
1298 2752 1512 2806 Etenim
1541 2751 1655 2821 jam
1687 2753 1852 2806 etiam
1885 2753 2016 2806 Per-

442 2856 533 2896 sas
568 2842 710 2911 apud
745 2841 998 2898 Hebraeos
1047 2843 1353 2897 invenimus
1404 2840 1658 2911 Assyrios
1724 2842 2011 2897 nominari.

442 2934 712 3000 Quocirca
738 2949 883 2989 nmic
915 2949 1132 3005 quoque
1164 2926 1475 3003 putavimus
1505 2933 1871 3004 principatum
1912 2934 2014 2990 Ro-

442 3040 727 3080 manoi'um
755 3025 860 3080 hoc
878 3027 1102 3081 oraculo
1153 3024 1472 3097 significari.
1513 3026 1833 3083 Guberuare
1866 3029 2012 3085 enim

440 3116 618 3185 ipsum
652 3117 821 3184 hmic,
850 3126 904 3172 et
928 3117 1176 3173 eumdem
1205 3118 1496 3189 gubernari
1521 3136 1549 3175 a
1572 3122 1699 3183 Deo,
1735 3128 1858 3191 post
1891 3120 2010 3175 Sal-
2032 3149 2088 3217 α

439 3209 646 3263 vatoris
700 3208 876 3263 nostri
931 3208 1224 3262 adventum
1267 3211 1564 3264 cernimus.
1609 3209 1780 3265 Nemo
1831 3219 2013 3265 tamen

440 3299 751 3369 suspicetur
778 3300 961 3354 omnia
994 3316 1097 3355 nos
1125 3300 1328 3365 dicere,
1356 3318 1694 3372 quaecunque
1727 3304 1783 3356 in
1811 3302 2013 3358 divinis

442 3390 599 3445 libris
630 3389 697 3444 de
728 3391 968 3462 Assyriis
1000 3392 1272 3460 leguntur,
1316 3391 1384 3446 ad
1416 3390 1693 3448 Romanos
1729 3409 1851 3450 esse
1881 3395 2014 3450 rele-

439 3483 606 3537 renda
632 3482 862 3554 (fatuum
890 3483 1035 3538 enim
1057 3484 1108 3538 id
1121 3493 1282 3554 atque
1303 3484 1652 3555 impudentia:
1669 3487 2010 3559 obnoxium),

439 3575 536 3630 sed
569 3577 837 3646 quasdam
884 3592 1006 3631 esse
1056 3578 1405 3647 propheticas
1449 3594 1628 3643 voces,
1661 3580 2009 3645 testimoniis,

440 3684 562 3736 quae
591 3668 658 3724 de
698 3669 916 3724 Christo
943 3668 1215 3735 feruntur,
1252 3671 1570 3741 implicitas,
1604 3688 1744 3743 quas
1775 3673 2010 3729 dicimus

439 3761 506 3817 de
541 3759 801 3817 Romanis
858 3777 953 3831 per
1003 3763 1348 3834 Assyriorum
1402 3766 1816 3834 appellationem
1865 3766 2011 3820 acci-

439 3857 666 3924 pienzlas
722 3871 788 3909 ex
851 3857 1089 3911 numinis
1149 3859 1618 3928 interpretatione,
1670 3859 1816 3930 quod
1859 3875 2007 3915 sem-

439 3960 536 4016 per
576 3961 800 4015 regnum
864 3945 1018 4007 illud,
1050 3946 1194 4015 quod
1227 3963 1322 4017 per
1349 3949 1561 4018 singula
1594 3957 1834 4018 tempora
1882 3964 2012 4018 gen-

442 4033 587 4088 tibus
643 4035 955 4104 impusitum
1008 4044 1125 4099 est,
1193 4045 1578 4106 repraesentat,
1659 4038 2010 4106 quemadmo-

439 4124 569 4178 dum
617 4140 719 4180 suo
786 4133 1031 4196 tempore
1089 4126 1608 4184 demonstrabimus.
1673 4130 1850 4198 Atque
1911 4144 2011 4199 ego

439 4213 657 4282 quidem
690 4253 708 4281 ,
763 4213 891 4270 dum
949 4217 1114 4285 hujus
1169 4217 1529 4282 expositionis
1583 4218 1848 4273 rationem
1896 4233 2011 4272 me-

439 4319 565 4358 cum
616 4304 853 4374 inquiro,
919 4307 1156 4363 arbitror
1208 4309 1279 4362 ob
1324 4309 1458 4363 nihil
1501 4306 1648 4361 aliud
1689 4307 1849 4378 323
1889 4323 2012 4362 ora-

438 4396 560 4449 cula
636 4396 952 4467 prophetica
1010 4413 1122 4454 non
1182 4414 1611 4455 commemorare
1687 4400 2010 4455 nominatim

2126 547 2324 602 τοῦσαν
2368 547 2478 601 τῶν
2528 544 2697 600 ἐθνῶν
2747 541 3020 613 βασιλείαν
3064 540 3455 612 σημαίνεσθαι,
3491 542 3568 599 διὰ
3604 549 3654 602 τὸ

2125 640 2601 702 κατευθύνοντας
2632 635 2739 690 ἀπὸ
2774 635 2873 705 τῆς
2917 633 3181 705 Ἑϐραίων
3213 634 3391 704 φωνῆς
3424 636 3656 709 ἑρμηνεύ.

2124 730 2279 783 εσθαι
2323 729 2449 792 τοὺς
2497 728 2835 799 Ἀσσυρίους·
2869 723 3009 778 ὥστε
3041 720 3179 784 εἶναι
3222 726 3511 795 Ῥωμαίους
3551 730 3654 793 τοὺς

2124 824 2220 879 νῦν
2249 822 2693 887 κατευθύνοντας.
2734 826 2885 878 Ἐπεὶ
2914 824 3009 878 καὶ
3050 821 3263 893 ἀληθῶς
3295 821 3372 892 τῷ
3406 823 3656 892 Ῥωμαίων

2126 916 2291 989 ξυρῷ,
2311 917 2429 987 ἤτοι
2458 920 2524 988 τῇ
2550 917 2794 987 πολιτικῇ
2828 917 2921 970 καὶ
2951 914 3214 986 πολεμικῇ
3239 913 3479 984 δυνάμει,
3502 917 3656 971 πᾶσαν
3686 990 3689 991 ν

2122 1010 2220 1079 τὴν
2248 1008 2405 1075 δόξαν
2429 1008 2524 1061 τοῦ
2563 1008 2826 1061 Ἰουδαίων
2856 1006 3041 1070 ἔθνους
3060 1046 3075 1069 ,
3107 1007 3164 1059 ἐν
3250 1005 3312 1059 τὸ
3340 1006 3463 1077 πρὶν
3486 1005 3656 1077 ἐκόμα,

2124 1100 2219 1153 καὶ
2246 1101 2426 1153 πᾶσαν
2459 1100 2638 1154 αὐτῶν
2662 1099 2759 1169 τὴν
2787 1099 3038 1171 ἀνδρείαν
3066 1099 3155 1154 διὰ
3179 1098 3272 1152 τοῦ
3307 1097 3551 1168 πώγωνος
3578 1101 3659 1155 καὶ

2122 1191 2230 1245 τῶν
2263 1190 2464 1262 τριχῶν
2498 1192 2591 1244 καὶ
2619 1191 2727 1244 τῶν
2762 1190 2937 1244 ποδῶν
2971 1191 3393 1263 σημαινομένην,
3423 1193 3658 1263 περιεῖλεν

2121 1284 2150 1336 ό
2177 1283 2283 1336 τῶν
2317 1284 2451 1336 ὅλων
2482 1282 2634 1345 Θεός.
2674 1283 2808 1336 Οὐδὲ
2841 1283 3027 1337 ἄλλοτε
3058 1284 3187 1353 γοῦν
3220 1301 3306 1337 πω
3344 1283 3588 1355 πρότερον
3607 1285 3658 1351 ἐξ

2121 1374 2316 1437 αἰῶνος
2340 1373 2374 1444 ῆ
2409 1372 2548 1443 μετὰ
2576 1373 2674 1444 τὴν
2702 1372 2797 1426 τοῦ
2828 1374 3078 1445 Σωτῆρος
3110 1372 3288 1444 ἡμῶν,
3309 1372 3469 1426 αὐτοῦ
3493 1373 3551 1443 δὴ
3577 1374 3657 1428 τοῦ

2133 1463 2482 1537 Ἐμμανουὴλ
2512 1464 2756 1533 γένεσιν,
2787 1465 3055 1536 περιεῖλεν
3098 1463 3274 1518 αὐτῶν
3300 1467 3329 1518 ὁ
3353 1463 3479 1526 Θεὸς
3510 1465 3658 1520 πάντα

2120 1556 2208 1609 τὸν
2236 1557 2459 1627 κόσμον,
2489 1557 2575 1611 διὰ
2607 1558 2707 1628 τῆς
2736 1556 2843 1609 τῶν
2883 1556 3166 1626 Ῥωμαίων
3195 1557 3388 1627 ἀρχῆς.
3430 1556 3562 1608 Ἀντί
3588 1555 3656 1619 δὲ,

2120 1648 2213 1702 τοῦ
2242 1649 2505 1719 βασιλέως
2548 1649 2865 1720 Ἀσσυρίων,
2900 1649 2928 1700 ὁ
2960 1648 3058 1718 μὲν
3097 1647 3324 1711 Ἀκύλας
3345 1686 3360 1710 ,
3397 1668 3416 1699 ι
3448 1651 3501 1701 ὲν
3528 1647 3660 1718 βασι-

2120 1740 2240 1814 λείᾳ
2282 1742 2609 1814 Ἀσσυρίων,
2643 1761 2662 1792 ι
2711 1743 2739 1794 ό
2772 1740 2830 1794 δέ
2875 1739 3198 1803 Θεοδοτίων,
3235 1758 3253 1790 ι
3284 1743 3342 1793 ἐν
3370 1737 3445 1809 τῷ
3482 1738 3661 1808 βασιλεῖ

2121 1832 2227 1885 τῶν
2267 1833 2586 1904 Ἀσσυρίων,
2623 1852 2641 1883 ι
2677 1831 2970 1885 ἐκδέδωκεν
2990 1847 3003 1861 ·
3037 1831 3235 1902 ὁμοίως
3265 1831 3321 1884 δὲ
3353 1833 3444 1885 καὶ
3466 1829 3661 1900 Σύμμα-

2121 1940 2211 1995 χος
2235 1940 2248 1954 ’
2279 1924 2448 1992 σαφὲς
2477 1923 2753 1987 ποιοῦντες
2773 1962 2787 1987 ,
2827 1924 2909 1977 ὅτι
2954 1923 3029 1994 μὴ
3063 1923 3158 1977 τοῦ
3197 1922 3461 1994 βασιλέως
3496 1924 3661 1977 ’Δσσυ-

2125 2015 2252 2087 ρίων
2282 2015 2378 2085 τὴν
2407 2014 2648 2084 κεφαλὴν
2682 2013 2933 2087 ξυρήσειν
2964 2017 2993 2067 ὁ
3033 2014 3188 2082 λόγος
3213 2014 3457 2077 ἀπειλεῖ,
3484 2013 3581 2067 ἀλλ’
3610 2016 3658 2068 ἐν

2119 2103 2196 2175 τῷ
2229 2104 2390 2157 αὐτοῦ
2423 2103 2597 2175 ξυρῷ,
2627 2104 2721 2157 καὶ
2747 2106 2804 2156 ἐν
2834 2104 2981 2175 αὐτῷ
3003 2121 3062 2157 τε
3089 2103 3167 2174 τῷ
3196 2103 3408 2174 βασιλεῖ
3428 2102 3527 2156 τῶν
3559 2104 3663 2156 ’Δο-

2125 2194 2322 2267 συρίων
2367 2195 2435 2246 τὰ
2489 2196 2935 2268 προφητευόμενα
2979 2194 3255 2266 διαθήσειν
3310 2195 3375 2249 τὸ
3427 2194 3663 2250 Ἰουδαίων

2120 2289 2290 2354 ἔθνος.
2319 2289 2539 2354 Τούτοις
2570 2286 2663 2344 οὖν
2691 2292 2784 2344 καὶ
2831 2292 2864 2361 ἡ
2901 2289 3122 2353 ἔκϐασις
3169 2292 3533 2363 ἐπιμαρτυρεῖ
3569 2286 3660 2342 τῶν

2118 2382 2309 2451 λόγων.
2347 2382 2468 2436 Ἐπὶ
2501 2383 2693 2454 σχολῆς
2721 2383 2778 2437 δέ.
2804 2399 2887 2447 τις
2916 2384 3006 2436 καὶ
3027 2383 3254 2438 πλεῖστα
3284 2384 3467 2457 ἔτερα,
3499 2384 3664 2457 ὥσπερ

2119 2475 2198 2538 είς
2238 2475 2536 2546 Ἀσσυρίων
2567 2475 2856 2546 πρόσωπον
2890 2477 2946 2529 ἐν
2978 2477 3099 2538 ταῖς
3142 2475 3498 2546 προφητείαις
3536 2477 3671 2545 εἰρη-

2123 2566 2262 2636 μένα
2291 2565 2440 2638 εὖροι
2472 2565 2539 2619 ἂν
2573 2567 2930 2638 ἐπιτηρήσας,
2953 2565 3203 2636 οὐδαμῶς
3230 2565 3329 2636 μὲν
3359 2568 3467 2628 τοῖς
3499 2566 3669 2618 Ἀσσυο

2123 2655 2255 2726 ρίοις
2282 2657 2587 2726 ἐφαρμόσαι
2613 2656 2905 2726 δυνάμενα,
2929 2658 2995 2726 τῇ
3025 2655 3083 2709 δὲ
3132 2655 3496 2729 ἐπικρατούσῃ
3527 2652 3662 2709 καθό-

2118 2747 2208 2800 λου
2240 2747 2348 2799 τῶν
2381 2748 2521 2800 κατὰ
2545 2748 2767 2820 χρόνους
2788 2747 2958 2800 ἐθνῶν
2991 2746 3253 2818 βασιλείᾳ.
3284 2747 3421 2818 Ἤδη
3448 2746 3567 2815 γοῦν
3585 2746 3671 2800 καὶ

2119 2839 2333 2913 Πέρσας
2385 2840 2615 2911 εὕρομεν
2665 2840 2815 2912 παρὰ
2870 2840 3141 2910 Ἑϐραίοις
3194 2840 3504 2912 Ἀσσυρίους
3551 2837 3665 2891 divo-

2120 2932 2448 3002 μασμένους.
2502 2933 2591 2985 Διὸ
2630 2933 2725 2986 καὶ
2774 2931 2869 2985 νῦν
2925 2932 3299 3002 ὑπειλήφαμεν
3358 2928 3663 2985 αἰνίττεσθαι

2116 3025 2208 3078 τὸν
2240 3025 2395 3093 λόγον
2421 3024 2518 3096 τὴν
2549 3025 2831 3095 Ῥωμαίων
2881 3026 3054 3097 ἀρχήν
3075 3042 3087 3054 ·
3124 3023 3547 3078 κατευθύνουσαν
3570 3021 3666 3093 γὰρ

2118 3116 2212 3169 καὶ
2238 3113 2709 3185 κατευθυνομένην
2740 3115 2847 3168 ὑπὸ
2874 3115 2966 3168 τοῦ
2988 3114 3123 3168 Θεοῦ
3161 3113 3297 3184 μετὰ
3314 3114 3421 3185 τὴν
3440 3113 3664 3184 Σωτῆρος

2114 3207 2271 3278 ἡμῶν
2314 3206 2612 3277 παρουσίαν
2663 3206 2896 3278 ὁρῶμεν.
2933 3207 3136 3276 Μηδεὶς
3166 3206 3222 3259 δὲ
3267 3204 3668 3274 ὑπολαμεανέτω

2114 3300 2293 3352 πάντα
2353 3299 2499 3369 ἡμᾶς
2544 3297 2722 3366 λέγειν
2766 3298 2834 3351 τὰ
2908 3299 3036 3369 περὶ
3085 3298 3386 3370 Ἀσσυρίων
3446 3300 3501 3350 ἐν
3563 3297 3665 3357 ταῖς

2113 3390 2284 3453 θείαις
2336 3390 2610 3462 φερόμενα
2638 3390 2879 3461 Γραφαῖς
2920 3391 3014 3443 ἐπὶ
3048 3389 3356 3460 Ῥωμαίους
3393 3385 3662 3455 ἀνάγεσθαι

2115 3482 2336 3552 (ἠλίθιον
2375 3482 2483 3555 γὰρ
2517 3483 2609 3536 καὶ
2649 3483 2859 3548 ἀναιδὲς
2903 3482 3134 3554 τοῦτο),
3176 3482 3311 3536 ἀλλά
3356 3498 3502 3545 τινας
3542 3474 3665 3532 εἶναι

2113 3575 2455 3645 προφητικὰς
2503 3573 2684 3645 φωνὰς
2722 3577 2840 3638 ταῖς
2893 3575 3022 3646 περὶ
3063 3573 3158 3627 τοῦ
3199 3573 3438 3645 Χριστοῦ
3485 3585 3665 3641 μαρτυ-

2113 3666 2257 3736 ρίαις
2327 3664 2976 3735 συμπεριπεπλεγμένας,
3028 3664 3093 3728 ἃς
3152 3680 3335 3734 φαμεν
3381 3663 3506 3734 περὶ
3552 3662 3669 3715 Ῥω-

2116 3757 2288 3829 μαίων
2326 3755 2653 3811 αίνίττεσθαι
2684 3756 2770 3810 διὰ
2801 3756 2905 3825 τῆς
2937 3755 3045 3809 τῶν
3076 3756 3381 3827 ’Δσσυρίων
3420 3767 3666 3826 προσηγο-

2117 3849 2235 3922 ρίας
2260 3889 2276 3914 ,
2312 3851 2377 3902 ἐκ
2408 3849 2506 3920 τῆς
2543 3848 2637 3901 τοῦ
2677 3848 2938 3918 ὀνόματος
2967 3848 3257 3919 ἑρμηνείας
3288 3847 3399 3900 αἰεὶ
3438 3859 3665 3899 συνιστα-

2115 3941 2283 4012 μένης
2326 3941 2425 4011 τῆς
2472 3940 2614 3995 κατὰ
2647 3940 2870 4011 χρόνους
2920 3937 3322 4012 ἐπικρατούσης
3368 3937 3475 3991 τῶν
3515 3931 3667 3989 ἐθνῶν

2113 4032 2407 4103 βασιλείας,
2437 4032 2513 4096 ὡς
2540 4032 2632 4085 ἐπὶ
2668 4030 2860 4103 καιροῦ
2891 4030 2986 4084 τοῦ
3014 4031 3383 4103 προσήκοντος
3413 4025 3668 4099 παραστήο

2113 4141 2295 4194 σομεν.
2317 4125 2426 4177 Καὶ
2459 4124 2633 4192 ἔγωγε
2661 4124 2752 4177 τὸν
2784 4123 3041 4194 λογισμὸν
3065 4123 3165 4192 τῆς
3193 4124 3367 4192 αὐτῆς
3385 4121 3666 4182 ἀποδόσεως

2113 4216 2251 4288 πρὸς
2280 4217 2513 4286 ἐμαυτὸν
2552 4214 2977 4288 διερευνώμενος
2996 4254 3012 4280 ,
3049 4212 3199 4285 οἶμαι
3231 4215 3296 4268 δι’
3329 4214 3480 4268 οὐδὲν
3504 4212 3668 4282 ἕτερον

2113 4307 2188 4379 μὴ
2212 4307 2471 4377 ὀνομαστὶ
2501 4308 2610 4361 τῶν
2649 4306 2929 4378 Ῥωμαίων
2965 4305 3333 4377 μνημονεῦσαι
3374 4306 3443 4360 τὰ
3478 4318 3667 4375 προφηι

2109 4396 2239 4450 τικὰ
2270 4396 2424 4466 λόγια
2454 4399 2486 4469 ἢ
2510 4396 2598 4450 διὰ
2628 4397 2687 4463 τὸ
2720 4396 2931 4468 μέλλειν
2961 4397 3052 4449 ἐπὶ
3078 4396 3177 4466 τῆς
3215 4395 3499 4465 Ῥωμαίων
3531 4393 3667 4464 βασι-

439 4484 737 4551 Romanos,
767 4504 931 4560 quam
965 4491 1108 4561 quod
1143 4490 1403 4546 Romanis
1448 4491 1823 4559 regnantibus,
1886 4488 2007 4545 Sal-

2118 4489 2256 4554 λείας
2293 4491 2390 4559 τὴν
2435 4488 2527 4541 τοῦ
2582 4487 2831 4558 Σωτῆρος
2875 4486 3030 4557 ήμῶν
3071 4486 3243 4557 Ἰησοῦ
3297 4486 3529 4559 Χριστοῦ
3569 4485 3667 4539 δια·

439 4580 646 4635 vatoris
704 4581 879 4636 nostri
942 4581 1190 4638 doctrina
1224 4583 1277 4637 in
1311 4598 1503 4638 omnes
1535 4583 1782 4638 homines
1847 4597 2008 4638 suum

438 4669 620 4725 lumen
674 4679 790 4726 erat
840 4674 1097 4737 missura,
1143 4682 1197 4729 et
1242 4672 1539 4749 Scriptum
1583 4674 1914 4744 prophetica:
1954 4674 2007 4727 in

439 4760 555 4832 ipsa
593 4760 960 4818 Romanorum
1001 4767 1134 4821 urbe
1154 4774 1209 4821 et
1247 4767 1299 4820 in
1340 4766 1595 4821 omnibus
1620 4766 1871 4831 gentibus
1895 4764 2008 4819 Ro-

440 4865 604 4906 mano
646 4854 874 4924 imperio
909 4855 1173 4924 subjectis
1214 4856 1572 4927 publicanda.
1610 4855 1688 4911 Ne
1736 4858 1903 4926 igitur
1941 4856 2010 4912 iis

439 4942 533 5011 qui
577 4943 865 5013 imperium
901 4944 1221 4998 obtinebant
1264 4945 1370 4998 ulla
1406 4944 1644 4997 oriretur
1675 4942 1924 5000 offensio.
1960 4943 2007 4997 si

439 5031 508 5087 de
529 5033 663 5104 ipsis
696 5035 1040 5104 apertissime
1071 5036 1334 5105 scriptum
1360 5045 1526 5098 esset,
1559 5036 1830 5090 sermonis
1857 5035 2010 5089 adhi.

440 5126 551 5180 bita
582 5135 665 5181 est
701 5130 754 5181 in
787 5128 1026 5182 oraculis
1050 5129 1377 5190 obscuritas,
1404 5144 1527 5182 cum
1558 5127 1775 5196 quidem
1802 5127 1855 5181 in
1886 5125 2011 5182 aliis

444 5220 709 5287 pluribus,
732 5228 843 5272 tum
875 5235 1003 5272 vero
1031 5220 1084 5272 in
1114 5217 1351 5274 Danielis
1383 5218 1684 5274 visionibus
1714 5216 2010 5287 :quemad-

443 5312 659 5362 modum
700 5313 751 5365 in
786 5312 887 5365 hac
923 5328 1160 5382 quoque,
1198 5326 1318 5381 qua:
1345 5328 1488 5366 nunc
1537 5302 1592 5365 in
1619 5311 1872 5365 manibus
1899 5317 2005 5370 est,

443 5401 744 5468 praplietia,
776 5419 896 5472 quae
922 5419 1047 5457 cum
1083 5404 1337 5473 Assyrios
1361 5404 1611 5473 appellet,
1644 5403 2009 5473 gubernantes

447 5492 716 5564 intel;igit.
741 5493 941 5549 Horum
971 5512 1102 5567 ergo
1123 5497 1407 5563 novacula,
1431 5497 1743 5551 universum
1772 5494 2011 5549 Iudaicae

446 5584 622 5650 gentis
653 5596 1051 5651 ornamentum,
1088 5599 1210 5657 post
1255 5589 1427 5658 ipsius
1461 5586 1777 5641 Emmanuel
1828 5596 2009 5641 ortum

445 5672 834 5736 abradcndum,
881 5675 983 5730 hoc
1026 5686 1107 5730 est
1138 5675 1483 5739 abolendum,
1534 5677 1698 5729 canit.
1747 5675 2010 5732 Praeterea

448 5763 503 5817 in
530 5777 589 5815 ea
615 5764 699 5817 die
730 5763 792 5817 de
819 5780 923 5834 qua
943 5766 1143 5820 dictum
1169 5776 1269 5831 est,
1296 5767 1487 5836 ipsius,
1529 5769 1769 5836 inquam,
1799 5767 2009 5823 Eauna-

2114 4581 2347 4652 λάμπειν
2379 4583 2459 4645 είς
2491 4579 2698 4643 πάντας
2723 4577 3041 4651 ἀνθρώπους
3072 4579 3441 4641 διδασκαλίαν,
3474 4574 3668 4638 καὶτὰς

2115 4671 2457 4745 προφητικὰς
2482 4669 2705 4743 Γραφὰς
2728 4672 2812 4722 ἐπ’
2841 4671 3011 4741 αὐτῆς
3045 4688 3104 4724 τε
3142 4670 3241 4741 τῆς
3279 4670 3560 4740 Ῥωμαίων
3587 4663 3669 4718 πό-

2114 4764 2269 4827 λεως,
2300 4763 2392 4816 καὶ
2434 4764 2490 4815 ἐν
2521 4763 2655 4815 πᾶσι
2685 4763 2796 4824 τοῖς
2840 4758 2946 4813 ὑπὸ
2975 4760 3277 4831 Ῥωμαίους
3309 4760 3483 4814 ἔθνεσι
3519 4758 3669 4829 δημο-

2117 4854 2408 4908 σιεύεσθαι.
2439 4855 2533 4907 "lv‘
2566 4849 2657 4908 οὖν
2685 4855 2797 4916 τοῖς
2833 4851 2934 4922 τῆς
2970 4853 3142 4924 ἀρχῆς
3170 4851 3434 4925 κρατοῦσι
3464 4845 3670 4918 δυσαρέ-

2118 4963 2304 5017 στησις
2351 4944 2586 5017 μηδεμία
2627 4943 2847 5015 γένηται
2883 4944 2950 4996 ἐκ
2980 4944 3079 5014 τῆς
3125 4942 3391 5014 προδήλου
3427 4938 3550 5012 περὶ
3582 4935 3667 4991 αὖ·

2115 5036 2222 5102 τῶν
2253 5036 2593 5107 ἀναγραφῆς,
2625 5035 2691 5088 δι’
2717 5034 3052 5106 αἰνιγμάτων
3076 5036 3106 5087 ό
3135 5033 3288 5103 λόγος
3322 5028 3665 5102 ἐπεκρύψατο.

2116 5127 2174 5179 ἐν
2207 5144 2263 5180 τε
2294 5126 2498 5197 ἑτέροις
2529 5124 2787 5191 πλείοσιν,
2820 5125 2880 5177 οὐ
2917 5122 3022 5195 μὴν
3055 5122 3189 5176 ἀλλὰ
3230 5123 3324 5176 καὶ
3352 5122 3411 5174 ὲν
3443 5121 3557 5181 ταῖς
3583 5110 3665 5168 τοῦ

2114 5218 2311 5289 Δανιὴλ
2348 5217 2620 5289 θεωρίαις,
2653 5215 2934 5287 ὡσπεροῦν
2978 5214 3072 5268 καὶ
3118 5215 3177 5267 ἐν
3212 5215 3277 5284 τῇ
3328 5211 3466 5283 μετὰ
3500 5209 3667 5280 χεῖρας

2117 5309 2452 5382 προφητείᾳ,
2513 5310 2570 5361 ἐν
2707 5306 3132 5368 κατευθύνοντας
3180 5304 3377 5368 αὐτοὺς
3435 5297 3666 5372 ὀνομάζει

2118 5398 2430 5473 προσειπὼν
2469 5398 2803 5469 Ἀσσυρίους.
2852 5396 2943 5468 Τῷ
2989 5395 3194 5450 τούτων
3225 5391 3508 5464 τοιγαροῦν
3538 5382 3668 5457 ξυρῷ

2117 5494 2206 5547 τὸν
2236 5492 2522 5563 σύμπαντα
2553 5491 2763 5561 κόσμον
2781 5488 2874 5541 τοῦ
2913 5487 3179 5541 Ἰουδαίων
3211 5487 3395 5547 ἔθνους
3426 5478 3557 5553 μετὰ
3583 5474 3670 5546 τὴν

2118 5585 2209 5639 τοῦ
2268 5583 2612 5655 Ἐμμανουὴλ
2658 5582 2868 5650 γένεσιν
2914 5575 3372 5649 ἀφανισθήσεσθαι
3425 5567 3666 5631 θεσπίζει.

2122 5678 2242 5730 Ἔτι
2268 5676 2347 5738 δι,
2382 5677 2438 5728 ἐν
2490 5676 2554 5745 τῇ
2594 5672 2893 5743 δηλουμένη
2933 5670 3135 5743 ἡμέρα,
3172 5668 3349 5739 (δῆλον
3397 5665 3454 5719 δὲ
3496 5663 3570 5718 ὅτι
3610 5656 3666 5724 τῇ

2120 5766 2212 5820 τοῦ
2254 5766 2616 5841 Ἐμμανουηλ,
2664 5765 2804 5818 τοῦτ’
2852 5764 2963 5818 ἔστι
3017 5762 3115 5832 τῆς
3161 5760 3253 5814 τοῦ
3303 5753 3533 5828 Χριστοῦ
3561 5750 3665 5800 ἑπι-
