3902 6264
352 352 452 416 suo
1214 354 1869 413 nsuousrmnoms
1899 349 2362 413 armat-suom
2401 355 2533 415 LIB.
2568 353 2681 411 vn.
2913 352 2922 365 '
3416 320 3422 333 ’
3505 359 3611 416 sio

350 471 619 544 τανείας,)
654 492 672 524 ι
724 470 946 544 Θρέψει,
977 488 994 522 ν
1047 470 1230 542 φησὶν,
1282 488 1300 521 ι
1352 469 1636 543 ἄνθρωπος
1692 470 1890 543 δάμαλι

2065 470 2172 537 uel,
2204 486 2324 542 qua
2341 479 2427 527 est
2450 471 2569 526 dies
2594 471 2862 526 adventus
2885 467 3114 535 Christi,
3143 486 3165 522 ι
3192 467 3429 535 Nutriet,
3467 489 3488 525 ι
3522 472 3605 524 ἰη-

349 565 507 638 βοιῖιν,
539 566 635 619 καὶ
664 562 757 617 δύο
780 562 1053 635 πρόϐατα·
1082 562 1175 615 καὶ
1207 561 1379 628 ἔσται,
1413 562 1521 615 ἀπὸ
1558 560 1652 615 τοῦ
1679 561 1890 616 πλεῖστο

2066 565 2166 630 uit,
2203 581 2222 616 ι
2252 564 2415 618 homo
2443 564 2733 632 juvencam
2761 563 2947 627 boum,
2980 572 3035 618 et
3072 562 3212 618 duas
3241 568 3455 629 oves,et
3476 561 3602 625 erit,

354 660 519 710 ποιεῖν
551 655 713 726 γάλα.
747 654 1001 726 βούτυρον
1030 654 1125 707 καὶ⁵
1160 653 1279 723 μέλι
1309 654 1542 722 φάγεται
1568 654 1674 717 πᾶς
1700 654 1728 706 6
1760 670 1895 706 κατα

2068 671 2090 710 ι
2132 671 2198 709 eo
2232 654 2379 725 quod
2424 655 2719 724 plurimum
2754 654 2917 709 faciet
2960 655 3062 719 lac,
3094 654 3353 726 butyrum
3399 664 3455 709 et
3505 654 3609 708 mel

337 744 582 813 λειφθεὶς
604 744 697 797 ἐπὶ
722 744 821 814 τῆς
842 743 965 815 γῆς.
1007 762 1025 793 ι
1056 744 1133 795 Δι’
1160 735 1235 795 ὧν
1258 743 1387 813 φαίη
1420 744 1483 797 άν
1513 760 1594 805 τις
1621 743 1738 813 ἦτοι
1769 742 1878 814 λιμὶ

2067 730 2292 812 omedet,
2342 749 2524 803 omnis
2572 749 2665 818 qui
2701 748 2925 802 relictus
2972 747 3138 801 fuerit
3180 747 3236 800 in
3289 756 3453 802 terra.
3487 765 3508 799 ι
3552 743 3608 798 in

344 836 697 899 αίνίττεσθαι,
746 836 841 888 καὶ
886 836 1159 905 πτωχείαν
1217 835 1659 908 ὑπερϐάλλουσαν
1718 834 1811 889 τοῦ
1862 836 1885 887 ἐ

2065 840 2223 895 uibus
2268 840 2451 894 verbis
2492 854 2624 895 sane
2673 839 2875 894 dixerit
2905 839 3124 910 aliquis,
3155 837 3369 894 Judaici
3414 838 3606 909 populi

348 927 647 999 περιτομῆς
675 926 825 991 λαοῦ,
860 927 934 999 μὴ
968 927 1324 998 εὐποροῦντος
1360 926 1457 997 μὲν
1491 926 1590 997 τῆς
1637 926 1744 979 ἀπὸ
1776 926 1889 979 σίτο

2064 946 2223 986 ιηιεπι
2298 939 2788 1003 paupertatemque
2857 932 3180 987 immensmn
3249 930 3552 1002 signiﬁcari
3588 968 3605 995 ,

343 1020 484 1075 κατὰ
534 1020 696 1089 φύσιν
741 1020 965 1092 τροςςῆς,
1000 1019 1133 1090 μηδέ
1171 1018 1276 1089 γῆν
1311 1018 1587 1086 ἀροῦντος,
1631 1018 1726 1071 καὶ
1767 1020 1884 1071 σπεί

2062 1021 2222 1091 uippe
2244 1021 2338 1091 qui
2366 1037 2539 1092 neque
2570 1022 2785 1076 triticeo
2809 1022 3153 1091 naturalique
3182 1023 3305 1076 cibo
3326 1021 3398 1076 sit
3418 1021 3596 1076 abun.

344 1128 570 1182 ροντος,
619 1113 713 1166 καὶ
757 1110 1089 1184 θερίζοντος,
1147 1112 1282 1183 μηδὲ
1335 1112 1567 1183 ποίμνας
1616 1112 1885 1184 προϐάτωι

2060 1119 2272 1174 aturus,
2303 1128 2369 1167 ex
2410 1128 2476 1167 eo
2519 1113 2664 1183 quod
2709 1128 2885 1182 neque
2932 1121 3132 1167 terram
3185 1114 3382 1177 arabit,
3419 1129 3597 1183 neque

343 1206 480 1279 μηδὲ
515 1206 653 1278 βοῶν
674 1204 871 1275 ἀγέλας
902 1204 1259 1275 κεκτημένου,
1291 1202 1549 1275 ἐχομένου
1575 1204 1633 1257 δὲ
1665 1203 1759 1257 δύο
1791 1220 1884 1274 πρε

2055 1203 2334 1267 eminahit,
2363 1219 2537 1274 neque
2560 1210 2747 1269 metet,
2769 1219 2943 1273 neque
2973 1218 3163 1275 greges
3187 1205 3391 1265 ovium,
3419 1219 3596 1275 neque

339 1300 523 1352 ϐάτων
558 1297 651 1351 καὶ
677 1296 959 1368 δαμάλεως
994 1297 1143 1367 μιᾶς,
1184 1295 1245 1349 τὺ
1286 1296 1489 1349 τούτων
1526 1295 1666 1365 γάλα
1701 1297 1880 1367 ποριζε

2053 1308 2184 1347 ιουηι
2235 1303 2480 1348 armenta
2535 1309 2915 1364 possessurus,
2971 1293 3067 1348 sed
3122 1294 3412 1349 habiturus
3453 1294 3594 1350 duas

339 1390 527 1461 μένου.
564 1391 634 1444 Ἦ
663 1389 832 1452 άλλως
857 1388 1218 1460 τροπολογών,
1248 1388 1340 1441 τὸν
1373 1390 1470 1459 μὲν
1495 1388 1880 1458 καταλειφθέντ

2052 1401 2151 1440 ηνειε
2181 1392 2235 1441 et
2258 1384 2550 1455 juvencam
2586 1402 2774 1451 unam,
2803 1386 3003 1456 quibus
3034 1386 3119 1440 lac
3153 1386 3365 1457 sibiipsi
3395 1402 3593 1457 suppe-

340 1481 430 1533 ἐπὶ
463 1480 568 1551 τῆς
598 1479 699 1549 γῆς
725 1478 1051 1533 αἰνίττεσθαι
1080 1480 1210 1549 φαίη
1248 1477 1313 1532 ἂν
1355 1479 1444 1532 τὸν
1468 1479 1577 1533 τῶν
1603 1481 1667 1533 ἐκ
1701 1495 1881 1551 περιτο

2056 1479 2153 1533 itet
2181 1494 2194 1529 :
2220 1486 2312 1533 aut
2344 1480 2519 1541 aliter,
2556 1479 2781 1549 figurate
2809 1481 3059 1550 loquens,
3086 1494 3211 1536 eum
3241 1480 3335 1552 qui
3369 1482 3423 1535 in
3446 1489 3592 1535 terra

335 1571 447 1642 μῆς
469 1573 552 1635 είς
575 1572 666 1625 τὸν
688 1572 916 1644 Σωτῆρα
941 1572 1034 1625 καὶ
1062 1573 1264 1645 Κύριον
1292 1574 1325 1644 ἡ
1335 1572 1450 1643 μῶν
1481 1572 1876 1625 πεπιστευκότα

2052 1572 2241 1627 elictus
2272 1572 2366 1637 sit,
2402 1572 2709 1641 signiﬁcare
2741 1571 2941 1627 dixerit
2964 1588 3030 1627 ex
3049 1571 3251 1627 Judaeis
3275 1573 3367 1642 qui
3392 1573 3446 1626 in
3478 1569 3593 1626 Sal-

329 1663 653 1717 επηστόλων
682 1679 743 1716 τε
790 1664 882 1717 καὶ
908 1662 1304 1732 εὐαγγελιστῶν
1335 1662 1521 1735 χορόν⁸
1549 1655 1626 1717 ὧν
1666 1662 1870 1718 ἕκαστοι

2048 1671 2257 1720 ‘atorem
2292 1679 2357 1719 ac
2392 1664 2677 1720 Dominum
2705 1673 2954 1719 nostrum
2983 1663 3332 1730 crediderint,
3366 1670 3589 1734 aposto-

328 1756 548 1829 λεῖμμα
577 1759 697 1810 κατ’
725 1756 953 1828 ἐκλογὴν
980 1756 1200 1828 χάριτος
1224 1752 1482 1825 γεγονὼς,
1517 1755 1612 1809 καὶ
1642 1753 1731 1807 διὰ
1759 1753 1869 1807 τοῦπ

2048 1772 2194 1812 orum
2258 1767 2423 1827 atque
2474 1759 2935 1829 evangelistarum
3003 1759 3264 1823 chorum,
3313 1772 3345 1813 e
3388 1759 3589 1829 quibus

326 1859 353 1908 ὁ
399 1816 788 1916 καταλειφθεὶς
1104 1816 1206 1918 γῆς
1235 1816 1647 1917 ώνομασμένος,
1694 1844 1860 1917 θρέψε

2045 1848 2417 1918 Inusquisque,
2443 1863 2566 1903 cum
2598 1847 2896 1903 secundum
2927 1847 3246 1903 electionem
3277 1847 3466 1918 gratiae
3498 1861 3586 1903 re.

328 1940 551 2010 ἓέγεται
596 1940 825 2010 δάμαλιν
870 1939 1026 2010 βοῶν,
1061 1941 1155 1995 καὶ
1195 1940 1288 1994 δύο
1322 1939 1588 2009 πρόὸατα,
1629 1939 1756 2011 τρία
1795 1957 1869 1993 κα

2048 1938 2180 1992 ictus
2206 1939 2298 1997 sit.
2328 1945 2384 1993 et
2414 1938 2486 1993 ob
2518 1937 2594 2000 id,
2632 1937 2855 1993 relictus
2882 1937 2937 1990 in
2966 1947 3109 1990 terra
3135 1936 3469 2002 nominatus,
3497 1935 3589 2005 ju-

328 2035 574 2104 ἑκάστην
588 2032 912 2104 Ὶέκκλησίαν
941 2033 1216 2103 τάγματα,
1248 2032 1306 2085 ἒν
1340 2032 1440 2103 μὲν
1463 2032 1525 2085 τὸ
1549 2030 1656 2085 τῶν
1678 2034 1869 2102 ἡγουμε

2050 2041 2238 2082 encam
2266 2028 2429 2081 boum
2463 2037 2518 2082 et
2543 2025 2682 2080 duas
2719 2041 2849 2081 oves
2879 2024 3081 2079 dicitur
3112 2024 3442 2088 nutriturus,
3478 2032 3590 2079 ter-

327 2146 456 2190 νων,
480 2127 577 2180 δύο
606 2126 663 2180 δὲ
693 2125 761 2179 τά
799 2126 907 2179 τῶν
952 2125 1386 2195 ὑποϐεϐηκότων,
1422 2124 1515 2177 τοῦ
1540 2125 1641 2194 τῆς
1679 2123 1868 2179 Ἐκκλτ

2046 2133 2114 2171 οε
2137 2118 2387 2173 videlicet
2414 2134 2508 2189 per
2537 2117 2780 2185 singulas
2823 2115 3097 2170 Ecclesias
3142 2114 3386 2176 ordines.
3418 2129 3587 2170 unum

331 2218 451 2281 σίας
480 2219 579 2272 τοῦ
609 2214 844 2289 Χριστοῦ
879 2214 1007 2269 λαοῦ
1043 2216 1120 2280 εἰς
1154 2214 1247 2268 δύο
1279 2215 1533 2284 τάγματα
1561 2214 1872 2286 διῃρημένοι

2054 2208 2229 2263 uidem
2255 2224 2444 2263 eorum
2471 2209 2562 2278 qui
2600 2208 2845 2277 praesint,
2881 2206 3021 2260 duos
3056 2212 3236 2258 autem
3270 2219 3460 2259 eorum
3492 2204 3586 2274 qui

327 2310 406 2374 τίς
437 2328 501 2363 τε
527 2310 592 2363 τὸ
616 2309 721 2363 τῶν
750 2307 974 2366 πιστῶν.
1006 2307 1100 2360 καὶ
1129 2306 1236 2359 τῶν
1294 2305 1516 2377 μηδέπω
1546 2306 1645 2376 τῆς
1673 2305 1762 2358 διὰ
1793 2305 1868 2358 λοι

2046 2297 2242 2367 uhjecli
2273 2299 2405 2364 sint,
2433 2314 2558 2352 cum
2588 2298 2843 2352 Ecclesia:
2861 2296 3063 2351 Christi
3096 2296 3330 2367 populus
3360 2296 3415 2350 in
3446 2296 3587 2350 duos

337 2400 457 2472 ιροῦ
488 2397 909 2469 παλιγγενεσίας
929 2396 1263 2469 ἠξιωμένων,
1288 2392 1368 2460 οἷς
1395 2396 1487 2450 καί
1520 2413 1682 2467 φησιν
1711 2397 1739 2449 6
1770 2394 1878 2449 θεῖο

2049 2391 2232 2444 rdincs
2253 2391 2322 2445 sit
2349 2390 2580 2455 divisus,
2618 2389 2672 2442 in
2695 2404 2883 2443 eorum
2915 2389 3009 2458 qui
3036 2388 3286 2449 credunt,
3314 2396 3368 2441 et
3394 2401 3585 2442 eorum

340 2489 692 2554 ’Λπόστολοςο
727 2491 900 2546 ιΓάλα
935 2490 1078 2560 ὑμᾶς
1104 2489 1349 2550 ἐπότισα,
1379 2487 1439 2540 ού
1472 2486 1685 2559 βρῶμα.
1720 2504 1740 2538 ι
1774 2487 1879 2540 Τοὺ

2049 2482 2102 2535 ui
2150 2482 2390 2536 umidum
2437 2481 2503 2536 ad
2549 2482 2751 2535 lavacri
2803 2480 3271 2551 regenerationem
3315 2475 3584 2548 assumth

327 2583 380 2637 δὲ
412 2587 471 2637 ἐν
496 2583 600 2655 ἤδη
634 2582 938 2655 τελειοτέρᾳ
972 2580 1318 2642 καθεστῶτας
1343 2576 1474 2643 ἕξει,
1515 2577 1744 2649 δάμαλιν
1774 2578 1868 2650 βοιῐ

2043 2575 2141 2639 ἰηι,
2179 2577 2246 2631 ad
2294 2592 2433 2647 quos
2478 2577 2644 2632 etiam
2674 2575 2894 2630 divinus
2940 2572 3234 2643 Apostolus
3267 2570 3342 2625 ait
3373 2589 3387 2625 :
3421 2587 3441 2620 ι
3475 2568 3584 2624 Lac

330 2676 553 2739 είκότως
620 2675 920 2733 ἀποκαλεῖ.
979 2677 1290 2744 γεννήματα
1353 2671 1703 2742 τελειοτέρων
1771 2669 1871 2740 βοῶ

2044 2665 2165 2721 obis
2190 2672 2377 2735 potum
2416 2666 2563 2730 dedi,
2596 2680 2703 2718 non
2734 2678 2918 2718 escam
2942 2662 3007 2716 “.
3028 2682 3046 2714 ι
3076 2661 3183 2717 Eos
3213 2677 3342 2715 vero
3358 2661 3449 2730 qui
3469 2660 3584 2729 jam

330 2769 715 2839 τυγχάνοντας,
744 2762 855 2830 οἷος
884 2765 1044 2829 αὐτὸς
1088 2760 1155 2836 ἦν
1185 2766 1214 2817 ὁ
1248 2761 1586 2826 Ἀπόστολος,
1610 2763 1750 2831 περὶ
1781 2763 1871 2816 έαυ

2043 2774 2121 2810 um
2164 2757 2220 2811 in
2262 2756 2450 2811 habitu
2501 2755 2825 2827 perfectiore
2866 2753 3246 2815 constiterint,
3288 2751 3584 2821 iuvencam

326 2861 416 2916 τοῦ
446 2863 543 2915 καὶ
581 2860 689 2914 τῶν
732 2858 1125 2930 παραπλησίως
1170 2855 1320 2927 αύτῷ
1351 2855 1666 2925 καμνόντων
1699 2854 1867 2929 λέγων

2044 2865 2169 2904 oum
2187 2849 2381 2905 merito
2403 2850 2658 2920 appellat,
2681 2850 2882 2919 quippe
2905 2847 2998 2916 qui
3020 2844 3399 2915 perfectiorum
3422 2844 3585 2899 boum

332 2975 350 3006 ι
386 2954 478 3025 Μὴ
506 2953 614 3006 τῶν
641 2951 776 3022 βοῶν
810 2952 961 3022 μέλει
991 2950 1068 3021 τῷ
1089 2948 1245 3019 Θεῷ;
1279 2968 1297 2999 ι
1336 2948 1369 3021 ἢ
1405 2948 1472 3001 δι’
1510 2949 1657 3019 ἡμᾶς
1693 2947 1873 3002 πάντω

2044 2950 2148 2997 atus
2181 2942 2314 3006 sint,
2347 2941 2660 3011 cujusmodi
2707 2941 2824 3009 ipse
2877 2938 2979 2993 fuit
3024 2936 3338 3007 Apostolus,
3380 2935 3474 3006 qui
3515 2934 3585 2990 de

324 3048 499 3116 λέγεις
547 3047 648 3117 Εῖη
679 3044 735 3098 δὲ
778 3043 844 3099 ἂν
868 3043 962 3097 καὶ
992 3046 1099 3096 πᾶν
1125 3042 1186 3096 τὸ
1208 3041 1392 3112 τάγμα
1407 3040 1515 3094 τῶν
1544 3041 1643 3111 τῆς
1680 3039 1865 3093 Ἐκκλτ

2039 3032 2190 3103 eipso
2223 3041 2388 3103 atque
2437 3033 2505 3086 iis
2534 3031 2626 3100 qui
2672 3030 2836 3086 simili
2882 3028 3045 3083 modo
3071 3036 3132 3081 ut
3165 3028 3280 3098 ipse
3311 3027 3580 3088 laborant.

322 3113 443 3203 σίας
476 3113 853 3210 προεστώτων,
899 3134 1064 3207 ἀροῦν
1099 3152 1159 3188 τε
1207 3134 1301 3189 καὶ
1353 3136 1618 3207 γεωργεῖν
1657 3133 1759 3199 τάς
1795 3134 1863 3186 τιῐ

2043 3136 2083 3174 La
2118 3122 2237 3177 ait:
2284 3140 2302 3174 ι
2343 3120 2602 3191 Nunquid
2638 3120 2706 3174 de
2752 3119 2925 3174 bobus
2958 3133 3090 3172 cura
3118 3124 3201 3172 est
3247 3115 3388 3171 Deo?
3418 3113 3584 3188 32h

321 3231 624 3306 ἀνθρώπων
654 3229 828 3301 ψυχὰς
870 3226 1379 3300 ἐγκεχειρισμένων,
1413 3225 1644 3296 δάμαλις
1683 3226 1862 3297 ώνομα

2041 3231 2072 3267 n
2106 3220 2325 3285 propter
2356 3229 2456 3269 nos
2480 3213 2706 3268 omnino
2734 3211 2870 3266 dicit
2892 3210 2974 3264 ‘7?
3008 3230 3025 3262 ι
3060 3211 3167 3265 erit
3192 3219 3371 3264 autem
3402 3210 3582 3265 omnis

322 3326 494 3395 σμένη
526 3322 684 3394 βοῶν,
709 3322 1020 3390 γεννήματα
1041 3318 1381 3388 τυγχάνουσα
1403 3316 1507 3369 τῶν
1532 3315 1863 3370 ἁποστολικῶ

2042 3304 2221 3372 uoque
2250 3306 2387 3361 ordo
2419 3320 2608 3359 eorum
2642 3304 2735 3374 qui
2767 3303 3028 3357 Ecclesia:
3056 3309 3319 3372 praesunt.
3353 3300 3580 3370 quibus-

318 3415 536 3485 τρόπων
556 3428 618 3464 τε
644 3411 738 3464 καὶ
764 3407 1118 3480 μαθημάτων,
1135 3408 1184 3460 οἳ
1210 3407 1301 3460 καὶ
1331 3407 1411 3472 είς
1436 3406 1683 3460 τοσοῦτον
1702 3407 1859 3477 ἁρετί

2042 3415 2108 3454 ue
2138 3398 2328 3452 arandi
2362 3406 2415 3452 et
2455 3397 2667 3452 colendi
2710 3397 2922 3449 animas
2955 3395 3236 3449 hominum
3264 3407 3394 3454 cura
3422 3405 3579 3444 man—

316 3505 604 3560 ἐπιδώσειν
621 3503 885 3572 λέγονται,
898 3501 972 3564 ὡς
987 3503 1050 3554 ἐκ
1068 3499 1384 3566 πολυγονίας
1402 3500 1651 3553 τοσοῦτον
1673 3498 1857 3569 προόάῖ

2040 3499 2124 3543 ala
2149 3487 2518 3556 est,juvenca:
2545 3488 2707 3541 boum
2742 3486 2959 3541 nomine
2988 3484 3349 3556 significatus,
3379 3484 3581 3559 quippe

314 3597 503 3652 λεσθαι
524 3598 745 3666 γόνιμον
770 3594 860 3648 καὶ
879 3593 1091 3662 λογικὸν
1110 3595 1230 3655 ταῖς
1252 3593 1637 3661 είσαγωγικαῖς
1654 3590 1855 3644 διδασκ;

2039 3580 2091 3632 ui
2135 3580 2562 3650 apostolicorum
2617 3580 2821 3633 rituum
2876 3593 2940 3631 ac
2998 3586 3393 3648 praeceptorum
3437 3574 3580 3631 fetus

315 3689 455 3754 λίαις
468 3689 631 3758 γάλα,
647 3687 721 3751 ὡς
738 3688 829 3740 καὶ
842 3686 1057 3757 ἐτέρους
1077 3682 1297 3755 μυρίους
1314 3682 1599 3755 τρέφεσθαι
1622 3680 1680 3747 ἐξ
1696 3682 1856 3735 αύτῶπ

2037 3672 2247 3737 xsistat,
2288 3671 2495 3740 quique
2520 3670 2684 3724 etiam
2717 3671 2770 3723 in
2800 3672 2998 3724 virtute
3026 3685 3198 3739 usque
3229 3668 3364 3722 adeo
3398 3666 3578 3721 incre-

313 3781 532 3836 Τούτων
554 3778 613 3833 δὲ
638 3779 765 3850 περὶ
796 3778 905 3830 τῶν
936 3774 1401 3850 καταλειφθέντων
1435 3775 1526 3827 ἐπὶ
1552 3773 1651 3844 τῆς
1677 3773 1780 3845 γῆς
1803 3791 1854 3843 γε

2038 3770 2239 3817 lentum
2281 3770 2615 3833 accepturus
2657 3762 2880 3824 dicitur,
2915 3769 2973 3813 ut
3002 3776 3067 3814 ex
3098 3760 3239 3815 fetus
3270 3757 3579 3828 multiplici-

311 3871 650 3944 νησομένων,
678 3842 861 3941 ἔτερόν
888 3886 937 3922 τι
964 3842 1338 3938 συμϐήσεσθαι
1368 3866 1425 3918 ἐν
1452 3867 1515 3936 τῇ
1546 3842 1845 3937 ἡμέρα-ἐκέ

2033 3860 2129 3916 ite,
2155 3862 2365 3907 tantum
2400 3853 2654 3923 genitalis
2691 3852 3086 3921 rationalisque
3138 3851 3295 3905 lactis
3327 3847 3574 3903 introdu-

311 3942 399 4036 νη,
436 3962 619 4033 (δῆλον
665 3961 723 4014 δὲ
750 3962 830 4014 ὅτι
879 3962 936 4012 ἐν
965 3957 1042 4029 τῷ
1073 3957 1249 4029 χρόνῳ
1285 3956 1384 4027 τῆς
1422 3955 1516 4009 τοῦ
1554 3954 1852 4027 Ἐμμανουὲ

2034 3944 2186 3999 toi-iis
2217 3946 2488 4000 doctrinis
2523 3947 2594 3999 sit
2641 3944 2994 4005 suilecturus,
3023 3952 3083 3997 ut
3127 3958 3192 3998 ex
3227 3958 3295 3997 eo
3324 3942 3575 3999 innumeo

312 4030 666 4125 παρουσίας)
689 4051 1088 4121 προαναφωνεῖ.
1110 4048 1174 4100 Τί
1198 4047 1255 4100 δὲ
1275 4046 1429 4099 τοῦτο
1451 4064 1465 4111 ;
1485 4067 1503 4098 ι
1527 4048 1642 4110 Πᾶς
1662 4047 1846 4111 τόπος,

2031 4033 2196 4088 abiles
2222 4033 2316 4087 alii
2347 4034 2623 4089 nutriendi
2655 4034 2783 4088 sint.
2813 4031 2985 4086 Porro
3014 4046 3139 4085 cum
3161 4030 3279 4085 haec
3309 4030 3377 4085 iis
3402 4031 3495 4100 qui
3517 4032 3572 4086 in

310 4124 467 4213 φηάι,
503 4160 523 4193 ι
560 4139 656 4195 τοῦ
703 4144 767 4194 ἐκ
816 4133 1119 4210 περιτομῆς
1162 4136 1420 4207 λαοῦ,ἐφ’
1445 4134 1505 4191 οὗ
1544 4133 1684 4210 ἦσαν
1728 4138 1851 4208 χίλιι

2033 4142 2141 4180 arra
2170 4128 2344 4182 reiicti
2371 4125 2596 4190 fuerint,
2634 4126 2817 4181 futura
2856 4137 2971 4180 tum
3001 4132 3208 4188 essent,
3239 4124 3385 4179 aliud
3416 4125 3574 4195 quid-

311 4234 550 4306 ἄμπελοι
599 4232 784 4304 χιλίων
831 4230 1050 4295 σίκλων,
1079 4232 1156 4294 είς
1209 4230 1398 4302 χέρσον
1432 4229 1643 4283 ἔσονται
1690 4231 1783 4283 καὶ
1812 4232 1852 4282 εἰ

2032 4234 2116 4272 am
2150 4218 2204 4272 in
2235 4218 2324 4274 die
2345 4219 2457 4284 illa,
2493 4225 2737 4287 tempore
2772 4216 3024 4271 videlicet
3056 4216 3324 4270 adventus
3355 4213 3573 4269 Einma-

310 4302 574 4381 ἄκανθαν.
601 4302 764 4378 Μετὰ
794 4322 902 4395 γὰρ
936 4322 1119 4393 βέλους
1167 4323 1259 4375 καὶ
1297 4321 1624 4392 τοξεύματος
1651 4320 1851 4374 είσελεύ

2035 4309 2141 4373 uel,
2165 4317 2485 4364 eventurum
2513 4309 2778 4379 praadicit.
2811 4306 2968 4373 Quod
3008 4315 3192 4361 autem
3226 4305 3364 4361 hoc?
3394 4324 3414 4356 ι
3444 4302 3575 4359 Om-

314 4435 497 4472 σονται
530 4418 647 4469 ἐκεῖ
671 4412 847 4485 (δῆλον
870 4416 913 4468 δ’
941 4416 1023 4468 ὃτι
1057 4414 1106 4466 οἱ
1131 4411 1417 4484 πολέμιοι),
1454 4412 1535 4466 ὅτι
1569 4412 1762 4484 χέρσος
1796 4429 1855 4465 κα

2031 4402 2097 4466 is,
2138 4420 2158 4453 ι
2193 4401 2391 4471 inquit,
2429 4417 2449 4450 ι
2488 4401 2641 4456 locus
2673 4396 2886 4454 Iudaici
2930 4398 3138 4467 populi,
3172 4397 3227 4450 in
3259 4411 3372 4466 quo
3409 4400 3572 4450 erant

313 4510 526 4565 ἄκανθα
571 4508 724 4562 ἔσται
774 4509 921 4561 πᾶσα
957 4508 992 4578 ἡ
1030 4505 1121 4576 γῆ.
1166 4523 1185 4557 ι
1221 4505 1332 4559 Καὶ
1376 4503 1473 4558 θέα
1516 4521 1579 4573 γε
1610 4505 1710 4559 ὅσα
1742 4507 1798 4557 ἐν
1822 4521 1853 4556 τ

2027 4494 2141 4548 mille
2165 4494 2306 4550 vites
2345 4509 2444 4564 pro
2474 4494 2623 4547 mille
2647 4492 2819 4554 siclis,
2848 4491 2900 4544 in
2935 4498 3136 4545 terrain
3161 4490 3420 4543 incultam
3442 4486 3568 4551 erit,

311 4603 501 4674 ἡμέρᾳ
522 4599 618 4655 τοῦ
653 4598 1016 4671 Ἐμμανουὴλ,
1068 4597 1212 4666 λέγω
1276 4596 1332 4650 δέ
1380 4597 1438 4649 ἐν
1489 4595 1568 4667 τῷ
1608 4597 1707 4666 τῆς
1743 4597 1852 4651 άναη

2029 4586 2125 4640 tin
2156 4586 2389 4657 spinam.
2423 4584 2558 4639 Nam
2581 4600 2703 4638 cum
2733 4582 2926 4654 sagitta
2960 4592 3012 4637 et
3043 4595 3173 4635 arcu
3199 4578 3570 4649 ingrediantur

310 4671 485 4763 τολης
504 4691 681 4763 καιρῷ
733 4689 949 4760 λογικοῦ
992 4689 1187 4758 φωτὸς,
1232 4686 1325 4741 τοῦ
1366 4686 1455 4740 διὰ
1498 4687 1593 4741 τοῦ
1641 4688 1851 4759 Σωτῆρι

2027 4679 2124 4733 lluc
2159 4680 2398 4749 (constat
2437 4693 2566 4734 vero
2597 4678 2698 4731 hoc
2726 4676 2832 4731 dici
2866 4674 2932 4729 de
2966 4672 3261 4743 hostibus),
3310 4671 3568 4744 quoniam

308 4784 469 4856 ἡμῶν
500 4787 580 4848 εἰς
610 4784 816 4846 πάντας
844 4780 1161 4854 ἀνθρώπους
1211 4777 1636 4850 ἐπιλάμψαντος,
1671 4780 1800 4851 περὶ
1831 4797 1849 4832 οι

2029 4787 2138 4827 πω
2193 4772 2396 4827 inculta
2443 4779 2498 4827 et
2528 4771 2682 4842 spina
2706 4770 2810 4825 crit
2839 4768 3019 4823 omnis
3061 4775 3231 4821 terra.
3268 4785 3286 4818 ι
3324 4764 3389 4820 Ει
3437 4779 3570 4821 sane

322 4876 590 4931 Ἰουδαίων
614 4875 764 4938 ἔθνος
792 4873 1008 4927 ἔσεσθαι
1050 4873 1078 4925 ὁ
1126 4871 1282 4940 λόγος
1325 4870 1590 4936 θεσπίζει,
1635 4872 1859 4943 δυνάμει

2026 4871 2177 4934 pecta
2207 4878 2370 4935 quam
2414 4863 2584 4917 multa
2614 4863 2670 4916 in
2714 4861 2805 4917 die
2846 4860 3187 4925 Emmanuel,
3230 4857 3356 4913 dico
3386 4865 3567 4911 autem

307 4985 369 5023 τε
411 4968 778 5040 ἀκαθάρτους,
829 4969 922 5021 καὶ
968 4965 1267 5035 πολεμικάς
1313 4964 1412 5028 τὰς
1460 4964 1627 5018 πάλαι
1677 4964 1735 5016 ἐν
1779 4966 1848 5016 τοὶ

2029 4972 2099 5010 uo
2137 4964 2380 5027 tempore
2424 4955 2691 5011 rationale
2740 4953 2923 5008 lumen
2969 4961 3055 5007 est
3100 4953 3392 5010 oriturum,
3421 4946 3567 5020 quod

310 5062 518 5116 ἔθνεσιν
552 5039 879 5134 ἐνεργούσας
911 5059 966 5112 έν
1000 5074 1059 5110 τε
1092 5056 1349 5128 Αἰγύπτῳ
1380 5057 1476 5110 καὶ
1502 5059 1569 5127 τῇ
1599 5054 1751 5128 χώρᾳ
1780 5055 1851 5109 τῶ

2028 5060 2088 5098 er
2121 5041 2458 5098 Salvatorem
2483 5053 2730 5098 nostrum
2763 5043 2817 5096 in
2854 5056 3044 5097 omnes
3089 5042 3337 5095 homines
3365 5039 3568 5094 emica-

324 5128 658 5227 ’Λσσυρίωνί
682 5128 749 5216 θις
774 5150 867 5204 τοῦ
912 5151 1118 5222 Κυρίου
1160 5150 1499 5221 συρίσαντος,
1531 5150 1625 5202 καὶ
1650 5147 1864 5219 ὠσπερε

2024 5136 2089 5201 it,
2134 5133 2377 5191 Iudaicae
2407 5135 2554 5207 genti
2596 5141 2858 5191 eventura
2905 5133 3189 5188 oraculum
3239 5138 3421 5186 canat.
3463 5128 3565 5184 lm-

311 5247 786 5319 παρορμήσαντος,
827 5245 919 5297 καὶ
957 5239 1504 5314 παρακελευσαμένου
1551 5240 1774 5305 αὐταῖς,
1820 5257 1852 5294 τ

2026 5228 2223 5281 iundas
2251 5227 2394 5281 enim
2430 5235 2592 5296 atque
2621 5227 2852 5280 hostiles
2892 5231 3214 5295 potestates,
3249 5237 3368 5292 qua:
3391 5235 3567 5291 quon-

311 5337 459 5410 χώρᾳ
498 5338 664 5408 φησὶν
717 5336 899 5388 αὐτῶν
946 5332 1351 5399 ἐπελεύσεσθαι,
1395 5331 1483 5386 διὰ
1524 5332 1587 5387 τὸ
1634 5333 1852 5387 τοιούτω

2029 5332 2113 5371 am
2141 5318 2286 5373 inter
2321 5325 2512 5389 gentes
2545 5317 2841 5372 eﬂicaciam
2877 5314 3390 5371 suam'exercebant
3421 5320 3475 5366 et
3509 5312 3564 5368 in

310 5403 461 5492 ἆξεώ
497 5403 815 5496 γεγονέναι·
862 5425 956 5478 καὶ
1010 5421 1419 5478 ἀναπαύσεσθαι
1456 5422 1555 5486 τὰς
1595 5423 1851 5495 εἰρημένα

2021 5410 2250 5482 Egypto,
2287 5419 2341 5466 et
2370 5411 2424 5464 in
2480 5413 2702 5481 regione
2744 5408 3122 5479 Assyriorum,
3166 5403 3397 5460 Domino
3426 5403 3562 5459 sibi-

310 5517 559 5590 δυνάμεις
580 5518 750 5589 φησιν
781 5518 839 5570 ἐν
864 5516 1122 5589 φάραγξι,
1153 5515 1249 5570 καὶ
1278 5517 1334 5568 ἐν
1356 5514 1623 5587 τρώγλαις
1650 5516 1851 5588 πετριῖ».

2017 5512 2135 5557 ante
2160 5510 2214 5559 et
2243 5503 2400 5573 quasi
2427 5504 2741 5575 impellente
2785 5510 2947 5572 atque
2977 5501 3303 5555 adhortante
3330 5512 3445 5561 eas,
3471 5511 3558 5551 re-

306 5613 381 5678 είς
408 5632 468 5668 τε
505 5614 579 5669 τά
617 5610 887 5682 σπήλαια,
945 5609 1038 5663 καὶ
1086 5611 1162 5673 είς
1211 5609 1393 5662 πᾶσαν
1427 5608 1634 5680 ραγάδα
1684 5608 1847 5665 αύτῶι

2018 5594 2202 5651 τίοηεηι
2234 5596 2480 5666 ipsorum
2517 5596 2807 5653 invasuras
2838 5598 2934 5660 ait,
2972 5602 3263 5664 propterea
3293 5589 3439 5663 quod
3474 5595 3559 5642 ta-

365 5795 409 5826 ⁵⁸
438 5793 460 5847 l
488 5795 623 5850 Cor.
667 5808 753 5856 tn,
781 5790 836 5844 Ξ.
923 5793 966 5822 ⁸⁷
1003 5790 1176 5845 lCor.
1215 5806 1288 5853 ix,
1331 5789 1381 5844 9.
