3902 6264
456 315 559 373 Bll

1133 308 1402 366 EUSEBII
1440 307 1923 367 (DESARIENSIS
1958 308 2113 365 OPP.
2155 308 2335 365 PARS
2369 307 2435 365 ll.
2471 339 2545 353 -ο
2580 306 3077 365 APOLOGETICA.
3587 312 3675 371 512

457 430 602 485 libus
636 427 801 498 digna
829 426 1086 488 evaserit,
1120 423 1451 495 easdemque
1484 433 1783 495 potestates
1809 425 2018 495 quietu‘

2136 424 2276 478 κατά
2328 424 2427 495 μὲν
2473 424 2744 488 διάνοιαν,
2780 423 2837 478 ἐν
2881 426 3001 487 ταῖς
3044 419 3244 492 ψυχαῖς
3290 420 3482 485 αὐτῶν,
3509 423 3591 478 καὶ
3626 428 3673 480 ἐν

457 535 547 577 ras
586 519 639 572 in
688 516 1026 572 convallibus
1062 520 1118 569 et
1159 512 1524 570 foraminibus
1555 524 1855 585 petrarum,
1885 522 1937 569 et
1977 515 2032 570 in

456 606 757 677 speluncis,
791 617 845 660 et
865 607 920 659 in
951 603 1100 659 omni
1130 605 1371 660 scissura
1398 606 1639 676 ipsorum
1671 625 1685 660 :
1719 606 1787 660 ad
1812 621 2029 662 sensum

454 701 674 770 quidem
702 699 758 755 in
787 696 985 752 animis
1017 696 1283 767 ipsorum,
1310 704 1364 752 et
1386 698 1440 753 in
1466 699 1599 768 ipsis
1625 698 1874 768 corporis
1904 716 2000 756 seu
2019 727 2033 740 -

453 794 630 856 sibus,
662 801 714 844 et
752 789 1197 860 cogitationibus,
1230 796 1285 845 et
1311 788 1561 847 discissis
1592 793 1833 861 ipsorum
1877 806 2031 845 men-

455 883 641 949 tibus;
674 882 741 934 ad
776 881 1001 937 verbum
1035 889 1216 935 autem
1253 880 1420 950 (quod
1446 880 1664 951 quidem
1689 881 1743 935 in
1774 889 2028 951 promptu

452 970 583 1039 est),
635 986 730 1041 per
777 977 946 1024 totam
992 972 1237 1039 ipsorum
1292 972 1592 1040 regionem.
1637 968 1793 1036 Quod
1849 969 2027 1039 ipsum

452 1076 587 1117 sane
615 1062 740 1131 quis
770 1077 879 1116 non
913 1061 1235 1127 admiretur,
1266 1077 1389 1115 cum
1422 1061 1598 1116 oculis
1632 1072 1821 1117 cernat
1845 1062 2028 1115 inimi-

451 1168 548 1210 cos
579 1153 822 1223 ipsorum
871 1168 1087 1208 omnem
1130 1151 1331 1208 Iudaea:
1382 1152 1559 1208 locum
1602 1167 1926 1224 occupasse,
1973 1160 2027 1208 et

450 1252 706 1300 externos
724 1244 1250 1314 simulacrorumque
1276 1244 1517 1300 cultores
1539 1243 1789 1298 homines
1817 1244 1872 1298 in
1897 1257 2027 1297 cun-

448 1338 557 1391 ctis
597 1337 844 1407 ipsorum
886 1337 1203 1392 civitatibus
1249 1344 1305 1391 et
1345 1336 1662 1407 regionibus
1708 1335 2024 1406 quievisse?

448 1424 571 1480 Non
605 1427 770 1496 igitur
799 1427 885 1482 his
923 1427 1057 1482 solis
1087 1442 1183 1481 eos
1211 1441 1335 1483 esse
1369 1425 1685 1482 alliciendos
1720 1426 1796 1479 ait
1828 1440 2024 1480 oracu-

450 1515 585 1579 lum,
642 1515 736 1570 sed
781 1516 945 1572 etiam
991 1516 1258 1572 novacula
1299 1515 1419 1585 ejus
1463 1517 1813 1587 Assyriorum
1857 1516 2020 1585 regis,

448 1623 609 1679 quem
638 1622 740 1663 nos
766 1607 1143 1678 intelligimus,
1164 1617 1217 1662 et
1243 1614 1405 1677 caput
1435 1622 1649 1672 eorum,
1678 1614 1733 1662 et
1761 1607 1900 1676 pilos
1930 1621 2022 1675 pe-

448 1701 599 1766 dum,
630 1708 686 1756 et
727 1700 980 1769 barbam,
1009 1718 1226 1757 omnem
1260 1701 1533 1766 videlicet,
1566 1717 1675 1772 quo
1716 1701 1818 1771 ipsi
1842 1716 2011 1771 quon-

2137 518 2256 580 ταῖς
2292 516 2387 569 τοῦ
2419 513 2668 585 σώματος
2698 514 3019 585 αἰσθήσεσι,
3064 515 3176 579 τοῖς
3210 529 3272 566 τε
3303 511 3563 582 λογισμοῖς
3597 518 3675 572 καὶ

2137 611 2257 671 ταῖς
2288 608 2667 681 διερῤωγυίαις
2695 609 2873 661 αὐτῶν
2895 606 3154 670 διανοίαις
3172 622 3186 635 ·
3215 604 3355 659 κατά
3378 604 3432 659 δέ
3457 606 3546 678 τὴν
3565 610 3675 681 πρό-

2136 719 2319 774 χειρον
2349 700 2514 765 λέξιν,
2551 700 2671 755 καθ’
2700 700 2828 771 ὅλης
2856 698 3033 752 αὐτῶν
3063 698 3161 769 τῆς
3187 695 3386 770 χώρας.
3413 698 3473 751 Ὃ
3496 697 3581 751 καὶ
3606 700 3674 765 τίς

2134 795 2233 848 οὐκ
2274 793 2339 847 ἂν
2370 792 2830 865 ἀποθαυμάσειεν,
2874 789 3166 862 ὀφθαλμοῖς
3196 789 3337 861 ὁρῶν
3385 788 3503 853 τοὺς
3539 791 3673 844 πολε-

2137 886 2292 956 μίους
2324 884 2501 940 αὐτῶν
2533 886 2711 939 πάντα
2743 885 2904 938 τόπον
2950 883 3052 953 τῆς
3090 882 3347 945 Ἰουδαίας
3390 881 3674 953 κατειληφόο

2132 993 2250 1040 τας,
2289 977 2383 1030 καὶ
2415 975 2539 1041 τούς
2584 993 2648 1046 γε
2688 973 3014 1045 ἀλλοφύλους
3060 974 3153 1027 καὶ
3196 971 3570 1044 εἰδωλολάτρας
3597 975 3673 1026 ἀν⁴

2134 1067 2383 1140 θρώπους
2418 1070 2476 1122 ἐν
2505 1069 2704 1132 πάσαις
2728 1068 2903 1121 αὐτῶν
2925 1067 3111 1121 πόλεσί
3141 1084 3200 1118 τε
3229 1066 3321 1119 καὶ
3348 1063 3540 1136 χώραις
3566 1065 3675 1118 ἀνα-

2133 1158 2547 1231 πεπαυμένους;
2580 1160 2654 1213 Ού
2675 1160 2847 1214 ταῦτα
2866 1158 2923 1213 δὲ
2946 1159 3052 1230 ἄρα
3077 1158 3212 1229 μόνα
3243 1155 3507 1228 διαθήσειν
3536 1157 3673 1227 φησίν

2131 1247 2326 1311 αὐτοὺς
2345 1249 2374 1300 ό
2402 1247 2578 1316 λόγος,
2605 1247 2738 1302 ἀλλά
2768 1248 2915 1319 ξυρῷ
2936 1252 3029 1305 τοῦ
3053 1246 3371 1318 νενοημένον
3401 1249 3521 1318 ἡμῖν
3548 1248 3674 1319 βασι-

2129 1336 2264 1401 λέως
2297 1336 2592 1410 ’Δσσυρίων
2626 1335 2724 1408 τὴν
2758 1335 2996 1407 κεφαλὴν
3029 1335 3225 1396 αὐτῶν,
3260 1335 3354 1388 καὶ
3384 1333 3476 1399 τὰς
3510 1335 3673 1407 τρίχας

2127 1427 2240 1483 τῶν
2275 1426 2473 1492 ποδῶν,
2506 1427 2597 1481 καὶ
2626 1427 2715 1480 τὸν
2750 1426 3004 1495 πώγωνα,
3046 1427 3222 1481 πάντα
3246 1425 3444 1498 δηλαδὴ
3477 1426 3558 1479 τὸν
3588 1428 3675 1480 τά·

2127 1517 2216 1571 λαι
2247 1518 2625 1589 περικείμενον
2672 1519 2852 1583 αὐτοῖς
2888 1517 3091 1589 κόσμον
3139 1516 3408 1590 ξυρήσειν.
3452 1518 3592 1571 Κατά
3627 1519 3673 1574 δέ

2124 1610 2222 1681 τὴν
2250 1609 2415 1680 αὐτὴν
2443 1610 2672 1681 ἡμέραν,
2703 1611 2797 1664 καὶ
2835 1610 2976 1665 κατά
3006 1611 3099 1664 τὸν
3137 1609 3297 1662 αὑτὸν
3328 1609 3513 1681 χρόνον
3542 1612 3675 1664 ἀπει-

2124 1698 2204 1752 λεῖ
2241 1702 2297 1753 ἐν
2339 1700 2543 1772 ἐσχάτῃ
2578 1699 2737 1772 πενία
2770 1700 2862 1753 τοῦ
2919 1699 3061 1754 κατά
3100 1699 3232 1753 Θεὸν
3275 1700 3501 1754 πλούτου
3540 1718 3680 1756 κατα-

447 1792 573 1847 dam
609 1790 784 1847 allecti
821 1800 1003 1859 erant,
1029 1801 1280 1848 ornatum
1312 1793 1704 1849 abradendum.
1730 1792 1842 1849 Sub
1870 1808 2018 1849 eam-

2126 1792 2419 1864 στήσεσθαι
2452 1794 2665 1857 αὐτοὺς,
2703 1793 2778 1857 ὡς
2827 1792 2903 1864 μὴ
2944 1794 3123 1865 ἄρτων
3169 1792 3402 1861 λογικῶν
3435 1794 3672 1865 εύπορεξν,

446 1886 568 1940 dem
606 1899 735 1939 vero
759 1884 903 1939 diem
935 1885 1075 1940 hanc
1103 1892 1157 1939 et
1190 1885 1294 1940 sub
1324 1883 1466 1941 idem
1507 1892 1722 1955 tempus
1748 1884 1813 1938 ad
1842 1892 2022 1939 extre-

446 1989 590 2028 mam
635 1975 787 2044 ipsos
815 1974 1132 2030 divitiarum
1161 1973 1254 2029 Dei
1302 1976 1585 2045 penuriam
1617 1976 1857 2029 minatur
1898 1990 2021 2031 esse

446 2066 796 2135 redigendos,
831 2081 1003 2135 usque
1028 2067 1163 2122 adeo
1204 2074 1263 2121 ut
1296 2075 1350 2123 et
1378 2083 1515 2138 pane
1544 2068 1822 2131 rationali,
1855 2066 2017 2140 325

445 2166 501 2213 et
529 2158 706 2213 solido
765 2157 1149 2227 spiritualique
1178 2160 1303 2214 cibo
1343 2159 1454 2216 sint
1485 2159 1736 2222 carituri,
1778 2160 2023 2231 satisque

444 2246 709 2309 habituri,
739 2246 787 2302 si
818 2247 977 2310 lacte,
1010 2247 1115 2302 hoc
1145 2254 1229 2302 est
1272 2247 1468 2318 puerili
1513 2247 2020 2318 introductorioque

444 2352 718 2403 sermone,
748 2337 1084 2393 nutriantur.
1114 2336 1196 2392 Ad
1231 2338 1366 2402 haec,
1388 2338 1528 2393 vites
1547 2339 1791 2409 ipsorum
1818 2337 1872 2391 in
1912 2346 2022 2392 ter-

444 2443 561 2483 ram
587 2430 845 2486 incultam
880 2431 1015 2488 fore.
1047 2451 1067 2483 ι
1091 2431 1387 2502 Postquam
1419 2431 1589 2496 enim,
1617 2451 1636 2483 ι
1673 2431 1859 2500 utipse
1891 2447 2019 2501 pro-

443 2521 605 2591 pheta
629 2522 725 2586 ait,
759 2542 779 2573 ι
801 2523 1040 2593 agricola
1064 2523 1208 2579 idem
1237 2530 1291 2578 et
1321 2537 1511 2578 eorum
1536 2519 1798 2577 Dominus
1825 2537 2021 2593 exspe-

442 2614 632 2677 ctavit,
663 2615 796 2668 dum
817 2616 975 2670 vinea
1002 2630 1163 2668 uvam
1195 2613 1381 2677 ferret,
1409 2633 1427 2666 ι
1451 2629 1625 2683 eaque
1652 2613 1879 2684 protulit
1908 2613 2022 2683 spi-

442 2719 565 2767 nas,
597 2713 651 2759 et
681 2706 1121 2761 vociferationem
1152 2705 1467 2776 quamdam,
1498 2719 1606 2760 non
1646 2713 1827 2760 autem
1856 2705 2024 2774 justi-

443 2795 577 2850 tiam
638 2796 919 2866 {quocirca
979 2800 1142 2852 etiam
1195 2811 1379 2866 sepem
1441 2794 1563 2865 ejus
1625 2794 1915 2859 auferens,
1966 2802 2022 2849 et

444 2886 706 2954 parietem
740 2895 1011 2953 evertens,
1042 2888 1109 2942 ad
1142 2895 1343 2942 terram
1375 2887 1635 2942 incultam
1686 2887 1901 2941 vineam
1932 2903 2020 2943 re-

443 2978 732 3032 dacturum
775 2993 834 3034 se
862 2978 1114 3041 allirmat,
1142 2986 1194 3033 et
1224 2994 1343 3034 eam
1378 2978 1618 3033 inimicis
1664 2977 2017 3043 traditurum,

2126 1886 2263 1956 μήτε
2306 1886 2531 1956 στερεᾶς
2575 1886 2669 1939 καὶ
2714 1885 3087 1957 πνευματικῆς
3126 1885 3355 1957 τροφῆς,
3386 1886 3589 1956 ἀγαπᾷν
3625 1885 3674 1939 δέ

2122 1977 2351 2044 γάλακτι
2400 1976 2716 2048 τρέφεσθαι,
2777 1975 2854 2047 τῷ
2906 1976 3165 2047 νηπιώδει
3220 1976 3316 2031 καί
3361 1976 3673 2047 εἰσαγωγικῷ

2120 2067 2281 2139 λόγῳ.
2318 2068 2439 2121 Ἔτι
2478 2068 2613 2139 πρὸς
2644 2067 2852 2132 τούτοις
2874 2069 2969 2123 καὶ
2996 2068 3094 2130 τὰς
3117 2068 3395 2139 ἀμπέλους
3416 2068 3580 2123 αὐτῶν
3608 2070 3673 2132 εἰς

2121 2158 2312 2229 χέρσον
2346 2157 2582 2213 ἔσεσθαι.
2613 2178 2631 2210 ι
2676 2158 2892 2228 Ἐπειδὴ
2920 2157 3047 2230 γάρ,
3092 2177 3110 2209 ι
3142 2158 3218 2222 ὡς
3248 2161 3276 2212 6
3304 2158 3462 2222 αὐτὸς
3493 2159 3674 2231 προφή-

2120 2265 2218 2319 της
2259 2249 2442 2320 φησίν,
2478 2268 2496 2300 ι
2537 2252 2750 2319 ἐμεινεν
2795 2250 2823 2302 ό
2869 2248 3111 2320 γεωργὸς
3148 2250 3261 2321 ἆμα
3306 2253 3399 2305 καὶ
3440 2252 3672 2322 δεσπότης

2120 2339 2307 2407 αὑτοῦ,
2331 2341 2424 2396 τοῦ
2454 2342 2677 2413 ποιῆσαι
2711 2341 2984 2413 σταφυλὴν
3025 2341 3115 2395 τὸν
3161 2343 3487 2414 ἀμπελῶνα⁸
3528 2362 3545 2395 ι
3577 2346 3602 2397 ό
3628 2343 3674 2397 δέ

2120 2434 2372 2505 ἐποίησεν
2392 2435 2655 2499 ἀκάνθας,
2674 2434 2768 2488 καὶ¹
2789 2435 2849 2488 ού
2877 2435 3247 2506 δικαιοσύνην,
3271 2436 3405 2492 ἀλλά
3432 2437 3669 2509 κραυγήν·

2122 2521 2220 2593 (διὸ
2251 2526 2345 2578 καὶ
2368 2523 2614 2596 ἀφαιρῶν
2642 2523 2733 2577 τὸν
2771 2523 3021 2595 φραγμὸν
3056 2523 3242 2587 αὑτοῦ,
3290 2524 3384 2577 καὶ
3427 2522 3672 2593 καθαιρῶν

2118 2619 2208 2672 τὸν
2243 2619 2417 2689 τοῖχον
2463 2618 2543 2679 είς
2598 2616 2813 2689 χέρσον,
2861 2617 3222 2687 καταστήσειν
3268 2615 3361 2668 τὸν
3407 2612 3672 2685 ἀμπελῶνα

2121 2711 2478 2783 μαρτύρεται,
2501 2709 2593 2762 καὶ
2628 2710 2741 2771 τοῖς
2778 2707 2989 2778 ἐχθροῖς
3015 2705 3364 2779 παραδώσειν
3398 2703 3569 2770 αὑτὸν,
3594 2703 3672 2767 οὓς

2122 2802 2259 2875 μετά
2311 2801 2498 2872 βέλους
2547 2801 2643 2854 καὶ
2692 2797 3022 2869 τοξεύματος
3072 2796 3473 2851 εἰσελεύσεσθαί
3530 2811 3673 2866 φησιν

2118 2896 2235 2950 ἐκεῖ
2259 2894 2382 2958 τοὺς
2414 2893 2512 2964 τὴν
2543 2890 2789 2957 ἐξουσίαν
2825 2891 3112 2962 εἰληφότας
3148 2890 3251 2943 ὑπὸ
3295 2890 3388 2943 τοῦ
3415 2888 3564 2951 Θεοῦ,
3592 2885 3670 2942 τοῦ

2120 2984 2450 3055 παραδόντος
2502 2984 2684 3047 αὐτοῖς
2729 2983 2829 3036 οὐκ
2876 2981 3133 3053 ἀκρίτως,
3187 2980 3302 3034 ἀλλ’
3352 2977 3407 3034 εὖ
3458 2980 3586 3051 μάλα
3624 2980 3671 3031 ἐν

443 3084 582 3138 quos
615 3085 738 3123 cum
771 3070 970 3140 sagitta
1001 3078 1058 3127 et
1096 3084 1226 3123 arcu
1256 3069 1385 3124 illuc
1421 3068 1497 3122 ait
1530 3070 1895 3140 ingressuros,
1927 3071 2018 3126 ubi

2121 3079 2262 3152 δίκῃ,
2293 3078 2374 3131 ὅτι
2405 3076 2469 3149 δὴ
2495 3076 2688 3148 χέρσος
2715 3076 2809 3129 καί
2830 3073 3039 3129 ἄκανθα
3060 3072 3236 3126 αὐτῶν
3263 3072 3451 3142 γέγονε
3487 3069 3669 3139 πᾶσαή

441 3176 474 3216 a
507 3160 637 3226 Deo,
678 3163 771 3232 qui
800 3178 895 3218 eos
939 3178 1047 3217 non
1082 3162 1302 3232 injuria,
1333 3161 1428 3217 sed
1452 3162 1575 3231 jure
1612 3163 1820 3233 optimo
1847 3162 2016 3216 tradi-

2121 3170 2242 3244 γῆ·)
2269 3170 2356 3224 διὰ
2392 3169 2551 3222 τοῦτο
2578 3166 2706 3236 γοῦν
2746 3166 2974 3237 ἐπείπερ
2998 3167 3078 3229 εἰς
3108 3164 3302 3236 χέρσον
3337 3165 3427 3217 καὶ
3457 3160 3677 3218 ἄκανθαν

441 3253 600 3314 derit.
632 3256 942 3325 acceperint
974 3264 1317 3325 potestatem,
1347 3271 1414 3311 eo
1444 3255 1587 3328 quod
1622 3263 1767 3311 terra
1803 3257 2008 3312 inculta

2121 3261 2265 3315 αὐτοὶ
2291 3259 2515 3321 ἑαυτοὺς
2546 3255 2903 3327 κατέστησαν,
2942 3272 2960 3306 ι
3000 3253 3430 3319 Εἰσελεύσονται,
3464 3270 3482 3304 ι
3510 3250 3672 3322 φησὶν,

440 3353 497 3401 et
518 3346 674 3416 spina
711 3347 889 3402 omnis
938 3348 1179 3417 ipsorum
1221 3353 1370 3402 terra
1409 3345 1554 3402 facta
1587 3347 1681 3412 sit,
1706 3354 2013 3417 pr0pterea,

2128 3373 2145 3406 ι
2189 3355 2303 3407 ἐκεῖ
2335 3349 2471 3422 μετά
2500 3349 2685 3422 βέλους
2719 3350 2813 3403 καί
2835 3348 3183 3421 τοξεύματος,
3213 3350 3263 3402 οἰ
3303 3350 3402 3420 τὴν
3443 3362 3540 3401 κατ
3562 3339 3672 3397 ἀὐο

440 3446 686 3510 inquam,
706 3440 853 3510 quod
870 3439 939 3494 ad
969 3449 1167 3496 terram
1186 3439 1446 3494 incultam
1463 3447 1518 3495 et
1540 3439 1752 3509 spinam
1780 3439 1883 3509 ipsi
1934 3456 2012 3495 sc-

2121 3444 2227 3498 τῶν
2257 3442 2501 3508 ἐξουσίαν
2534 3440 2832 3512 εἰληφότες.
2877 3461 2897 3493 ι

442 3528 591 3600 ipsos
614 3531 979 3601 redegerunt),
1003 3549 1021 3580 ι
1048 3529 1475 3600 ιιιετοάίοιιιυτρ
1497 3529 1723 3601 inquit,¢
1754 3530 1882 3586 illuc
1895 3545 2018 3585 cum
2043 3535 2238 3607 sagitta
2254 3540 2308 3590 ct
2321 3549 2473 3598 arcu,
2499 3532 2591 3603 qui
2603 3532 2960 3607 contraipsos
2984 3538 3308 3603 potestatem
3333 3530 3669 3602 acceperint.»

510 3622 780 3679 Caeterum
827 3624 961 3688 noli,
998 3637 1206 3692 quaeso,
1263 3622 1474 3686 mirari,
1529 3621 1577 3677 si
1628 3619 1744 3675 haec
1800 3635 2016 3691 quoque

2188 3625 2277 3695 Μὴ
2317 3622 2559 3694 θαύμαζε
2585 3621 2629 3675 δ’
2673 3623 2721 3675 εἰ
2763 3623 2856 3675 καὶ
2894 3621 3067 3676 ταῦτα
3103 3620 3569 3691 συνεσκιασμένως
3593 3614 3672 3672 καὶ

440 3714 763 3773 adumbrate
806 3723 861 3769 et
910 3731 1003 3785 per
1055 3714 1254 3785 ﬁguras
1311 3714 1732 3769 obscurissimas
1802 3711 2015 3766 reddita

2121 3716 2183 3770 δι’
2214 3714 2546 3784 αἰνιγμάτων
2574 3713 2904 3767 ἀποδέδοται.
2933 3713 3192 3767 Λέλεκται
3218 3712 3352 3781 γοῦν
3382 3712 3479 3785 ήδη
3501 3711 3672 3781 πρότε-

440 3816 588 3861 sunt.
644 3804 764 3859 Jam
818 3805 963 3860 enim
1014 3806 1167 3875 prius
1221 3803 1648 3874 dispensationis
1703 3800 2016 3871 hujusmodi

2121 3828 2212 3883 ρον
2244 3809 2277 3879 ἡ
2306 3807 2453 3862 αἰτία
2477 3808 2577 3878 τῆς
2606 3806 2859 3877 τοιαύτης
2890 3804 3199 3876 οἰκονομίας
3229 3805 3323 3858 τοῦ
3358 3804 3533 3872 λόγου,
3562 3800 3667 3872 βου-

438 3913 607 3954 causa
631 3899 778 3953 dicta
808 3906 914 3960 est,
940 3898 1087 3968 quod
1116 3897 1305 3968 utique
1340 3896 1622 3951 oraculum
1655 3896 1890 3953 voluerit
1919 3911 2008 3950 ex-

2121 3899 2373 3970 ληθέντος
2425 3895 2830 3970 ἐπικρύψασθαι
2875 3895 2968 3949 τὸν
3013 3894 3240 3966 ἔσχατον
3283 3895 3374 3948 τοῦ
3429 3893 3670 3947 Ἰουδαίων

438 3998 672 4043 tremum
698 3987 940 4042 Iudaica:
957 3988 1134 4058 gentis
1152 3990 1430 4044 occultare
1452 3989 1752 4053 interitum,
1785 3996 1844 4042 ut
1866 3986 2009 4058 apud

2121 3990 2301 4054 ἔθνους
2346 3990 2585 4061 ὄλεθρον,
2643 3988 2719 4052 ὡς
2769 3987 2835 4042 ἂν
2893 3986 3209 4057 φυλάττοιτο
3257 3988 3386 4059 παρ’
3426 3987 3597 4047 αὐτοῖς
3639 3982 3669 4050 ἡ

437 4097 558 4137 eam
591 4079 872 4147 Scriptura
907 4081 974 4135 ad
1000 4088 1248 4136 nostrum
1292 4081 1531 4152 ipsarum
1559 4082 1800 4152 gentium
1834 4083 2012 4151 profe-

2121 4082 2303 4154 Γραφὴ
2336 4083 2415 4145 εἰς
2447 4081 2606 4152 ἡμῶν
2637 4080 2744 4134 τῶν
2782 4079 2948 4132 ἐθνῶν
2996 4078 3270 4150 βελτίωσίν
3312 4096 3372 4131 τε
3414 4078 3505 4131 καὶ
3539 4074 3668 4143 ὠφέ-

437 4178 589 4225 ctum
614 4170 1013 4241 utilitatemque
1035 4176 1365 4225 servaretur.
1396 4169 1530 4225 Nam
1556 4171 1604 4226 si
1630 4171 1766 4241 ipsis
1789 4171 2009 4241 quidem

2121 4179 2274 4228 ista».
2315 4176 2376 4227 Ei
2417 4172 2546 4241 γοῦν
2582 4172 2881 4241 ἀναφανδὸν
2924 4173 3107 4235 αὐτοῖς
3151 4172 3249 4243 μὲν
3291 4171 3534 4243 δλεθρον,
3572 4168 3668 4229 τοῖς

438 4262 616 4333 palam
662 4261 964 4327 interitum,
1002 4262 1257 4333 gentibus
1307 4271 1489 4317 autem
1535 4263 1675 4317 bona
1714 4261 2011 4332 prophetia:

2121 4267 2164 4320 se
2192 4265 2398 4320 ἔθνεσιν
2426 4264 2602 4335 ἀγαθά
2633 4265 3036 4336 προεκήρυττον
3065 4264 3121 4318 αἰ
3150 4266 3497 4336 προφητεῖαι,
3517 4256 3668 4319 οὐδεὶς

437 4354 692 4424 ρυιΙὶοίιιε
723 4363 927 4418 essent,
967 4370 1033 4409 ac
1082 4353 1479 4424 praedixissent,
1524 4369 1686 4409 nemo
1724 4353 1867 4424 apud
1913 4351 2009 4408 Ju-

2121 4360 2174 4414 iv
2219 4359 2347 4429 περὶ
2390 4358 2558 4421 αύτάς
2600 4356 2897 4411 ἐσπούδασε
2939 4356 3047 4410 τῶν
3087 4358 3150 4410 ὲκ
3192 4356 3513 4428 περιτομῆς,
3551 4348 3667 4406 ἀλλά

436 4444 585 4498 dteos
605 4459 791 4498 earum
813 4443 1094 4500 studiosus
1122 4444 1331 4508 fuisset,
1357 4444 1449 4499 sed
1476 4458 1569 4498 eas
1598 4451 1853 4513 tanquam
1877 4443 2010 4513 ipsis

2121 4453 2188 4516 ὡς
2213 4453 2395 4515 αὐτοῖς
2421 4450 2665 4513 ἐναντίας
2703 4448 2865 4514 οὔσας
2899 4450 2992 4503 καὶ
3033 4449 3236 4521 ἐχθρὰς
3277 4448 3580 4520 διέφθειραν
3610 4446 3665 4498 ἂν

441 4534 752 4589 contrarias
801 4542 966 4606 atque
1010 4536 1263 4590 inimicas
1313 4535 1678 4599 delevissent,
1718 4544 1880 4604 atque
1935 4536 2008 4587 ita

436 4628 620 4690 nobis,
665 4626 757 4697 qui
797 4627 865 4682 de
902 4628 1155 4699 gentibus
1189 4627 1418 4698 profecti
1448 4644 1659 4692 sumus,
1693 4629 2009 4698 neutiquam

434 4719 681 4774 licuisset
711 4719 1095 4789 prophetarum
1124 4720 1193 4775 de
1218 4718 1500 4777 Salvatore
1527 4731 1716 4778 nostro
1737 4731 1791 4778 et
1821 4722 1888 4779 de
1914 4740 2014 4779 no-

434 4807 522 4864 bis
552 4809 687 4879 ipsis
716 4810 1044 4866 testimoniis
1090 4812 1192 4868 uti.
1219 4811 1487 4867 Caeterum
1524 4827 1648 4867 cum
1691 4820 1799 4868 tam
1838 4815 2009 4869 multa

432 4901 490 4956 iu
511 4900 599 4956 die
634 4900 949 4957 Emmanuel
974 4900 1215 4957 Judaicae
1243 4903 1412 4973 genti,
1443 4908 1744 4959 secundum
1780 4904 2006 4959 alteram

434 4994 956 5064 interpretationem,
999 4992 1265 5050 eventura
1309 5004 1513 5056 essent,
1552 5012 1740 5052 eorum
1800 4999 1892 5067 qui
1941 5014 2007 5053 ex

437 5085 575 5157 ipsis
609 5086 954 5157 relinquendi
979 5087 1089 5142 sint
1110 5087 1359 5156 paucitas
1390 5087 1637 5157 quaedam
1664 5088 1844 5142 futura
1870 5089 2008 5143 dici-

434 5187 547 5243 tur,
598 5178 665 5234 tle
697 5193 804 5248 qua
845 5180 921 5232 ait
958 5178 1256 5249 Apostolus
1291 5197 1302 5231 :
1352 5199 1369 5231 ι
1401 5179 1663 5252 lleliquiaa
1705 5182 2005 5237 secundum

433 5273 756 5326 electionem
789 5275 980 5343 gratia:
1027 5271 1184 5327 factae
1229 5282 1360 5326 sunt
1382 5273 1428 5304 δ’
1459 5292 1472 5327 :
1518 5292 1536 5324 ι
1571 5272 1650 5327 Ex
1674 5274 1779 5328 hac
1822 5283 2004 5329 autem

434 5363 712 5431 paucitate
763 5363 858 5431 qui
910 5361 1097 5426 fuerit,
1135 5379 1154 5413 ι
1196 5362 1441 5429 nutriet,
1484 5363 1681 5433 inquit,
1713 5364 2004 5433 juvencam

433 5451 619 5514 boum,
653 5459 708 5505 et
726 5451 866 5507 duas
892 5468 1043 5518 oves,
1078 5473 1096 5505 ι
1126 5460 1180 5508 et
1206 5469 1274 5508 ex
1298 5454 1525 5523 ecquod
1551 5455 1843 5525 plurimum
1874 5474 1892 5507 ι
1924 5454 2004 5508 fa-

434 5543 541 5596 ciet
576 5543 681 5605 lae,
716 5543 969 5614 butyrum
1003 5553 1059 5599 et
1105 5545 1209 5599 mel
1255 5545 1528 5600 comedet.
1575 5565 1594 5598 ι
1617 5543 1790 5602 .Talis
1824 5554 2002 5601 autem

533 5717 578 5748 “
607 5716 766 5771 llom.
813 5734 888 5783 xi,
927 5719 981 5773 5.

2109 4542 2297 4607 αὑτὰς,
2325 4543 2419 4595 καὶ
2445 4539 2625 4595 οὐκέθ’
2657 4542 2786 4612 ἡμῖν
2813 4542 2925 4605 τοῖς
2951 4540 3009 4607 ἐξ
3043 4540 3209 4595 ἐθνῶν
3232 4540 3414 4613 παρῆν
3436 4543 3551 4603 ταῖς
3575 4535 3665 4591 τῶν

2110 4633 2402 4706 προφητῶν
2430 4614 2567 4705 περὶ
2608 4632 2702 4686 τοῦ
2738 4633 2990 4704 Σωτῆρος
3022 4632 3198 4703 ἡμῶν,
3222 4634 3317 4685 καλ⁸
3366 4634 3491 4702 περὶ
3530 4629 3664 4701 ήμῶν

2109 4724 2284 4780 αὐτῶν
2321 4725 2643 4797 μαρτυρίαις
2688 4724 3013 4796 χρήσασθαι.
3067 4723 3227 4777 Ἀλλά
3267 4724 3378 4795 γὰρ
3423 4721 3663 4777 τοσούτων

2109 4819 2166 4871 ἐν
2188 4820 2254 4890 τῇ
2281 4815 2373 4871 τοῦ
2414 4816 2757 4889 Ἐμμανουήλ
2781 4816 2965 4887 ἡμέρᾳ
2989 4815 3115 4889 περὶ
3139 4815 3199 4869 τὸ
3238 4814 3505 4870 Ἰουδαίων
3536 4813 3665 4873 ἔθνος

2109 4909 2505 4981 γενησομένων,
2550 4908 2688 4963 κατά
2732 4908 2830 4980 τὴν
2872 4907 3063 4979 ἐτέραν
3109 4907 3427 4978 ἑρμηνείαν,
3465 4902 3664 4966 σπάνιός

2107 5019 2192 5065 τις
2226 5001 2439 5055 ἔσεσθαι
2477 5000 2692 5070 λέγεται
2733 5001 2762 5052 ό
2805 4998 3185 5067 καταλειφθεὶς
3225 4998 3284 5065 ἐξ
3325 4998 3519 5055 αὐτῶν.
3555 4993 3664 5063 περί

2108 5088 2168 5148 οὗ
2203 5110 2363 5165 φησιν
2400 5094 2429 5146 ὁ
2468 5091 2817 5154 Ἀπόστολος·
2855 5110 2875 5167 ι
2916 5091 3135 5162 Λείμμα
3170 5091 3289 5144 κατ’
3325 5090 3548 5161 ἐκλογὴν
3577 5087 3662 5157 χά-

2111 5204 2255 5257 ριτος
2286 5186 2540 5255 γέγονεν’
2564 5184 2621 5248 ὃς
2655 5184 2720 5256 δὴ
2757 5182 2945 5256 θρέψει
2982 5183 3211 5255 δάμαλιν
3251 5182 3414 5253 βοῶν,
3462 5183 3550 5235 καὶ
3586 5180 3664 5232 δύο

2110 5277 2373 5348 πρόϐατα,
2411 5275 2505 5328 καὶ
2536 5276 2643 5329 ἀπὸ
2670 5275 2764 5328 τοῦ
2812 5274 3058 5328 πλεῖστον
3099 5275 3268 5326 ποιεῖν
3301 5274 3462 5342 γάλα,
3497 5268 3664 5342 βούτυ-

2108 5386 2201 5441 ρον
2232 5368 2324 5422 καί⁵
2356 5367 2476 5439 μέλι
2509 5367 2759 5437 φάγεται.
2803 5387 2822 5418 ι
2856 5366 3119 5430 Τοιοῦτος.
3133 5366 3190 5419 δὲ
3221 5366 3354 5436 ἡμῖν
3393 5359 3660 5431 ἀπεδείχθη

2107 5459 2245 5513 κατά
2270 5461 2368 5531 τὴν
2392 5459 2647 5530 δευτέραν
2672 5458 2922 5512 ἀπόδοσιν
2952 5458 3087 5521 ,πᾶσι
3125 5459 3153 5511 ό
3192 5454 3541 5518 ἀποστολικὸς
3567 5449 3661 5503 τῶν

2112 5551 2364 5624 μαθητῶν
2398 5551 2554 5623 χορδς
2593 5550 2685 5604 τοῦ
2732 5549 2979 5622 Σωτῆρος
3010 5547 3166 5620 ἡμῶν
3208 5547 3385 5619 Ἰησοῦ
3424 5540 3657 5619 Χριστοῦ.
