1951 3132
122 184 175 212 διδ
584 185 911 215 ΒΕΜΟΝΒΤΙΗἸΊΟΝῘΞ

972 187 1154 216 ΑΝΟΕΙΑΙΕΑΞ
1175 189 1238 217 LIB.
1263 190 1319 218 V'll.
1709 193 1761 221 εει

123 243 231 278 Ὥσπερ
258 243 286 270 δὲ
312 244 326 270 ό
348 244 537 279 καταλειφθεὶς
562 242 639 278 οὗτος
665 247 786 279 τοιοῦτος
810 248 920 275 ἔσεσθαι

974 256 987 274 a
1007 249 1085 277 nobis
1109 251 1135 277 in
1163 250 1282 278 secunda
1303 251 1473 287 expositione
1491 252 1580 279 omnis
1596 253 1761 287 apostolicus

121 289 338 323 προφητεύεται,
351 290 422 316 οὕτω
437 292 483 318 καὶ
497 292 546 326 τῆς
563 291 654 327 χώρας
668 293 778 328 ἁπάσης
790 293 835 320 τοῦ
857 294 922 320 Ἰου-

120 335 204 361 δαίων
223 335 326 368 ἔθνους,
344 337 390 363 τοῦ
414 346 443 364 τε
467 338 626 373 ἀμπελῶνος
650 339 740 366 αὐτῶν
759 341 800 372 εἰς
826 340 922 375 χέρσον

122 381 168 406 καὶ
198 381 320 408 ἄκανθαν
344 383 593 418 μεταϐεϐλημένου,
621 384 668 411 καὶ
687 385 731 412 διὰ
756 385 844 413 ταῦτα
866 387 922 417 τοῖς

123 426 266 462 πολεμίοις
287 429 514 464 παραδεδομένου,
535 430 652 465 ἔμπαλιν
678 432 709 458 ὲκ
734 431 848 467 θατέρου
875 433 922 468 μέ-

124 480 188 507 ρους
213 474 269 499 πᾶν
285 473 346 508 ὅρος
369 474 569 510 ἀροτριώμενον
591 476 836 512 ἀροτριαθήσεσθαι
857 486 922 513 προ-

123 518 284 552 φητεύεται.
300 520 434 555 ’Πγοῦμαι
446 521 530 557 δὲτὴν
544 521 590 548 τοῦ
605 522 728 558 Σωτῆρος
741 523 818 558 ἡμῶν
834 523 920 559 Ἰησοῦ

122 564 246 598 Χριστοῦ
268 565 430 600 Ἐκκλησίαν
448 566 534 599 οὕτως
549 568 725 600 αἰνίττεσθαι,
742 569 806 605 περὶ
823 567 856 604 ἧς
876 569 922 595 καὶ

123 609 205 641 αὑτός
226 619 324 645 φησιν·
343 620 353 636 ι
372 612 408 638 Οὐ
436 611 547 639 δύναται
573 613 650 645 πόλις
674 614 806 649 κρυϐῆναι
831 614 922 640 ἐπάνω

121 654 203 691 ὅρους
229 656 351 691 κειμένη.
374 666 382 682 ι
406 657 443 683 Τὸ
464 657 518 693 γὰρ
545 659 700 694 ἐπηρμένον
729 659 865 695 μετέωρόν
892 668 921 685 τε

123 701 170 726 καὶ
185 700 318 735 ὑψιπετὲς
334 701 381 727 τοῦ
398 702 447 737 τῆς
465 702 627 738 Ἐκκλησίας
651 704 844 738 πολιτεύματος
860 704 922 739 ὅρος

122 748 247 784 ἠγοῦμαι
274 749 316 775 διὰ
340 748 441 775 τούτων
467 749 676 785 ἀνηγορεῦσθαι.
706 749 791 776 Τοῦτο
816 750 838 776 δ’
864 748 920 782 οὖν,

123 795 203 829 φησι,
219 795 250 821 τὸ
265 796 326 831 ὅρος
343 795 544 831 ἀροτριώμενον
568 797 810 832 ἀροτριαθήσεται·
829 796 866 827 ὡς
885 796 921 832 μὴ

122 841 250 868 ἐπελθεῖν
263 843 322 868 ἐκεῖ
334 842 425 876 φόϐον,
436 842 503 868 ἀλλὰ
518 842 564 868 καὶ
578 844 617 874 εὶς
629 842 754 869 τοσοῦτον
767 842 832 870 αὐτὸ
845 851 922 878 μετα-

121 887 268 914 ϐαλεῖσθαι
285 888 338 914 ἀπὸ
351 888 401 923 τῆς
412 889 548 924 προτέρας
561 889 689 924 ἐρημίας,
703 890 748 915 καὶ
764 889 861 925 χέρσου
875 890 921 916 καὶ

121 933 266 968 ἀκάνθης,
291 934 328 965 ὡς
354 934 504 969 ἐπιτήδειον
532 934 698 969 καταστῆναι
726 935 766 967 εἰς
795 934 918 970 βόσκημα
936 922 958 952 Β

122 980 276 1014 προϐάτου,
293 979 339 1005 καὶ
361 979 547 1015 καταπάτημα
572 979 641 1013 βοός.
667 980 720 1006 Καὶ
750 980 865 1015 πάρεστί
887 988 918 1014 γε

123 1025 347 1059 ἐπιλογίσασθαι,
362 1025 435 1057 ὅπως
455 1026 472 1061 ἡ
493 1024 539 1052 τοῦ
561 1025 679 1061 Χριστοῦ
700 1026 856 1061 Ἐκκλησία,
869 1026 919 1053 πά-

121 1072 167 1099 λαι
197 1070 267 1098 οὖσα
293 1071 390 1107 χέρσος
408 1071 453 1097 καὶ
474 1071 590 1105 ἄκανθα,
606 1072 650 1098 διὰ
671 1071 721 1107 τῆς
737 1063 819 1099 αύτοῦ
841 1073 918 1108 χάρι-

121 1127 168 1150 τος
198 1120 238 1150 εἰς
264 1118 389 1144 τοσοῦτον
411 1118 493 1154 ἤλασε
518 1113 763 1155 μεταεσλῆςίῶστε
783 1120 850 1146 πόαν
872 1121 919 1147 καὶ

123 1164 244 1200 βοτάνην
274 1163 381 1190 εὔθετον
401 1164 451 1199 τῆς
474 1164 587 1200 λογικῆς
604 1166 790 1201 καρποφορίας
811 1166 856 1192 ἐπὶ
875 1175 919 1192 το-

122 1210 221 1236 σοῦτον
242 1209 405 1245 βλαστῆσαι,
438 1209 475 1241 ὡς
499 1210 546 1236 καὶ
574 1211 636 1241 τοὺς
663 1210 845 1246 προϐατάῶεις
873 1212 919 1237 καὶ

123 1256 328 1289 ἁπλουστέρους
350 1255 494 1282 ἀπολαύειν
510 1256 594 1292 αὐτῆς
608 1256 747 1288 δύνασθαι,
764 1256 826 1288 τούς
847 1265 875 1283 τε
891 1258 919 1283 ἐν

122 1302 178 1334 ἕξει
201 1302 356 1337 τελειοτέρᾳ.
375 1301 580 1337 προϐεϐηκότας
608 1302 690 1336 ἀροῦν
717 1303 764 1329 καὶ
787 1304 919 1336 γεωργεῖν

122 1348 221 1383 αὐτὴν,
236 1347 299 1383 βόας
320 1349 614 1383 προσαγορευομένους.
628 1349 769 1384 ὡσπεροῦν
787 1349 833 1374 τὸν
850 1349 919 1374 θεῖον

129 1394 295 1421 Ἀπόστολον
310 1393 471 1420 παιδεύοντα
495 1395 708 1430 παρεστήσαμεν
723 1396 751 1421 ἐν
765 1395 803 1430 τῷ
820 1396 901 1429 φάναι
911 1404 917 1410 ·

125 1450 135 1465 ε
156 1441 204 1476 Μὴ
224 1440 279 1466 τῶν
295 1439 363 1474 βοῶν
384 1439 458 1474 μέλει
481 1439 519 1475 τῷ
534 1439 613 1474 Θεῷ;
632 1440 647 1474 ἧ
668 1440 700 1466 δι’
724 1440 795 1474 ὑμᾶς
812 1440 920 1472 πάντως

123 1485 199 1520 λέγει
212 1494 220 1517 ;
235 1485 269 1511 δι’
286 1485 357 1519 ὑμᾶς
370 1484 424 1520 γὰρ
442 1485 560 1520 ἐγράφη,
579 1485 619 1510 ὅτι
639 1485 739 1518 ὀφείλει
755 1485 769 1510 ό
786 1485 920 1520 ἀροτριῶν

124 1533 169 1558 ἐπ’
185 1531 274 1558 ἑλπίδι
288 1531 425 1567 ἀροτριᾷν,
439 1531 485 1558 καὶ
500 1532 514 1557 ὁ
529 1531 614 1557 ἀλοῶν
625 1532 667 1558 ἐπ’
682 1532 768 1558 ἐλπίδι
784 1532 829 1557 τοῦ
858 1541 921 1567 μετ-

126 1578 210 1613 έχειν.
232 1587 241 1603 ι
259 1577 351 1608 Οὕτως
371 1578 387 1612 ἡ
410 1576 492 1603 πάλαι
505 1576 606 1612 ἕρημος
628 1577 675 1603 καὶ
695 1577 791 1612 χέρσος
806 1577 919 1612 μεταϐέ-

125 1623 211 1658 ϐληκε
228 1623 300 1649 κατὰ
312 1621 360 1656 τὴν
372 1622 418 1648 τοῦ
434 1622 552 1658 Χριστοῦ
568 1623 729 1658 παρουσίαν,
750 1622 787 1653 ὡς
804 1622 850 1649 καὶ
865 1623 921 1653 τοῖς

125 1668 199 1695 οὕτω
220 1667 391 1702 νενοημένοις
421 1668 512 1703 βουσὶν
528 1668 567 1699 εἰς
584 1668 633 1702 τὴν
653 1667 820 1702 κατάλληλον
832 1676 921 1702 γεωρ-

126 1715 190 1749 γίαν
215 1715 375 1750 ἐπιτηδείως
400 1714 481 1750 ἔχειν.
502 1713 663 1748 Ἐπίστησον
684 1713 711 1739 δὲ
738 1713 798 1739 τίνα
823 1713 922 1748 τρόπον

127 1761 180 1788 ὑπὸ
196 1761 262 1797 μίαν
279 1762 326 1788 καὶ
342 1761 390 1797 τὴν
407 1761 493 1796 αὐτὴν
513 1759 632 1786 διάνοιαν
648 1759 754 1793 γένεσις
769 1759 801 1784 ἐκ
817 1758 921 1794 Παρθέ-

125 1816 173 1835 νου
191 1807 401 1844 προφητεύεται,
419 1807 465 1833 καὶ
484 1806 553 1833 κατὰ
574 1806 604 1831 τὸ
623 1805 687 1831 αὐτό
710 1813 792 1839 φησιν
813 1805 827 1830 ό
845 1805 923 1838 λόγος

128 1852 176 1886 τὴν
197 1851 248 1887 μὲν
270 1852 352 1879 πάλαι
375 1851 548 1887 καρποφόρον
564 1850 626 1885 γῆν,
647 1849 677 1876 τὸ
695 1850 759 1885 πρὶν
776 1848 856 1876 οὖσαν
879 1858 918 1884 χι-

129 1897 193 1924 λίων
217 1898 329 1930 σίκλων,
347 1899 387 1929 είς
405 1897 502 1933 χέρσον
525 1896 634 1923 ἔσεσθαι
663 1896 710 1923 καὶ
735 1897 775 1928 είς
791 1895 921 1928 ἄκανθαν,

130 1945 220 1972 πᾶσάν
237 1953 268 1971 τε
285 1945 333 1981 τὴν
348 1945 399 1980 γῆν
418 1944 517 1975 αὐτῶν,
535 1944 577 1970 διὰ
597 1942 627 1969 τὸ
644 1942 770 1978 γενέσθαι
787 1943 826 1974 εἰς
841 1942 923 1969 ἄκαν-

129 1991 178 2017 θαν
191 1991 240 2018 καὶ
253 1991 293 2022 εἰς
304 1990 409 2026 χέρσον,
423 1989 657 2026 παραδοθήσεσθαι
671 1990 727 2020 τοῖς
744 1988 812 2024 μετὰ
830 1988 922 2023 βέλους

130 2037 175 2063 καὶ
196 2035 363 2071 τοξεύματος
384 2035 624 2071 είσελευσομένοις.
645 2035 804 2061 Τούναντίον
820 2034 848 2060 δὲ
864 2033 922 2060 πεί-

132 2082 226 2109 σεσθαι
241 2083 295 2109 πᾶν
315 2082 391 2118 δρος·
408 2082 461 2108 ἀπὺ
477 2081 541 2116 γοῦν
555 2081 605 2116 τῆς
618 2080 753 2116 προτέρας
766 2080 862 2116 χέρσου
875 2079 923 2106 καὶ

132 2126 252 2162 ἀκάνθης
275 2126 484 2163 μεταϐαλεῖσθαι
507 2127 547 2159 είς
569 2127 694 2162 βόσκημα
714 2126 858 2162 προϐάτου,
875 2125 922 2152 καὶ

131 2173 276 2208 καταπάτη
282 2181 319 2208 μα
333 2172 402 2207 βοὸς,
420 2172 490 2199 ὥστε
504 2172 570 2199 αὐτὸ
584 2172 784 2209 ἀροτριώμενον
798 2172 922 2208 ἀροτρια-

133 2216 273 2253 θήσεσθαι,
298 2219 345 2245 καὶ
369 2219 406 2254 μὴ
426 2218 618 2245 ἐπελεύσεσθαι
643 2220 700 2245 ἐκεῖ
723 2218 812 2252 φόϐον.
830 2218 868 2244 Δι’
884 2215 922 2245 ὦν

973 293 1169 328 discipulorutn
1192 294 1341 323 Salvatoris
1357 299 1443 324 HOnU‘i
1460 297 1525 325 Jesu
1543 297 1645 324 Christi
1658 297 1761 326 chorus

973 340 1179 367 demonstratus
1199 345 1241 366 est
1257 349 1263 366 :
1280 341 1327 367 sed
1345 342 1574 376 quemadmodum
1590 342 1635 369 hic
1656 342 1702 377 qui
1719 351 1762 370 re-

974 385 1055 412 lictus
1078 386 1124 418 sit,
1143 386 1207 413 talis
1233 386 1341 414 futurus
1367 396 1399 415 ex
1428 389 1571 424 prophetia
1595 388 1761 421 declaratur,

973 429 1010 456 ita
1038 434 1183 466 postquam
1207 432 1335 458 universa
1360 432 1481 460 Judaica:
1507 434 1595 468 gentis
1623 434 1708 468 regio,
1736 437 1762 460 et

972 477 1049 503 vinea
1062 477 1195 511 ejusdem,
1210 477 1237 504 in
1256 481 1358 505 terram
1377 479 1506 506 incultam
1522 485 1547 506 et
1564 480 1669 514 spinam
1687 487 1762 506 comr

974 527 1079 550 mutata
1096 524 1187 556 fuerit,
1204 528 1230 551 et
1243 529 1387 559 propterea
1400 525 1524 552 hostibus
1538 525 1649 558 tradita,
1664 533 1761 553 rursus

972 577 1004 595 ex
1028 570 1112 596 altera
1136 574 1212 605 parte
1231 570 1320 597 omnis
1341 578 1419 598 mons
1446 572 1492 605 qui
1515 576 1618 602 aratur,
1643 571 1761 598 arandns

972 623 1033 643 esse
1048 616 1081 643 ab
1096 617 1189 643 eadem
1205 617 1345 651 prophetia
1360 617 1527 652 prmdicilur.
1542 616 1624 652 326
1637 616 1761 643 Arbitror

972 665 1062 688 autem
1080 661 1228 690 Salvatoris
1245 663 1331 690 nostri
1353 662 1417 690 Jesu
1430 662 1532 690 Christi
1563 661 1711 689 Ecclesium
1727 671 1760 690 eo

973 708 1055 735 modo
1071 708 1231 744 signiﬁcari,
1245 709 1279 736 de
1299 716 1351 744 qua
1368 709 1425 744 ipse
1443 709 1480 735 ait
1498 719 1504 735 :
1525 718 1534 734 ι
1551 708 1608 735 Νοη
1623 713 1712 743 potest
1722 710 1761 736 eis

972 755 1041 782 vitas
1053 755 1183 782 abscondi
1200 763 1282 791 supra
1296 760 1414 782 montem
1428 755 1514 791 posita
1527 755 1567 789 ‘°;
1584 765 1592 781 ι
1606 755 1678 790 quod
1689 756 1760 782 enim

973 801 1000 828 in
1014 800 1133 828 Ecclesia
1151 802 1266 836 publicis
1279 802 1433 829 actionibus
1445 802 1544 828 elatum
1560 806 1586 829 et
1606 801 1722 829 sublime
1734 805 1761 828 et

973 847 1006 874 ad
1020 855 1138 882 superna
1152 848 1267 876 tendens
1284 849 1329 882 sit,
1347 854 1465 876 montem
1478 848 1597 875 arbitror
1613 848 1656 876 his
1673 847 1762 875 verbis

973 892 1104 927 appellari
1120 902 1126 920 :
1141 892 1214 920 hunc
1232 893 1313 928 igitur
1326 897 1454 927 montem,
1468 893 1514 928 qui
1527 896 1631 924 aratur,
1653 896 1760 919 aratum

972 939 1005 966 iri
1025 940 1072 970 ait,
1096 940 1133 966 ita
1151 940 1260 974 quidem
1283 943 1311 967 ut
1326 940 1391 967 illuc
1412 944 1501 967 terror
1520 947 1684 966 accessurus
1706 946 1760 966 non

972 986 1018 1017 sit,
1032 986 1099 1020 quin
1114 986 1205 1020 potius
1220 994 1307 1020 usque
1323 985 1391 1013 adeo
1411 992 1426 1013 a
1444 985 1534 1020 priore
1556 983 1714 1016 solitudine,
1734 989 1762 1012 et

972 1034 1044 1056 terra
1060 1031 1162 1057 inculta
1174 1035 1200 1058 et
1213 1031 1291 1065 spina
1303 1030 1539 1061 commutandum,
1552 1033 1581 1056 ut
1594 1029 1709 1057 idoneus
1725 1029 1768 1056 l'u-

972 1080 1050 1103 turus
1066 1075 1101 1104 sit
1119 1077 1165 1111 qui
1178 1075 1276 1104 evadat
1295 1076 1322 1103 in
1340 1083 1441 1111 pascua
1458 1076 1517 1103 ovis
1535 1079 1562 1103 et
1576 1075 1760 1102 conculcatio-

971 1130 1034 1151 nem
1062 1122 1150 1149 bovis.
1175 1122 1207 1149 Et
1234 1130 1300 1149 sane
1325 1122 1431 1149 ratione
1457 1122 1586 1157 colligere
1612 1129 1760 1156 possumus

972 1166 1200 1201 quemadmodum
1212 1166 1313 1194 Christi
1325 1166 1457 1198 Ecclesia,
1471 1173 1531 1201 quae
1540 1166 1605 1192 olim
1617 1170 1675 1193 erat
1689 1169 1760 1192 terra

972 1212 1074 1239 inculta
1092 1216 1119 1239 et
1143 1212 1232 1246 spina.
1256 1212 1290 1238 ad
1318 1216 1420 1238 tantam
1444 1212 1685 1238 commutationem
1713 1218 1761 1247 per

972 1257 1059 1292 ipsius
1087 1258 1201 1293 gratiam
1224 1258 1395 1292 pervenerit,
1424 1262 1452 1284 ut
1482 1257 1594 1284 herbam
1619 1257 1760 1284 rationalis

972 1303 1123 1330 fertilitatis
1138 1307 1165 1331 et
1179 1303 1307 1338 pabulum
1323 1308 1505 1340 opportunum
1516 1311 1603 1338 usque
1620 1303 1687 1330 adeo
1698 1310 1761 1338 pro-

973 1349 1078 1381 tulerit,
1098 1354 1126 1376 ut
1145 1353 1171 1376 et
1188 1349 1285 1376 ovibus
1301 1349 1404 1376 similes
1416 1353 1443 1376 et
1463 1348 1644 1383 simpliciores
1659 1356 1690 1376 ea
1706 1348 1759 1375 l‘rui

972 1395 1090 1430 possint,
1113 1400 1139 1422 et
1155 1396 1200 1430 qui
1223 1396 1255 1421 ad
1273 1395 1395 1422 habitum
1421 1395 1611 1430 perfectiorem
1630 1403 1761 1430 pervene-

973 1440 1038 1472 rint,
1058 1440 1104 1475 qui
1130 1441 1212 1468 boves
1230 1441 1409 1476 appellantur,
1431 1440 1554 1467 eamdem
1577 1447 1654 1467 arare
1671 1444 1698 1467 et
1715 1447 1761 1466 co—

973 1485 1038 1518 lere,
1057 1494 1089 1514 eo
1114 1494 1180 1514 sane
1202 1487 1283 1514 modo
1309 1495 1362 1522 quo
1381 1487 1502 1514 divinum
1528 1485 1684 1520 Apostoluin
1711 1486 1760 1513 d0-

974 1537 1079 1559 ccntem
1104 1532 1284 1564 ostendimus,
1306 1533 1351 1559 ubi
1371 1534 1427 1559 ait:
1447 1541 1455 1557 ι
1473 1532 1599 1567 Nunquid
1623 1533 1655 1559 de
1673 1533 1760 1560 bobus

974 1586 1040 1605 cura
1049 1582 1090 1606 est
1102 1577 1174 1604 Deo?
1185 1578 1225 1604 An
1242 1582 1353 1612 propter
1372 1586 1419 1605 vos
1434 1579 1545 1605 omnino
1560 1578 1633 1610 dicit,
1650 1583 1760 1613 propter

973 1632 1021 1651 vos
1037 1624 1110 1651 enim
1129 1625 1230 1659 scripta
1248 1628 1322 1655 sunt,
1341 1624 1468 1658 quoniam
1486 1624 1565 1650 debet
1580 1624 1626 1658 qui
1644 1627 1712 1653 arat,
1733 1624 1758 1649 in

973 1678 1020 1704 spe
1043 1677 1132 1701 arare,
1148 1673 1176 1696 et
1198 1669 1243 1704 qui
1262 1670 1381 1701 triturat,
1403 1671 1429 1695 in
1452 1678 1499 1704 spe
1523 1670 1724 1703 participare".
1749 1679 1756 1694 ι

975 1715 1013 1742 Ita
1037 1723 1097 1750 qua:
1113 1715 1177 1741 olim
1193 1715 1301 1742 deserta
1329 1715 1487 1749 incultaque
1510 1718 1568 1741 erat
1592 1719 1675 1745 terra,
1700 1720 1760 1748 post

972 1763 1078 1790 Christi
1096 1762 1242 1789 adventum
1259 1765 1425 1788 commutata
1441 1766 1492 1792 est,
1508 1765 1536 1787 ut
1552 1768 1621 1796 quos
1636 1769 1668 1787 eo
1681 1761 1760 1788 modo

974 1809 1058 1836 boves
1082 1808 1274 1838 intelleximus,
1291 1807 1326 1834 iis
1350 1806 1538 1834 convenientis
1554 1811 1676 1841 aptaeqne
1688 1806 1760 1841 agri-

973 1853 1118 1881 colationis
1147 1860 1228 1880 usum
1251 1852 1379 1879 idoneum
1404 1851 1531 1886 praebeat.
1558 1849 1673 1877 Attende
1696 1859 1760 1877 vero

973 1898 1091 1934 quonam
1108 1898 1188 1925 modo
1205 1898 1256 1925 sub
1280 1904 1334 1924 uno
1352 1897 1502 1931 eodemque
1523 1903 1605 1923 sensu
1626 1901 1702 1923 ortus
1726 1895 1760 1923 de

973 1946 1084 1981 Virgine
1103 1945 1211 1973 canitur
1229 1954 1235 1972 :
1254 1948 1280 1972 et
1297 1944 1409 1980 pariter,
1422 1943 1519 1979 inquit.
1536 1943 1687 1974 oraculum,
1700 1950 1760 1978 qua:

972 1992 1037 2019 olim
1054 1991 1151 2018 fertilis
1161 1994 1234 2022 terra
1249 1995 1276 2018 et
1292 1998 1352 2025 quae
1368 1990 1444 2024 prius
1458 1989 1530 2017 mille
1545 1989 1674 2017 siclorum
1689 1993 1758 2019 erat,

973 2038 1000 2065 in
1026 2042 1126 2065 terram
1154 2037 1283 2064 incultam
1308 2037 1370 2069 erit,
1386 2042 1413 2063 ct
1436 2035 1463 2062 in
1481 2036 1598 2071 spinam,
1618 2035 1760 2070 omnisque

972 2090 1067 2110 eorum
1083 2087 1166 2114 terra,
1187 2086 1331 2117 propterea
1357 2081 1430 2116 quod
1447 2080 1536 2108 futura
1552 2083 1586 2108 sit
1610 2080 1636 2107 in
1653 2081 1759 2115 spinam

972 2131 998 2154 et
1014 2131 1112 2154 terram
1126 2127 1267 2159 incultam,
1287 2125 1410 2153 tradetur
1432 2125 1465 2153 iis
1481 2125 1526 2160 qui
1542 2133 1603 2152 cum
1620 2127 1716 2160 sagitta
1733 2129 1760 2151 et

973 2179 1039 2199 arcu
1068 2172 1209 2199 accedent.
1235 2172 1410 2199 Contrarium
1436 2179 1499 2199 vero
1526 2172 1645 2206 patietur
1670 2171 1759 2198 omnis

973 2226 1053 2245 mons
1069 2227 1074 2245 :
1093 2225 1155 2244 nam
1171 2225 1185 2244 a
1205 2218 1297 2253 priore
1317 2218 1420 2244 inculta
1435 2222 1507 2244 terra
1522 2223 1548 2244 et
1567 2217 1646 2251 spina
1670 2221 1759 2243 muta-

133 2262 226 2296 σαφῶς
242 2261 362 2297 ἡγοῦμαι
376 2262 554 2298 σημαίνεσθαι
568 2263 617 2298 τὴν
637 2262 682 2288 τοῦ
706 2262 830 2297 Σωτῆρος
844 2261 920 2296 ἡμῶν

975 2264 1048 2291 bitur
1063 2264 1091 2291 in
1115 2271 1216 2299 pascua
1232 2264 1291 2291 ovis
1304 2268 1331 2291 et
1347 2263 1582 2290 conculcationem
1597 2263 1691 2295 bovis;
1707 2262 1758 2288 ita-

131 2308 164 2335 ὲκ
177 2307 317 2343 Παρθένου
334 2308 451 2343 γένεσιν,
466 2309 513 2335 καὶ
530 2308 564 2335 τὰ
588 2307 655 2343 μετὰ
674 2308 774 2343 ταύτην
791 2306 858 2342 ὁμοῦ
875 2307 922 2334 καὶ

132 2353 237 2390 ἀθρόως
255 2354 390 2386 Ἰουδαίοις
401 2363 430 2380 τε
442 2354 489 2381 καὶ
503 2355 558 2386 τοῖς
570 2354 672 2385 λοιποῖς
683 2353 771 2380 ἔθνεσι
784 2352 921 2388 συμϐεϐη-

133 2400 215 2427 κότα·
230 2400 280 2435 τὴν
296 2400 361 2434 γοῦν
376 2400 513 2436 ἑκατέρων
532 2400 586 2426 τῶν
602 2400 747 2434 ταγμάτων
759 2399 798 2430 εἰς
812 2398 921 2425 τούναν-

132 2446 187 2473 τίον
198 2446 359 2482 μεταϐολὴν,
367 2447 420 2473 τῶν
432 2447 480 2481 μὲν
491 2446 541 2482 τὴν
551 2446 603 2473 ἀπὸ
611 2445 664 2472 τῶν
671 2445 831 2481 κρειττόνων
839 2445 885 2471 ἐπὶ
892 2443 922 2471 τὸ

133 2493 232 2527 χεῖρον,
245 2491 294 2526 τῆς
304 2490 332 2517 δὲ
343 2490 372 2523 ἐξ
384 2490 467 2517 ἐθνῶν
485 2490 646 2526 Ἐκκλησίας
656 2490 705 2525 τὴν
716 2490 769 2516 ἀπὸ
780 2489 829 2524 τῆς
839 2489 922 2515 πάλαι

134 2537 250 2573 ἰρημίας
269 2537 316 2563 ὲπὶ
333 2537 383 2572 τὴν
395 2537 466 2564 κατὰ
479 2536 544 2564 Θεὸν
561 2536 756 2573 καρποφορίαν,
769 2535 849 2570 ἃπερ,
861 2535 922 2562 καθ’

134 2583 181 2610 ἕνα
190 2584 239 2610 καὶ
251 2583 298 2610 τὸν
311 2583 393 2609 αὑτὸν
404 2582 500 2619 καιρὸν
511 2583 562 2617 τῆς
574 2583 621 2609 τοῦ
641 2583 668 2609 Ἐ
673 2581 812 2618 μμανουὴλ
824 2582 923 2615 ἐπιφα-

135 2628 207 2660 νείας
217 2628 473 2664 ἑπιτελεσθήσεσθαι
488 2627 720 2663 προφητευθέντα,
729 2628 789 2658 ταῖς
800 2627 922 2662 προρρή-

135 2684 208 2703 σεσιν
223 2674 378 2706 ἀκολούθως
389 2675 439 2701 οὐκ
450 2674 555 2706 ἄλλοτε,
567 2674 583 2710 ἢ
599 2674 666 2709 μετὰ
675 2674 724 2709 τὴν
736 2674 782 2700 τοῦ
797 2673 922 2709 Σωτῆρος

135 2723 212 2757 ημῶν
226 2720 378 2757 παρουσίαν
389 2720 465 2751 τέλος
479 2719 607 2755 εἰληφότα
617 2720 761 2752 δείκνυται,
774 2719 818 2746 διὰ
824 2728 854 2746 τε
868 2720 921 2747 τῶν

135 2767 263 2802 ἐμφανῶς
279 2766 434 2806 εἰρημένων
448 2766 518 2792 κατὰ
535 2765 674 2797 Ἰουδαίους
689 2766 866 2802 πραγμάτων,
876 2767 922 2792 καὶ

134 2813 176 2840 διὰ
182 2815 232 2850 τῆς
239 2814 270 2847 ἐξ
278 2812 365 2840 ὲθνῶν
378 2813 547 2844 Ἐκκλησίας,
557 2813 594 2843 Ei.
601 2813 783 2850 μὲνγᾲρκαεὰ
792 2813 838 2851 ςῂι
851 2821 922 2848 παρ·
943 2855 950 2858 _

181 2907 204 2925 υ
220 2905 319 2932 Matth.
336 2913 363 2937 v,
378 2903 421 2931 M.
457 2905 479 2920 "
492 2903 501 2931 l
512 2903 566 2933 Cor
594 2913 630 2937 Ix,
646 2904 672 2937 9,
688 2904 729 2933 ιο.

972 2318 1026 2346 que
1040 2310 1098 2345 ipse
1110 2310 1156 2344 qui
1174 2313 1268 2336 aratur
1281 2309 1413 2340 arabitur,
1432 2316 1519 2343 neque
1532 2308 1595 2334 illuc
1607 2312 1694 2335 terror
1710 2307 1758 2334 ad-

972 2355 1072 2383 veniet.
1084 2354 1188 2388 Quibus
1200 2354 1291 2381 verbis
1303 2355 1384 2389 plane
1397 2354 1515 2380 arbitror
1531 2352 1684 2388 signiﬁcare
1698 2353 1758 2379 Sal-

972 2402 1076 2431 vatoris
1093 2402 1180 2429 nostri
1194 2404 1284 2428 ortum
1302 2400 1336 2427 de
1348 2399 1468 2434 Virgine,
1484 2403 1511 2427 et
1523 2407 1583 2434 qua:
1599 2403 1661 2433 post
1682 2399 1758 2425 illum

973 2448 1054 2476 simul
1069 2436 1150 2483 atque
1165 2447 1323 2479 acervatim,
1338 2451 1365 2473 et
1375 2446 1475 2473 Judmis
1490 2450 1516 2473 et
1535 2445 1647 2480 reliquis
1671 2445 1758 2480 genti-

972 2494 1024 2522 bus
1053 2497 1183 2521 eventura
1214 2496 1293 2520 erant
1317 2502 1323 2518 :
1349 2492 1483 2527 siquidem
1516 2493 1659 2527 utriusque
1683 2492 1759 2520 ordi-

972 2541 1016 2568 nis
1038 2541 1213 2567 mutationem
1238 2539 1265 2566 in
1288 2539 1454 2565 contrarium
1485 2539 1625 2574 prophetia
1647 2538 1759 2566 demon-

973 2590 1053 2618 strat,
1076 2585 1198 2612 Judaicaa
1214 2584 1323 2619 quidem
1347 2584 1435 2619 gentis
1453 2591 1467 2610 a
1483 2585 1594 2612 meliore
1616 2585 1643 2611 in
1664 2584 1757 2619 pejus,

973 2633 1093 2660 collecta:
1117 2635 1207 2659 autem
1238 2630 1272 2658 de
1296 2631 1423 2666 gentibus
1451 2630 1599 2662 Ecclesiae,
1626 2637 1641 2656 a
1669 2630 1761 2665 priore

973 2679 1116 2707 sterilitate
1144 2685 1177 2705 ac
1206 2677 1374 2710 solitudine,
1405 2678 1431 2704 in
1463 2677 1630 2704 fertilitatem
1657 2684 1758 2703 secun-

973 2725 1037 2752 dum
1066 2724 1166 2757 Deum;
1187 2731 1248 2758 quae
1273 2722 1382 2758 quidem
1399 2722 1464 2749 dum
1492 2722 1543 2749 sub
1566 2729 1650 2748 unutn
1677 2721 1757 2756 327

972 2774 1000 2798 et
1030 2770 1101 2797 idem
1121 2773 1228 2804 tempus
1250 2776 1304 2804 quo
1331 2768 1489 2795 Emmanuel
1515 2767 1640 2795 adveniet
1666 2768 1756 2793 absol-

973 2817 1061 2846 venda
1085 2821 1232 2849 canuntur,
1250 2815 1354 2844 oraculi
1379 2815 1519 2842 veritatem
1545 2818 1659 2842 eventus
1682 2820 1757 2841 com-
