1951 3132
189 162 242 190 515

525 155 657 184 EUSEBII
675 152 912 182 CAESARIENSIS
931 152 1006 179 OPP.
1028 149 1157 178 PARS".
1175 163 1209 169 ——
1224 147 1471 175 APOLOGETICA.

1752 143 1802 171 516

187 217 321 254 probavit.
340 216 398 243 Non
411 215 484 242 enim
499 214 567 241 alias
581 220 662 248 quam
678 216 739 247 post
755 210 906 238 Salvatoris
920 217 961 236 no-

1033 208 1116 234 ιυσίαν
1139 206 1186 233 τοῦ
1201 205 1421 241 Σωτῆροςήμῶν,
1436 203 1517 230 αὑτοῦ
1532 203 1563 238 δὴ
1581 203 1667 236 Ἰησοῦ
1681 201 1728 228 τοῦ
1741 202 1808 237 Χρι-

188 265 237 292 stri
254 263 411 293 adventum.
428 260 507 288 ﬁnem
521 260 660 294 accepisse
675 259 907 289 demonstrantur,
917 260 974 282 tum

188 318 220 337 ex
238 310 272 336 iis
288 308 368 335 rebus
382 314 442 340 qua:
455 306 536 341 plane
555 306 588 333 de
604 305 706 332 Judazis
733 304 812 331 dictae
826 306 901 333 sunt.
918 305 974 328 tum

188 364 222 383 ex
238 356 295 390 ipsa
311 361 371 388 qua:
387 352 421 379 de
436 352 560 387 gentibus
574 352 687 379 collecta
705 355 747 378 est
765 349 895 377 Ecclesia.
908 348 974 375 Nam

190 401 212 428 si
226 404 284 435 post
295 399 440 425 adventum
455 397 606 424 Salvatoris
625 397 724 428 nostri,
739 396 835 429 ipsius.
852 395 974 429 inquam,

189 445 252 472 Jesu
265 439 376 473 Christi,
393 450 507 477 regnum
533 450 564 468 ac
582 441 751 476 principatus
775 440 844 475 apud
868 439 975 466 Judteos

189 495 216 518 et
230 490 300 525 apud
313 489 496 517 Damascenos
507 496 568 515 esse
580 495 633 514 non
650 487 793 519 desiisset;
805 490 832 513 et
844 486 898 513 nisi
914 490 977 513 ante

191 537 285 563 oculos
294 540 413 564 nostros.
430 535 510 561 nobis
534 534 600 569 ipsis
626 533 724 560 intueri
743 533 835 560 liceret
855 532 976 559 relictam

192 582 410 612 abillisterrant,
427 586 454 608 et
468 581 502 607 ab
518 580 638 608 externis
654 588 685 607 ac
697 580 905 607 simulacrorum
919 579 977 606 cul-

192 628 307 654 tricibus
322 628 480 654 nationibus
496 627 643 654 habitatam
657 635 664 659 ;
686 631 826 661 praeterea.
845 626 867 652 si
880 633 933 652 non
951 625 977 651 in

192 678 292 701 terram
310 674 439 700 incultam
452 677 478 700 et
494 674 610 707 spinam,
627 680 708 699 onme
719 672 901 707 quodcunque
913 671 977 698 olim

194 720 458 748 venerabilissimum
476 719 546 745 sacri
561 719 630 753 apud
652 718 714 745 illos
734 718 881 745 sanctuarii
895 717 978 744 decus

195 766 357 796 habebatur,
374 768 570 792 commutatum
589 768 671 794 esset,
692 767 719 790 et
739 764 792 791 nisi
807 764 926 790 cultores
941 762 979 788 si-

195 812 376 838 mulacrorum
395 831 402 842 ,
430 810 606 844 impurissimi
643 810 767 837 homines
785 830 792 843 ,
818 810 978 843 illorumque

195 859 287 885 hostes
302 865 363 884 cum
381 857 479 892 sagitta
505 860 533 883 et
560 863 624 883 arcu
645 856 813 887 invadentes,
831 859 857 882 et
873 856 906 882 ab
920 855 979 889 ipso

196 904 308 931 Domino
335 903 442 938 impulsi
456 903 489 930 ab
503 902 622 929 externis
645 902 801 936 regionibus
830 901 976 933 venissent,

195 955 221 977 et
238 950 264 976 in
280 949 401 984 ipsorum
418 950 498 975 terris
515 948 692 982 quievissent,
714 955 877 982 omnemque
889 948 978 973 locum

195 1003 357 1029 omnemque
370 995 506 1021 civitaten
529 995 650 1029 ipsorum
667 998 846 1027 occupassent
859 1002 865 1019 :
878 997 904 1020 et
918 1001 979 1019 rur-

197 1049 254 1073 sus,
272 1042 324 1068 nisi
342 1045 439 1067 atcrra
469 1041 571 1067 inculta
594 1044 620 1067 et
642 1040 731 1074 spina,
760 1042 786 1065 et
813 1039 847 1065 ab
874 1047 904 1065 ea
920 1047 979 1073 qua:

198 1087 273 1121 prius
288 1089 347 1112 erat
359 1085 465 1112 colendi
479 1084 653 1120 negligentia,
673 1091 721 1118 per
732 1082 882 1109 Salvatoris
893 1082 978 1109 nostri

196 1132 348 1159 doctrinam
357 1134 528 1157 commutata:
545 1137 639 1156 omnes
651 1148 658 1160 ,
672 1136 840 1163 qumcunque
851 1128 879 1154 in
892 1127 978 1162 ipsum

196 1177 381 1207 crediderunt,
398 1179 503 1210 gentes,
517 1175 669 1210 religiosam
694 1178 721 1201 ct
733 1173 882 1201 secundant
895 1173 979 1200 Deum

197 1222 356 1250 rationalem
375 1221 540 1248 fertilitatem
563 1221 722 1254 cultumque
747 1218 980 1253 accepissent;ad

197 1268 265 1299 haec,
278 1267 329 1294 nisi
345 1267 432 1293 oculis
447 1265 586 1293 Christum
605 1265 773 1297 intuiti,noit
787 1263 979 1294 credidissent,

198 1318 225 1342 et
240 1314 291 1341 nisi
308 1313 449 1340 docentem
462 1312 646 1342 audivissent,~
663 1312 840 1344 auditumque
862 1310 980 1344 respuis—

199 1359 365 1393 scnt,etnisi
383 1359 485 1393 reliqua
501 1365 561 1392 qua:
584 1358 608 1384 in
623 1357 715 1383 eadem
744 1356 882 1390 prophetia
895 1355 981 1381 ctnti-

200 1411 308 1436 nentur,
325 1408 384 1440 post
402 1410 521 1438 tempora
539 1402 601 1430 Jesu
613 1403 761 1428 Salvatot‘is
777 1401 862 1428 nostri
878 1401 980 1427 exitum

201 1452 295 1478 sortita
311 1458 370 1477 esse
387 1449 607 1480 ostenderentur,
626 1455 690 1474 sane
707 1455 758 1474 non
771 1447 828 1481 ipse
845 1450 915 1472 esset
935 1446 982 1471 ha-

201 1496 321 1526 bendus.
342 1503 421 1530 quem
437 1494 576 1529 propheta:
599 1493 761 1527 intelligunt.
781 1491 832 1518 Sed
849 1492 869 1519 si
883 1492 980 1522 cuivis,

202 1543 242 1570 vel
257 1550 338 1572 cmco.
363 1546 392 1568 ιιι
414 1542 501 1572 aiunt,
522 1541 664 1575 perspicua
694 1539 865 1566 oraculorum
887 1542 981 1565 eventa

201 1588 348 1617 exsistunt,
365 1595 424 1621 qua:
449 1586 556 1620 quidem
573 1592 626 1611 non
648 1585 715 1611 alias
739 1592 819 1618 quant
842 1587 903 1618 post
915 1588 983 1609 tem—

203 1641 267 1668 pora
283 1633 414 1661 adventus
445 1633 518 1659 illius
535 1631 667 1666 completa
696 1635 769 1661 sunt,
788 1630 852 1664 quid
868 1630 983 1664 amplius

201 1688 270 1715 opus
282 1685 323 1707 est
335 1680 368 1707 de
390 1680 462 1707 illitis
480 1683 541 1705 ortu
556 1686 588 1705 ex
604 1677 714 1711 Virgine
729 1676 863 1706 dubitare,
878 1683 917 1714 ac,
930 1683 982 1701 non

202 1727 292 1762 potius
317 1726 433 1760 benigna
458 1725 574 1760 quadam
590 1723 799 1750 ratiocinatione
819 1722 901 1749 exiis
924 1729 983 1756 qua:

203 1771 291 1798 adhuc
305 1775 466 1801 cernuntur,
488 1777 578 1797 rerum
602 1775 709 1803 quoque
724 1768 844 1802 ipsarum
860 1767 937 1793 initio
953 1766 984 1792 11-

202 1818 262 1845 dem
282 1816 388 1843 facere?
400 1815 461 1842 H2120
474 1822 540 1842 vero
555 1815 611 1848 ipsa
640 1822 699 1848 quae
719 1813 807 1840 adhuc
822 1816 982 1843 cernuntur,

203 1871 262 1897 quae
276 1862 384 1888 tandem
397 1866 474 1892 sunt.
493 1860 545 1887 nisi
559 1859 713 1885 Judazorum
730 1859 756 1884 in
772 1857 845 1884 illum
857 1856 985 1883 incredu-

203 1909 266 1935 litas
283 1907 353 1942 (qua!
368 1907 527 1942 planissime
552 1905 701 1932 secundum
728 1904 816 1937 ipsum
844 1903 984 1929 oraculum

204 1954 366 1988 completur,
384 1953 455 1988 quod
483 1952 537 1978 ait:
558 1961 566 1976 ι
583 1950 680 1977 Auditu
704 1950 818 1976 audietis
832 1953 859 1976 et
874 1957 927 1975 non
941 1949 984 1975 in-

205 2000 341 2034 telligetis,
354 2003 380 2026 et
395 1997 722 2026 intuentesintuebimini.
735 2001 760 2023 et
778 2004 832 2023 non
842 1995 982 2022 videbitis:

204 2053 328 2073 crassum
357 2045 428 2071 enitn
455 2044 553 2070 factum
579 2047 620 2069 est
636 2050 682 2069 cor
707 2042 798 2077 populi
817 2042 897 2076 hujus
908 2041 942 2074 ι),
959 2044 985 2068 et

205 2092 291 2127 ipsius
317 2091 465 2119 Jerusalem
481 2088 598 2120 obsidio,
614 2092 641 2114 et
655 2088 738 2122 prisci
749 2088 823 2114 illius
837 2086 986 2114 sanctuarii

205 2143 325 2166 extrema
343 2137 474 2169 solitudo,
489 2140 515 2163 et
526 2138 697 2163 externarum
710 2134 840 2168 gentium,
859 2140 919 2167 quae
935 2132 985 2159 sti-

206 2184 299 2215 mulis.
316 2183 368 2210 hoc
393 2186 436 2210 est
449 2181 635 2217 asperioribus
649 2179 779 2214 imperiis,
799 2179 873 2213 ipsos
886 2179 912 2204 in
929 2186 986 2205 ser-

1027 253 1100 285 στοῦ,
1116 253 1152 289 μὴ
1164 253 1299 279 πέπαυται
1314 250 1509 287 βασιλευομένη
1526 250 1542 284 ὴ
1558 248 1611 275 τῶν
1624 248 1809 284 Δαμασκηνῶν

1025 299 1095 336 ἀρχὴ
1106 300 1152 326 καὶ
1164 298 1216 325 τῶν
1224 299 1365 330 Ἰουδαίων,
1376 298 1453 324 καὶεί
1463 297 1499 333 μὴ
1512 298 1541 323 ἐν
1547 297 1639 331 ὄψεσιν
1649 297 1713 331 ἡμῖν
1721 296 1811 326 αὐτοῖς

1025 347 1072 372 νῦν
1096 345 1238 381 θεωρεῖται
1254 344 1487 379 καταλελειμμένη
1502 344 1546 369 ὑπ’
1569 342 1657 369 αὐτῶν
1670 343 1687 377 ἡ
1707 342 1755 377 γῆ.
1766 343 1812 368 καὶ

1025 392 1070 418 ὑπ’
1081 392 1164 418 ἐθνῶν
1173 391 1327 425 ἀλλοφύλων
1339 391 1384 417 καὶ
1394 390 1534 416 εἱδωλολατ
1538 389 1591 426 ρῶν
1603 388 1810 424 κατοικουμένη·

1027 438 1152 472 καὶπρὸς
1166 437 1271 468 τούτοις
1285 438 1309 462 εί
1328 433 1364 472 μὴ
1376 436 1485 470 γέγονεν
1504 437 1543 467 εἰς
1558 436 1653 471 χέρσον
1668 436 1714 462 καὶ
1732 436 1813 462 ἄκαν-

1027 483 1076 510 θαν
1092 484 1164 509 πᾶσα
1186 484 1201 518 ἡ
1229 483 1311 509 πάλαι
1329 483 1489 517 σεμνοτάτη,
1509 481 1590 508 αὑτοῦ
1612 482 1643 516 δὴ
1663 481 1710 508 τοῦ
1740 480 1812 516 ἱεροῦ

1027 528 1115 555 αὐτῶν
1125 529 1292 563 ἁγιάσματος
1303 527 1371 563 ὥρα,
1383 528 1429 554 καὶ
1443 529 1467 553 εἰ
1483 528 1518 563 μὴ
1532 527 1731 563 εἰδωλολάτραι,
1745 527 1813 553 ἀκά-

1028 582 1120 616 θαρτοι
1137 582 1240 616 ἄνδρες,
1256 581 1282 607 οἵ
1292 590 1321 607 τε
1339 581 1461 616 πολέμιοι
1476 581 1563 607 αὐτῶν
1579 581 1648 607 κατὰ
1661 580 1754 616 βέλους
1766 581 1814 607 καὶ

1027 628 1191 663 τοξεύματος
1205 627 1371 659 ἐπελθόντες,
1383 628 1427 653 ὑπ’
1442 627 1523 654 αὐτοῦ
1535 636 1565 661 γε
1576 627 1621 653 τοῦ
1634 628 1734 663 Κυρίου
1748 635 1814 662 παρ-

1027 673 1192 709 ορμηθέντες
1209 675 1241 700 ἐκ
1268 674 1316 709 τῆς
1339 673 1490 709 ἀλλοδαπῆς
1510 673 1679 709 ἐληλύθασιν,
1696 673 1800 700 ἁνεπαύ

1029 720 1109 746 σαντὸ
1117 728 1145 746 τε
1158 721 1186 746 ἐν
1193 721 1252 750 ταῖς
1264 719 1364 755 χώραις
1375 720 1462 746 αὐτῶν
1477 720 1564 746 πάντα
1572 720 1651 746 τόπον
1662 720 1709 746 καὶ
1724 720 1814 751 πάσας

1027 765 1076 798 τὰς
1100 766 1188 796 πόλεις
1208 765 1296 792 αὐτῶν
1322 765 1564 800 ἱδιοποιησάμενοι·
1580 765 1626 792 καὶ
1644 765 1771 800 ἔμπαλιν,
1791 766 1815 791 ει

1031 812 1067 847 μὴ
1078 812 1131 838 ἀπὸ
1146 812 1243 847 χέρσου
1257 812 1303 838 καὶ
1319 811 1438 847 ἀκάνθης
1453 811 1502 846 τῆς
1518 812 1580 846 πρὶν
1600 811 1754 847 ἀγεωργίας
1772 810 1816 837 διὰ

1029 859 1078 893 τῆς
1105 858 1152 884 τοῦ
1175 859 1300 894 Σωτῆρος
1326 858 1403 893 ἡμῶν
1428 857 1599 889 διδασκαλίας
1629 857 1815 893 μεταϐαλόντα

1032 906 1117 931 πάντα
1135 904 1167 930 τὰ
1188 906 1228 936 είς
1250 905 1329 931 αὐτὸν
1352 905 1551 931 πεπιστευκότα
1575 904 1637 939 ἔθνη
1653 904 1700 939 τὴν
1715 904 1816 939 εὐσεϐῆ

1031 953 1076 978 καὶ
1095 950 1165 978 κατὰ
1186 951 1250 977 Θεὸν
1273 950 1383 986 λογικὴν
1400 950 1532 984 ἀπείληφε
1552 950 1754 985 καρποφορίαν·
1768 950 1818 976 καὶ

1031 997 1075 1023 ἐπὶ
1088 996 1201 1028 τούτοις,
1218 998 1241 1023 εἰ
1259 996 1295 1032 μὴ
1311 996 1457 1031 ὀφθαλμοῖς
1471 996 1516 1022 τὸν
1530 996 1644 1032 Χριστὸν
1658 996 1756 1028 ἰδόντες
1765 995 1817 1022 οὐκ

1031 1044 1204 1075 ἐπίστευσαν,
1217 1044 1263 1070 καὶ
1278 1043 1448 1074 διδάσκοντος
1464 1042 1628 1073 ἀκούσαντες
1641 1043 1664 1068 εί
1690 1042 1725 1077 μὴ
1746 1050 1817 1077 παρ-

1032 1092 1160 1127 ήκουσαν,
1181 1090 1228 1116 καὶ
1249 1090 1274 1116 ει
1287 1089 1332 1125 μὴ
1349 1089 1383 1115 τὰ
1398 1089 1479 1115 λοιπὰ
1496 1089 1545 1124 τῆς
1558 1089 1722 1125 προφητείας
1736 1089 1819 1124 ἐναρ-

1032 1135 1149 1169 γέστατα
1162 1134 1254 1165 τέλους
1269 1134 1383 1169 τυχόντα
1402 1134 1454 1159 ἀπὸ
1469 1134 1522 1161 τῶν
1537 1134 1638 1169 χρόνωδ
1660 1133 1745 1169 ἸηοῸῦ
1767 1134 1817 1160 τοῦ

1032 1179 1157 1214 Σωτῆρος
1168 1179 1245 1214 ἡμῶν
1258 1178 1403 1211 δείκνυται,
1419 1180 1468 1206 οὐκ
1482 1179 1515 1206 ἂν
1529 1179 1571 1214 εἴη
1589 1179 1669 1211 αὐτὸς
1683 1180 1697 1205 ὁ
1710 1187 1818 1215 προπ-

1032 1225 1182 1260 τευόμενος.
1205 1225 1236 1251 Εἰ
1257 1225 1284 1251 δέ
1303 1226 1349 1252 καὶ
1368 1225 1469 1260 τυφλῷ,
1487 1225 1524 1257 ὥς
1541 1235 1617 1260 φασι,
1630 1226 1695 1261 δῆλα
1710 1226 1745 1252 τὰ
1763 1225 1818 1251 τῶν

1033 1276 1118 1309 λόγων
1138 1276 1351 1312 ἀποτελέσματα,
1367 1278 1416 1303 οὐκ
1430 1277 1521 1304 ἄλλοτε
1573 1277 1626 1303 ἀπὸ
1642 1277 1695 1304 τῶν
1713 1277 1819 1313 χρόνων

1034 1322 1082 1356 τῆς
1104 1323 1261 1355 ἐπιφανείας
1282 1322 1363 1348 αὑτοῦ
1381 1323 1591 1358 πεπληρωμένα,
1607 1324 1632 1349 τί
1648 1324 1700 1358 χρὴ
1723 1323 1818 1350 λοιπὸν

1034 1368 1080 1392 καὶ
1092 1367 1154 1402 περὶ
1167 1367 1216 1401 τῆς
1227 1368 1257 1393 ἐκ
1270 1368 1404 1402 Παρθένου
1416 1368 1548 1403 γενέσεως
1563 1368 1645 1394 αὐτοῦ
1659 1366 1820 1403 ἀμφιϐόλως

1035 1412 1115 1446 ἔχειν,
1129 1412 1187 1448 οὐχὶ
1200 1413 1228 1439 δὲ
1241 1413 1390 1448 εὐγνώμονι
1404 1413 1524 1448 λογισμῷ
1536 1413 1590 1440 ἀπὺ
1605 1413 1658 1439 τῶν
1675 1414 1760 1440 εἰσέτι
1772 1413 1820 1440 νῦν

1034 1458 1177 1492 ὁρωμένων
1188 1459 1235 1484 καὶ
1246 1459 1294 1494 τὴν
1311 1458 1448 1494 καταρχὴν
1459 1458 1512 1485 τῶν
1528 1459 1695 1494 πραγμάτων
1710 1459 1822 1486 πιστοῦ-

1036 1503 1113 1535 σθαι;
1140 1503 1265 1540 ὁρώμενα
1289 1504 1317 1530 δέ
1333 1505 1415 1530 εἰσέτι
1437 1504 1484 1531 νῦν
1505 1505 1565 1531 τίνα
1586 1505 1619 1531 ἂν
1631 1505 1672 1540 εἴη
1689 1504 1746 1531 ἀλλ’
1766 1504 1784 1539 ἥ
1803 1506 1821 1539 ὴ

997 1563 1016 1590 C
1042 1548 1171 1574 Ὶιιυόαῖων
1187 1551 1226 1581 εἰς
1238 1550 1317 1576 αὐτὸν
1332 1550 1453 1581 ἀπιστία,
1468 1551 1600 1585 (ἐναργῶς
1611 1550 1679 1577 κατὰ
1695 1550 1740 1577 τὸν
1753 1560 1825 1586 χρη-κ

1035 1593 1101 1628 σμὸν
1109 1593 1281 1628 πληρουμένη
1292 1594 1336 1620 τὸν
1347 1595 1493 1628 φάσκοντα·
1506 1604 1514 1620 ι
1527 1595 1606 1630 Ἀκοῇ
1619 1595 1762 1626 ἀκούσετε,
1775 1596 1823 1622 καὶ

1033 1640 1063 1666 οὐ
1089 1639 1125 1675 μὴ
1152 1640 1257 1674 συνῆτε,
1275 1640 1321 1666 καὶ
1347 1640 1489 1674 βλέποντες
1516 1640 1636 1675 βλέψετε,
1660 1641 1706 1667 καὶ
1732 1640 1765 1667 οὐ
1785 1641 1823 1676 μὴ

1035 1686 1120 1720 ἴδητε·
1139 1685 1276 1720 ἐπαχύνθη
1301 1687 1383 1721 γὰρὴ
1402 1687 1498 1722 καρδία
1519 1687 1565 1713 τοῦ
1579 1687 1643 1714 λαοῦ
1666 1687 1796 1713 τούτουί
1812 1688 1822 1722 )

1033 1732 1107 1767 καὶὴ
1127 1732 1267 1767 πολιορκία
1276 1730 1332 1766 ’τῆς
1351 1732 1534 1768 Ἰερουσαλὴμ,
1547 1733 1594 1759 καὶ
1611 1733 1657 1759 τοῦ
1674 1733 1760 1759 πάλαι
1773 1734 1821 1760 αίμ

1032 1778 1086 1805 τῶν
1101 1778 1267 1813 ἀγιάσματος
1282 1778 1298 1812 ὴ
1316 1777 1448 1813 παντελὴς
1462 1779 1609 1814 ἐρήμωσις,
1625 1778 1678 1805 τῶν
1695 1787 1724 1805 τε
1740 1779 1823 1805 ἀλλο-

1034 1824 1123 1859 φύλων
1142 1824 1224 1850 ἐθνῶν
1237 1825 1283 1850 ἐπὶ
1298 1824 1345 1859 τῆς
1362 1824 1452 1860 χώρας
1464 1825 1553 1851 αὐτῶν
1570 1825 1737 1860 κατοίκησις,
1754 1826 1824 1860 μετὰ

1034 1870 1152 1905 κέντρων
1168 1869 1275 1901 αὐτοὺς,
1287 1869 1358 1895 τοῦτ’
1376 1870 1433 1896 ἔστι
1446 1870 1513 1905 μετὰ
1529 1870 1651 1906 σκληρῶν
1665 1871 1824 1907 ἐπιταγμά-

1033 1924 1097 1946 των,
1111 1914 1378 1950 καταδουλουμένων,
1395 1915 1483 1950 (τοῦτο
1498 1915 1551 1951 γὰρ
1563 1915 1653 1951 ἐδήλου
1664 1916 1718 1942 τῶν
1735 1916 1824 1951 μυιῶν

1034 1960 1080 1986 καὶ
1096 1959 1226 1995 μελιττῶν
1238 1959 1270 1986 τὰ
1282 1960 1489 1995 παραδείγματα
1499 1960 1517 1994 ο)
1530 1960 1575 1986 καὶ
1587 1960 1633 1987 ἐπὶ
1645 1961 1728 1987 πᾶσιν
1740 1961 1756 1995 ἡ
1769 1960 1824 1986 τῶν

1035 2006 1118 2032 ἐθνῶν
1135 2006 1189 2032 ἀπὸ
1203 2006 1251 2041 τῆς
1266 2006 1399 2041 προτέρας
1416 2006 1533 2041 ἐρημίας
1550 2007 1588 2038 είς
1603 2006 1651 2041 τὴν
1670 2006 1741 2032 κατὰ
1757 2006 1825 2032 Θεὸν

1034 2052 1169 2087 γεωργίαν
1196 2051 1344 2086 μεταϐολὴ;
1359 2051 1450 2078 Ταῦτα
1466 2051 1496 2087 δὴ
1522 2049 1567 2078 οὖν
1589 2051 1736 2086 ὀφθαλμοῖς
1754 2051 1826 2087 ὀρώ-

1037 2106 1105 2133 μενα
1118 2098 1158 2129 τίς
1166 2099 1214 2124 οὐκ
1230 2097 1261 2124 ἂν
1272 2098 1420 2133 ἐκπλαγείη
1437 2097 1594 2133 θαυμάσας;
1611 2098 1653 2129 τίς
1662 2097 1691 2124 δέ
1702 2098 1733 2124 ού
1747 2097 1825 2123 θείαν

1035 2144 1073 2175 ὡς
1087 2143 1191 2179 ἀληθῶς
1213 2143 1400 2179 ὁμολογήσειεν
1419 2144 1452 2170 ἂν
1468 2143 1515 2179 τὴν
1538 2144 1697 2179 πρόρρησιν,
1716 2143 1825 2168 ἀκούων

1036 2190 1137 2217 ἀνωθεν
1152 2189 1203 2225 πρὸ
1225 2189 1315 2224 χιλίων
1337 2190 1404 2215 ὅλων
1414 2189 1480 2215 ἐτῶν
1496 2190 1524 2215 ἐν
1540 2188 1639 2224 βίϐλοις
1654 2187 1824 2222 ἀποκείμενα

206 2230 318 2257 vitutem
335 2229 469 2263 redigunt,
486 2228 513 2254 in
526 2228 646 2262 ipsorutn
663 2231 734 2252 terra
752 2225 892 2254 habitatio,
904 2224 982 2258 328

1037 2241 1123 2268 ταῦτα
1143 2241 1189 2267 καὶ
1217 2240 1402 2275 μελετώμενα,
1428 2240 1458 2266 οὐ
1485 2240 1535 2275 μὴν
1560 2239 1652 2266 ἄλλοτε
1682 2239 1721 2269 είς
1746 2237 1825 2269 τέλος

207 2276 270 2310 (hoc
296 2275 369 2302 enim
397 2273 585 2308 signiﬁcabant
609 2279 763 2299 muscarum
797 2275 876 2305 atque
906 2277 986 2304 apum

206 2320 350 2355 exempla).
364 2324 391 2346 et
402 2319 519 2354 denique
535 2319 655 2353 ipsarum
671 2317 791 2352 gentium
803 2323 818 2342 a
835 2316 925 2350 priore
943 2323 987 2342 so-

207 2366 320 2393 litudine
335 2365 368 2392 ad
384 2365 517 2392 culturaut
530 2363 678 2391 secundum
694 2362 777 2389 Deum
795 2361 989 2388 commutatio?

208 2411 270 2438 “me
296 2411 377 2446 igitur
391 2417 451 2446 qum
471 2409 558 2437 oculis
573 2412 732 2439 cernuntur,
749 2407 810 2442 quis
825 2415 880 2435 non
900 2406 988 2433 admi-

208 2462 282 2484 retur
292 2463 372 2494 sitque
379 2455 564 2488 Obstupescat?
578 2454 644 2487 Quis
671 2461 750 2489 porro
765 2461 818 2480 non
843 2459 904 2479 rere
921 2452 989 2478 divi-

208 2510 272 2530 num
299 2503 413 2529 fateatur
429 2500 608 2526 vaticinium?
635 2507 696 2526 cmn
713 2498 804 2525 audiat
831 2501 893 2524 ante
917 2500 988 2523 totos

208 2548 280 2575 utille
297 2555 383 2574 annos
410 2546 481 2581 apud
506 2546 624 2580 majores
648 2545 705 2571 haec
717 2544 744 2570 in
769 2543 846 2570 libris
869 2543 989 2578 ipsorutn

208 2593 341 2620 contineri
360 2596 387 2620 et
401 2591 514 2623 versari,
530 2599 589 2626 quae
600 2595 689 2617 tamen
701 2598 756 2617 non
775 2589 841 2616 alias
860 2589 892 2615 ad
910 2588 989 2615 ﬁnem

209 2639 390 2674 pervenerint,
407 2646 487 2673 quam
499 2641 560 2672 post
571 2636 721 2663 Salvatoris
732 2635 817 2662 nostri
828 2634 991 2662 adventum?

209 2686 284 2718 Quod
300 2686 323 2713 si
341 2685 509 2712 admirabilis
531 2687 572 2711 est
597 2683 747 2718 praedictio,
760 2682 879 2716 itemque
905 2680 991 2708 admi-

209 2731 321 2758 rabilior
353 2735 379 2758 et
406 2738 488 2765 supra
515 2737 622 2756 omnem
648 2728 878 2763 rationemipsius
894 2726 991 2761 praedi-

210 2776 310 2803 ctionis
327 2781 449 2807 eventus,
464 2774 529 2810 quid
560 2774 677 2809 amplius
702 2773 826 2800 dubitare
848 2780 917 2806 opus
937 2775 989 2803 est,

211 2824 300 2846 utrum
323 2820 427 2855 primus
455 2821 514 2854 ejus
541 2820 574 2847 de
604 2827 659 2854 quo
681 2818 818 2853 prophetae
842 2818 991 2851 loquuntur

211 2872 349 2898 accessus,
375 2865 562 2893 admirabilem
589 2869 615 2892 et
636 2872 719 2899 supra
746 2871 853 2891 omnem
870 2862 989 2890 hominis

1038 2287 1153 2321 ἀχθέντα
1171 2286 1187 2321 ἣ
1205 2286 1271 2321 μετὰ
1289 2286 1337 2321 τὴν
1352 2286 1396 2312 τοῦ
1416 2286 1541 2320 Σωτῆρος
1556 2285 1633 2320 ἡμῶν
1649 2284 1824 2318 παρουσίαν;

1038 2334 1069 2359 Εἰ
1086 2333 1117 2368 δὴ
1128 2331 1173 2359 οὖν
1187 2332 1336 2367 θαυμάσιος
1349 2334 1365 2368 ἡ
1382 2333 1541 2368 πρόρρησις,
1555 2332 1600 2358 καί
1617 2331 1655 2357 ἔτι
1667 2331 1826 2366 θαυμασιωο

1038 2379 1114 2414 τέρα,
1132 2379 1178 2405 καὶ
1188 2380 1256 2414 ὑπὲρ
1272 2379 1358 2405 πάντα
1366 2378 1443 2412 λόγον
1456 2379 1471 2413 ἠ
1484 2378 1533 2412 τῆς
1555 2378 1731 2413 προρρήσεως
1743 2376 1826 2403 ἕκ6α‹

1040 2433 1091 2457 σις,
1103 2426 1128 2452 τί
1140 2425 1179 2451 δεῖ
1201 2426 1323 2452 ἀπιστεῖν
1342 2425 1365 2451 εί
1383 2424 1455 2459 καὶὴ
1479 2423 1571 2459 πρώτη
1589 2422 1634 2450 τοῦ
1657 2431 1825 2458 προφητευο-

1041 2471 1120 2505 μένου
1138 2470 1252 2505 πάροδος
1268 2470 1417 2505 παράδοξον
1433 2469 1478 2495 καὶ
1492 2469 1561 2503 ὺπέρ
1577 2469 1665 2495 πᾶσαν
1679 2467 1825 2503 ἀνθρώπου

1040 2516 1119 2552 φύσιν
1139 2516 1188 2552 τὴν
1207 2517 1254 2551 τῆς
1277 2516 1407 2550 γενέσεως
1432 2515 1582 2550 καταϐολὴν
1602 2514 1719 2549 εἴληχεν,
1745 2514 1826 2540 ὀπότν

1040 2569 1085 2595 καὶ
1101 2570 1117 2603 ἡ
1132 2568 1185 2594 τῶν
1208 2568 1307 2594 λοιπῶν
1324 2567 1468 2602 θαυμάτων
1493 2567 1609 2602 ἐναργὴς
1624 2566 1694 2600 ὄψις,
1709 2566 1758 2601 οὔχ
1778 2565 1822 2598 ἦτ-

1039 2628 1092 2645 των
1106 2617 1182 2649 οὖσα,
1197 2618 1249 2645 ἀπὸ
1263 2619 1311 2653 τῆς
1328 2618 1459 2652 γενέσεως
1474 2617 1554 2644 αὑτοῦ
1575 2616 1695 2651 βιάζεται
1714 2615 1760 2641 καὶ
1776 2615 1826 2649 ’τὴν

1039 2670 1092 2696 τῶν
1111 2669 1195 2696 ἄλλων
1208 2669 1260 2695 τῶν
1281 2670 1340 2695 κατ’
1357 2668 1438 2695 αὑτὸν
1452 2667 1626 2704 πραχθέντων
1645 2664 1824 2700 ἀποδέχεσθαι

1042 2721 1209 2757 μαρτυρίαν;
1231 2720 1310 2747 Ἀλλὰ
1330 2721 1384 2756 γὰρ
1397 2720 1499 2751 τούτοις
1515 2719 1577 2753 ἑξῆς
1600 2717 1668 2754 μετὰ
1688 2717 1728 2748 τὸ,
1751 2725 1760 2741 ε
1777 2716 1825 2747 Εἰς

1042 2767 1166 2803 βόσκημα
1176 2767 1311 2802 προϐάτου
1324 2767 1370 2792 καὶ
1382 2766 1566 2801 καταπατημα
1577 2763 1645 2799 βοὸς,
1665 2773 1674 2789 ›
1691 2762 1827 2796 συνῆπται

1040 2812 1151 2848 δευτέρα
1174 2821 1216 2843 τις
1238 2812 1389 2847 πρόρρησις
1412 2811 1543 2846 συγγενὴς
1566 2810 1598 2845 τῇ
1618 2806 1825 2844 προτεθειμένῃ,

1041 2860 1178 2897 ἀρχομένη
1191 2860 1244 2887 ἀπὸ
1256 2856 1314 2892 τοῦ,
1333 2868 1342 2885 ι
1361 2858 1412 2886 Καὶ
1427 2856 1484 2884 εἷπε
1500 2856 1599 2892 Κύριος
1611 2854 1678 2890 πρὸς
1692 2854 1734 2889 μέσ
1749 2851 1826 2879 Λάίε
