3902 6264
457 242 561 298 569

1144 237 1413 294 EUSEBII
1456 235 1937 294 CESABIENSIS
1975 236 2127 292 OPP.
2170 236 2351 292 PARS
2381 239 2461 294 ll.
2505 270 2570 279 —
2602 237 3104 297 APOLOGETICA.
3574 254 3658 312 530

458 360 524 414 Et
561 360 627 415 ad
657 360 877 417 verbum
908 358 1124 429 quidem
1159 359 1214 412 in
1241 358 1434 413 diebus
1475 358 1657 412 Achaz
1687 358 1828 428 regis
1855 356 2008 423 Juda,

2122 356 2402 428 Αίετθητῶς
2435 359 2533 429 μὲν
2573 355 2664 412 οὖν
2690 362 2748 413 ἐν
2791 362 2972 433 ἡμέρᾳ
2997 360 3171 432 Ἀχαξ
3211 362 3466 433 βασιλέως
3502 367 3658 438 Ἰούδα.

455 460 509 505 et
540 451 712 521 ipsius
744 451 1020 521 propheta:
1048 449 1220 511 Isaiae,
1252 448 1361 504 duo
1398 464 1555 519 reges
1602 464 1668 503 ex
1699 449 2022 520 composito,

455 559 550 598 eos
572 544 665 614 qui
696 540 1143 599 successionibus
1177 539 1346 596 David
1377 541 2022 611 parebant,obsoderunt,

456 636 601 691 sicut
636 636 794 689 etiam
833 633 984 704 prius
1023 640 1307 689 ostensum
1351 640 1457 701 est,
1515 634 1653 689 alter
1676 633 1896 704 quidem
1928 633 2027 687 Da-

455 726 624 781 masci
681 725 921 796 gentium
975 726 1269 780 simulacra
1318 724 1661 780 adorantium
1714 741 1831 788 rex,
1885 727 2023 781 alter

452 834 582 875 vero
609 817 850 874 Iudaica:
878 818 1250 874 multitudinis
1291 820 1344 873 in
1370 835 1434 873 ea
1467 818 1773 874 Palaestinae
1802 819 2023 875 civitate

450 928 572 982 quae
604 920 737 967 tunc
771 913 989 982 quidem
1013 913 1309 966 vocabatur
1363 911 1629 971 Samaria,
1655 925 1803 965 nunc
1838 918 2020 966 autem

451 1020 482 1058 a
509 1005 716 1060 nostris
746 1004 975 1061 Sebaste
1005 1006 1323 1059 nominatur
1351 1022 1363 1057 :
1396 1003 1557 1075 33o
1583 1003 1648 1059 de
1665 1004 1864 1075 quibus
1878 1004 2020 1059 Deus

449 1112 547 1167 per
563 1096 881 1168 prophetam
906 1098 971 1151 ad
1005 1097 1186 1151 Achaz
1216 1096 1351 1151 dixit
1383 1114 1396 1150 :
1438 1116 1457 1147 σ
1482 1095 1559 1152 Ne
1588 1096 1805 1158 timeas,
1842 1111 2020 1165 neque

450 1191 631 1243 anima
664 1197 753 1243 tua
780 1189 1035 1259 langueat
1065 1204 1093 1242 a
1118 1189 1330 1244 duobus
1370 1188 1550 1258 lignis,
1590 1203 1620 1242 a
1665 1188 1909 1244 torribus
1936 1188 2020 1243 his

450 1274 884 1345 fumigantthus;
924 1295 940 1326 ι
994 1284 1190 1331 etcum
1247 1276 1525 1336 interitum
1574 1277 1817 1331 virorum
1881 1292 2018 1331 con-

447 1366 604 1420 tinuo
650 1382 827 1436 neque
851 1368 1023 1421 multo
1073 1375 1199 1438 post
1244 1366 1484 1422 futurum
1522 1367 1792 1434 dixisset,
1860 1368 2016 1424 dein-

447 1474 577 1529 ceps
644 1469 791 1515 canit
852 1461 1307 1531 quemadmodum
1366 1462 1418 1516 in
1484 1462 1769 1517 nobiscum
1842 1463 2013 1517 futuri

447 1548 543 1605 Dei
594 1558 737 1615 ortu,
796 1550 1012 1620 penitus
1078 1551 1360 1605 amborum
1408 1552 1783 1623 exstinguetur
1825 1555 2016 1608 etdis-

447 1642 686 1697 solvetur
726 1657 973 1712 regnum.
1032 1641 1382 1701 Ostendimus
1441 1653 1621 1699 autem
1674 1646 1744 1700 ab
1789 1646 2013 1703 historia

445 1736 901 1805 quemadmodum
924 1752 1098 1806 usque
1132 1737 1200 1790 ad
1258 1747 1497 1808 tempora
1523 1737 1790 1795 adventus
1824 1739 2014 1795 Salva-
2047 1716 2088 1771 Β

443 1828 581 1884 toris
609 1830 782 1885 nostri
841 1828 1222 1893 JesuChristi,
1265 1838 1558 1901 utrumque
1595 1838 1650 1886 et
1702 1829 2010 1887 Iudaeorum

443 1927 498 1973 et
528 1918 986 1976 Damascenorum
1022 1923 1384 1991 permanserit
1424 1938 1670 1991 regnum.
1716 1920 2009 1994 Postquam

445 2026 573 2066 vero
597 2012 689 2068 ille
704 2013 770 2068 ad
800 2028 991 2069 omnes
1022 2013 1269 2069 homines
1294 2013 1532 2079 advenit,
1557 2015 1698 2069 sicut
1729 2016 2009 2070 oraculum

444 2103 623 2174 ipsum
647 2106 994 2176 praedixerat,
1021 2106 1356 2172 defecerunt,
1392 2122 1502 2178 quo
1549 2115 1792 2180 tempore
1839 2111 2009 2180 impe-

443 2196 584 2250 rium
612 2195 980 2253 Romanorum
1001 2215 1108 2254 una
1131 2214 1253 2254 cum
1296 2200 1596 2257 Salvatoris
1637 2201 1812 2256 nostri
1836 2201 2013 2271 publi-

440 2290 658 2344 catione
689 2290 955 2346 invaluit:
980 2299 1033 2347 et
1062 2291 1175 2346 haec
1208 2291 1275 2345 ad
1300 2292 1526 2348 verbum
1566 2308 1688 2347 cum
1720 2293 2012 2348 cecinisset

440 2381 743 2446 oraculum,
789 2381 1039 2437 transivit
1060 2382 1129 2436 ad
1159 2399 1377 2439 sensum
1420 2396 1473 2440 et
1500 2385 1929 2455 intelligentiam,
1957 2394 2012 2441 et

441 2474 510 2528 ad
570 2474 927 2531 universzilem
977 2477 1204 2547 majoris
1235 2478 1461 2549 spiritus
1508 2479 1563 2533 in
1592 2478 2010 2550 contemplando

439 2565 835 2632 expositionem
862 2605 877 2630 ,
912 2576 964 2620 et
994 2580 1117 2620 cum
1149 2567 1288 2623 duos
1333 2566 1553 2623 ordines
1584 2569 1821 2624 hostium
1849 2577 2013 2639 atque

441 2654 786 2711 inimicorum
821 2656 1200 2722 invisibilium,
1251 2659 1355 2714 hoc
1396 2668 1482 2715 est
1511 2661 1777 2716 malorum
1810 2659 2011 2718 daemo-

438 2764 596 2813 num,
630 2748 979 2812 instituisset,
1011 2750 1105 2819 qui
1127 2765 1287 2806 omne
1334 2751 1612 2807 hominum
1643 2769 1815 2824 genus
1846 2755 2011 2811 variis

440 2838 617 2895 modis
641 2848 975 2911 oppugnant,
1005 2856 1171 2895 unum
1218 2842 1436 2912 quidem
1469 2860 1655 2899 eorum
1696 2845 1788 2915 qui
1828 2853 1881 2900 et
1913 2863 2010 2901 un-

439 2930 604 3002 dique
634 2940 688 2987 et
710 2947 922 3001 semper
954 2932 1096 2986 inter
1115 2932 1362 2989 homines
1392 2935 1570 2991 cultus
1596 2935 2008 2990 simulacrorum

439 3021 572 3076 etin
597 3022 947 3091 opinionibus
1000 3022 1167 3078 falsas
1221 3025 1519 3079 sententias
1545 3031 1808 3095 generant
1847 3033 2010 3096 atque

438 3113 692 3183 efﬁciunt,
723 3113 955 3169 alterum
986 3132 1116 3172 vero
1167 3131 1356 3171 eorum
1389 3117 1481 3186 qui
1531 3118 1585 3172 in
1619 3118 1862 3175 moribus
1888 3121 2008 3173 ani-

439 3222 651 3261 marum
707 3206 1064 3277 perditionem
1131 3217 1295 3279 atque
1351 3208 1630 3264 interitum
1684 3211 2006 3274 moliuntur,

439 3315 674 3371 cumque
707 3302 910 3357 erroris
957 3302 1012 3356 in
1076 3302 1387 3357 simulacris
1441 3302 1686 3358 colendis
1716 3302 2006 3373 imaginem

440 3391 582 3448 ferre
612 3394 940 3449 ostendisset
966 3410 1089 3449 eum
1120 3395 1213 3464 qui
1264 3393 1512 3449 Damasci
1542 3395 1856 3465 imperaret,
1891 3396 2010 3465 ejus

437 3497 570 3536 vero
603 3498 697 3553 per
723 3498 882 3554 quem
906 3484 1155 3541 homines
1182 3500 1211 3538 a
1242 3484 1565 3556 temperanti
1597 3500 1841 3557 sanoque
1862 3487 2008 3540 victu

438 3575 802 3641 deducuntur,
861 3576 1085 3648 liguran
1114 3592 1257 3642 esse,
1288 3592 1413 3632 eum
1444 3576 1537 3647 qui
1574 3576 1869 3633 Samarize:
1900 3594 2006 3632 non

435 3670 590 3739 prius
633 3670 708 3726 ait
755 3677 957 3726 terram
1005 3671 1073 3725 ab
1126 3671 1277 3729 hisce
1334 3671 1666 3727 liberandam
1699 3672 1801 3741 (sic
1822 3673 2008 3742 utique

436 3776 640 3818 vocans
662 3763 908 3818 homines
940 3763 995 3817 in
1035 3770 1180 3818 terra
1218 3763 1546 3834 habitantes)
1578 3778 1741 3835 quam
1779 3765 1835 3818 in
1863 3773 2007 3819 terra

436 3851 812 3921 cmispiciatur
867 3851 1187 3909 Emmanuel
1241 3853 1428 3909 Deus:
1459 3855 1550 3909 ubi
1604 3865 1784 3911 autem
1827 3854 2007 3911 hicil-

436 3943 657 4008 luxerit,
688 3954 744 3998 et
774 3944 831 3997 in
879 3944 1117 4000 hominis
1151 3945 1331 3999 anima
1365 3948 1697 4017 regnaverit,
1734 3948 2003 4002 neminem

435 4034 664 4103 posthac
686 4033 1093 4105 superfuturum
1117 4051 1307 4091 eorum
1325 4039 1417 4109 qui
1438 4046 1596 4092 antea
1625 4038 1800 4109 ipsum
1830 4039 2006 4108 possi-

434 4125 654 4183 debant.
691 4125 787 4182 Sic
814 4143 949 4183 sane
978 4127 1144 4183 etiam
1168 4128 1271 4183 hoc
1298 4129 1353 4184 in
1397 4130 1520 4185 loco
1550 4131 1756 4185 dictum
1789 4145 1910 4187 esse
1942 4131 2007 4184 il-

435 4218 550 4285 lud,
601 4238 621 4273 ι
645 4220 877 4291 accipiet
915 4229 1237 4292 potestatem
1282 4220 1555 4285 Damasci,
1586 4229 1643 4278 et
1694 4223 1867 4292 spolia
1906 4221 2005 4278 Sa-

434 4314 640 4379 mariaa,
669 4334 688 4366 ι
718 4321 906 4384 utpote
934 4328 1058 4368 cum
1083 4311 1382 4368 Salvatoris
1407 4313 1582 4368 nostri
1630 4311 1763 4368 Jesu
1798 4312 2003 4369 Christi

2130 451 2223 502 καὶ
2250 449 2366 502 κατ’
2397 451 2558 503 αὐτὸν
2598 452 2820 505 Ἡσαΐαν
2842 454 2931 507 τὸν
2956 457 3256 526 προφήτην,
3272 455 3365 509 δύο
3383 456 3593 527 βασιλεῖς
3610 467 3659 519 ὲκ

2133 540 2403 612 συνθήκης
2424 542 2546 604 τοὺς
2560 542 2665 594 ὑπὸ
2679 544 2790 605 τοῖς
2800 542 3062 613 διαδόχοις
3082 543 3239 597 Δαυῖδ
3258 543 3658 619 βασιλευομένοις

2129 632 2495 704 ἐπολιόρκουν,
2527 633 2603 695 ὡς
2631 635 2732 704 ἤδη
2772 633 3033 706 πρότερον
3066 634 3377 705 δεδήλωται,
3407 637 3434 688 ὁ
3466 639 3555 708 μὲν
3587 643 3661 695 ἐπὶ

2128 725 2224 794 τῆς
2256 723 2548 795 Δαμασκοῦ
2584 724 2691 779 τῶν
2722 724 3119 796 εἰωλολατρῶν
3158 725 3327 780 ἐθνῶν
3372 726 3660 797 βασιλεὺς’ὁ

2126 814 2182 868 δὲ
2211 816 2303 869 τοῦ
2338 815 2574 888 πλήθους
2620 816 2729 870 τῶν
2764 813 3031 870 Ἰουδαίων
3064 819 3121 871 ἐν
3167 821 3232 889 τῇ
3270 818 3559 892 καλουμένῃ
3579 823 3664 877 Σα-

2132 910 2332 982 μαρείᾳ
2359 909 2511 962 πόλει
2542 909 2641 977 τῆς
2680 908 3062 981 Παλαιστίνης,
3093 910 3158 981 ἣν
3187 909 3456 982 Σεϐαστὴν
3485 915 3528 966 οξ
3560 915 3660 968 καθ,

2126 1002 2273 1073 ἡμᾶς
2302 1000 2653 1071 ὀνομάζουσι·
2687 1005 2812 1071 περὶ
2849 996 2923 1055 ὧν
2955 1003 2984 1055 ὁ
3007 1001 3137 1065 Θεὸς
3178 1002 3265 1056 διὰ
3297 1002 3391 1055 τοῦ
3422 1006 3663 1075 προφήτου

2123 1090 2201 1162 τῷ
2224 1090 2397 1162 Ἀχαζ
2422 1088 2541 1145 εἶπε
2565 1110 2577 1122 ·
2625 1111 2642 1143 ι
2675 1092 2765 1164 Μὴ
2799 1093 2984 1163 φοϐοῦ,
3026 1095 3158 1166 μηδὲ
3187 1097 3220 1166 ή
3248 1095 3391 1166 ψυχή
3424 1112 3510 1147 σου
3538 1097 3664 1150 ἀσθε-

2123 1184 2282 1238 νείτω
2322 1186 2429 1238 ἀπὸ
2465 1185 2574 1239 τῶν
2606 1185 2698 1238 δύο
2737 1184 2927 1251 ξύλων,
2958 1186 3066 1239 τῶν
3099 1186 3270 1241 δαλῶν
3297 1186 3408 1240 τῶν
3441 1188 3665 1251 καπνιζο-

2125 1277 2301 1347 μένων
2337 1278 2540 1332 τούτων
2565 1296 2577 1308 ·
2629 1297 2647 1330 ι
2688 1279 2779 1331 καὶ
2808 1280 2906 1351 τὴν
2935 1279 3206 1333 ἀπώλειάν
3248 1296 3311 1348 γε
3357 1278 3462 1332 τῶν
3488 1280 3665 1352 ἀνδρῶν

2122 1369 2317 1422 αὐτίκα
2347 1369 2489 1441 μάλα
2508 1371 2602 1423 καὶ
2623 1371 2721 1424 οὐκ
2748 1374 2828 1435 είς
2863 1370 3076 1443 μακρὰν
3108 1370 3322 1423 ἔσεσθαι
3360 1370 3542 1432 εἰπὼν,
3564 1372 3667 1441 ἑξῆς

2121 1461 2473 1532 προφητεύει,
2501 1463 2578 1526 ὡς
2603 1463 2695 1516 ἐπὶ
2719 1466 2783 1534 τῇ
2814 1461 2907 1515 τοῦ
2946 1462 3062 1532 μεθ’
3091 1461 3248 1533 ἡμῶν
3277 1462 3529 1532 ἐσομένου
3553 1462 3664 1514 Θεοῦ

2120 1556 2331 1624 γενέσει
2366 1556 2597 1627 πάμπαν
2642 1558 2964 1628 ἀμφοτέρων
3007 1555 3357 1626 σϐεσθήσεται
3391 1555 3481 1608 καὶ
3522 1572 3667 1609 κατα-

2120 1646 2458 1720 λυθήσεταιή
2488 1648 2749 1719 βασιλεία.
2777 1649 3071 1719 Δείκνυμεν
3100 1648 3155 1701 δὲ
3177 1648 3284 1701 ἀπὸ
3302 1648 3405 1718 τῆς
3433 1647 3662 1718 ἱστορίας.

2118 1739 2194 1802 ὡς
2222 1740 2381 1812 μέχρι
2410 1740 2518 1795 τῶν
2543 1742 2749 1813 χρόνων
2773 1743 2869 1813 τῆς
2892 1739 2987 1793 τοῦ
3028 1740 3275 1811 Σωτῆρος
3316 1739 3474 1810 ἡμῶν
3514 1738 3663 1809 Ἰησοῦ

2117 1830 2210 1883 τοῦ
2235 1831 2469 1903 Χριστοῦ
2507 1832 2828 1904 παρουσίας,
2853 1831 3248 1903 διαμεμένηκεν
3271 1833 3305 1902 ἤ
3338 1848 3399 1884 τε
3426 1830 3529 1883 τῶν
3558 1831 3665 1883 Ἰου-

2117 1922 2278 1978 δαίων
2310 1926 2403 1978 καὶ
2450 1922 2822 1996 Δαμασκηνῶν
2866 1923 3128 1994 βασιλεία.
3173 1922 3327 1977 Μετά
3359 1922 3416 1976 δὲ
3467 1922 3561 1993 τὴν
3599 1923 3664 1983 είς

2118 2016 2323 2081 πάντας
2356 2015 2673 2089 ἀνθρώπους
2715 2017 3030 2085 ἐπιφάνειαν
3061 2014 3248 2082 αὐτοῦ,
3287 2014 3584 2078 ἀκολούθως
3609 2016 3664 2083 τῇ

2118 2108 2417 2180 προρρήσει
2476 2106 2864 2173 διαλελοίπασι,
2900 2106 3000 2177 τῆς
3049 2104 3339 2177 Ῥωμαίων
3402 2104 3669 2176 μοναρχίας
3746 2178 3749 2181 ν

2117 2200 2561 2273 ὲπικρατησάσης
2584 2200 2678 2252 σὺν
2699 2198 2776 2270 τῷ
2791 2199 2884 2252 τοῦ
2907 2198 3156 2270 Σωτῆρος
3179 2198 3335 2267 ήμῶν
3357 2197 3665 2269 κηρύγματι.

2118 2291 2228 2346 Καὶ
2254 2290 2425 2345 ταῦτά
2446 2307 2509 2360 γε
2535 2292 2669 2363 πρὸς
2687 2290 2831 2354 λέξιν
2853 2279 3115 2352 θεσπίσας
3134 2291 3163 2342 ὁ
3177 2289 3353 2357 λόγος,
3381 2288 3670 2360 μετέϐαινεν

2117 2387 2210 2442 ἐπὶ
2236 2387 2335 2457 τὴν
2363 2384 2616 2449 διάνοιαν,
2653 2386 2746 2439 καὶ
2785 2385 2884 2457 τὴν
2909 2384 3137 2439 καθόλου
3171 2383 3671 2455 πνευματικωτέραν

2116 2482 2175 2533 ὲν
2203 2472 2455 2551 θεωρίαις
2491 2478 2772 2531 ἀπόδοσιν·
2820 2475 3264 2549 ὑποστησάμενός
3298 2492 3363 2528 τε
3399 2474 3493 2528 δύο
3530 2476 3673 2542 στίφη

2116 2573 2361 2643 ἀοράτων
2409 2568 2617 2640 ἐχθρῶν
2663 2568 2757 2622 καὶ
2806 2567 3075 2639 πολεμίων
3112 2567 3384 2638 δαιμόνων
3421 2565 3670 2637 πονηρῶν,

2114 2663 2175 2716 τὸ
2202 2663 2416 2716 πάντων
2454 2659 2755 2732 ἀνθρώπων
2788 2660 2943 2730 γένος
2983 2661 3253 2732 διαφόρως
3290 2658 3673 2730 πολεμούντων,

2116 2752 2174 2807 ἓν
2218 2754 2316 2824 μὲν
2359 2751 2586 2817 τῶντὰς
2612 2754 2671 2807 ὲν
2714 2751 3019 2823 ἀνθρώποις
3063 2751 3431 2823 ἐνεργούντων
3481 2751 3564 2804 ἀεὶ
3593 2748 3675 2802 καὶ

2116 2844 2344 2899 πάντοτε
2369 2842 2827 2914 εἰδωλολατρείας,
2859 2843 2952 2896 καὶ
2976 2842 3074 2906 τὰς
3100 2844 3157 2895 ὲν
3182 2843 3420 2913 δόγμασι
3445 2837 3675 2910 ψευδοδο-

2117 2935 2253 3003 ξίας,
2279 2934 2503 3005 θάτερον
2530 2935 2587 2988 δὲ
2620 2936 2727 2990 τῶν
2762 2937 2820 2989 ἐν
2843 2934 2993 3007 ἤθεσι
3018 2933 3202 3005 ψυχῶν
3227 2932 3528 3005 διαφθορὰν
3557 2947 3676 2984 κατ-

2115 3026 2510 3099 εργαζομένων
2547 3026 2640 3079 καὶ
2676 3025 2735 3078 τὸ
2773 3026 2869 3096 μὲν
2907 3025 3006 3095 τῆς
3055 3022 3449 3096 εἰδωλολάτρου
3488 3019 3677 3091 πλάνης

2111 3117 2295 3172 εἰκόνα
2327 3119 2512 3190 φέρειν
2536 3115 2843 3181 ἀποδείξας,
2865 3116 2956 3168 τὸν
2992 3117 3224 3186 ἄρχοντα
3250 3114 3357 3185 τῆς
3376 3108 3676 3185 Δαμαωωῦ,

2108 3210 2171 3263 τὸ
2193 3210 2247 3264 δὲ
2277 3208 2383 3263 τῶν
2413 3211 2469 3263 ἐν
2489 3207 2801 3263 ἀποπτῶσει
2826 3207 2918 3261 τοῦ
2951 3206 3222 3278 σώφρονος
3245 3209 3342 3260 καί¹
3364 3194 3554 3277 ὺτιοῦς
3576 3202 3678 3274 βίον

2108 3300 2278 3354 τύπον
2313 3296 2471 3365 εἶναι,
2506 3300 2599 3354 τὸν
2643 3300 2742 3371 τῆς
2776 3299 3108 3370 Σαμαρείας,
3137 3298 3195 3351 οὐ
3245 3296 3521 3369 πρότερόν
3563 3309 3681 3363 φησι

2108 3393 2312 3447 τούτων
2354 3392 2828 3464 ἀπαλλαγήσεσθαι
2870 3390 2966 3463 τὴν
2993 3391 3119 3462 γῆν,
3150 3387 3316 3469 (οὕτω
3354 3389 3547 3447 καλῶν
3568 3387 3682 3449 τοὺς

2110 3489 2201 3540 ἐπὶ
2226 3487 2326 3557 γῆς
2353 3485 2738 3548 κατοικοῦντας
2759 3484 3120 3558 άνθρώπους,)
3146 3484 3179 3555 ἦ
3210 3483 3454 3556 φανῆναι
3475 3479 3568 3535 ἐπὶ
3590 3476 3683 3547 γῆς

2107 3576 2198 3629 τὸν
2238 3575 2583 3647 Ἐμμανουήλ
2619 3574 2779 3628 Θεόν·
2813 3574 3001 3627 τούτου
3035 3574 3091 3628 δὲ
3126 3572 3565 3644 ἐπιλάμψαντος,
3599 3564 3685 3623 καὶ

2111 3665 2483 3735 βασιλεύοντος
2514 3664 2801 3740 ἀνθρώπου
2827 3664 3025 3736 ψυῂς,
3058 3664 3263 3736 μηδένα
3307 3654 3684 3717 triremem:

2107 3758 2214 3811 τῶν
2237 3758 2401 3811 πάλαι
2444 3757 2922 3831 κατακρατούντων
2959 3757 3145 3827 αὐτῆς.
3189 3755 3349 3809 Οὕτω
3384 3755 3454 3826 δὴ
3487 3748 3578 3807 οὖν
3600 3766 3686 3804 και

2108 3850 2291 3904 ἐνθάδε
2324 3849 2451 3922 περὶ
2474 3848 2583 3902 τῶν
2607 3847 2784 3902 αὐτῶν
2817 3846 3064 3917 εἰρῆσθαι
3100 3846 3314 3916 νοήσεις
3357 3844 3444 3906 τὸ,
3476 3862 3495 3894 ι
3525 3839 3686 3911 Λήψε-

2105 3956 2194 3994 ται
2231 3939 2456 4009 δύναμιν
2495 3936 2808 4008 Δαμασκοῦ,
2839 3928 2935 3991 κάὶ
2983 3936 3051 3990 τά
3086 3935 3259 3990 σκῦλα
3301 3934 3639 4009 Σαμαρείας,
3664 3949 3681 3980 ι

2105 4033 2203 4103 τῆς
2235 4031 2328 4085 τοῦ
2363 4033 2615 4102 Σωτῆρος
2634 4031 2666 4100 ἡ
2677 4028 2790 4100 μῶν
2829 4026 2999 4099 Ἰησοῦ
3027 4027 3262 4097 Χριστοῦ
3290 4027 3583 4097 δυνάμεως
3609 4039 3689 4075 κα-

2107 4123 2399 4194 θαιρούσης
2438 4121 2646 4193 ἁθρόως
2686 4120 2895 4182 πάντας
2927 4119 3052 4182 τοὺς
3090 4118 3362 4190 ἀοράτους
3409 4116 3568 4189 ἡμῶν
3605 4113 3686 4179 ἐχ-

2107 4214 2287 4287 θροὺς,
2310 4214 2359 4266 οἳ
2383 4212 2446 4286 δὴ
2468 4211 2633 4267 πάλαι
2655 4210 2915 4283 πρότερον
2928 4213 3046 4272 ταῖς
3066 4211 3504 4281 προειρημέναις
3518 4202 3687 4262 ἀθέοις

2105 4306 2200 4360 καὶ
2232 4304 2583 4358 ὲπιϐλαόέσιν
2627 4302 2927 4374 ἐνεργείαις
2953 4301 3160 4364 πάντας
3202 4296 3538 4370 ἀνθρώπους
3572 4296 3687 4346 ἐπο-

432 4402 518 4458 vis
572 4403 863 4458 acervatim
909 4416 1167 4457 eversura
1218 4410 1365 4457 esset
1412 4411 1641 4457 cunctos
1698 4402 1999 4457 invisibiles

2112 4400 2368 4470 λιόρκουν.
2398 4398 2507 4449 Καὶ
2553 4395 2687 4466 πρὸς
2727 4392 2869 4460 λέξιν
2891 4393 2949 4446 δὲ
2981 4392 3141 4445 πάλιν
3185 4390 3320 4453 ἴδοις
3350 4390 3423 4444 ἂν
3463 4386 3599 4459 ὁμοῦ
3628 4385 3685 4452 τῇ

434 4494 593 4549 nobis
641 4495 871 4559 hostes,
900 4494 994 4566 qui
1046 4492 1373 4564 jampridem
1411 4493 1518 4556 his,
1567 4507 1688 4563 quae
1749 4494 2003 4563 superius

432 4579 591 4636 dictat
617 4589 766 4646 sunt,
792 4596 823 4635 a
852 4581 962 4636 Deo
1010 4582 1202 4638 alienis
1245 4588 1300 4637 et
1340 4582 1521 4636 noxiis
1568 4582 2000 4651 operationibus,

433 4673 718 4729 universes
743 4674 990 4730 homines
1051 4675 1393 4731 occidebant.
1424 4673 1532 4730 Nec
1584 4690 1694 4729 non
1725 4689 1919 4731 rursus
1956 4676 2001 4728 si

432 4764 500 4818 ad
534 4765 758 4820 verbum
816 4765 1213 4835 interpreteris,
1262 4764 1451 4820 videas
1501 4766 1756 4836 protinus
1784 4765 1840 4819 in
1879 4773 2002 4819 ortu

433 4868 596 4929 atque
625 4859 861 4914 adventu
914 4859 1212 4915 Salvatoris
1269 4860 1470 4923 nostri,
1519 4858 1775 4915 Damasci
1810 4864 2001 4929 poten—

431 4951 560 5006 tiam
617 4966 899 5016 eversam,
942 4958 997 5005 et
1048 4951 1223 5021 spolia
1274 4948 1538 5005 Samaria).
1576 4949 1790 5004 sublata
1818 4988 1835 5014 ,
1897 4949 2001 5003 hoc

428 5053 533 5108 est,
572 5046 760 5098 earum
790 5056 977 5113 regna,
1002 5056 1124 5112 quae
1153 5057 1327 5112 usque
1375 5041 1442 5098 ad
1495 5049 1740 5113 tempora
1779 5041 1849 5096 de
1876 5040 2001 5111 qui-

427 5134 532 5191 bus
561 5135 766 5190 dictum
789 5143 893 5196 est,
927 5132 1271 5197 duraverint,
1321 5149 1390 5188 ex
1420 5133 1513 5189 illo
1542 5133 1610 5188 ad
1633 5133 1782 5188 hunc
1826 5148 2001 5203 usque

428 5227 574 5284 diem
629 5235 691 5281 ut
718 5227 787 5281 ab
831 5226 1073 5281 oraculis
1105 5226 1426 5296 praedictum
1470 5235 1555 5281 est
1581 5265 1594 5289 ,
1659 5224 1995 5280 defecerunt.

428 5320 586 5392 331
622 5320 855 5387 Quidam
876 5334 1007 5375 vero
1035 5319 1199 5376 etiam
1235 5319 1393 5374 aliter
1445 5318 1661 5381 dicunt,
1684 5316 1871 5388 Magos
1903 5317 1998 5387 qui

429 5414 499 5467 ab
531 5410 750 5468 Oriente
771 5395 1069 5476 venerunt,
1106 5419 1161 5465 et
1197 5411 1498 5476 Christum,
1531 5410 1626 5481 qui
1653 5425 1787 5480 puer
1821 5408 2001 5463 adhuc

427 5514 568 5567 erat,
593 5506 979 5571 adoraverunt,
1015 5506 1117 5562 hos
1154 5505 1305 5576 ipsos
1330 5520 1486 5571 esse,
1510 5512 1835 5575 potestatem
1890 5501 1995 5556 Da-

430 5599 626 5653 masci.
681 5598 844 5655 Potes
900 5602 1062 5655 etiam
1114 5600 1287 5671 magis
1325 5601 1380 5655 in
1439 5600 1755 5655 universum
1791 5599 1994 5660 dicere,

433 5705 623 5747 omnes
664 5691 976 5764 quicunque
1030 5691 1262 5748 alienam
1319 5707 1350 5747 a
1390 5689 1504 5748 Deo
1552 5690 1998 5761 multitudinique

2105 4490 2313 4560 γενέσει
2339 4489 2433 4543 καὶ
2465 4486 2756 4557 ἐπιφανείᾳ
2781 4484 2875 4539 τοῦ
2915 4485 3166 4555 Σωτῆρος
3195 4480 3359 4551 ἡμῶν
3404 4480 3508 4551 τὴν
3538 4477 3687 4530 δύνα-

2108 4602 2198 4655 μιν
2220 4579 2510 4653 Δαμασκοῦ
2533 4579 2941 4651 καθῃρημένην,
2970 4576 3062 4630 καὶ
3077 4575 3145 4627 τά
3171 4573 3350 4626 σκῦλα
3378 4569 3689 4643 Σαμαρείας

2104 4674 2337 4747 ὴρμένα,
2364 4673 2509 4729 τοῦτ’
2535 4672 2650 4725 ἔστι
2688 4670 2792 4734 τὰς
2837 4667 3108 4739 βασιλείας
3148 4664 3359 4728 αὐτῶν,
3412 4664 3496 4726 αἲ,
3540 4661 3687 4734 μέχρι

2100 4770 2209 4821 τῶν
2233 4766 2572 4839 δηλουμένων
2616 4764 2820 4835 χρόνων
2848 4760 3222 4833 διαρκέσασαι,
3245 4756 3308 4824 ἐξ
3348 4758 3570 4811 ἐκείνου
3606 4754 3689 4809 καὶ

2102 4863 2183 4926 εἰς
2210 4860 2368 4933 δεῦρο
2397 4858 2782 4919 διαλελοίπασι,
2816 4854 2957 4908 κατὰ
2992 4853 3090 4915 τὰς
3135 4850 3285 4914 θείας
3332 4852 3685 4924 προρρήσεις.

2101 4955 2237 5008 Φασὶ
2263 4952 2321 5006 δέ
2354 4969 2497 5016 τινες
2536 4951 2630 5004 καὶ
2672 4949 2847 5012 ἄλλως
2872 4987 2885 5011 ,
2914 4945 3041 5010 τοὺς
3078 4944 3173 4999 ἀπ’
3217 4944 3530 5014 Ἂνατολῆς
3577 4941 3691 5009 ἐλη-

2102 5046 2328 5110 λυθότας
2390 5043 2655 5112 Μάγους,
2736 5041 2831 5094 καὶ
2897 5038 2976 5109 τῷ
3028 5034 3248 5108 Χριστῷ
3313 5036 3527 5105 παιδίῳ
3586 5032 3689 5087 ὖντι

2101 5135 2614 5213 προσκεκυνηκότας
2636 5174 2651 5201 ,
2712 5131 2933 5195 τούτους
2985 5124 3123 5184 εἶναι
3180 5128 3282 5199 τὴν
3327 5126 3568 5197 δύναμιν
3600 5128 3693 5177 Δα-

2102 5230 2337 5304 μασκοῦ.
2425 5229 2614 5291 Εἴποις
2675 5225 2719 5278 δ’
2781 5222 2850 5277 ἂν
2919 5219 3362 5291 καθολικώτερον
3396 5258 3413 5284 ,
3496 5216 3693 5276 πάντας

2098 5323 2225 5386 τοὺς
2280 5321 2379 5393 τὴν
2432 5320 2530 5392 μὲν
2569 5316 2725 5373 ἄθεον
2775 5317 2871 5371 καὶ
2928 5312 3185 5368 πολύθεον
3232 5308 3695 5380 είδωλολατρείαν

2099 5398 2543 5486 ἀποστραφέντας
2571 5448 2587 5475 ,
2644 5407 2723 5481 τῷ
2780 5409 2838 5462 δὲ
2890 5405 2986 5459 τοῦ
3038 5399 3275 5476 Χριστοῦ
3326 5401 3485 5475 λόγῳ
3532 5413 3695 5456 κατα-

2098 5505 2457 5567 δουλωθέντας
2481 5541 2497 5567 ,
2578 5500 2813 5573 μάλιστα
2874 5500 2921 5552 εί
2980 5494 3191 5549 δυνατοί
3244 5509 3415 5559 τινες
3472 5489 3584 5546 εἷεν
3638 5491 3693 5540 ἐν

2098 5597 2240 5668 λόγῳ
2296 5595 2389 5649 καὶ
2447 5593 2610 5665 σοφίᾳ
2653 5590 2746 5645 τοῦ
2779 5589 2972 5652 αἰῶνος
3017 5586 3238 5646 τούτου,
3294 5587 3512 5647 αὐτοὺς
3558 5576 3691 5634 εἶναι

2098 5688 2223 5751 τοὺς
2247 5683 2675 5758 ὀνομαζομένους
2701 5680 2929 5754 δύναμιν
2951 5674 3264 5751 Δαμασκοῦ.
3326 5673 3500 5729 Κατά
3526 5672 3696 5727 ταῦτα
