3902 6264
471 387 591 444 Ἐὶό

1156 389 1418 444 EUSEBH
1459 391 1933 449 C/ESARIENSIS
1971 395 2119 452 ουρ.
2149 397 2331 452 PARS
2367 401 2431 454 ii.
2475 401 2968 458 APOLOGETICA.

3601 407 3700 463 524

487 503 786 560 Salvatoris
834 505 1026 567 nostri,
1081 506 1277 574 quippe
1319 506 1411 574 qui
1459 507 1590 561 illud
1630 509 1756 563 item
1788 511 2012 565 ostende

2145 513 2318 582 ῥητῶς
2389 515 2528 567 κατά
2581 515 2677 585 τὴν
2754 517 3040 588 πρόχειρον
3103 515 3336 570 διάνοιαν
3363 557 3377 580 ,
3459 519 3578 573 τοτὲ
3645 522 3701 574 δὲ

484 600 659 654 rimus
707 598 839 652 alias
871 597 1085 667 quidem
1133 596 1202 649 ad
1226 598 1470 663 verbum,
1499 606 1553 653 et
1582 601 1878 655 secundum
1925 617 2043 656 eam

482 691 807 746 sententiam
833 705 952 760 qua:
979 690 1035 743 in
1085 697 1334 759 promptu
1363 691 1454 755 sit,
1488 692 1623 747 alias
1652 707 1781 747 vero
1823 692 2044 764 ﬁgurate

481 790 733 852 oportere
761 781 818 834 in
845 782 992 850 ipsas
1037 781 1350 852 prophetias
1402 783 1744 852 incumbere;
1787 788 2043 841 continuo

479 887 717 942 namque
757 879 881 941 post
922 887 1016 927 eas
1063 889 1183 943 qua:
1212 881 1369 928 antea
1400 873 1559 928 dicta:
1582 884 1709 930 sunt
1734 893 1913 943 voces,
1947 893 2044 947 per

481 962 825 1018 obscuriores
869 967 1132 1034 quasdam
1183 964 1383 1035 ﬁguras
1413 965 1763 1038 adjungitur:
1801 987 1818 1019 ι
1855 967 1920 1021 Et
1947 969 2041 1022 ad-

473 1053 606 1121 jecit
634 1052 897 1110 Dominus
951 1055 1098 1126 loqui
1140 1056 1208 1110 ad
1252 1073 1336 1111 me
1365 1058 1540 1113 adhuc
1571 1101 1585 1126 ,
1627 1075 1690 1115 eo
1731 1061 1873 1130 quod
1907 1063 2041 1117 nolit

477 1147 712 1216 populus
770 1147 874 1202 iste
930 1163 1126 1218 aquam
1179 1147 1400 1214 Siloam,
1449 1167 1568 1222 qua:
1607 1153 1752 1207 vadit
1806 1169 1931 1209 cum
1965 1156 2041 1211 si-

477 1232 662 1302 lentio,
693 1237 788 1293 sed
805 1239 931 1294 velit
963 1240 1164 1295 habere
1192 1237 1469 1310 Rhaasim,
1510 1254 1565 1298 et
1600 1244 1767 1298 ﬁlium
1835 1246 2038 1302 Rome-

474 1328 579 1383 lim.
614 1329 822 1386 Idcirco
844 1346 970 1387 ecce
991 1331 1250 1388 Dominus
1281 1332 1511 1391 adducet
1537 1353 1805 1407 supervos
1843 1353 2036 1410 aquam

475 1421 716 1480 fluminis
753 1425 948 1480 fortem
985 1434 1040 1482 et
1066 1428 1295 1483 multam
1321 1470 1336 1494 ,
1370 1445 1549 1501 regem
1581 1431 1952 1501 Assyriorum,
1983 1440 2037 1486 et

466 1515 703 1584 gloriam
759 1517 878 1586 ejus
916 1536 928 1571 :
968 1525 1020 1572 et
1053 1521 1307 1577 ascendet
1362 1538 1526 1592 super
1565 1537 1779 1578 omnem
1813 1525 2034 1578 conval-

473 1605 579 1660 lem
603 1614 860 1674 vestram,
916 1616 971 1664 et
1009 1612 1306 1668 ambulabit
1357 1629 1522 1685 super
1549 1630 1762 1670 omnem
1816 1630 2034 1670 murum

468 1706 736 1764 vestrum,
759 1707 813 1755 et
838 1701 1046 1758 auferet
1077 1703 1144 1759 de
1173 1704 1356 1760 Iudaea
1402 1706 1695 1770 hominem,
1746 1707 1838 1778 qui
1862 1708 2033 1776 possit

459 1799 635 1859 caput
665 1791 856 1847 tollere
892 1809 905 1844 :
939 1803 1031 1848 aut
1059 1795 1149 1865 qui
1182 1796 1411 1851 idoneus
1437 1798 1507 1852 sit
1529 1813 1910 1852 consummare
1929 1798 2030 1852 ali-

469 1881 618 1950 quid,
664 1889 718 1937 et
771 1891 930 1938 erunt
965 1893 1146 1940 castra
1174 1887 1317 1958 ejus,
1354 1889 1429 1942 ita
1462 1896 1520 1943 ut
1553 1889 1811 1958 impleant
1848 1890 2033 1945 latitu-

453 1973 648 2026 dinem
692 1975 930 2044 regionis
980 1985 1105 2044 tuae,
1153 1979 1436 2035 nobiscum
1495 1979 1656 2036 Deus.
1711 1980 2031 2053 Cognoscitc

468 2073 655 2133 gentes
689 2073 740 2119 et
769 2066 1076 2134 vineimini,
1133 2072 1386 2127 exaudite
1421 2087 1594 2142 usque
1634 2073 1698 2128 ad
1729 2082 2029 2129 extremum

468 2163 627 2210 terra:
656 2155 720 2210 ⁸⁸.
752 2175 770 2207 ›
807 2155 1131 2215 Planissime
1159 2162 1304 2216 enim
1332 2162 1447 2216 haec
1479 2164 1630 2219 nulla
1656 2165 1762 2220 alia
1793 2166 2026 2230 ratione,

465 2263 628 2317 quam
667 2263 732 2304 ex
769 2249 959 2320 ﬁgura,
1014 2259 1068 2307 et
1103 2253 1500 2322 immutatione,
1563 2257 2028 2328 conversioneque

463 2341 752 2405 sermonis,
772 2343 1092 2397 sententiam
1109 2355 1326 2401 servant
1345 2369 1356 2402 :
1372 2347 1674 2418 signiﬁcant
1693 2365 1921 2420 namque
1933 2365 2028 2419 per

463 2447 660 2508 aquam
689 2431 890 2489 Siloam
912 2451 1032 2504 quae
1068 2438 1214 2492 vadit
1239 2453 1362 2493 cum
1391 2441 1628 2504 silentio,
1659 2441 2022 2512 evangelicam

465 2521 721 2578 salutaris
750 2524 900 2579 verbi
947 2526 1250 2580 doctrinam
1279 2547 1293 2582 ε
1323 2543 1446 2584 nam
1471 2545 1536 2585 ex
1557 2531 2020 2600 interpretatione,

464 2611 666 2670 Siloam
693 2615 893 2671 dicitur
919 2620 1130 2674 missus.
1167 2619 1337 2676 Porro
1369 2623 1458 2676 hic
1487 2625 1737 2692 quisnam
1767 2610 1913 2680 alius.
1928 2626 2020 2690 sit,

463 2705 568 2760 nisi
615 2706 707 2776 qui
740 2722 770 2759 a
807 2705 968 2762 Patre
1003 2709 1068 2762 ad
1101 2723 1201 2764 nos
1237 2711 1438 2766 missus
1480 2710 1624 2766 Deus
1651 2710 1887 2766 Verbum
1910 2713 1933 2766 ?
1955 2713 2022 2767 de

459 2811 569 2866 quo
611 2797 774 2851 etiam
822 2797 1002 2853 Moses
1028 2799 1148 2853 ait;
1197 2819 1215 2851 ‹
1247 2800 1364 2856 Non
1395 2802 1607 2857 deﬁciet
1655 2803 1908 2873 princeps
1954 2804 2020 2860 de

455 2885 617 2951 Juda,
647 2903 822 2957 neque
853 2889 962 2943 dux
1013 2889 1080 2944 de
1131 2892 1428 2948 femoribus
1461 2893 1603 2963 ejus,
1637 2895 1809 2951 donec
1842 2897 2019 2951 veniat

458 2980 546 3033 cui
576 2980 870 3050 repositum
883 2989 986 3050 est,
1000 2992 1053 3038 et
1072 2982 1187 3056 ipse
1202 2985 1304 3039 erit
1317 2987 1648 3057 exspectatio
1659 2989 1898 3059 gentium
1915 2990 1978 3045 ⁵³.
1993 3007 2011 3041 ι

455 3071 616 3142 333
650 3073 756 3126 Pro
789 3073 881 3128 illo
913 3075 1092 3140 enim,
1125 3095 1142 3127 ι
1173 3078 1260 3130 cui
1295 3079 1592 3148 repositum
1624 3088 1738 3143 est,
1777 3100 1796 3132 ι
1826 3081 1880 3134 in
1911 3079 2015 3135 He-

456 3163 645 3217 braico
670 3163 900 3219 habetur
923 3186 939 3216 ι
965 3165 1199 3233 Siloam,
1218 3187 1236 3219 ι
1257 3185 1379 3222 eum
1411 3171 1662 3226 videlicet
1687 3172 1779 3242 qui
1803 3172 1890 3228 hic
1920 3174 2013 3228 ha-
2042 3195 2083 3251 ο

448 3256 614 3310 betur
644 3254 881 3322 Siloam,
915 3259 1018 3313 hoc
1051 3267 1165 3324 est,
1201 3263 1428 3316 missum
1453 3303 1468 3329 ,
1500 3265 1663 3318 etiam
1696 3267 1807 3320 illic
1845 3267 2015 3338 signi—

450 3350 652 3404 ﬁcante
696 3351 939 3404 oraculo.
992 3349 1162 3406 Porro
1215 3351 1474 3409 Rhaasim
1527 3372 1624 3411 rex
1679 3356 1781 3412 fuit
1827 3375 2014 3412 earum

455 3441 697 3507 gentium
743 3456 862 3510 quae
906 3440 1198 3498 simulacra
1243 3443 1492 3500 Damasci
1532 3447 1819 3514 colebant,
1871 3451 2016 3504 sicut

457 3529 711 3587 itomelia:
743 3532 888 3588 ﬁlius
919 3535 1036 3603 ejus
1063 3534 1302 3590 Judaicaa
1329 3537 1534 3607 gentis,
1571 3554 1691 3608 qua:
1723 3539 1775 3592 in
1823 3539 2014 3594 Sama-

454 3622 533 3675 ria
577 3623 806 3693 patriam
857 3627 1172 3695 religionem
1217 3628 1550 3684 deseruerat.
1597 3629 1835 3684 Minatur
1883 3646 2012 3702 ergo

452 3713 594 3768 Deus
624 3716 693 3771 iis
716 3716 816 3786 qui
850 3714 1089 3781 Siloam,
1119 3719 1222 3772 hoc
1253 3727 1335 3775 est
1355 3760 1371 3788 ,
1407 3721 1633 3775 missum
1667 3722 2006 3788 Emmanuel,

451 3812 506 3856 et
531 3819 654 3859 eum
683 3807 776 3875 qui
799 3822 866 3861 ex
893 3809 1117 3864 muliere
1142 3810 1458 3880 praphetica
1485 3819 1648 3866 natus
1677 3813 1781 3878 sit,
1815 3814 2005 3880 ﬁlium,

452 3897 793 3968 potabileque
826 3914 890 3953 ac
920 3901 1210 3956 fecundum
1243 3903 1361 3970 ejus
1398 3903 1632 3960 Verbum
1669 3922 1777 3960 non
1819 3923 2007 3962 susce-

450 3990 666 4056 perint,
701 3992 795 4046 sed
831 3992 962 4046 illud
995 3995 1246 4062 quamvis
1280 4006 1562 4051 mansuete
1593 4005 1646 4052 et
1679 4013 1802 4053 eum
1836 4001 2005 4054 silen-

449 4081 525 4133 tio
579 4080 806 4148 feratur,
863 4086 1266 4151 recusaverint,
1321 4095 1373 4140 et
1421 4097 1611 4142 contra
1657 4091 1866 4162 seipsos
1913 4102 2007 4146 aut

449 4172 691 4240 gentium
722 4173 1017 4230 simulacra
1047 4177 1374 4242 colentium,
1417 4187 1509 4232 aut
1554 4182 1735 4251 populi
1777 4181 1866 4236 Dei
1913 4183 2006 4238 de-

438 4263 720 4322 Iectionis.
759 4266 1058 4337 principem
1123 4268 1476 4338 optaverint,
1537 4285 1597 4325 se
1651 4272 2000 4326 inducturum

443 4369 638 4425 aQUam
695 4361 937 4419 ﬂuminis
1009 4360 1205 4417 fortem
1279 4370 1330 4416 et
1371 4361 1628 4424 multam,
1661 4377 1822 4432 quam
1870 4380 2002 4418 sane

433 4463 638 4517 aquam
667 4487 684 4516 ,
739 4450 916 4520 ipsum
956 4453 1250 4522 pmphetiae
1287 4453 1568 4506 oraculum
1616 4453 2002 4524 interpretatur

2061 1861 2103 1915 Β
2133 1845 2448 1918 παρεμϐολὴ
2513 1846 2674 1898 αὐτοῦ
2703 1887 2717 1912 ,

2144 605 2416 674 τροπικῶς
2469 605 2576 660 δεῖν
2631 606 2936 660 ἐπιϐάλλειν
2988 610 3106 670 ταῖς
3157 606 3530 678 προφητείαις.
3597 611 3702 664 Αὑ-

2143 707 2267 759 τίκα
2325 706 2449 779 ἑξῆς
2501 710 2623 772 ταῖς
2678 708 3098 781 προειρημέναις
3168 711 3369 779 φωναῖς
3438 711 3506 764 δι’
3561 692 3736 765 αίνι-’

2141 799 2363 870 γμάτων
2417 796 2570 864 αὖθις
2613 801 2917 869 ὲπιλέγεται
2945 818 2957 832 ·
2998 821 3015 852 ι
3042 803 3151 855 Καὶ
3183 803 3473 874 προσέθετο
3502 804 3702 876 Κύριος

2141 891 2367 962 λαλῆσαί
2419 911 2507 964 μοι
2557 894 2674 960 ἔτι,
2736 895 2823 947 διὰ
2854 895 2914 947 τὸ
2975 895 3048 966 μὴ
3101 893 3382 964 βούλεσθαι
3431 895 3523 949 τὸν
3580 897 3703 951 λαὸν

2138 982 2322 1036 τοῦτον
2363 984 2423 1036 τὸ
2457 984 2597 1056 ὕδωρ
2630 983 2723 1036 τοῦ
2754 983 2974 1055 Σιλωὰμ
2997 985 3058 1037 τὸ
3096 987 3455 1058 πορευόμενον
3500 987 3700 1058 ἡσυχῆ,

2139 1076 2273 1129 ἀλλὰ
2330 1076 2608 1147 βούλεσθαι
2665 1077 2806 1148 ἔχειν
2857 1078 2946 1130 τὸν
2990 1078 3220 1148 Ῥαασὶμ
3245 1119 3260 1144 ,
3317 1080 3410 1132 καὶ⁹
3455 1079 3547 1133 τὸν
3590 1079 3703 1132 υίὸν

2149 1168 2442 1239 Ῥομελίου.
2495 1170 2593 1223 Διά
2651 1171 2804 1223 τοῦτο
2837 1171 2942 1224 ἰδοὺ
2970 1171 3170 1243 Κύριος
3199 1171 3389 1240 ἀνάγει
3417 1172 3501 1240 ἐφ’
3559 1171 3702 1242 ὑμᾶς

2135 1260 2197 1313 τὸ
2227 1260 2369 1332 ὕδωρ
2397 1260 2490 1314 τοῦ
2526 1262 2768 1333 ποταμοῦ
2798 1263 2856 1316 τὸ
2889 1263 3104 1334 ἰσχυρὸν
3131 1263 3223 1316 καὶ
3265 1263 3328 1316 τὸ
3376 1264 3511 1316 πολὺ
3538 1301 3554 1326 ,
3611 1263 3701 1316 τὸν

2137 1359 2358 1429 βασιλέα
2400 1359 2506 1414 τῶν
2553 1361 2847 1432 Ἀσσυρίων
2873 1401 2886 1425 ,
2921 1362 3016 1415 καὶ
3049 1361 3146 1432 τὴν
3173 1360 3326 1426 δόξαν
3357 1363 3521 1416 αὑτοῦ
3547 1379 3564 1394 ’
3610 1364 3699 1417 καὶ

2133 1451 2463 1522 ἀναϐήσεται
2513 1453 2606 1504 ἐπὶ
2639 1455 2836 1507 πᾶσαν
2887 1453 3142 1524 φάραγγα
3175 1455 3327 1525 ὑμῶν
3349 1495 3363 1520 ,
3400 1457 3496 1510 καὶ
3541 1472 3697 1527 περι-

3239 1555 3333 1608 καὶ
3369 1557 3561 1624 ἀφελεῖ
3592 1557 3698 1610 ἀπὸ

2131 1657 2229 1727 τῆς
2293 1657 2547 1719 Ἰουδαίας
2609 1656 2890 1728 ἄνθρωπον
2914 1695 2930 1719 ,
3005 1656 3065 1721 ὃς
3124 1658 3406 1729 δυνήσεται
3456 1659 3697 1730 κεφαλὴν

2132 1747 2299 1822 ἆραι,
2349 1751 2384 1822 ἢ
2437 1751 2655 1804 δυνατὸν
2709 1751 3121 1806 συντελέσασθαι
3176 1765 3262 1805 τι·
3313 1756 3407 1808 καὶ
3451 1755 3608 1810 ἔσται
3660 1761 3692 1825 ἡ

2801 1847 2941 1900 ὥστε
3017 1846 3297 1918 πληρῶσαι
3358 1848 3420 1901 τὺ
3494 1850 3694 1913 πλάτος

2133 1554 2366 1622 πατήσει
2425 1552 2517 1605 ὲπὶ
2571 1555 2677 1609 πᾶν
2731 1557 2906 1624 τεῖχος
2956 1553 3107 1625 ὑμῶν
3132 1595 3147 1619 ,

2133 1948 2232 2017 τῆς
2282 1945 2463 2016 χώρας
2522 1963 2615 1999 σου
2643 1963 2657 1976 ο
2703 1946 2822 2016 μεθ’
2857 1946 3010 2017 ἡμῶν
3047 1947 3076 1998 ὁ
3112 1948 3259 2011 Θεός.
3308 1949 3485 2002 Γνῶτε
3511 1991 3526 2014 ,
3567 1952 3692 2024 ἔθνη

2130 2037 2224 2089 καὶ¹
2275 2034 2507 2106 ἡττᾶσθε
2535 2074 2549 2099 ,
2603 2035 2939 2088 ἐπακούσατε
2985 2036 3090 2099 ἓως
3136 2037 3363 2108 ἐσχάτου
3392 2039 3492 2108 τῆς
3525 2041 3686 2112 γῆς.»

2128 2126 2322 2196 Σαφῶς
2367 2126 2474 2198 γὰρ
2524 2125 2695 2180 ταῦτα
2727 2127 2845 2179 οὐδὲ
2896 2127 3067 2190 ἄλλως
3098 2127 3130 2198 ἢ
3169 2128 3303 2198 μετά
3331 2129 3562 2201 θεωρίας
3592 2133 3694 2202 τῆς

2127 2219 2267 2272 κατὰ
2320 2219 2491 2289 μόνην
2525 2219 2875 2289 τροπολογίαν
2908 2218 3002 2289 τὴν
3053 2219 3290 2274 διάνοιαν
3339 2221 3534 2286 σώζει·
3598 2225 3686 2294 δη-

2126 2308 2207 2360 λοῖ
2257 2307 2387 2376 γοῦν
2443 2308 2536 2361 καὶ
2583 2307 2721 2361 αὐτά
2759 2308 2846 2361 διά
2888 2309 2983 2379 μὲν
3037 2309 3130 2362 τοῦ
3179 2309 3367 2374 ὓδατος
3433 2311 3528 2364 τοῦ
3604 2315 3692 2365 Σι-

2125 2405 2280 2477 λωὰμ
2333 2405 2426 2459 τοῦ
2475 2407 2647 2476 ἡσυχῆ
2693 2405 3052 2477 πορευομένου
3079 2405 3176 2477 τὴν
3208 2407 3565 2479 εὐαγγελικὴν
3595 2409 3690 2462 τοῦ

2126 2497 2393 2570 σωτηρίου
2467 2497 2623 2566 λόγου
2699 2497 3074 2551 διδασκαλίαν·
3160 2498 3514 2568 ἑρμηνεύεται
3577 2500 3692 2571 γὰρ

2124 2595 2342 2666 Σιλωὰμ
2371 2595 2841 2666 ἀπεσταλμένος.
2939 2591 3104 2661 Οῦτος
3137 2598 3179 2651 δ’
3208 2597 3274 2652 ἂν
3311 2598 3394 2669 εἴη
3427 2602 3454 2651 ὁ
3493 2601 3558 2652 ἐκ
3594 2600 3691 2653 τοῦ

2122 2691 2332 2762 Πατρδς
2381 2693 2510 2762 ἡμῖν
2561 2692 2964 2764 ἀπεσταλμένος
3013 2692 3144 2756 Θεὸς
3187 2693 3388 2761 Λόγος·
3440 2693 3572 2764 περὶ
3629 2691 3691 2747 οῦ

2121 2793 2212 2846 καὶ
2251 2793 2454 2863 Μωσῆς
2486 2811 2646 2864 φησιν
2669 2810 2682 2823 ·
2724 2813 2740 2845 ι
2771 2793 2881 2847 Οὐκ
2931 2793 3164 2863 ἐκλείψει
3192 2794 3369 2864 ἅρχων
3393 2791 3451 2857 ἐξ
3488 2793 3687 2858 Ἰούδα,

2117 2885 2237 2938 οὐδὲ
2265 2885 2558 2956 ἡγούμενος
2589 2887 2652 2938 ἐκ
2683 2886 2788 2938 τῶν
2834 2884 3022 2958 μηρῶν
3065 2885 3225 2939 αὐτοῦ
3246 2927 3260 2949 ,
3310 2887 3411 2950 ἕως
3451 2885 3518 2940 ἂν
3550 2887 3688 2961 ἔλθῃ

2116 2972 2159 3045 ᾧ
2209 2979 2528 3042 ἀπόκειται,
2589 2979 2682 3032 καὶ
2729 2979 2886 3042 αὐτὸς
2934 2978 3080 3031 ἔσται
3128 2978 3414 3050 προσδοκία
3450 2978 3682 3030 ἐθνῶν.»

2129 3069 2270 3122 Ἀντὶ
2293 3069 2384 3122 τοῦ
2412 3070 2518 3140 γάρ
2555 3065 2628 3138 «ᾧ
2644 3071 2943 3136 ἀπόκειται,
2958 3091 2975 3123 ι
2997 3072 3055 3123 τὸ
3079 3071 3358 3139 Ἑϐραῖκὸν
3381 3090 3398 3120 ι
3421 3069 3680 3141 Σιλωὰμο

2120 3161 2377 3232 περιέχει,
2409 3163 2498 3215 τὸν
2550 3163 2782 3217 ἐνταῦθα
2823 3163 3058 3233 Σιλωάμ,
3090 3163 3232 3216 τοῦτ’
3277 3163 3410 3226 ἔστι,
3443 3161 3534 3214 τὸν
3572 3162 3685 3214 ἀπ-

2117 3252 2437 3323 εσταλμένον
2461 3253 2619 3305 κάκεῖ
2650 3252 2930 3323 δηλοῦντος
2953 3253 3045 3305 τοῦ
3076 3251 3253 3320 λόγου.
3270 3252 3326 3304 Ὀ
3347 3251 3402 3303 δὲ
3439 3251 3682 3321 Ῥαασὶμ

2117 3340 2364 3410 βασιλεὺς
2401 3337 2467 3410 ἦν
2497 3341 2660 3395 πάλιν
2719 3342 2824 3395 τῶν
2867 3344 2922 3394 ἐν
2969 3341 3242 3413 Δαμασκῷ
3279 3340 3681 3411 εἰδωλολατρῶν

2114 3441 2299 3505 ἐθνῶν,
2348 3442 2423 3506 ὡς
2470 3444 2564 3496 καὶ
2607 3445 2634 3495 ὁ
2681 3444 2793 3506 υίὸς
2829 3441 3105 3513 Ῥομελίου
3158 3443 3265 3495 τῶν
3293 3443 3350 3495 ἐν
3395 3439 3679 3511 Σαμαρείᾳ

2112 3532 2204 3584 τοῦ
2243 3533 2508 3586 Ἰουδαίων
2549 3533 2731 3598 ἔθνους
2765 3535 3110 3587 ἀποστάντων
3132 3534 3227 3603 τῆς
3271 3533 3499 3602 πατρίου
3537 3532 3676 3601 θρη-

2114 3623 2318 3687 σκείας.
2385 3623 2618 3676 Ἀπειλεῖ
2645 3624 2976 3696 τοιγαροῦνὸ
3018 3625 3146 3687 Θεὸς
3187 3626 3298 3685 τοῖς
3345 3623 3419 3693 μὴ
3452 3621 3544 3674 τὸν
3585 3623 3676 3672 Σι-

2109 3711 2287 3783 λωὰμ,
2312 3713 2452 3766 τοῦτ’
2485 3713 2596 3766 ἔστι
2627 3715 2715 3767 τὸν
2740 3713 3139 3784 ἀπεσταλμένον
3185 3711 3549 3783 Ἐμμανουὴλ,
3580 3709 3673 3761 καὶ

2106 3811 2196 3862 τδν
2230 3811 2294 3862 ἐκ
2317 3811 2414 3879 τῆς
2447 3809 2770 3881 προφήτιδας
2804 3810 3162 3880 γεγενημένον
3197 3809 3328 3872 υἱὸν,
3360 3806 3450 3859 τόν
3475 3823 3534 3858 τε
3571 3805 3674 3857 πόα

2106 3918 2260 3972 τιμον
2291 3903 2381 3954 καὶ
2403 3903 2620 3973 γόνιμον
2646 3901 2807 3955 αὑτοῦ
2838 3902 3006 3970 Λόγον
3024 3900 3508 3972 παραδεξαμένοις,
3532 3897 3671 3950 ἀλλὰ

2105 3993 2289 4047 τοῦτον
2347 3995 2462 4064 μὲν,
2520 3993 2695 4047 καίτοι
2750 3994 2938 4064 πράως
2993 3994 3086 4046 καὶ
3135 3992 3309 4063 ἡσυχῆ
3341 3990 3665 4062 φερόμενον,

2106 4085 2616 4156 παραιτησαμένοις,
2658 4085 2776 4138 καθ’
2802 4085 3004 4138 ἑαυτῶν
3047 4085 3102 4137 δὲ
3127 4085 3242 4155 ἤτοι
3267 4084 3357 4136 τὸν
3380 4083 3485 4137 τῶν
3513 4081 3670 4134 εξδωο

2105 4175 2376 4245 λολατρῶν
2405 4174 2574 4228 ἐθνῶν
2617 4176 2870 4246 ἄρχοντα,
2904 4176 2936 4246 ἢ
2970 4177 3058 4229 τὸν
3090 4177 3186 4246 τῆς
3209 4175 3544 4238 ἀποστασίας
3569 4174 3667 4226 τοῦ

2105 4265 2230 4318 λαοῦ
2253 4265 2345 4319 τοῦ
2375 4266 2508 4318 Θεοῦ
2557 4266 2829 4336 ἑλομένοις
2865 4266 3084 4330 ἐπάξειν
3118 4266 3176 4318 τὸ
3199 4265 3339 4337 ὓδωρ
3367 4264 3459 4317 τοῦ
3492 4282 3666 4317 ποτα-

2108 4357 2209 4428 μοῦ
2231 4358 2289 4410 τὸ
2319 4358 2533 4428 ἰσχυρὸν
2576 4359 2670 4410 καὶ
2704 4359 2764 4410 τὸ
2801 4358 2955 4422 πολὺ,
2989 4359 3124 4429 ὅπερ
3158 4357 3300 4428 ὕδωρ
3325 4358 3484 4420 αὐτὸς
3517 4361 3545 4410 ὁ
3569 4358 3668 4427 τῆς

2104 4450 2435 4520 προφητείας
2461 4450 2613 4516 λόγος
2664 4450 2969 4522 ἑρμηνεύει,
3000 4449 3169 4517 λέγων
3216 4449 3374 4502 αὐτὸν
3407 4445 3544 4502 εἶναι
3573 4450 3667 4501 τὸν

435 4540 667 4604 dicens,
705 4541 883 4610 ipsum
921 4558 1044 4598 esse
1087 4558 1266 4612 regem
1303 4545 1672 4614 Assyriorum.
1724 4544 1814 4600 Sic
1856 4547 2000 4601 enim

2117 4541 2328 4594 Ξασιλέα
2362 4541 2471 4594 τῶν
2517 4543 2812 4614 ’Λσσυρίων
2835 4559 2846 4571 ο
2884 4542 3023 4595 οὕτω
3046 4541 3206 4595 πάλιν
3239 4542 3355 4612 ἦτοι
3381 4541 3523 4594 κατὰ
3551 4541 3668 4594 διά-

432 4645 634 4687 rursus
668 4633 967 4687 secundum
1002 4637 1322 4690 sententiam
1349 4677 1362 4700 ,
1399 4646 1492 4690 aut
1536 4637 1804 4706 signiﬁcat
1846 4639 1999 4707 prin-

435 4722 611 4792 cipem
641 4726 827 4780 smculi
854 4726 1034 4794 hujus,
1065 4737 1159 4781 aut
1180 4767 1194 4791 ,
1219 4728 1363 4798 quod
1395 4710 1539 4783 nunc
1568 4747 1744 4785 rerum
1775 4733 1996 4799 potitur,

435 4815 808 4871 Romanorum
838 4817 1160 4888 imperium,
1199 4820 1287 4874 cui
1337 4822 1565 4890 imperio
1609 4823 1792 4876 traditi
1839 4833 1994 4889 sunt,

431 4905 530 4975 qui
566 4921 682 4961 eam
707 4945 724 4972 ,
762 4907 829 4963 de
857 4924 965 4976 qua
993 4909 1198 4964 dictum
1228 4919 1311 4966 est
1332 4951 1347 4976 ,
1381 4927 1575 4981 aquam
1605 4911 1842 4980 Siloam,
1879 4929 1998 4984 qua:

439 5013 567 5053 cum
603 4998 820 5054 silentio
863 5001 1043 5067 vadit,
1079 5013 1501 5071 recusaverunt,
1533 5004 1860 5062 adversariis
1899 5022 1997 5061 au-

433 5105 541 5153 tem
577 5104 740 5168 atque
773 5099 1020 5154 hostibus
1053 5109 1214 5154 recta:
1243 5101 1472 5156 rationis
1502 5101 1790 5156 sententiis
1831 5109 1995 5172 atque

426 5188 780 5257 opinionibus
797 5229 811 5250 .
837 5191 1047 5260 seipsos
1076 5191 1428 5260 subjecerunt
1455 5212 1466 5248 :
1501 5210 1531 5249 e
1557 5195 1785 5266 vestigio
1811 5193 1956 5249 enim
1975 5233 1989 5259 ,

431 5293 611 5349 neque
643 5281 720 5334 ita
754 5289 880 5352 post
910 5284 1142 5338 multum
1181 5293 1395 5354 tempus
1415 5325 1430 5350 ,
1464 5286 1520 5340 in
1551 5301 1647 5342 eos
1678 5287 1772 5356 qui
1803 5285 1993 5340 Salva-

432 5371 570 5426 toris
595 5375 770 5427 nostri
808 5373 1157 5446 Evangelium
1193 5392 1302 5432 non
1341 5386 1730 5447 susceperant,
1766 5377 1862 5433 sed
1895 5393 1990 5448 po-

432 5468 548 5513 tum
581 5461 820 5529 Siloam,
855 5466 948 5535 qui
995 5468 1196 5522 labitur
1235 5483 1360 5522 cum
1397 5468 1640 5532 silentio,
1692 5483 1987 5525 recusave-

429 5559 555 5604 rant
574 5591 588 5614 .
623 5552 992 5612 Romanorum
1023 5561 1091 5614 ab
1121 5560 1241 5631 ipso
1273 5559 1386 5616 Deo
1417 5560 1660 5617 directus
1690 5564 1986 5626 exercitus,

432 5638 578 5694 facto
612 5643 813 5714 impetu
836 5685 851 5710 ,
890 5651 1194 5716 penetravit
1226 5651 1284 5704 in
1318 5665 1536 5706 omnem
1570 5653 1871 5707 convallem
1905 5654 1988 5722 ip-

2102 4651 2247 4685 νοιαν
2299 4633 2576 4702 σημαίνων
2619 4633 2709 4685 τὸν
2758 4634 2989 4705 ἄρχοντα
3024 4632 3117 4685 τοῦ
3166 4631 3358 4694 αἰῶνος
3381 4631 3598 4692 τούτου,
3628 4631 3661 4696 ἦ

2100 4724 2194 4794 τὴν
2226 4724 2319 4778 νῦν
2339 4725 2735 4796 ἐπικρατοῦσαν
2761 4725 3044 4794 Ῥωμαίων
3074 4723 3245 4796 ἀρχὴν
3271 4764 3286 4790 ,
3390 4725 3478 4776 καλ
3521 4734 3660 4787 παρ-

2099 4818 2357 4888 εδόθησαν
2413 4821 2461 4871 οἱ
2506 4817 2565 4870 τὸ
2629 4819 2725 4889 μὲν
2777 4817 3011 4889 δηλωθὲν
3046 4816 3139 4869 τοῦ
3174 4815 3388 4880 Σιλωὰμ
3426 4809 3569 4880 ὕδωρ
3598 4811 3658 4862 τὸ

2099 4912 2458 4982 πορευόμενον
2480 4912 2651 4982 ἡσυχῆ
2683 4911 3166 4982 παραιτησάμενοι,
3193 4907 3302 4966 τοίς
3316 4903 3373 4954 δὲ
3396 4902 3658 4964 ἐναντίοις

2097 5007 2188 5056 καὶ
2222 5003 2496 5074 πολεμίοις
2514 5002 2605 5055 τοῦ
2627 5003 2785 5074 ὀρθοῦ
2810 5002 2964 5070 λόγου
2984 5001 3243 5070 δόγμασιν
3263 4996 3456 5047 ἑαυτοῦ
3470 5011 3497 5056 ς
3525 4994 3654 5045 ὑποο

2095 5096 2437 5166 ϐεϐληκότες.
2455 5095 2658 5147 Αὐτίκα
2670 5094 2796 5162 γοῦν
2821 5094 2914 5147 καὶ
2928 5093 3027 5145 οὐκ
3046 5093 3123 5153 εἰς
3155 5085 3367 5159 μακρὰν
3386 5085 3463 5157 μὴ
3481 5102 3655 5158 παρα-

2093 5186 2401 5258 δεξαμένοις
2417 5188 2597 5248 αὐτοῖς
2627 5187 2686 5239 τὸ
2720 5186 2812 5240 τοῦ
2838 5186 3086 5254 Σωτῆρος
3115 5179 3271 5252 ἡμῶν
3301 5179 3650 5247 Εὑαγγέλιον,

2093 5279 2589 5348 παραιτησαμένοις
2617 5277 2674 5330 δὲ
2703 5277 2764 5329 τὸ
2788 5275 2880 5329 τοῦ
2906 5273 3125 5343 Σιλωὰμ
3153 5271 3312 5325 ποτὸν
3341 5271 3401 5323 τὸ
3429 5272 3653 5342 πορευό-

2094 5381 2251 5434 μενον
2276 5365 2473 5436 ἡσυχῆ,
2504 5364 2741 5418 ἐπελθὼν
2773 5363 2877 5416 ὑπὸ
2912 5361 3004 5414 τοῦ
3033 5359 3164 5414 Θεοῦ
3191 5359 3651 5428 κατευθυνόμενος

2103 5456 2382 5529 Ῥωμαίων
2417 5458 2662 5528 στρατὸς,
2695 5455 3011 5525 ἀνελήλυθεν
3052 5455 3144 5506 ἐπὶ
3188 5452 3366 5504 πᾶσαν
3391 5451 3649 5523 φάραγγα

2090 5550 2286 5614 αὐτῶν,
2313 5551 2408 5603 καὶ
2433 5549 2828 5621 περιεπάτησεν
2857 5548 2946 5599 ἐπὶ
2978 5547 3085 5597 πᾶν
3119 5547 3296 5613 τεῖχος
3318 5544 3522 5609 αὐτῶν,
3560 5546 3650 5598 καὶ

2087 5653 2303 5724 ἀφεῖλεν
2345 5652 2451 5705 ἀπὸ
2497 5651 2596 5720 τῆς
2633 5649 2890 5712 Ἰουδαίας
2922 5647 3236 5717 ἄνθρωπον,
3269 5646 3328 5708 δς
3362 5646 3647 5717 δυνήσεται

430 5746 652 5798 eorum,
700 5743 754 5789 et
799 5738 1096 5795 ambulavit
1140 5757 1304 5811 super
1347 5757 1563 5798 omnem
1589 5759 1808 5800 murum
1839 5744 1986 5816 ipsoc

2117 5745 2323 5816 ;εφαλὴν
2363 5741 2514 5817 ἆραι,
2551 5744 2641 5798 καὶ
2694 5741 2912 5797 δυνατὸν
2963 5737 3379 5795 συντελέσασθαί
3419 5757 3502 5792 τιο
3554 5737 3646 5791 καὶ

390 5845 397 5860 ·
490 5849 538 5882 ³⁸
571 5847 676 5906 lsa.
708 5865 829 5920 vni,
867 5852 984 5909 5-8.
1031 5855 1107 5946 ρξ’
1138 5854 1272 5915 Gen.
1306 5871 1452 5926 XLII,
1486 5856 1574 5915 1οο
