3902 6264
224 364 299 425 ΒΞΒ
1079 356 1730 414 ΒΕΜΟΝΞΤΠΑΤᾹΟΝΙΞ

1835 350 2224 409 ἶΑΝϐΕῙλιΟᾹΞ
2245 351 2374 409 LIB.
2408 350 2522 408 VII.

3310 357 3422 413 526

216 482 382 555 γέγονεν
409 477 444 550 ἠ
471 476 790 549 παρεμϐολὴ
821 475 914 530 τοῦ
941 476 1269 548 δηλωθέντος
1294 476 1555 548 τοσαύτη,
1597 476 1730 529 ὥστε

1842 486 1995 536 rum,
2025 479 2078 526 et
2110 470 2335 525 abstulit
2375 469 2444 525 de
2488 469 2677 526 Judaea
2727 470 3046 535 hominem,
3094 471 3189 542 qui
3237 484 3426 543 posset

215 572 448 647 πληρῶσαι
503 571 564 625 τὸ
606 571 807 633 πλάτος
860 569 961 639 τῆς
1026 570 1282 633 Ἰουδαίας
1334 570 1571 640 ἁπάσης.
1626 568 1735 622 Καὶ

212 666 327 721 τοῦτό
346 681 401 733 γε
436 663 574 735 πρὸς
602 661 744 728 λέξιν
773 661 943 726 οὕτως
981 663 1061 726 εἰς
1103 662 1343 724 ἐκείνους
1378 661 1737 731 ἐκπεπλήρω-

210 777 289 813 ται.
327 756 419 809 Διὰ
470 756 630 809 ποίαν
679 754 877 816 αἰτίαν,
905 755 951 807 εί
976 754 1039 807 δὴ
1068 753 1257 823 μαθεῖν
1293 753 1517 815 ἐθέλεις,
1546 752 1731 807 ἄκουε.

211 852 298 904 Ὅτι
323 848 432 919 μεθ’
459 847 657 918 ἡμῶνδ
676 846 809 910 Θεὸς
846 846 1215 917 Ἐμμανουὴλ,
1248 849 1276 898 ὁ
1300 848 1364 899 ἐκ
1393 844 1493 914 τῆς
1525 845 1735 915 Παρθέ-

208 958 273 995 νου
290 938 687 1010 γεγεννημένος,
707 937 823 992 ἀλλ’
865 937 924 991 οὐ
975 938 1066 991 καὶ
1102 939 1218 1007 μετ’
1245 936 1423 991 αὐτῶν
1449 933 1517 1007 ἦν
1535 954 1547 965 -
1576 936 1653 999 ὡς
1685 936 1738 988 εἴ

207 1048 253 1099 γε
275 1025 394 1100 εἶχον
426 1028 608 1093 αὑτὸν,
647 1030 745 1081 οὐκ
793 1027 861 1082 ἂν
887 1027 1058 1081 ταῦτα
1111 1027 1490 1082 πεπόνθεισαν.
1534 1028 1625 1081 Διὸ
1667 1027 1731 1098 δὴ

206 1123 338 1193 ἐξῆςὸ
361 1121 520 1190 λόγος
549 1124 659 1185 τοῖς
685 1120 893 1174 ἔθνεσιν
922 1120 1207 1175 ἐπιϐοᾶται
1238 1122 1329 1175 τὸν
1366 1119 1730 1192 Ἐμμανουὴλ,

203 1212 353 1281 λέγων·
394 1233 413 1263 ι
452 1210 588 1266 Μεθ’
628 1211 784 1282 ἡμῶν
825 1224 855 1263 ο
896 1211 1028 1273 Θεός
1053 1226 1066 1240 ·
1099 1209 1297 1279 γνῶτε,
1334 1209 1482 1279 ἔθνη,
1507 1210 1600 1263 καὶ
1636 1211 1731 1279 ήτ·

202 1304 341 1357 τᾱσθε.
369 1326 387 1354 ι
418 1303 528 1356 Καὶ
551 1302 721 1356 ταῦτα
752 1302 797 1354 6‘
827 1304 958 1373 ἡμῖν
983 1301 1380 1373 ἑρμηνεύεται,
1410 1303 1490 1363 είς
1530 1301 1594 1353 τὸ
1621 1318 1729 1353 πα-

202 1391 450 1461 ραστῆσαι,
482 1391 558 1454 ὡς
587 1390 717 1443 ποτὲ
747 1390 846 1460 μὲν
877 1389 1019 1444 κατὰ
1047 1389 1212 1455 λέξιν,
1238 1391 1367 1444 ποτὲ
1413 1391 1469 1444 δὲ
1496 1390 1562 1443 δι’
1590 1393 1728 1444 αἰνι-

198 1481 314 1552 γμῶν
330 1483 401 1536 τα
437 1482 665 1536 πλεῖστα
699 1481 808 1536 τῶν
856 1481 1203 1554 προφητειῶν
1237 1480 1595 1552 ἐκλαμϐάνειν
1618 1482 1726 1535 65i-

196 1572 308 1626 ἐνθεν
349 1574 408 1627 δὲ
459 1574 812 1645 ὁρμωμένους
840 1576 1106 1647 προσήκει
1141 1574 1234 1628 καὶ
1258 1574 1327 1627 τὰ
1347 1573 1508 1628 λοιπὰ
1540 1575 1635 1645 τῆς
1674 1576 1731 1627 ὲν

195 1668 311 1737 χερσὶ
341 1669 679 1739 προφητείας
704 1668 907 1739 ὁμοίως
940 1669 1281 1742 ὲπιθεωρεῖν.

1843 569 2009 633 caput
2058 562 2251 617 tollere
2271 601 2285 626 ,
2324 567 2418 615 aut
2447 561 2543 631 qui
2576 561 2808 617 idoneus
2839 572 2988 618 esset
3034 577 3422 619 consummare

1843 651 2052 724 aliquid
2081 670 2095 707 :
2131 659 2184 706 et
2219 650 2365 706 facta
2397 659 2527 708 sunt
2556 653 2678 722 ejus
2711 660 2893 708 castra
2927 652 3065 708 adeo
3098 669 3328 726 magna,
3361 663 3423 710 ut

1842 747 2114 801 universae
2160 743 2363 801 Judaea:
2408 744 2754 799 latitudinem
2803 745 3169 815 impleverim.
3215 746 3283 801 Et
3318 747 3422 803 hoe

1840 839 2059 910 quidem
2082 853 2179 892 cur
2196 838 2269 891 ita
2289 836 2357 891 ad
2377 837 2600 893 verbum
2633 844 2825 893 contra
2843 838 2967 894 illos
2980 839 3306 909 completum
3322 824 3421 904 sit,

1839 933 1887 988 si
1919 932 2000 987 vis
2031 930 2276 993 discere,
2310 930 2438 984 audi
2467 929 2602 1000 jam.
2636 928 2842 1000 Nempe
2867 930 3125 1000 quoniam
3154 931 3247 986 ille
3280 933 3422 987 Deus

1842 1021 2202 1087 Emmanuel,
2251 1022 2346 1093 qui
2393 1022 2461 1077 de
2494 1021 2720 1093 Virgine
2760 1029 2923 1078 natus
2966 1031 3082 1087 est,
3130 1025 3423 1080 nobiscum

1840 1112 1975 1181 fuit,
2004 1129 2114 1167 non
2141 1128 2268 1167 cum
2297 1112 2408 1168 illis
2434 1131 2449 1181 ;
2474 1129 2601 1169 nam
2633 1113 2679 1169 si
2711 1114 2862 1168 illum
2890 1113 3213 1170 habuissent
3239 1156 3255 1180 ,
3283 1133 3422 1171 nun-

1835 1223 1999 1278 quam
2032 1209 2163 1263 talia
2200 1211 2347 1278 passi
2382 1216 2586 1264 essent.
2624 1207 2973 1278 Quapmpter
3000 1208 3114 1279 jam
3149 1208 3412 1281 deinceps

1834 1301 2118 1356 oraculum
2167 1300 2237 1355 ad
2280 1309 2472 1371 gentes
2525 1301 2785 1355 inclamat
2836 1302 3016 1370 ipsum
3062 1299 3415 1368 Emmanuel,

1839 1393 2029 1447 dicens
2066 1412 2077 1447 :
2111 1412 2129 1443 ι
2165 1390 2466 1447 Nobiscum
2518 1390 2699 1458 Deus,
2755 1393 3091 1463 cognoscite,
3118 1402 3328 1463 gentes,
3362 1404 3422 1449 et

1838 1486 2144 1541 vincimini.
2180 1505 2197 1536 ι
2232 1485 2296 1540 Ει
2342 1485 2459 1541 haec
2500 1486 2721 1556 quidem
2763 1500 2866 1541 nos
2902 1486 3005 1540 hoc
3048 1485 3214 1541 modo
3246 1486 3421 1542 inter-

1839 1581 2032 1649 pretati
2084 1594 2275 1634 sumus
2300 1621 2313 1646 ,
2346 1588 2406 1633 ut
2447 1580 2900 1643 ostenderemus,
2949 1579 3416 1650 quemadmodum

1840 1687 1990 1726 nunc
2036 1671 2256 1742 quidem
2291 1671 2358 1725 ad
2394 1672 2618 1726 verbum
2639 1711 2654 1738 ,
2691 1686 2840 1726 nunc
2872 1682 3053 1726 autem
3085 1686 3183 1742 per
3216 1672 3420 1727 obscu-

197 1762 328 1817 riores
363 1762 570 1833 ﬁguras
601 1764 895 1818 maximam
944 1764 1356 1834 prophetiarum
1389 1770 1605 1833 partem
1649 1762 1954 1835 intelligere
1978 1774 2229 1836 oportet;
2276 1774 2531 1821 caeterum
2590 1766 2703 1835 jam
2761 1766 2887 1823 inde
2934 1767 3221 1835 abeuntes,
3286 1783 3419 1825 con-

194 1856 301 1910 venit
330 1856 499 1911 etiam
528 1858 584 1911 id
612 1858 757 1927 quod
790 1858 858 1912 de
890 1858 1080 1913 eadem
1114 1858 1403 1929 prophetia
1437 1869 1729 1929 superest,
1769 1862 1936 1916 simili
1991 1862 2205 1918 ratione
2259 1861 2638 1932 contemplari.

241 1951 290 2003 Ei
301 1951 357 2005 δὲ
370 1951 454 2004 ἔτι
474 1953 571 2007 καὶ
587 1952 682 2007 νῦν
701 1955 781 2017 εἰς
797 1950 1057 2024 μέλλοντά
1067 1970 1195 2006 ποτε
1212 1953 1401 2024 χρόνον
1415 1953 1730 2025 γενήσεσθαι

1911 1956 2075 2029 334
2104 1957 2258 2023 Quod
2293 1958 2337 2013 si
2374 1957 2537 2011 etiam
2575 1972 2724 2011 nunc
2751 1955 2958 2027 Judaei,
3000 1960 3115 2016 haec
3146 1961 3254 2017 alio
3281 1977 3419 2033 quo-

191 2041 324 2095 ταῦτα
347 2046 396 2097 οἱ
431 2046 498 2097 ὲκ
518 2046 819 2117 περιτομῆς
847 2045 1028 2113 φασὶν,
1047 2046 1139 2098 ἐπὶ
1162 2045 1257 2099 τοῦ
1282 2045 1726 2117 προσδοκωμένου

191 2135 336 2200 αὐτοῖς
364 2138 624 2208 Χριστοῦ,
664 2139 844 2209 ῥητῶς
875 2139 1031 2210 μόνον
1061 2140 1153 2193 καὶ
1182 2140 1321 2211 πρὸς
1345 2140 1489 2206 λέξιν
1508 2141 1727 2195 ἔσεσθαι

190 2226 294 2281 αὐτὰ
344 2229 785 2301 προσδεχόμενοι,
811 2230 1114 2300 ὲρωτητέον
1146 2232 1363 2295 αὐτοὺς,
1393 2231 1508 2295 πῶς
1546 2235 1574 2285 ὁ
1604 2233 1728 2303 μέλ-

189 2317 265 2372 λων
288 2319 439 2389 ἥξειν
474 2320 592 2374 κατ’
625 2322 821 2384 αὐτοὺς
853 2322 1078 2393 λήψεται
1126 2322 1354 2392 δύναμιν
1411 2324 1724 2394 Δαμασκοῦ,

188 2414 339 2468 καὶτὰ
371 2415 545 2469 σκῦλα
568 2416 881 2487 Σαμαρείας
898 2416 1075 2470 ἔναντι
1107 2410 1366 2486 βασιλέως
1407 2417 1724 2488 Ἀσσυρίων,

186 2506 546 2580 καθῃρημένης
581 2507 680 2579 μὲν
713 2508 813 2579 ἢδη
859 2511 957 2580 τῆς
991 2509 1302 2581 Σαμαρείας
1326 2509 1469 2563 κατὰ
1500 2509 1593 2562 τὸν
1620 2526 1727 2562 πα-

186 2600 320 2668 ρόντα
359 2601 573 2672 καιρὸν,
626 2601 722 2654 καὶ
763 2600 956 2672 μηκέτι
984 2600 1170 2673 οὔσης,
1208 2601 1343 2655 ἀλλὰ
1380 2603 1591 2672 καὶτῆς
1614 2603 1728 2655 ὀνο-

188 2694 470 2767 μαζομένης
514 2695 799 2766 δυνάμεως
841 2696 1133 2767 Δαμασκοῦ
1169 2696 1432 2768 μηδαμῶς
1453 2696 1729 2768 ὑπαρχού-

184 2804 283 2857 σης,
312 2787 443 2858 μηδὲ
472 2787 572 2858 τῆς
604 2786 711 2841 τῶν
753 2788 1049 2859 Ἀσσυρίων
1071 2788 1409 2854 δυναστείας,
1449 2790 1515 2861 ἢν
1553 2790 1727 2859 Μῆδοι

184 2880 255 2931 καὶ
303 2879 506 2951 Πέρσαι
566 2881 885 2945 καθελόντες
920 2881 1087 2935 πάλαι
1121 2880 1249 2936 ποτὲ
1282 2880 1583 2947 διεδέξαντο
1608 2898 1622 2945 ;
1651 2875 1726 2933 ὧν

182 2970 293 3040 ὁμοῦ
338 2972 555 3025 πάντων
607 2972 749 3029 κατὰ
777 2973 870 3026 τὸν
917 2970 1190 3027 ἐνεστῶτα
1239 2972 1427 3042 καιρὸν
1451 2972 1586 3042 μηδὲ
1628 2972 1727 3043 τὴν

181 3062 330 3133 ἀρχὴν
357 3062 703 3132 ὑφεστώτων,
730 3064 846 3128 πῶς
872 3063 1095 3117 δυνατὸν
1137 3065 1216 3127 εἰς
1248 3063 1509 3134 μέλλοντα
1538 3063 1728 3133 χρόνον

181 3154 261 3224 τὴν
293 3154 607 3226 καθαίρεσιν
630 3156 808 3210 αὐτῶν
845 3155 1181 3228 προσδοκᾷν;
1223 3156 1360 3208 Ἀλλ’
1387 3153 1510 3208 οὔτε
1538 3155 1727 3210 ἄλλοτε

183 3242 373 3299 πώποτε
411 3246 580 3300 πάλαι
632 3248 894 3319 πρότερον
940 3246 1261 3318 γεγενῆσθαι
1296 3248 1363 3301 τὰ
1393 3248 1728 3319 προφητευὸ-

1835 2050 1958 2105 dam
2007 2059 2249 2119 tempore
2291 2048 2473 2105 futura
2516 2065 2638 2106 esse
2677 2051 2891 2115 dicant,
2948 2060 3135 2122 utpote
3183 2068 3309 2108 cum
3350 2069 3417 2107 ea

1836 2158 1902 2197 ex
1949 2142 2155 2211 scripto
2198 2141 2498 2205 duntaxat,
2554 2150 2715 2213 atque
2763 2145 2829 2196 ad
2884 2144 3145 2210 verbum,
3195 2145 3263 2200 de
3312 2161 3411 2210 eo,

1835 2233 1928 2302 qui
1971 2232 2040 2287 ab
2085 2232 2221 2302 ipsis
2262 2231 2439 2286 adhuc
2484 2242 2852 2303 exspectatur,
2908 2234 3127 2291 Christo
3169 2235 3419 2305 accipere

1838 2327 2081 2389 soleant,
2127 2325 2503 2397 interrogandi
2526 2336 2652 2381 sunt
2676 2328 2962 2397 protinus,
2998 2327 3274 2398 quomodo
3319 2330 3414 2398 qui

1835 2428 2101 2473 venturus
2146 2428 2263 2480 est,
2295 2426 2354 2471 ut
2386 2417 2487 2487 ipsi
2523 2419 2705 2483 aiunt,
2752 2429 3075 2488 potestatem
3123 2420 3413 2487 Damasci,

1834 2517 1887 2564 et
1937 2508 2110 2579 spolia
2162 2506 2424 2562 Samaria:
2472 2509 2701 2578 accipiet
2745 2525 2931 2564 coram
2983 2526 3110 2581 rege
3161 2512 3416 2582 Assyrio-

1835 2617 1977 2668 rum,
2008 2616 2130 2657 cum
2173 2601 2227 2655 in
2252 2601 2503 2671 praesenti
2526 2608 2770 2672 tempore
2800 2601 3046 2656 Samaria
3071 2603 3282 2660 sublata
3309 2603 3410 2667 sit,

1833 2706 2011 2761 neque
2056 2690 2290 2762 amplius
2335 2690 2593 2752 exsistat,
2638 2698 2692 2743 et
2749 2706 2808 2745 ea
2862 2706 2984 2760 qua:
3039 2699 3281 2760 potestas
3309 2691 3415 2745 Da-

1836 2783 2006 2838 masci
2047 2783 2383 2847 nominatur,
2430 2799 2701 2852 nusquam
2742 2791 3031 2853 appareat,
3077 2799 3255 2855 neque
3284 2785 3413 2843 item

1835 2875 2075 2945 potentia
2123 2875 2501 2944 Assyriorum,
2535 2890 2696 2945 quam
2744 2876 2961 2946 quidem
3009 2891 3132 2930 cum
3170 2875 3308 2931 Medi
3349 2892 3415 2931 ac

1834 2966 2015 3022 Persa:
2059 2965 2416 3029 evertissent,
2466 2966 2519 3019 in
2552 2967 2671 3033 ejus
2707 2967 2888 3021 locum
2918 2967 3246 3038 jampridem
3284 2983 3414 3024 suc-

1835 3059 2164 3116 cesserunt?
2199 3073 2320 3128 quae
2371 3058 2533 3113 simul
2587 3058 2769 3112 omnia
2819 3074 2942 3113 cum
2997 3058 3082 3113 sui
3130 3060 3411 3128 ipsorum,

1834 3153 1939 3207 hoc
1986 3152 2106 3221 ipso
2163 3158 2405 3222 tempore
2459 3152 2546 3205 vix
2602 3152 2859 3221 exiguum
2917 3152 3188 3221 quoddam
3242 3153 3413 3207 vesti-

1835 3246 1983 3316 gium
2034 3243 2439 3306 demonstrent,
2491 3258 2599 3312 quo
2649 3243 2924 3312 possimus
2975 3260 3038 3299 ea
3089 3243 3260 3301 fuisse
3310 3247 3413 3301 ali-

184 3342 300 3410 μενά
332 3345 479 3396 ἐστιν
513 3343 710 3395 εἰπεῖν.
757 3340 944 3404 Οὐδεὶς
988 3339 1116 3407 γοῦν
1139 3341 1266 3411 παρ’
1315 3339 1583 3410 Ἑϐραίοις
1620 3339 1730 3392 πώ-

1839 3337 2057 3407 quando
2099 3337 2411 3406 conjicere,
2459 3335 2552 3405 qui
2596 3339 2812 3391 tandem
2867 3336 2980 3391 ﬁeri
3035 3344 3213 3406 potest
3264 3345 3323 3391 ut
3357 3338 3412 3392 in

182 3448 294 3486 ποτε
334 3436 395 3487 ὲκ
426 3434 755 3505 προφήτιδος
803 3433 1026 3503 μητρὸς,
1055 3433 1148 3485 καὶ
1195 3432 1416 3484 Ἡσαΐου
1448 3430 1543 3484 τοῦ
1594 3448 1729 3502 προ-

180 3526 331 3595 φήτου
365 3525 666 3596 γεννηθεὶς,
714 3524 886 3577 σκῦλα
919 3525 1230 3596 Σαμαρείας
1259 3526 1350 3577 καὶ
1371 3523 1597 3595 δύναμιν
1623 3527 1728 3577 Δα-

183 3617 370 3683 μασκοῦ
389 3616 532 3671 κατὰ
581 3616 674 3672 τοῦ
711 3616 972 3687 βασιλέως
1015 3614 1312 3687 Ἀσσυρίων
1363 3615 1727 3687 στρατεύσας,

179 3706 246 3769 ὡς
273 3708 398 3779 πρὸς
432 3707 601 3779 ῥητὴν
652 3707 891 3761 διάνοιαν
938 3705 1117 3759 λαὸὼν
1152 3705 1466 3777 ἱστόρηται·
1501 3705 1643 3758 ὥστε
1671 3704 1729 3770 ἐξ

180 3798 397 3861 ἅπαντος
445 3797 744 3871 ὁμολογεῖν,
780 3797 922 3852 αὐτὰ
945 3796 1085 3852 κατὰ
1110 3796 1207 3867 τὴν
1240 3797 1592 3851 ἀποδοθεῖσαν
1616 3797 1732 3850 διά-

176 3906 307 3944 νοιαν
337 3893 509 3963 μόνως
542 3890 953 3963 πεπληρῶσθαι,
989 3891 1089 3944 οὐκ
1108 3889 1294 3944 ἄλλοτε
1322 3886 1569 3960 δηλαδὴῆ
1591 3887 1732 3941 κατά

178 3981 266 4053 τὴν
283 3982 575 4054 γενομένην
597 3981 897 4054 παρουσίαν
943 3980 1117 4054 Ἰησοῦ
1137 3981 1231 4035 τοῦ
1271 3981 1522 4052 Σωτῆρος
1552 3979 1727 4050 ἡμῶν,

176 4071 286 4125 καθ’
311 4074 368 4126 ὃν
400 4073 760 4145 ἀπεδείξαμεν
799 4073 951 4137 τέλος
984 4073 1261 4145 εἰληφέναι
1293 4072 1362 4126 τὰ
1392 4089 1732 4143 προηγορευ-

184 4164 323 4233 μένα.
380 4168 623 4238 Ἐγράφη
648 4166 692 4219 6‘
725 4162 818 4219 οὖν
868 4164 1008 4219 κατὰ
1053 4165 1150 4234 τὴν
1202 4165 1537 4236 προφητείαν
1580 4165 1672 4217 καὶ
1702 4165 1731 4215 ὁ

182 4256 344 4320 καινὸς
377 4257 541 4327 τόμος
572 4256 664 4308 ἐπὶ
689 4257 789 4325 τῆς
824 4255 986 4309 αὑτοῦ
1018 4254 1336 4327 παρουσίας,
1360 4256 1388 4307 δ
1412 4255 1510 4325 τῆς
1535 4255 1732 4323 καινῆς

181 4346 429 4419 Διαθήκης
468 4347 624 4417 λόγος
672 4348 772 4418 τὴν
800 4347 1010 4414 γένεσιν
1045 4346 1312 4422 περιέχων
1342 4345 1435 4398 τοῦ
1464 4345 1562 4415 τῆς
1600 4361 1734 4415 προ-

184 4434 379 4504 φήτιδος
416 4436 558 4499 υἱοῦ,
588 4436 648 4499 ὃς
700 4437 795 4490 καὶ
831 4435 968 4507 πρὸς
994 4434 1137 4502 λέξιν
1171 4436 1265 4488 καὶ
1292 4434 1605 4506 Δαμασκοῦ,
1637 4435 1732 4487 καὶ

182 4520 357 4592 Συρίας
389 4524 606 4596 ἁπάσης
640 4525 740 4596 τὴν
769 4525 1052 4597 βασιλικὴν
1096 4525 1348 4597 δύναμιν,
1380 4526 1452 4581 τά
1471 4544 1531 4580 τε
1560 4528 1733 4598 ἑρμη-

184 4608 410 4663 νενθέντα
462 4614 596 4682 ἡμῖν
625 4612 797 4666 σκῦλα
840 4613 1151 4685 Σαμαρείας
1180 4616 1402 4687 ἀρρήτῳ
1429 4617 1523 4670 καὶ
1563 4616 1732 4687 ὲνθέῳ

1834 3429 2082 3484 futurum
2116 3439 2334 3497 tempus
2364 3442 2555 3482 eorum
2590 3435 2942 3498 exspectetur
2974 3429 3230 3485 eversio?
3258 3431 3411 3499 atqui

1834 3537 1903 3576 ne
1941 3529 2101 3575 antea
2146 3518 2369 3590 quidem
2414 3521 2527 3574 ullo
2563 3534 2801 3589 unquam
2835 3527 3079 3589 tempore
3110 3519 3254 3575 facta
3287 3537 3410 3577 esse

1834 3630 1896 3669 ea
1926 3629 2046 3684 qua:
2070 3613 2122 3667 in
2155 3612 2475 3684 hujusmodi
2502 3613 2789 3682 prephetia
2817 3612 3192 3677 continentur,
3220 3612 3407 3667 dicere

1835 3709 1947 3762 ullo
1972 3708 2136 3761 modo
2164 3714 2416 3776 possunt.
2444 3704 2639 3761 Nullus
2674 3712 2824 3761 certe
2858 3719 3096 3775 unquam
3129 3705 3274 3775 apud
3303 3703 3408 3759 Hc—

1832 3801 2009 3855 bmos
2036 3816 2101 3854 ex
2133 3797 2450 3870 prophetica
2484 3804 2659 3853 matre
2684 3804 2737 3852 et
2763 3794 2902 3852 Isaia
2927 3796 3193 3867 propheta
3220 3804 3404 3858 natus,

1832 3892 2007 3962 spolia
2058 3888 2323 3944 Samaria:
2363 3895 2416 3943 et
2458 3896 2781 3957 potestatem
2828 3887 3115 3952 Damasci,
3158 3887 3406 3942 exercitu

1832 3991 2023 4037 contra
2060 3997 2242 4052 regem
2267 3980 2621 4052 Assyriorum
2651 3986 2971 4048 comparato
2998 3980 3095 4049 (ut
3123 3994 3243 4034 eam
3275 3994 3407 4036 sea-

1833 4077 2059 4130 tentiam
2094 4088 2390 4144 sequamur
2420 4088 2542 4143 quae
2571 4088 2601 4126 a
2634 4072 2819 4127 verbis
2852 4086 2961 4126 non
2994 4070 3279 4141 recedit),
3313 4088 3411 4129 ac-

1832 4168 2045 4238 cepisse
2076 4175 2433 4221 memoratur.
2469 4165 2627 4221 Omni
2661 4165 2844 4235 itaque
2878 4164 3091 4219 ratione
3122 4164 3280 4221 fateri
3313 4181 3409 4221 co-

1830 4261 2012 4331 gimur
2031 4275 2092 4314 ea
2118 4259 2496 4313 tantummodo
2522 4258 2824 4313 secundum
2852 4257 3107 4328 superius
3136 4258 3407 4314 redditam

1833 4367 1863 4405 a
1896 4351 2055 4405 nobis
2089 4351 2418 4406 sententiam
2455 4349 2729 4419 completa
2762 4364 2886 4405 esse
2910 4388 2925 4414 ,
2973 4349 3078 4403 hoc
3107 4356 3230 4414 est,
3267 4365 3406 4405 nus-

1832 4459 1995 4514 quam
2038 4444 2174 4499 alias
2218 4458 2383 4513 quam
2429 4453 2550 4513 post
2593 4442 2881 4498 adventum
2926 4440 3056 4497 Jesu
3104 4441 3408 4497 Salvatoris

1833 4537 2044 4604 nostri,
2076 4550 2186 4607 quo
2220 4543 2464 4604 tempore
2491 4516 3022 4597 demonstravimus,
3052 4547 3117 4587 ea
3146 4547 3271 4602 qua:
3302 4533 3407 4589 hoc

1833 4626 1998 4681 modo
2027 4626 2286 4696 praedicta
2320 4632 2484 4691 sunt,
2520 4624 2678 4679 ﬁnem
2711 4624 3012 4689 accepisse.
3042 4621 3186 4694 Ergo
3216 4624 3273 4678 in
3305 4624 3409 4679 hu-

184 4694 384 4769 δυνάμει
404 4704 484 4767 είς
513 4707 698 4776 χεῖρας
731 4705 830 4776 τῆς
865 4706 1152 4775 Ῥωμαίων
1186 4706 1459 4776 βασιλείας
1482 4707 1728 4779 παρέδω-

1835 4718 1923 4788 jus
1969 4694 2243 4783 adventu,
2291 4717 2435 4772 sicut
2484 4717 2538 4771 in
2588 4716 2705 4787 ipsa
2748 4714 3030 4785 prophetia
3070 4716 3407 4783 continetur,

187 4804 292 4840 κεν·
344 4795 403 4847 οὐ
440 4797 546 4867 μὴν
597 4796 734 4849 ἀλλὰ
772 4798 867 4851 καὶ
899 4799 1037 4851 κατὰ
1074 4799 1310 4853 διάνοιαν
1339 4800 1464 4863 τοὺς
1502 4799 1562 4866 ἐξ
1599 4800 1731 4852 Ἰου-

184 4878 324 4935 δαίων
344 4888 501 4942 αὑτοῦ
534 4889 801 4961 μαθητὰς,
826 4891 1014 4963 ὥσπερ
1033 4893 1154 4947 τινὰ
1175 4892 1345 4946 σκῦλα
1375 4910 1734 4964 περιπεποιη-

186 4973 343 5040 μένος,
391 4984 601 5049 νοητοῖς
627 4983 721 5035 καὶ
758 4982 993 5051 λογικοῖς
1036 4985 1221 5049 ὅπλοις
1268 4984 1630 5057 περιφράξας,
1654 4987 1733 5048 είς

185 5066 448 5133 πρόσωπον
478 5071 570 5125 τοῦ
612 5071 941 5144 δηλωθέντος
973 5074 1234 5145 βασιλέως
1278 5075 1575 5147 Ἀσσυρίων
1602 5093 1733 5131 κατ-

182 5160 445 5229 εστήσατο,
492 5166 587 5217 καὶ
617 5166 839 5230 τούτους
873 5169 971 5239 μὲν
1009 5169 1085 5232 ὼς
1114 5169 1347 5231 οἰκείους
1396 5168 1733 5241 στρατιώτας

180 5249 382 5318 ὁπλίτας
408 5260 817 5329 παρεσκεύασεν
838 5277 850 5290 ⁸
876 5261 999 5325 τούς
1012 5278 1075 5330 γε
1097 5261 1200 5335 μὴν
1225 5262 1734 5334 παραιτησαμένους

183 5340 237 5392 τὸ
263 5343 471 5417 γόνιμον
502 5350 598 5402 καὶ
628 5348 855 5414 ζωτικὸν
894 5352 1037 5424 ὓδωρ
1077 5354 1175 5424 τῆς
1197 5355 1359 5409 αὐτοῦ
1389 5355 1736 5418 διδασκαλίας

183 5428 234 5482 τὸ
254 5437 604 5509 πορευόμενον
630 5442 827 5512 ἡσυχῆ,
863 5443 1145 5515 ἑλομένους
1172 5445 1312 5498 δὲτὰ
1341 5445 1614 5517 πολεμικὰ
1645 5447 1736 5500 καὶ

182 5521 334 5607 ἐχθρὰ
356 5527 431 5598 τῷ
457 5528 597 5601 Θεῷ,
638 5530 716 5603 τῷ
744 5532 851 5587 τῶν
900 5535 1197 5607 Ἀσσυρίων
1226 5535 1456 5603 ἐξέδωκε
1504 5535 1729 5606 βασιλεῖ,

180 5605 220 5679 ᾧ
242 5619 328 5672 καὶ
360 5621 521 5676 εἰσέτι
574 5622 670 5677 νῦν
710 5626 1034 5697 τυγχάνουσι
1066 5605 1485 5701 δεδουλωμένοι.
1538 5629 1732 5700 ’Δνέϐη

182 5706 296 5772 γοῦν
324 5705 472 5779 οὗτος
506 5714 603 5769 ἐπὶ
633 5718 811 5771 πᾶσαν
868 5718 1127 5792 φάραγγα
1161 5721 1361 5785 αὐτῶν,
1395 5727 1484 5776 καὶ
1515 5721 1605 5775 ἐπὶ
1626 5722 1733 5774 πᾶν

177 5801 341 5892 ’τεῖχος
366 5806 561 5875 αὐτῶν,
600 5809 694 5866 καὶ
742 5810 958 5881 ἀφεῖλεν
997 5813 1105 5869 ἀπὸ
1125 5814 1224 5886 τῆς
1263 5815 1521 5880 Ἰουδαίας
1553 5815 1728 5870 πάντα

1836 4808 2077 4878 scriptus
2120 4815 2203 4864 est
2251 4823 2427 4862 novus
2475 4807 2633 4869 liber,
2668 4804 2801 4860 Novi
2842 4805 3035 4875 utique
3065 4804 3429 4875 Testamenti.
3494 4865 3497 4870 _

1835 4899 2003 4954 verba
2032 4899 2401 4969 complectens
2420 4939 2436 4964 ,
2466 4906 2521 4954 et
2548 4900 2603 4953 in
2636 4898 2721 4955 his
2749 4906 2903 4954 ortus
2931 4899 3266 4969 prapheticre
3293 4915 3410 4954 mu-

1836 4991 1989 5047 lieris
2022 4990 2154 5055 ﬁlii,
2190 4991 2283 5061 qui
2318 4990 2621 5046 secundum
2657 4991 2820 5044 verba
2854 4990 3181 5060 prophetiae,
3218 5000 3272 5047 et
3307 4991 3409 5045 Da-
3462 4974 3477 4985 ’

1835 5082 2007 5137 masci
2052 5090 2107 5137 et
2159 5079 2331 5151 Syriae
2378 5081 2646 5135 universa:
2694 5080 2928 5149 regalem
2978 5080 3314 5149 potentiam,
3353 5090 3410 5136 et

1833 5189 1955 5243 quae
1983 5188 2084 5228 nos
2108 5174 2453 5243 interpretati
2484 5187 2705 5233 sumus,
2739 5172 2913 5241 spolia
2946 5170 3206 5227 Samaria:
3230 5214 3245 5238 ,
3278 5172 3413 5227 inef-

1834 5266 1986 5322 fabili
2021 5267 2255 5338 quadam
2298 5265 2592 5333 divinaque
2638 5263 2839 5318 virtute
2880 5263 2936 5317 in
2981 5277 3177 5318 manus
3216 5278 3406 5333 regum

1833 5356 2204 5412 Romanorum
2234 5356 2494 5422 tradidit;
2524 5362 2900 5410 verumtamen
2927 5355 3251 5411 sententiam
3277 5371 3410 5426 quo-

1834 5466 1940 5520 que
1974 5450 2326 5519 sequentibus
2347 5488 2362 5512 ,
2399 5463 2530 5504 suos
2562 5447 2703 5501 idem
2737 5445 2805 5501 de
2829 5444 3034 5504 Judwis
3062 5446 3367 5517 discipulos
3392 5494 3407 5513 ,

1836 5540 1995 5610 quasi
2047 5539 2219 5609 spolia
2258 5538 2505 5608 quaedam
2543 5538 2804 5608 adeptus,
2836 5533 3282 5606 intelligibilibus
3312 5548 3406 5590 ra-

1836 5630 2243 5701 tionalibusque
2290 5630 2459 5684 armis
2507 5631 2780 5692 munitos,
2826 5628 2881 5684 in
2927 5628 3118 5683 faciem
3174 5626 3295 5697 ejus
3342 5629 3412 5685 de

1836 5739 1947 5793 quo
1990 5722 2195 5777 dictum
2240 5730 2325 5776 est
2368 5722 2511 5791 regis
2539 5721 2891 5793 Assyriorum
2918 5761 2933 5786 ,
2971 5719 3290 5785 constituit,
3325 5729 3412 5773 at-

1837 5827 1943 5883 que
1989 5811 2089 5869 hos
2134 5818 2395 5883 tanquam
2443 5825 2574 5869 suos
2609 5813 2866 5883 proprios
2891 5818 3158 5893 _scutatos
3201 5811 3408 5873 milites
