  <div class='ocr_page' id='page_1' title='image "/cluster/home/n/w/nwhite01/storage/ocr_20150623/22/mdp.39015078384388/281.png"; bbox 0 0 3902 6264; ppageno 0'>
   <div class='ocr_carea' id='block_1_1' title="bbox 480 393 586 450">
    <p class='ocr_par' dir='ltr' id='par_1_1' title="bbox 480 393 586 450">
     <span class='ocr_line' id='line_1_1' title="bbox 480 393 586 450; baseline -0.019 -1"><span class='ocrx_word' id='word_1_1' title='bbox 480 393 586 450; x_wconf 74' lang='lat'><strong>5:27</strong></span> 
     </span>
    </p>
   </div>
   <div class='ocr_carea' id='block_1_2' title="bbox 1109 392 3032 452">
    <p class='ocr_par' dir='ltr' id='par_1_2' title="bbox 1109 392 3032 452">
     <span class='ocr_line' id='line_1_2' title="bbox 1109 392 3032 452; baseline 0.001 -4"><span class='ocrx_word' id='word_1_2' title='bbox 1109 392 1373 450; x_wconf 81' lang='lat' dir='ltr'><strong>EUSEBli</strong></span> <span class='ocrx_word' id='word_1_3' title='bbox 1415 392 1893 450; x_wconf 59' lang='lat' dir='ltr'><strong>CESARlENSIS</strong></span> <span class='ocrx_word' id='word_1_4' title='bbox 1932 395 2082 452; x_wconf 81' lang='lat' dir='ltr'><strong>OPP.</strong></span> <span class='ocrx_word' id='word_1_5' title='bbox 2128 394 2306 451; x_wconf 75' lang='lat' dir='ltr'><strong>PARS</strong></span> <span class='ocrx_word' id='word_1_6' title='bbox 2344 394 2408 451; x_wconf 80' lang='lat' dir='ltr'><strong>ll.</strong></span> <span class='ocrx_word' id='word_1_7' title='bbox 2443 425 2511 436; x_wconf 93' lang='lat'><strong>—</strong></span> <span class='ocrx_word' id='word_1_8' title='bbox 2544 393 3032 452; x_wconf 78' lang='lat' dir='ltr'><strong>APOLOGETICA.</strong></span> 
     </span>
    </p>
   </div>
   <div class='ocr_carea' id='block_1_3' title="bbox 3614 390 3711 448">
    <p class='ocr_par' dir='ltr' id='par_1_3' title="bbox 3614 390 3711 448">
     <span class='ocr_line' id='line_1_3' title="bbox 3614 390 3711 448; baseline -0.021 0"><span class='ocrx_word' id='word_1_9' title='bbox 3614 390 3711 448; x_wconf 73' lang='lat'><strong>5‘28</strong></span> 
     </span>
    </p>
   </div>
   <div class='ocr_carea' id='block_1_4' title="bbox 475 494 2041 582">
    <p class='ocr_par' dir='ltr' id='par_1_4' title="bbox 475 504 2037 577">
     <span class='ocr_line' id='line_1_4' title="bbox 475 504 2037 577; baseline -0.003 -13"><span class='ocrx_word' id='word_1_10' title='bbox 475 504 829 577; x_wconf 80' lang='lat' dir='ltr'><strong>comparavit.</strong></span> <span class='ocrx_word' id='word_1_11' title='bbox 858 504 1105 559; x_wconf 83' lang='lat' dir='ltr'><strong>Attamen</strong></span> <span class='ocrx_word' id='word_1_12' title='bbox 1134 518 1229 559; x_wconf 80' lang='lat' dir='ltr'><strong>eos</strong></span> <span class='ocrx_word' id='word_1_13' title='bbox 1260 507 1349 575; x_wconf 90' lang='lat' dir='ltr'><strong>qui</strong></span> <span class='ocrx_word' id='word_1_14' title='bbox 1379 504 1672 560; x_wconf 81' lang='lat' dir='ltr'><strong>fecundam</strong></span> <span class='ocrx_word' id='word_1_15' title='bbox 1717 507 2037 575; x_wconf 81' lang='lat' dir='ltr'><strong>vitaiemque</strong></span> 
     </span>
    </p>
   </div>
   <div class='ocr_carea' id='block_1_5' title="bbox 2147 494 3713 582">
    <p class='ocr_par' dir='ltr' id='par_1_5' title="bbox 2147 494 3713 582">
     <span class='ocr_line' id='line_1_5' title="bbox 2147 494 3713 582; baseline -0.001 -21"><span class='ocrx_word' id='word_1_16' title='bbox 2147 508 2377 581; x_wconf 68' lang='grc' dir='ltr'>ἄρχοντα</span> <span class='ocrx_word' id='word_1_17' title='bbox 2422 508 2516 561; x_wconf 73' lang='grc' dir='ltr'><strong>καὶ</strong></span> <span class='ocrx_word' id='word_1_18' title='bbox 2566 507 2808 578; x_wconf 75' lang='grc' dir='ltr'><strong>βασιλέα,</strong></span> <span class='ocrx_word' id='word_1_19' title='bbox 2865 507 3105 582; x_wconf 74' lang='grc' dir='ltr'>κεφαλὴν</span> <span class='ocrx_word' id='word_1_20' title='bbox 3144 494 3579 578; x_wconf 71' lang='grc' dir='ltr'>ὀνομαζόμενον,</span> <span class='ocrx_word' id='word_1_21' title='bbox 3626 511 3713 560; x_wconf 82' lang='grc' dir='ltr'><strong>καὶ</strong></span> 
     </span>
    </p>
   </div>
   <div class='ocr_carea' id='block_1_6' title="bbox 478 598 2050 667">
    <p class='ocr_par' dir='ltr' id='par_1_6' title="bbox 478 598 2050 667">
     <span class='ocr_line' id='line_1_6' title="bbox 478 598 2050 667; baseline -0.001 -11"><span class='ocrx_word' id='word_1_22' title='bbox 478 600 741 656; x_wconf 68' lang='lat' dir='ltr'><strong>doctrinm</strong></span> <span class='ocrx_word' id='word_1_23' title='bbox 771 612 883 652; x_wconf 77' lang='lat' dir='ltr'><strong>sua:</strong></span> <span class='ocrx_word' id='word_1_24' title='bbox 912 606 1107 667; x_wconf 84' lang='lat' dir='ltr'><strong>aquam</strong></span> <span class='ocrx_word' id='word_1_25' title='bbox 1130 638 1143 663; x_wconf 90' lang='lat'><strong>,</strong></span> <span class='ocrx_word' id='word_1_26' title='bbox 1175 610 1297 667; x_wconf 78' lang='lat' dir='ltr'><strong>quae</strong></span> <span class='ocrx_word' id='word_1_27' title='bbox 1327 612 1449 652; x_wconf 90' lang='lat' dir='ltr'><strong>cum</strong></span> <span class='ocrx_word' id='word_1_28' title='bbox 1483 599 1700 655; x_wconf 87' lang='lat' dir='ltr'><strong>silentio</strong></span> <span class='ocrx_word' id='word_1_29' title='bbox 1734 598 1937 654; x_wconf 79' lang='lat' dir='ltr'><strong>labitur</strong></span> <span class='ocrx_word' id='word_1_30' title='bbox 1966 614 2050 654; x_wconf 89' lang='lat' dir='ltr'><strong>re-</strong></span> 
     </span>
    </p>
   </div>
   <div class='ocr_carea' id='block_1_7' title="bbox 478 688 2050 762">
    <p class='ocr_par' dir='ltr' id='par_1_7' title="bbox 478 688 2050 762">
     <span class='ocr_line' id='line_1_7' title="bbox 478 688 2050 762; baseline 0.001 -15"><span class='ocrx_word' id='word_1_31' title='bbox 478 693 789 751; x_wconf 73' lang='lat' dir='ltr'><strong>cusaverint</strong></span> <span class='ocrx_word' id='word_1_32' title='bbox 812 732 826 751; x_wconf 85' lang='lat'>.</span> <span class='ocrx_word' id='word_1_33' title='bbox 856 696 909 744; x_wconf 86' lang='lat' dir='ltr'><strong>et</strong></span> <span class='ocrx_word' id='word_1_34' title='bbox 936 688 1166 745; x_wconf 76' lang='lat' dir='ltr'><strong>hostiles</strong></span> <span class='ocrx_word' id='word_1_35' title='bbox 1199 688 1417 760; x_wconf 89' lang='lat' dir='ltr'><strong>Deoque</strong></span> <span class='ocrx_word' id='word_1_36' title='bbox 1448 691 1699 746; x_wconf 84' lang='lat' dir='ltr'><strong>inimicas</strong></span> <span class='ocrx_word' id='word_1_37' title='bbox 1730 700 1911 762; x_wconf 77' lang='lat' dir='ltr'><strong>partes</strong></span> <span class='ocrx_word' id='word_1_38' title='bbox 1942 694 2050 748; x_wconf 18' lang='lat' dir='ltr'><strong>eice</strong></span> 
     </span>
    </p>
   </div>
   <div class='ocr_carea' id='block_1_8' title="bbox 476 780 2047 855">
    <p class='ocr_par' dir='ltr' id='par_1_8' title="bbox 476 780 2047 855">
     <span class='ocr_line' id='line_1_8' title="bbox 476 780 2047 855; baseline 0 -17"><span class='ocrx_word' id='word_1_39' title='bbox 476 782 684 855; x_wconf 82' lang='lat' dir='ltr'><strong>gerint,</strong></span> <span class='ocrx_word' id='word_1_40' title='bbox 710 782 822 853; x_wconf 84' lang='lat' dir='ltr'><strong>regi</strong></span> <span class='ocrx_word' id='word_1_41' title='bbox 852 780 1201 853; x_wconf 72' lang='lat' dir='ltr'><strong>Assyriorum</strong></span> <span class='ocrx_word' id='word_1_42' title='bbox 1233 781 1490 846; x_wconf 87' lang='lat' dir='ltr'><strong>tradidit,</strong></span> <span class='ocrx_word' id='word_1_43' title='bbox 1520 784 1606 837; x_wconf 88' lang='lat' dir='ltr'><strong>cui</strong></span> <span class='ocrx_word' id='word_1_44' title='bbox 1634 783 1853 854; x_wconf 84' lang='lat' dir='ltr'><strong>quidem</strong></span> <span class='ocrx_word' id='word_1_45' title='bbox 1886 785 2047 838; x_wconf 87' lang='lat' dir='ltr'><strong>etiam</strong></span> 
     </span>
    </p>
   </div>
   <div class='ocr_carea' id='block_1_9' title="bbox 476 872 2051 946">
    <p class='ocr_par' dir='ltr' id='par_1_9' title="bbox 476 872 2051 946">
     <span class='ocr_line' id='line_1_9' title="bbox 476 872 2051 946; baseline 0.001 -16"><span class='ocrx_word' id='word_1_46' title='bbox 476 888 621 930; x_wconf 89' lang='lat' dir='ltr'><strong>nunc</strong></span> <span class='ocrx_word' id='word_1_47' title='bbox 652 872 853 931; x_wconf 82' lang='lat' dir='ltr'><strong>addicti</strong></span> <span class='ocrx_word' id='word_1_48' title='bbox 881 874 1144 931; x_wconf 87' lang='lat' dir='ltr'><strong>serviunt.</strong></span> <span class='ocrx_word' id='word_1_49' title='bbox 1166 874 1328 946; x_wconf 79' lang='lat'><strong>335</strong></span> <span class='ocrx_word' id='word_1_50' title='bbox 1355 875 1614 930; x_wconf 86' lang='lat' dir='ltr'><strong>Ascendit</strong></span> <span class='ocrx_word' id='word_1_51' title='bbox 1646 875 1812 945; x_wconf 79' lang='lat' dir='ltr'><strong>igitur</strong></span> <span class='ocrx_word' id='word_1_52' title='bbox 1838 875 1927 930; x_wconf 89' lang='lat' dir='ltr'><strong>hic</strong></span> <span class='ocrx_word' id='word_1_53' title='bbox 1958 890 2051 931; x_wconf 50' lang='lat' dir='ltr'><strong>su-</strong></span> 
     </span>
    </p>
   </div>
   <div class='ocr_carea' id='block_1_10' title="bbox 479 968 2045 1039">
    <p class='ocr_par' dir='ltr' id='par_1_10' title="bbox 479 968 2045 1039">
     <span class='ocr_line' id='line_1_10' title="bbox 479 968 2045 1039; baseline 0.001 -17"><span class='ocrx_word' id='word_1_54' title='bbox 479 984 574 1036; x_wconf 85' lang='lat' dir='ltr'><strong>per</strong></span> <span class='ocrx_word' id='word_1_55' title='bbox 603 983 820 1022; x_wconf 89' lang='lat' dir='ltr'><strong>omnem</strong></span> <span class='ocrx_word' id='word_1_56' title='bbox 866 968 1169 1022; x_wconf 86' lang='lat' dir='ltr'><strong>convallem</strong></span> <span class='ocrx_word' id='word_1_57' title='bbox 1209 968 1452 1039; x_wconf 85' lang='lat' dir='ltr'><strong>ipsorum</strong></span> <span class='ocrx_word' id='word_1_58' title='bbox 1486 1008 1499 1032; x_wconf 96' lang='lat'><strong>,</strong></span> <span class='ocrx_word' id='word_1_59' title='bbox 1532 976 1587 1022; x_wconf 87' lang='lat' dir='ltr'><strong>et</strong></span> <span class='ocrx_word' id='word_1_60' title='bbox 1631 984 1798 1038; x_wconf 84' lang='lat' dir='ltr'><strong>super</strong></span> <span class='ocrx_word' id='word_1_61' title='bbox 1828 980 2045 1026; x_wconf 83' lang='lat' dir='ltr'><strong>omnem</strong></span> 
     </span>
    </p>
   </div>
   <div class='ocr_carea' id='block_1_11' title="bbox 476 1059 2051 1131">
    <p class='ocr_par' dir='ltr' id='par_1_11' title="bbox 476 1059 2051 1131">
     <span class='ocr_line' id='line_1_11' title="bbox 476 1059 2051 1131; baseline 0 -15"><span class='ocrx_word' id='word_1_62' title='bbox 476 1075 694 1116; x_wconf 89' lang='lat' dir='ltr'><strong>murum</strong></span> <span class='ocrx_word' id='word_1_63' title='bbox 725 1060 968 1131; x_wconf 91' lang='lat' dir='ltr'><strong>ipsorum</strong></span> <span class='ocrx_word' id='word_1_64' title='bbox 993 1100 1006 1123; x_wconf 93' lang='lat'><strong>,</strong></span> <span class='ocrx_word' id='word_1_65' title='bbox 1033 1067 1087 1114; x_wconf 90' lang='lat' dir='ltr'><strong>et</strong></span> <span class='ocrx_word' id='word_1_66' title='bbox 1114 1061 1338 1114; x_wconf 78' lang='lat' dir='ltr'><strong>abstulit</strong></span> <span class='ocrx_word' id='word_1_67' title='bbox 1362 1061 1428 1115; x_wconf 92' lang='lat' dir='ltr'><strong>de</strong></span> <span class='ocrx_word' id='word_1_68' title='bbox 1451 1059 1636 1114; x_wconf 83' lang='lat' dir='ltr'><strong>Judaea</strong></span> <span class='ocrx_word' id='word_1_69' title='bbox 1665 1074 1877 1115; x_wconf 89' lang='lat' dir='ltr'><strong>omnem</strong></span> <span class='ocrx_word' id='word_1_70' title='bbox 1904 1060 2051 1130; x_wconf 84' lang='lat' dir='ltr'><strong>prin-</strong></span> 
     </span>
    </p>
   </div>
   <div class='ocr_carea' id='block_1_12' title="bbox 476 1152 2046 1224">
    <p class='ocr_par' dir='ltr' id='par_1_12' title="bbox 476 1152 2046 1224">
     <span class='ocr_line' id='line_1_12' title="bbox 476 1152 2046 1224; baseline 0 -17"><span class='ocrx_word' id='word_1_71' title='bbox 476 1154 653 1224; x_wconf 89' lang='lat' dir='ltr'><strong>cipem</strong></span> <span class='ocrx_word' id='word_1_72' title='bbox 682 1167 746 1208; x_wconf 92' lang='lat' dir='ltr'><strong>ac</strong></span> <span class='ocrx_word' id='word_1_73' title='bbox 773 1167 953 1223; x_wconf 76' lang='lat' dir='ltr'><strong>regem</strong></span> <span class='ocrx_word' id='word_1_74' title='bbox 979 1197 991 1219; x_wconf 87' lang='lat'><strong>,</strong></span> <span class='ocrx_word' id='word_1_75' title='bbox 1021 1154 1113 1223; x_wconf 89' lang='lat' dir='ltr'><strong>qui</strong></span> <span class='ocrx_word' id='word_1_76' title='bbox 1144 1152 1249 1207; x_wconf 88' lang='lat' dir='ltr'><strong>hoc</strong></span> <span class='ocrx_word' id='word_1_77' title='bbox 1280 1153 1337 1207; x_wconf 90' lang='lat' dir='ltr'><strong>in</strong></span> <span class='ocrx_word' id='word_1_78' title='bbox 1372 1152 1493 1207; x_wconf 88' lang='lat' dir='ltr'><strong>loco</strong></span> <span class='ocrx_word' id='word_1_79' title='bbox 1519 1160 1682 1222; x_wconf 89' lang='lat' dir='ltr'><strong>caput</strong></span> <span class='ocrx_word' id='word_1_80' title='bbox 1709 1153 2046 1219; x_wconf 80' lang='lat' dir='ltr'><strong>nominatur,</strong></span> 
     </span>
    </p>
   </div>
   <div class='ocr_carea' id='block_1_13' title="bbox 477 1245 2049 1317">
    <p class='ocr_par' dir='ltr' id='par_1_13' title="bbox 477 1245 2049 1317">
     <span class='ocr_line' id='line_1_13' title="bbox 477 1245 2049 1317; baseline 0.001 -16"><span class='ocrx_word' id='word_1_81' title='bbox 477 1253 533 1302; x_wconf 88' lang='lat' dir='ltr'><strong>et</strong></span> <span class='ocrx_word' id='word_1_82' title='bbox 561 1258 777 1301; x_wconf 89' lang='lat' dir='ltr'><strong>omnem</strong></span> <span class='ocrx_word' id='word_1_83' title='bbox 811 1254 1114 1317; x_wconf 82' lang='lat' dir='ltr'><strong>potentem,</strong></span> <span class='ocrx_word' id='word_1_84' title='bbox 1147 1246 1239 1317; x_wconf 87' lang='lat' dir='ltr'><strong>qui</strong></span> <span class='ocrx_word' id='word_1_85' title='bbox 1271 1246 1475 1317; x_wconf 88' lang='lat' dir='ltr'><strong>aliquid</strong></span> <span class='ocrx_word' id='word_1_86' title='bbox 1504 1245 1796 1302; x_wconf 79' lang='lat' dir='ltr'><strong>conﬁceret</strong></span> <span class='ocrx_word' id='word_1_87' title='bbox 1822 1261 1835 1311; x_wconf 91' lang='lat'>;</span> <span class='ocrx_word' id='word_1_88' title='bbox 1868 1246 2049 1316; x_wconf 82' lang='lat' dir='ltr'><strong>itaque</strong></span> 
     </span>
    </p>
   </div>
   <div class='ocr_carea' id='block_1_14' title="bbox 477 1336 2050 1409">
    <p class='ocr_par' dir='ltr' id='par_1_14' title="bbox 477 1336 2050 1409">
     <span class='ocr_line' id='line_1_14' title="bbox 477 1336 2050 1409; baseline -0.001 -17"><span class='ocrx_word' id='word_1_89' title='bbox 477 1353 543 1392; x_wconf 78' lang='lat' dir='ltr'><strong>ex</strong></span> <span class='ocrx_word' id='word_1_90' title='bbox 577 1337 669 1392; x_wconf 89' lang='lat' dir='ltr'><strong>illo</strong></span> <span class='ocrx_word' id='word_1_91' title='bbox 698 1338 752 1391; x_wconf 91' lang='lat' dir='ltr'><strong>in</strong></span> <span class='ocrx_word' id='word_1_92' title='bbox 784 1336 931 1391; x_wconf 87' lang='lat' dir='ltr'><strong>hunc</strong></span> <span class='ocrx_word' id='word_1_93' title='bbox 958 1352 1136 1404; x_wconf 90' lang='lat' dir='ltr'><strong>usque</strong></span> <span class='ocrx_word' id='word_1_94' title='bbox 1161 1338 1304 1393; x_wconf 90' lang='lat' dir='ltr'><strong>diem</strong></span> <span class='ocrx_word' id='word_1_95' title='bbox 1338 1338 1414 1392; x_wconf 85' lang='lat' dir='ltr'><strong>illi</strong></span> <span class='ocrx_word' id='word_1_96' title='bbox 1483 1352 1659 1409; x_wconf 89' lang='lat' dir='ltr'><strong>neque</strong></span> <span class='ocrx_word' id='word_1_97' title='bbox 1688 1338 1857 1392; x_wconf 91' lang='lat' dir='ltr'><strong>ullum</strong></span> <span class='ocrx_word' id='word_1_98' title='bbox 1885 1343 2050 1407; x_wconf 84' lang='lat' dir='ltr'><strong>caput</strong></span> 
     </span>
    </p>
   </div>
   <div class='ocr_carea' id='block_1_15' title="bbox 479 1427 2049 1500">
    <p class='ocr_par' dir='ltr' id='par_1_15' title="bbox 479 1427 2049 1500">
     <span class='ocr_line' id='line_1_15' title="bbox 479 1427 2049 1500; baseline 0.001 -17"><span class='ocrx_word' id='word_1_99' title='bbox 479 1428 711 1494; x_wconf 82' lang='lat' dir='ltr'><strong>habent,</strong></span> <span class='ocrx_word' id='word_1_100' title='bbox 745 1445 919 1500; x_wconf 89' lang='lat' dir='ltr'><strong>neque</strong></span> <span class='ocrx_word' id='word_1_101' title='bbox 950 1430 1185 1500; x_wconf 83' lang='lat' dir='ltr'><strong>aliquem</strong></span> <span class='ocrx_word' id='word_1_102' title='bbox 1215 1428 1268 1482; x_wconf 92' lang='lat' dir='ltr'><strong>in</strong></span> <span class='ocrx_word' id='word_1_103' title='bbox 1301 1428 1501 1484; x_wconf 89' lang='lat' dir='ltr'><strong>divinis</strong></span> <span class='ocrx_word' id='word_1_104' title='bbox 1530 1435 1802 1499; x_wconf 89' lang='lat' dir='ltr'><strong>potentem</strong></span> <span class='ocrx_word' id='word_1_105' title='bbox 1823 1466 1840 1494; x_wconf 93' lang='lat'><strong>,</strong></span> <span class='ocrx_word' id='word_1_106' title='bbox 1870 1427 2049 1499; x_wconf 84' lang='lat' dir='ltr'><strong>qualis</strong></span> 
     </span>
    </p>
   </div>
   <div class='ocr_carea' id='block_1_16' title="bbox 476 1519 2051 1593">
    <p class='ocr_par' dir='ltr' id='par_1_16' title="bbox 476 1519 2051 1593">
     <span class='ocr_line' id='line_1_16' title="bbox 476 1519 2051 1593; baseline -0.001 -18"><span class='ocrx_word' id='word_1_107' title='bbox 476 1521 752 1591; x_wconf 85' lang='lat' dir='ltr'><strong>quondam</strong></span> <span class='ocrx_word' id='word_1_108' title='bbox 782 1529 899 1577; x_wconf 87' lang='lat' dir='ltr'><strong>erat</strong></span> <span class='ocrx_word' id='word_1_109' title='bbox 920 1562 933 1584; x_wconf 96' lang='lat'><strong>,</strong></span> <span class='ocrx_word' id='word_1_110' title='bbox 967 1524 1058 1593; x_wconf 90' lang='lat' dir='ltr'><strong>qui</strong></span> <span class='ocrx_word' id='word_1_111' title='bbox 1090 1522 1195 1576; x_wconf 89' lang='lat' dir='ltr'><strong>illis</strong></span> <span class='ocrx_word' id='word_1_112' title='bbox 1228 1530 1610 1575; x_wconf 84' lang='lat' dir='ltr'><strong>ornamentum</strong></span> <span class='ocrx_word' id='word_1_113' title='bbox 1644 1520 1922 1591; x_wconf 87' lang='lat' dir='ltr'><strong>decusque</strong></span> <span class='ocrx_word' id='word_1_114' title='bbox 1953 1519 2051 1574; x_wconf 82' lang='lat' dir='ltr'><strong>ad-</strong></span> 
     </span>
    </p>
   </div>
   <div class='ocr_carea' id='block_1_17' title="bbox 477 1611 2048 1687">
    <p class='ocr_par' dir='ltr' id='par_1_17' title="bbox 477 1611 2048 1687">
     <span class='ocr_line' id='line_1_17' title="bbox 477 1611 2048 1687; baseline 0 -18"><span class='ocrx_word' id='word_1_115' title='bbox 477 1614 673 1679; x_wconf 84' lang='lat' dir='ltr'><strong>debat,</strong></span> <span class='ocrx_word' id='word_1_116' title='bbox 709 1616 824 1670; x_wconf 87' lang='lat' dir='ltr'><strong>sive</strong></span> <span class='ocrx_word' id='word_1_117' title='bbox 870 1618 1169 1687; x_wconf 87' lang='lat' dir='ltr'><strong>propheta,</strong></span> <span class='ocrx_word' id='word_1_118' title='bbox 1215 1615 1330 1671; x_wconf 89' lang='lat' dir='ltr'><strong>sive</strong></span> <span class='ocrx_word' id='word_1_119' title='bbox 1372 1614 1576 1684; x_wconf 88' lang='lat' dir='ltr'><strong>alioqui</strong></span> <span class='ocrx_word' id='word_1_120' title='bbox 1610 1613 1793 1684; x_wconf 84' lang='lat' dir='ltr'><strong>justus</strong></span> <span class='ocrx_word' id='word_1_121' title='bbox 1832 1611 2048 1684; x_wconf 89' lang='lat' dir='ltr'><strong>Deoque</strong></span> 
     </span>
    </p>
   </div>
   <div class='ocr_carea' id='block_1_18' title="bbox 478 1702 2047 1774">
    <p class='ocr_par' dir='ltr' id='par_1_18' title="bbox 478 1702 2047 1774">
     <span class='ocr_line' id='line_1_18' title="bbox 478 1702 2047 1774; baseline -0.001 -16"><span class='ocrx_word' id='word_1_122' title='bbox 478 1706 689 1761; x_wconf 89' lang='lat' dir='ltr'><strong>amicus</strong></span> <span class='ocrx_word' id='word_1_123' title='bbox 717 1704 821 1759; x_wconf 87' lang='lat' dir='ltr'><strong>vir.</strong></span> <span class='ocrx_word' id='word_1_124' title='bbox 854 1705 1086 1760; x_wconf 86' lang='lat' dir='ltr'><strong>Constat</strong></span> <span class='ocrx_word' id='word_1_125' title='bbox 1116 1713 1296 1760; x_wconf 89' lang='lat' dir='ltr'><strong>autem</strong></span> <span class='ocrx_word' id='word_1_126' title='bbox 1332 1703 1463 1758; x_wconf 92' lang='lat' dir='ltr'><strong>illud</strong></span> <span class='ocrx_word' id='word_1_127' title='bbox 1499 1718 1746 1774; x_wconf 88' lang='lat' dir='ltr'><strong>quoque,</strong></span> <span class='ocrx_word' id='word_1_128' title='bbox 1784 1702 2047 1774; x_wconf 86' lang='lat' dir='ltr'><strong>quemad-</strong></span> 
     </span>
    </p>
   </div>
   <div class='ocr_carea' id='block_1_19' title="bbox 476 1776 2046 1869">
    <p class='ocr_par' dir='ltr' id='par_1_19' title="bbox 476 1776 2046 1869">
     <span class='ocr_line' id='line_1_19' title="bbox 476 1776 2046 1869; baseline -0.001 -16"><span class='ocrx_word' id='word_1_129' title='bbox 476 1776 698 1853; x_wconf 58' lang='lat' dir='ltr'><strong>mddum</strong></span> <span class='ocrx_word' id='word_1_130' title='bbox 733 1798 913 1853; x_wconf 86' lang='lat' dir='ltr'><strong>omnis</strong></span> <span class='ocrx_word' id='word_1_131' title='bbox 947 1798 1189 1869; x_wconf 86' lang='lat' dir='ltr'><strong>ipsorum</strong></span> <span class='ocrx_word' id='word_1_132' title='bbox 1226 1797 1376 1867; x_wconf 87' lang='lat' dir='ltr'><strong>regio</strong></span> <span class='ocrx_word' id='word_1_133' title='bbox 1404 1796 1646 1851; x_wconf 88' lang='lat' dir='ltr'><strong>inimicis</strong></span> <span class='ocrx_word' id='word_1_134' title='bbox 1686 1795 2046 1866; x_wconf 87' lang='lat' dir='ltr'><strong>hostibusque</strong></span> 
     </span>
    </p>
   </div>
   <div class='ocr_carea' id='block_1_20' title="bbox 2147 597 3713 665">
    <p class='ocr_par' dir='ltr' id='par_1_20' title="bbox 2147 597 3713 665">
     <span class='ocr_line' id='line_1_20' title="bbox 2147 597 3713 665; baseline -0.001 -11"><span class='ocrx_word' id='word_1_135' title='bbox 2147 600 2328 654; x_wconf 80' lang='grc' dir='ltr'>’πάντα</span> <span class='ocrx_word' id='word_1_136' title='bbox 2384 598 2607 654; x_wconf 79' lang='grc' dir='ltr'>δυνατὸν</span> <span class='ocrx_word' id='word_1_137' title='bbox 2637 599 3052 653; x_wconf 81' lang='grc' dir='ltr'>συντελέσασθαί</span> <span class='ocrx_word' id='word_1_138' title='bbox 3085 616 3167 651; x_wconf 90' lang='grc' dir='ltr'>τι·</span> <span class='ocrx_word' id='word_1_139' title='bbox 3219 598 3359 654; x_wconf 74' lang='grc' dir='ltr'>ὥστε</span> <span class='ocrx_word' id='word_1_140' title='bbox 3412 597 3472 665; x_wconf 76' lang='grc' dir='ltr'>ἐξ</span> <span class='ocrx_word' id='word_1_141' title='bbox 3506 599 3713 652; x_wconf 75' lang='grc' dir='ltr'>ἐκείνου</span> 
     </span>
    </p>
   </div>
   <div class='ocr_carea' id='block_1_21' title="bbox 2152 688 3715 763">
    <p class='ocr_par' dir='ltr' id='par_1_21' title="bbox 2152 688 3715 763">
     <span class='ocr_line' id='line_1_21' title="bbox 2152 688 3715 763; baseline -0.002 -18"><span class='ocrx_word' id='word_1_142' title='bbox 2152 692 2245 745; x_wconf 75' lang='grc' dir='ltr'>καὶ</span> <span class='ocrx_word' id='word_1_143' title='bbox 2265 693 2344 754; x_wconf 88' lang='grc' dir='ltr'><strong>είς</strong></span> <span class='ocrx_word' id='word_1_144' title='bbox 2366 688 2524 762; x_wconf 82' lang='grc' dir='ltr'>δεῦρο</span> <span class='ocrx_word' id='word_1_145' title='bbox 2559 693 2695 763; x_wconf 82' lang='grc' dir='ltr'>μήτε</span> <span class='ocrx_word' id='word_1_146' title='bbox 2742 690 2980 761; x_wconf 69' lang='grc' dir='ltr'>κεφαλὴν</span> <span class='ocrx_word' id='word_1_147' title='bbox 3006 690 3200 753; x_wconf 75' lang='grc' dir='ltr'>αὐτοὺς</span> <span class='ocrx_word' id='word_1_148' title='bbox 3235 690 3556 760; x_wconf 74' lang='grc' dir='ltr'>κεκτῆσθαι,</span> <span class='ocrx_word' id='word_1_149' title='bbox 3587 691 3715 760; x_wconf 78' lang='grc' dir='ltr'>μήτε</span> 
     </span>
    </p>
   </div>
   <div class='ocr_carea' id='block_1_22' title="bbox 2145 776 3714 854">
    <p class='ocr_par' dir='ltr' id='par_1_22' title="bbox 2145 776 3714 854">
     <span class='ocr_line' id='line_1_22' title="bbox 2145 776 3714 854; baseline -0.001 -17"><span class='ocrx_word' id='word_1_150' title='bbox 2145 782 2271 837; x_wconf 85' lang='grc' dir='ltr'><strong>τινά</strong></span> <span class='ocrx_word' id='word_1_151' title='bbox 2302 783 2528 838; x_wconf 74' lang='grc' dir='ltr'>δυνατὸν</span> <span class='ocrx_word' id='word_1_152' title='bbox 2560 786 2616 837; x_wconf 80' lang='grc' dir='ltr'>ὲν</span> <span class='ocrx_word' id='word_1_153' title='bbox 2642 787 2756 846; x_wconf 81' lang='grc' dir='ltr'>τοῖς</span> <span class='ocrx_word' id='word_1_154' title='bbox 2798 783 2978 846; x_wconf 78' lang='grc' dir='ltr'><strong>θείοις,</strong></span> <span class='ocrx_word' id='word_1_155' title='bbox 3000 776 3119 845; x_wconf 54' lang='grc' dir='ltr'>ὀἷος</span> <span class='ocrx_word' id='word_1_156' title='bbox 3147 778 3215 854; x_wconf 81' lang='grc' dir='ltr'>ἦν</span> <span class='ocrx_word' id='word_1_157' title='bbox 3245 785 3273 836; x_wconf 82' lang='grc' dir='ltr'><strong>ό</strong></span> <span class='ocrx_word' id='word_1_158' title='bbox 3301 782 3468 836; x_wconf 85' lang='grc' dir='ltr'>πάλαι</span> <span class='ocrx_word' id='word_1_159' title='bbox 3492 782 3714 854; x_wconf 85' lang='grc' dir='ltr'>διαπρέ-</span> 
     </span>
    </p>
   </div>
   <div class='ocr_carea' id='block_1_23' title="bbox 2151 870 3714 945">
    <p class='ocr_par' dir='ltr' id='par_1_23' title="bbox 2151 870 3714 945">
     <span class='ocr_line' id='line_1_23' title="bbox 2151 870 3714 945; baseline -0.001 -19"><span class='ocrx_word' id='word_1_160' title='bbox 2151 889 2268 926; x_wconf 89' lang='grc' dir='ltr'>πων</span> <span class='ocrx_word' id='word_1_161' title='bbox 2296 875 2354 927; x_wconf 84' lang='grc' dir='ltr'>ὲν</span> <span class='ocrx_word' id='word_1_162' title='bbox 2401 873 2604 938; x_wconf 81' lang='grc' dir='ltr'>αὐτοῖς,</span> <span class='ocrx_word' id='word_1_163' title='bbox 2655 874 2763 927; x_wconf 79' lang='grc' dir='ltr'>εἴτε</span> <span class='ocrx_word' id='word_1_164' title='bbox 2816 876 3119 945; x_wconf 77' lang='grc' dir='ltr'><strong>προφήτης,</strong></span> <span class='ocrx_word' id='word_1_165' title='bbox 3160 873 3269 925; x_wconf 64' lang='grc' dir='ltr'>εἴτε</span> <span class='ocrx_word' id='word_1_166' title='bbox 3299 871 3475 936; x_wconf 73' lang='grc' dir='ltr'>ἄλλως</span> <span class='ocrx_word' id='word_1_167' title='bbox 3513 870 3714 934; x_wconf 76' lang='grc' dir='ltr'>δίκαιος</span> 
     </span>
    </p>
   </div>
   <div class='ocr_carea' id='block_1_24' title="bbox 2148 960 3715 1035">
    <p class='ocr_par' dir='ltr' id='par_1_24' title="bbox 2148 960 3715 1035">
     <span class='ocr_line' id='line_1_24' title="bbox 2148 960 3715 1035; baseline 0.001 -22"><span class='ocrx_word' id='word_1_168' title='bbox 2148 962 2242 1014; x_wconf 75' lang='grc' dir='ltr'>καὶ</span> <span class='ocrx_word' id='word_1_169' title='bbox 2288 960 2546 1034; x_wconf 77' lang='grc' dir='ltr'>θεοφιλὴς</span> <span class='ocrx_word' id='word_1_170' title='bbox 2597 963 2762 1035; x_wconf 73' lang='grc' dir='ltr'>ἀνήρ.</span> <span class='ocrx_word' id='word_1_171' title='bbox 2801 961 3072 1034; x_wconf 79' lang='grc' dir='ltr'><strong>Πρόδηλον</strong></span> <span class='ocrx_word' id='word_1_172' title='bbox 3120 961 3178 1015; x_wconf 74' lang='grc' dir='ltr'><strong>δὲ</strong></span> <span class='ocrx_word' id='word_1_173' title='bbox 3242 962 3391 1025; x_wconf 83' lang='grc' dir='ltr'>ὅπως</span> <span class='ocrx_word' id='word_1_174' title='bbox 3421 961 3518 1015; x_wconf 73' lang='grc' dir='ltr'>καὶ</span> <span class='ocrx_word' id='word_1_175' title='bbox 3573 963 3715 1015; x_wconf 72' lang='grc' dir='ltr'>πᾶσι</span> 
     </span>
    </p>
   </div>
   <div class='ocr_carea' id='block_1_25' title="bbox 2146 1052 3712 1125">
    <p class='ocr_par' dir='ltr' id='par_1_25' title="bbox 2146 1052 3712 1125">
     <span class='ocr_line' id='line_1_25' title="bbox 2146 1052 3712 1125; baseline 0.001 -18"><span class='ocrx_word' id='word_1_176' title='bbox 2146 1052 2327 1107; x_wconf 78' lang='grc' dir='ltr'>αὐτῶν</span> <span class='ocrx_word' id='word_1_177' title='bbox 2350 1055 2383 1125; x_wconf 86' lang='grc' dir='ltr'><strong>ἡ</strong></span> <span class='ocrx_word' id='word_1_178' title='bbox 2410 1053 2562 1125; x_wconf 82' lang='grc' dir='ltr'>χώρα</span> <span class='ocrx_word' id='word_1_179' title='bbox 2595 1054 2904 1125; x_wconf 83' lang='grc' dir='ltr'>ὑποχείριος</span> <span class='ocrx_word' id='word_1_180' title='bbox 2929 1057 3043 1119; x_wconf 86' lang='grc' dir='ltr'>τοῖς</span> <span class='ocrx_word' id='word_1_181' title='bbox 3057 1054 3234 1107; x_wconf 77' lang='grc' dir='ltr'>αὐτῶν</span> <span class='ocrx_word' id='word_1_182' title='bbox 3268 1054 3481 1125; x_wconf 77' lang='grc' dir='ltr'><strong>ἐχθροῖς</strong></span> <span class='ocrx_word' id='word_1_183' title='bbox 3512 1055 3609 1109; x_wconf 76' lang='grc' dir='ltr'>καὶ</span> <span class='ocrx_word' id='word_1_184' title='bbox 3631 1070 3712 1108; x_wconf 83' lang='grc' dir='ltr'>πο-</span> 
     </span>
    </p>
   </div>
   <div class='ocr_carea' id='block_1_26' title="bbox 2146 1144 3714 1218">
    <p class='ocr_par' dir='ltr' id='par_1_26' title="bbox 2146 1144 3714 1218">
     <span class='ocr_line' id='line_1_26' title="bbox 2146 1144 3714 1218; baseline 0.001 -20"><span class='ocrx_word' id='word_1_185' title='bbox 2146 1145 2354 1216; x_wconf 79' lang='grc' dir='ltr'>λεμίοις</span> <span class='ocrx_word' id='word_1_186' title='bbox 2378 1146 2545 1199; x_wconf 84' lang='grc' dir='ltr'>είσέτι</span> <span class='ocrx_word' id='word_1_187' title='bbox 2593 1146 2688 1201; x_wconf 81' lang='grc' dir='ltr'>νῦν</span> <span class='ocrx_word' id='word_1_188' title='bbox 2732 1146 3056 1218; x_wconf 80' lang='grc' dir='ltr'>καθέστηκε,</span> <span class='ocrx_word' id='word_1_189' title='bbox 3098 1146 3193 1200; x_wconf 71' lang='grc' dir='ltr'>καὶ</span> <span class='ocrx_word' id='word_1_190' title='bbox 3232 1144 3308 1209; x_wconf 81' lang='grc' dir='ltr'>ὡς</span> <span class='ocrx_word' id='word_1_191' title='bbox 3336 1145 3507 1199; x_wconf 81' lang='grc' dir='ltr'>ταῦτα</span> <span class='ocrx_word' id='word_1_192' title='bbox 3540 1147 3714 1200; x_wconf 71' lang='grc' dir='ltr'>πάντα</span> 
     </span>
    </p>
   </div>
   <div class='ocr_carea' id='block_1_27' title="bbox 2144 1236 3716 1310">
    <p class='ocr_par' dir='ltr' id='par_1_27' title="bbox 2144 1236 3716 1310">
     <span class='ocr_line' id='line_1_27' title="bbox 2144 1236 3716 1310; baseline 0.003 -22"><span class='ocrx_word' id='word_1_193' title='bbox 2144 1236 2239 1289; x_wconf 65' lang='grc' dir='ltr'><strong>ἐπὶ</strong></span> <span class='ocrx_word' id='word_1_194' title='bbox 2270 1238 2628 1310; x_wconf 77' lang='grc' dir='ltr'>τῇπαρουσξα</span> <span class='ocrx_word' id='word_1_195' title='bbox 2678 1239 2771 1293; x_wconf 80' lang='grc' dir='ltr'>τοῦ</span> <span class='ocrx_word' id='word_1_196' title='bbox 2818 1238 3163 1310; x_wconf 74' lang='grc' dir='ltr'><strong>Ἐμμανουήλ</strong></span> <span class='ocrx_word' id='word_1_197' title='bbox 3197 1237 3525 1292; x_wconf 78' lang='grc' dir='ltr'><strong>τετέλεσται.</strong></span> <span class='ocrx_word' id='word_1_198' title='bbox 3559 1236 3716 1292; x_wconf 70' lang='grc' dir='ltr'>Οὕτω</span> 
     </span>
    </p>
   </div>
   <div class='ocr_carea' id='block_1_28' title="bbox 2146 1328 3712 1403">
    <p class='ocr_par' dir='ltr' id='par_1_28' title="bbox 2146 1328 3712 1403">
     <span class='ocr_line' id='line_1_28' title="bbox 2146 1328 3712 1403; baseline 0 -21"><span class='ocrx_word' id='word_1_199' title='bbox 2146 1328 2278 1397; x_wconf 79' lang='grc' dir='ltr'>γοῦν</span> <span class='ocrx_word' id='word_1_200' title='bbox 2320 1330 2356 1400; x_wconf 81' lang='grc' dir='ltr'><strong>ἡ</strong></span> <span class='ocrx_word' id='word_1_201' title='bbox 2400 1328 2663 1402; x_wconf 78' lang='grc' dir='ltr'>Ἐϐραίων</span> <span class='ocrx_word' id='word_1_202' title='bbox 2695 1331 2880 1403; x_wconf 81' lang='grc' dir='ltr'>γραφὴ</span> <span class='ocrx_word' id='word_1_203' title='bbox 2917 1332 3176 1403; x_wconf 82' lang='grc' dir='ltr'>περιέχει,</span> <span class='ocrx_word' id='word_1_204' title='bbox 3207 1332 3485 1403; x_wconf 69' lang='grc' dir='ltr'>μονονουχὶ</span> <span class='ocrx_word' id='word_1_205' title='bbox 3520 1330 3712 1402; x_wconf 79' lang='grc' dir='ltr'>σημαί-</span> 
     </span>
    </p>
   </div>
   <div class='ocr_carea' id='block_1_29' title="bbox 2148 1420 3715 1495">
    <p class='ocr_par' dir='ltr' id='par_1_29' title="bbox 2148 1420 3715 1495">
     <span class='ocr_line' id='line_1_29' title="bbox 2148 1420 3715 1495; baseline 0.002 -22"><span class='ocrx_word' id='word_1_206' title='bbox 2148 1436 2332 1485; x_wconf 82' lang='grc' dir='ltr'>νουσα,</span> <span class='ocrx_word' id='word_1_207' title='bbox 2389 1420 2480 1474; x_wconf 87' lang='grc' dir='ltr'>τδν</span> <span class='ocrx_word' id='word_1_208' title='bbox 2546 1421 2892 1495; x_wconf 80' lang='grc' dir='ltr'>Ἐμμανουὴλ</span> <span class='ocrx_word' id='word_1_209' title='bbox 2950 1422 3042 1476; x_wconf 72' lang='grc' dir='ltr'><strong>τὸν</strong></span> <span class='ocrx_word' id='word_1_210' title='bbox 3071 1422 3438 1491; x_wconf 84' lang='grc' dir='ltr'>ἀπιστηθέντα</span> <span class='ocrx_word' id='word_1_211' title='bbox 3482 1422 3583 1493; x_wconf 82' lang='grc' dir='ltr'>μὲν</span> <span class='ocrx_word' id='word_1_212' title='bbox 3612 1422 3715 1477; x_wconf 68' lang='grc' dir='ltr'>ὑπὸ</span> 
     </span>
    </p>
   </div>
   <div class='ocr_carea' id='block_1_30' title="bbox 2161 1512 3715 1585">
    <p class='ocr_par' dir='ltr' id='par_1_30' title="bbox 2161 1512 3715 1585">
     <span class='ocr_line' id='line_1_30' title="bbox 2161 1512 3715 1585; baseline 0.003 -21"><span class='ocrx_word' id='word_1_213' title='bbox 2161 1512 2448 1573; x_wconf 83' lang='grc' dir='ltr'>Ἰουδαίων.</span> <span class='ocrx_word' id='word_1_214' title='bbox 2483 1514 2576 1567; x_wconf 65' lang='grc' dir='ltr'><strong>καὶ</strong></span> <span class='ocrx_word' id='word_1_215' title='bbox 2607 1516 2777 1568; x_wconf 79' lang='grc' dir='ltr'>αἴτιον</span> <span class='ocrx_word' id='word_1_216' title='bbox 2804 1515 2988 1578; x_wconf 79' lang='grc' dir='ltr'>αὐτοῖς</span> <span class='ocrx_word' id='word_1_217' title='bbox 3019 1514 3127 1568; x_wconf 84' lang='grc' dir='ltr'><strong>τῶν</strong></span> <span class='ocrx_word' id='word_1_218' title='bbox 3144 1513 3410 1568; x_wconf 81' lang='grc' dir='ltr'><strong>τοσούτων</strong></span> <span class='ocrx_word' id='word_1_219' title='bbox 3430 1514 3715 1585; x_wconf 81' lang='grc' dir='ltr'>γενόμενον</span> 
     </span>
    </p>
   </div>
   <div class='ocr_carea' id='block_1_31' title="bbox 2149 1604 3716 1676">
    <p class='ocr_par' dir='ltr' id='par_1_31' title="bbox 2149 1604 3716 1676">
     <span class='ocr_line' id='line_1_31' title="bbox 2149 1604 3716 1676; baseline 0.001 -20"><span class='ocrx_word' id='word_1_220' title='bbox 2149 1604 2462 1676; x_wconf 84' lang='grc' dir='ltr'>συμφορῶν,</span> <span class='ocrx_word' id='word_1_221' title='bbox 2490 1607 2523 1675; x_wconf 83' lang='grc' dir='ltr'><strong>ἡ</strong></span> <span class='ocrx_word' id='word_1_222' title='bbox 2535 1609 2622 1674; x_wconf 76' lang='grc' dir='ltr'>μϊν</span> <span class='ocrx_word' id='word_1_223' title='bbox 2640 1605 2700 1658; x_wconf 76' lang='grc' dir='ltr'><strong>δὲ</strong></span> <span class='ocrx_word' id='word_1_224' title='bbox 2716 1608 2831 1668; x_wconf 80' lang='grc' dir='ltr'>τοῖς</span> <span class='ocrx_word' id='word_1_225' title='bbox 2851 1605 3025 1660; x_wconf 78' lang='grc' dir='ltr'>ἔθνεσι</span> <span class='ocrx_word' id='word_1_226' title='bbox 3049 1605 3420 1669; x_wconf 81' lang='grc' dir='ltr'><strong>πιστευθέντα,</strong></span> <span class='ocrx_word' id='word_1_227' title='bbox 3445 1604 3716 1676; x_wconf 76' lang='grc' dir='ltr'><strong>σωτηρίας</strong></span> 
     </span>
    </p>
   </div>
   <div class='ocr_carea' id='block_1_32' title="bbox 2146 1694 3717 1770">
    <p class='ocr_par' dir='ltr' id='par_1_32' title="bbox 2146 1694 3717 1770">
     <span class='ocr_line' id='line_1_32' title="bbox 2146 1694 3717 1770; baseline 0.003 -24"><span class='ocrx_word' id='word_1_228' title='bbox 2146 1710 2206 1746; x_wconf 89' lang='grc' dir='ltr'><strong>τε</strong></span> <span class='ocrx_word' id='word_1_229' title='bbox 2239 1694 2333 1748; x_wconf 71' lang='grc' dir='ltr'><strong>κα)⁸</strong></span> <span class='ocrx_word' id='word_1_230' title='bbox 2390 1694 2643 1764; x_wconf 81' lang='grc' dir='ltr'>γνώσεως</span> <span class='ocrx_word' id='word_1_231' title='bbox 2676 1696 2817 1750; x_wconf 83' lang='grc' dir='ltr'><strong>Θεοῦ</strong></span> <span class='ocrx_word' id='word_1_232' title='bbox 2857 1697 3143 1770; x_wconf 85' lang='grc' dir='ltr'>παραίτιον</span> <span class='ocrx_word' id='word_1_233' title='bbox 3192 1695 3596 1766; x_wconf 80' lang='grc' dir='ltr'><strong>ἀποδειχθέντα.</strong></span> <span class='ocrx_word' id='word_1_234' title='bbox 3629 1697 3717 1750; x_wconf 73' lang='lat' dir='ltr'><strong>Arb</strong></span> 
     </span>
    </p>
   </div>
   <div class='ocr_carea' id='block_1_33' title="bbox 2148 1785 3715 1860">
    <p class='ocr_par' dir='ltr' id='par_1_33' title="bbox 2148 1785 3715 1860">
     <span class='ocr_line' id='line_1_33' title="bbox 2148 1785 3715 1860; baseline 0.002 -22"><span class='ocrx_word' id='word_1_235' title='bbox 2148 1785 2277 1856; x_wconf 73' lang='grc' dir='ltr'><strong>ἑξῆς</strong></span> <span class='ocrx_word' id='word_1_236' title='bbox 2327 1787 2634 1855; x_wconf 76' lang='grc' dir='ltr'>ὲπιλέγεται</span> <span class='ocrx_word' id='word_1_237' title='bbox 2658 1805 2672 1819; x_wconf 81' lang='grc'><em>’</em></span> <span class='ocrx_word' id='word_1_238' title='bbox 2704 1807 2728 1840; x_wconf 66' lang='lat'><strong>1</strong></span> <span class='ocrx_word' id='word_1_239' title='bbox 2753 1788 2887 1843; x_wconf 81' lang='grc' dir='ltr'>Μεθ’</span> <span class='ocrx_word' id='word_1_240' title='bbox 2918 1788 3074 1860; x_wconf 80' lang='grc' dir='ltr'>ἡμῶν</span> <span class='ocrx_word' id='word_1_241' title='bbox 3094 1791 3124 1842; x_wconf 87' lang='grc' dir='ltr'><strong>ό</strong></span> <span class='ocrx_word' id='word_1_242' title='bbox 3144 1789 3276 1853; x_wconf 86' lang='grc' dir='ltr'>Θεός</span> <span class='ocrx_word' id='word_1_243' title='bbox 3296 1806 3309 1818; x_wconf 92' lang='grc'><strong>·</strong></span> <span class='ocrx_word' id='word_1_244' title='bbox 3334 1788 3532 1859; x_wconf 81' lang='grc' dir='ltr'>γνῶτε,</span> <span class='ocrx_word' id='word_1_245' title='bbox 3568 1787 3715 1859; x_wconf 65' lang='grc' dir='ltr'>ἔθνη,</span> 
     </span>
    </p>
   </div>
   <div class='ocr_carea' id='block_1_34' title="bbox 477 1874 2041 1960">
    <p class='ocr_par' dir='ltr' id='par_1_34' title="bbox 477 1887 2041 1960">
     <span class='ocr_line' id='line_1_34' title="bbox 477 1887 2041 1960; baseline -0.001 -17"><span class='ocrx_word' id='word_1_246' title='bbox 477 1890 721 1959; x_wconf 86' lang='lat' dir='ltr'><strong>ipsorum</strong></span> <span class='ocrx_word' id='word_1_247' title='bbox 751 1890 1030 1960; x_wconf 88' lang='lat' dir='ltr'><strong>subjecta,</strong></span> <span class='ocrx_word' id='word_1_248' title='bbox 1064 1889 1118 1943; x_wconf 92' lang='lat' dir='ltr'><strong>in</strong></span> <span class='ocrx_word' id='word_1_249' title='bbox 1156 1888 1300 1943; x_wconf 90' lang='lat' dir='ltr'><strong>hunc</strong></span> <span class='ocrx_word' id='word_1_250' title='bbox 1334 1904 1509 1960; x_wconf 86' lang='lat' dir='ltr'><strong>usque</strong></span> <span class='ocrx_word' id='word_1_251' title='bbox 1538 1887 1681 1943; x_wconf 74' lang='lat' dir='ltr'><strong>diem</strong></span> <span class='ocrx_word' id='word_1_252' title='bbox 1714 1896 1959 1952; x_wconf 78' lang='lat' dir='ltr'><strong>vexetur,</strong></span> <span class='ocrx_word' id='word_1_253' title='bbox 1992 1895 2041 1942; x_wconf 84' lang='lat' dir='ltr'><strong>et</strong></span> 
     </span>
    </p>
   </div>
   <div class='ocr_carea' id='block_1_35' title="bbox 2147 1874 3716 1960">
    <p class='ocr_par' dir='ltr' id='par_1_35' title="bbox 2147 1879 3716 1953">
     <span class='ocr_line' id='line_1_35' title="bbox 2147 1879 3716 1953; baseline 0.002 -22"><span class='ocrx_word' id='word_1_254' title='bbox 2147 1879 2240 1932; x_wconf 78' lang='grc' dir='ltr'>καὶ</span> <span class='ocrx_word' id='word_1_255' title='bbox 2271 1880 2526 1950; x_wconf 79' lang='grc' dir='ltr'><strong>ἡττᾶσθε.</strong></span> <span class='ocrx_word' id='word_1_256' title='bbox 2566 1900 2585 1933; x_wconf 76' lang='grc' dir='ltr'><strong>ι</strong></span> <span class='ocrx_word' id='word_1_257' title='bbox 2621 1880 2932 1953; x_wconf 79' lang='grc' dir='ltr'>Ἠττήμεθα</span> <span class='ocrx_word' id='word_1_258' title='bbox 2962 1881 3093 1950; x_wconf 82' lang='grc' dir='ltr'>γοῦν</span> <span class='ocrx_word' id='word_1_259' title='bbox 3125 1881 3198 1945; x_wconf 71' lang='grc' dir='ltr'>ὼς</span> <span class='ocrx_word' id='word_1_260' title='bbox 3227 1880 3437 1952; x_wconf 82' lang='grc' dir='ltr'>ἀληθῶς</span> <span class='ocrx_word' id='word_1_261' title='bbox 3468 1882 3630 1951; x_wconf 85' lang='grc' dir='ltr'>ἡμεῖς</span> <span class='ocrx_word' id='word_1_262' title='bbox 3668 1879 3716 1934; x_wconf 70' lang='lat' dir='ltr'><strong>ot</strong></span> 
     </span>
    </p>
   </div>
   <div class='ocr_carea' id='block_1_36' title="bbox 466 1981 2043 2053">
    <p class='ocr_par' dir='ltr' id='par_1_36' title="bbox 466 1981 2043 2053">
     <span class='ocr_line' id='line_1_36' title="bbox 466 1981 2043 2053; baseline -0.001 -17"><span class='ocrx_word' id='word_1_263' title='bbox 466 1982 591 2037; x_wconf 69' lang='lat' dir='ltr'><strong>haec</strong></span> <span class='ocrx_word' id='word_1_264' title='bbox 633 1982 888 2038; x_wconf 86' lang='lat' dir='ltr'><strong>universa</strong></span> <span class='ocrx_word' id='word_1_265' title='bbox 930 1981 984 2035; x_wconf 91' lang='lat' dir='ltr'><strong>in</strong></span> <span class='ocrx_word' id='word_1_266' title='bbox 1030 1981 1204 2053; x_wconf 84' lang='lat' dir='ltr'><strong>ipsius</strong></span> <span class='ocrx_word' id='word_1_267' title='bbox 1247 1981 1565 2037; x_wconf 86' lang='lat' dir='ltr'><strong>Emmanuel</strong></span> <span class='ocrx_word' id='word_1_268' title='bbox 1605 1981 1841 2036; x_wconf 86' lang='lat' dir='ltr'><strong>adventu</strong></span> <span class='ocrx_word' id='word_1_269' title='bbox 1883 1996 2043 2036; x_wconf 90' lang='lat' dir='ltr'><strong>suum</strong></span> 
     </span>
    </p>
   </div>
   <div class='ocr_carea' id='block_1_37' title="bbox 478 2071 2041 2144">
    <p class='ocr_par' dir='ltr' id='par_1_37' title="bbox 478 2071 2041 2144">
     <span class='ocr_line' id='line_1_37' title="bbox 478 2071 2041 2144; baseline -0.001 -17"><span class='ocrx_word' id='word_1_270' title='bbox 478 2075 639 2129; x_wconf 81' lang='lat' dir='ltr'><strong>linem</strong></span> <span class='ocrx_word' id='word_1_271' title='bbox 680 2074 880 2129; x_wconf 83' lang='lat' dir='ltr'><strong>sortita</strong></span> <span class='ocrx_word' id='word_1_272' title='bbox 922 2074 1053 2129; x_wconf 89' lang='lat' dir='ltr'><strong>sint.</strong></span> <span class='ocrx_word' id='word_1_273' title='bbox 1101 2072 1215 2127; x_wconf 87' lang='lat' dir='ltr'><strong>Hoc</strong></span> <span class='ocrx_word' id='word_1_274' title='bbox 1269 2073 1450 2144; x_wconf 90' lang='lat' dir='ltr'><strong>ipsum</strong></span> <span class='ocrx_word' id='word_1_275' title='bbox 1504 2088 1640 2128; x_wconf 88' lang='lat' dir='ltr'><strong>sane</strong></span> <span class='ocrx_word' id='word_1_276' title='bbox 1690 2071 2041 2127; x_wconf 66' lang='lat' dir='ltr'><strong>Hebraeorum</strong></span> 
     </span>
    </p>
   </div>
   <div class='ocr_carea' id='block_1_38' title="bbox 477 2162 2044 2236">
    <p class='ocr_par' dir='ltr' id='par_1_38' title="bbox 477 2162 2044 2236">
     <span class='ocr_line' id='line_1_38' title="bbox 477 2162 2044 2236; baseline -0.003 -14"><span class='ocrx_word' id='word_1_277' title='bbox 477 2166 681 2235; x_wconf 78' lang='lat' dir='ltr'><strong>scripta</strong></span> <span class='ocrx_word' id='word_1_278' title='bbox 724 2165 1039 2232; x_wconf 86' lang='lat' dir='ltr'><strong>continent,</strong></span> <span class='ocrx_word' id='word_1_279' title='bbox 1095 2181 1216 2236; x_wconf 71' lang='lat' dir='ltr'><strong>qua:</strong></span> <span class='ocrx_word' id='word_1_280' title='bbox 1262 2162 1654 2236; x_wconf 84' lang='lat' dir='ltr'><strong>propemodum</strong></span> <span class='ocrx_word' id='word_1_281' title='bbox 1704 2164 2044 2235; x_wconf 83' lang='lat' dir='ltr'><strong>signiﬁcant,</strong></span> 
     </span>
    </p>
   </div>
   <div class='ocr_carea' id='block_1_39' title="bbox 472 2250 2043 2327">
    <p class='ocr_par' dir='ltr' id='par_1_39' title="bbox 472 2250 2043 2327">
     <span class='ocr_line' id='line_1_39' title="bbox 472 2250 2043 2327; baseline -0.001 -16"><span class='ocrx_word' id='word_1_282' title='bbox 472 2256 657 2327; x_wconf 87' lang='lat' dir='ltr'><strong>ipsum</strong></span> <span class='ocrx_word' id='word_1_283' title='bbox 709 2254 1062 2320; x_wconf 83' lang='lat' dir='ltr'><strong>Emmanuel,</strong></span> <span class='ocrx_word' id='word_1_284' title='bbox 1113 2256 1200 2310; x_wconf 90' lang='lat' dir='ltr'><strong>cui</strong></span> <span class='ocrx_word' id='word_1_285' title='bbox 1246 2257 1470 2311; x_wconf 88' lang='lat' dir='ltr'><strong>credere</strong></span> <span class='ocrx_word' id='word_1_286' title='bbox 1506 2255 1799 2310; x_wconf 85' lang='lat' dir='ltr'><strong>noluerunt</strong></span> <span class='ocrx_word' id='word_1_287' title='bbox 1840 2250 2043 2322; x_wconf 64' lang='lat' dir='ltr'><strong>Judaei,</strong></span> 
     </span>
    </p>
   </div>
   <div class='ocr_carea' id='block_1_40' title="bbox 477 2348 2049 2414">
    <p class='ocr_par' dir='ltr' id='par_1_40' title="bbox 477 2348 2049 2414">
     <span class='ocr_line' id='line_1_40' title="bbox 477 2348 2049 2414; baseline 0.001 -13"><span class='ocrx_word' id='word_1_288' title='bbox 477 2348 754 2404; x_wconf 60' lang='lat' dir='ltr'><strong>audiuit-em</strong></span> <span class='ocrx_word' id='word_1_289' title='bbox 780 2348 886 2404; x_wconf 89' lang='lat' dir='ltr'><strong>illis</strong></span> <span class='ocrx_word' id='word_1_290' title='bbox 916 2356 1192 2403; x_wconf 85' lang='lat' dir='ltr'><strong>tantarum</strong></span> <span class='ocrx_word' id='word_1_291' title='bbox 1216 2349 1589 2404; x_wconf 81' lang='lat' dir='ltr'><strong>calamitatum</strong></span> <span class='ocrx_word' id='word_1_292' title='bbox 1612 2348 1892 2403; x_wconf 79' lang='lat' dir='ltr'><strong>exstitisse</strong></span> <span class='ocrx_word' id='word_1_293' title='bbox 1917 2366 1932 2414; x_wconf 90' lang='lat'><strong>;</strong></span> <span class='ocrx_word' id='word_1_294' title='bbox 1960 2364 2049 2403; x_wconf 92' lang='lat' dir='ltr'><strong>no-</strong></span> 
     </span>
    </p>
   </div>
   <div class='ocr_carea' id='block_1_41' title="bbox 474 2438 2045 2511">
    <p class='ocr_par' dir='ltr' id='par_1_41' title="bbox 474 2438 2045 2511">
     <span class='ocr_line' id='line_1_41' title="bbox 474 2438 2045 2511; baseline -0.001 -17"><span class='ocrx_word' id='word_1_295' title='bbox 474 2438 560 2495; x_wconf 87' lang='lat' dir='ltr'><strong>bis</strong></span> <span class='ocrx_word' id='word_1_296' title='bbox 587 2446 768 2493; x_wconf 83' lang='lat' dir='ltr'><strong>autem</strong></span> <span class='ocrx_word' id='word_1_297' title='bbox 793 2438 1044 2510; x_wconf 77' lang='lat' dir='ltr'><strong>gentibus</strong></span> <span class='ocrx_word' id='word_1_298' title='bbox 1064 2478 1080 2504; x_wconf 95' lang='lat'><strong>,</strong></span> <span class='ocrx_word' id='word_1_299' title='bbox 1112 2454 1233 2511; x_wconf 66' lang='lat' dir='ltr'><strong>quae</strong></span> <span class='ocrx_word' id='word_1_300' title='bbox 1255 2439 1329 2494; x_wconf 91' lang='lat' dir='ltr'><strong>illi</strong></span> <span class='ocrx_word' id='word_1_301' title='bbox 1357 2438 1714 2506; x_wconf 87' lang='lat' dir='ltr'><strong>credidimus,</strong></span> <span class='ocrx_word' id='word_1_302' title='bbox 1738 2446 1792 2493; x_wconf 92' lang='lat' dir='ltr'><strong>et</strong></span> <span class='ocrx_word' id='word_1_303' title='bbox 1818 2438 2045 2494; x_wconf 86' lang='lat' dir='ltr'><strong>salutem</strong></span> 
     </span>
    </p>
   </div>
   <div class='ocr_carea' id='block_1_42' title="bbox 475 2528 2044 2599">
    <p class='ocr_par' dir='ltr' id='par_1_42' title="bbox 475 2528 2044 2599">
     <span class='ocr_line' id='line_1_42' title="bbox 475 2528 2044 2599; baseline 0 -14"><span class='ocrx_word' id='word_1_304' title='bbox 475 2539 530 2585; x_wconf 89' lang='lat' dir='ltr'><strong>et</strong></span> <span class='ocrx_word' id='word_1_305' title='bbox 564 2528 654 2585; x_wconf 86' lang='lat' dir='ltr'><strong>Dei</strong></span> <span class='ocrx_word' id='word_1_306' title='bbox 684 2529 954 2595; x_wconf 87' lang='lat' dir='ltr'><strong>notitiam,</strong></span> <span class='ocrx_word' id='word_1_307' title='bbox 994 2530 1181 2599; x_wconf 88' lang='lat' dir='ltr'><strong>utjam</strong></span> <span class='ocrx_word' id='word_1_308' title='bbox 1204 2530 1634 2587; x_wconf 86' lang='lat' dir='ltr'><strong>demonstratum</strong></span> <span class='ocrx_word' id='word_1_309' title='bbox 1672 2537 1789 2594; x_wconf 88' lang='lat' dir='ltr'><strong>est,</strong></span> <span class='ocrx_word' id='word_1_310' title='bbox 1830 2530 2044 2585; x_wconf 79' lang='lat' dir='ltr'><strong>attulis-</strong></span> 
     </span>
    </p>
   </div>
   <div class='ocr_carea' id='block_1_43' title="bbox 475 2619 2041 2693">
    <p class='ocr_par' dir='ltr' id='par_1_43' title="bbox 475 2619 2041 2693">
     <span class='ocr_line' id='line_1_43' title="bbox 475 2619 2041 2693; baseline -0.002 -16"><span class='ocrx_word' id='word_1_311' title='bbox 475 2637 556 2677; x_wconf 86' lang='lat' dir='ltr'><strong>se.</strong></span> <span class='ocrx_word' id='word_1_312' title='bbox 588 2620 769 2688; x_wconf 83' lang='lat' dir='ltr'><strong>Quare</strong></span> <span class='ocrx_word' id='word_1_313' title='bbox 800 2620 1053 2692; x_wconf 88' lang='lat' dir='ltr'><strong>deinceps</strong></span> <span class='ocrx_word' id='word_1_314' title='bbox 1104 2622 1450 2693; x_wconf 85' lang='lat' dir='ltr'><strong>adjungitur:</strong></span> <span class='ocrx_word' id='word_1_315' title='bbox 1492 2638 1512 2674; x_wconf 79' lang='grc' dir='ltr'><strong>ι</strong></span> <span class='ocrx_word' id='word_1_316' title='bbox 1547 2621 1842 2677; x_wconf 80' lang='lat' dir='ltr'><strong>Nobiscum</strong></span> <span class='ocrx_word' id='word_1_317' title='bbox 1873 2619 2041 2675; x_wconf 90' lang='lat' dir='ltr'><strong>Deus:</strong></span> 
     </span>
    </p>
   </div>
   <div class='ocr_carea' id='block_1_44' title="bbox 474 2711 2046 2783">
    <p class='ocr_par' dir='ltr' id='par_1_44' title="bbox 474 2711 2046 2783">
     <span class='ocr_line' id='line_1_44' title="bbox 474 2711 2046 2783; baseline 0 -16"><span class='ocrx_word' id='word_1_318' title='bbox 474 2714 811 2783; x_wconf 82' lang='lat' dir='ltr'><strong>cognoscite,</strong></span> <span class='ocrx_word' id='word_1_319' title='bbox 845 2722 1052 2783; x_wconf 81' lang='lat' dir='ltr'><strong>gentes,</strong></span> <span class='ocrx_word' id='word_1_320' title='bbox 1085 2720 1140 2767; x_wconf 88' lang='lat' dir='ltr'><strong>et</strong></span> <span class='ocrx_word' id='word_1_321' title='bbox 1173 2712 1474 2768; x_wconf 86' lang='lat' dir='ltr'><strong>vincimini.</strong></span> <span class='ocrx_word' id='word_1_322' title='bbox 1505 2731 1522 2764; x_wconf 79' lang='grc' dir='ltr'><strong>ι</strong></span> <span class='ocrx_word' id='word_1_323' title='bbox 1553 2711 1831 2782; x_wconf 89' lang='lat' dir='ltr'><strong>Siquidem</strong></span> <span class='ocrx_word' id='word_1_324' title='bbox 1856 2726 1956 2766; x_wconf 90' lang='lat' dir='ltr'><strong>nos</strong></span> <span class='ocrx_word' id='word_1_325' title='bbox 1978 2727 2046 2767; x_wconf 75' lang='lat' dir='ltr'><strong>ex</strong></span> 
     </span>
    </p>
   </div>
   <div class='ocr_carea' id='block_1_45' title="bbox 474 2800 2045 2872">
    <p class='ocr_par' dir='ltr' id='par_1_45' title="bbox 474 2800 2045 2872">
     <span class='ocr_line' id='line_1_45' title="bbox 474 2800 2045 2872; baseline 0.001 -17"><span class='ocrx_word' id='word_1_326' title='bbox 474 2801 729 2871; x_wconf 84' lang='lat' dir='ltr'><strong>gentibus</strong></span> <span class='ocrx_word' id='word_1_327' title='bbox 756 2800 887 2856; x_wconf 81' lang='lat' dir='ltr'><strong>victi</strong></span> <span class='ocrx_word' id='word_1_328' title='bbox 914 2815 1108 2855; x_wconf 87' lang='lat' dir='ltr'><strong>sumus</strong></span> <span class='ocrx_word' id='word_1_329' title='bbox 1143 2816 1201 2856; x_wconf 87' lang='lat' dir='ltr'><strong>re</strong></span> <span class='ocrx_word' id='word_1_330' title='bbox 1236 2816 1363 2857; x_wconf 88' lang='lat' dir='ltr'><strong>vera</strong></span> <span class='ocrx_word' id='word_1_331' title='bbox 1388 2841 1403 2867; x_wconf 93' lang='lat'><strong>,</strong></span> <span class='ocrx_word' id='word_1_332' title='bbox 1439 2801 1533 2872; x_wconf 85' lang='lat' dir='ltr'><strong>qui</strong></span> <span class='ocrx_word' id='word_1_333' title='bbox 1566 2801 1670 2871; x_wconf 90' lang='lat' dir='ltr'><strong>ipsi</strong></span> <span class='ocrx_word' id='word_1_334' title='bbox 1706 2803 1925 2857; x_wconf 84' lang='lat' dir='ltr'><strong>veritati</strong></span> <span class='ocrx_word' id='word_1_335' title='bbox 1947 2843 1960 2864; x_wconf 85' lang='lat'><strong>,</strong></span> <span class='ocrx_word' id='word_1_336' title='bbox 1990 2811 2045 2857; x_wconf 89' lang='lat' dir='ltr'><strong>et</strong></span> 
     </span>
    </p>
   </div>
   <div class='ocr_carea' id='block_1_46' title="bbox 475 2892 2043 2957">
    <p class='ocr_par' dir='ltr' id='par_1_46' title="bbox 475 2892 2043 2957">
     <span class='ocr_line' id='line_1_46' title="bbox 475 2892 2043 2957; baseline -0.001 -10"><span class='ocrx_word' id='word_1_337' title='bbox 475 2893 674 2948; x_wconf 82' lang='lat' dir='ltr'><strong>stantis</strong></span> <span class='ocrx_word' id='word_1_338' title='bbox 720 2893 1011 2948; x_wconf 78' lang='lat' dir='ltr'><strong>nobiscum</strong></span> <span class='ocrx_word' id='word_1_339' title='bbox 1056 2892 1155 2947; x_wconf 85' lang='lat' dir='ltr'><strong>Dei</strong></span> <span class='ocrx_word' id='word_1_340' title='bbox 1210 2893 1398 2948; x_wconf 80' lang='lat' dir='ltr'><strong>virtuti</strong></span> <span class='ocrx_word' id='word_1_341' title='bbox 1447 2892 1734 2957; x_wconf 87' lang='lat' dir='ltr'><strong>cedentes,</strong></span> <span class='ocrx_word' id='word_1_342' title='bbox 1780 2893 1835 2947; x_wconf 76' lang='lat' dir='ltr'><strong>in</strong></span> <span class='ocrx_word' id='word_1_343' title='bbox 1892 2892 2043 2947; x_wconf 88' lang='lat' dir='ltr'><strong>illum</strong></span> 
     </span>
    </p>
   </div>
   <div class='ocr_carea' id='block_1_47' title="bbox 470 2983 2044 3055">
    <p class='ocr_par' dir='ltr' id='par_1_47' title="bbox 470 2983 2044 3055">
     <span class='ocr_line' id='line_1_47' title="bbox 470 2983 2044 3055; baseline 0.002 -17"><span class='ocrx_word' id='word_1_344' title='bbox 470 2983 841 3047; x_wconf 87' lang='lat' dir='ltr'><strong>credidimus,</strong></span> <span class='ocrx_word' id='word_1_345' title='bbox 892 2983 1256 3054; x_wconf 88' lang='lat' dir='ltr'><strong>cedentesque</strong></span> <span class='ocrx_word' id='word_1_346' title='bbox 1304 2984 1478 3041; x_wconf 90' lang='lat' dir='ltr'><strong>eidem</strong></span> <span class='ocrx_word' id='word_1_347' title='bbox 1529 2986 1814 3055; x_wconf 85' lang='lat' dir='ltr'><strong>paruimus</strong></span> <span class='ocrx_word' id='word_1_348' title='bbox 1853 3000 2044 3041; x_wconf 87' lang='lat' dir='ltr'><strong>omnes</strong></span> 
     </span>
    </p>
   </div>
   <div class='ocr_carea' id='block_1_48' title="bbox 472 3076 2040 3147">
    <p class='ocr_par' dir='ltr' id='par_1_48' title="bbox 472 3076 2040 3147">
     <span class='ocr_line' id='line_1_48' title="bbox 472 3076 2040 3147; baseline 0.002 -17"><span class='ocrx_word' id='word_1_349' title='bbox 472 3076 699 3147; x_wconf 88' lang='lat' dir='ltr'><strong>pariter,</strong></span> <span class='ocrx_word' id='word_1_350' title='bbox 730 3078 1044 3147; x_wconf 89' lang='lat' dir='ltr'><strong>quicunque</strong></span> <span class='ocrx_word' id='word_1_351' title='bbox 1088 3092 1261 3147; x_wconf 89' lang='lat' dir='ltr'><strong>usque</strong></span> <span class='ocrx_word' id='word_1_352' title='bbox 1302 3077 1369 3132; x_wconf 90' lang='lat' dir='ltr'><strong>ad</strong></span> <span class='ocrx_word' id='word_1_353' title='bbox 1410 3087 1652 3133; x_wconf 86' lang='lat' dir='ltr'><strong>extrema</strong></span> <span class='ocrx_word' id='word_1_354' title='bbox 1686 3084 1845 3133; x_wconf 65' lang='lat' dir='ltr'><strong>terra:</strong></span> <span class='ocrx_word' id='word_1_355' title='bbox 1883 3078 2040 3134; x_wconf 78' lang='lat' dir='ltr'><strong>habi-</strong></span> 
     </span>
    </p>
   </div>
   <div class='ocr_carea' id='block_1_49' title="bbox 2146 1968 3720 2044">
    <p class='ocr_par' dir='ltr' id='par_1_49' title="bbox 2146 1968 3720 2044">
     <span class='ocr_line' id='line_1_49' title="bbox 2146 1968 3720 2044; baseline 0.001 -21"><span class='ocrx_word' id='word_1_356' title='bbox 2146 1969 2207 2036; x_wconf 74' lang='grc' dir='ltr'><strong>ἐξ</strong></span> <span class='ocrx_word' id='word_1_357' title='bbox 2263 1972 2432 2025; x_wconf 80' lang='grc' dir='ltr'>ἐθνῶν</span> <span class='ocrx_word' id='word_1_358' title='bbox 2461 1974 2540 2036; x_wconf 82' lang='grc' dir='ltr'><strong>εις</strong></span> <span class='ocrx_word' id='word_1_359' title='bbox 2588 1972 2749 2027; x_wconf 78' lang='grc' dir='ltr'>αὑτὸν</span> <span class='ocrx_word' id='word_1_360' title='bbox 2795 1974 3237 2038; x_wconf 82' lang='grc' dir='ltr'>πεπιστευκότες,</span> <span class='ocrx_word' id='word_1_361' title='bbox 3277 1972 3593 2044; x_wconf 75' lang='grc' dir='ltr'>νικηθέντες</span> <span class='ocrx_word' id='word_1_362' title='bbox 3616 1968 3720 2025; x_wconf 76' lang='grc' dir='ltr'><strong>ὑπὸ</strong></span> 
     </span>
    </p>
   </div>
   <div class='ocr_carea' id='block_1_50' title="bbox 2146 2062 3716 2138">
    <p class='ocr_par' dir='ltr' id='par_1_50' title="bbox 2146 2062 3716 2138">
     <span class='ocr_line' id='line_1_50' title="bbox 2146 2062 3716 2138; baseline 0.001 -23"><span class='ocrx_word' id='word_1_363' title='bbox 2146 2063 2246 2133; x_wconf 79' lang='grc' dir='ltr'>τῆς</span> <span class='ocrx_word' id='word_1_364' title='bbox 2279 2063 2533 2138; x_wconf 82' lang='grc' dir='ltr'>ἀληθείας</span> <span class='ocrx_word' id='word_1_365' title='bbox 2554 2065 2651 2119; x_wconf 72' lang='grc' dir='ltr'><strong>καὶ</strong></span> <span class='ocrx_word' id='word_1_366' title='bbox 2680 2066 2778 2138; x_wconf 82' lang='grc' dir='ltr'><strong>τῆς</strong></span> <span class='ocrx_word' id='word_1_367' title='bbox 2803 2066 2897 2119; x_wconf 81' lang='grc' dir='ltr'>τοῦ</span> <span class='ocrx_word' id='word_1_368' title='bbox 2925 2066 3214 2137; x_wconf 83' lang='grc' dir='ltr'>γενομένου</span> <span class='ocrx_word' id='word_1_369' title='bbox 3252 2065 3370 2136; x_wconf 78' lang='grc' dir='ltr'>μεθ’</span> <span class='ocrx_word' id='word_1_370' title='bbox 3401 2065 3558 2135; x_wconf 84' lang='grc' dir='ltr'>ἡμῶν</span> <span class='ocrx_word' id='word_1_371' title='bbox 3583 2062 3716 2117; x_wconf 77' lang='grc' dir='ltr'>Θεοῦ</span> 
     </span>
    </p>
   </div>
   <div class='ocr_carea' id='block_1_51' title="bbox 2145 2153 3720 2227">
    <p class='ocr_par' dir='ltr' id='par_1_51' title="bbox 2145 2153 3720 2227">
     <span class='ocr_line' id='line_1_51' title="bbox 2145 2153 3720 2227; baseline 0.001 -21"><span class='ocrx_word' id='word_1_372' title='bbox 2145 2153 2426 2226; x_wconf 84' lang='grc' dir='ltr'>δυνάμεως</span> <span class='ocrx_word' id='word_1_373' title='bbox 2445 2172 2459 2185; x_wconf 87' lang='grc'><strong>·</strong></span> <span class='ocrx_word' id='word_1_374' title='bbox 2496 2155 2818 2227; x_wconf 75' lang='grc' dir='ltr'>ἡττηθέντες</span> <span class='ocrx_word' id='word_1_375' title='bbox 2845 2173 2904 2209; x_wconf 88' lang='grc' dir='ltr'><strong>τε</strong></span> <span class='ocrx_word' id='word_1_376' title='bbox 2927 2156 3313 2227; x_wconf 80' lang='grc' dir='ltr'>ὑπηκούσαμεν</span> <span class='ocrx_word' id='word_1_377' title='bbox 3340 2154 3491 2226; x_wconf 86' lang='grc' dir='ltr'>αύτῷ</span> <span class='ocrx_word' id='word_1_378' title='bbox 3520 2154 3720 2219; x_wconf 61' lang='lat' dir='ltr'><strong>Mm;</strong></span> 
     </span>
    </p>
   </div>
   <div class='ocr_carea' id='block_1_52' title="bbox 2142 2245 3717 2321">
    <p class='ocr_par' dir='ltr' id='par_1_52' title="bbox 2142 2245 3717 2321">
     <span class='ocr_line' id='line_1_52' title="bbox 2142 2245 3717 2321; baseline 0.004 -23"><span class='ocrx_word' id='word_1_379' title='bbox 2142 2245 2278 2317; x_wconf 80' lang='grc' dir='ltr'>ὁμοῦ</span> <span class='ocrx_word' id='word_1_380' title='bbox 2313 2248 2361 2300; x_wconf 86' lang='grc' dir='ltr'><strong>οί</strong></span> <span class='ocrx_word' id='word_1_381' title='bbox 2397 2248 2559 2319; x_wconf 83' lang='grc' dir='ltr'>μέχρι</span> <span class='ocrx_word' id='word_1_382' title='bbox 2596 2248 2703 2302; x_wconf 86' lang='grc' dir='ltr'><strong>τῶν</strong></span> <span class='ocrx_word' id='word_1_383' title='bbox 2732 2249 2993 2319; x_wconf 78' lang='grc' dir='ltr'>ἐσχατιῶν</span> <span class='ocrx_word' id='word_1_384' title='bbox 3038 2247 3415 2312; x_wconf 82' lang='grc' dir='ltr'>κατοικοῦντες</span> <span class='ocrx_word' id='word_1_385' title='bbox 3459 2249 3564 2320; x_wconf 79' lang='grc' dir='ltr'>τῆς</span> <span class='ocrx_word' id='word_1_386' title='bbox 3596 2249 3717 2321; x_wconf 83' lang='grc' dir='ltr'>γῆς,</span> 
     </span>
    </p>
   </div>
   <div class='ocr_carea' id='block_1_53' title="bbox 2148 2337 3721 2412">
    <p class='ocr_par' dir='ltr' id='par_1_53' title="bbox 2148 2337 3721 2412">
     <span class='ocr_line' id='line_1_53' title="bbox 2148 2337 3721 2412; baseline 0.003 -22"><span class='ocrx_word' id='word_1_387' title='bbox 2148 2337 2286 2391; x_wconf 88' lang='grc' dir='ltr'><strong>κατά</strong></span> <span class='ocrx_word' id='word_1_388' title='bbox 2316 2340 2414 2409; x_wconf 83' lang='grc' dir='ltr'>τὴν</span> <span class='ocrx_word' id='word_1_389' title='bbox 2453 2341 2701 2411; x_wconf 85' lang='grc' dir='ltr'>φήσασαν</span> <span class='ocrx_word' id='word_1_390' title='bbox 2741 2340 3076 2412; x_wconf 81' lang='grc' dir='ltr'>προφητείαν</span> <span class='ocrx_word' id='word_1_391' title='bbox 3095 2356 3109 2370; x_wconf 86' lang='lat'><strong><em>°</em></strong></span> <span class='ocrx_word' id='word_1_392' title='bbox 3149 2359 3169 2392; x_wconf 72' lang='grc' dir='ltr'><strong>ι</strong></span> <span class='ocrx_word' id='word_1_393' title='bbox 3217 2340 3590 2396; x_wconf 82' lang='grc' dir='ltr'>Ἐπακούσατε</span> <span class='ocrx_word' id='word_1_394' title='bbox 3612 2341 3721 2405; x_wconf 65' lang='grc' dir='ltr'><strong>ἕως</strong></span> 
     </span>
    </p>
   </div>
   <div class='ocr_carea' id='block_1_54' title="bbox 2147 2420 3716 2504">
    <p class='ocr_par' dir='ltr' id='par_1_54' title="bbox 2147 2420 3716 2504">
     <span class='ocr_line' id='line_1_54' title="bbox 2147 2420 3716 2504; baseline 0.003 -22"><span class='ocrx_word' id='word_1_395' title='bbox 2147 2431 2375 2500; x_wconf 69' lang='grc' dir='ltr'>ἐσχάτου</span> <span class='ocrx_word' id='word_1_396' title='bbox 2418 2431 2518 2503; x_wconf 87' lang='grc' dir='ltr'>τῆς</span> <span class='ocrx_word' id='word_1_397' title='bbox 2560 2420 2680 2502; x_wconf 75' lang='grc' dir='ltr'>γῆς.</span> <span class='ocrx_word' id='word_1_398' title='bbox 2713 2451 2731 2485; x_wconf 74' lang='grc' dir='ltr'><strong>ι</strong></span> <span class='ocrx_word' id='word_1_399' title='bbox 2774 2433 2909 2486; x_wconf 83' lang='grc' dir='ltr'>Ἀλλ’</span> <span class='ocrx_word' id='word_1_400' title='bbox 2942 2435 3100 2504; x_wconf 83' lang='grc' dir='ltr'>ἡμεῖς</span> <span class='ocrx_word' id='word_1_401' title='bbox 3144 2433 3241 2504; x_wconf 83' lang='grc' dir='ltr'>μὲν</span> <span class='ocrx_word' id='word_1_402' title='bbox 3275 2434 3371 2486; x_wconf 80' lang='grc' dir='ltr'>καὶ</span> <span class='ocrx_word' id='word_1_403' title='bbox 3412 2434 3716 2504; x_wconf 76' lang='grc' dir='ltr'>ἡττήμεθα,</span> 
     </span>
    </p>
   </div>
   <div class='ocr_carea' id='block_1_55' title="bbox 2146 2523 3721 2597">
    <p class='ocr_par' dir='ltr' id='par_1_55' title="bbox 2146 2523 3721 2597">
     <span class='ocr_line' id='line_1_55' title="bbox 2146 2523 3721 2597; baseline 0.003 -23"><span class='ocrx_word' id='word_1_404' title='bbox 2146 2523 2240 2575; x_wconf 62' lang='grc' dir='ltr'><strong>καλ⁵</strong></span> <span class='ocrx_word' id='word_1_405' title='bbox 2294 2523 2542 2578; x_wconf 83' lang='grc' dir='ltr'>καλοῦντι</span> <span class='ocrx_word' id='word_1_406' title='bbox 2596 2525 2981 2597; x_wconf 82' lang='grc' dir='ltr'>ὑπηκούσαμεν</span> <span class='ocrx_word' id='word_1_407' title='bbox 3002 2542 3017 2555; x_wconf 68' lang='grc' dir='ltr'><strong>ο</strong></span> <span class='ocrx_word' id='word_1_408' title='bbox 3056 2526 3168 2588; x_wconf 85' lang='grc' dir='ltr'>τοῖς</span> <span class='ocrx_word' id='word_1_409' title='bbox 3203 2524 3260 2578; x_wconf 84' lang='grc' dir='ltr'><strong>δὲ</strong></span> <span class='ocrx_word' id='word_1_410' title='bbox 3302 2525 3381 2578; x_wconf 77' lang='grc' dir='ltr'>ἐτι</span> <span class='ocrx_word' id='word_1_411' title='bbox 3410 2525 3523 2579; x_wconf 87' lang='grc' dir='ltr'><strong>τῶν</strong></span> <span class='ocrx_word' id='word_1_412' title='bbox 3548 2525 3721 2579; x_wconf 70' lang='grc' dir='ltr'>ἐθνῶν</span> 
     </span>
    </p>
   </div>
   <div class='ocr_carea' id='block_1_56' title="bbox 2146 2614 3721 2689">
    <p class='ocr_par' dir='ltr' id='par_1_56' title="bbox 2146 2614 3721 2689">
     <span class='ocr_line' id='line_1_56' title="bbox 2146 2614 3721 2689; baseline 0.002 -21"><span class='ocrx_word' id='word_1_413' title='bbox 2146 2614 2432 2669; x_wconf 79' lang='grc' dir='ltr'>ἀπειθοῦσι</span> <span class='ocrx_word' id='word_1_414' title='bbox 2463 2616 2533 2670; x_wconf 82' lang='grc' dir='ltr'>τὰ</span> <span class='ocrx_word' id='word_1_415' title='bbox 2569 2618 2696 2689; x_wconf 68' lang='grc' dir='ltr'><strong>ἑξῆς</strong></span> <span class='ocrx_word' id='word_1_416' title='bbox 2735 2619 3075 2673; x_wconf 83' lang='grc' dir='ltr'>ἀποτείνεται</span> <span class='ocrx_word' id='word_1_417' title='bbox 3109 2617 3278 2687; x_wconf 83' lang='grc' dir='ltr'>λέγων</span> <span class='ocrx_word' id='word_1_418' title='bbox 3301 2635 3315 2648; x_wconf 69' lang='grc' dir='ltr'><strong>ι</strong></span> <span class='ocrx_word' id='word_1_419' title='bbox 3356 2637 3375 2669; x_wconf 76' lang='grc' dir='ltr'><strong>ι</strong></span> <span class='ocrx_word' id='word_1_420' title='bbox 3416 2618 3721 2689; x_wconf 74' lang='grc' dir='ltr'>Ἰσχυκότες</span> 
     </span>
    </p>
   </div>
   <div class='ocr_carea' id='block_1_57' title="bbox 2149 2706 3721 2785">
    <p class='ocr_par' dir='ltr' id='par_1_57' title="bbox 2149 2706 3721 2785">
     <span class='ocr_line' id='line_1_57' title="bbox 2149 2706 3721 2785; baseline 0.004 -26"><span class='ocrx_word' id='word_1_421' title='bbox 2149 2706 2403 2777; x_wconf 83' lang='grc' dir='ltr'>ἡττᾶσθε.</span> <span class='ocrx_word' id='word_1_422' title='bbox 2471 2708 2567 2763; x_wconf 76' lang='grc' dir='ltr'>Ἂν</span> <span class='ocrx_word' id='word_1_423' title='bbox 2598 2709 2707 2780; x_wconf 84' lang='grc' dir='ltr'><strong>γὰρ</strong></span> <span class='ocrx_word' id='word_1_424' title='bbox 2736 2711 2899 2765; x_wconf 79' lang='grc' dir='ltr'>πάλιν</span> <span class='ocrx_word' id='word_1_425' title='bbox 2964 2710 3239 2781; x_wconf 83' lang='grc' dir='ltr'>ίσχύσητε,</span> <span class='ocrx_word' id='word_1_426' title='bbox 3287 2710 3449 2766; x_wconf 78' lang='grc' dir='ltr'>πάλιν</span> <span class='ocrx_word' id='word_1_427' title='bbox 3479 2712 3721 2785; x_wconf 82' lang='grc' dir='ltr'>ἡττηθὴ-</span> 
     </span>
    </p>
   </div>
   <div class='ocr_carea' id='block_1_58' title="bbox 2144 2798 3719 2877">
    <p class='ocr_par' dir='ltr' id='par_1_58' title="bbox 2144 2798 3719 2877">
     <span class='ocr_line' id='line_1_58' title="bbox 2144 2798 3719 2877; baseline 0.003 -26"><span class='ocrx_word' id='word_1_428' title='bbox 2144 2798 2337 2854; x_wconf 86' lang='grc' dir='ltr'>σεσθε·</span> <span class='ocrx_word' id='word_1_429' title='bbox 2368 2801 2461 2855; x_wconf 77' lang='grc' dir='ltr'>καὶ</span> <span class='ocrx_word' id='word_1_430' title='bbox 2490 2800 2646 2871; x_wconf 89' lang='grc' dir='ltr'>λόγον</span> <span class='ocrx_word' id='word_1_431' title='bbox 2668 2802 2726 2856; x_wconf 77' lang='grc' dir='ltr'>ὃν</span> <span class='ocrx_word' id='word_1_432' title='bbox 2759 2802 2825 2857; x_wconf 80' lang='grc' dir='ltr'>ἂν</span> <span class='ocrx_word' id='word_1_433' title='bbox 2863 2802 3242 2874; x_wconf 85' lang='grc' dir='ltr'>βουλεύσησθε,</span> <span class='ocrx_word' id='word_1_434' title='bbox 3275 2804 3336 2857; x_wconf 88' lang='grc' dir='ltr'><strong>ού</strong></span> <span class='ocrx_word' id='word_1_435' title='bbox 3385 2804 3458 2875; x_wconf 81' lang='grc' dir='ltr'>μὴ</span> <span class='ocrx_word' id='word_1_436' title='bbox 3483 2804 3719 2877; x_wconf 70' lang='grc' dir='ltr'>ἐμμείνῃ</span> 
     </span>
    </p>
   </div>
   <div class='ocr_carea' id='block_1_59' title="bbox 2142 2891 3723 2968">
    <p class='ocr_par' dir='ltr' id='par_1_59' title="bbox 2142 2891 3723 2968">
     <span class='ocr_line' id='line_1_59' title="bbox 2142 2891 3723 2968; baseline 0.004 -25"><span class='ocrx_word' id='word_1_437' title='bbox 2142 2891 2209 2943; x_wconf 56' lang='grc' dir='ltr'><strong>λὲν</strong></span> <span class='ocrx_word' id='word_1_438' title='bbox 2245 2892 2393 2962; x_wconf 87' lang='grc' dir='ltr'>ὑμῖν,</span> <span class='ocrx_word' id='word_1_439' title='bbox 2428 2893 2507 2946; x_wconf 81' lang='grc' dir='ltr'><strong>ὅτι</strong></span> <span class='ocrx_word' id='word_1_440' title='bbox 2543 2894 2661 2965; x_wconf 75' lang='grc' dir='ltr'>μεθ’</span> <span class='ocrx_word' id='word_1_441' title='bbox 2683 2893 2840 2966; x_wconf 78' lang='grc' dir='ltr'>ἡμῶν</span> <span class='ocrx_word' id='word_1_442' title='bbox 2863 2898 2891 2948; x_wconf 88' lang='grc' dir='ltr'>ὁ</span> <span class='ocrx_word' id='word_1_443' title='bbox 2921 2894 3071 2958; x_wconf 84' lang='grc' dir='ltr'>Θεάς.</span> <span class='ocrx_word' id='word_1_444' title='bbox 3114 2914 3132 2947; x_wconf 72' lang='grc' dir='ltr'><strong>ι</strong></span> <span class='ocrx_word' id='word_1_445' title='bbox 3167 2895 3322 2948; x_wconf 78' lang='grc' dir='ltr'>Οὕτω</span> <span class='ocrx_word' id='word_1_446' title='bbox 3338 2894 3487 2963; x_wconf 75' lang='grc' dir='ltr'>λέγει</span> <span class='ocrx_word' id='word_1_447' title='bbox 3514 2895 3723 2968; x_wconf 81' lang='grc' dir='ltr'>Κύριος</span> 
     </span>
    </p>
   </div>
   <div class='ocr_carea' id='block_1_60' title="bbox 2142 2981 3723 3059">
    <p class='ocr_par' dir='ltr' id='par_1_60' title="bbox 2142 2981 3723 3059">
     <span class='ocr_line' id='line_1_60' title="bbox 2142 2981 3723 3059; baseline 0.004 -24"><span class='ocrx_word' id='word_1_448' title='bbox 2142 2986 2210 3055; x_wconf 85' lang='grc' dir='ltr'><strong>τῇ</strong></span> <span class='ocrx_word' id='word_1_449' title='bbox 2254 2986 2449 3057; x_wconf 74' lang='grc' dir='ltr'>ἰσχυρᾷ</span> <span class='ocrx_word' id='word_1_450' title='bbox 2498 2989 2639 3058; x_wconf 70' lang='grc' dir='ltr'>χειρὶ</span> <span class='ocrx_word' id='word_1_451' title='bbox 2693 2986 3041 3041; x_wconf 76' lang='grc' dir='ltr'>ἀπειθοῦσινο</span> <span class='ocrx_word' id='word_1_452' title='bbox 3082 2988 3149 3041; x_wconf 79' lang='grc' dir='ltr'><strong>δι’</strong></span> <span class='ocrx_word' id='word_1_453' title='bbox 3180 2981 3254 3043; x_wconf 82' lang='grc' dir='ltr'>ὧν</span> <span class='ocrx_word' id='word_1_454' title='bbox 3289 2987 3526 3058; x_wconf 85' lang='grc' dir='ltr'>σαφῶςό</span> <span class='ocrx_word' id='word_1_455' title='bbox 3561 2989 3723 3059; x_wconf 82' lang='grc' dir='ltr'>λόγος</span> 
     </span>
    </p>
   </div>
   <div class='ocr_carea' id='block_1_61' title="bbox 2139 3076 3723 3153">
    <p class='ocr_par' dir='ltr' id='par_1_61' title="bbox 2139 3076 3723 3153">
     <span class='ocr_line' id='line_1_61' title="bbox 2139 3076 3723 3153; baseline 0.004 -24"><span class='ocrx_word' id='word_1_456' title='bbox 2139 3076 2411 3146; x_wconf 78' lang='grc' dir='ltr'>ἀφηνιῶσι</span> <span class='ocrx_word' id='word_1_457' title='bbox 2456 3079 2551 3132; x_wconf 76' lang='grc' dir='ltr'>καὶ</span> <span class='ocrx_word' id='word_1_458' title='bbox 2585 3080 3055 3151; x_wconf 82' lang='grc' dir='ltr'>ἀντιταττομένοις</span> <span class='ocrx_word' id='word_1_459' title='bbox 3084 3084 3149 3152; x_wconf 78' lang='grc' dir='ltr'>τῇ</span> <span class='ocrx_word' id='word_1_460' title='bbox 3174 3080 3266 3134; x_wconf 80' lang='grc' dir='ltr'>τοῦ</span> <span class='ocrx_word' id='word_1_461' title='bbox 3299 3080 3536 3153; x_wconf 82' lang='grc' dir='ltr'>Χριστοῦ</span> <span class='ocrx_word' id='word_1_462' title='bbox 3573 3082 3723 3135; x_wconf 82' lang='grc' dir='ltr'>διδα-</span> 
     </span>
    </p>
   </div>
   <div class='ocr_carea' id='block_1_62' title="bbox 464 3168 2041 3269">
    <p class='ocr_par' dir='ltr' id='par_1_62' title="bbox 464 3168 2036 3240">
     <span class='ocr_line' id='line_1_62' title="bbox 464 3168 2036 3240; baseline 0.001 -17"><span class='ocrx_word' id='word_1_463' title='bbox 464 3178 684 3231; x_wconf 78' lang='lat' dir='ltr'><strong>tamus,</strong></span> <span class='ocrx_word' id='word_1_464' title='bbox 740 3177 800 3222; x_wconf 89' lang='lat' dir='ltr'><strong>ut</strong></span> <span class='ocrx_word' id='word_1_465' title='bbox 848 3168 904 3223; x_wconf 89' lang='lat' dir='ltr'><strong>in</strong></span> <span class='ocrx_word' id='word_1_466' title='bbox 953 3168 1236 3239; x_wconf 84' lang='lat' dir='ltr'><strong>prophetia</strong></span> <span class='ocrx_word' id='word_1_467' title='bbox 1285 3168 1550 3240; x_wconf 88' lang='lat' dir='ltr'><strong>scriptum</strong></span> <span class='ocrx_word' id='word_1_468' title='bbox 1593 3177 1711 3235; x_wconf 86' lang='lat' dir='ltr'><strong>est,</strong></span> <span class='ocrx_word' id='word_1_469' title='bbox 1760 3184 1882 3240; x_wconf 81' lang='lat' dir='ltr'><strong>quae</strong></span> <span class='ocrx_word' id='word_1_470' title='bbox 1926 3171 2036 3225; x_wconf 89' lang='lat' dir='ltr'><strong>ait:</strong></span> 
     </span>
    </p>
   </div>
   <div class='ocr_carea' id='block_1_63' title="bbox 2147 3168 3723 3269">
    <p class='ocr_par' dir='ltr' id='par_1_63' title="bbox 2147 3168 3723 3243">
     <span class='ocr_line' id='line_1_63' title="bbox 2147 3168 3723 3243; baseline 0.001 -21"><span class='ocrx_word' id='word_1_471' title='bbox 2147 3168 2361 3240; x_wconf 77' lang='grc' dir='ltr'>σκαλίᾳ,</span> <span class='ocrx_word' id='word_1_472' title='bbox 2394 3170 2489 3223; x_wconf 80' lang='grc' dir='ltr'><strong>καὶ</strong></span> <span class='ocrx_word' id='word_1_473' title='bbox 2516 3173 2627 3233; x_wconf 90' lang='grc' dir='ltr'>τοῖς</span> <span class='ocrx_word' id='word_1_474' title='bbox 2669 3170 2949 3224; x_wconf 78' lang='grc' dir='ltr'>ἀπειθοῦσι</span> <span class='ocrx_word' id='word_1_475' title='bbox 2988 3174 3055 3242; x_wconf 81' lang='grc' dir='ltr'><strong>τῇ</strong></span> <span class='ocrx_word' id='word_1_476' title='bbox 3087 3172 3324 3242; x_wconf 79' lang='grc' dir='ltr'>κραταιᾷ</span> <span class='ocrx_word' id='word_1_477' title='bbox 3370 3171 3539 3225; x_wconf 76' lang='grc' dir='ltr'>αὐτοῦ</span> <span class='ocrx_word' id='word_1_478' title='bbox 3574 3172 3723 3243; x_wconf 84' lang='grc' dir='ltr'>χειρὶ</span> 
     </span>
    </p>
   </div>
   <div class='ocr_carea' id='block_1_64' title="bbox 472 3258 2046 3333">
    <p class='ocr_par' dir='ltr' id='par_1_64' title="bbox 472 3258 2046 3333">
     <span class='ocr_line' id='line_1_64' title="bbox 472 3258 2046 3333; baseline 0.003 -21"><span class='ocrx_word' id='word_1_479' title='bbox 472 3280 496 3312; x_wconf 77' lang='grc'><strong>’1</strong></span> <span class='ocrx_word' id='word_1_480' title='bbox 538 3258 803 3315; x_wconf 76' lang='lat' dir='ltr'><strong>Exaudite</strong></span> <span class='ocrx_word' id='word_1_481' title='bbox 830 3274 1003 3331; x_wconf 90' lang='lat' dir='ltr'><strong>usque</strong></span> <span class='ocrx_word' id='word_1_482' title='bbox 1036 3261 1103 3314; x_wconf 89' lang='lat' dir='ltr'><strong>ad</strong></span> <span class='ocrx_word' id='word_1_483' title='bbox 1133 3269 1435 3316; x_wconf 75' lang='lat' dir='ltr'><strong>extremum</strong></span> <span class='ocrx_word' id='word_1_484' title='bbox 1463 3268 1642 3325; x_wconf 64' lang='lat' dir='ltr'><strong>terrae,</strong></span> <span class='ocrx_word' id='word_1_485' title='bbox 1674 3280 1692 3314; x_wconf 71' lang='grc' dir='ltr'><strong>ι</strong></span> <span class='ocrx_word' id='word_1_486' title='bbox 1729 3270 1782 3317; x_wconf 88' lang='lat' dir='ltr'><strong>et</strong></span> <span class='ocrx_word' id='word_1_487' title='bbox 1797 3277 1897 3318; x_wconf 88' lang='lat' dir='ltr'><strong>nos</strong></span> <span class='ocrx_word' id='word_1_488' title='bbox 1926 3264 2046 3333; x_wconf 88' lang='lat' dir='ltr'><strong>qui-</strong></span> 
     </span>
    </p>
   </div>
   <div class='ocr_carea' id='block_1_65' title="bbox 471 3351 2038 3424">
    <p class='ocr_par' dir='ltr' id='par_1_65' title="bbox 471 3351 2038 3424">
     <span class='ocr_line' id='line_1_65' title="bbox 471 3351 2038 3424; baseline 0 -16"><span class='ocrx_word' id='word_1_489' title='bbox 471 3351 595 3408; x_wconf 87' lang='lat' dir='ltr'><strong>dem</strong></span> <span class='ocrx_word' id='word_1_490' title='bbox 617 3391 634 3415; x_wconf 94' lang='lat'><strong>,</strong></span> <span class='ocrx_word' id='word_1_491' title='bbox 664 3359 722 3406; x_wconf 88' lang='lat' dir='ltr'><strong>et</strong></span> <span class='ocrx_word' id='word_1_492' title='bbox 757 3353 882 3407; x_wconf 83' lang='lat' dir='ltr'><strong>victi</strong></span> <span class='ocrx_word' id='word_1_493' title='bbox 916 3367 1142 3417; x_wconf 90' lang='lat' dir='ltr'><strong>sumus,</strong></span> <span class='ocrx_word' id='word_1_494' title='bbox 1174 3360 1229 3408; x_wconf 89' lang='lat' dir='ltr'><strong>et</strong></span> <span class='ocrx_word' id='word_1_495' title='bbox 1270 3353 1487 3407; x_wconf 86' lang='lat' dir='ltr'><strong>vocanti</strong></span> <span class='ocrx_word' id='word_1_496' title='bbox 1522 3353 2038 3424; x_wconf 86' lang='lat' dir='ltr'><strong>obtemperavimus.</strong></span> 
     </span>
    </p>
   </div>
   <div class='ocr_carea' id='block_1_66' title="bbox 470 3442 2036 3516">
    <p class='ocr_par' dir='ltr' id='par_1_66' title="bbox 470 3442 2036 3516">
     <span class='ocr_line' id='line_1_66' title="bbox 470 3442 2036 3516; baseline 0.001 -17"><span class='ocrx_word' id='word_1_497' title='bbox 470 3442 556 3499; x_wconf 82' lang='lat' dir='ltr'><strong>Ad</strong></span> <span class='ocrx_word' id='word_1_498' title='bbox 584 3458 680 3499; x_wconf 91' lang='lat' dir='ltr'><strong>eos</strong></span> <span class='ocrx_word' id='word_1_499' title='bbox 705 3457 834 3498; x_wconf 88' lang='lat' dir='ltr'><strong>vero</strong></span> <span class='ocrx_word' id='word_1_500' title='bbox 862 3444 956 3515; x_wconf 88' lang='lat' dir='ltr'><strong>qui</strong></span> <span class='ocrx_word' id='word_1_501' title='bbox 986 3444 1054 3499; x_wconf 90' lang='lat' dir='ltr'><strong>de</strong></span> <span class='ocrx_word' id='word_1_502' title='bbox 1086 3444 1220 3515; x_wconf 89' lang='lat' dir='ltr'><strong>ipsis</strong></span> <span class='ocrx_word' id='word_1_503' title='bbox 1245 3443 1500 3516; x_wconf 86' lang='lat' dir='ltr'><strong>gentibus</strong></span> <span class='ocrx_word' id='word_1_504' title='bbox 1528 3459 1637 3499; x_wconf 91' lang='lat' dir='ltr'><strong>non</strong></span> <span class='ocrx_word' id='word_1_505' title='bbox 1667 3446 2036 3512; x_wconf 86' lang='lat' dir='ltr'><strong>crediderint,</strong></span> 
     </span>
    </p>
   </div>
   <div class='ocr_carea' id='block_1_67' title="bbox 469 3536 2042 3608">
    <p class='ocr_par' dir='ltr' id='par_1_67' title="bbox 469 3536 2042 3608">
     <span class='ocr_line' id='line_1_67' title="bbox 469 3536 2042 3608; baseline 0.002 -16"><span class='ocrx_word' id='word_1_506' title='bbox 469 3551 535 3592; x_wconf 85' lang='lat' dir='ltr'><strong>ea</strong></span> <span class='ocrx_word' id='word_1_507' title='bbox 588 3536 777 3608; x_wconf 84' lang='lat' dir='ltr'><strong>dirigit</strong></span> <span class='ocrx_word' id='word_1_508' title='bbox 827 3552 949 3608; x_wconf 59' lang='lat' dir='ltr'><strong>quas</strong></span> <span class='ocrx_word' id='word_1_509' title='bbox 1001 3544 1331 3607; x_wconf 89' lang='lat' dir='ltr'><strong>sequuntur,</strong></span> <span class='ocrx_word' id='word_1_510' title='bbox 1387 3536 1581 3593; x_wconf 85' lang='lat' dir='ltr'><strong>dicens</strong></span> <span class='ocrx_word' id='word_1_511' title='bbox 1617 3556 1630 3591; x_wconf 90' lang='lat'><strong>:</strong></span> <span class='ocrx_word' id='word_1_512' title='bbox 1660 3556 1678 3588; x_wconf 77' lang='grc' dir='ltr'><strong>ι</strong></span> <span class='ocrx_word' id='word_1_513' title='bbox 1714 3536 1821 3605; x_wconf 84' lang='lat' dir='ltr'><strong>Qui</strong></span> <span class='ocrx_word' id='word_1_514' title='bbox 1873 3538 2042 3595; x_wconf 78' lang='lat' dir='ltr'><strong>fortes</strong></span> 
     </span>
    </p>
   </div>
   <div class='ocr_carea' id='block_1_68' title="bbox 462 3626 2041 3699">
    <p class='ocr_par' dir='ltr' id='par_1_68' title="bbox 462 3626 2041 3699">
     <span class='ocr_line' id='line_1_68' title="bbox 462 3626 2041 3699; baseline 0.001 -14"><span class='ocrx_word' id='word_1_515' title='bbox 462 3628 686 3695; x_wconf 72' lang='lat' dir='ltr'><strong>fuistis,</strong></span> <span class='ocrx_word' id='word_1_516' title='bbox 731 3628 1032 3684; x_wconf 85' lang='lat' dir='ltr'><strong>vincimini.</strong></span> <span class='ocrx_word' id='word_1_517' title='bbox 1078 3626 1137 3683; x_wconf 87' lang='lat' dir='ltr'><strong>Si</strong></span> <span class='ocrx_word' id='word_1_518' title='bbox 1169 3629 1314 3683; x_wconf 89' lang='lat' dir='ltr'><strong>enim</strong></span> <span class='ocrx_word' id='word_1_519' title='bbox 1349 3642 1545 3685; x_wconf 86' lang='lat' dir='ltr'><strong>rursus</strong></span> <span class='ocrx_word' id='word_1_520' title='bbox 1579 3627 1750 3685; x_wconf 76' lang='lat' dir='ltr'><strong>fortes</strong></span> <span class='ocrx_word' id='word_1_521' title='bbox 1797 3629 2041 3699; x_wconf 78' lang='lat' dir='ltr'><strong>fueritis,</strong></span> 
     </span>
    </p>
   </div>
   <div class='ocr_carea' id='block_1_69' title="bbox 462 3720 2039 3792">
    <p class='ocr_par' dir='ltr' id='par_1_69' title="bbox 462 3720 2039 3792">
     <span class='ocr_line' id='line_1_69' title="bbox 462 3720 2039 3792; baseline 0.001 -16"><span class='ocrx_word' id='word_1_522' title='bbox 462 3736 665 3776; x_wconf 85' lang='lat' dir='ltr'><strong>rursus</strong></span> <span class='ocrx_word' id='word_1_523' title='bbox 704 3720 1003 3776; x_wconf 88' lang='lat' dir='ltr'><strong>vincemini</strong></span> <span class='ocrx_word' id='word_1_524' title='bbox 1030 3760 1045 3784; x_wconf 93' lang='lat'><strong>,</strong></span> <span class='ocrx_word' id='word_1_525' title='bbox 1078 3727 1132 3776; x_wconf 92' lang='lat' dir='ltr'><strong>et</strong></span> <span class='ocrx_word' id='word_1_526' title='bbox 1161 3733 1545 3792; x_wconf 88' lang='lat' dir='ltr'><strong>quamcunque</strong></span> <span class='ocrx_word' id='word_1_527' title='bbox 1600 3721 1865 3776; x_wconf 88' lang='lat' dir='ltr'><strong>rationem</strong></span> <span class='ocrx_word' id='word_1_528' title='bbox 1902 3722 2039 3777; x_wconf 84' lang='lat' dir='ltr'><strong>inie-</strong></span> 
     </span>
    </p>
   </div>
   <div class='ocr_carea' id='block_1_70' title="bbox 2148 3260 3724 3335">
    <p class='ocr_par' dir='ltr' id='par_1_70' title="bbox 2148 3260 3724 3335">
     <span class='ocr_line' id='line_1_70' title="bbox 2148 3260 3724 3335; baseline 0.003 -23"><span class='ocrx_word' id='word_1_529' title='bbox 2148 3260 2415 3324; x_wconf 81' lang='grc' dir='ltr'>θεσπίζει,</span> <span class='ocrx_word' id='word_1_530' title='bbox 2467 3263 2549 3315; x_wconf 84' lang='grc' dir='ltr'>ὅτι</span> <span class='ocrx_word' id='word_1_531' title='bbox 2584 3261 2716 3333; x_wconf 80' lang='grc' dir='ltr'>μηδὲ</span> <span class='ocrx_word' id='word_1_532' title='bbox 2760 3262 3003 3333; x_wconf 74' lang='grc' dir='ltr'>ἰσχύουσι</span> <span class='ocrx_word' id='word_1_533' title='bbox 3039 3262 3437 3334; x_wconf 86' lang='grc' dir='ltr'>προσπολεμεῖν</span> <span class='ocrx_word' id='word_1_534' title='bbox 3468 3263 3563 3316; x_wconf 80' lang='grc' dir='ltr'>τὸν</span> <span class='ocrx_word' id='word_1_535' title='bbox 3602 3263 3724 3335; x_wconf 76' lang='grc' dir='ltr'>μεθ’</span> 
     </span>
    </p>
   </div>
   <div class='ocr_carea' id='block_1_71' title="bbox 2147 3351 3724 3425">
    <p class='ocr_par' dir='ltr' id='par_1_71' title="bbox 2147 3351 3724 3425">
     <span class='ocr_line' id='line_1_71' title="bbox 2147 3351 3724 3425; baseline 0.004 -21"><span class='ocrx_word' id='word_1_536' title='bbox 2147 3351 2302 3424; x_wconf 88' lang='grc' dir='ltr'>ἡμῶν</span> <span class='ocrx_word' id='word_1_537' title='bbox 2330 3352 2460 3406; x_wconf 80' lang='grc' dir='ltr'>Θεὸν</span> <span class='ocrx_word' id='word_1_538' title='bbox 2483 3352 2829 3423; x_wconf 83' lang='grc' dir='ltr'>πειρώμενοι,</span> <span class='ocrx_word' id='word_1_539' title='bbox 2866 3355 2958 3407; x_wconf 73' lang='grc' dir='ltr'>καὶ</span> <span class='ocrx_word' id='word_1_540' title='bbox 2989 3355 3068 3407; x_wconf 81' lang='grc' dir='ltr'>ὅτι</span> <span class='ocrx_word' id='word_1_541' title='bbox 3094 3356 3201 3408; x_wconf 79' lang='grc' dir='ltr'><strong>πᾶν</strong></span> <span class='ocrx_word' id='word_1_542' title='bbox 3232 3354 3260 3408; x_wconf 80' lang='grc' dir='ltr'>ὃ</span> <span class='ocrx_word' id='word_1_543' title='bbox 3282 3355 3349 3409; x_wconf 87' lang='grc' dir='ltr'>ἂν</span> <span class='ocrx_word' id='word_1_544' title='bbox 3384 3354 3724 3425; x_wconf 77' lang='grc' dir='ltr'>βουλεύσων-</span> 
     </span>
    </p>
   </div>
   <div class='ocr_carea' id='block_1_72' title="bbox 2140 3443 3721 3520">
    <p class='ocr_par' dir='ltr' id='par_1_72' title="bbox 2140 3443 3721 3520">
     <span class='ocr_line' id='line_1_72' title="bbox 2140 3443 3721 3520; baseline 0.002 -23"><span class='ocrx_word' id='word_1_545' title='bbox 2140 3460 2234 3497; x_wconf 88' lang='grc' dir='ltr'><strong>ται</strong></span> <span class='ocrx_word' id='word_1_546' title='bbox 2253 3443 2574 3515; x_wconf 86' lang='grc' dir='ltr'>καθ’ἡμῶν,</span> <span class='ocrx_word' id='word_1_547' title='bbox 2624 3443 2685 3497; x_wconf 83' lang='grc' dir='ltr'>οὺ</span> <span class='ocrx_word' id='word_1_548' title='bbox 2724 3444 2798 3516; x_wconf 75' lang='grc' dir='ltr'>μὴ</span> <span class='ocrx_word' id='word_1_549' title='bbox 2849 3445 3082 3520; x_wconf 82' lang='grc' dir='ltr'>ὲμμείνῃ</span> <span class='ocrx_word' id='word_1_550' title='bbox 3129 3447 3333 3510; x_wconf 81' lang='grc' dir='ltr'>αὐτοῖς,</span> <span class='ocrx_word' id='word_1_551' title='bbox 3368 3446 3458 3500; x_wconf 79' lang='grc' dir='ltr'><strong>διὰ</strong></span> <span class='ocrx_word' id='word_1_552' title='bbox 3490 3446 3553 3499; x_wconf 83' lang='grc' dir='ltr'>τὸ</span> <span class='ocrx_word' id='word_1_553' title='bbox 3602 3446 3721 3516; x_wconf 77' lang='grc' dir='ltr'>μεθ’</span> 
     </span>
    </p>
   </div>
   <div class='ocr_carea' id='block_1_73' title="bbox 2115 3532 3725 3616">
    <p class='ocr_par' dir='ltr' id='par_1_73' title="bbox 2115 3532 3725 3616">
     <span class='ocr_line' id='line_1_73' title="bbox 2115 3532 3725 3616; baseline -0.001 -26"><span class='ocrx_word' id='word_1_554' title='bbox 2115 3535 2299 3616; x_wconf 39' lang='grc' dir='ltr'>,ἡμῶν</span> <span class='ocrx_word' id='word_1_555' title='bbox 2325 3532 2462 3591; x_wconf 85' lang='grc' dir='ltr'>εἶναι</span> <span class='ocrx_word' id='word_1_556' title='bbox 2505 3537 2596 3591; x_wconf 89' lang='grc' dir='ltr'>τὸν</span> <span class='ocrx_word' id='word_1_557' title='bbox 2645 3537 3006 3609; x_wconf 82' lang='grc' dir='ltr'>Ἐμμανουήλ.</span> <span class='ocrx_word' id='word_1_558' title='bbox 3042 3538 3149 3591; x_wconf 78' lang='grc' dir='ltr'><strong>Καὶ</strong></span> <span class='ocrx_word' id='word_1_559' title='bbox 3174 3536 3347 3608; x_wconf 85' lang='grc' dir='ltr'>τούτῳ</span> <span class='ocrx_word' id='word_1_560' title='bbox 3381 3536 3439 3591; x_wconf 83' lang='grc' dir='ltr'><strong>δὲ</strong></span> <span class='ocrx_word' id='word_1_561' title='bbox 3467 3536 3551 3607; x_wconf 81' lang='grc' dir='ltr'>τῷ</span> <span class='ocrx_word' id='word_1_562' title='bbox 3586 3553 3725 3606; x_wconf 76' lang='grc' dir='ltr'>σύμ-</span> 
     </span>
    </p>
   </div>
   <div class='ocr_carea' id='block_1_74' title="bbox 2145 3627 3724 3702">
    <p class='ocr_par' dir='ltr' id='par_1_74' title="bbox 2145 3627 3724 3702">
     <span class='ocr_line' id='line_1_74' title="bbox 2145 3627 3724 3702; baseline -0.001 -20"><span class='ocrx_word' id='word_1_563' title='bbox 2145 3629 2457 3701; x_wconf 87' lang='grc' dir='ltr'>περάσματι</span> <span class='ocrx_word' id='word_1_564' title='bbox 2482 3630 2663 3701; x_wconf 74' lang='grc' dir='ltr'>ῥᾴδιον</span> <span class='ocrx_word' id='word_1_565' title='bbox 2694 3631 2981 3702; x_wconf 70' lang='grc' dir='ltr'>ἐπιστῆσαι</span> <span class='ocrx_word' id='word_1_566' title='bbox 3031 3630 3129 3693; x_wconf 86' lang='grc' dir='ltr'>τὰς</span> <span class='ocrx_word' id='word_1_567' title='bbox 3154 3629 3275 3682; x_wconf 69' lang='grc' dir='ltr'>καθ’</span> <span class='ocrx_word' id='word_1_568' title='bbox 3330 3627 3494 3700; x_wconf 79' lang='grc' dir='ltr'>ἡμῶν</span> <span class='ocrx_word' id='word_1_569' title='bbox 3556 3629 3724 3682; x_wconf 82' lang='grc' dir='ltr'>ἀπει-</span> 
     </span>
    </p>
   </div>
   <div class='ocr_carea' id='block_1_75' title="bbox 2141 3718 3725 3793">
    <p class='ocr_par' dir='ltr' id='par_1_75' title="bbox 2141 3718 3725 3793">
     <span class='ocr_line' id='line_1_75' title="bbox 2141 3718 3725 3793; baseline -0.001 -20"><span class='ocrx_word' id='word_1_570' title='bbox 2141 3720 2258 3783; x_wconf 82' lang='grc' dir='ltr'>λὰς,</span> <span class='ocrx_word' id='word_1_571' title='bbox 2283 3722 2376 3775; x_wconf 74' lang='grc' dir='ltr'><strong>καὶ</strong></span> <span class='ocrx_word' id='word_1_572' title='bbox 2401 3719 2500 3783; x_wconf 82' lang='grc' dir='ltr'><strong>τὰς</strong></span> <span class='ocrx_word' id='word_1_573' title='bbox 2545 3720 2687 3774; x_wconf 86' lang='grc' dir='ltr'><strong>κατά</strong></span> <span class='ocrx_word' id='word_1_574' title='bbox 2713 3720 2938 3792; x_wconf 90' lang='grc' dir='ltr'>χρόνους</span> <span class='ocrx_word' id='word_1_575' title='bbox 2966 3720 3074 3774; x_wconf 87' lang='grc' dir='ltr'><strong>τῶν</strong></span> <span class='ocrx_word' id='word_1_576' title='bbox 3101 3721 3374 3793; x_wconf 82' lang='grc' dir='ltr'>ἀρχόντων</span> <span class='ocrx_word' id='word_1_577' title='bbox 3404 3718 3725 3773; x_wconf 79' lang='grc' dir='ltr'>ὲπαναστάρ</span> 
     </span>
    </p>
   </div>
   <div class='ocr_carea' id='block_1_76' title="bbox 462 3808 2041 3884">
    <p class='ocr_par' dir='ltr' id='par_1_76' title="bbox 462 3808 2040 3876">
     <span class='ocr_line' id='line_1_76' title="bbox 462 3808 2040 3876; baseline 0.003 -14"><span class='ocrx_word' id='word_1_578' title='bbox 462 3810 624 3871; x_wconf 70' lang='grc' dir='ltr'>στίιὶε,</span> <span class='ocrx_word' id='word_1_579' title='bbox 673 3823 788 3865; x_wconf 79' lang='lat' dir='ltr'><strong>non</strong></span> <span class='ocrx_word' id='word_1_580' title='bbox 838 3809 1090 3864; x_wconf 88' lang='lat' dir='ltr'><strong>manebit</strong></span> <span class='ocrx_word' id='word_1_581' title='bbox 1135 3808 1192 3863; x_wconf 89' lang='lat' dir='ltr'><strong>in</strong></span> <span class='ocrx_word' id='word_1_582' title='bbox 1237 3810 1428 3873; x_wconf 84' lang='lat' dir='ltr'><strong>vobis,</strong></span> <span class='ocrx_word' id='word_1_583' title='bbox 1468 3811 1724 3876; x_wconf 87' lang='lat' dir='ltr'><strong>quoniam</strong></span> <span class='ocrx_word' id='word_1_584' title='bbox 1756 3812 2040 3867; x_wconf 87' lang='lat' dir='ltr'><strong>nobiscum</strong></span> 
     </span>
    </p>
   </div>
   <div class='ocr_carea' id='block_1_77' title="bbox 2147 3808 3724 3884">
    <p class='ocr_par' dir='ltr' id='par_1_77' title="bbox 2147 3809 3724 3884">
     <span class='ocr_line' id='line_1_77' title="bbox 2147 3809 3724 3884; baseline -0.002 -19"><span class='ocrx_word' id='word_1_585' title='bbox 2147 3826 2256 3875; x_wconf 87' lang='grc' dir='ltr'>σεις</span> <span class='ocrx_word' id='word_1_586' title='bbox 2291 3810 2621 3884; x_wconf 85' lang='grc' dir='ltr'>συνορῶντα,</span> <span class='ocrx_word' id='word_1_587' title='bbox 2668 3813 2762 3866; x_wconf 70' lang='grc' dir='ltr'>καὶ</span> <span class='ocrx_word' id='word_1_588' title='bbox 2809 3813 2886 3876; x_wconf 82' lang='grc' dir='ltr'>ὡς</span> <span class='ocrx_word' id='word_1_589' title='bbox 2929 3812 3206 3884; x_wconf 74' lang='grc' dir='ltr'>ἄπρακτον</span> <span class='ocrx_word' id='word_1_590' title='bbox 3251 3812 3434 3875; x_wconf 78' lang='grc' dir='ltr'>αὐτοῖς</span> <span class='ocrx_word' id='word_1_591' title='bbox 3488 3810 3583 3865; x_wconf 74' lang='grc' dir='ltr'><strong>διὰ</strong></span> <span class='ocrx_word' id='word_1_592' title='bbox 3630 3809 3724 3865; x_wconf 79' lang='grc' dir='ltr'><strong>τὸν</strong></span> 
     </span>
    </p>
   </div>
   <div class='ocr_carea' id='block_1_78' title="bbox 462 3898 2041 3976">
    <p class='ocr_par' dir='ltr' id='par_1_78' title="bbox 462 3898 2033 3959">
     <span class='ocr_line' id='line_1_78' title="bbox 462 3898 2033 3959; baseline 0.003 -6"><span class='ocrx_word' id='word_1_593' title='bbox 462 3899 614 3958; x_wconf 85' lang='lat' dir='ltr'><strong>&#39;Deus</strong></span> <span class='ocrx_word' id='word_1_594' title='bbox 642 3902 709 3958; x_wconf 76' lang='grc' dir='ltr'><strong>⁸ο.</strong></span> <span class='ocrx_word' id='word_1_595' title='bbox 742 3922 761 3953; x_wconf 72' lang='grc' dir='ltr'><strong>ι</strong></span> <span class='ocrx_word' id='word_1_596' title='bbox 791 3899 882 3956; x_wconf 87' lang='lat' dir='ltr'><strong>Sic</strong></span> <span class='ocrx_word' id='word_1_597' title='bbox 911 3901 1046 3956; x_wconf 91' lang='lat' dir='ltr'><strong>dicit</strong></span> <span class='ocrx_word' id='word_1_598' title='bbox 1081 3898 1357 3957; x_wconf 85' lang='lat' dir='ltr'><strong>Dominus</strong></span> <span class='ocrx_word' id='word_1_599' title='bbox 1389 3901 1514 3955; x_wconf 85' lang='lat' dir='ltr'><strong>l‘orti</strong></span> <span class='ocrx_word' id='word_1_600' title='bbox 1544 3902 1730 3957; x_wconf 88' lang='lat' dir='ltr'><strong>manui</strong></span> <span class='ocrx_word' id='word_1_601' title='bbox 1758 3917 1869 3958; x_wconf 90' lang='lat' dir='ltr'><strong>uon</strong></span> <span class='ocrx_word' id='word_1_602' title='bbox 1914 3918 2033 3959; x_wconf 85' lang='lat' dir='ltr'><strong>cre-</strong></span> 
     </span>
    </p>
   </div>
   <div class='ocr_carea' id='block_1_79' title="bbox 2147 3898 3725 3976">
    <p class='ocr_par' dir='ltr' id='par_1_79' title="bbox 2147 3901 3725 3976">
     <span class='ocr_line' id='line_1_79' title="bbox 2147 3901 3725 3976; baseline -0.002 -18"><span class='ocrx_word' id='word_1_603' title='bbox 2147 3905 2263 3976; x_wconf 86' lang='grc' dir='ltr'>μεθ’</span> <span class='ocrx_word' id='word_1_604' title='bbox 2308 3906 2464 3976; x_wconf 82' lang='grc' dir='ltr'>ἡμῶν</span> <span class='ocrx_word' id='word_1_605' title='bbox 2515 3904 2648 3959; x_wconf 84' lang='grc' dir='ltr'>Θεὸν</span> <span class='ocrx_word' id='word_1_606' title='bbox 2679 3906 2766 3959; x_wconf 79' lang='grc' dir='ltr'>ἀεὶ</span> <span class='ocrx_word' id='word_1_607' title='bbox 2824 3905 3145 3960; x_wconf 83' lang='grc' dir='ltr'>καθίσταται</span> <span class='ocrx_word' id='word_1_608' title='bbox 3185 3904 3293 3959; x_wconf 82' lang='grc' dir='ltr'><strong>τῶν</strong></span> <span class='ocrx_word' id='word_1_609' title='bbox 3351 3902 3600 3958; x_wconf 79' lang='grc' dir='ltr'>ἀπειλῶν</span> <span class='ocrx_word' id='word_1_610' title='bbox 3661 3901 3725 3955; x_wconf 77' lang='grc' dir='ltr'><strong>τὺ</strong></span> 
     </span>
    </p>
   </div>
   <div class='ocr_carea' id='block_1_80' title="bbox 458 3992 2757 4066">
    <p class='ocr_par' dir='ltr' id='par_1_80' title="bbox 458 3992 2757 4066">
     <span class='ocr_line' id='line_1_80' title="bbox 458 3992 2757 4066; baseline 0.001 -18"><span class='ocrx_word' id='word_1_611' title='bbox 458 3992 766 4049; x_wconf 79' lang='lat' dir='ltr'><strong>demibus:</strong></span> <span class='ocrx_word' id='word_1_612' title='bbox 816 3994 1024 4064; x_wconf 85' lang='lat' dir='ltr'><strong>quibus</strong></span> <span class='ocrx_word' id='word_1_613' title='bbox 1069 3993 1254 4049; x_wconf 86' lang='lat' dir='ltr'><strong>verbis</strong></span> <span class='ocrx_word' id='word_1_614' title='bbox 1302 3994 1586 4048; x_wconf 85' lang='lat' dir='ltr'><strong>oraculum</strong></span> <span class='ocrx_word' id='word_1_615' title='bbox 1642 3993 1708 4049; x_wconf 92' lang='lat' dir='ltr'><strong>ad</strong></span> <span class='ocrx_word' id='word_1_616' title='bbox 1757 4008 1891 4059; x_wconf 88' lang='lat' dir='ltr'><strong>eos,</strong></span> <span class='ocrx_word' id='word_1_617' title='bbox 1941 3996 2034 4066; x_wconf 82' lang='lat' dir='ltr'><strong>qui</strong></span> <span class='ocrx_word' id='word_1_618' title='bbox 2139 3995 2310 4061; x_wconf 82' lang='grc' dir='ltr'>τέλος.</span> <span class='ocrx_word' id='word_1_619' title='bbox 2752 4012 2757 4018; x_wconf 94' lang='grc'><strong>·</strong></span> 
     </span>
    </p>
   </div>
   <div class='ocr_carea' id='block_1_81' title="bbox 458 4085 3728 4159">
    <p class='ocr_par' dir='ltr' id='par_1_81' title="bbox 458 4085 3728 4159">
     <span class='ocr_line' id='line_1_81' title="bbox 458 4085 3728 4159; baseline 0 -18"><span class='ocrx_word' id='word_1_620' title='bbox 458 4086 656 4158; x_wconf 66' lang='lat' dir='ltr'><strong>iugum</strong></span> <span class='ocrx_word' id='word_1_621' title='bbox 706 4086 1046 4149; x_wconf 85' lang='lat' dir='ltr'><strong>detrectant,</strong></span> <span class='ocrx_word' id='word_1_622' title='bbox 1100 4095 1154 4141; x_wconf 88' lang='lat' dir='ltr'><strong>et</strong></span> <span class='ocrx_word' id='word_1_623' title='bbox 1205 4086 1469 4141; x_wconf 72' lang='lat' dir='ltr'><strong>doctrinae</strong></span> <span class='ocrx_word' id='word_1_624' title='bbox 1515 4085 1720 4141; x_wconf 81' lang='lat' dir='ltr'><strong>Christi</strong></span> <span class='ocrx_word' id='word_1_625' title='bbox 1768 4088 2066 4153; x_wconf 86' lang='lat' dir='ltr'><strong>resistunt,</strong></span> <span class='ocrx_word' id='word_1_626' title='bbox 2118 4100 2170 4144; x_wconf 90' lang='lat' dir='ltr'><strong>et</strong></span> <span class='ocrx_word' id='word_1_627' title='bbox 2214 4089 2419 4158; x_wconf 87' lang='lat' dir='ltr'><strong>potenti</strong></span> <span class='ocrx_word' id='word_1_628' title='bbox 2469 4088 2644 4159; x_wconf 84' lang='lat' dir='ltr'><strong>ipsius</strong></span> <span class='ocrx_word' id='word_1_629' title='bbox 2692 4089 2877 4144; x_wconf 83' lang='lat' dir='ltr'><strong>manui</strong></span> <span class='ocrx_word' id='word_1_630' title='bbox 2924 4103 3034 4144; x_wconf 89' lang='lat' dir='ltr'><strong>non</strong></span> <span class='ocrx_word' id='word_1_631' title='bbox 3084 4086 3346 4153; x_wconf 88' lang='lat' dir='ltr'><strong>credunt,</strong></span> <span class='ocrx_word' id='word_1_632' title='bbox 3398 4085 3728 4158; x_wconf 85' lang='lat' dir='ltr'><strong>planissime</strong></span> 
     </span>
    </p>
   </div>
   <div class='ocr_carea' id='block_1_82' title="bbox 462 4178 3725 4254">
    <p class='ocr_par' dir='ltr' id='par_1_82' title="bbox 462 4178 3725 4254">
     <span class='ocr_line' id='line_1_82' title="bbox 462 4178 3725 4254; baseline -0.001 -19"><span class='ocrx_word' id='word_1_633' title='bbox 462 4180 821 4245; x_wconf 67' lang='lat' dir='ltr'><strong>vaticinatur,</strong></span> <span class='ocrx_word' id='word_1_634' title='bbox 868 4180 1017 4251; x_wconf 84' lang='lat' dir='ltr'><strong>quod</strong></span> <span class='ocrx_word' id='word_1_635' title='bbox 1072 4178 1314 4236; x_wconf 81' lang='lat' dir='ltr'><strong>futurum</strong></span> <span class='ocrx_word' id='word_1_636' title='bbox 1361 4181 1468 4248; x_wconf 89' lang='lat' dir='ltr'><strong>sit,</strong></span> <span class='ocrx_word' id='word_1_637' title='bbox 1519 4187 1582 4235; x_wconf 91' lang='lat' dir='ltr'><strong>ut</strong></span> <span class='ocrx_word' id='word_1_638' title='bbox 1631 4194 1701 4237; x_wconf 91' lang='lat' dir='ltr'><strong>ne</strong></span> <span class='ocrx_word' id='word_1_639' title='bbox 1756 4181 1973 4238; x_wconf 85' lang='lat' dir='ltr'><strong>valeant</strong></span> <span class='ocrx_word' id='word_1_640' title='bbox 2009 4181 2228 4253; x_wconf 86' lang='lat' dir='ltr'><strong>quidem</strong></span> <span class='ocrx_word' id='word_1_641' title='bbox 2272 4194 2592 4254; x_wconf 74' lang='lat' dir='ltr'><strong>‘oppugnare</strong></span> <span class='ocrx_word' id='word_1_642' title='bbox 2646 4183 2931 4239; x_wconf 89' lang='lat' dir='ltr'><strong>nobiscum</strong></span> <span class='ocrx_word' id='word_1_643' title='bbox 2978 4182 3185 4247; x_wconf 88' lang='lat' dir='ltr'><strong>Deum,</strong></span> <span class='ocrx_word' id='word_1_644' title='bbox 3239 4179 3491 4251; x_wconf 84' lang='lat' dir='ltr'><strong>quamvis</strong></span> <span class='ocrx_word' id='word_1_645' title='bbox 3543 4192 3725 4249; x_wconf 63' lang='lat' dir='ltr'><strong>espe-</strong></span> 
     </span>
    </p>
   </div>
   <div class='ocr_carea' id='block_1_83' title="bbox 461 4271 3727 4347">
    <p class='ocr_par' dir='ltr' id='par_1_83' title="bbox 461 4271 3727 4347">
     <span class='ocr_line' id='line_1_83' title="bbox 461 4271 3727 4347; baseline -0 -20"><span class='ocrx_word' id='word_1_646' title='bbox 461 4275 702 4338; x_wconf 70' lang='lat' dir='ltr'><strong>riantur,</strong></span> <span class='ocrx_word' id='word_1_647' title='bbox 756 4282 811 4330; x_wconf 87' lang='lat' dir='ltr'><strong>et</strong></span> <span class='ocrx_word' id='word_1_648' title='bbox 858 4273 1005 4344; x_wconf 92' lang='lat' dir='ltr'><strong>quod</strong></span> <span class='ocrx_word' id='word_1_649' title='bbox 1055 4288 1217 4328; x_wconf 88' lang='lat' dir='ltr'><strong>omne</strong></span> <span class='ocrx_word' id='word_1_650' title='bbox 1265 4274 1630 4344; x_wconf 84' lang='lat' dir='ltr'><strong>quodcunque</strong></span> <span class='ocrx_word' id='word_1_651' title='bbox 1681 4272 1970 4330; x_wconf 86' lang='lat' dir='ltr'><strong>adversum</strong></span> <span class='ocrx_word' id='word_1_652' title='bbox 2020 4292 2123 4331; x_wconf 88' lang='lat' dir='ltr'><strong>nos</strong></span> <span class='ocrx_word' id='word_1_653' title='bbox 2162 4276 2669 4340; x_wconf 85' lang='lat' dir='ltr'><strong>comminiscentur,</strong></span> <span class='ocrx_word' id='word_1_654' title='bbox 2707 4277 2842 4347; x_wconf 87' lang='lat' dir='ltr'><strong>ipsis</strong></span> <span class='ocrx_word' id='word_1_655' title='bbox 2880 4290 2988 4330; x_wconf 89' lang='lat' dir='ltr'><strong>non</strong></span> <span class='ocrx_word' id='word_1_656' title='bbox 3026 4282 3403 4331; x_wconf 79' lang='lat' dir='ltr'><strong>constaturam</strong></span> <span class='ocrx_word' id='word_1_657' title='bbox 3441 4271 3547 4337; x_wconf 84' lang='lat' dir='ltr'><strong>sit,</strong></span> <span class='ocrx_word' id='word_1_658' title='bbox 3591 4285 3727 4340; x_wconf 86' lang='lat' dir='ltr'><strong>pro-</strong></span> 
     </span>
    </p>
   </div>
   <div class='ocr_carea' id='block_1_84' title="bbox 458 4362 3728 4440">
    <p class='ocr_par' dir='ltr' id='par_1_84' title="bbox 458 4362 3728 4440">
     <span class='ocr_line' id='line_1_84' title="bbox 458 4362 3728 4440; baseline -0.002 -20"><span class='ocrx_word' id='word_1_659' title='bbox 458 4373 649 4440; x_wconf 74' lang='lat' dir='ltr'><strong>pterea</strong></span> <span class='ocrx_word' id='word_1_660' title='bbox 685 4365 830 4437; x_wconf 87' lang='lat' dir='ltr'><strong>quod</strong></span> <span class='ocrx_word' id='word_1_661' title='bbox 870 4366 1154 4423; x_wconf 87' lang='lat' dir='ltr'><strong>nobiscum</strong></span> <span class='ocrx_word' id='word_1_662' title='bbox 1204 4364 1276 4422; x_wconf 85' lang='lat' dir='ltr'><strong>sit</strong></span> <span class='ocrx_word' id='word_1_663' title='bbox 1314 4364 1668 4432; x_wconf 87' lang='lat' dir='ltr'><strong>Emmanuel,</strong></span> <span class='ocrx_word' id='word_1_664' title='bbox 1712 4372 1768 4421; x_wconf 89' lang='lat' dir='ltr'><strong>et</strong></span> <span class='ocrx_word' id='word_1_665' title='bbox 1815 4366 1958 4422; x_wconf 91' lang='lat' dir='ltr'><strong>hanc</strong></span> <span class='ocrx_word' id='word_1_666' title='bbox 1999 4367 2218 4439; x_wconf 88' lang='lat' dir='ltr'><strong>quidem</strong></span> <span class='ocrx_word' id='word_1_667' title='bbox 2264 4368 2588 4423; x_wconf 82' lang='lat' dir='ltr'><strong>sententiam</strong></span> <span class='ocrx_word' id='word_1_668' title='bbox 2632 4367 2790 4423; x_wconf 80' lang='lat' dir='ltr'><strong>facile</strong></span> <span class='ocrx_word' id='word_1_669' title='bbox 2824 4377 2945 4431; x_wconf 89' lang='lat' dir='ltr'><strong>est,</strong></span> <span class='ocrx_word' id='word_1_670' title='bbox 2990 4377 3053 4421; x_wconf 90' lang='lat' dir='ltr'><strong>ut</strong></span> <span class='ocrx_word' id='word_1_671' title='bbox 3103 4367 3140 4420; x_wconf 88' lang='lat' dir='ltr'><strong>ii</strong></span> <span class='ocrx_word' id='word_1_672' title='bbox 3182 4362 3500 4429; x_wconf 86' lang='lat' dir='ltr'><strong>attendant,</strong></span> <span class='ocrx_word' id='word_1_673' title='bbox 3551 4364 3728 4433; x_wconf 85' lang='lat' dir='ltr'><strong>eique</strong></span> 
     </span>
    </p>
   </div>
   <div class='ocr_carea' id='block_1_85' title="bbox 458 4456 3729 4535">
    <p class='ocr_par' dir='ltr' id='par_1_85' title="bbox 458 4456 3729 4535">
     <span class='ocr_line' id='line_1_85' title="bbox 458 4456 3729 4535; baseline -0.002 -20"><span class='ocrx_word' id='word_1_674' title='bbox 458 4461 861 4526; x_wconf 79' lang='lat' dir='ltr'><strong>assentiarrtur,</strong></span> <span class='ocrx_word' id='word_1_675' title='bbox 903 4460 997 4531; x_wconf 89' lang='lat' dir='ltr'><strong>qui</strong></span> <span class='ocrx_word' id='word_1_676' title='bbox 1042 4460 1223 4530; x_wconf 73' lang='lat' dir='ltr'><strong>minas</strong></span> <span class='ocrx_word' id='word_1_677' title='bbox 1269 4459 1558 4516; x_wconf 88' lang='lat' dir='ltr'><strong>adversum</strong></span> <span class='ocrx_word' id='word_1_678' title='bbox 1610 4474 1748 4529; x_wconf 89' lang='lat' dir='ltr'><strong>nos,</strong></span> <span class='ocrx_word' id='word_1_679' title='bbox 1790 4469 1845 4517; x_wconf 84' lang='lat' dir='ltr'><strong>et</strong></span> <span class='ocrx_word' id='word_1_680' title='bbox 1888 4461 2194 4533; x_wconf 86' lang='lat' dir='ltr'><strong>principum</strong></span> <span class='ocrx_word' id='word_1_681' title='bbox 2245 4478 2344 4534; x_wconf 82' lang='lat' dir='ltr'><strong>per</strong></span> <span class='ocrx_word' id='word_1_682' title='bbox 2392 4464 2606 4535; x_wconf 82' lang='lat' dir='ltr'><strong>singula</strong></span> <span class='ocrx_word' id='word_1_683' title='bbox 2658 4472 2904 4534; x_wconf 85' lang='lat' dir='ltr'><strong>tempora</strong></span> <span class='ocrx_word' id='word_1_684' title='bbox 2956 4461 3279 4517; x_wconf 76' lang='lat' dir='ltr'><strong>insolentias</strong></span> <span class='ocrx_word' id='word_1_685' title='bbox 3330 4468 3497 4528; x_wconf 86' lang='lat' dir='ltr'><strong>atque</strong></span> <span class='ocrx_word' id='word_1_686' title='bbox 3539 4456 3729 4526; x_wconf 84' lang='lat' dir='ltr'><strong>impe-</strong></span> 
     </span>
    </p>
   </div>
   <div class='ocr_carea' id='block_1_86' title="bbox 463 4550 3730 4629">
    <p class='ocr_par' dir='ltr' id='par_1_86' title="bbox 463 4550 3730 4629">
     <span class='ocr_line' id='line_1_86' title="bbox 463 4550 3730 4629; baseline -0.001 -19"><span class='ocrx_word' id='word_1_687' title='bbox 463 4563 557 4610; x_wconf 86' lang='lat' dir='ltr'><strong>tus</strong></span> <span class='ocrx_word' id='word_1_688' title='bbox 608 4554 1128 4620; x_wconf 85' lang='lat' dir='ltr'><strong>animadverterint,</strong></span> <span class='ocrx_word' id='word_1_689' title='bbox 1178 4561 1344 4627; x_wconf 88' lang='lat' dir='ltr'><strong>atque</strong></span> <span class='ocrx_word' id='word_1_690' title='bbox 1397 4562 1458 4609; x_wconf 92' lang='lat' dir='ltr'><strong>ut</strong></span> <span class='ocrx_word' id='word_1_691' title='bbox 1510 4555 1788 4613; x_wconf 84' lang='lat' dir='ltr'><strong>incassum</strong></span> <span class='ocrx_word' id='word_1_692' title='bbox 1842 4561 1923 4614; x_wconf 87' lang='lat' dir='ltr'><strong>eis</strong></span> <span class='ocrx_word' id='word_1_693' title='bbox 1979 4561 2226 4614; x_wconf 70' lang='lat' dir='ltr'><strong>ninnium</strong></span> <span class='ocrx_word' id='word_1_694' title='bbox 2278 4558 2553 4615; x_wconf 85' lang='lat' dir='ltr'><strong>minarum</strong></span> <span class='ocrx_word' id='word_1_695' title='bbox 2608 4566 2836 4621; x_wconf 86' lang='lat' dir='ltr'><strong>eventa,</strong></span> <span class='ocrx_word' id='word_1_696' title='bbox 2892 4568 3115 4629; x_wconf 87' lang='lat' dir='ltr'><strong>propter</strong></span> <span class='ocrx_word' id='word_1_697' title='bbox 3161 4555 3451 4612; x_wconf 86' lang='lat' dir='ltr'><strong>nobiscum</strong></span> <span class='ocrx_word' id='word_1_698' title='bbox 3502 4550 3730 4615; x_wconf 85' lang='lat' dir='ltr'><strong>Deum,</strong></span> 
     </span>
    </p>
   </div>
   <div class='ocr_carea' id='block_1_87' title="bbox 462 4645 757 4706">
    <p class='ocr_par' dir='ltr' id='par_1_87' title="bbox 462 4645 757 4706">
     <span class='ocr_line' id='line_1_87' title="bbox 462 4645 757 4706; baseline 0.003 -6"><span class='ocrx_word' id='word_1_699' title='bbox 462 4645 757 4706; x_wconf 80' lang='lat' dir='ltr'><strong>evaserint,</strong></span> 
     </span>
    </p>
   </div>
   <div class='ocr_carea' id='block_1_88' title="bbox 458 4753 2041 4840">
    <p class='ocr_par' dir='ltr' id='par_1_88' title="bbox 458 4760 2031 4840">
     <span class='ocr_line' id='line_1_88' title="bbox 458 4760 2031 4840; baseline -0.008 -19"><span class='ocrx_word' id='word_1_700' title='bbox 660 4763 740 4818; x_wconf 80' lang='lat' dir='ltr'><strong>Ab</strong></span> <span class='ocrx_word' id='word_1_701' title='bbox 766 4764 972 4840; x_wconf 66' lang='lat' dir='ltr'><strong>eodem.</strong></span> <span class='ocrx_word' id='word_1_702' title='bbox 1006 4795 1074 4840; x_wconf 51' lang='lat'><strong>7—-</strong></span> <span class='ocrx_word' id='word_1_703' title='bbox 1102 4765 1559 4840; x_wconf 70' lang='lat' dir='ltr'><strong>Quemadmadum</strong></span> <span class='ocrx_word' id='word_1_704' title='bbox 1603 4776 1760 4840; x_wconf 60' lang='lat' dir='ltr'><strong>natus</strong></span> <span class='ocrx_word' id='word_1_705' title='bbox 1794 4782 1859 4823; x_wconf 70' lang='grc' dir='ltr'><strong>επ</strong></span> <span class='ocrx_word' id='word_1_706' title='bbox 1890 4782 2031 4840; x_wconf 60' lang='lat' dir='ltr'><strong>Em-</strong></span> 
     </span>
    </p>
   </div>
   <div class='ocr_carea' id='block_1_89' title="bbox 2147 4753 3729 4840">
    <p class='ocr_par' dir='ltr' id='par_1_89' title="bbox 2150 4753 3729 4840">
     <span class='ocr_line' id='line_1_89' title="bbox 2150 4753 3729 4840; baseline -0.009 -20"><span class='ocrx_word' id='word_1_707' title='bbox 2150 4765 2284 4840; x_wconf 71' lang='grc' dir='ltr'><strong>Ἀπρ</strong></span> <span class='ocrx_word' id='word_1_708' title='bbox 2303 4764 2410 4819; x_wconf 85' lang='grc' dir='ltr'>τοῦ</span> <span class='ocrx_word' id='word_1_709' title='bbox 2438 4761 2645 4819; x_wconf 79' lang='grc' dir='ltr'>αὐτοῦ.</span> <span class='ocrx_word' id='word_1_710' title='bbox 2683 4794 2758 4840; x_wconf 86' lang='lat'><strong>--_</strong></span> <span class='ocrx_word' id='word_1_711' title='bbox 2789 4761 2882 4829; x_wconf 79' lang='grc' dir='ltr'>Ὡς</span> <span class='ocrx_word' id='word_1_712' title='bbox 2912 4766 2945 4817; x_wconf 83' lang='grc' dir='ltr'><strong>ό</strong></span> <span class='ocrx_word' id='word_1_713' title='bbox 2966 4760 3428 4840; x_wconf 34' lang='grc' dir='ltr'>ητεχθησρμενος</span> <span class='ocrx_word' id='word_1_714' title='bbox 3460 4753 3622 4840; x_wconf 15' lang='grc' dir='ltr'>γιόςᾲ</span> 
     </span>
    </p>
   </div>
   <div class='ocr_carea' id='block_1_90' title="bbox 530 4833 2041 4907">
    <p class='ocr_par' dir='ltr' id='par_1_90' title="bbox 530 4833 2030 4907">
     <span class='ocr_line' id='line_1_90' title="bbox 530 4833 2030 4907; baseline 0.003 -20"><span class='ocrx_word' id='word_1_715' title='bbox 530 4833 696 4907; x_wconf 69' lang='grc' dir='ltr'><strong>ἄὶὶια</strong></span> <span class='ocrx_word' id='word_1_716' title='bbox 731 4835 837 4890; x_wconf 78' lang='lat' dir='ltr'><strong>sive</strong></span> <span class='ocrx_word' id='word_1_717' title='bbox 885 4835 1113 4907; x_wconf 64' lang='lat' dir='ltr'><strong>virgine,</strong></span> <span class='ocrx_word' id='word_1_718' title='bbox 1154 4838 1259 4891; x_wconf 76' lang='lat' dir='ltr'><strong>sive</strong></span> <span class='ocrx_word' id='word_1_719' title='bbox 1308 4837 1636 4906; x_wconf 71' lang='lat' dir='ltr'><strong>prophetissa</strong></span> <span class='ocrx_word' id='word_1_720' title='bbox 1681 4839 1856 4907; x_wconf 76' lang='lat' dir='ltr'><strong>ﬁlius,</strong></span> <span class='ocrx_word' id='word_1_721' title='bbox 1889 4833 2030 4892; x_wconf 69' lang='lat' dir='ltr'><strong>Deus</strong></span> 
     </span>
    </p>
   </div>
   <div class='ocr_carea' id='block_1_91' title="bbox 2147 4833 3727 4907">
    <p class='ocr_par' dir='ltr' id='par_1_91' title="bbox 2211 4833 3727 4907">
     <span class='ocr_line' id='line_1_91' title="bbox 2211 4833 3727 4907; baseline -0.009 -19"><span class='ocrx_word' id='word_1_722' title='bbox 2211 4835 2322 4903; x_wconf 80' lang='grc' dir='ltr'>τῆς</span> <span class='ocrx_word' id='word_1_723' title='bbox 2344 4833 2895 4907; x_wconf 66' lang='grc' dir='ltr'>προφητευομένῃς,</span> <span class='ocrx_word' id='word_1_724' title='bbox 2926 4833 3051 4907; x_wconf 69' lang='lat' dir='ltr'><strong>stre</strong></span> <span class='ocrx_word' id='word_1_725' title='bbox 3074 4833 3547 4907; x_wconf 41' lang='grc' dir='ltr'>πιςρθέζουὶςῐτε</span> <span class='ocrx_word' id='word_1_726' title='bbox 3559 4838 3727 4907; x_wconf 56' lang='lat'><strong>3:90-</strong></span> 
     </span>
    </p>
   </div>
   <div class='ocr_carea' id='block_1_92' title="bbox 531 4893 2041 4979">
    <p class='ocr_par' dir='ltr' id='par_1_92' title="bbox 531 4893 2030 4979">
     <span class='ocr_line' id='line_1_92' title="bbox 531 4893 2030 4979; baseline 0.002 -20"><span class='ocrx_word' id='word_1_727' title='bbox 531 4906 699 4979; x_wconf 67' lang='lat' dir='ltr'><strong>simul</strong></span> <span class='ocrx_word' id='word_1_728' title='bbox 740 4915 790 4960; x_wconf 80' lang='lat' dir='ltr'><strong>et</strong></span> <span class='ocrx_word' id='word_1_729' title='bbox 832 4893 1011 4979; x_wconf 58' lang='lat' dir='ltr'><strong>magni</strong></span> <span class='ocrx_word' id='word_1_730' title='bbox 1053 4893 1260 4979; x_wconf 74' lang='lat' dir='ltr'><strong>consilii</strong></span> <span class='ocrx_word' id='word_1_731' title='bbox 1298 4893 1549 4978; x_wconf 70' lang='grc' dir='ltr'>ἇησὲιιιε,</span> <span class='ocrx_word' id='word_1_732' title='bbox 1588 4893 1816 4979; x_wconf 66' lang='lat' dir='ltr'><strong>aliisque</strong></span> <span class='ocrx_word' id='word_1_733' title='bbox 1844 4893 2030 4979; x_wconf 56' lang='lat' dir='ltr'><strong>inopi-</strong></span> 
     </span>
    </p>
   </div>
   <div class='ocr_carea' id='block_1_93' title="bbox 2147 4893 3727 4979">
    <p class='ocr_par' dir='ltr' id='par_1_93' title="bbox 2207 4893 3727 4979">
     <span class='ocr_line' id='line_1_93' title="bbox 2207 4893 3727 4979; baseline -0.011 -4"><span class='ocrx_word' id='word_1_734' title='bbox 2207 4893 2482 4979; x_wconf 53' lang='lat' dir='ltr'><strong>sw‘i&#39;rcébe&#39;</strong></span> <span class='ocrx_word' id='word_1_735' title='bbox 2498 4893 2640 4970; x_wconf 64' lang='lat' dir='ltr'><strong>deae</strong></span> <span class='ocrx_word' id='word_1_736' title='bbox 2667 4893 2951 4979; x_wconf 44' lang='lat' dir='ltr'><strong>aposset,</strong></span> <span class='ocrx_word' id='word_1_737' title='bbox 2962 4893 3238 4979; x_wconf 64' lang='grc' dir='ltr'>μετουὴς</span> <span class='ocrx_word' id='word_1_738' title='bbox 3257 4895 3525 4979; x_wconf 62' lang='grc' dir='ltr'><strong>βοιμλῆς,</strong></span> <span class='ocrx_word' id='word_1_739' title='bbox 3542 4893 3727 4979; x_wconf 58' lang='lat' dir='ltr'><strong>am-</strong></span> 
     </span>
    </p>
   </div>
   <div class='ocr_carea' id='block_1_94' title="bbox 531 4976 2027 5045">
    <p class='ocr_par' dir='ltr' id='par_1_94' title="bbox 531 4976 2027 5045">
     <span class='ocr_line' id='line_1_94' title="bbox 531 4976 2027 5045; baseline 0.001 -16"><span class='ocrx_word' id='word_1_740' title='bbox 531 4976 674 5030; x_wconf 79' lang='lat' dir='ltr'><strong>natis</strong></span> <span class='ocrx_word' id='word_1_741' title='bbox 702 4976 998 5030; x_wconf 77' lang='lat' dir='ltr'><strong>nominibus</strong></span> <span class='ocrx_word' id='word_1_742' title='bbox 1040 4976 1332 5045; x_wconf 76' lang='lat' dir='ltr'><strong>appellatus</strong></span> <span class='ocrx_word' id='word_1_743' title='bbox 1359 4976 1437 5032; x_wconf 71' lang='lat' dir='ltr'><strong>est</strong></span> <span class='ocrx_word' id='word_1_744' title='bbox 1457 4993 1477 5042; x_wconf 89' lang='lat'><em>;</em></span> <span class='ocrx_word' id='word_1_745' title='bbox 1498 4986 1557 5032; x_wconf 20' lang='lat' dir='ltr'><strong>Aet</strong></span> <span class='ocrx_word' id='word_1_746' title='bbox 1589 4976 2027 5045; x_wconf 70' lang='lat' dir='ltr'><strong>quemadmodum</strong></span> 
     </span>
    </p>
   </div>
   <div class='ocr_carea' id='block_1_95' title="bbox 530 5046 2027 5120">
    <p class='ocr_par' dir='ltr' id='par_1_95' title="bbox 530 5046 2027 5120">
     <span class='ocr_line' id='line_1_95' title="bbox 530 5046 2027 5120; baseline 0.003 -21"><span class='ocrx_word' id='word_1_747' title='bbox 530 5056 680 5120; x_wconf 76' lang='lat' dir='ltr'><strong>ortus</strong></span> <span class='ocrx_word' id='word_1_748' title='bbox 708 5046 834 5120; x_wconf 66' lang='lat' dir='ltr'><strong>ejus</strong></span> <span class='ocrx_word' id='word_1_749' title='bbox 854 5046 1066 5100; x_wconf 79' lang='lat' dir='ltr'><strong>luminis</strong></span> <span class='ocrx_word' id='word_1_750' title='bbox 1094 5049 1303 5116; x_wconf 78' lang='lat' dir='ltr'><strong>pietatis</strong></span> <span class='ocrx_word' id='word_1_751' title='bbox 1334 5064 1499 5104; x_wconf 81' lang='lat' dir='ltr'><strong>causa</strong></span> <span class='ocrx_word' id='word_1_752' title='bbox 1546 5046 1805 5119; x_wconf 80' lang='lat' dir='ltr'><strong>adjuvans</strong></span> <span class='ocrx_word' id='word_1_753' title='bbox 1856 5049 2027 5120; x_wconf 81' lang='lat' dir='ltr'><strong>genti-</strong></span> 
     </span>
    </p>
   </div>
   <div class='ocr_carea' id='block_1_96' title="bbox 534 5115 1033 5171">
    <p class='ocr_par' dir='ltr' id='par_1_96' title="bbox 534 5115 1033 5171">
     <span class='ocr_line' id='line_1_96' title="bbox 534 5115 1033 5171; baseline 0.002 -2"><span class='ocrx_word' id='word_1_754' title='bbox 534 5115 631 5171; x_wconf 80' lang='lat' dir='ltr'><strong>bus</strong></span> <span class='ocrx_word' id='word_1_755' title='bbox 664 5116 1033 5171; x_wconf 73' lang='lat' dir='ltr'><strong>constituetur.</strong></span> 
     </span>
    </p>
   </div>
   <div class='ocr_carea' id='block_1_97' title="bbox 535 5228 2027 5303">
    <p class='ocr_par' dir='ltr' id='par_1_97' title="bbox 535 5228 2027 5303">
     <span class='ocr_line' id='line_1_97' title="bbox 535 5228 2027 5303; baseline -0.001 -18"><span class='ocrx_word' id='word_1_756' title='bbox 535 5251 553 5285; x_wconf 78' lang='grc' dir='ltr'><strong>ι</strong></span> <span class='ocrx_word' id='word_1_757' title='bbox 583 5228 701 5286; x_wconf 82' lang='lat' dir='ltr'><strong>Hoc</strong></span> <span class='ocrx_word' id='word_1_758' title='bbox 731 5231 1001 5301; x_wconf 87' lang='lat' dir='ltr'><strong>primum,</strong></span> <span class='ocrx_word' id='word_1_759' title='bbox 1041 5229 1199 5296; x_wconf 88' lang='lat' dir='ltr'><strong>bibe,</strong></span> <span class='ocrx_word' id='word_1_760' title='bbox 1233 5229 1345 5286; x_wconf 87' lang='lat' dir='ltr'><strong>cito</strong></span> <span class='ocrx_word' id='word_1_761' title='bbox 1388 5229 1475 5286; x_wconf 83' lang='lat' dir='ltr'><strong>l‘ac</strong></span> <span class='ocrx_word' id='word_1_762' title='bbox 1502 5272 1517 5297; x_wconf 94' lang='lat'><strong>,</strong></span> <span class='ocrx_word' id='word_1_763' title='bbox 1554 5232 1704 5303; x_wconf 89' lang='lat' dir='ltr'><strong>regio</strong></span> <span class='ocrx_word' id='word_1_764' title='bbox 1745 5229 2027 5295; x_wconf 84' lang='lat' dir='ltr'><strong>Zabulon,</strong></span> 
     </span>
    </p>
   </div>
   <div class='ocr_carea' id='block_1_98' title="bbox 454 5320 2031 5393">
    <p class='ocr_par' dir='ltr' id='par_1_98' title="bbox 454 5320 2031 5393">
     <span class='ocr_line' id='line_1_98' title="bbox 454 5320 2031 5393; baseline -0.003 -14"><span class='ocrx_word' id='word_1_765' title='bbox 454 5330 513 5380; x_wconf 80' lang='lat' dir='ltr'><strong>et</strong></span> <span class='ocrx_word' id='word_1_766' title='bbox 543 5330 692 5378; x_wconf 88' lang='lat' dir='ltr'><strong>terra</strong></span> <span class='ocrx_word' id='word_1_767' title='bbox 720 5320 1101 5392; x_wconf 85' lang='lat' dir='ltr'><strong>Nephthalim,</strong></span> <span class='ocrx_word' id='word_1_768' title='bbox 1134 5331 1189 5377; x_wconf 91' lang='lat' dir='ltr'><strong>et</strong></span> <span class='ocrx_word' id='word_1_769' title='bbox 1215 5320 1411 5392; x_wconf 88' lang='lat' dir='ltr'><strong>reliqui</strong></span> <span class='ocrx_word' id='word_1_770' title='bbox 1439 5320 1534 5393; x_wconf 89' lang='lat' dir='ltr'><strong>qui</strong></span> <span class='ocrx_word' id='word_1_771' title='bbox 1566 5320 1897 5376; x_wconf 86' lang='lat' dir='ltr'><strong>maritimam</strong></span> <span class='ocrx_word' id='word_1_772' title='bbox 1927 5321 2031 5375; x_wconf 83' lang='lat' dir='ltr'><strong>ha-</strong></span> 
     </span>
    </p>
   </div>
   <div class='ocr_carea' id='block_1_99' title="bbox 2194 4964 3727 5044">
    <p class='ocr_par' dir='ltr' id='par_1_99' title="bbox 2194 4964 3727 5044">
     <span class='ocr_line' id='line_1_99' title="bbox 2194 4964 3727 5044; baseline -0.01 -13"><span class='ocrx_word' id='word_1_773' title='bbox 2194 4964 2333 5042; x_wconf 43' lang='lat' dir='ltr'><strong>:lo‘c,</strong></span> <span class='ocrx_word' id='word_1_774' title='bbox 2362 4964 2593 5044; x_wconf 62' lang='grc' dir='ltr'><strong>-ἐτέῥαις</strong></span> <span class='ocrx_word' id='word_1_775' title='bbox 2614 4964 3078 5044; x_wconf 61' lang='grc' dir='ltr'>τε’παραδόξοιξι</span> <span class='ocrx_word' id='word_1_776' title='bbox 3102 4964 3470 5044; x_wconf 43' lang='grc' dir='ltr'>ἐπὶυνρμίαις.</span> <span class='ocrx_word' id='word_1_777' title='bbox 3488 4964 3727 5044; x_wconf 63' lang='grc' dir='ltr'>ἀγητόν</span> 
     </span>
    </p>
   </div>
   <div class='ocr_carea' id='block_1_100' title="bbox 2196 5032 3726 5114">
    <p class='ocr_par' dir='ltr' id='par_1_100' title="bbox 2196 5032 3726 5114">
     <span class='ocr_line' id='line_1_100' title="bbox 2196 5032 3726 5114; baseline -0.009 -13"><span class='ocrx_word' id='word_1_778' title='bbox 2196 5032 2403 5114; x_wconf 61' lang='lat' dir='ltr'><strong>pedm</strong></span> <span class='ocrx_word' id='word_1_779' title='bbox 2433 5032 2584 5099; x_wconf 79' lang='grc' dir='ltr'><strong>-’και’</strong></span> <span class='ocrx_word' id='word_1_780' title='bbox 2630 5043 2712 5110; x_wconf 87' lang='grc' dir='ltr'>ὡς</span> <span class='ocrx_word' id='word_1_781' title='bbox 2748 5032 3070 5114; x_wconf 43' lang='lat' dir='ltr'><strong>{fmina</strong></span> <span class='ocrx_word' id='word_1_782' title='bbox 3107 5032 3517 5114; x_wconf 67' lang='grc' dir='ltr'><strong>αὐτοῦ’ξρωτὺς</strong></span> <span class='ocrx_word' id='word_1_783' title='bbox 3539 5035 3726 5089; x_wconf 69' lang='lat' dir='ltr'><strong>eoae-</strong></span> 
     </span>
    </p>
   </div>
   <div class='ocr_carea' id='block_1_101' title="bbox 2200 5105 3532 5184">
    <p class='ocr_par' dir='ltr' id='par_1_101' title="bbox 2200 5105 3532 5184">
     <span class='ocr_line' id='line_1_101' title="bbox 2200 5105 3532 5184; baseline -0.011 -13"><span class='ocrx_word' id='word_1_784' title='bbox 2200 5105 2366 5182; x_wconf 57' lang='grc' dir='ltr'>Βείας</span> <span class='ocrx_word' id='word_1_785' title='bbox 2396 5114 2674 5184; x_wconf 77' lang='grc' dir='ltr'>παραιτία</span> <span class='ocrx_word' id='word_1_786' title='bbox 2691 5105 2820 5179; x_wconf 61' lang='grc' dir='ltr'>τοῖς</span> <span class='ocrx_word' id='word_1_787' title='bbox 2839 5105 3056 5169; x_wconf 68' lang='grc' dir='ltr'>ἔθνεσί</span> <span class='ocrx_word' id='word_1_788' title='bbox 3071 5105 3532 5172; x_wconf 69' lang='grc' dir='ltr'>καταστήσεται.</span> 
     </span>
    </p>
   </div>
   <div class='ocr_carea' id='block_1_102' title="bbox 2210 5217 3726 5299">
    <p class='ocr_par' dir='ltr' id='par_1_102' title="bbox 2210 5217 3726 5299">
     <span class='ocr_line' id='line_1_102' title="bbox 2210 5217 3726 5299; baseline -0.005 -18"><span class='ocrx_word' id='word_1_789' title='bbox 2210 5247 2230 5281; x_wconf 73' lang='grc' dir='ltr'><strong>ι</strong></span> <span class='ocrx_word' id='word_1_790' title='bbox 2270 5224 2441 5282; x_wconf 81' lang='grc' dir='ltr'>Τοῦτο</span> <span class='ocrx_word' id='word_1_791' title='bbox 2488 5226 2727 5299; x_wconf 83' lang='grc' dir='ltr'>πρῶτον,</span> <span class='ocrx_word' id='word_1_792' title='bbox 2773 5225 2883 5290; x_wconf 89' lang='grc' dir='ltr'>πίε,</span> <span class='ocrx_word' id='word_1_793' title='bbox 2933 5224 3070 5296; x_wconf 83' lang='grc' dir='ltr'>ταχὺ</span> <span class='ocrx_word' id='word_1_794' title='bbox 3113 5221 3289 5295; x_wconf 78' lang='grc' dir='ltr'>ποίει,</span> <span class='ocrx_word' id='word_1_795' title='bbox 3325 5218 3477 5292; x_wconf 81' lang='grc' dir='ltr'>χώρα</span> <span class='ocrx_word' id='word_1_796' title='bbox 3500 5217 3726 5274; x_wconf 73' lang='grc' dir='ltr'>Ζαϐου-</span> 
     </span>
    </p>
   </div>
   <div class='ocr_carea' id='block_1_103' title="bbox 2134 5310 3729 5392">
    <p class='ocr_par' dir='ltr' id='par_1_103' title="bbox 2134 5310 3729 5392">
     <span class='ocr_line' id='line_1_103' title="bbox 2134 5310 3729 5392; baseline -0.008 -17"><span class='ocrx_word' id='word_1_797' title='bbox 2134 5318 2262 5384; x_wconf 88' lang='grc' dir='ltr'>λὼν,</span> <span class='ocrx_word' id='word_1_798' title='bbox 2291 5319 2385 5373; x_wconf 80' lang='grc' dir='ltr'>καὶ</span> <span class='ocrx_word' id='word_1_799' title='bbox 2427 5319 2498 5392; x_wconf 84' lang='grc' dir='ltr'><strong>γῆ</strong></span> <span class='ocrx_word' id='word_1_800' title='bbox 2528 5317 2865 5389; x_wconf 74' lang='grc' dir='ltr'>Νεφθαλεὶμ,</span> <span class='ocrx_word' id='word_1_801' title='bbox 2907 5317 3002 5371; x_wconf 69' lang='grc' dir='ltr'>καὶ</span> <span class='ocrx_word' id='word_1_802' title='bbox 3027 5316 3081 5370; x_wconf 88' lang='grc' dir='ltr'>οἱ</span> <span class='ocrx_word' id='word_1_803' title='bbox 3117 5313 3296 5368; x_wconf 78' lang='grc' dir='ltr'>λοιποὶ</span> <span class='ocrx_word' id='word_1_804' title='bbox 3328 5312 3380 5365; x_wconf 68' lang='grc' dir='ltr'>οἱ</span> <span class='ocrx_word' id='word_1_805' title='bbox 3403 5310 3502 5383; x_wconf 82' lang='grc' dir='ltr'>τὴν</span> <span class='ocrx_word' id='word_1_806' title='bbox 3532 5329 3729 5386; x_wconf 83' lang='grc' dir='ltr'>παρα-</span> 
     </span>
    </p>
   </div>
   <div class='ocr_carea' id='block_1_104' title="bbox 2135 5401 3733 5483">
    <p class='ocr_par' dir='ltr' id='par_1_104' title="bbox 2135 5401 3733 5483">
     <span class='ocr_line' id='line_1_104' title="bbox 2135 5401 3733 5483; baseline -0.005 -17"><span class='ocrx_word' id='word_1_807' title='bbox 2135 5413 2252 5467; x_wconf 84' lang='grc' dir='ltr'>λίαν</span> <span class='ocrx_word' id='word_1_808' title='bbox 2279 5409 2655 5474; x_wconf 85' lang='grc' dir='ltr'>κατοικοῦντες</span> <span class='ocrx_word' id='word_1_809' title='bbox 2676 5409 2847 5483; x_wconf 80' lang='grc' dir='ltr'>πέραν</span> <span class='ocrx_word' id='word_1_810' title='bbox 2864 5408 2959 5461; x_wconf 82' lang='grc' dir='ltr'>τοῦ</span> <span class='ocrx_word' id='word_1_811' title='bbox 2991 5406 3250 5478; x_wconf 81' lang='grc' dir='ltr'>Ἰορδάνου</span> <span class='ocrx_word' id='word_1_812' title='bbox 3270 5420 3284 5434; x_wconf 76' lang='grc'><em>’</em></span> <span class='ocrx_word' id='word_1_813' title='bbox 3316 5401 3580 5457; x_wconf 82' lang='grc' dir='ltr'>Γαλιλαία</span> <span class='ocrx_word' id='word_1_814' title='bbox 3605 5403 3733 5459; x_wconf 78' lang='grc' dir='ltr'><strong>τῶν</strong></span> 
     </span>
    </p>
   </div>
   <div class='ocr_carea' id='block_1_105' title="bbox 2137 5492 3731 5572">
    <p class='ocr_par' dir='ltr' id='par_1_105' title="bbox 2137 5492 3731 5572">
     <span class='ocr_line' id='line_1_105' title="bbox 2137 5492 3731 5572; baseline -0.006 -12"><span class='ocrx_word' id='word_1_815' title='bbox 2137 5502 2306 5560; x_wconf 75' lang='grc' dir='ltr'>ἐθνῶν</span> <span class='ocrx_word' id='word_1_816' title='bbox 2324 5521 2337 5535; x_wconf 85' lang='grc'><strong>·</strong></span> <span class='ocrx_word' id='word_1_817' title='bbox 2356 5507 2385 5559; x_wconf 86' lang='grc' dir='ltr'>ὁ</span> <span class='ocrx_word' id='word_1_818' title='bbox 2400 5502 2529 5567; x_wconf 82' lang='grc' dir='ltr'>λαὸς</span> <span class='ocrx_word' id='word_1_819' title='bbox 2546 5502 2576 5556; x_wconf 73' lang='grc' dir='ltr'><strong>ὁ</strong></span> <span class='ocrx_word' id='word_1_820' title='bbox 2600 5501 2905 5572; x_wconf 83' lang='grc' dir='ltr'>καθήμενος</span> <span class='ocrx_word' id='word_1_821' title='bbox 2922 5500 2982 5553; x_wconf 82' lang='grc' dir='ltr'>ὲν</span> <span class='ocrx_word' id='word_1_822' title='bbox 3003 5497 3202 5565; x_wconf 83' lang='grc' dir='ltr'>σκότει,</span> <span class='ocrx_word' id='word_1_823' title='bbox 3227 5494 3363 5549; x_wconf 76' lang='grc' dir='ltr'>ἴδετε</span> <span class='ocrx_word' id='word_1_824' title='bbox 3385 5492 3504 5564; x_wconf 85' lang='grc' dir='ltr'><strong>φῶς</strong></span> <span class='ocrx_word' id='word_1_825' title='bbox 3533 5493 3695 5566; x_wconf 78' lang='grc' dir='ltr'>μέγα</span> <span class='ocrx_word' id='word_1_826' title='bbox 3709 5513 3731 5528; x_wconf 68' lang='grc'><strong>⁸</strong></span> 
     </span>
    </p>
   </div>
   <div class='ocr_carea' id='block_1_106' title="bbox 2133 5586 3732 5666">
    <p class='ocr_par' dir='ltr' id='par_1_106' title="bbox 2133 5586 3732 5666">
     <span class='ocr_line' id='line_1_106' title="bbox 2133 5586 3732 5666; baseline -0.008 -15"><span class='ocrx_word' id='word_1_827' title='bbox 2133 5597 2228 5651; x_wconf 85' lang='grc' dir='ltr'>καὶ</span> <span class='ocrx_word' id='word_1_828' title='bbox 2254 5599 2366 5661; x_wconf 81' lang='grc' dir='ltr'>τοῖς</span> <span class='ocrx_word' id='word_1_829' title='bbox 2399 5593 2728 5666; x_wconf 82' lang='grc' dir='ltr'>καθημένοις</span> <span class='ocrx_word' id='word_1_830' title='bbox 2761 5595 2820 5647; x_wconf 82' lang='grc' dir='ltr'>ὲν</span> <span class='ocrx_word' id='word_1_831' title='bbox 2847 5590 3028 5646; x_wconf 89' lang='grc' dir='ltr'>σκότει</span> <span class='ocrx_word' id='word_1_832' title='bbox 3049 5590 3142 5644; x_wconf 83' lang='grc' dir='ltr'>καὶ</span> <span class='ocrx_word' id='word_1_833' title='bbox 3164 5588 3290 5660; x_wconf 79' lang='grc' dir='ltr'>σκιᾷ</span> <span class='ocrx_word' id='word_1_834' title='bbox 3323 5586 3556 5642; x_wconf 81' lang='grc' dir='ltr'>θανάτου</span> <span class='ocrx_word' id='word_1_835' title='bbox 3597 5586 3732 5656; x_wconf 56' lang='grc' dir='ltr'><strong>φῶς</strong></span> 
     </span>
    </p>
   </div>
   <div class='ocr_carea' id='block_1_107' title="bbox 2126 5676 3732 5755">
    <p class='ocr_par' dir='ltr' id='par_1_107' title="bbox 2126 5676 3732 5755">
     <span class='ocr_line' id='line_1_107' title="bbox 2126 5676 3732 5755; baseline -0.006 -11"><span class='ocrx_word' id='word_1_836' title='bbox 2126 5688 2401 5747; x_wconf 42' lang='grc' dir='ltr'>(ἀνέτειλεν</span> <span class='ocrx_word' id='word_1_837' title='bbox 2432 5687 2634 5753; x_wconf 77' lang='grc' dir='ltr'>αὐτοῖς,</span> <span class='ocrx_word' id='word_1_838' title='bbox 2668 5707 2687 5740; x_wconf 74' lang='grc' dir='ltr'><strong>ι</strong></span> <span class='ocrx_word' id='word_1_839' title='bbox 2725 5685 2820 5741; x_wconf 63' lang='grc' dir='ltr'><strong>καὶ⁸</strong></span> <span class='ocrx_word' id='word_1_840' title='bbox 2876 5683 2945 5740; x_wconf 80' lang='grc' dir='ltr'>τὰ</span> <span class='ocrx_word' id='word_1_841' title='bbox 2972 5682 3118 5755; x_wconf 74' lang='grc' dir='ltr'><strong>ἑξῆς·</strong></span> <span class='ocrx_word' id='word_1_842' title='bbox 3155 5676 3236 5746; x_wconf 68' lang='grc' dir='ltr'><strong>οῖς</strong></span> <span class='ocrx_word' id='word_1_843' title='bbox 3260 5678 3529 5749; x_wconf 73' lang='grc' dir='ltr'>ἒπιλέγει,</span> <span class='ocrx_word' id='word_1_844' title='bbox 3573 5700 3596 5732; x_wconf 76' lang='grc' dir='ltr'><strong>ι</strong></span> <span class='ocrx_word' id='word_1_845' title='bbox 3642 5679 3732 5735; x_wconf 77' lang='grc' dir='ltr'><strong>ὅτι</strong></span> 
     </span>
    </p>
   </div>
   <div class='ocr_carea' id='block_1_108' title="bbox 456 5409 2028 5485">
    <p class='ocr_par' dir='ltr' id='par_1_108' title="bbox 456 5409 2028 5485">
     <span class='ocr_line' id='line_1_108' title="bbox 456 5409 2028 5485; baseline -0.001 -15"><span class='ocrx_word' id='word_1_846' title='bbox 456 5413 636 5470; x_wconf 88' lang='lat' dir='ltr'><strong>bitant</strong></span> <span class='ocrx_word' id='word_1_847' title='bbox 664 5425 817 5469; x_wconf 87' lang='lat' dir='ltr'><strong>trans</strong></span> <span class='ocrx_word' id='word_1_848' title='bbox 845 5410 1136 5469; x_wconf 68' lang='lat' dir='ltr'><strong>Iordanem</strong></span> <span class='ocrx_word' id='word_1_849' title='bbox 1160 5452 1176 5479; x_wconf 92' lang='lat'><strong>,</strong></span> <span class='ocrx_word' id='word_1_850' title='bbox 1207 5409 1428 5469; x_wconf 74' lang='lat' dir='ltr'><strong>Galilzea</strong></span> <span class='ocrx_word' id='word_1_851' title='bbox 1479 5413 1722 5485; x_wconf 89' lang='lat' dir='ltr'><strong>gentium</strong></span> <span class='ocrx_word' id='word_1_852' title='bbox 1748 5454 1764 5481; x_wconf 90' lang='lat'><strong>,</strong></span> <span class='ocrx_word' id='word_1_853' title='bbox 1793 5412 2028 5483; x_wconf 89' lang='lat' dir='ltr'><strong>populus</strong></span> 
     </span>
    </p>
   </div>
   <div class='ocr_carea' id='block_1_109' title="bbox 455 5504 2030 5579">
    <p class='ocr_par' dir='ltr' id='par_1_109' title="bbox 455 5504 2030 5579">
     <span class='ocr_line' id='line_1_109' title="bbox 455 5504 2030 5579; baseline 0 -18"><span class='ocrx_word' id='word_1_854' title='bbox 455 5504 655 5562; x_wconf 86' lang='lat' dir='ltr'><strong>sedens</strong></span> <span class='ocrx_word' id='word_1_855' title='bbox 682 5506 739 5562; x_wconf 87' lang='lat' dir='ltr'><strong>in</strong></span> <span class='ocrx_word' id='word_1_856' title='bbox 765 5506 1035 5571; x_wconf 75' lang='lat' dir='ltr'><strong>tenebris,</strong></span> <span class='ocrx_word' id='word_1_857' title='bbox 1063 5506 1240 5562; x_wconf 84' lang='lat' dir='ltr'><strong>videte</strong></span> <span class='ocrx_word' id='word_1_858' title='bbox 1268 5506 1444 5562; x_wconf 89' lang='lat' dir='ltr'><strong>lucem</strong></span> <span class='ocrx_word' id='word_1_859' title='bbox 1476 5522 1760 5579; x_wconf 86' lang='lat' dir='ltr'><strong>magnam,</strong></span> <span class='ocrx_word' id='word_1_860' title='bbox 1789 5507 2030 5563; x_wconf 88' lang='lat' dir='ltr'><strong>sedenti-</strong></span> 
     </span>
    </p>
   </div>
   <div class='ocr_carea' id='block_1_110' title="bbox 456 5597 2027 5669">
    <p class='ocr_par' dir='ltr' id='par_1_110' title="bbox 456 5597 2027 5669">
     <span class='ocr_line' id='line_1_110' title="bbox 456 5597 2027 5669; baseline 0 -17"><span class='ocrx_word' id='word_1_861' title='bbox 456 5597 562 5654; x_wconf 87' lang='lat' dir='ltr'><strong>bus</strong></span> <span class='ocrx_word' id='word_1_862' title='bbox 607 5598 664 5652; x_wconf 83' lang='lat' dir='ltr'><strong>in</strong></span> <span class='ocrx_word' id='word_1_863' title='bbox 709 5598 933 5669; x_wconf 86' lang='lat' dir='ltr'><strong>regione</strong></span> <span class='ocrx_word' id='word_1_864' title='bbox 983 5607 1037 5655; x_wconf 92' lang='lat' dir='ltr'><strong>et</strong></span> <span class='ocrx_word' id='word_1_865' title='bbox 1084 5599 1277 5653; x_wconf 87' lang='lat' dir='ltr'><strong>umbra</strong></span> <span class='ocrx_word' id='word_1_866' title='bbox 1325 5602 1555 5664; x_wconf 88' lang='lat' dir='ltr'><strong>mortis,</strong></span> <span class='ocrx_word' id='word_1_867' title='bbox 1594 5599 1688 5654; x_wconf 76' lang='lat' dir='ltr'><strong>lux</strong></span> <span class='ocrx_word' id='word_1_868' title='bbox 1717 5605 1908 5653; x_wconf 86' lang='lat' dir='ltr'><strong>exorta</strong></span> <span class='ocrx_word' id='word_1_869' title='bbox 1940 5605 2027 5654; x_wconf 75' lang='grc' dir='ltr'><strong>εει</strong></span> 
     </span>
    </p>
   </div>
   <div class='ocr_carea' id='block_1_111' title="bbox 452 5676 2026 5763">
    <p class='ocr_par' dir='ltr' id='par_1_111' title="bbox 452 5676 2026 5763">
     <span class='ocr_line' id='line_1_111' title="bbox 452 5676 2026 5763; baseline -0.001 -16"><span class='ocrx_word' id='word_1_870' title='bbox 452 5690 534 5747; x_wconf 84' lang='lat' dir='ltr'><strong>eis</strong></span> <span class='ocrx_word' id='word_1_871' title='bbox 563 5688 630 5756; x_wconf 77' lang='grc'><strong>⁸⁸,</strong></span> <span class='ocrx_word' id='word_1_872' title='bbox 659 5707 678 5741; x_wconf 75' lang='grc' dir='ltr'><strong>ι</strong></span> <span class='ocrx_word' id='word_1_873' title='bbox 705 5694 759 5743; x_wconf 88' lang='lat' dir='ltr'><strong>et</strong></span> <span class='ocrx_word' id='word_1_874' title='bbox 790 5703 910 5760; x_wconf 65' lang='lat' dir='ltr'><strong>qum</strong></span> <span class='ocrx_word' id='word_1_875' title='bbox 935 5700 1270 5762; x_wconf 81' lang='lat' dir='ltr'><strong>sequuntur;</strong></span> <span class='ocrx_word' id='word_1_876' title='bbox 1296 5690 1501 5763; x_wconf 87' lang='lat' dir='ltr'><strong>quibus</strong></span> <span class='ocrx_word' id='word_1_877' title='bbox 1531 5688 1813 5762; x_wconf 78' lang='lat' dir='ltr'><strong>adjungit,</strong></span> <span class='ocrx_word' id='word_1_878' title='bbox 1840 5708 1866 5742; x_wconf 73' lang='grc' dir='ltr'><strong>Δι</strong></span> <span class='ocrx_word' id='word_1_879' title='bbox 1887 5676 2026 5762; x_wconf 46' lang='lat' dir='ltr'><strong>quo;</strong></span> 
     </span>
    </p>
   </div>
   <div class='ocr_carea' id='block_1_112' title="bbox 523 5840 1592 5914">
    <p class='ocr_par' dir='ltr' id='par_1_112' title="bbox 523 5840 1592 5914">
     <span class='ocr_line' id='line_1_112' title="bbox 523 5840 1592 5914; baseline 0.003 -14"><span class='ocrx_word' id='word_1_880' title='bbox 523 5844 571 5877; x_wconf 77' lang='grc'><strong>⁸⁸</strong></span> <span class='ocrx_word' id='word_1_881' title='bbox 604 5842 713 5902; x_wconf 82' lang='lat' dir='ltr'><strong>lsa.</strong></span> <span class='ocrx_word' id='word_1_882' title='bbox 740 5859 851 5913; x_wconf 84' lang='lat' dir='ltr'><strong>vn,</strong></span> <span class='ocrx_word' id='word_1_883' title='bbox 880 5842 1033 5901; x_wconf 64' lang='lat' dir='ltr'><strong>94H.</strong></span> <span class='ocrx_word' id='word_1_884' title='bbox 1110 5846 1154 5885; x_wconf 74' lang='grc' dir='ltr'>ιι</span> <span class='ocrx_word' id='word_1_885' title='bbox 1190 5844 1297 5903; x_wconf 77' lang='lat' dir='ltr'><strong>lsa.</strong></span> <span class='ocrx_word' id='word_1_886' title='bbox 1331 5858 1417 5914; x_wconf 80' lang='grc' dir='ltr'>ιι,</span> <span class='ocrx_word' id='word_1_887' title='bbox 1451 5844 1502 5913; x_wconf 78' lang='grc' dir='ltr'>ι,</span> <span class='ocrx_word' id='word_1_888' title='bbox 1530 5840 1592 5903; x_wconf 71' lang='lat'><strong>2.</strong></span> 
     </span>
    </p>
   </div>
  </div>
