3902 6264
289 302 389 361 πο

1199 316 1431 375 ΒΕΜΟΝ
1440 315 1853 374 δτιιΑτιοΝιε

1964 313 2349 371 ῖΑΝϐΕιΙΟιΕ
2388 314 2515 372 LlB.
2558 313 2673 377 νη,
3458 318 3559 370 I150

300 425 482 478 πᾶσαν
519 427 731 501 στολὴν
768 431 1205 506 ιτασυνηγμένην
1228 434 1381 506 δόλῳ,
1405 436 1499 491 καὶ
1519 435 1732 505 ἱμάτιον
1756 450 1862 505 μετέ

1964 432 2149 493 ,niam
2177 447 2392 487 omnem
2432 440 2637 488 vestem
2667 439 3052 504 congregatam
3099 432 3256 497 dolo,
3304 442 3356 490 ct
3401 435 3559 489 iuda-

304 517 663 590 καταλλαγῆς
684 522 1056 588 ἀποτίσουσιν,
1083 524 1178 579 καὶ
1210 525 1527 597 θελήσουσιν
1558 528 1607 581 sl
1636 525 1890 598 ἐγενήθη-

1992 530 2230 587 “rentum
2255 564 2267 586 .
2313 539 2437 578 cum
2483 521 2865 579 consiliatione
2906 524 3139 579 soluturi
3179 532 3340 588 sunt,
3373 535 3425 580 et
3461 544 3553 582 ιο-

302 626 411 664 σαν
478 611 885 683 πυρίκαυστον
917 615 998 669 ὅτι
1053 616 1262 672 παιδίον
1305 614 1563 689 ἐγεννήθη
1594 620 1746 688 ἡμῖν,
1799 634 1862 670 κα

1990 613 2101 675 lant
2145 614 2191 670 si
2236 613 2436 671 fuerint
2476 614 2598 683 igne
2642 614 2953 670 combusti:
2998 616 3256 684 quoniam
3298 618 3556 685 puerulus

299 700 425 764 υίὸς
447 701 610 774 ιδὸθη
639 704 796 775 ἡμῖν,
820 698 883 759 οὗ
908 708 942 777 ἡ
979 706 1121 779 ἀρχὴ
1155 708 1246 761 ἐπὶ
1274 707 1369 760 τοῦ
1398 706 1549 779 ὤμου
1572 707 1739 762 αὑτοῦ
1759 725 1771 737 ·
1792 708 1890 763 ’καὶ

297 795 562 850 καλεῖται
611 798 674 850 τὸ
724 797 895 869 δνομα
939 799 1109 855 αὐτοῦ
1139 800 1379 871 μεγάλης
1418 800 1611 871 βουλῆς
1641 799 1887 870 ἄγγελος,

294 885 631 957 θαυμαστὸς
679 888 998 961 σύμϐουλος.
1047 891 1180 955 Θεὸς
1228 892 1474 963 ἰσχυρὸς,
1519 892 1886 962 ὲξουσιαστὴςν

292 974 497 1047 ἄρχων
524 980 774 1050 είρήνης,
815 978 999 1050 πατὴρ
1028 984 1122 1033 τοῦ
1173 981 1457 1051 μέλλοντος
1487 981 1698 1045 αἰῶνος.
1743 982 1888 1047 Ἀξω

290 1065 407 1139 γὰρ
456 1070 685 1141 είρήνην
745 1070 835 1124 ἐπὶ
870 1071 997 1133 τοὺς
1055 1071 1340 1142 ἄρχοντας,
1372 1073 1461 1126 »αἱ
1498 1072 1683 1141 ὑγείαν
1716 1072 1882 1144 αύτῷ.

288 1158 542 1230 Μεγάλη
588 1162 621 1232 ή
656 1160 797 1232 ἀρχὴ
821 1160 1009 1226 αὐτοῦ,
1045 1163 1138 1215 καὶ
1188 1163 1287 1232 τῆς
1331 1164 1550 1235 εἰρήνης
1579 1163 1743 1217 αὑτοῦ
1786 1166 1885 1218 οὐκ

292 1248 451 1303 ἔστιν
478 1251 653 1322 ὄριον,
687 1252 780 1304 ἐπὶ
810 1250 899 1307 τὸν
929 1251 1116 1324 θρόνον
1146 1253 1330 1317 Δαὸὶδ,
1361 1255 1455 1309 καὶ
1486 1256 1582 1327 τὴν
1599 1256 1882 1326 βασιλείαν

292 1342 490 1409 αὐτοῦ,
550 1343 896 1416 κατορθῶσαι
927 1345 1117 1416 αὐτὴν,
1147 1345 1240 1399 καὶ
1280 1346 1659 1402 ἀντιλαϐέσθαι
1688 1350 1745 1401 ὲν
1764 1349 1882 1421 κρί-

300 1451 430 1504 ματι
458 1436 560 1489 καὶ
607 1436 916 1509 δικαιοσύνῃ
948 1438 1055 1492 ἀπὸ
1078 1437 1169 1492 τοῦ
1194 1437 1289 1492 νῦν
1334 1439 1427 1493 καὶ
1454 1442 1533 1504 είς
1565 1440 1654 1494 τὸν
1686 1441 1876 1495 αίῶνα.

308 1525 364 1579 '0
396 1526 571 1595 ζῆλος
629 1529 833 1598 Κυρίου
877 1526 1103 1583 Σαϐαὼθ
1148 1530 1361 1602 ποιήσει
1419 1530 1609 1586 ταῦτα.
1649 1551 1667 1583 ι
1711 1532 1879 1589 Τοῦτο

294 1617 480 1686 τρίτον
510 1618 616 1689 ήδη
649 1619 710 1672 τὸ
735 1618 945 1672 παιδίον
972 1621 1392 1689 προφητεύεται,
1430 1621 1522 1675 τοῦ
1570 1621 1732 1676 αὑτοῦ
1761 1639 1879 1675 ποι-

1990 713 2150 761 natus
2175 712 2257 765 est
2286 705 2472 769 nobis,
2501 712 2554 758 et
2584 703 2725 758 ﬁlius
2756 704 2917 761 datus
2944 713 3026 761 est
3055 704 3246 772 nobis,
3277 706 3435 776 cujus
3462 708 3555 761 im-

1989 796 2205 869 perium
2238 811 2400 865 super
2440 794 2727 848 humerum
2770 796 2943 865 ipsius
2965 837 2978 860 ,
3013 804 3068 849 et
3097 803 3325 849 vocatur
3354 811 3552 850 nomen

1987 887 2106 959 ejus
2136 889 2320 957 magni
2356 887 2569 942 consilii
2614 889 2877 957 angelus,
2912 887 3250 944 admirabilis
3295 889 3556 943 consilia-

1986 979 2102 1035 rius
2122 1019 2138 1043 ,
2170 978 2313 1034 Deus
2344 978 2530 1046 fortis,
2565 979 2865 1051 potentiam
2900 977 3108 1033 habens
3129 1018 3144 1042 ,
3174 980 3429 1049 princeps
3456 993 3552 1048 pa-

1984 1071 2094 1136 cis,
2128 1079 2281 1143 pater
2311 1070 2479 1129 futuri
2511 1073 2715 1139 saeculi.
2751 1070 3033 1126 Adducam
3063 1071 3206 1126 enim
3239 1087 3427 1141 pacein
3457 1085 3551 1125 su-

1985 1177 2081 1233 per
2111 1162 2388 1234 principes
2409 1203 2424 1227 ,
2457 1175 2510 1217 et
2544 1163 2831 1218 sanitatem
2862 1163 2942 1229 ei,
2975 1177 3227 1233 magnum
3263 1163 3549 1233 imperium

1981 1252 2139 1321 ejus,
2167 1262 2221 1309 et
2254 1254 2404 1327 pacis
2431 1254 2550 1322 ejus
2582 1270 2691 1307 non
2723 1262 2807 1308 est
2837 1253 2995 1317 linis,
3026 1268 3192 1323 super
3219 1253 3411 1308 solium
3442 1253 3550 1308 Da-

1980 1344 2067 1398 vid
2100 1352 2153 1398 et
2184 1358 2410 1414 regnum
2443 1345 2562 1414 ejus
2592 1352 2652 1399 ut
2682 1344 2880 1414 dirigat
2912 1344 3045 1399 illud
3065 1385 3079 1408 ,
3112 1352 3166 1399 et
3196 1345 3459 1415 suscipiat
3491 1348 3545 1402 in

1974 1433 2179 1509 judicio
2210 1443 2264 1489 et
2300 1435 2514 1505 justitia
2553 1453 2621 1491 ex
2666 1437 2769 1490 hoc
2799 1445 3043 1507 tempore
3071 1446 3122 1492 et
3153 1453 3324 1507 usque
3356 1438 3409 1492 in
3442 1453 3545 1492 sse-

1978 1526 2160 1581 culum
2188 1544 2201 1583 :
2237 1527 2389 1582 zelus
2423 1526 2637 1582 Domini
2673 1526 2911 1582 Sabaoth
2945 1527 3106 1583 faciet
3135 1528 3249 1584 haec
3280 1530 3345 1586 υ.
3381 1550 3400 1581 ι
3425 1528 3542 1583 Jam

1979 1633 2123 1673 nunc
2153 1620 2316 1674 tertio
2346 1634 2573 1689 puerum
2617 1618 2764 1673 hunc
2810 1619 3090 1690 prophetia
3120 1628 3540 1684 commemorat,

298 1710 466 1774 κίλως
508 1713 929 1782 σημαινομένου.
978 1714 1197 1784 Ἐπειδὴ
1223 1714 1402 1767 τοίνυν
1442 1715 1725 1788 πρόκειται
1779 1716 1862 1772 vin

1977 1724 2097 1779 quae
2126 1711 2368 1765 eamdem
2400 1726 2511 1765 rem
2543 1711 2714 1766 variis
2739 1712 2915 1767 modis
2949 1712 3240 1783 significat.
3273 1711 3542 1778 Quoniam

297 1804 427 1873 ἡμῖν
457 1780 784 1874 τδνήτρόπον
814 1804 916 1875 τῆς
935 1806 1015 1868 είς
1038 1780 1357 1877 ἀνθριῦπους
1379 1806 1470 1859 τοῦ
1488 1780 1632 1863 ’Θεοῦ
1667 1826 1862 1880 παρου-

1978 1801 2143 1873 igitur
2191 1817 2338 1857 nunc
2392 1804 2730 1873 propositum
2782 1804 2941 1860 nobis
2988 1780 3101 1868 est,
3141 1805 3405 1861 adventus
3446 1803 3542 1861 Dei

299 1892 415 1957 σίας
442 1894 731 1959 ἐπιδεῖξαι,
767 1894 863 1949 θέα
882 1896 947 1949 δι’
983 1896 1122 1949 ὅσων
1153 1891 1305 1961 οὗτος
1325 1898 1418 1951 καὶ
1440 1898 1585 1961 ὅπως
1612 1899 1878 1970 παρίστα-

292 2001 401 2038 ται.
459 1986 795 2041 Ἐδεικνύετο
827 1986 1042 2060 πρῶτον
1079 1991 1107 2041 ὁ
1143 1989 1455 2061 ἐπικληθεὶς
1510 1991 1871 2063 Ἐμμανουὴλ,

293 2074 427 2138 Θεὸς
476 2078 543 2130 ἐκ
597 2079 868 2149 παρθένου
889 2078 1255 2150 γεννώμενρςο
1306 2080 1556 2153 δεύτερον
1592 2082 1651 2135 τὸ
1686 2083 1750 2137 ἐκ
1773 2082 1873 2152 τῆς

291 2167 626 2238 προφήτιδας
675 2170 769 2222 καὶ
806 2168 901 2222 τοῦ
956 2169 1112 2238 ἁγίου
1159 2169 1474 2239 Πνεύματος
1503 2170 1732 2234 παιδίον,
1774 2173 1872 2226 οὐκ

290 2254 423 2309 ἀλλο
476 2258 747 2327 τυγχάνον
775 2258 870 2312 τοῦ
901 2248 1379 2332 προηγορευμένω
1398 2277 1410 2290 ·
1456 2261 1637 2333 τρίτον
1678 2263 1707 2315 ό
1734 2261 1872 2332 μετά

289 2352 503 2421 χεῖρας,
561 2346 643 2414 εἷς
683 2350 761 2406 ὢν
805 2354 898 2408 καὶ
929 2357 958 2407 ὁ
989 2354 1152 2415 αὐτὸς
1205 2357 1317 2417 τοῖς
1361 2354 1663 2427 προτέροις.
1704 2374 1722 2407 ι
1761 2356 1870 2410 Καὶ

287 2440 467 2512 τούτῳ
524 2441 659 2510 γοῦν
711 2442 880 2514 ὄνομα
926 2441 1065 2499 εἶναι
1108 2445 1346 2513 λέγεται,
1403 2446 1544 2499 κατά
1591 2446 1690 2514 μὲν
1741 2447 1868 2511 τοὺς

298 2534 704 2605 Ἑεδομήκοντα
725 2553 744 2587 ι
776 2536 1018 2608 μεγάλης
1041 2537 1234 2608 βουλῆς
1249 2538 1499 2607 ἅγγελος,
1523 2558 1538 2588 ι
1558 2540 1649 2593 καὶ
1660 2538 1735 2603 ὣς
1746 2556 1867 2597 τινα

282 2624 396 2679 τῶν
453 2626 803 2698 ἀντιγράφων
853 2628 998 2700 ἔχει,
1085 2648 1105 2682 s
1168 2629 1478 2701 θαυμαστὸς
1531 2630 1863 2700 σύμϐουλος,

283 2715 418 2780 Θεὸς
467 2719 707 2790 ἰσχυρὸς,
742 2718 1113 2792 ὲξουσιαστὴς,
1160 2721 1343 2792 ἄρχων
1386 2723 1630 2793 εἰρήνης,
1683 2722 1864 2794 πατὴρ

280 2808 380 2861 τοῦ
410 2810 698 2879 μέλλοντος
727 2811 921 2876 αἰῶνος
940 2830 954 2843 ·
988 2831 1007 2865 ι
1041 2812 1185 2867 κατὰ
1214 2814 1272 2867 δὲ
1298 2814 1360 2866 τὸ
1392 2814 1699 2886 Ἐὅραῑκὸν,
1732 2815 1807 2878 ὡς
1833 2817 1863 2868 ὁ

285 2901 387 2970 μὲν
432 2901 666 2967 ’Δκύλας
709 2905 906 2975 φησιν’
948 2906 1100 2960 (Ὅτι
1147 2906 1356 2962 παιδίον
1403 2907 1661 2980 ἐγεννήθη
1703 2911 1859 2979 ἡμῖν,

280 2992 400 3056 υεδς
433 2994 590 3067 ἐδόθη
616 2997 766 3067 ἡμῖν,
795 2998 887 3051 καὶ
909 2997 1125 3067 ἐγένετο
1158 3000 1357 3071 μέτρον
1382 3001 1468 3053 ἐπ’
1490 2999 1641 3071 ὤμου
1671 3001 1855 3057 αὐτοῦ.

279 3083 395 3185 licet
421 3085 624 3185 saclan
668 3085 732 3140 τὸ
778 3086 946 3158 ὄνομα
975 3089 1140 3144 αὐτοῦ
1174 3090 1493 3162 Θαυμαστὸς
1533 3091 1855 3163 σύμϐουλος,
1887 3120 1930 3185 C

281 3173 529 3248 ἰσχυρὸς,
575 3177 822 3242 δυνατὸς,
873 3179 1075 3253 πατὴρ,
1128 3181 1209 3235 ἔτι
1246 3183 1425 3253 ἄρχων
1467 3184 1708 3257 εἰρήνης,
1762 3185 1857 3239 καὶ

276 3269 381 3338 τῆς
410 3270 639 3341 εἰρήνης
664 3270 830 3325 αὐτοῦ
858 3272 958 3328 οὐκ
988 3271 1102 3327 ἐστι
1138 3273 1341 3345 πέρας·
1382 3294 1400 3326 ι
1432 3275 1506 3338 ὡς
1536 3275 1593 3328 δὲ
1640 3277 1670 3328 ό
1711 3276 1858 3347 Σύμ..

280 3377 491 3431 (uxor
532 3380 552 3413 ι
580 3362 816 3427 Νεανίας
842 3363 950 3435 γὰρ
989 3364 1143 3437 ὲδόθη
1189 3368 1337 3437 ἡμῖν,
1376 3368 1490 3432 υίὸς
1515 3367 1667 3440 ἐδόθη
1700 3372 1853 3441 ἡμῖν.

274 3452 390 3505 Καὶ
428 3452 585 3506 ἔσται
627 3454 661 3525 ἡ
704 3454 920 3509 παιδεία
945 3455 1108 3511 αὑτοῦ
1137 3457 1228 3510 ἐπὶ
1259 3456 1351 3510 τοῦ
1376 3457 1524 3529 ὤμου
1552 3458 1737 3522 αὑτοῦ,
1763 3460 1857 3514 καὶ

272 3541 610 3615 κληθήσεται
633 3544 695 3599 τὸ
725 3545 896 3617 ὄνομα
923 3546 1087 3601 αὖ.τοῦ
1114 3548 1555 3620 Παραδοξασμὸς,
1586 3548 1855 3619 βουλευτι-

269 3633 395 3699 κὸς,
436 3637 678 3708 ἰσχυρὸς,
722 3638 965 3704 δυνατὸς,
1009 3639 1190 3711 πατὴρ
1229 3640 1442 3705 αἰῶνος,
1481 3642 1661 3713 ἄρχων
1704 3643 1854 3714 εἰρήκ-

273 3743 395 3797 νης,
425 3728 643 3794 καὶτῆς
665 3731 889 3803 είρήνης
915 3730 1083 3786 αὑτοῦ
1108 3732 1209 3786 οὐκ
1232 3731 1345 3786 ἐστι
1370 3733 1561 3804 πέρας.
1593 3753 1612 3785 ι
1645 3733 1853 3789 Οὐκοῦν

269 3817 375 3889 οὐχ
399 3819 591 3884 ἁπλῶς
635 3822 866 3890 ἄγγελος
898 3823 1039 3878 κατὰ
1080 3826 1205 3889 τοὺς
1245 3825 1664 3895 Ἐὁδομήκοντα,
1711 3825 1848 3881 ἀλλά

274 3930 295 3962 ι
318 3913 423 3982 τῆς
452 3913 695 3985 μεγάλης
716 3914 911 3986 βουλῆς
928 3915 1176 3985 ἄγγελος,
1192 3918 1287 3971 καὶ
1299 3917 1610 3987 θαυμαστὸς
1625 3919 1687 3971 σύ
1695 3919 1853 3990 μύουν

265 4000 383 4067 λος,
410 4005 508 4058 καὶ
550 4005 683 4069 Θεὸς
728 4007 966 4077 ἰσχυρὸς,
996 4009 1088 4062 καὶ
1132 4009 1500 4081 ὲξουσιαστὴς,
1528 4011 1622 4064 καὶ
1668 4010 1851 4082 ἄρχων

264 4096 516 4167 είρήνης,
555 4098 648 4151 καὶ
688 4100 870 4171 πατὴρ
893 4102 987 4155 τοῦ
1016 4101 1296 4173 μέλλοντος
1320 4100 1512 4166 αἰῶνος
1540 4120 1559 4150 ι
1588 4101 1849 4174 γεννηθή-

265 4185 486 4251 σεσθαι,
523 4189 620 4242 καὶ
666 4190 875 4247 παιδίον
903 4191 1119 4245 ἔσεσθαι
1162 4190 1249 4245 διὰ
1285 4190 1491 4245 τούτων
1514 4191 1844 4257 ἐθεσπίζετο.

1975 1890 2040 1946 ad
2084 1893 2332 1948 homines
2375 1895 2595 1947 modum
2642 1895 2960 1959 ostendere,
3007 1897 3163 1960 vide,
3204 1911 3417 1965 quaeso,
3449 1897 3539 1951 hic

1972 1998 2132 2053 quam
2151 1983 2337 2039 multis
2365 1984 2542 2039 modis
2567 1985 2989 2041 demonstretur.
3020 1984 3201 2041 Primo
3219 1988 3433 2057 quidem
3463 1988 3541 2042 di-

1971 2081 2091 2127 ctus
2120 2080 2207 2129 est
2248 2073 2610 2138 Emmanuel,
2646 2074 2788 2152 Deus
2834 2076 2925 2147 qui
2977 2077 3045 2131 de
3085 2077 3306 2148 Virgine
3346 2092 3538 2133 nasce-

1972 2171 2139 2218 retur.
2198 2164 2488 2230 Secumio,
2551 2180 2614 2219 ex
2671 2166 2987 2236 praphetica
3034 2169 3263 2224 muliere
3312 2180 3367 2226 et
3411 2167 3538 2240 Spi-

1968 2251 2074 2307 ritu
2111 2262 2305 2308 sancto
2343 2256 2636 2325 puerulus,
2683 2258 2774 2326 qui
2821 2273 2927 2312 non
2972 2259 3113 2315 alius
3157 2267 3240 2314 est
3283 2276 3444 2331 quam
3486 2262 3536 2319 ls

1967 2343 2035 2398 de
2073 2359 2184 2415 quo
2224 2347 2337 2414 jam
2371 2346 2632 2402 diximus.
2669 2347 2856 2403 Tertio
2885 2350 2933 2405 is
2958 2391 2974 2414 ,
3006 2351 3075 2408 de
3103 2369 3212 2423 quo
3243 2370 3388 2410 nunc
3420 2355 3537 2427 agi-

1966 2449 2120 2499 mus,
2178 2434 2270 2504 qui
2323 2450 2446 2489 cum
2499 2436 2771 2506 prioribus
2822 2455 2964 2496 unus
3016 2450 3099 2496 est
3151 2450 3311 2513 atque
3365 2445 3528 2501 idem.

1967 2523 2103 2579 Huic
2150 2525 2316 2596 igitur
2362 2541 2486 2582 esse
2528 2543 2722 2583 nomen
2781 2529 3000 2595 dicitur,
3051 2542 3111 2587 ut
3153 2535 3347 2605 legitur
3387 2537 3528 2606 apud

1967 2613 2350 2686 Septuaginta,
2375 2637 2393 2670 ι
2418 2620 2601 2689 magni
2628 2621 2844 2676 consilii
2880 2624 3106 2693 angelus
3134 2644 3148 2679 :
3173 2645 3189 2677 ι
3208 2636 3294 2689 et,
3331 2635 3388 2680 ut
3417 2627 3533 2696 qui-

1963 2706 2086 2762 dam
2108 2708 2324 2765 codices
2350 2709 2572 2776 habent,
2598 2730 2617 2764 s
2642 2712 2976 2770 admirabilis
2998 2717 3365 2782 consiliarius,
3389 2719 3532 2776 Deus

1964 2797 2155 2867 fortis,
2208 2802 2508 2873 potentiam
2559 2802 2798 2871 habens,
2841 2804 3099 2879 princeps
3144 2809 3332 2878 pacis,
3376 2820 3521 2878 pater

1959 2891 2117 2963 337
2145 2891 2311 2948 futuri
2340 2895 2546 2950 saeculi.
2589 2915 2607 2948 ι
2644 2895 2713 2951 Ut
2744 2913 2870 2953 vero
2888 2908 2966 2955 est
2993 2900 3047 2954 in
3075 2898 3364 2963 Hebraico,
3389 2900 3529 2957 sicut

1959 2983 2156 3055 Aquila
2204 2986 2534 3043 testiﬁcatur
2565 3005 2577 3041 :
2617 3006 2637 3040 ι
2668 2987 2935 3054 Quoniam
2971 2991 3232 3062 puerulus
3256 2999 3414 3048 natus
3445 3001 3529 3047 est

1962 3076 2141 3145 nobis,
2176 3076 2320 3133 illius
2349 3078 2512 3135 datus
2545 3086 2628 3134 est
2655 3080 2836 3146 nobis,
2869 3090 2922 3137 et
2954 3082 3093 3137 facta
3145 3089 3230 3139 est
3272 3098 3529 3139 mensura

1960 3185 2126 3241 super
2146 3171 2433 3227 humerum
2469 3172 2609 3243 ejus,
2645 3181 2698 3228 et
2726 3183 2976 3229 vocatum
3020 3183 3105 3231 est
3142 3172 3338 3231 nomen
3382 3178 3522 3247 ejus,

1956 3265 2309 3323 Admirabilis
2334 3267 2701 3333 consiliarius,
2730 3267 2908 3332 fortis,
2931 3278 3144 3339 potens,
3167 3279 3341 3341 pater,
3362 3272 3522 3326 etiam

1958 3357 2214 3427 princeps
2240 3359 2411 3429 pacis,
2436 3369 2490 3415 et
2520 3360 2670 3431 pacis
2697 3360 2817 3429 ejus
2858 3376 2966 3416 non
3002 3370 3086 3416 est
3127 3361 3265 3418 linis.
3310 3382 3329 3416 ι
3366 3363 3522 3417 Sicut

1957 3456 2137 3503 autem
2171 3447 2532 3521 Symmachus
2570 3470 2582 3506 :
2618 3468 2637 3502 ι
2674 3450 3131 3509 Adolescentulus
3182 3454 3328 3509 enim
3362 3456 3523 3511 datus

1954 3551 2042 3599 est
2082 3545 2263 3605 nobis.
2301 3545 2444 3601 filius
2486 3545 2648 3601 datus
2686 3554 2771 3601 est
2800 3546 2978 3611 nobis,
3015 3556 3071 3602 et
3098 3547 3204 3602 erit
3233 3549 3519 3619 disciplina

1954 3635 2074 3705 ejus
2112 3652 2277 3706 super
2304 3636 2589 3693 humerum
2620 3637 2759 3707 ejus,
2794 3645 2847 3693 et
2868 3639 3152 3693 vocabitur
3171 3655 3368 3697 nomen
3400 3641 3523 3713 ejus

1954 3724 2380 3790 Admirabilitas,
2423 3726 2793 3791 consiliarius,
2853 3727 3034 3793 fortis,
3087 3736 3305 3798 potens,
3366 3739 3520 3800 pater

1954 3816 2159 3881 saeculi,
2195 3816 2449 3887 princeps
2483 3818 2655 3887 pacis,
2684 3824 2737 3872 et
2761 3817 2910 3887 pacis
2929 3817 3049 3889 ejus
3076 3834 3184 3875 non
3205 3827 3289 3874 est
3310 3820 3449 3877 ﬁnis.
3491 3840 3511 3874 ι

1954 3906 2095 3979 Ergo
2157 3922 2265 3963 non
2335 3908 2655 3980 simpliciter
2706 3911 2932 3982 angelus
3011 3911 3310 3966 secundum
3366 3913 3518 3982 ipsos

1952 3994 2115 4061 LXX,
2148 3996 2244 4052 sed
2275 4016 2294 4049 ι
2335 3999 2515 4068 magni
2562 4000 2779 4055 consilii
2817 4000 3063 4069 angelus,
3097 4008 3150 4055 et
3178 4001 3517 4058 admirabilis

1951 4087 2321 4151 cansiliarins,
2354 4097 2408 4142 et
2431 4087 2574 4144 Deus
2600 4088 2786 4156 fortis,
2814 4098 2869 4145 et
2892 4092 3191 4160 potentiam
3225 4092 3447 4155 habens,
3461 4101 3519 4149 et

1952 4179 2207 4250 princeps
2232 4179 2405 4249 pacis,
2424 4186 2478 4233 et
2506 4186 2661 4250 pater
2683 4181 2853 4235 futuri
2887 4182 3069 4237 saeculi
3099 4202 3117 4235 ι
3153 4184 3397 4241 oriturus
3422 4185 3518 4240 ali-

266 4276 460 4347 Ἕχεις
484 4279 542 4333 δὲ
580 4281 638 4333 ὲν
676 4285 789 4345 τοῖς
824 4283 1110 4354 προτέροις
1133 4283 1225 4337 τὸν
1248 4282 1341 4337 τοῦ
1369 4283 1503 4336 Θεοῦ
1529 4285 1720 4354 Λόγον,
1754 4285 1849 4338 καὶ

1964 4271 2191 4340 ιιιοιιᾱο,
2226 4280 2280 4327 et
2330 4271 2594 4341 puerulus
2648 4271 2888 4336 futurus,
2934 4273 3005 4329 iis
3049 4275 3228 4335 verbis
3278 4276 3517 4332 caneba-

264 4366 423 4430 Θεδν,
452 4368 548 4420 καὶ
573 4367 774 4440 Κύριον
808 4370 1076 4441 διαφόρως
1119 4372 1569 4444 ἀνηγορευμένον,
1614 4371 1747 4445 ὁμοῦ
1789 4374 1846 4429 δὲ

1964 4369 2060 4413 tur.
2132 4359 2310 4419 Habes
2347 4360 2508 4415 etiam
2544 4362 2600 4416 in
2635 4363 2703 4419 iis
2733 4379 2853 4433 quae
2885 4365 3038 4434 prius
3070 4366 3215 4421 dicta
3245 4374 3394 4429 sunt,
3416 4366 3513 4427 Dei

261 4455 359 4509 τὸν
384 4459 549 4513 αὐτὸν
576 4459 803 4529 ἄγγελον
829 4461 1214 4533 ὠνομασμένον
1238 4464 1333 4517 τοῦ
1362 4465 1593 4537 Πατρὸς,
1621 4464 1714 4519 καὶ
1749 4465 1848 4536 ἀρ-

1964 4450 2212 4517 Verhum,
2234 4461 2289 4508 et
2314 4451 2507 4516 Deum,
2531 4460 2588 4509 et
2616 4452 2907 4511 Dominum
2942 4455 3176 4514 diversis
3206 4458 3383 4517 modis
3416 4473 3514 4529 ap-

264 4548 634 4621 χιστρὰτηγον
666 4551 946 4623 δυνάμεως
971 4555 1195 4626 Κυρίου.
1235 4556 1329 4618 Τίς
1354 4556 1398 4609 δ’
1424 4556 1489 4610 ἂν
1524 4552 1616 4611 οὖν
1642 4557 1850 4625 γένοιτο
1947 4543 2226 4613 Ρθηειυητν
2258 4551 2314 4599 ει
2346 4545 2548 4614 Parim?
2576 4546 2825 4601 eumdem
2861 4547 3111 4617 διιεθιυηι
3142 4548 3313 4618 Patris
3335 4549 3512 4609 nonni-

263 4640 409 4692 κατά
434 4642 533 4710 μὲν
559 4642 649 4696 τὸν
687 4643 913 4698 Ἀκύλαν
946 4647 1040 4701 καὶ
1070 4648 1171 4712 τὰς
1195 4648 1363 4702 εἰσέτι
1407 4646 1502 4702 νῦν
1545 4648 1848 4719 φερομένας

1964 4646 2156 4701 ratum,
2182 4647 2238 4695 et
2266 4641 2503 4710 primum
2546 4641 2932 4711 imperatorem
2956 4644 3236 4713 copiarum
3270 4642 3507 4701 Domini.

265 4732 398 4801 παρ’
425 4734 697 4805 Ἑϐραίοις
726 4739 1047 4811 μαρτυρίας,
1079 4741 1135 4792 ὲν
1160 4739 1464 4812 ἀνθρώποις
1488 4739 1844 4809 γεννώμενος,

1964 4727 2053 4785 ἱρά
2082 4730 2206 4800 quis
2239 4732 2456 4786 tandem
2487 4733 2577 4787 hic
2617 4733 2734 4789 sit?
2769 4732 3078 4789 Secundum
3109 4734 3360 4805 Aquilam
3387 4738 3507 4807 qui-

266 4824 360 4875 καὶ
391 4844 409 4874 ι
434 4826 649 4880 παιδίον
673 4845 693 4877 ι
717 4829 1016 4900 γινόμενος,
1040 4849 1058 4881 ι
1090 4830 1400 4903 θαυμαστὸς
1419 4830 1734 4901 σύμϐουλος,
1751 4832 1845 4885 καὶ

1964 4820 2064 4876 lem
2088 4820 2466 4883 et'secundum
2487 4840 2549 4879 ea
2573 4840 2695 4894 quae
2714 4826 2877 4881 etiam
2910 4842 3055 4882 mmc
3079 4829 3222 4898 apud
3251 4828 3511 4889 Πρω-θοι

267 4906 507 4980 ἰσχυρὸς.
536 4911 780 4979 δυνατὸς,
799 4918 893 4970 καὶ
917 4917 1118 4991 πατὴρ,
1138 4918 1217 4973 ἔτι
1234 4920 1327 4975 καὶ
1350 4919 1530 4991 ἄρχων
1558 4921 1796 4993 εἰρήνης.
1813 4940 1830 4974 ³

1964 4909 2198 4969 'eruntur
2230 4913 2564 4977 testimonia,
2585 4914 2680 4984 qui
2719 4913 2862 4972 inter
2888 4915 3138 4972 homines
3157 4925 3434 4981 nascetur,
3455 4914 3512 4971 et

262 4996 325 5050 ού
355 5001 487 5054 ποτέ
503 5002 520 5069 ζ
530 5003 580 5066 Ι)
602 5020 766 5076 φησιν
781 5004 999 5060 ἔσεσθαι
1019 5007 1188 5070 τέλος·
1209 5009 1350 5062 κατὰ
1364 5009 1419 5061 δὲ
1435 5009 1525 5062 τὸν
1543 5007 1836 5080 Σύμμαχον

1964 5017 1970 5051 ι
2011 5001 2273 5070 puerulus
2309 5023 2330 5055 ι
2386 5004 2634 5070 exsistet,
2691 5022 2711 5056 ε
2754 5006 3197 5077 admirabilisun
3249 5009 3519 5074 consilia;

269 5105 288 5138 ι
316 5089 767 5165 Παραδοξασμὸς,
795 5094 1155 5166 βουλευτικὸς,
1189 5100 1425 5169 ἰσχυρὸς,
1452 5099 1695 5163 δυνατὸς,
1726 5118 1833 5153 πα·-

259 5180 368 5255 τὴρ
396 5185 610 5250 αἰῶνος,
640 5187 824 5259 ἄρχων
850 5190 1093 5260 εἰρήνης,
1122 5191 1215 5244 καὶ
1251 5190 1451 5260 ταύτης
1489 5190 1714 5262 ἀπείρου
1742 5193 1834 5246 καὶ

258 5273 620 5351 ἀτελευτήτου
640 5295 654 5308 ·
690 5298 709 5328 ι
742 5279 834 5333 καὶ
878 5280 1018 5335 κατά
1060 5281 1405 5344 Θεοδοτίωνα,
1459 5300 1476 5331 ι
1509 5281 1836 5353 θαυμαστῶς

261 5363 550 5434 βουλεύων,
582 5369 819 5443 ἰσχυρὸς,
845 5370 1129 5442 δυνάστης,
1160 5372 1361 5444 πατὴρ,
1392 5373 1572 5444 ἄρχων
1593 5376 1832 5447 εἰρήνης,

255 5456 336 5526 τῷ
370 5458 664 5530 πληθύνειν
706 5461 807 5531 τὴν
851 5462 1113 5527 παιδείαν,
1140 5456 1201 5516 οὗ
1227 5464 1325 5534 τῆς
1350 5465 1570 5537 εἰρήνης
1591 5466 1690 5520 οὐκ
1718 5465 1831 5521 ἔστι

252 5545 447 5616 πέρας.
483 5568 502 5600 ι
539 5549 651 5606 Καὶ
675 5549 823 5620 αὐτῷ
861 5567 942 5605 σοι
972 5552 1041 5606 τά
1066 5551 1192 5623 ἑξῆς
1233 5552 1542 5608 καταλείπω
1587 5559 1829 5618 σκοπεῖν,

328 5633 372 5664 ⁸³
403 5633 515 5692 lsa.
555 5653 635 5697 ix,
658 5636 777 5692 5-7.

1942 5092 2078 5159 rius,
2109 5101 2169 5149 et
2194 5093 2373 5160 fortis,
2397 5104 2452 5151 et
2481 5107 2693 5166 potens,
2723 5105 2776 5153 et
2808 5107 2958 5166 pater
2983 5098 3145 5153 etiam
3172 5105 3226 5152 et
3255 5099 3510 5169 princeps

1944 5186 2116 5254 pacis,
2158 5207 2178 5239 ι
2221 5187 2383 5257 cujus
2430 5188 2581 5257 pacis
2623 5202 2899 5257 nunquam
2949 5188 3024 5241 ait
3050 5186 3290 5242 futurum
3322 5187 3504 5244 ﬁnem.

1946 5275 2261 5332 Secundum
2314 5276 2701 5349 Symmachum
2760 5287 2942 5339 autem
3007 5297 3027 5331 ι
3073 5277 3503 5347 Admirabilitas,

1942 5368 2311 5433 consiliarius,
2345 5366 2525 5432 fortis,
2572 5377 2784 5439 potens.
2816 5380 2965 5443 pater
3011 5370 3218 5433 saeculi,
3249 5371 3505 5441 princeps

1942 5458 2116 5533 pacis,
2146 5467 2201 5513 et
2258 5460 2409 5535 pacis
2449 5460 2673 5529 inﬁnita:
2723 5470 2884 5529 atque
2930 5461 3308 5521 interminatus.
3349 5482 3368 5517 ι
3411 5462 3502 5527 At,

1941 5551 2085 5607 sicut
2124 5548 2461 5613 Theodotion
2492 5553 2681 5619 voluit,
2715 5571 2737 5605 ι
2769 5552 3156 5614 admirabiliter
3186 5557 3500 5622 consulens,

283 5722 297 5733 “
330 5716 405 5794 (1)
428 5726 510 5779 Οὔ
533 5720 954 5798 ποτεξιλιεεοῦ
969 5745 1063 5799 pro
1084 5729 1168 5796 ού,
1192 5737 1244 5788 et
1271 5731 1457 5803 accipe
1482 5731 1609 5786 ποτε
1641 5747 1806 5788 sensu
1824 5732 1862 5788 oi

1964 5749 2037 5799 τε,
2055 5732 2137 5788 vel
2150 5740 2279 5806 puta
2300 5733 2568 5791 excidisse
2594 5734 2842 5793 voculam
2861 5730 2929 5810 ἦς
2952 5744 3078 5791 ante
3100 5736 3316 5791 οὔποτε.
3340 5736 3499 5795 Ειιιτ,
