3902 6264
462 291 564 348 55!
1106 286 1379 345 EUSEBII
1418 289 1899 348 CESARIENSIS
1938 289 2085 348 OPP.
2128 289 2327 348 PARS.
2368 292 2412 349 II
2439 326 2510 336 -—
2536 295 3030 355 APOLOGETICA.
3609 291 3719 350 533'

462 407 648 473 sortis,
684 413 900 477 potens,
933 411 1122 475 pater,
1162 405 1420 476 princeps
1468 407 1641 477 pacis,
1670 407 1738 462 ad
1783 405 1965 477 multip

2072 409 2118 466 Α
2142 405 2396 463 τοσοῦτον
2438 411 2935 485 ἐπισημηνάμενος,
2956 412 3033 476 ὡς
3056 410 3163 484 ἄρα
3187 408 3347 476 αὐτὸς
3369 401 3524 474 οὗτος
3559 412 3590 465 ὁ
3620 413 3709 468 λς-

461 500 695 554 candam
741 496 1109 568 disciplinam,
1142 500 1303 567 cujus
1348 498 1502 569 pacis
1548 514 1661 556 non
1707 507 1792 556 est
1837 498 1961 555 ﬁnis

2140 497 2370 569 γὸμενος
2399 521 2419 552 ι
2449 503 2630 576 πατὴρ
2658 504 2870 569 αἰῶνος,
2896 505 2990 559 καὶ
3010 505 3236 576 ἀπείρου
3258 504 3481 576 εἰρήνης
3503 503 3705 574 ἄρχων,

459 592 753 654 Caeterum,
787 605 906 659 qua:
962 597 1271 660 sequuntur
1310 591 1411 648 tibi
1460 592 1565 663 ipsi
1619 592 1964 663 contemplan

2142 593 2383 665 μεγάλης
2406 611 2465 648 τε
2501 595 2692 668 βουλῆς
2708 597 2937 667 ἄγγελος
2953 618 2972 651 ι
2994 595 3437 667 γεννηθήσεσθαι,
3466 594 3562 649 καί
3584 613 3709 649 παις

459 684 732 753 relinquo,
771 683 874 736 hoc
904 697 1074 737 unum
1093 681 1361 739 duntaxat
1392 684 1686 741 adnotasse
1718 691 1965 741 contentt

2134 683 2245 738 δίον
2270 684 2489 742 ἔσεσθαι
2522 690 2943 761 προφητεύεται,
2978 687 3071 742 ἐπί
3095 705 3154 742 τε
3179 690 3245 760 τῇ
3280 688 3361 794 εἰς
3389 684 3706 794 ἀνξρώτωνς

456 774 605 845 quod
636 776 751 846 ipse
774 775 884 842 hic,
914 776 1009 846 qui
1040 775 1243 832 dicitur
1267 795 1286 829 ι
1317 787 1472 847 pater
1502 779 1781 843 saeculi,et
1811 779 1962 833 inlini

2134 776 2299 829 αὐτοῦ
2322 779 2535 846 γενέσει
2569 781 2971 853 πυρικαύστους
3010 780 3283 852 ἐθελήσειν
3321 777 3539 830 ἔσεσθαι
3582 778 3706 840 τοὺς

448 868 612 935 pacis.
640 868 896 938 princeps
920 908 935 932 ,
967 871 1259 941 magnique
1292 871 1508 926 consilii
1542 873 1789 943 angelus,
1815 891 1832 924 ι
1852 872 1959 927 orit

2133 867 2225 920 ἐπὶ
2268 872 2335 940 τῇ
2370 869 2436 923 δι’
2460 870 2622 925 αὐτοῦ
2647 873 2912 944 γενομένῃ
2957 872 3201 944 σωτηρίᾳ
3237 871 3345 925 τῶν
3382 870 3553 925 ἐθνῶν
3594 871 3702 925 δια⁹

449 970 551 1012 rus
583 958 878 1029 aliquando
903 970 959 1015 et
986 962 1252 1032 puerulus
1288 962 1505 1017 futurus
1534 964 1820 1035 prophetia
1848 966 1964 1020 decl

2131 959 2544 1032 φθονουμένους,
2580 964 2691 1017 εἴτε
2711 965 2970 1036 δαίμονας
2996 966 3283 1036 πονηροὺς,
3317 965 3428 1017 εἴτε
3460 965 3554 1017 καὶ
3574 965 3703 1019 ἀσε-

452 1053 629 1112 ratur,
659 1056 714 1103 et
744 1048 798 1102 in
839 1059 964 1104 ortu
987 1066 1089 1105 suo
1115 1051 1259 1106 inter
1290 1051 1542 1108 homines
1574 1056 1717 1109 volet
1743 1055 1872 1110 olim
1905 1072 1963 1112 es

2125 1049 2244 1114 δεῖς
2271 1051 2485 1122 ἄνδρας,
2513 1056 2639 1125 περί
2669 1048 2744 1107 ὧν
2779 1071 2959 1125 φησιν’
2992 1055 3146 1107 «Ὅτι
3172 1056 3354 1108 πᾶσαν
3384 1052 3574 1125 στολὴν
3588 1056 3706 1107 επι-

450 1136 577 1209 igne
609 1141 928 1197 combustos
958 1158 1057 1199 eos
1090 1145 1183 1212 qui
1209 1144 1263 1198 in
1283 1160 1346 1199 ea
1373 1146 1548 1201 salute
1570 1148 1830 1217 gentium,
1868 1148 1965 1219 cuj‘

2133 1146 2476 1216 συνηγμένην
2499 1146 2654 1217 δόλῳ,
2684 1148 2778 1200 καὶ
2798 1148 3009 1218 ἱμάτιον
3044 1146 3181 1218 μετὰ
3201 1146 3547 1217 καταλλαγῆς
3570 1148 3705 1200 ἁπο-

450 1231 571 1300 ipse
616 1243 808 1288 auctor
840 1236 968 1300 erit,
1002 1236 1178 1291 odiosi
1232 1235 1403 1291 futuri
1460 1245 1608 1305 sunt,
1639 1239 1753 1294 sive
1802 1240 1838 1294 ii
1897 1256 1965 1294 m:

2125 1237 2352 1290 τίσουσι.
2387 1256 2404 1289 ›
2448 1239 2601 1303 Τίνες
2627 1239 2683 1292 δὲ
2711 1241 2818 1311 ἄρα
2842 1236 2982 1311 ἦσαν
3022 1232 3187 1304 οὗτοι,
3215 1239 3248 1311 ἢ
3284 1241 3411 1311 περὶ
3435 1234 3511 1293 ὧν
3538 1240 3700 1293 ἀλλα-

445 1321 669 1390 quidam
701 1324 1001 1388 daemones.
1037 1327 1152 1381 sive
1183 1327 1346 1382 etiam
1400 1330 1553 1401 impii
1583 1331 1834 1387 homines
1863 1331 1965 1387 inte

2125 1328 2219 1399 χοῦ
2259 1327 2316 1394 ἐξ
2344 1329 2508 1381 αὑτοῦ
2544 1330 2838 1401 προσώπου
2863 1331 2958 1384 τοῦ
2986 1331 3236 1402 Σωτῆρος
3264 1330 3421 1402 ἡμῶν
3450 1332 3700 1404 εἴρηταις

444 1413 708 1482 ligantur,
743 1416 811 1472 de
859 1419 1062 1489 quibus
1106 1419 1183 1474 ait
1218 1437 1233 1475 :
1288 1439 1307 1472 ι
1353 1421 1509 1489 Quod
1562 1438 1776 1479 onmem
1817 1431 1964 1479 veste

2130 1438 2148 1469 ι
2175 1420 2559 1490 Διεμερίσαντο
2602 1420 2672 1474 τὰ
2717 1424 2909 1494 ἱμάτιά
2938 1441 3040 1494 μου
3084 1425 3316 1487 ἑαυτοῖς,
3343 1426 3437 1478 καί
3476 1425 3572 1477 ἐπί
3608 1425 3701 1479 τὸν

443 1509 736 1565 collectam
768 1510 919 1575 dolo,
950 1520 1005 1568 et
1028 1514 1439 1580 vestimentum,
1472 1530 1598 1571 cum
1637 1517 1965 1572 conciliatior

2124 1515 2417 1585 ἱματισμόν
2444 1531 2544 1585 μου
2572 1514 2758 1569 ἔϐαλον
2792 1517 3010 1588 κλῆρον,
3042 1536 3062 1568 ι
3092 1517 3222 1570 οἵτε
3245 1519 3347 1588 τῆς
3365 1516 3573 1571 τούτων
3602 1519 3698 1588 μέ-

441 1600 675 1657 solvent.
710 1622 729 1654 ι
761 1602 866 1659 Sed
890 1605 982 1675 qui
1006 1606 1225 1662 tandem
1260 1607 1314 1662 hi
1340 1606 1565 1677 fuerint,
1592 1610 1697 1665 nisi
1721 1610 1787 1667 de
1817 1611 1965 1682 quibi

2119 1624 2265 1676 τοχοι
2290 1605 2625 1672 δυσσεϐείας,
2653 1607 2702 1660 οἳ
2749 1610 2842 1661 καὶ
2885 1609 3190 1681 θελήσουσι,
3217 1609 3315 1681 τὴν
3343 1610 3493 1679 σφῶν
3518 1610 3700 1664 αὐτῶν

441 1694 568 1750 alibi
608 1710 675 1751 ex
720 1696 893 1767 ipsius
940 1697 1243 1755 Salvatoris
1294 1703 1470 1757 nostri
1519 1719 1781 1780 persona,
1808 1705 1965 1761 dictuv

2072 1767 2087 1780 _
2118 1695 2297 1767 κρίσιν
2323 1694 2549 1765 ὕστερόν
2575 1713 2706 1751 ποτε
2748 1699 3024 1770 ὀψόμενοι,
3060 1703 3107 1753 εἰ
3152 1701 3258 1772 πρὸ
3299 1701 3400 1770 τῆς
3443 1701 3700 1763 ἀσεϐείας

437 1791 523 1839 est
556 1804 568 1839 :
611 1803 630 1836 ι
666 1766 860 1842 Partiti
905 1796 1036 1843 sunt
1065 1790 1390 1847 vestimenta
1440 1766 1557 1850 mea
1608 1795 1735 1859 sibi,
1768 1774 1822 1850 et
1850 1812 1965 1866 supr

2072 1767 2088 1820 ⁸
2117 1766 2295 1841 αῦτῶν
2321 1786 2661 1856 ἐγεγόνεισαν
2685 1766 3062 1860 πυρίκαυστοι,
3087 1766 3214 1862 πρὶν
3237 1791 3269 1861 ἧ
3295 1766 3389 1844 τὸν
3406 1793 3508 1863 τῆς
3536 1793 3701 1863 μεγά-

437 1882 645 1931 vestem
674 1892 850 1932 meam
882 1880 1152 1934 miserunt
1198 1889 1402 1937 sortem
1436 1883 1504 1948 “,
1554 1902 1573 1934 ι
1615 1894 1669 1938 et
1700 1886 1965 1956 quicunqt

2114 1878 2213 1951 λης
2241 1878 2436 1950 βουλῆς
2460 1880 2687 1949 ἄγγελον
2726 1880 2861 1953 πρὸς
2887 1882 3067 1935 αὐτῶν
3097 1882 3451 1954 άσεϐηθῆναι.
3491 1886 3606 1938 Καὶ
3632 1889 3696 1940 σὺ

436 1968 683 2035 ejusdem
712 1971 1009 2040 impietatis
1058 1989 1121 2026 ac.
1160 1976 1386 2031 sceleris
1414 1977 1965 2048 participes‘l‘uerunl

2110 1971 2167 2023 δὲ
2196 1970 2347 2041 παρὰ
2369 1973 2549 2042 σαυτῷ
2578 1973 2773 2041 σκέψαι
2801 1976 2850 2026 εἰ
2879 1972 2953 2043 μὴ
2984 1973 3303 2044 ὑπερϐαίνει
3322 1977 3505 2028 πᾶσαν
3533 1977 3698 2046 φύσιν

432 2058 599 2132 338
636 2061 741 2127 Qui
775 2063 995 2133 quidem
1025 2065 1153 2120 dum
1182 2067 1393 2137 seipsos
1441 2069 1509 2123 ad
1540 2078 1841 2124 extremum
1883 2086 1965 2126 cor

2110 2059 2411 2131 ἀνθρώπων
2438 2062 2501 2115 τὺ
2526 2063 2600 2133 μὴ
2627 2063 2780 2127 τέλος
2803 2062 2947 2133 ἔχειν
2970 2064 3068 2135 τὴν
3094 2066 3317 2137 εἰρήνην
3341 2067 3508 2120 αὐτοῦ
3535 2066 3696 2136 λέγε-

431 2148 721 2208 demnatos
749 2153 1031 2218 videbunt,
1072 2158 1341 2226 optabunt
1378 2173 1437 2214 se
1469 2170 1595 2215 ante
1630 2161 1789 2215 talem
1824 2162 1965 2231 impii

2111 2151 2255 2216 σθαι,
2283 2153 2375 2206 καὶ
2398 2153 2459 2205 τὸ
2484 2155 2694 2225 πατέρα
2716 2154 3074 2226 ὀνομάζεσθαι
3102 2157 3321 2220 αἰῶνος·
3352 2159 3449 2211 καὶ
3480 2158 3618 2211 αὐτὸ
3637 2160 3696 2213 δὲ

430 2247 597 2295 tatem
653 2243 781 2316 igne
834 2244 1004 2303 fuisse
1043 2249 1381 2315 combustos,
1415 2251 1597 2322 potius
1618 2268 1780 2322 quam
1825 2269 1963 2325 magi

2104 2242 2165 2294 τὸ
2198 2244 2483 2298 καλεῖσθαι
2535 2247 2697 2300 αὑτὸν
2745 2247 2842 2317 οὐχ
2889 2247 3074 2311 ἁπλῶς
3099 2248 3348 2316 ἄγγελον,
3377 2249 3517 2303 ἀλλὰ
3548 2270 3567 2300 ι
3597 2252 3695 2321 τῆς

428 2335 645 2391 consilii
677 2340 930 2409 angelum
964 2357 992 2394 a
1029 2343 1226 2413 seipsis
1257 2345 1519 2399 violatum
1548 2328 1738 2401 fuisse.
1760 2345 1839 2400 Tu
1872 2362 1965 2401 ver

2109 2336 2351 2408 μεγάλης
2379 2337 2574 2408 βουλῆς
2595 2339 2844 2407 ἄγγελον,
2868 2341 2961 2393 καὶ
2986 2340 3121 2394 Θεὸν
3150 2343 3386 2413 ἰσχυρὸν,
3415 2362 3433 2393 ι
3469 2343 3567 2395 καὶ
3597 2343 3696 2396 ὅσα

423 2432 605 2482 tecum
639 2428 757 2499 ipse
788 2432 1078 2489 considera
1106 2451 1235 2489 num
1267 2430 1491 2493 omnem
1519 2438 1809 2493 humanam
1837 2448 1965 2494 natu

2102 2425 2313 2489 τούτοις
2344 2428 2985 2496 συγκαταλέλεκται.’Έτι
3011 2430 3066 2484 δέ
3105 2449 3236 2503 φησι
3268 2432 3333 2485 δι’
3358 2433 3528 2486 αὐτοῦ
3557 2450 3692 2488 κατ-

424 2532 542 2571 ram
571 2523 864 2585 transiliat,
899 2526 1043 2595 quod
1074 2527 1221 2584 illius
1266 2545 1370 2601 pax
1416 2531 1628 2585 nullum
1657 2531 1816 2588 linem
1848 2534 2003 2589 habi-

420 2617 548 2665 tura
577 2628 700 2669 esse
727 2616 965 2681 dicatur,
993 2629 1047 2674 et
1067 2621 1211 2691 quod
1240 2635 1394 2692 pater
1425 2626 1613 2680 saeculi
1650 2626 1996 2694 nominetur;

416 2713 680 2774 praeterea
711 2710 856 2777 quod
888 2728 999 2767 non
1031 2714 1353 2784 simpliciter
1383 2719 1611 2789 angelus
1637 2727 1882 2785 vocetur,
1901 2722 1997 2776 sed

423 2814 445 2847 ι
486 2799 670 2867 magni
702 2803 915 2857 consilii
949 2806 1197 2875 angelus.
1224 2816 1278 2861 et
1301 2807 1447 2864 Deus
1485 2809 1666 2877 fortis,
1709 2832 1728 2863 ι
1764 2820 1819 2867 et
1849 2828 1996 2882 quae-

416 2903 634 2959 cunque
661 2907 769 2946 una
802 2908 925 2946 cum
952 2894 1038 2950 his
1071 2896 1429 2953 adnumerata
1463 2908 1610 2955 sunt.
1637 2899 1770 2956 Item
1794 2903 1869 2957 ait
1895 2920 1993 2974 per

412 2978 568 3034 illum
612 2996 837 3051 regnum
881 2983 1046 3041 David
1075 3002 1198 3042 esse
1246 2989 1776 3064 dirigendum,quod
1809 2996 1988 3066 ipsum

413 3082 547 3124 sane
578 3071 680 3126 hoc
708 3071 978 3143 intelliges
1017 3077 1199 3132 modo.
1240 3078 1477 3136 Plurima
1512 3084 1729 3152 quidem
1754 3102 1816 3141 ea
1860 3096 1988 3142 sunt

410 3175 533 3228 quae
561 3161 668 3231 ipsi
692 3162 857 3219 David
889 3168 1137 3236 promisit
1157 3169 1320 3235 Deus,
1340 3173 1396 3227 in
1425 3176 1624 3244 quibus
1650 3179 1813 3232 etiam
1851 3179 1941 3234 illa
1966 3199 1979 3235 :

412 3269 434 3305 ι
469 3251 536 3306 Ει
565 3269 764 3324 ponam
801 3257 855 3311 in
906 3260 1045 3314 mari
1093 3277 1312 3317 manum
1336 3264 1478 3335 ejus,
1502 3275 1556 3322 et
1584 3267 1641 3322 in
1663 3267 1979 3326 ﬂuminibus

404 3343 687 3402 dexteram
732 3348 870 3419 ejus,
903 3350 1022 3422 ipse
1069 3353 1348 3411 invocabit
1398 3374 1506 3423 me,
1540 3369 1696 3430 pater
1729 3378 1886 3421 meus
1917 3381 1978 3422 es

405 3445 486 3506 tu,
517 3438 663 3497 Deus
698 3458 873 3508 meus,
911 3454 966 3500 et
1013 3456 1301 3519 susceptor
1346 3452 1544 3509 salutis
1592 3470 1746 3520 mere,
1792 3464 1846 3511 et
1878 3473 1977 3530 ego

402 3532 825 3605 primogenitum
855 3551 1053 3607 ponam
1085 3540 1261 3604 illum,
1289 3544 1565 3600 excelsum
1614 3561 1727 3616 pra:
1754 3549 1976 3619 regibus

399 3637 596 3697 terrae,
647 3633 706 3687 in
782 3630 1046 3691 aeternum
1095 3640 1328 3696 servabo
1410 3640 1490 3695 illi
1540 3643 1971 3700 misericordiam

396 3735 601 3785 meam,
636 3730 689 3777 et
719 3733 1106 3783 testamentum
1132 3743 1312 3784 meum
1342 3729 1498 3787 ﬁdele
1526 3732 1653 3802 ipsi,
1686 3741 1739 3790 et
1773 3750 1970 3805 ponam

396 3816 452 3870 in
508 3819 769 3875 saeculum
821 3824 1007 3878 saaculi
1059 3840 1246 3881 semen
1294 3827 1435 3898 ejus,
1472 3836 1527 3883 et
1562 3830 1818 3887 thronum
1850 3834 1969 3903 ejus

394 3906 540 3962 sicut
571 3908 690 3964 dies
719 3912 844 3966 θαιΙὶ
874 3913 935 3966 ⁸⁸.
977 3933 995 3966 ι
1033 3913 1100 3969 Et
1141 3932 1334 3973 rursus
1364 3937 1377 3973 :
1414 3937 1433 3970 ι
1477 3917 1656 3977 Semel
1686 3923 1865 3992 juravi
1911 3926 1967 3980 in

394 4007 591 4054 sancto
623 4017 765 4068 meo,
792 4003 840 4060 si
875 4003 1046 4061 David
1077 4010 1332 4073 mentiar,
1356 4026 1545 4067 semen
1570 4012 1693 4083 ejus
1723 4016 1780 4069 in
1808 4022 1966 4071 aster-

391 4104 524 4143 num
558 4094 822 4157 manebit,
855 4104 911 4151 et
956 4097 1192 4155 thronus
1238 4100 1359 4170 ejus
1407 4102 1549 4158 sicut
1607 4105 1689 4160 sol
1742 4106 1800 4160 in
1832 4120 1965 4161 con-

390 4194 581 4250 spectu
611 4199 753 4250 meo,
786 4195 840 4242 et
874 4188 1015 4244 sicut
1040 4191 1169 4245 luna
1213 4192 1453 4262 perfecta
1484 4194 1542 4250 in
1573 4203 1834 4252 aeternum
1858 4200 1956 4256 ⁸⁸.»

388 4275 525 4331 Cum
552 4278 606 4333 in
646 4277 875 4338 Psalmis
912 4282 1054 4339 Deus
1085 4285 1188 4355 ipsi
1215 4285 1383 4343 David
1405 4298 1515 4344 tam
1552 4291 1722 4344 multa
1751 4294 1959 4362 promi-

388 4367 542 4433 serit,
565 4374 844 4428 contraria
868 4382 1049 4431 tamen
1076 4376 1144 4433 iis
1176 4393 1298 4448 quae
1329 4382 1601 4449 promissa
1640 4393 1790 4450 sunt,
1811 4386 1957 4443 illius

385 4464 807 4521 successoribus
860 4468 1111 4525 evenisse
1168 4479 1384 4527 constat
1433 4483 1656 4546 propter
1713 4477 1956 4548 ipsorum
1990 4486 2035 4540 ι)

385 4553 713 4624 impietates.
760 4557 973 4614 Etenim
1026 4578 1152 4616 cum
1196 4579 1264 4620 ex
1312 4567 1522 4623 semine
1571 4568 1740 4625 David
1805 4588 1958 4644 reges

380 4663 557 4725 usque
603 4651 670 4705 ad
728 4652 1043 4709 Jechoniam
1100 4663 1154 4710 et
1208 4673 1382 4729 usque
1442 4661 1512 4716 ad
1570 4661 1954 4735 Babylonicam

377 4740 564 4808 templi
588 4742 929 4802 obsidionem
960 4753 1382 4818 permanserint,
1409 4754 1498 4808 ubi
1519 4755 1623 4810 hoc
1650 4756 1827 4827 ipsum
1861 4774 1955 4813 ac-

375 4830 528 4896 cidit,
556 4839 671 4888 tum
694 4851 824 4892 vero
864 4837 1196 4897 dissolutum
1244 4852 1330 4899 est
1381 4860 1631 4916 regnum,
1656 4848 1793 4904 adeo
1824 4851 1951 4919 qui-

371 4921 516 4988 dem,
551 4933 611 4979 ut
640 4942 706 4981 ex
735 4928 829 4983 illo
862 4937 1106 5003 tempore
1135 4950 1244 4989 non
1275 4936 1508 5006 amplius
1552 4938 1710 4995 sedes
1755 4939 1945 5007 David,

369 5030 547 5087 neque
593 5019 661 5075 de
706 5022 915 5079 semine
955 5025 1077 5094 ejus
1120 5028 1409 5099 quisquam
1467 5031 1610 5101 apud
1661 5032 1946 5090 Judaicam

369 5117 584 5174 gentem
629 5114 960 5182 regnaverit,
992 5122 1047 5170 et
1080 5116 1220 5174 hanc
1248 5119 1467 5188 quidem
1502 5137 1689 5177 earum
1735 5139 1940 5190 rerum,

364 5212 506 5265 quae,
545 5208 605 5253 ut
647 5204 895 5272 proxime
933 5207 1110 5276 posita
1154 5210 1351 5277 psalmi
1398 5212 1666 5281 particula
1719 5214 1946 5271 demon»

362 5307 523 5367 strat,
558 5303 664 5375 ipsi
695 5304 865 5364 David
887 5313 1177 5381 promissa:
1205 5321 1354 5380 sunt,
1377 5314 1673 5386 jacturam,
1702 5315 1939 5390 Spiritus

362 5403 581 5465 divinus
615 5411 671 5466 in
704 5412 849 5470 hunc
874 5417 1099 5473 modum
1131 5419 1279 5476 canit
1315 5439 1331 5478 :
1373 5441 1392 5474 ι
1426 5422 1509 5479 Tu
1533 5440 1664 5481 vero
1688 5427 1934 5496 repulisti

363 5516 417 5560 ct
455 5510 777 5584 despexisti,
827 5518 1094 5579 distulisti
1147 5525 1427 5584 Christum
1480 5537 1657 5596 tuum,
1691 5534 1934 5589 evertisti

356 5620 745 5676 testamentum
777 5628 920 5682 servi
952 5630 1051 5693 tui,
1079 5631 1383 5701 profanasti
1411 5637 1466 5691 in
1494 5645 1638 5694 terra
1673 5649 1929 5695 sanctua-

2101 2514 2507 2589 ορθωθήσεσθαι
2544 2520 2643 2591 τὴν
2678 2520 2772 2573 τοῦ
2823 2522 2985 2575 Δαὸὶδ
3032 2522 3328 2591 βασιλείαν,
3363 2524 3391 2577 ὃ
3422 2525 3523 2578 καὶ
3560 2527 3692 2579 αὐτὸ

2098 2605 2286 2659 τοῦτον
2333 2609 2544 2677 νοήσεις
2583 2608 2674 2661 τὸν
2716 2609 2935 2679 τρόπον.
2978 2610 3229 2664 Πλεῖσται
3268 2612 3389 2665 ὅσαι
3415 2611 3500 2681 τῷ
3525 2612 3692 2665 Δαϐιδ

2097 2697 2384 2763 γεγόνασιν
2411 2700 2752 2768 ἐπαγγελίαι,
2780 2702 2839 2753 ἐν
2871 2696 2959 2765 αἷς
2977 2701 3188 2773 εἴρηται
3209 2720 3222 2732 ·
3255 2722 3274 2753 ί
3307 2704 3417 2755 Καὶ
3446 2702 3692 2774 θήσομαι

2095 2789 2153 2851 ἐν
2180 2789 2422 2864 θαλάσσῃ
2466 2794 2623 2863 χεῖρα
2662 2792 2844 2859 αὐτοῦ,
2875 2795 2965 2847 καὶ
2992 2797 3050 2847 ἐν
3078 2797 3341 2865 ποταμοῖς
3369 2795 3558 2863 δεξιὰν
3590 2800 3690 2851 αὑ-

2091 2881 2207 2934 τοῦ.
2245 2882 2415 2945 Αὐτὸς
2443 2884 2824 2939 ἐπικαλέσεταί
2854 2903 2952 2957 με*
2986 2888 3178 2960 Πατήρ
3213 2906 3311 2960 μου
3345 2884 3396 2941 εἴ
3428 2890 3521 2953 σὺ,
3548 2890 3690 2956 Θεὸς

2098 2991 2200 3043 μου
2247 2975 2338 3028 καὶ
2368 2975 2712 3048 ἀντιλήπτωρ
2737 2978 2838 3048 τῆς
2872 2980 3145 3051 σωτηρίας
3171 2999 3291 3051 μου.
3326 2981 3500 3050 Κάγὼ
3528 3000 3686 3054 πμ»-

2092 3067 2313 3121 τότοκον
2359 3066 2593 3139 θήσομαι
2636 3071 2819 3136 αὑτὸν,
2851 3072 3052 3143 ὑψηλὸν
3081 3072 3229 3145 παρὰ
3255 3076 3368 3138 τοῖς
3390 3075 3685 3145 βασιλεῦσι

2090 3156 2189 3226 τῆς
2227 3157 2351 3227 γῆς.
2381 3160 2475 3223 Εἰς
2520 3159 2612 3213 τὸν
2653 3162 2824 3215 αἰῶνα
2853 3162 3071 3232 φυλάξω
3096 3163 3244 3235 αὑτῷ
3272 3166 3332 3218 τὸ
3358 3165 3510 3229 ἔλεός
3548 3185 3681 3238 μου,

2090 3250 2182 3302 καί
2209 3251 2241 3320 ἡ
2267 3250 2495 3323 διαθήκη
2539 3270 2638 3323 μου
2672 3255 2835 3327 πιστὴ
2876 3256 3042 3327 αὐτῷ.
3080 3258 3192 3312 Καὶ
3214 3258 3448 3332 θήσομαι
3472 3263 3560 3325 εἰς
3586 3263 3684 3316 τὸν

2087 3339 2257 3394 αἰῶνα
2304 3341 2397 3395 τοῦ
2431 3343 2625 3408 αἰῶνος
2651 3344 2712 3398 τὸ
2747 3346 2966 3418 σπέρμα
2993 3349 3179 3415 αὐτοῦ,
3207 3352 3301 3405 καὶ
3338 3352 3428 3406 τὸν
3478 3352 3685 3425 θρόνον

2086 3431 2269 3496 αὐτοῦ,
2297 3433 2372 3497 ὡς
2413 3433 2511 3498 τὰς
2551 3436 2764 3507 ἡμέρας
2818 3436 2913 3491 τοῦ
2963 3440 3213 3505 οὐρανοῦ.
3245 3462 3263 3494 ι
3318 3444 3429 3497 Καὶ
3474 3441 3677 3510 αὖθις·

2088 3542 2107 3574 ι
2124 3523 2304 3589 Ἂπαξ
2327 3524 2516 3597 ὤμοσα
2532 3527 2679 3598 ἐντῷ
2706 3529 2847 3600 ἁγίῳ
2877 3548 2999 3602 μου,
3016 3532 3159 3604 εἰτῷ
3181 3534 3341 3587 Δαϐὶδ
3365 3535 3679 3607 ψεύσομαι,

2080 3614 2140 3668 τὸ
2167 3617 2388 3688 σπέρμα
2410 3619 2573 3672 αὑτοῦ
2605 3621 2685 3684 είς
2723 3622 2815 3675 τὸν
2865 3624 3034 3677 αἰῶνα
3085 3629 3252 3696 μενεῖ,
3287 3628 3381 3680 καὶ
3410 3629 3440 3681 ὁ
3474 3628 3683 3701 θρόνος

2079 3708 2244 3760 αὑτοῦ
2275 3709 2553 3782 ὼςὸἥλιος
2584 3713 2827 3769 ἐναντίον
2854 3733 2977 3785 μου,
3010 3717 3104 3771 καὶ
3131 3719 3206 3783 ὡς
3236 3722 3268 3789 ἡ
3299 3719 3494 3790 σελήνη
3526 3738 3677 3776 κατ·-

2077 3800 2376 3872 ηρτισμένη
2400 3805 2481 3866 είς
2500 3804 2592 3858 τὸν
2617 3805 2807 3859 αἰῶνα.
2847 3827 2865 3858 ι
2905 3808 3153 3863 Τοσαῦτα
3184 3812 3241 3864 ἐν
3273 3814 3383 3875 τοίς
3408 3812 3676 3883 Ψαλμοῖς

2075 3890 2169 3944 τοῦ
2213 3892 2347 3947 Θεοῦ
2389 3895 2467 3966 τῷ
2499 3897 2662 3951 Δαὸἰδ
2696 3901 3122 3972 ἐπηγγελμένον,
3158 3903 3414 3957 τάναντία
3457 3908 3673 3977 συνέϐη

2072 3988 2192 4050 ταῖς
2224 3987 2575 4057 ἐπαγγελίαις
2607 3992 2851 4046 ἐπελθεῖν
2898 3994 2983 4048 διὰ
3017 3995 3114 4060 τὰς
3136 3996 3244 4050 τῶν
3269 3997 3528 4069 διαδόχων
3566 4001 3674 4055 αὑ-

2070 4077 2167 4131 τοῦ
2213 4079 2632 4147 δυσσεϐείας.Ἡ
2675 4085 2804 4153 γοῦν
2838 4086 2902 4140 ὲκ
2943 4088 3257 4159 σπέρματος
3300 4090 3466 4143 Δαόἰδ
3501 4090 3673 4162 βασι-

2071 4170 2209 4236 λεία,
2240 4172 2571 4245 διαρκέσασα
2607 4176 2799 4248 μέχρις
2829 4178 3073 4248 Ἰεχονίου
3102 4180 3318 4251 καὶτῆς
3339 4181 3445 4235 ὑπὸ
3471 4182 3671 4238 Βαϐυ-

2068 4262 2277 4328 λωνίοις
2322 4266 2415 4318 τοῦ
2461 4267 2617 4337 ἱεροῦ
2646 4269 2979 4340 πολιορκίας,
3012 4271 3214 4336 λέλυτο,
3244 4274 3320 4337 ὡς
3351 4273 3411 4341 ἐξ
3437 4275 3669 4331 ἐκείνου

2071 4357 2266 4427 μηκέτι
2292 4357 2382 4410 τὸν
2407 4357 2592 4430 θρόνον
2619 4360 2801 4424 Δαὸὶδ,
2823 4362 2957 4432 μηδὲ
2981 4365 3107 4427 τοὺς
3132 4366 3196 4416 ἐκ
3221 4365 3536 4436 σπέρματος
3554 4369 3669 4420 αὺ-

2064 4445 2158 4499 τοῦ
2188 4448 2500 4518 βασιλεῦσαι
2545 4450 2639 4504 τοῦ
2679 4451 2943 4506 Ἰουδαίων
2979 4453 3184 4519 ἔθνους.
3211 4456 3320 4508 Καὶ
3350 4456 3565 4530 ταύτην
3594 4475 3665 4527 γε

2064 4541 2167 4612 τὴν
2213 4543 2510 4615 γενομένην
2541 4544 2837 4599 διάπτωσιν
2868 4547 2967 4617 τῆς
2992 4548 3129 4617 πρὸς
3160 4550 3251 4603 τὸν
3278 4549 3444 4604 Δαϐὶδ
3471 4554 3664 4622 ἐπαγ-

2063 4633 2250 4702 γελίας
2277 4636 2418 4689 κατὰ
2439 4637 2537 4707 τήν
2558 4638 2956 4712 προειρημένην
2982 4641 3077 4695 τοῦ
3099 4640 3315 4714 ψαλμοῦ
3342 4645 3659 4716 παράθεσιν

2060 4726 2122 4778 τὸ
2155 4727 2295 4781 θεῖον
2324 4721 2426 4781 ὧδέ
2475 4747 2591 4795 πως
2623 4730 2850 4803 Πνεῦμα
2876 4732 3119 4799 θεσπίζει
3142 4752 3155 4767 ο
3195 4756 3215 4787 1
3245 4738 3317 4790 Σὺ
3342 4737 3400 4790 δέ
3432 4739 3658 4797 ἀπώσω

2059 4818 2152 4871 καὶ
2185 4817 2565 4886 ἐξουδένωσας,
2608 4823 2866 4877 άνεϐάλου
2918 4826 3009 4879 τὸν
3049 4829 3281 4898 Χριστόν
3327 4846 3457 4884 σοῦ’
3505 4850 3654 4887 κατ-

2057 4908 2328 4983 έστρεψας
2358 4913 2458 4985 τὴν
2495 4913 2761 4986 διαθήκην
2793 4918 2886 4971 τοῦ
2914 4918 3100 4972 δούλου
3145 4937 3260 4985 σου,
3288 4920 3652 4993 ἐόεόήλωσας

2054 5003 2134 5065 εἰς
2164 5001 2263 5072 τὴν
2288 5002 2388 5074 γῆν
2415 5003 2476 5055 τὸ
2513 5005 2756 5077 ἁγίασμα
2776 5007 2941 5061 αὐτοῦ
2963 5026 2976 5038 ·
3010 5008 3256 5076 καθεῖλες
3281 5012 3491 5076 πάντας
3508 5017 3651 5081 τοὺς

2055 5096 2342 5164 φραγμοὺς
2374 5097 2538 5150 αὐτοῦ
2558 5114 2571 5127 ·
2616 5118 2635 5148 ι
2666 5100 2759 5153 καὶ
2794 5103 2910 5171 μετ’
2942 5100 3094 5171 ὀλίγα
3113 5120 3127 5133 ·
3163 5122 3182 5153 ι
3208 5104 3310 5157 Τὸν
3331 5105 3523 5176 θρόνον
3548 5110 3651 5162 αὑ-

2049 5184 2143 5237 τοῦ
2179 5188 2258 5248 εἰς
2286 5186 2384 5258 τὴν
2425 5189 2528 5259 γῆν
2562 5190 2922 5263 κατέρῤαξας,
2958 5194 3288 5266 ἐσμίκρυνας
3347 5197 3448 5260 τὰς
3492 5200 3645 5271 ἠμέ-

2051 5292 2149 5346 ρας
2204 5275 2300 5329 τοῦ
2362 5279 2555 5351 χρόνου
2620 5282 2813 5347 αὑτοῦ,
2884 5285 3150 5355 κατέχεας
3209 5286 3374 5340 αὐτοῦ
3436 5291 3647 5362 αἰσχύ-

2046 5384 2163 5438 νην.
2195 5371 2296 5423 ›Ἃ
2340 5373 2434 5425 καὶ
2479 5373 2723 5446 ἐναργῶς
2771 5374 3053 5447 ἀρξάμενα
3096 5378 3463 5436 συντελεῖσθαι
3516 5384 3643 5438 ἀπὸ

2040 5459 2141 5531 τῆς
2192 5455 2277 5527 εἰς⁹
2315 5462 2609 5519 Βαδυλῶνα
2646 5469 3020 5539 αἰχμαλωσίας
3041 5470 3134 5524 τοῦ
3163 5470 3293 5526 λαοῦ
3324 5473 3488 5546 μέχρι
3520 5476 3641 5548 τῆς

2052 5554 2340 5625 Ῥωμαίων
2376 5557 2470 5611 καὶ
2506 5557 2757 5631 Τιϐερίου
2793 5562 3136 5637 παρεξετάθη
3184 5565 3479 5637 βασιλείας.
3508 5570 3636 5624 Οὖ-

2038 5642 2150 5708 δείς
2174 5644 2304 5715 γοῦν
2338 5648 2402 5700 ἐκ
2444 5649 2543 5718 τῆς
2583 5648 2676 5702 τοῦ
2718 5653 2881 5706 Δασίδ
2921 5655 3169 5730 διαδοχῆς
3190 5657 3248 5713 ἐν
3268 5661 3381 5723 τοῖς
3409 5660 3638 5732 μεταξῦ

429 5706 641 5765 "Psal.
674 5728 789 5784 χιι,
821 5718 928 5789 58;
972 5721 1159 5783 Matth.
1198 5743 1368 5797 xxvu,
1407 5729 1496 5787 55.
1565 5734 1622 5836 '1"
1650 5732 1796 5792 Psal.
1829 5751 2099 5803 Lxxxvm,
2128 5706 2319 5801 θθ-ὅθ.
2365 5706 2617 5831 ibid.
2653 5745 2835 5807 36-58.
