3902 6264
294 276 413 336 535

1213 275 1863 340 DEMONSTRATIONIS
1896 278 2355 337 EVANGELICAS
2390 278 2517 337 LIB.
2560 275 2678 338 Vir.

3431 280 3555 345 εδδ

292 394 518 467 χρόνοις
585 392 827 467 φαίνεται
872 396 967 451 ὲπί
1017 395 1108 453 τὸν
1160 397 1435 469 βασιλικὸν
1483 398 1577 453 τοῦ
1613 399 1858 473 Ἐϐραίωπ

1943 399 2119 472 _rium
2157 399 2297 469 ejus,
2334 397 2650 455 destruxisti
2704 412 2896 455 omnes
2953 413 3109 474 sepes
3155 394 3277 471 ejus
3314 399 3380 456 “.
3420 419 3440 454 ι
3473 399 3539 455 Et

290 487 485 553 ἔθνους
551 489 835 555 καθεσθεὶς
888 489 1075 561 θρόνον
1128 491 1288 566 μέχρι
1346 493 1444 566 τῆς
1491 491 1586 548 τοῦ
1635 495 1868 567 Χριστοῦ

290 580 619 652 παρουσίας.
652 581 760 636 Τοῦ
808 582 865 636 δὲ
910 584 974 637 ἐκ
1018 572 1327 657 σπέρματος
1373 585 1536 640 Δαϐὶδ
1580 588 1868 659 γενομένου

289 672 505 743 Κυρίου
520 662 631 728 ’καὶ
673 674 927 748 Σωτῆρος
948 676 1103 749 ήμῶν
1144 677 1318 749 Ἰησοῦ
1345 679 1581 753 Χριστοῦ
1609 679 1868 751 βασιλέως

284 765 387 819 ἐπὶ
433 768 617 822 πᾶσαν
656 764 764 837 τὴν
792 770 1111 842 οἰκουμένην
1164 772 1650 846 ἀνακηρυχθέντος,
1682 772 1868 844 ὥσπερ

280 857 400 911 ἀπὸ
443 859 554 929 γῆς
596 861 688 915 καὶ
720 860 1009 933 πτώματος
1049 864 1369 931 ἀνανεωθεὶς
1408 864 1568 930 αὐτὸς
1611 867 1814 928 ἐκεῖνος
1838 866 1866 919 6

279 949 481 1021 θρόνος
511 952 676 1007 Δαϐὶδ
706 952 793 1007 διά
828 954 929 1026 τῆς
959 954 1053 1009 τοῦ
1084 957 1334 1029 Σωτῆρος
1375 957 1528 1029 ἡμῶν
1555 957 1734 1012 ἐνθέου
1770 955 1865 1028 βα-

277 1041 500 1108 σιλείας
542 1043 879 1116 ἀνώρθωται,
914 1048 1007 1101 καὶ
1049 1048 1288 1121 διαμενεῖ
1315 1052 1395 1114 είς
1434 1050 1524 1103 τὸν
1556 1050 1744 1114 αἰῶνα,
1773 1049 1865 1103 καὶ

274 1135 457 1189 εἰσέτι
490 1153 578 1206 γε,
619 1139 695 1202 ὡς
724 1140 754 1193 6
785 1139 934 1210 ἥλιος
972 1141 1210 1196 ἐναντίον
1242 1141 1334 1196 τοῦ
1362 1141 1517 1208 Θεοῦ,
1549 1143 1648 1214 τὴν
1686 1144 1863 1197 πᾶσαν

271 1228 664 1301 καταλάμπων
695 1232 1013 1304 οἰκουμένην
1036 1236 1154 1299 ταῖς
1187 1235 1365 1289 ἀκτῖσι
1412 1234 1505 1289 τοῦ
1549 1235 1721 1305 φωτὸς
1762 1234 1861 1307 τῆς

268 1317 633 1386 διδασκαλίας
663 1323 850 1389 αὑτοῦ,
884 1324 1188 1390 ἀκολούθως
1222 1329 1287 1398 τῇ
1314 1344 1373 1380 τε
1406 1326 1622 1381 ἀπὸτοῦ
1644 1327 1860 1400 ψαλμοῦ

270 1414 585 1487 μαρτυρίᾳ,
620 1418 715 1470 καὶ
749 1417 845 1471 τοῦ
875 1419 1014 1491 μετά
1058 1423 1244 1492 χεῖρας
1273 1422 1571 1492 προφήτου,
1607 1422 1734 1493 περὶ
1765 1421 1858 1477 τοῦ

264 1505 750 1578 γεννηθησομένου
777 1510 990 1564 παιδίου
1017 1511 1280 1581 λέγοντος,
1307 1513 1399 1567 ἐπὶ
1425 1512 1516 1566 τὸν
1547 1513 1732 1587 θρόνον
1753 1515 1858 1570 Δα-

262 1592 383 1661 ϐὶδ,
422 1596 623 1669 δηλαδὴ
644 1600 735 1654 τὸν
769 1601 984 1656 αἰώνιον
1009 1605 1103 1658 καὶ
1129 1605 1344 1677 διαρκῆ,
1367 1605 1456 1659 τὸν
1481 1605 1544 1677 δὴ
1570 1607 1663 1660 καὶ
1688 1609 1860 1677 ἐπηγ-

260 1687 542 1758 γελμένον
573 1689 650 1761 τῷ
678 1692 845 1745 Δαϐὶδ
868 1694 1295 1765 καθεσθήσεσθαι
1330 1695 1489 1749 αὑτὸν
1520 1696 1611 1750 ἐπὶ
1644 1695 1739 1769 τὴν
1764 1695 1859 1767 βα-

1970 497 2094 563 post
2120 504 2295 561 pauca
2327 508 2340 545 :
2379 508 2400 542 ι
2443 487 2637 546 Sedem
2666 489 2786 561 ejus
2813 489 2870 545 in
2899 490 3103 548 terram
3132 490 3404 559 collisisti,
3434 491 3537 547 mi-

1971 582 2137 639 nuisti
2162 581 2277 639 dies
2301 581 2561 653 temporis
2586 580 2726 653 ejus,
2771 581 3060 654 perfudisti
3102 597 3225 638 eum
3254 580 3537 639 confusio-

1970 689 2036 728 ne
2064 675 2130 727 ⁸⁷.
2173 692 2191 727 ι
2221 673 2352 741 Quae
2383 675 2567 729 omnia
2626 689 2750 729 cum
2796 672 2911 745 jam
2961 673 3147 746 perfici
3208 674 3546 747 inceperint,‘

1968 766 2119 821 abeo
2150 774 2395 837 tempore
2424 781 2533 837 quo
2565 766 2797 837 populus
2829 766 2885 821 in
2929 765 3259 839 Babylonem
3288 767 3539 838 captivus

1966 858 2163 915 ductus
2194 867 2296 924 est,
2325 874 2499 930 usque
2531 858 2600 914 ad
2643 858 3011 915 Romanorum
3032 866 3087 915 et
3117 858 3324 917 Tiberii
3364 861 3541 930 impe-

1964 949 2105 1004 rium
2132 951 2345 1021 prolata
2389 962 2753 1023 provectaque
2802 958 2945 1008 sunt.
2978 950 3140 1023 339
3165 951 3358 1009 Nullus
3387 952 3534 1008 enim

1963 1054 2029 1094 ex
2071 1056 2270 1112 genere
2321 1040 2489 1097 David
2542 1040 2647 1097 hoc
2675 1049 2790 1097 toto
2827 1040 3154 1097 intermedio
3199 1050 3443 1115 tempore
3477 1041 3533 1095 in

1962 1131 2242 1189 Hebraicae
2272 1135 2449 1205 gentis
2490 1136 2641 1207 regia
2696 1134 2824 1191 sede
2851 1133 3068 1191 videtur
3103 1133 3332 1199 sedisse,
3357 1151 3533 1206 usque

1963 1224 2030 1279 ad
2052 1226 2257 1282 Christi
2278 1226 2591 1282 adventum.
2616 1225 2721 1282 Ubi
2751 1241 2881 1283 vero
2913 1227 3174 1283 Dominus
3200 1236 3255 1283 et
3287 1225 3532 1281 Salvator

1960 1324 2149 1374 noster
2178 1315 2338 1374 Jesus
2385 1317 2659 1385 Christus,
2693 1319 2786 1389 qui
2813 1318 2883 1374 de
2936 1319 3144 1374 semine
3175 1317 3346 1374 David
3377 1325 3531 1374 ortus

1959 1415 2066 1474 est,
2107 1407 2165 1463 in
2203 1415 2377 1464 totum
2402 1411 2590 1465 orbem
2621 1424 2720 1465 rex
2753 1410 3109 1466 denuntiatus
3137 1416 3243 1476 est,
3268 1416 3531 1481 tanquam

1958 1515 2022 1556 ea
2051 1516 2173 1573 quae
2214 1500 2284 1557 de
2312 1509 2460 1558 terra
2490 1512 2545 1558 et
2578 1500 2737 1557 ruina
2788 1502 3092 1559 instaurata
3150 1503 3242 1569 sit,
3271 1504 3388 1573 ipsa
3438 1502 3534 1559 illa

1958 1596 2115 1653 sedes
2143 1595 2313 1651 David
2347 1612 2444 1668 per
2470 1597 2716 1653 divinum
2750 1597 3051 1656 Salvatoris
3097 1596 3273 1652 nostri
3302 1611 3531 1668 regnum

1958 1695 2139 1744 erecta
2160 1697 2263 1754 est,
2292 1696 2349 1744 et
2372 1690 2713 1760 permanebit
2740 1692 2793 1745 in
2835 1697 3124 1755 aeternum,
3161 1688 3329 1745 veluti
3363 1687 3445 1743 sol
3471 1688 3529 1744 in

262 1778 489 1834 σιλείαν
531 1783 716 1846 αὐτοῦ,
745 1785 1087 1858 κατορθῶσαι
1134 1786 1301 1859 αὐτὴν
1351 1788 1444 1841 καὶ
1476 1788 1853 1842 ἀντιλαϐέσθαι

1956 1787 2253 1851 conspectu
2289 1779 2405 1845 Dei,
2456 1780 2603 1837 illius
2635 1782 2798 1837 .lucis
2846 1780 3035 1845 radiis,
3064 1795 3226 1851 quam
3278 1779 3529 1835 doctrina

255 1871 322 1924 ἐν
359 1871 598 1943 κρίματι
646 1872 740 1926 καὶΙ
786 1872 1096 1948 δικαιοσύνῃ
1138 1877 1244 1930 ἀπὸ
1275 1876 1370 1931 τοῦ
1404 1877 1498 1933 νῦν
1530 1879 1621 1931 καὶ
1650 1880 1731 1942 εἰς
1762 1880 1852 1932 τὸν

255 1960 667 2028 αἰῶνα.”οπως
696 1965 754 2017 δὲ
777 1965 948 2020 ταῦτα
980 1967 1301 2039 ἐπληροῦτο,
1325 1969 1639 2035 διδάσκαλος
1660 1972 1852 2040 γένοιτ’

254 2055 329 2109 ἀν
386 2056 689 2129 ἀξιόχρεως
743 2060 979 2132 Γαϐριὴλ
1025 2062 1054 2114 6
1100 2061 1330 2130 ἄγγελος
1370 2064 1429 2118 ἐν
1476 2063 1553 2134 τῷ
1586 2065 1721 2136 πρὸς
1754 2065 1852 2137 τὴν

256 2148 553 2221 Παρθένον
601 2153 965 2225 χρηματισμῷ
1016 2155 1266 2227 φάσκων·
1329 2176 1347 2207 ι
1377 2156 1469 2229 Μὴ
1514 2156 1698 2225 φοϐοῦ,
1733 2159 1853 2211 Μα-

258 2242 444 2313 ριάμο
473 2237 632 2315 εὗρες
665 2244 775 2316 γὰρ
807 2246 963 2319 χάριν
997 2247 1146 2319 παρά
1177 2246 1256 2319 τῷ
1286 2247 1433 2319 Θεῐξν
1464 2250 1556 2302 καὶ
1585 2249 1691 2302 ἰδοὺ
1728 2249 1850 2303 συλ-

253 2332 415 2407 λήιέαῃ
446 2336 507 2389 ἐν
531 2337 749 2408 γαστρὶ,
770 2338 861 2391 καὶ
883 2338 1013 2413 τέξῃ
1038 2341 1170 2404 υἱὸν,
1205 2342 1298 2394 καὶ
1322 2341 1569 2405 καλέσεις
1598 2343 1657 2395 τὸ
1682 2344 1849 2412 ὄνομα

251 2425 435 2479 αὐτοῦ
469 2428 698 2501 Ἰησοῦν.
732 2426 898 2495 Οὗτος
932 2431 1081 2485 ἔσται
1113 2433 1305 2504 μέγας,
1328 2434 1419 2487 καὶ
1451 2435 1564 2497 υἱὸς
1594 2435 1847 2504 Ὑψίστου

250 2516 622 2591 κληθήσεται,
663 2524 758 2576 καὶ
789 2522 949 2577 δώσει
978 2524 1127 2594 αὐτῷ
1156 2525 1360 2597 Κύριος
1385 2528 1414 2579 6
1445 2527 1578 2591 Θεὸς
1602 2528 1692 2581 τὸν
1721 2528 1846 2600 θρό-

248 2626 347 2664 νον
385 2611 557 2666 Δαϐὶδ
591 2614 684 2666 τοῦ
715 2616 920 2687 πατρὸς
954 2618 1139 2683 αὐτοῦ,
1167 2619 1260 2673 καὶ
1296 2618 1600 2689 βασιλεύσει
1632 2621 1723 2674 ἐπὶ
1755 2621 1845 2673 τὸν

245 2697 412 2757 οἷκον
455 2703 652 2758 Ἰακὼϐ
684 2708 765 2770 εἰς
790 2707 881 2761 τὸν
914 2709 1105 2775 αἰῶνα,
1131 2713 1224 2765 καὶ
1249 2711 1350 2782 τῆς
1377 2711 1651 2783 βασιλείας
1680 2711 1844 2765 αὐτοῦ

245 2797 356 2849 οὐκ
388 2796 548 2850 ἔσται
572 2798 743 2863 τέλος.
778 2820 796 2850 ι
833 2802 1047 2873 Ταύτην
1086 2806 1142 2857 ἐν
1174 2803 1252 2873 τῷ
1296 2804 1677 2877 προειρημένῳ
1707 2803 1864 2887 ψαλη

249 2888 342 2959 μῷ
371 2890 476 2943 καὶ
507 2891 536 2943 ὁ
572 2893 854 2964 προφήτης
888 2894 1196 2964 προσδοκῶν
1232 2897 1331 2967 τὴν
1359 2895 1452 2949 τοῦ
1480 2896 1713 2968 Χριστοῦ
1748 2896 1842 2965 γέ-

245 2996 426 3045 νεσιν,
458 2983 560 3052 τήν
596 2999 652 3035 τε
690 2984 981 3056 ὑπέρθεσιν
1008 2987 1197 3057 αὐτῆς,
1233 2988 1324 3040 καὶ
1363 2987 1626 3059 ἀναϐολὴν
1655 2987 1843 3061 ὥσπερ

244 3071 441 3125 αἰτίαν
492 3074 732 3146 συνορῶν
775 3077 872 3147 τῆς
913 3076 1007 3131 τοῦ
1035 3078 1224 3150 θρόνου
1258 3079 1419 3131 Δαϐὶδ
1451 3078 1836 3145 ἀποπτὼσεως,

244 3164 633 3219 ἀποδυσπετεῖ
655 3167 827 3236 λέγων
847 3187 859 3198 ·
890 3189 909 3221 ι
937 3171 1007 3223 Σὺ
1028 3170 1084 3223 δὲ
1108 3170 1312 3224 ἀπώσω
1338 3171 1430 3224 καὶ
1458 3171 1836 3236 ἐξουδένωσας,

243 3257 525 3312 ἀνεϐάλου
554 3259 646 3311 τὸν
674 3261 905 3331 Χριστόν
940 3278 1056 3315 σου.
1090 3281 1109 3313 ›
1150 3262 1382 3335 Εὗχεται
1413 3264 1470 3317 δὲ
1501 3263 1686 3336 ὥσπερ
1719 3264 1843 3317 δυσ-

240 3347 423 3401 ωπῶν
470 3347 535 3400 τὸ
576 3348 748 3414 Θεῖον,
848 3351 1013 3420 τάχος
1047 3351 1399 3423 πληρωθῆναι
1438 3353 1507 3407 τά
1541 3354 1642 3423 τῆς
1670 3356 1842 3422 ἐπαγ-

242 3438 465 3507 γελίας,
498 3439 723 3508 φάσκων
749 3458 762 3470 '
798 3462 815 3492 ι
845 3440 957 3509 Ποῦ
999 3445 1114 3496 ἐστι
1145 3445 1211 3498 τὲ
1241 3446 1363 3517 ὲλέη
1397 3463 1489 3499 σου
1518 3446 1585 3499 τὰ
1618 3448 1838 3519 ἀρχαῖα,

241 3528 454 3602 Κύριε,
492 3529 530 3583 ἃ
562 3530 777 3602 ὤμοσας
810 3532 889 3603 τῷ
915 3533 1079 3587 Δαϐὶδ
1123 3537 1179 3589 ἐν
1228 3538 1293 3607 τῇ
1325 3536 1553 3608 ἀληθείᾳ
1583 3553 1710 3601 σου;
1745 3556 1762 3588 ›
1802 3536 1839 3591 δι

239 3618 305 3696 δὴ
366 3621 689 3689 σαφέστατα
741 3624 835 3677 καὶ
885 3624 1025 3678 αύτά
1074 3626 1137 3697 δὴ
1188 3626 1359 3681 ταῦτα
1385 3627 1837 3699 πληρωθήσεσθαι

239 3712 337 3765 ἐπὶ
364 3715 439 3783 τῇ
470 3713 683 3782 γενέσει
711 3714 804 3768 τοῦ
838 3715 937 3787 τῆς
975 3716 1214 3788 μεγάλης
1246 3718 1441 3789 βουλῆς
1474 3720 1704 3788 ἀγγέλου
1749 3720 1837 3773 θε-

243 3804 473 3870 σπίζειο
520 3806 635 3876 Ἐφ’
659 3800 703 3874 ᾧ
747 3806 1056 3879 θελήσουσι,
1085 3810 1268 3881 φησὶν,
1299 3812 1347 3863 οἱ
1376 3812 1837 3883 προαποδοθέντες

204 3903 289 3954 .εἰ
329 3899 683 3971 ἐγενήθησαν
747 3902 1127 3974 πυρίκαυστον
1161 3922 1182 3955 t
1229 3904 1359 3958 διότι
1419 3906 1627 3960 παιδίον
1678 3908 1832 3976 ἐγεν-

239 3993 383 4065 νήθη
421 3995 580 4064 ἡμῖν,
616 3994 709 4047 καὶ
746 3994 858 4059 υίὸς
885 3994 1037 4065 ἐδόθη
1073 3998 1201 4068 ἡμῖν
1231 3999 1259 4050 6
1286 3997 1385 4069 τῆς
1426 3997 1670 4071 μεγάλης
1708 4011 1833 4069 pou-

238 4083 337 4154 λῆς
374 4084 631 4153 ἄγγελος.
675 4105 696 4138 ι
733 4086 853 4142 Τίσι
877 4087 933 4140 δὲ
963 4091 1095 4159 ἡμῖν
1139 4090 1173 4161 ἢ
1224 4092 1337 4154 τοῖς
1370 4091 1449 4153 εἰς
1474 4090 1633 4145 αὑτὸν
1667 4109 1830 4144 πεπι-

240 4177 509 4230 στευκόσι
535 4179 651 4241 τοῖς
681 4179 740 4231 ἐν
780 4181 847 4250 τῇ
896 4178 1154 4252 Γαλιλαία
1181 4181 1288 4235 τῶν
1314 4181 1511 4246 ἐθνῶν,
1547 4178 1628 4246 οἷς
1661 4183 1833 4246 αίτιος

237 4268 544 4339 γεγένηται
575 4268 751 4338 φωτὸς
784 4272 876 4324 καὶ
902 4270 1256 4354 εὐφροσύνης,
1288 4274 1473 4327 καινοῦ
1508 4292 1565 4327 τε
1593 4277 1684 4328 καὶ
1708 4274 1828 4328 νέου

237 4360 435 4427 ποτοῦ,
471 4362 575 4433 τῆς
618 4363 809 4434 καινῆς
854 4362 1127 4436 Διαθήκης
1176 4368 1492 4438 μυστηρίου,
1544 4367 1683 4421 κατά
1730 4370 1828 4440 τὴν

240 4460 502 4528 φήσασαν
553 4457 916 4527 προφητείαν,
975 4476 992 4508 ι
1020 4457 1190 4510 Τοῦτο
1239 4459 1472 4530 πρῶτον,
1523 4460 1633 4523 πίε,
1686 4461 1822 4529 ταχὺ
1857 4494 1900 4547 D

240 4547 414 4613 ποίει,
445 4544 601 4619 χώρα
651 4545 953 4611 Ζαϐουλὼν,
991 4548 1083 4601 καὶ
1132 4548 1204 4619 γῆ
1258 4549 1595 4621 Νεφθαλείμ,
1635 4552 1728 4605 καὶ
1775 4553 1824 4604 oi

238 4638 424 4693 λοιποὶ
463 4641 512 4692 οἱ
553 4637 650 4709 τὴν
691 4638 962 4710 παραλίαν
993 4640 1266 4705 οἰκοῦντες
1291 4641 1462 4713 πέραν
1489 4642 1584 4695 τοῦ
1625 4643 1824 4714 Ἰορδά-

238 4746 357 4794 νου,
397 4726 656 4783 Γαλιλαία
680 4726 789 4781 τῶν
816 4728 1000 4782 ἐθνῶν·
1029 4732 1057 4783 ὁ
1075 4730 1202 4795 λαὸς
1221 4733 1249 4784 ό
1277 4732 1582 4803 καθήμενος
1613 4734 1670 4786 ἐν
1702 4734 1825 4787 σκό-

237 4835 343 4886 τει,
368 4818 490 4888 φῶς
535 4818 672 4872 ἴδετε
708 4819 878 4889 μέγα·
915 4824 1007 4876 καὶ
1037 4824 1147 4886 τοῖς
1186 4822 1511 4894 καθημένοις
1546 4826 1602 4877 ἐν
1626 4826 1825 4878 ’σκότει

238 4913 335 4967 καὶ
362 4914 495 4985 σκιᾷ
521 4913 771 4979 θανάτου,
806 4914 921 4984 φῶς
944 4915 1212 4969 ἀνέτειλεν
1236 4918 1451 4983 αύτοῖς;
1489 4936 1506 4967 ι
1539 4912 1660 4969 Εἶεν
1685 4917 1728 4969 δ’
1759 4917 1824 4970 ἂν

236 5004 293 5056 ὲν
328 5001 545 5066 τούτοις
573 5002 889 5075 δηλούμενοι
921 5007 1049 5059 οἵτε
1083 5007 1140 5070 ἐξ
1170 5007 1338 5060 ἐθνῶν
1368 5010 1446 5072 εἰς
1471 5009 1561 5061 τὸν
1590 5012 1822 5083 Χριστὸν

235 5092 330 5146 τοῦ
368 5092 505 5146 Θεοῦ
532 5094 976 5164 πεπιστευκότες,
1007 5095 1101 5148 καὶ
1149 5097 1199 5148 οἱ
1240 5096 1333 5149 τοῦ
1383 5096 1633 5169 Σωτῆρος
1662 5100 1820 5171 ἡμῶν

241 5184 483 5256 μαθηταὶ
534 5187 628 5239 καὶ
672 5187 976 5253 ἀπόστολοι,
1008 5187 1100 5253 οὓς
1129 5187 1235 5241 ἀπὸ
1267 5189 1369 5259 γῆς
1410 5188 1693 5242 Ζαϐουλὼν
1727 5192 1820 5243 καὶ

236 5275 558 5349 Νεφθαλεὶμ
598 5280 1093 5351 ἀνακαλεσάμενος,
1129 5278 1408 5344 ἐξελέξατο
1441 5282 1687 5352 κήρυκας
1722 5281 1815 5335 τοῦ

237 5366 590 5439 Εύαγγελίου.
628 5370 849 5435 Τούτοις
878 5372 975 5439 μὲν
1024 5367 1115 5425 οὖν
1156 5374 1185 5425 ὁ
1222 5371 1322 5442 τῆς
1352 5366 1591 5445 μεγάλης
1617 5373 1816 5445 βουλῆς

237 5462 463 5533 ἄγγελος
499 5464 613 5528 υίὸς
647 5463 822 5536 ἐδόθη,
860 5465 1133 5537 σωτηρίας
1165 5467 1353 5530 αἴτιοςο
1373 5446 1484 5531 τοῖς
1512 5468 1569 5522 δὲ
1601 5471 1680 5533 είς
1712 5471 1812 5523 αὐ-

235 5552 325 5608 τὸν
354 5556 711 5626 ἡπιστηκόσι,
731 5556 899 5628 πυρὸς
937 5555 1135 5629 δηλαδὴ
1168 5558 1262 5612 καὶ
1289 5550 1729 5638 καιδεεωςΗὈλης
1756 5559 1812 5613 δὲ

334 5715 542 5774 “Psal.
580 5732 844 5785 Lxxxvm,
881 5717 1064 5773 59-“.
1145 5720 1184 5751 ⁸⁷
1237 5720 1365 5773 ibid.
1400 5721 1489 5790 45,
1524 5722 1589 5776 46
1689 5723 1731 5755 ⁸³⁸
1757 5721 1858 5779 Luc

1943 5739 1974 5793 ι,
2015 5722 2194 5781 5055.

1958 1870 2104 1926 illius
2130 1885 2241 1941 prae
2261 1886 2321 1927 se
2342 1869 2469 1937 fert,
2507 1878 2683 1929 totum
2708 1872 2896 1929 orbem
2923 1878 3195 1929 terrarum
3219 1870 3524 1935 illustrans;

1954 1962 2099 2031 quod
2126 1961 2345 2034 quidem
2375 1970 2430 2020 et
2458 1964 2652 2033 psalmi
2680 1964 2929 2035 proximo
2957 1963 3273 2019 testimonio
3294 1977 3529 2018 consen-

1953 2062 2171 2111 taneum
2199 2064 2302 2121 est,
2328 2065 2381 2112 et
2409 2056 2537 2112 huic
2553 2058 2853 2128 prophetae,
2890 2056 2959 2111 de
2981 2071 3090 2126 quo
3111 2070 3259 2111 nunc
3287 2055 3522 2126 agimus,

1951 2147 2045 2218 qui
2106 2148 2176 2204 de
2220 2163 2396 2219 puero
2427 2149 2643 2204 orituro
2680 2148 2778 2212 ait,
2811 2149 2991 2219 ipsum
3047 2147 3105 2202 in
3150 2145 3280 2203 sede
3329 2145 3525 2210 David,

1949 2245 2153 2294 aeterna
2174 2238 2428 2295 videlicet
2449 2254 2514 2295 ac
2545 2247 2918 2310 permanente,
2949 2253 3070 2310 qua:
3091 2239 3255 2295 etiam
3286 2238 3391 2310 ipsi
3418 2237 3525 2294 Da-

1951 2332 2037 2386 vid
2064 2332 2333 2403 promissa
2366 2341 2471 2398 est,
2491 2348 2773 2389 sessurum
2801 2334 2857 2388 in
2887 2348 3054 2404 regno
3083 2333 3277 2405 ipsius,
3308 2342 3366 2389 ut
3395 2333 3524 2387 diri-

1949 2430 2040 2494 gat
2066 2421 2200 2478 illud
2233 2430 2290 2480 et
2321 2423 2592 2494 suscipiat
2644 2425 2701 2479 in
2738 2423 2948 2493 judicio
2971 2434 3025 2478 et
3064 2422 3282 2491 justitia
3322 2422 3392 2478 ab
3416 2422 3520 2477 hoc

1947 2516 2068 2584 ipso
2099 2525 2340 2587 tempore
2378 2531 2554 2585 usque
2577 2515 2633 2570 in
2664 2516 2945 2571 saeculum.
2968 2513 3141 2570 Porro
3173 2522 3353 2570 autem
3383 2528 3519 2584 quo-

1947 2608 2108 2662 modo
2142 2608 2256 2663 haec
2283 2608 2401 2678 ipsa
2428 2608 2696 2678 completa
2727 2607 2859 2672 sint,
2912 2607 3046 2663 satis
3107 2604 3323 2660 abunde
3354 2605 3521 2661 doce-

1946 2717 2005 2755 re
2027 2715 2127 2755 nos
2147 2706 2328 2769 potest
2350 2700 2575 2771 angelus
2603 2696 2843 2763 Gabriel,
2870 2699 2927 2755 in
2953 2713 3019 2753 ea
3054 2698 3389 2775 allocutione,
3409 2714 3517 2771 qua

1945 2792 2010 2847 ad
2039 2791 2316 2863 Virginem
2355 2806 2490 2847 usus
2536 2797 2622 2847 est
2675 2790 2755 2845 sic
2805 2790 2993 2845 dicens
3040 2804 3055 2840 :
3096 2808 3115 2839 ‹
3169 2788 3247 2844 Ne
3297 2788 3515 2854 timeas,

1944 2883 2134 2947 Maria,
2176 2882 2434 2937 invenisti
2487 2882 2632 2937 enim
2684 2881 2915 2953 gratiam
2969 2880 3111 2951 apud
3143 2877 3352 2947 Deum;
3387 2893 3517 2935 ecce

1943 2974 2221 3045 concipies
2255 2975 2311 3028 in
2352 2982 2510 3029 utero
2543 2980 2597 3028 et
2646 2973 2825 3044 paries
2864 2971 3055 3037 ﬁlium,
3081 2980 3135 3028 et
3161 2972 3386 3029 vocabis
3412 2987 3518 3028 no-

1943 3085 2065 3124 men
2090 3068 2210 3138 ejus
2238 3066 2449 3132 Jesum,
2479 3067 2568 3122 hic
2593 3067 2697 3122 erit
2739 3081 2991 3138 magnus,
3023 3075 3076 3122 et
3122 3065 3267 3122 ﬁlius
3295 3066 3515 3122 Altissi-

1942 3161 2014 3214 mi
2047 3161 2351 3223 vocabitur,
2384 3169 2439 3216 et
2466 3159 2618 3215 dabit
2644 3160 2695 3214 ei
2729 3159 2992 3215 Dominus
3011 3158 3156 3215 Deus
3194 3158 3378 3215 sedem
3409 3158 3516 3212 Da-

1942 3250 2030 3304 vid
2060 3250 2228 3320 patris
2264 3250 2404 3319 ejus,
2432 3257 2486 3305 et
2519 3249 2767 3320 regnabit
2802 3251 2855 3303 in
2882 3249 3045 3304 domo
3069 3246 3240 3303 Jacob
3272 3249 3326 3301 in
3351 3256 3513 3303 aeter-

1940 3359 2091 3403 num,
2128 3350 2181 3397 et
2203 3342 2356 3413 regni
2394 3342 2515 3412 ejus
2560 3358 2669 3396 non
2702 3342 2807 3397 erit
2853 3342 2979 3398 ﬁnis
3003 3342 3072 3404 ⁸⁸,
3116 3362 3134 3394 ι
3162 3342 3339 3412 ipsum
3366 3340 3515 3395 hunc
3546 3360 3547 3363 η

1939 3436 1994 3490 in
2053 3438 2263 3509 psalmo
2315 3436 2599 3506 superiore
2647 3435 2810 3489 etiam
2868 3435 3133 3507 propheta
3185 3440 3511 3505 exspectans

1938 3529 2139 3584 Christi
2175 3539 2376 3594 ortum,
2403 3538 2455 3584 et
2488 3544 2694 3582 moram
2719 3529 2860 3595 ejus,
2891 3528 3323 3599 dilationemque
3354 3529 3511 3599 quasi

1937 3622 2109 3675 ruinae
2134 3622 2282 3676 sedis
2316 3620 2481 3674 David
2512 3635 2733 3675 causam
2770 3620 3089 3689 inspiciens,
3120 3621 3281 3677 twdio
3302 3621 3511 3692 ingenti

1935 3713 2189 3779 adicitur,
2214 3723 2267 3767 et
2310 3713 2387 3766 ait
2425 3731 2438 3768 :
2482 3730 2502 3763 ‹
2538 3710 2620 3766 Tu
2652 3727 2781 3766 vero
2813 3712 3061 3781 repulisti
3094 3720 3147 3767 et
3188 3711 3508 3783 despexisti,

1935 3804 2195 3860 distulisti
2256 3802 2538 3860 Christum
2595 3811 2770 3858 tuum.
2808 3824 2829 3857 ι
2870 3804 3075 3860 Deinde
3121 3805 3279 3876 quasi
3307 3807 3511 3861 timens

1934 3913 1997 3950 ac
2022 3896 2331 3967 suspicans,
2363 3894 2535 3951 Deum
2558 3897 2736 3967 ipsum
2763 3907 2903 3962 orat,
2937 3905 2999 3951 ut
3027 3913 3193 3969 quam
3224 3898 3511 3955 celerrime

1933 4008 1993 4046 ea
2027 4008 2147 4062 quae
2170 3991 2439 4062 promissa
2483 4000 2613 4045 sunt
2648 3989 3030 4057 exhibeantur,
3064 3990 3256 4047 dicens
3294 4010 3308 4046 :
3346 4009 3367 4043 ί
3400 3988 3507 4046 Ubi

1934 4093 2061 4139 sunt
2093 4083 2485 4139 misericordiae
2516 4092 2624 4139 tuae
2659 4083 2929 4153 antiquae,
2963 4081 3213 4148 Domine,
3244 4099 3384 4156 quas
3409 4083 3504 4155 ju-

1932 4179 2066 4231 rasti
2102 4177 2266 4232 David
2296 4178 2350 4232 in
2383 4176 2612 4232 veritate
2655 4183 2748 4231 tua
2779 4177 2863 4230 “?
2901 4196 2920 4229 ι
2960 4192 3081 4248 ηοω
3107 4176 3330 4247 quidem
3360 4176 3504 4248 ipsa,

1932 4271 2070 4340 ipsa,
2103 4270 2346 4341 inquam,
2384 4269 2500 4324 hac
2528 4267 2850 4341 planissime
2909 4268 3234 4340 complenda
3282 4285 3405 4326 esse
3446 4264 3505 4326 in

1930 4370 2055 4417 ortu
2085 4363 2264 4432 magni
2300 4361 2519 4439 consilii
2559 4361 2737 4432 angeli
2771 4360 3104 4416 vaticinatur
3130 4380 3150 4416 ιε
3183 4361 3241 4416 in
3273 4377 3384 4433 quo
3406 4379 3504 4417 vo-

1932 4461 2063 4524 lent,
2089 4459 2286 4530 inquit,
2313 4459 2350 4513 ii
2384 4458 2453 4515 de
2482 4457 2681 4530 quibus
2707 4465 2869 4514 antea
2898 4458 3108 4513 dictum
3138 4465 3246 4524 est,
3281 4459 3328 4513 si
3366 4459 3505 4521 ruis»

1929 4557 2049 4607 sent
2096 4550 2221 4622 igne
2249 4550 2544 4606 combusti.
2583 4549 2856 4617 Quoniam
2895 4550 3161 4621 puerulus
3207 4559 3372 4608 natus
3419 4560 3503 4608 est

1925 4643 2104 4706 nobis,
2129 4651 2183 4698 et
2222 4642 2366 4699 ﬁlius
2396 4642 2557 4698 datus
2588 4649 2673 4698 est
2717 4641 2900 4709 nobis,
2937 4644 3121 4715 magni
3160 4644 3377 4699 consilii
3412 4659 3503 4698 an-

1924 4735 2098 4807 gelus.
2129 4735 2339 4803 Quibus
2392 4740 2571 4790 autem
2605 4734 2786 4801 nobis,
2812 4733 2918 4791 nisi
2975 4735 3045 4791 iis
3072 4735 3169 4807 qui
3213 4736 3268 4791 in
3318 4737 3499 4807 ipsum

1925 4825 2279 4891 credidimus,
2306 4825 2399 4896 qui
2429 4825 2483 4878 in
2515 4822 2737 4879 Galilaea
2770 4825 3014 4898 gentium
3052 4842 3269 4894 sumus,
3301 4827 3501 4898 quibus

1924 4929 2115 4974 auctor
2138 4918 2317 4975 factus
2349 4925 2434 4974 est
2463 4917 2686 4973 luminis
2715 4927 2769 4975 et
2808 4920 3033 4988 laetitiae,
3065 4927 3120 4977 et
3141 4922 3378 4977 recentis
3399 4937 3501 4975 no~

1923 5010 2088 5081 vique
2147 5020 2331 5082 potus,
2367 5010 2503 5066 Novi
2561 5009 2897 5068 Testamenti
2954 5012 3225 5083 mysterii,
3261 5020 3322 5066 ut
3378 5014 3498 5082 ipsa

1923 5116 2141 5174 quoque
2179 5103 2465 5174 prophetia
2522 5104 2596 5158 ait
2625 5147 2640 5171 ,
2675 5105 2839 5181 3&0
2874 5125 2892 5156 ι
2935 5105 3180 5162 Primum
3208 5105 3354 5167 bibe,
3387 5104 3497 5159 cito

1920 5193 2028 5264 fac,
2053 5194 2202 5266 regio
2240 5193 2507 5261 Zabulon,
2542 5204 2595 5252 et
2627 5206 2766 5253 terra
2798 5196 3170 5267 Nephtbalim,
3220 5206 3274 5253 et
3296 5195 3497 5267 reliqui

1921 5287 2253 5342 maritimam
2316 5287 2618 5344 incolentes
2678 5290 2820 5343 ultra
2880 5287 3210 5354 Iordanem,
3272 5287 3499 5345 Galilaea

1919 5379 2161 5450 gentium
2188 5398 2202 5434 :
2238 5380 2472 5451 populus
2498 5381 2695 5438 sedens
2719 5382 2775 5436 in
2809 5380 3074 5448 tenebris,
3100 5381 3282 5438 videte
3313 5382 3493 5437 lucem

1921 5485 2193 5541 magnam,
2219 5479 2272 5528 et
2295 5473 2611 5529 sedentibus
2633 5474 2684 5527 in
2714 5473 2955 5530 tenebris
2980 5480 3035 5529 et
3050 5475 3243 5529 umbra
3274 5464 3487 5542 mbrtis,

1920 5563 2012 5616 lux
2046 5572 2163 5617 orta
2193 5574 2276 5619 cst
2299 5565 2379 5620 cis
2407 5566 2455 5597 ⁷ο
2498 5586 2515 5619 ι
2542 5566 2566 5619 ?
2597 5565 2736 5621 Sunt
2762 5582 2891 5623 vero
2913 5568 2949 5623 ii
2972 5566 3063 5639 qui
3105 5567 3157 5621 in
3187 5566 3272 5622 his
3306 5568 3486 5626 verbis

2276 5726 2317 5759 “
2340 5724 2483 5781 Psal.
2511 5743 2776 5795 Lxxxvm,
2819 5727 2906 5783 50.
2983 5729 3028 5761 ⁷⁸
3060 5726 3160 5784 ISa.
3198 5743 3272 5794 tr,
3306 5729 3362 5796 1,
3391 5726 3451 5783 2:
