3902 6264
396 264 500 322 555

1064 261 1332 321 EUSEBH
1371 260 1848 318 CESARlENSIS
1884 258 2031 317 OPP.
2062 260 2243 316 PARS
2280 263 2340 318 l'l.
2382 290 2455 308 ιι·-
2490 259 2965 320 APOLOGETICA'

3498 259 3601 316 ἔξω

394 377 772 447 signiﬁcantur
800 383 855 432 et
881 372 1191 447 quicunque
1211 392 1274 430 ex
1299 374 1549 445 gentibus
1585 376 1638 428 in
1670 374 1944 429 Christum

2053 374 2245 445 ταύτης
2287 375 2386 445 τῆς
2434 378 2741 447 οἰκονομίας
2776 376 3029 430 ὑπόθεσιν
3050 373 3326 443 γεγονέναι
3357 373 3493 446 φησὶ
3512 373 3601 429 τὸν

399 469 491 525 Dei
514 468 887 532 crediderunt,
924 474 978 522 et
1021 465 1319 523 Salvatoris
1364 466 1534 522 nostri
1586 466 1839 536 discipuli
1871 474 1953 520 at-

394 577 500 632 que
528 563 782 632 apostoli,
812 576 952 631 quos
973 560 1041 616 de
1068 567 1211 614 terra
1256 559 1497 614 Zabulon
1527 571 1582 613 et
1612 558 1953 629 Nepbtbalim

392 661 665 714 evocatos.
694 666 970 720 praecones
998 648 1273 719 Evangelii
1297 650 1378 704 sui
1409 649 1589 719 ριιιείι.
1621 647 1779 703 llisce
1809 648 1952 702 enim

392 721 572 810 magni
591 739 801 796 consilii
826 740 1049 809 angelus
1078 739 1221 794 ﬁlius
1236 741 1393 795 datus
1414 748 1497 794 est
1524 747 1715 793 auctor
1740 739 1949 794 salutis.

391 828 462 887 lis
494 846 623 887 vero
652 830 745 901 qui
780 831 835 886 in
861 832 1038 899 ipsum
1066 846 1174 886 non
1208 831 1560 891 crediderint.
1595 831 1737 901 ignis
1760 829 1953 884 videli-

391 929 477 976 cet
511 930 674 992 atque
703 922 961 977 incendii.
1012 919 1291 976 Universae
1343 927 1521 975 autem
1579 917 1807 987 hujusce
1837 918 1952 973 dis-

388 1013 726 1083 pensationis
757 1026 976 1068 causam
1021 1012 1190 1068 fuisse
1248 1012 1324 1066 ait
1379 1011 1550 1066 zelum
1606 1008 1838 1072 Domini,
1872 1006 1953 1063 sic

389 1105 619 1175 dicens:
656 1123 674 1156 t
707 1103 868 1163 Zelus
911 1104 1121 1159 Domini
1175 1102 1411 1158 Sabaoth
1460 1101 1619 1157 faciet
1662 1096 1778 1155 haec
1819 1099 1885 1154 ⁷¹.
1925 1119 1945 1152 ι

395 1192 500 1251 Sed
537 1197 662 1267 quis
695 1195 914 1253 tandem
950 1197 1038 1252 hic
1071 1197 1142 1251 sit
1184 1196 1332 1251 zelus
1363 1194 1469 1249 nisi
1500 1193 1546 1248 is
1580 1190 1738 1261 cujus
1762 1188 1952 1249 memi-

388 1290 469 1347 nit
501 1289 699 1355 Moses,
737 1289 828 1344 ubi
883 1291 957 1344 ait
989 1308 1003 1347 :
1042 1308 1061 1341 ι
1099 1284 1204 1358 1ρεί
1245 1286 1375 1340 mihi
1424 1284 1597 1339 zelum
1649 1282 1951 1351 injecerunt

388 1381 442 1438 in
478 1396 543 1435 eo
576 1380 667 1451 qui
695 1397 805 1436 non
831 1390 949 1435 erat
983 1380 1149 1443 Deus,
1185 1386 1239 1434 et
1276 1378 1627 1433 irritavcrunt
1670 1390 1755 1429 me
1782 1375 1835 1427 in
1876 1372 1952 1428 si-

386 1474 653 1531 mulacris
684 1474 833 1540 suis;
856 1483 909 1527 et
936 1490 1035 1543 ego
1069 1474 1243 1528 zelum
1273 1470 1516 1540 injiciam
1540 1469 1621 1524 cis
1655 1467 1706 1521 in
1738 1481 1800 1521 ea
1831 1479 1951 1535 quae

2050 466 2207 537 ζῆλον
2249 467 2472 539 Κυρίου,
2525 468 2726 535 λέγων·
2778 486 2797 518 ι
2830 468 2887 520 ὐ
2927 466 3084 538 ζῆλος
3131 465 3333 538 κυρίου
3379 462 3599 521 Σαϐαὼθ

2049 560 2260 629 ποιήσει
2312 558 2500 612 ταῦτα.
2534 577 2553 612 ι
2599 560 2756 620 Ποῖος
2799 558 2856 611 δὲ
2902 556 3094 627 ζῆλοςς
3142 558 3175 630 ἢ
3221 552 3282 612 οὗ
3336 556 3600 628 μέμνηται

2048 648 2283 719 Μωσῆς,
2332 647 2535 715 λέγων’
2588 668 2606 701 ι
2657 649 2818 702 Αὐτοὶ
2868 648 3257 719 παρεζήλωσάν
3311 666 3379 719 με
3432 649 3598 705 ἐπὀὒ

2048 739 2183 812 Θεῷ,
2213 740 2565 813 παρώργισάν
2599 759 2664 813 με
2703 744 2762 796 ἐν
2790 744 2901 805 τοῖς
2935 741 3169 804 εἰδώλοις
3206 740 3415 796 αὐτῶν
3448 739 3602 809 κάγὼ

2048 828 2423 905 παραζηλώσω
2459 833 2651 897 αὐτοὺς
2678 833 2762 887 ἐπ’
2794 834 2892 888 οὐκ
2918 834 3059 888 ἔθνει
3078 851 3093 864 ·
3127 833 3214 886 ἐπ’
3240 831 3379 886 ἔθνει
3408 830 3601 886 ἁσυνέ·

2047 941 2124 995 τῳ
2163 925 2443 997 παροργιῶ
2471 926 2681 991 αὐτούς.
2712 946 2732 979 ι
2752 926 2888 980 Ἀλλ’
2918 927 3040 981 ἐπεὶ
3077 928 3171 983 σὺν
3205 926 3322 997 Θεῷ
3364 924 3435 978 τά
3475 924 3601 997 περὶ

2045 1014 2145 1085 τῆς
2180 1014 2271 1069 τοῦ
2308 1017 2773 1088 προφητευομένου
2821 1020 2899 1081 εἰς
2938 1017 3250 1089 ἀνθρώπους
3291 1017 3599 1088 ἐπιδημίας,

2046 1109 2105 1162 οὑ
2136 1108 2240 1181 μὴν
2266 1108 2399 1163 ἀλλὰ
2426 1112 2518 1164 καὶ
2560 1111 2589 1163 ὁ
2627 1111 2825 1182 τρόπος
2854 1112 2951 1183 τῆς
2978 1095 3483 1181 ἐπιφανείιιςάὐτοῢ
3516 1109 3602 1166 διὰ

2043 1194 2151 1250 τῶν
2195 1196 2543 1268 προφητικῶν
2569 1198 2931 1253 ἀποδέδεικται
2961 1200 3291 1272 μαρτυριῶν,
3326 1199 3515 1271 καιρὸς
3537 1200 3603 1255 ἂν

2043 1286 2127 1358 εἴη
2161 1288 2408 1353 συνιδεῖν,
2436 1288 2537 1342 ποῦ
2563 1290 2665 1361 γῆς
2690 1290 3131 1362 γεννηθήσεσθαι,
3154 1291 3247 1345 καὶ
3271 1289 3389 1344 ὅθεν
3415 1291 3605 1359 γένους

2044 1377 2212 1447 ἥξειν,
2248 1378 2307 1449 ἐξ
2349 1379 2538 1444 ὁποίας
2580 1398 2639 1434 τε
2676 1381 2936 1454 Ἑϐραίων
2982 1383 3399 1455 προελεύσεσθαι
3434 1381 3604 1455 φυλῆς

2047 1462 2400 1534 emptis-1510'
2431 1467 2466 1521 ἃ
2498 1469 2589 1521 καὶ
2614 1470 2771 1533 αὐτὰ,
2800 1470 2953 1543 φέρε,
2979 1473 3371 1543 ἐρευνήσωμεν.

386 1584 494 1622 non
547 1575 632 1624 est
681 1583 849 1640 gens,
886 1569 939 1622 in
982 1577 1140 1637 gente
1191 1566 1358 1620 stulta
1409 1560 1637 1617 irritabo
1676 1560 1798 1613 illos
1826 1558 1892 1613 ⁷⁸.
1922 1576 1941 1608 ι
1989 1552 2091 1609 Sed
2118 1557 2371 1626 quoniam
2410 1557 2619 1615 favente
2645 1559 2753 1615 Deo
2778 1562 2889 1631 jam
2922 1579 3066 1617 nunc
3110 1578 3172 1617 ea
3206 1579 3326 1633 quae
3382 1565 3453 1625 ad
3485 1578 3602 1631 ejus

386 1662 676 1717 adventum
712 1661 777 1715 ad
807 1660 1054 1715 homines
1096 1656 1389 1731 pertinent,
1418 1653 1486 1711 de
1516 1669 1623 1726 quo
1652 1649 1791 1723 apud
1819 1648 2104 1721 prophetas
2168 1651 2365 1720 agitur,
2434 1665 2643 1706 necnon
2692 1652 2933 1722 ejusdem
2987 1654 3249 1710 adventus
3281 1653 3497 1719 modus,
3538 1669 3602 1713 ex

387 1753 721 1824 propheticis
764 1753 1089 1808 testimoniis
1136 1750 1509 1806 demonstrata
1543 1755 1691 1810 sunt,
1733 1756 1943 1813 tempus
1975 1739 2086 1808 jam
2123 1756 2245 1795 esse
2274 1742 2485 1797 videtur
2515 1750 2574 1797 ut
2604 1743 2981 1814 inspiciamus,
3031 1745 3121 1801 ubi
3174 1754 3441 1799 terrarum
3499 1745 3603 1800 ori-

383 1857 561 1911 turus,
595 1856 649 1902 et
705 1864 773 1902 ex
825 1863 933 1918 quo
970 1862 1167 1917 genere
1220 1853 1504 1909 venturus,
1555 1844 1683 1897 item
1724 1856 1790 1895 ex
1835 1852 1942 1907 qua
1987 1835 2333 1894 Hebraeorum
2400 1837 2545 1895 tribu
2625 1838 2967 1910 profecturus
3030 1841 3403 1911 nuntiaretur;
3482 1855 3603 1912 qua

385 1941 603 2017 quidem
642 1941 758 2013 ipsa
794 1941 839 1996 si
869 1941 1067 2014 placet,
1100 1941 1348 2005 obsecro,
1376 1946 1702 1997 scrutemur.

996 2058 1221 2116 CAPUT
1254 2059 1316 2116 ll.

382 2175 427 2237 Α
463 2173 704 2231 Mithrae.
751 2202 821 2217 ο-
852 2173 926 2227 De
960 2172 1071 2227 loco
1111 2172 1203 2228 ubi
1249 2182 1380 2227 esset
1431 2175 1662 2228 oriturus
1704 2172 1748 2227 is
1786 2168 1943 2236 Deus,

485 2263 603 2301 lem
655 2245 918 2314 propheta:
956 2244 1266 2314 nuntiarunt
1297 2259 1314 2296 :
1351 2255 1400 2299 et
1421 2243 1853 2313 quemadmodum
1884 2242 1950 2297 de

485 2263 603 2301 lem
655 2262 918 2314 propnetw
956 2262 1266 2299 nuntiorum
1297 2262 1314 2296 .'
1351 2262 1400 2299 ει
1421 2262 1853 2313 quemaanwaum
1884 2262 1945 2297 ac

451 2262 755 2370 iet/almam
799 2316 1007 2384 regione
1051 2313 1356 2367 Palwstinw
1387 2314 1626 2382 procedet
1674 2330 1706 2366 a
1754 2314 1945 2368 su’culo

454 2387 814 2459 prwexsistens
841 2386 1041 2459 piorum
1075 2385 1238 2459 gentis
1256 2385 1514 2459 princeps.
1542 2393 1590 2437 et
1613 2384 1941 2459 quemadmof

453 2454 578 2508 dum
629 2457 717 2510 ille
750 2454 1005 2507 Dominus
1053 2454 1307 2506 ducturus
1349 2455 1615 2506 divinatur
1641 2468 1727 2505 eos
1763 2456 1852 2522 qui
1880 2455 1945 2510 ab

453 2528 660 2584 ultimis
690 2540 850 2601 usque
875 2534 1030 2583 terra!
1050 2523 1243 2592 ﬁnibus
1263 2524 1316 2580 in
1343 2540 1460 2578 eum
1483 2523 1819 2578 crediderint.

462 2702 482 2736 ι
511 2681 577 2738 Et
644 2690 745 2749 tu,
805 2680 1160 2749 Bethlehern,
1217 2679 1413 2735 domus
1462 2678 1723 2751 prrata,
1782 2678 1947 2736 mini-

382 2790 469 2835 ma
542 2791 603 2831 es
668 2783 728 2829 ut
808 2760 886 2830 sis
945 2774 1001 2828 in
1060 2772 1302 2828 millibus
1358 2771 1532 2838 Iuda;
1580 2788 1645 2826 ex
1701 2783 1755 2825 te
1812 2772 1944 2826 mihi

381 2867 693 2937 egredietur
751 2865 844 2937 qui
899 2865 1120 2936 praesit,
1182 2872 1245 2920 ut
1323 2863 1396 2919 sit
1459 2863 1716 2934 princeps
1783 2861 1940 2934 341

380 2961 438 3019 in
483 2958 668 3020 Israel,
712 2967 765 3012 et
803 2956 984 3012 exitus
1014 2956 1135 3026 ejus
1168 2956 1238 3010 ab
1279 2956 1434 3011 initio
1464 2972 1531 3012 ex
1589 2956 1782 3011 diebus
1842 2970 1946 3010 sa:-

380 3047 510 3103 culi.
562 3046 768 3102 Idcirco
804 3045 956 3100 dabit
996 3061 1094 3103 eos
1139 3060 1315 3116 usque
1355 3046 1421 3101 ad
1469 3053 1682 3116 tempus
1730 3046 1946 3116 parien-

380 3140 489 3204 tis;
524 3140 718 3208 pariet,
758 3144 814 3192 et
851 3136 1046 3207 reliqui
1077 3134 1307 3191 fratrum
1348 3136 1589 3206 ipsorum
1622 3143 1946 3191 converten—

381 3239 472 3293 tur
495 3229 563 3285 ad
597 3229 738 3287 ﬁlios
765 3230 1022 3293 lsrael,ct
1046 3229 1332 3293 consistet,
1361 3235 1414 3284 et
1441 3226 1665 3292 videbit,
1689 3236 1742 3281 et
1760 3232 1946 3298 pascet

381 3335 597 3392 gregem
630 3335 790 3377 suum
821 3322 874 3374 in
909 3321 1105 3375 robore
1136 3319 1416 3382 Dominus,
1450 3327 1505 3373 et
1535 3318 1591 3373 in
1638 3319 1809 3388 gloria
1840 3334 1944 3373 no-

2567 2059 2957 2114 ΚΕΦΑΛᾹΙΟΝ
3005 2062 3079 2114 Β’.

2059 2170 2330 2247 Ἀπὸᾼτοῦ
2360 2172 2819 2247 Μιχαία-’Περὶ
2844 2173 2949 2247 τοῦ
2971 2176 3157 2247 τόπου
3184 2174 3294 2247 τῆς
3314 2173 3605 2247 γενέσεως

2114 2241 2220 2295 τοῦ
2241 2241 2956 2327 ςτροκτὶρυτξορένουιθεοῦ
2975 2244 3102 2327 ’.θεαὶ
3226 2244 3292 2327 ex
3315 2241 3601 2310 Βηθλεέμ,

2115 2313 2329 2382 χωρίου
2373 2313 2480 2381 τῆς
2525 2315 2946 2380 Παλαιστίνης,
2979 2313 3047 2377 ἐξ
3089 2313 3300 2378 αἰῶνός
3328 2332 3418 2379 τις
3458 2329 3601 2382 προ-

2114 2381 2412 2451 ϋπάρχων,
2436 2384 2762 2452 ἡγούμενος
2788 2383 2892 2437 τοῦ
2925 2382 3042 2435 τῶν
3068 2384 3360 2437 θεοσεϐὧν
3392 2381 3603 2453 γένους

2119 2453 2559 2523 προελεύσεται,
2598 2453 2696 2505 καὶ
2749 2454 2828 2519 ὡς
2856 2453 3038 2523 αὐτὸς
3075 2455 3108 2506 ό
3148 2455 3359 2521 Κύριος
3395 2468 3604 2523 «arma

2114 2522 2240 2593 νεῖν
2269 2522 2594 2593 θεσπίζεται
2634 2523 2773 2589 τοὺς
2815 2522 2988 2592 μέχρι
3020 2523 3138 2576 τῶν
3162 2523 3459 2593 ἐσχατιῶν
3493 2522 3603 2593 τῆς

2114 2590 2223 2663 γῆς
2256 2594 2341 2657 εὶς
2366 2592 2551 2645 αὑτὸν
2582 2590 3070 2659 πεπιστευκότας.

2120 2704 2137 2734 ι
2167 2686 2276 2739 Καὶ
2318 2686 2402 2749 σὺ,
2430 2685 2673 2757 Βηθλεέμ
2705 2681 2850 2747 οἱκος
2888 2685 2982 2737 τοῦ
3029 2684 3290 2757 Ἐφραθὰ,
3328 2685 3600 2755 ὀλιγοστὸς

2044 2772 2091 2829 εἷ
2125 2776 2217 2830 τοῦ
2248 2773 2383 2831 εἶναι
2429 2778 2487 2830 ἐν
2520 2778 2751 2849 χιλιάσιν
2784 2778 2951 2832 Ἰούδα
3008 2780 3101 2834 Ἐκ
3144 2779 3236 2833 σοῦ
3277 2797 3363 2851 μοι
3394 2780 3602 2847 ἐξελεύςι

2045 2886 2194 2922 σεται
2227 2868 2550 2940 ἡγούμενος,
2588 2867 2681 2925 τοῦ
2724 2864 2859 2923 εἶναι
2891 2871 3123 2942 ἄρχοντα
3154 2871 3212 2927 ἐν
3248 2870 3326 2941 τῷ
3363 2871 3602 2943 Ἰσραὴλ,

2044 2963 2137 3015 καὶ
2185 2964 2238 3013 αἱ
2268 2961 2432 3026 ἔξοδοι
2466 2961 2628 3016 αὑτοῦ
2686 2963 2780 3015 ἀπ’
2825 2962 2999 3032 ἀρχῆς
3035 2962 3092 3029 ἐξ
3137 2962 3353 3035 ἡμερῶν
3386 2963 3599 3027 αἰῶνος.

2044 3054 2142 3108 Διὰ
2178 3053 2334 3111 τοῦτο
2376 3053 2534 3109 δώσει
2564 3055 2757 3118 αὐτοὺς
2794 3055 2896 3118 ἕως
2930 3054 3118 3128 καιροῦ
3156 3056 3463 3125 τικτούσης.
3498 3054 3601 3110 ’τέ-ι

2046 3143 2213 3213 ξεται,
2237 3146 2330 3199 καὶ
2358 3146 2407 3199 οἱ
2442 3145 2705 3202 ἐπίλοιποι
2728 3144 2834 3200 τῶν
2865 3145 3104 3216 ἀδελφῶν
3136 3146 3312 3199 αὐτῶν
3348 3146 3602 3218 ἐπιστρέ-

2042 3236 2231 3306 φουσιν
2272 3237 2363 3290 ἐπὶ
2406 3239 2532 3301 τοὺς
2583 3238 2729 3300 υἱοὺς
2770 3237 3015 3309 Ἰσραήλ·
3063 3240 3157 3292 καὶ
3197 3239 3468 3309 στήσεται,
3507 3236 3603 3297 καὶ

2043 3327 2252 3398 ὄψεται,
2289 3329 2381 3383 καὶ
2430 3332 2682 3401 ποιμανεῖ
2728 3329 2787 3382 τὸ
2826 3329 3068 3400 ποίμνιον
3137 3328 3298 3383 αὐτοῦ
3366 3331 3425 3382 ἐν
3460 3330 3603 3401 ἰσχύϊ

382 3414 546 3473 minis
577 3411 791 3467 Domini
812 3410 903 3466 Dei
934 3413 1173 3481 ipsorum
1203 3412 1489 3477 exsistent,
1514 3412 1770 3482 quoniam
1796 3426 1942 3465 nunc

2053 3422 2263 3493 Κύριος,
2320 3424 2412 3477 καὶ
2463 3425 2522 3477 ἐν
2571 3426 2636 3495 τῇ
2669 3424 2794 3498 δόξῃ
2832 3424 2925 3478 τοῦ
2953 3425 3209 3496 ὀνόματος
3248 3425 3450 3498 Κυρίου
3466 3424 3599 3481 Θεοῦ

381 3504 876 3576 tnaguiﬁcabuntur
925 3519 1097 3574 usque
1138 3504 1204 3558 ad
1254 3509 1495 3558 extrema
1535 3509 1714 3567 terrm,
1755 3510 1810 3557 et
1840 3502 1944 3557 erit

306 3578 309 3583 ”
381 3597 495 3652 haec
526 3612 630 3667 pax
653 3596 718 3651 ⁷⁸.
759 3616 776 3648 ι
807 3595 960 3663 Quod
995 3596 1214 3666 quidem
1252 3596 1365 3668 ipse
1393 3593 1733 3656 Emmanuel,
1763 3594 1855 3664 qui
1877 3609 1943 3649 ex

380 3691 825 3761 interpretatione
869 3697 953 3747 est
982 3689 1251 3743 nobiscum
1300 3687 1460 3748 Deus,
1490 3686 1558 3741 de
1588 3685 1811 3758 Virgine
1845 3700 1945 3740 na-

379 3790 583 3848 scatur,
616 3794 670 3838 et
704 3782 847 3854 quod
905 3797 1034 3851 puer
1082 3782 1175 3835 fiat
1219 3780 1398 3851 magni
1448 3780 1662 3837 consilii
1693 3778 1940 3849 angelus,

380 3874 699 3945 planissime
727 3889 793 3929 ex
826 3874 892 3929 iis
925 3888 1046 3942 quae
1070 3880 1195 3925 ante
1234 3870 1513 3944 proposita
1543 3878 1690 3934 sunt,
1718 3870 1943 3925 demon-

380 3974 612 4021 stratum
644 3975 748 4021 est.
784 3964 1072 4028 Craterum,
1112 3964 1397 4034 oportebat
1438 3962 1600 4017 etiam
1648 3961 1851 4025 locum,
1886 3962 1942 4016 in

376 4073 485 4128 quo
522 4058 612 4117 ille
656 4056 899 4112 oriturus
930 4063 1096 4118 esset,
1133 4053 1449 4124 signiﬁcari.
1494 4048 1762 4109 Divinitus
1813 4068 1944 4123 ergo

378 4146 693 4223 praedicitur
729 4148 797 4207 de
830 4147 1136 4204 Bethlehem
1176 4147 1397 4216 quidam
1428 4160 1754 4213 egressurus
1787 4147 1940 4215 prin-

377 4256 505 4312 ceps
529 4240 582 4294 in
613 4239 798 4306 Israel,
825 4239 1005 4298 exitus
1031 4239 1099 4293 ab
1124 4237 1280 4292 initio
1314 4252 1377 4291 ex
1410 4237 1602 4292 diebus
1632 4238 1814 4292 saeculi
1843 4238 1940 4291 ha-

375 4332 533 4388 bens.
572 4326 688 4391 Hoc
717 4340 896 4389 autem
930 4332 1107 4401 ipsum
1138 4343 1417 4399 nunquam
1454 4330 1703 4386 humanae
1734 4338 1943 4387 naturae

377 4423 782 4480 accommodari
811 4423 1030 4494 poterit,
1060 4421 1151 4476 sed
1189 4421 1291 4476 soli
1325 4418 1640 4477 Emmanuel
1671 4433 1725 4478 et
1759 4426 1938 4493 magni

373 4517 591 4571 consilii
624 4515 837 4588 angelo.
877 4512 1028 4582 Quod
1059 4514 1201 4569 enim
1239 4512 1307 4569 ab
1340 4522 1543 4569 aeterno
1571 4517 1820 4583 exsistat,
1852 4518 1940 4575 cui

375 4608 596 4665 tandem
646 4610 718 4665 sit
754 4608 1277 4666 accommodandum
1313 4608 1417 4664 nisi
1452 4608 1551 4663 soli
1582 4607 1732 4664 Deo?
1770 4608 1941 4681 igitur

375 4702 442 4756 de
474 4700 788 4756 Bethlehem
835 4703 941 4769 (est
982 4708 1162 4756 autem
1223 4699 1310 4754 hic
1365 4694 1563 4756 Judaeaa
1620 4699 1793 4766 locus,
1827 4716 1936 4756 non

375 4792 566 4864 procul
600 4792 668 4847 ab
690 4792 807 4863 ipsa
836 4786 1137 4847 Jerusalem
1167 4791 1328 4860 situs)
1386 4791 1590 4846 dicitur
1618 4792 1839 4862 quidam
1869 4792 1937 4846 ab

372 4892 579 4938 aeterno
622 4884 894 4939 exsistens
940 4898 1351 4954 progressurus.
1403 4882 1618 4938 Nullum
1660 4900 1790 4940 vero
1833 4884 1941 4942 nisi

375 4990 543 5030 unum
584 4972 752 5035 David
784 4975 1094 5032 invenimus
1139 4976 1315 5046 gloria
1357 4976 1640 5048 praeditum
1690 4991 1754 5030 ac
1787 4975 1934 5031 cele-

373 5062 549 5129 brem,
595 5065 687 5135 qui
732 5062 859 5118 inde
892 5065 963 5119 sit
1003 5074 1245 5128 exortus,
1281 5071 1335 5118 et
1380 5069 1505 5134 post
1536 5064 1713 5134 ipsum
1748 5058 1939 5131 David,

376 5156 606 5211 alterum
646 5156 931 5216 duntaxat,
961 5165 1207 5210 nostrum
1237 5155 1425 5225 utique
1468 5151 1805 5211 Salvatorem
1848 5152 1940 5211 Je-

375 5260 518 5309 snm,
551 5244 643 5315 qui
674 5244 928 5301 Christus
965 5252 1050 5300 est
1078 5244 1210 5301 Dei:
1241 5254 1435 5317 praeter
1469 5246 1569 5302 hos
1601 5250 1781 5302 autem
1816 5247 1942 5302 nul-

376 5336 488 5390 lum
521 5337 685 5390 alium
709 5351 957 5406 prorsus.
983 5338 1054 5392 At
1076 5353 1206 5394 vero
1243 5339 1359 5410 ipse
1385 5340 1601 5410 quidem
1630 5339 1801 5396 David
1831 5336 1937 5395 hu-

374 5426 528 5499 jusce
577 5429 875 5500 praphetiae
916 5436 1161 5507 tempora
1209 5433 1522 5499 antecessit,
1583 5441 1638 5488 et
1686 5434 1939 5505 plurimis

2046 3513 2221 3566 αὐτῶν
2301 3513 2595 3584 ὑπάρξουσι
2630 3532 2643 3547 ·
2724 3514 2856 3568 διότι
2942 3515 3035 3569 νῦν
3114 3516 3602 3589 μεγαλυνθήσονται

2044 3604 2146 3668 ἕως
2175 3604 2356 3676 ἄκρων
2387 3604 2487 3674 τῆς
2518 3606 2619 3677 γῆς
2640 3644 2655 3668 ,
2703 3606 2796 3659 καὶ
2830 3605 2980 3660 ἔσται
3020 3605 3157 3677 αὓτη
3188 3608 3395 3678 εἰρήνη.
3424 3625 3442 3658 ι
3478 3608 3605 3678 Ἐμσρ

2049 3693 2284 3766 μανουὴλ
2315 3693 2846 3765 μεθερμηνευόμενος
2880 3698 3007 3765 μεθ’
3038 3693 3204 3764 ἡμῶν
3232 3695 3391 3761 Θεὸς,
3421 3697 3484 3748 ἐκ
3508 3695 3605 3765 τῆς

2044 3784 2318 3855 Παρθένου
2353 3784 2718 3856 γεννώμενος,
2750 3786 2842 3839 καὶ
2893 3784 3098 3839 παιδίον
3137 3785 3416 3856 γινόμενος
3441 3787 3469 3839 ό
3507 3785 3604 3855 τῆς

2047 3876 2286 3946 μεγάλης
2316 3874 2512 3946 βουλῆς
2566 3875 2827 3944 ἄγγελος,
2883 3877 3066 3946 σαφῶς
3108 3876 3317 3947 ἐδείχθη
3362 3876 3452 3930 διὰ
3494 3875 3603 3929 τῶν

2044 3966 2557 4038 προεκτεθειμένων.
2600 3966 2734 4023 Ἀλλ’
2765 3967 2930 4040 ἐχρῆν
2976 3967 3067 4021 καὶ
3100 3967 3189 4021 τὸν
3217 3969 3317 4038 τῆς
3340 3968 3605 4036 γενέσεως

2042 4059 2204 4112 αὑτοῦ
2259 4059 2597 4130 σημανθῆναι
2652 4059 2834 4116 τόπον.
2897 4059 3299 4131 Προφητεύεται
3357 4060 3493 4130 δῆτα
3539 4060 3606 4118 ἐκ

2043 4148 2287 4222 Βηθλεέμ
2312 4169 2396 4214 τις
2417 4150 2787 4216 ἐξελεύσεσθαι
2828 4151 3009 4222 ἄρχων
3036 4153 3094 4204 ἐν
3116 4150 3193 4222 τῷ
3235 4150 3468 4222 Ἰσραὴλ,
3504 4149 3606 4212 τὰς

2043 4242 2249 4307 ἐξόδους
2280 4245 2373 4296 ἀπ’
2398 4244 2571 4314 ἀρχῆς
2593 4243 2651 4310 ἐξ
2678 4246 2900 4318 ἡμερῶν
2926 4242 3119 4308 αίῶνος
3160 4244 3316 4314 ἔχων.
3354 4242 3525 4295 Τοῦτο
3546 4242 3603 4297 δὲ

2041 4336 2139 4389 οὐκ
2165 4336 2230 4389 ἂν
2262 4338 2617 4415 ἐφαρμόσειεν
2650 4337 2932 4407 ἀνθρώπου
2962 4337 3139 4407 φύσει,
3168 4338 3216 4390 εί
3247 4335 3320 4406 μὴ
3359 4336 3502 4406 μόνῳ
3523 4333 3604 4405 τῷ

2053 4428 2416 4501 Ἐμμανουὴλ,
2449 4430 2541 4482 καὶ
2568 4427 2646 4499 τῷ
2671 4431 2775 4500 τῆς
2792 4430 3033 4501 μεγάλης
3055 4426 3246 4499 βουλῆς
3278 4426 3507 4496 ἀγγέλῳ.
3530 4423 3605 4477 Τὸ

2039 4518 2216 4592 γάρὲξ
2227 4519 2418 4584 αἰῶνος
2432 4522 2744 4589 ὑφεστάναι,
2761 4522 2865 4574 τίνι
2881 4522 2988 4593 ἄρα
3002 4519 3324 4592 ἐφαρμόττοι
3336 4517 3441 4587 ἂνῆ
3459 4514 3603 4587 μόνῳ

2039 4609 2193 4680 Θεῷ;
2240 4611 2333 4664 Ἐκ
2359 4611 2535 4664 τοίνυν
2574 4611 2672 4682 τῆς
2723 4611 2970 4682 Βηθλεὲμ
3014 4610 3229 4681 (χωρίον
3253 4607 3311 4661 δέ
3354 4608 3469 4659 ἐστι
3502 4603 3605 4675 τῆς

2052 4701 2325 4766 Ἰουδαίας,
2355 4703 2416 4756 οὐ
2438 4703 2624 4776 πόρρω
2649 4702 2749 4774 τῆς
2780 4699 3128 4775 Ἰερουσαλὴμ
3173 4696 3420 4767 διεστὼς)
3446 4695 3601 4763 λέῖε·’

2040 4795 2129 4855 ταί
2157 4812 2239 4859 τις
2279 4795 2338 4862 ἐξ
2368 4794 2559 4859 αἰῶνος
2586 4796 2842 4867 ὑπάρχων
2877 4790 3312 4864 προελεύσεσθαι.
3355 4787 3477 4842 Οὐδ’
3522 4786 3599 4858 (ί)

2040 4887 2223 4958 ἕτερον
2245 4888 2301 4941 δὲ
2334 4887 2542 4942 ἐνθένδε
2578 4886 2611 4958 ἢ
2645 4887 2801 4957 μόνον
2821 4887 2909 4939 τὸν
2928 4886 3088 4939 Δαϐὶδ
3107 4884 3336 4956 εὕρομεν
3360 4878 3601 4945 ἐπίδοξον

2038 4976 2422 5047 γεγενημένον,
2456 4975 2550 5029 καὶ
2603 4976 2790 5029 ἔπειτα
2818 4973 2931 5044 μετ’
2959 4974 3163 5026 ἐκεῖνον
3203 4969 3293 5023 τὸν
3337 4967 3600 5040 ἡμέτερον

2040 5069 2266 5141 Σωτῆρα
2318 5067 2522 5139 Ἰησοῦν
2567 5068 2656 5120 τὸν
2690 5066 2921 5138 Χριστὸν
2976 5063 3069 5117 τοῦ
3111 5060 3278 5116 Θεοῦ*
3312 5060 3496 5125 ἕτερον
3542 5057 3601 5112 δι

2040 5158 2192 5231 παρά
2216 5158 2436 5222 τούτους
2464 5157 2670 5215 οὐδένα.
2706 5157 2843 5212 Ἀλλ’
2864 5159 2894 5211 ὁ
2917 5156 3012 5228 μὲν
3027 5152 3204 5220 Δαϐὶδ,
3231 5153 3356 5215 τοὺς
3377 5148 3599 5222 χρόνους

2039 5250 2138 5321 τῆς
2166 5250 2497 5322 προφητείας
2527 5248 2887 5321 προειληφὼς,
2928 5246 3297 5316 τετελευτήκει
3328 5241 3598 5304 πλείστοις

2042 5343 2303 5413 πρότερον
2337 5342 2480 5401 ἔτεσι
2532 5344 2632 5413 τῆς
2677 5342 3064 5414 προρρήσεως·
3097 5336 3207 5390 ἀλλ’
3258 5335 3376 5389 οὐδὲ
3411 5333 3469 5387 δὲ
3519 5331 3595 5407 (2)

2039 5433 2134 5503 ἀφ’
2187 5432 2405 5513 ἡμερῶν
2453 5433 2646 5499 αἰῶνος
2705 5428 2856 5502 οὗτος
2904 5433 3001 5495 τὰς
3062 5429 3271 5495 ἐξόδους
3314 5425 3591 5499 πεποίητο.

445 5532 491 5575 ῆι
524 5541 631 5598 λεδ·
660 5560 864 5608 xxxv",
896 5544 984 5603 δε,
1079 5548 1125 5579 ἠ
1148 5546 1304 5604 Deut,
1331 5565 1503 5617 χχιιι,
1527 5550 1622 5609 21.
1697 5552 1743 5583 ⁷³
1766 5551 1929 5607 Mich.
1966 5569 2019 5614 ν.
2052 5552 2171 5610 2-5.

447 5633 873 5709 (1)(ἐίξιέἓέριιρ
907 5636 1025 5709 οὒχο

714 5670 1277 5783 ape,
1316 5727 1415 5784 pro
1438 5711 1580 5778 οὐδὲ,
1604 5713 1662 5766 οὐ
1681 5753 1694 5780 ,
1731 5721 1785 5769 et
1818 5712 1944 5770 huic

2053 5710 2244 5803 niupge
2273 5709 2329 5767 δέ
2377 5726 2632 5774 sequens,
2662 5716 2723 5768 ut
2751 5712 2821 5767 sit
2852 5711 2971 5765 οὐδέ
2998 5710 3194 5765 solum.
3229 5705 3385 5766 Eax.
