3902 6264
241 274 359 330 537

1181 279 1835 340 DEKONSTRATIONIS
1871 279 2333 341 EVANGELICJE
2367 283 2498 341 LIB.
2538 280 2651 342 ΥΠ.

3403 285 3508 340 538

240 389 476 447 Οὐκοῦν
522 389 766 450 λείπεται
799 394 893 450 ἐπὶ
941 395 1032 451 τὸν
1082 396 1219 469 μετὰ
1261 395 1432 453 ταῦτα
1474 401 1538 453 ἐκ
1592 395 1839 468 Βηθλεέμ

1953 404 2073 453 ante
2102 396 2207 452 hoc
2231 397 2517 453 oraculum
2551 396 2713 452 annis
2740 400 2991 450 mortuus
3017 401 3135 461 est;
3165 400 3422 464 patet-ea
3440 410 3511 450 ne

237 485 559 558 γενόμενον
590 487 679 542 τὸν
718 486 930 557 άληθῶς
979 488 1322 560 Ἐμμανουὴλ
1341 527 1359 551 .
1385 488 1479 542 τὸν
1508 488 1615 560 πρὸ
1660 488 1839 558 πάσης

239 575 500 641 κτίσεως
526 579 762 649 προόντα
787 578 918 634 Θεὸν
947 580 1121 649 Λόγον
1148 580 1239 635 καὶ
1270 579 1385 652 μεθ’
1410 580 1564 653 ἡμῶν
1593 579 1724 633 Θεὸν
1752 579 1840 633 λε-

239 664 521 737 γόμενον,
558 668 1009 742 συμπληροῦσθαι
1060 671 1128 726 τά
1158 671 1547 745 γεγραμμέναο
1576 672 1701 725 ἐπεὶ
1748 671 1841 725 καὶ

240 758 277 826 ἡ
302 758 370 810 ἐν
396 758 654 832 Βηθλεέμ
680 762 891 831 γένεσις
912 762 1075 819 αὐτοῦ
1101 764 1358 837 ἄντικρυς
1382 764 1518 819 Θεοῦ
1540 763 1842 835 παρουσίαν

238 849 457 919 ἐδήλου
486 853 580 907 διὰ
606 854 712 908 τῶν
734 857 855 909 κατ’
892 857 1062 929 αὐτὴν
1112 856 1449 931 παραδόξων.
1478 856 1683 929 Γράφει
1712 855 1843 925 γοῦν

235 942 270 996 6
298 945 540 1009 Λουκᾶς
576 946 764 1000 τοῦτον
808 947 1034 1020 ἱστορῶν
1068 948 1161 1002 τὸν
1196 950 1393 1021 τρόπον
1413 966 1425 979 ·
1456 968 1474 1001 ι
1510 949 1754 1017 Ἐγένετο
1784 948 1842 1002 δέ

236 1033 302 1089 ἐν
339 1040 477 1102 ταῖς
518 1039 747 1110 ἡμέραις
790 1040 1055 1105 ἐκείναις,
1099 1041 1292 1112 ἐξῆλθε
1318 1041 1491 1113 δόγμα
1530 1040 1680 1113 παρὰ
1709 1040 1846 1094 Καί-

237 1144 429 1197 σαρος
497 1130 812 1200 Αὐγούστου
873 1131 969 1185 τοῦ
1032 1133 1454 1206 ἀπογράψασθαι
1510 1134 1691 1187 πᾶσαν
1745 1133 1844 1204 τὴν

233 1222 629 1293 οἰκουμένηνθ
665 1224 805 1296 αὕτη
842 1226 1136 1299 ἀπογραφὴ
1168 1226 1358 1299 πρώτη
1387 1227 1602 1296 ἐγένετο
1639 1229 1844 1298 ἡγεμο-

234 1313 516 1379 νεύοντος
542 1316 641 1386 τῆς
665 1316 865 1388 Συρίας
890 1318 1183 1389 Κυρηνίου.
1212 1321 1322 1377 Καὶ
1355 1319 1676 1391 ἐπορεύοντο
1707 1320 1844 1374 πάν-

232 1422 333 1470 τες
370 1407 821 1477 ἀπογράφεσθαι,
859 1409 1085 1475 ἕκαστος
1144 1412 1225 1476 είς
1274 1412 1377 1483 τὴν
1426 1410 1619 1465 ἐαυτοῦ
1670 1411 1841 1466 πόλιν.

248 1497 466 1569 Ἀνέϐη
497 1499 555 1552 δὲ
588 1500 683 1553 καὶ
723 1499 921 1572 Ἰωσὴφ
945 1501 1053 1554 ἀπὸ
1078 1502 1178 1574 τῆς
1207 1502 1520 1571 Γαλιλαίας,
1542 1505 1609 1558 ἐκ
1642 1502 1848 1568 πόλεως

233 1588 525 1661 Ναζαρὲθ
557 1595 637 1656 είς
678 1593 779 1665 τὴν
829 1590 1123 1660 Ἰουδαίαν,
1151 1597 1232 1660 εἰς
1285 1595 1440 1649 πόλιν
1489 1595 1680 1659 Δαὸὶδ,
1725 1596 1848 1667 ἥτις

1943 504 1974 545 a
2005 489 2201 547 diebus
2246 490 2468 561 quidem
2519 489 2705 546 saeculi
2752 487 2936 543 exitus
2989 501 3121 543 suos
3160 486 3289 543 fecit
3320 482 3508 541 David.

1945 578 2209 651 Superest
2234 580 2400 651 igitur
2431 586 2490 635 ut
2518 579 2575 634 in
2604 594 2692 642 eo,
2721 578 2815 650 qui
2846 577 3075 649 posthac
3106 574 3177 632 de
3198 575 3509 632 Bethlehem

1940 669 2328 740 proﬁciscitur,
2382 683 2443 723 re
2481 683 2609 724 vera
2660 667 3017 730 Emmanuel,
3075 667 3277 737 quippe
3328 664 3511 720 omnia

1942 777 2064 833 quae
2089 771 2273 817 creata
2304 770 2432 817 sunt
2458 760 2752 824 antecedit,
2781 768 2835 816 et
2860 759 3001 816 Deus
3027 757 3291 822 Verbum,
3323 766 3378 813 et
3408 770 3511 812 no-

1944 854 2155 910 biscum
2182 853 2327 909 Deus
2352 854 2679 925 appellatur,
2714 867 2834 923 qua
2863 852 2952 906 bic
2984 852 3191 922 scripta
3212 859 3340 906 sunt
3361 864 3504 904 com-

1944 948 2194 1019 pleantur
2227 965 2241 1002 :
2272 948 2530 1018 quoniam
2555 947 2671 1017 ipse
2699 961 2919 1016 quoque
2946 945 3092 999 illius
3117 945 3171 999 in
3201 942 3510 999 Bethlehem

1943 1049 2118 1099 ortus.
2145 1040 2463 1110 planissime
2500 1038 2595 1094 Dei
2630 1038 2924 1093 adventum
2960 1036 3310 1108 significavit,
3346 1052 3411 1091 ex
3444 1035 3515 1091 iis

1945 1130 2357 1186 admirabilibus
2397 1130 2582 1192 rebus,
2606 1145 2728 1200 quas
2768 1128 2912 1199 apud
2966 1128 3136 1198 ipsam
3174 1128 3322 1182 illam
3352 1127 3514 1182 Beth-

1944 1224 2120 1279 lehem
2150 1235 2470 1281 evenerunt.
2506 1225 2787 1295 Siquidem
2822 1224 3001 1281 Lucas
3034 1224 3088 1278 in
3110 1225 3257 1279 hunc
3287 1224 3514 1279 modum

1944 1332 2210 1373 enarrans
2232 1316 2498 1373 describit
2529 1337 2543 1373 :
2590 1336 2611 1369 ι
2647 1316 2876 1373 Factum
2921 1326 3005 1372 est
3034 1327 3212 1372 autem
3243 1317 3298 1370 in
3322 1315 3513 1371 diebus

1945 1408 2074 1463 illis.
2103 1406 2248 1462 Exiit
2271 1408 2510 1463 edictum
2536 1422 2566 1462 a
2600 1407 2818 1464 Caesare
2843 1406 3114 1479 Augusto,
3152 1414 3210 1460 ut
3238 1404 3518 1482 describe:

1945 1505 2098 1554 retur
2124 1499 2418 1555 universus
2446 1499 2598 1554 orbis
2639 1519 2654 1554 :
2690 1501 2805 1555 haec
2843 1498 3140 1567 descriptio
3166 1497 3342 1567 prima
3376 1494 3517 1549 facta

1946 1596 2032 1643 est
2060 1587 2290 1657 praeside
2324 1585 2494 1658 Syriae
2522 1586 2776 1660 Cyrenio.
2798 1587 2863 1642 Et
2904 1587 3061 1642 ibant
3099 1600 3291 1641 omnes
3318 1591 3376 1638 ut
3397 1598 3521 1655 pro-

233 1681 514 1736 καλεῖται
556 1682 803 1756 Βηθλεὲμ
824 1725 840 1749 ,
886 1684 973 1738 διὰ
1003 1684 1064 1738 τὸ
1096 1682 1234 1739 εἶναι
1263 1685 1424 1740 αὐτὸν
1469 1686 1529 1752 ἐξ
1570 1686 1719 1740 οἴκου
1753 1685 1848 1740 καὶ

1953 1681 2232 1735 literentur
2259 1680 2460 1750 singuli
2492 1680 2546 1733 in
2577 1695 2733 1735 suam
2765 1681 3065 1734 civitatem.
3118 1676 3384 1733 Ascendit
3416 1690 3517 1729 au-

234 1775 503 1845 πατριᾶς
538 1749 728 1839 Δαδὶδ,
764 1749 1198 1850 ’ἀπογράψασθαι
1234 1778 1330 1831 σὺν
1373 1749 1607 1850 Μαριὰμ.
1645 1781 1712 1850 τῇ
1752 1794 1847 1848 με-

1953 1779 2057 1828 tem
2088 1780 2142 1827 et
2173 1749 2372 1841 Ioseph
2405 1788 2437 1826 a
2467 1770 2687 1826 Galilaea
2739 1771 2807 1826 de
2857 1771 3077 1824 civitate
3119 1768 3411 1829 Nazarcth,
3462 1766 3520 1822 in

233 1866 654 1939 μνηστευμένῃ
684 1867 834 1939 αὑτῷ
856 1868 1078 1937 γυναικὶ
1107 1868 1242 1944 οὔσῃ
1266 1870 1462 1942 ἐγκύῳ.
1508 1870 1755 1940 Ἐγένετο
1790 1872 1848 1925 δέ

232 1958 293 2012 ἐν
333 1958 432 2029 τῷ
462 1960 668 2024 αὐτοὺς
701 1955 838 2015 εἶναι
879 1961 1027 2026 ἐκεῖ,
1054 1961 1400 2035 ἐπλήσθησαν
1435 1964 1489 2018 αἱ
1523 1963 1724 2034 ἡμέραι
1754 1961 1847 2017 τοῦ

234 2055 438 2104 τεκεῖν
483 2054 678 2125 αὐτήν.
711 2055 821 2111 Καὶ
857 2054 1012 2110 ἔτεκε
1058 2055 1149 2110 τὸν
1196 2056 1310 2109 υἱὸν
1350 2057 1520 2128 αὐτῆς
1563 2057 1654 2110 τὸν
1692 2073 1848 2129 πρω-

231 2145 482 2199 τότοκον
515 2188 533 2211 ,
588 2148 681 2201 καὶ
732 2149 1153 2219 ἐσπαργάνωσεν
1196 2150 1357 2204 αὐτὸν
1376 2190 1391 2216 ,
1439 2152 1531 2205 κα)⁸
1573 2150 1848 2204 ἀνέκλινεν

230 2238 420 2291 αὐτὸν
450 2238 515 2291 ἐν
550 2242 616 2311 τῇ
648 2240 843 2312 φάτνῃ,
885 2241 1017 2294 διότι
1046 2241 1146 2294 οὐκ
1170 2237 1239 2313 ἦν
1271 2243 1455 2304 αὐτοῖς
1479 2241 1642 2305 τόπος
1674 2244 1732 2294 ἐν
1768 2240 1849 2312 τῷ

231 2327 630 2398 καταλύματι.
660 2330 770 2382 Καὶ
802 2332 1055 2403 ποιμένες
1083 2327 1222 2403 ἦσαν
1249 2333 1307 2385 ἐν
1330 2335 1395 2403 τῇ
1426 2330 1578 2404 χώρα
1608 2335 1675 2403 τῇ
1711 2334 1847 2404 αὐτῇ

231 2419 696 2490 ἀγραυλοῦντες,
724 2423 819 2476 καὶ
847 2423 1211 2493 φυλάσσοντες
1244 2423 1488 2494 φυλακὰς
1529 2425 1627 2495 τῆς
1656 2423 1849 2488 νυκτὸς

232 2511 332 2563 ἐπὶ
355 2513 475 2582 τὴν
516 2513 752 2584 ποίμνην
789 2515 966 2569 αὐτῶν
986 2531 999 2546 °
1026 2515 1122 2570 καὶ
1148 2515 1376 2585 ἄγγελος
1403 2517 1607 2586 Κυρίου
1644 2516 1849 2588 ἐπέστη

232 2601 469 2664 αὐτοῖς.
506 2604 605 2656 καὶ
632 2604 759 2670 δόξα
781 2603 917 2659 Θεοῦ
948 2605 1320 2677 περιέλαμψεν
1355 2606 1571 2670 αὐτοὺς,
1593 2608 1688 2660 καὶ
1727 2609 1851 2676 ἐφο-

235 2692 394 2767 ϐτῆθη
407 2712 519 2749 σαν
561 2695 721 2765 φόϐον
754 2698 944 2768 μέγαν.
982 2700 1092 2752 Καὶ
1122 2698 1274 2752 εἶπεν
1318 2700 1498 2763 αὐτοῖς
1520 2701 1549 2752 6
1581 2699 1808 2769 ἄγγελος
1831 2717 1845 2735 ν

247 2783 347 2853 Μὴ
392 2783 694 2852 φοϐεῖσθε·
748 2787 856 2841 ίδοὺ
899 2787 1008 2860 γὰρ
1038 2788 1458 2861 εὐαγγελίζομαι
1504 2790 1632 2859 ὑμῖν
1675 2789 1850 2862 χαρὰν

236 2876 539 2949 μεγάλην,
571 2878 693 2947 ἥτις
721 2878 872 2933 ἔσται
906 2882 1069 2935 παντὶ
1092 2881 1171 2953 τῷ
1199 2881 1340 2953 λαῷ’
1382 2883 1464 2936 ὅτι
1504 2883 1696 2953 ἐτέχθη
1724 2884 1850 2953 ὑμῖν

238 2972 513 3042 σήμερον
560 2973 784 3043 Σωτὴρ,
814 2974 872 3037 ὃς
916 2976 1030 3028 ἐστι
1078 2975 1312 3047 Χριστὸς
1352 2975 1576 3046 Κύριος,
1614 2977 1670 3029 ἐν
1701 2975 1850 3033 πόλει

1946 1860 2208 1927 Judazam,
2257 1861 2314 1916 in
2357 1861 2636 1917 civitatem
2666 1860 2861 1924 David,
2894 1875 3015 1930 quae
3048 1867 3275 1914 vocatur
3303 1857 3521 1913 Bethleo

1949 1952 2094 2018 hem,
2128 1967 2195 2008 eo
2220 1951 2368 2022 quod
2394 1958 2540 2007 esset
2582 1951 2650 2006 de
2689 1951 2852 2005 domo
2896 1957 2952 2005 et
2996 1949 3202 2003 familia
3244 1947 3433 2008 David,
3461 1952 3521 2001 nt

1948 2044 2293 2115 profiteretur
2313 2057 2437 2096 cum
2471 2040 2639 2095 Maria
2666 2040 3000 2113 desponsata
3031 2040 3134 2095 sibi
3164 2038 3327 2110 ω
3352 2052 3521 2093 uxore

1949 2142 2281 2206 praegnante.
2314 2132 2542 2188 Factum
2567 2141 2650 2189 est
2685 2140 2889 2197 autem,
2914 2147 3040 2187 cum
3077 2139 3263 2186 essent
3289 2130 3385 2192 ibi,
3420 2130 3523 2183 ini-

1949 2226 2077 2298 pleti
2124 2234 2254 2282 sunt
2292 2224 2410 2281 dies
2441 2233 2500 2279 ut
2550 2233 2791 2294 pareret,
2822 2232 2876 2280 et
2908 2223 3123 2293 peperit
3158 2222 3327 2276 lilium
3361 2236 3522 2276 suum

1949 2318 2392 2390 primogenitum,
2414 2323 2471 2371 et
2496 2317 2694 2386 pannis
2723 2332 2849 2371 eum
2876 2314 3128 2378 involvit,
3149 2321 3205 2369 et
3235 2312 3526 2368 reclinavit

1948 2424 2071 2464 eum
2102 2408 2157 2462 in
2196 2407 2484 2479 praesepio,
2517 2408 2647 2478 quia
2668 2422 2777 2461 non
2802 2414 2921 2461 erat
2953 2405 3034 2460 eis
3074 2405 3230 2460 locus
3264 2402 3320 2458 in
3344 2402 3526 2457 diver-

1949 2503 2116 2559 sorio.
2156 2501 2223 2555 Et
2254 2510 2504 2572 pastores
2531 2509 2688 2556 erant
2721 2500 2777 2553 in
2806 2500 3031 2568 regione
3069 2498 3258 2552 eadem
3291 2495 3527 2566 vigilan-

1948 2603 2053 2660 tes,
2081 2603 2137 2650 et
2169 2585 2547 2650 custodientes
2597 2592 2814 2662 vigilias
2859 2592 3038 2647 noctis
3088 2605 3255 2660 super
3304 2604 3523 2660 gregem

1949 2704 2109 2745 suum
2137 2706 2151 2742 :
2182 2695 2234 2743 et
2258 2687 2486 2757 angelus
2517 2684 2732 2741 Domini
2764 2685 2915 2740 stetit
2940 2699 3106 2753 super
3126 2698 3245 2746 eos,
3268 2690 3323 2737 et
3351 2681 3527 2751 gloria

1952 2780 2044 2836 Dei
2076 2779 2442 2835 circumlulsit
2472 2779 2617 2843 illos,
2642 2784 2697 2833 et
2738 2778 3040 2832 timuerunt
3079 2775 3276 2830 timore
3304 2787 3524 2843 magno.

1941 2872 2018 2929 Et
2049 2872 2187 2927 dixit
2233 2870 2346 2927 illis
2395 2869 2626 2941 angelus
2678 2866 2905 2922 :Nolite
2951 2867 3165 2926 timere,
3202 2877 3333 2918 ecce
3379 2861 3525 2917 enim

1950 2963 2263 3032 evangelizo
2295 2961 2452 3017 vobis
2475 2957 2731 3030 gaudium
2764 2969 3045 3026 magnum,
3068 2953 3214 3024 quod
3243 2953 3350 3006 erit
3376 2949 3529 3005 omni

231 3060 446 3121 Δαϐίδ.
486 3063 603 3116 Καὶ⁵
638 3042 795 3118 τούτο
823 3067 950 3137 ὑμῖν
979 3067 1039 3120 τὸ
1067 3042 1321 3138 σημεῖον
1354 3042 1615 3139 εὑρήσετε
1653 3067 1851 3140 βρέφος

1954 3055 2175 3126 populo,
2227 3053 2486 3124 quoniam
2532 3059 2700 3105 natus
2747 3056 2834 3103 est
2864 3047 3019 3102 vobis
3062 3044 3224 3100 hodie
3256 3042 3528 3105 Salvator,

234 3156 764 3226 ἐσπαργανωμένον
789 3158 847 3211 ἐν
871 3158 1065 3231 φάτνῃ.
1092 3159 1204 3214 Kal
1228 3158 1488 3230 ἐξαίφνης
1508 3159 1724 3228 ἐγένετο
1751 3160 1847 3214 σὺν

231 3244 317 3314 τῷ
346 3245 594 3317 ἀγγέλῳ
634 3247 836 3318 πλῆθος
861 3252 1120 3321 στρατιᾶς
1155 3250 1411 3323 οὐρανίου
1442 3250 1732 3305 αἰνούντων
1757 3252 1849 3304 τὸν

234 3333 407 3399 Θεὸν,
445 3336 551 3389 καὶ
583 3336 874 3405 λεγόντων·
909 3339 1045 3407 Δόξα
1074 3341 1133 3393 ἐν
1164 3341 1409 3409 ὑψίστοις
1453 3339 1594 3409 Θεῷ,
1626 3339 1722 3394 καὶ
1755 3340 1850 3394 ἐπὶ

234 3427 347 3499 γῆς
384 3429 620 3499 εἰρήνη,
655 3429 713 3483 ἐν
739 3429 1046 3502 ἀνθρώποις
1083 3432 1317 3487 εὐδοκία.
1360 3433 1471 3487 Kal
1510 3432 1748 3501 ἐγένετο,
1774 3431 1851 3495 ὡς

236 3519 512 3592 ἀπῆλθον
558 3521 653 3574 ἀπ’
694 3523 874 3577 αὐτῶν
914 3527 994 3589 εις
1032 3525 1122 3580 τὸν
1161 3525 1389 3598 οὐρανὸν
1429 3526 1479 3580 οἱ
1515 3523 1732 3594 ἄγγελοι
1752 3564 1767 3588 ,
1801 3523 1851 3576 οἱ

239 3613 531 3684 ποιμένες
582 3610 734 3669 εἷπον
778 3616 914 3688 πρὸς
968 3617 1231 3689 ἀλλήλους
1251 3635 1265 3649 ’
1294 3617 1598 3688 Διέλθωμεν
1651 3615 1852 3688 δὴηὲως

240 3705 542 3778 Βηθλεέμ,
583 3706 679 3759 καὶ
714 3708 909 3779 ἴδωμεν
939 3708 999 3761 τὺ
1026 3708 1181 3780 ῥῆμα
1210 3707 1369 3762 τοῦτο
1395 3709 1457 3761 τὸ
1485 3708 1796 3778 γενόμενον,
1822 3704 1852 3758 6

239 3794 271 3848 6
304 3796 536 3869 Κύριος
561 3796 855 3870 ἐγνώρισεν
880 3800 1030 3870 ἡμῖν.
1059 3800 1168 3854 Καὶ
1190 3796 1351 3871 ἦλθον
1381 3800 1734 3864 σπεύσαντες,
1758 3801 1852 3853 καὶ

240 3884 419 3962 εὗρον
458 3890 565 3962 τὴν
621 3890 853 3962 Μαριὰμ
895 3892 987 3945 καὶ
1023 3892 1115 3945 τὸν
1165 3892 1396 3963 Ἰωσὴφ,
1433 3892 1606 3946 καὶτὸ
1657 3891 1853 3963 βρέφος

242 3979 528 4049 κείμενον
570 3979 630 4032 ἐν
666 3981 731 4050 τῇ
774 3981 967 4054 φάτνῃ.
1015 3981 1235 4043 Ἰδόντες
1279 3981 1337 4034 δὲ
1386 3980 1685 4051 ἐγνώρισαν
1725 3980 1854 4050 περὶ

242 4070 347 4125 τοῦ
388 4073 653 4143 ῥήματος
678 4070 771 4123 τοῦ
798 4071 1119 4143 λαληθέντος
1142 4073 1327 4136 αὐτοῖς
1356 4073 1484 4144 περὶ
1516 4071 1609 4125 τοῦ
1643 4070 1852 4124 παιδίου

245 4160 495 4215 τούτουο
558 4160 654 4214 καὶ
700 4161 899 4224 πάντες
921 4163 970 4215 οἱ
1016 4160 1346 4225 ἀκούσαντες
1379 4160 1694 4232 ἐθαύμασαν
1727 4161 1855 4233 περὶ

246 4254 366 4307 τῶν
395 4252 753 4324 λαληθέντων
790 4254 895 4307 ὐπὸ
935 4253 1044 4308 τῶν
1077 4255 1346 4325 ποιμένων
1389 4253 1525 4327 πρὸς
1576 4251 1793 4315 αὐτούς.
1831 4270 1850 4303 i

249 4345 462 4402 Ταῦτα
507 4346 607 4415 μὲν
658 4348 687 4399 ό
730 4347 964 4410 Λουκᾶς.
1015 4347 1125 4400 Καὶ
1156 4349 1185 4400 6
1221 4345 1500 4411 Ματθαῖος
1531 4346 1589 4400 δέ
1628 4344 1700 4399 τὰ
1729 4345 1857 4416 ’περῖ⁸

1953 3148 2047 3218 qui
2077 3154 2163 3203 est
2192 3147 2448 3201 Christus
2471 3144 2734 3201 Dominus
2756 3146 2809 3198 in
2841 3143 3062 3198 civitate
3090 3138 3261 3194 David
3286 3142 3310 3192 ‘:
3342 3147 3397 3193 et
3427 3137 3532 3191 hoc

1953 3240 2109 3295 vobis
2143 3239 2380 3309 signum.
2414 3237 2707 3294 Invenietis
2755 3235 3017 3290 infantem
3075 3229 3275 3303 pannis
3318 3228 3533 3282 involu-

1954 3338 2092 3392 tum,
2132 3336 2185 3384 et
2218 3330 2454 3399 positum
2506 3327 2561 3381 in
2606 3325 2891 3396 praesepio.
2941 3322 3009 3376 Et
3046 3322 3228 3377 subito
3272 3318 3413 3373 facta
3445 3322 3533 3371 est

1955 3437 2080 3476 cum
2108 3423 2304 3491 angelo
2333 3417 2628 3473 multitudo
2663 3418 2873 3471 militiae
2916 3415 3157 3471 cmlestis
3188 3411 3531 3466 laudantium

1958 3512 2128 3567 Deum
2176 3520 2233 3567 et
2275 3510 2575 3565 dicentium
2629 3528 2642 3564 ε
2676 3507 2862 3562 Gloria
2905 3508 2960 3561 in
2993 3505 3282 3561 altissimis
3314 3503 3445 3566 Deo,
3479 3508 3535 3556 et

1957 3603 2012 3659 in
2036 3613 2178 3659 terra
2207 3619 2334 3673 pax,
2357 3602 2411 3656 in
2432 3600 2743 3656 hominibus
2763 3600 2904 3652 bona
2931 3598 3207 3652 voluntas.
3235 3595 3302 3649 Et
3330 3593 3533 3647 factum

1956 3704 2061 3758 est,
2097 3702 2158 3748 ut
2189 3695 2565 3749 discesserunt
2595 3692 2666 3747 ab
2704 3691 2773 3746 iis
2797 3691 2850 3744 in
2878 3690 3077 3743 malum
3105 3687 3310 3757 angeli,
3341 3693 3535 3754 pasto-

1957 3802 2045 3842 res
2066 3785 2324 3841 dixerunt
2343 3784 2411 3838 ad
2433 3800 2492 3839 se
2519 3785 2773 3845 invicem,
2801 3789 3148 3836 transeamus
3180 3792 3355 3847 usque
3374 3776 3538 3831 Beth-

1958 3876 2158 3940 lehem,
2202 3882 2257 3929 et
2286 3874 2571 3929 videamus
2599 3875 2705 3928 hoc
2730 3872 2957 3927 verbum
2989 3871 3135 3939 quod
3193 3870 3395 3924 factum
3426 3875 3533 3931 est,

1959 3967 2105 4038 quod
2140 3966 2406 4022 Dominus
2442 3966 2686 4021 ostendit
2738 3966 2899 4020 nobis
2935 3983 2948 4018 :
2985 3971 3039 4017 et
3081 3968 3346 4017 venerunt
3392 3958 3540 4012 festi-

1960 4068 2174 4126 nantes,
2205 4069 2260 4115 et
2294 4060 2622 4127 invenerunt
2651 4057 2874 4112 Mariam
2906 4066 2959 4111 et
2991 4055 3216 4125 Ioseph,
3261 4063 3315 4108 et
3358 4051 3538 4106 infan—

1960 4161 2069 4208 tem
2102 4153 2335 4223 positum
2374 4154 2427 4210 in
2458 4152 2744 4223 praesepio.
2794 4149 3054 4205 Videntes
3097 4156 3278 4202 autem
3334 4159 3540 4216 cogno-

1961 4251 2158 4299 verunt
2193 4244 2262 4299 (le
2295 4244 2480 4306 verbo,
2526 4243 2675 4313 quod
2729 4242 2936 4297 dictum
2970 4249 3088 4296 erat
3129 4240 3237 4293 illis
3268 4237 3338 4293 de
3369 4250 3540 4307 puero

1964 4339 2067 4392 hoc
2102 4357 2118 4393 :
2151 4346 2207 4392 et
2232 4352 2422 4393 omnes
2444 4337 2536 4406 qui
2556 4336 2847 4404 audierunt
2870 4335 3049 4388 mirati
3073 4341 3203 4389 sunt
3232 4331 3299 4387 de
3328 4331 3396 4386 iis
3417 4344 3539 4399 quae

246 4442 359 4512 τὴν
392 4439 622 4508 γένεσιν
648 4437 738 4493 τοῦ
763 4439 1014 4510 Σωτῆρος
1043 4438 1196 4509 ἡμῶν
1240 4439 1485 4512 ἱστορῶν,
1510 4437 1698 4492 τοῦτον
1723 4438 1858 4508 γρά-

1962 4429 2110 4484 dicta
2141 4436 2298 4484 erant
2329 4444 2359 4483 a
2386 4428 2700 4499 pastoribus
2739 4427 2805 4481 ad
2840 4426 2991 4496 ipsos
3013 4425 3081 4479 ".
3112 4445 3132 4477 ι
3166 4422 3291 4478 Haec
3316 4420 3537 4492 quidem

250 4550 351 4603 φει
386 4530 491 4586 τὸν
516 4531 736 4602 τρόπον’
775 4551 793 4582 ι
828 4530 934 4584 Τοῦ
965 4530 1021 4584 δὲ
1065 4529 1237 4602 Ἰησοῦ
1263 4530 1610 4600 γεννηθέντος
1642 4531 1699 4582 ἐν
1721 4528 1863 4600 Βηθ-

251 4628 404 4698 λεὲμ
428 4625 538 4694 τῆς
577 4624 829 4687 Ἰουδαίας
852 4626 909 4677 ἐν
926 4623 1161 4695 ἡμέραις
1191 4623 1430 4691 Ἡρώδου
1451 4622 1546 4677 τοῦ
1574 4622 1857 4693 βασιλέως,

255 4721 378 4775 ἰδοὺ
410 4718 603 4785 Μάγοι
635 4717 992 4789 παρεγένοντο
1017 4715 1125 4770 άπὲ
1169 4713 1443 4769 ἀνατολῶν
1474 4717 1554 4779 εἰς
1588 4716 1854 4786 Ἰερουσα-

250 4811 421 4883 λὴμ,
460 4808 741 4876 λέγοντες·
773 4807 884 4863 Ποῦ
915 4809 1075 4861 ’ἐστιν
1119 4808 1149 4860 6
1192 4806 1404 4878 τεχθεὶς
1451 4806 1705 4877 βασιλεὺς
1752 4806 1862 4861 τῶν

266 4902 583 4959 Ἰουδαίων·
625 4901 835 4972 εἴδομεν
856 4900 965 4973 γὰρ
993 4898 1158 4954 αὐτοῦ
1190 4899 1281 4954 τὸν
1331 4899 1537 4970 ἀστέρα
1566 4900 1624 4951 ἐν
1643 4902 1708 4970 τῇ
1736 4900 1866 4954 ἁνα-

252 4997 426 5068 τολῇ,
476 4994 575 5047 καὶ
603 4994 836 5065 ἤλθομεν
864 4994 1238 5065 προσκυνῆσαι
1271 4990 1441 5062 αὐτῷ.
1492 4990 1754 5056 Ἀκούσας
1807 4992 1864 5045 δέ

256 5087 289 5139 6
320 5083 595 5157 βασιλεὺς
634 5080 879 5153 Ἡρώδης
915 5082 1211 5154 ἐταράχθη,
1249 5081 1344 5135 καὶ
1382 5081 1534 5134 πᾶσα
1563 5081 1598 5151 ἡ
1637 5080 1866 5152 Ἰεροσό-

259 5180 424 5248 λυμα
455 5176 573 5245 μετ’
595 5174 782 5228 αὐτοῦ.
804 5175 915 5228 Kal
944 5172 1262 5243 συναγαγὼν
1289 5172 1501 5237 πάντας
1525 5174 1653 5237 τοὺς
1683 5174 1869 5245 ἀρχιε-

264 5274 390 5345 ρεῖς
429 5268 528 5322 καὶ
558 5270 907 5340 γραμματεῖς
932 5266 1027 5321 τοῦ
1051 5265 1204 5332 λαοῦ,
1236 5264 1570 5322 ἐπυνθάνετο
1605 5267 1735 5336 παρ’
1770 5266 1868 5318 αὐο

259 5363 411 5426 τῶν,
449 5360 554 5413 πού
579 5362 608 5412 6
640 5360 870 5431 Χριστὸς
899 5360 1177 5428 γεννᾶται.
1203 5359 1267 5413 Ol.
1293 5358 1350 5411 δὲ
1378 5353 1534 5411 εἶπον
1560 5357 1709 5428 αὐτῷ
1727 5375 1741 5388 ·
1778 5359 1867 5411 Ἐν

265 5453 537 5526 Βηθλεέμ
557 5452 659 5520 τῆς
690 5452 967 5515 Ἰουδαίας.
992 5451 1148 5505 υύτω
1182 5451 1291 5522 γὰρ
1319 5450 1630 5523 γέγραπται
1652 5450 1741 5504 διὰ
1773 5450 1866 5504 τοῦ

265 5542 592 5614 προφήτουο
624 5541 735 5594 Kal
758 5540 844 5604 σὺ,
878 5540 1146 5611 Βηθλεέμ,
1175 5535 1325 5602 οἶκος
1353 5539 1448 5593 τοῦ
1482 5540 1749 5613 Ἑφραθὰ,
1779 5540 1870 5593 οὐ-

265 5633 477 5705 δαμῶς
510 5632 767 5704 ἐλαχίστη
795 5625 845 5684 εἴ
878 5632 935 5685 ἐν
960 5634 1073 5696 τοῖς
1108 5630 1370 5705 ἡγεμόσιν
1410 5632 1596 5690 Ἰούδα.
1634 5633 1728 5687 Ἐκ
1773 5631 1866 5687 σού

348 5723 403 5757 ’⁵
445 5720 578 5779 Luc.
606 5738 668 5788 ιι,
704 5721 846 5779 1-18.

1964 4520 2162 4577 Lucas.
2190 4520 2476 4576 Matthaeus
2505 4528 2686 4575 autem
2712 4520 2804 4573 ubi
2838 4534 2905 4574 ea
2931 4534 3054 4588 qua:
3082 4518 3150 4571 ad
3179 4522 3359 4571 ortum
3412 4511 3537 4568 Sal-

1960 4613 2167 4669 vatoris
2211 4614 2383 4667 nostri
2429 4611 2672 4681 exponit,
2713 4610 2908 4664 scribit
2956 4610 3009 4662 in
3058 4608 3207 4661 hunc
3238 4603 3467 4659 modum
3520 4620 3536 4657 :

1965 4724 1986 4757 (
2021 4704 2158 4760 Cum
2179 4713 2360 4759 autem
2385 4713 2545 4758 natus
2565 4711 2711 4757 esset
2729 4699 2890 4756 Iesus
2915 4701 2970 4754 in
3001 4698 3314 4754 Bethlehem
3341 4694 3540 4750 Iudaeae

1962 4799 2017 4853 in
2048 4796 2242 4852 diebus
2274 4794 2506 4850 Herodis
2546 4795 2714 4864 regis,
2748 4807 2879 4847 ecce
2920 4790 3057 4861 Magi
3091 4790 3159 4844 ab
3196 4790 3408 4843 oriente
3441 4797 3535 4839 ve.

1962 4895 2162 4946 nerunt
2195 4886 2250 4941 in
2280 4884 2610 4948 Jerusalem,
2645 4882 2893 4938 dicentes
2934 4900 2949 4936 :
3001 4880 3103 4935 Ubi
3137 4887 3222 4935 est
3251 4878 3344 4949 qui
3378 4884 3542 4932 natus

1961 4993 2046 5043 est
2069 5001 2162 5040 rex
2192 4982 2545 5039 Judzeorum?
2595 4980 2836 5036 vidimus
2865 4979 3011 5035 enim
3065 4977 3277 5033 stellam
3313 4974 3436 5042 ejus
3482 4973 3540 5027 in

1964 5078 2198 5140 oriente,
2229 5085 2284 5130 et
2313 5075 2564 5131 venimus
2600 5081 2659 5129 ut
2692 5073 2983 5129 adoremus
3005 5085 3149 5126 eum.
3169 5067 3411 5123 Audiens
3444 5079 3540 5120 au-

1967 5178 2076 5225 tem
2092 5167 2336 5224 Herodes
2364 5183 2459 5222 rex
2477 5168 2733 5223 turbatus
2755 5171 2860 5231 est,
2893 5172 2949 5220 et
2969 5164 3148 5218 omnis
3166 5159 3542 5227 Hierosolyma

1964 5274 2092 5315 cum
2120 5260 2215 5315 illo
2249 5278 2262 5314 ε
2296 5266 2351 5314 et
2384 5272 2725 5329 congregans
2760 5269 2955 5310 omnes
2979 5252 3258 5324 principes
3285 5248 3542 5305 sacerdo-

1967 5358 2082 5404 tum
2130 5357 2184 5404 et
2237 5349 2451 5405 scribas
2506 5347 2716 5418 populi,
2760 5345 3152 5402 sciscitabatur
3203 5342 3274 5396 ab
3318 5342 3402 5396 eis
3452 5339 3543 5392 ubi

1966 5444 2219 5499 Christus
2246 5456 2586 5498 nasceretur.
2628 5442 2699 5495 At
2740 5441 2820 5496 illi
2853 5440 3111 5494 dixerunt
3135 5437 3207 5499 ei,
3239 5435 3295 5488 in
3329 5431 3547 5488 Bethle-

1966 5536 2092 5591 hem
2144 5532 2363 5590 Judeae.
2403 5531 2495 5588 Sic
2541 5532 2687 5589 enim
2739 5533 3007 5602 scriptum
3041 5535 3126 5584 est
3165 5542 3263 5598 per
3308 5527 3547 5596 prophe-

1967 5640 2077 5687 tam
2110 5648 2122 5686 :
2145 5629 2211 5685 Et
2228 5639 2308 5695 tu,
2339 5627 2654 5685 Bethlehem
2678 5624 2874 5681 domus
2896 5621 3545 5693 Ephratha,nequaquam
