3902 6264
478 292 584 352 5'53

1162 282 1426 340 EUSEBII
1464 278 1940 339 CAESARIENSIS
1975 273 2125 332 OPP.
2168 274 2346 333 PARS
2382 276 2447 333 Π.
2472 308 2543 322 —-
2578 264 3075 333 APOLOGETICA.

3575 288 3665 344 540

481 405 710 462 minima
741 418 802 460 es
830 401 888 456 in
936 397 1275 471 principibus
1302 395 1465 451 Juda.
1500 394 1580 449 Ex
1607 403 1662 451 te
1697 395 1841 451 enim
1872 391 2044 449 exibit

2157 388 2252 462 γὰρ
2278 390 2618 456 ἐξελεύσεται
2658 391 2977 462 ἡγούμενος,
3010 391 3154 455 ὅστις
3186 394 3434 463 ποιμανεῖ
3455 394 3537 449 τδν
3555 397 3659 455 λαόν

483 499 614 562 dux,
650 496 743 568 qui
776 501 962 560 pascet
990 491 1249 563 popul'um
1287 504 1467 545 meum
1510 488 1696 544 Israel.
1748 486 1901 541 Tunc
1930 483 2037 539 Ηε·

485 588 648 644 rodes
674 587 816 640 clam
850 582 1059 639 vocatis
1092 580 1283 651 Magis,
1315 581 1601 652 diligenter
1627 579 1820 635 didicit
1856 578 1925 633 ab
1962 577 2043 631 eis

485 691 700 749 tempus
741 676 911 732 stellae
937 689 1056 744 qua:
1085 673 1338 744 apparuit
1376 673 1478 738 eis,
1508 679 1563 726 et
1605 672 1826 726 mittens
1862 683 1956 723 eos
1988 668 2044 723 in

487 770 819 831 Bethlehem,
852 764 1013 837 343
1049 764 1183 818 dixit
1213 781 1228 818 :
1254 763 1332 817 lte
1360 774 1414 817 et
1441 762 1771 830 interrogate
1816 759 2046 828 diligen-

485 876 569 922 ter
602 864 670 919 de
717 875 910 933 puero,
955 869 1157 913 etcum
1190 855 1528 921 inveneritis,
1561 853 1866 908 renuntiate
1888 852 2044 917 mihi,

484 965 546 1012 ut
574 962 631 1011 et
654 968 756 1025 ego
779 951 1006 1007 veniens
1036 949 1255 1004 adorem
1282 962 1427 1002 eum.
1453 945 1557 1011 Qui
1586 960 1708 998 cum
1747 944 2049 999 audiissent

487 1064 689 1120 regem,
737 1047 1009 1107 abierunt,
1057 1050 1112 1098 et
1142 1057 1271 1097 ecce
1314 1040 1489 1104 stella,
1522 1052 1685 1108 quam
1715 1036 1963 1091 viderant
1992 1038 2053 1091 in

487 1141 721 1203 oriente,
745 1136 1101 1193 antecedebat
1131 1149 1248 1197 eos,
1280 1133 1454 1187 donec
1486 1131 1711 1185 veniens
1745 1138 1914 1185 staret
1957 1144 2051 1184 su-

491 1246 586 1301 pra
618 1218 714 1284 ubi
736 1236 853 1284 erat
900 1243 1053 1298 puer.
1096 1225 1352 1280 Videntes
1400 1230 1579 1277 autem
1628 1222 1837 1277 stellam
1879 1220 2053 1291 gavisi

489 1334 623 1378 sunt
646 1321 845 1392 gaudio
875 1334 1072 1389 magno
1101 1318 1279 1380 valde,
1314 1324 1369 1371 et
1417 1316 1686 1370 intrantes
1716 1314 1935 1368 domum
1969 1312 2053 1367 vi-

489 1413 688 1468 derunt
714 1426 942 1482 puerum
974 1425 1097 1463 cum
1129 1407 1296 1463 Maria
1321 1414 1493 1461 matre
1512 1406 1653 1475 ejus,
1688 1412 1742 1459 et
1771 1402 2055 1474 prociden-

491 1510 575 1556 tes
602 1501 967 1555 adoraverunt
993 1513 1139 1563 eum,
1168 1505 1221 1553 et
1250 1500 1455 1567 apertis
1490 1496 1763 1551 thesauris
1794 1495 1931 1559 suis,
1957 1493 2055 1549 ob-

490 1594 734 1648 tulerunt
768 1593 819 1647 ei
843 1607 1090 1654 munera,
1125 1605 1319 1644 aurum
1350 1598 1404 1645 et
1427 1591 1552 1645 thus
1580 1599 1633 1644 et
1665 1588 1975 1660 myrrham;
2000 1595 2056 1641 et

491 1700 760 1756 responso
798 1691 1024 1753 accepto
1055 1683 1109 1737 in
1141 1683 1351 1737 somnis
1384 1697 1451 1737 ne
1493 1681 1735 1736 redirent
1784 1680 1851 1734 ad
1886 1678 2055 1733 Hero-

490 1776 637 1841 dem,
709 1791 806 1847 per
853 1776 1015 1830 aliam
1061 1776 1202 1830 viam
1253 1774 1457 1829 reversi
1492 1781 1622 1829 sunt
1673 1774 1731 1828 in
1775 1774 2054 1845 regionem

491 1883 649 1926 suam
674 1871 744 1923 7'.
786 1889 806 1920 ι
841 1867 966 1923 Haec
991 1876 1171 1923 autem
1199 1868 1452 1922 universa
1476 1868 1726 1936 exposui,
1754 1874 1813 1920 ut
1835 1867 2058 1920 demon-

488 1972 721 2015 Strarem
759 1974 824 2014 ea
850 1974 971 2029 qua:
997 1959 1053 2011 in
1081 1965 1204 2011 ortu
1235 1955 1536 2011 Salvatoris
1567 1956 1735 2010 nostri
1768 1957 1821 2009 in
1844 1954 2058 2009 Bethle-

492 2052 616 2105 hem
649 2061 801 2123 gesta
834 2059 982 2114 sunt,
1012 2048 1320 2104 certissima
1352 2047 1594 2117 praebere
1621 2055 1962 2118 argumenta,
1988 2045 2057 2098 il-

493 2145 606 2199 lum
634 2159 756 2199 esse
787 2143 855 2198 de
883 2157 994 2212 quo
1045 2142 1289 2211 loquitur
1337 2140 1639 2210 prophetia.
1692 2141 1867 2210 Atque
1901 2138 2059 2193 hodie

493 2251 732 2305 quoque,
767 2234 861 2305 qui
895 2236 1074 2289 locum
1106 2234 1257 2288 illum
1290 2233 1558 2295 incolunt,
1600 2242 1854 2301 tanquam
1905 2246 1935 2284 a
1970 2246 2060 2300 pa-

492 2327 670 2380 tribus
715 2325 960 2395 ipsorum
998 2333 1220 2394 accepta
1254 2325 1537 2383 memoria,
1589 2323 1678 2385 iis,
1712 2323 1805 2392 qui
1848 2323 2056 2376 visendi

494 2419 600 2473 loci
646 2418 818 2488 gratia
869 2416 1182 2471 Bethlehem
1218 2426 1399 2486 petere
1448 2425 1871 2477 consueverunt,
1904 2416 2057 2471 testi-

491 2510 736 2563 monium
787 2524 947 2564 suum
994 2509 1249 2572 afferunt,
1302 2509 1515 2563 veritati
1564 2508 1721 2563 fidem
1774 2507 2055 2569 facientes,

492 2617 792 2673 agrumque
839 2600 1299 2661 demonstrantes.
1337 2601 1430 2655 ubi
1476 2600 1641 2670 Virgo
1684 2602 1842 2654 enixa
1875 2601 2057 2655 infan-

493 2700 602 2747 tem
640 2694 893 2763 deposuit
928 2713 940 2748 :
975 2708 1079 2763 qua
1131 2692 1196 2748 de
1244 2708 1304 2749 re
1342 2694 1456 2763 ipsa
1486 2692 1768 2764 prOphetia
1824 2693 1901 2747 sic
1935 2694 2010 2746 ait
2041 2715 2055 2747 ;

498 2805 520 2837 ι
558 2782 768 2839 Idcirco
813 2785 969 2839 dabis
1028 2801 1122 2840 eos
1175 2802 1349 2855 usque
1383 2786 1449 2839 ad
1484 2793 1697 2854 tempus
1732 2787 1993 2854 parientis
2043 2805 2055 2839 :

495 2876 692 2946 pariet.
734 2885 788 2930 et
823 2876 1015 2943 reliqui
1055 2874 1283 2930 fratrum
1319 2876 1562 2944 ipsorum
1590 2881 1991 2929 convertentur.
2035 2894 2055 2927 ι

492 2965 875 3022 Consentanee
904 2976 1083 3021 autem
1138 2969 1227 3021 hic
1282 2984 1498 3037 quoque
1531 2968 1832 3037 parientem
1861 2967 2061 3021 intelli-

496 3056 575 3129 git
602 3072 740 3119 eam,
770 3072 892 3126 quae
920 3057 976 3109 in
1009 3058 1383 3126 superioribus
1410 3058 1647 3111 oraculis
1691 3056 1856 3127 Virgo
1884 3057 2059 3110 nomi-
2086 3096 2132 3155 ο

496 3159 624 3204 nata
661 3156 765 3213 est,
798 3156 851 3203 et
880 3150 1196 3220 prophetica
1232 3150 1448 3213 mulier,
1482 3164 1602 3217 qua:
1636 3149 1813 3218 ipsum
1845 3147 2062 3201 Emma-

497 3240 627 3294 nuel
652 3249 705 3294 et
735 3240 916 3310 magni
952 3239 1169 3293 consilii
1203 3239 1454 3308 angelum
1488 3239 1591 3293 erit
1623 3239 1890 3309 paritura.
1925 3235 2060 3291 Nam

496 3344 672 3399 usque
701 3331 768 3385 ad
799 3331 1025 3400 hujusce
1058 3337 1323 3397 tempora,
1352 3328 1579 3398 ejusque
1596 3329 1687 3398 qui
1710 3329 1775 3384 de
1803 3329 1922 3397 ipsa
1945 3334 2062 3381 erat

495 3419 761 3482 oriturus,
795 3436 915 3489 quae
944 3418 1011 3472 ad
1044 3419 1279 3488 priorem
1314 3419 1572 3487 populum
1622 3419 1916 3488 pertinent,
1947 3426 2061 3473 ste-

500 3519 701 3575 terunt,
732 3513 931 3581 quippe
963 3526 1087 3565 cum
1129 3510 1210 3565 eis
1245 3510 1584 3580 praescriptio
1627 3512 1886 3580 temporis
1937 3511 2063 3565 data

464 3648 467 3651 .
497 3613 645 3659 esset
677 3619 850 3673 usque
882 3602 952 3658 ad
998 3613 1208 3672 tempus
1262 3602 1547 3672 parientis,
1600 3602 1853 3668 hocsest,
1889 3620 2062 3674 usque

499 3696 564 3750 ad
597 3696 901 3749 mirabilem
934 3704 1113 3750 ortum
1148 3694 1289 3762 ejus,
1323 3695 1417 3765 qui
1446 3694 1516 3751 de
1555 3694 1779 3767 Virgine
1808 3711 2063 3753 nascere-

496 3798 587 3843 tur
614 3803 627 3841 :
661 3794 785 3857 post
815 3802 997 3858 quem,
1028 3786 1303 3841 sublatum
1343 3786 1563 3855 quidem
1593 3795 1677 3842 est
1705 3788 1948 3857 ipsorum
1974 3801 2062 3841 re-

496 3894 688 3949 gnum;
717 3879 809 3948 qui
836 3894 965 3933 vero
999 3877 1192 3947 reliqui
1227 3876 1455 3931 fratrum
1497 3878 1738 3947 ipsorum
1782 3878 2059 3944 dicuntur,

497 3969 537 4023 ii
564 3983 691 4025 sunt
716 3969 1040 4038 accipiendi,
1066 3972 1159 4039 qui
1186 3969 1242 4023 in
1268 3967 1546 4025 Christum
1564 3968 1659 4025 Dei
1690 3953 2059 4035 crediderunt,

497 4062 730 4132 apostoli
764 4069 816 4115 et
840 4062 1096 4130 discipuli
1136 4068 1192 4116 et
1238 4062 1587 4133 evangelista:
1633 4060 1935 4118 Salvatoris
1961 4078 2063 4117 no-

497 4153 597 4209 stri
641 4171 654 4206 :
692 4168 830 4222 quos
861 4168 1160 4209 conversos
1207 4156 1325 4224 ipse
1370 4154 1635 4212 Domine:
1674 4169 1901 4224 pascere
1927 4155 2065 4210 dici-

490 4250 607 4309 tur,
640 4259 752 4297 non
784 4243 927 4299 sicut
974 4245 1125 4313 prius
1153 4260 1250 4314 per
1292 4246 1536 4315 angelos,
1570 4253 1663 4299 aut
1702 4259 1802 4315 per
1831 4247 2065 4300 admini-

495 4344 640 4390 stros
678 4335 946 4398 homines,
981 4335 1075 4390 sed
1113 4337 1227 4406 ipse
1256 4350 1352 4405 per
1380 4334 1645 4406 seipSum,
1705 4353 1880 4407 usque
1927 4337 2063 4393 adeo

498 4436 556 4481 ut
583 4439 804 4498 propter
832 4429 934 4483 hoc
964 4429 1300 4500 magnificari
1333 4446 1428 4486 eos
1467 4431 1758 4501 contigerit
1787 4447 1961 4503 usque
1991 4433 2057 4487 ad
2091 4470 2135 4525 Β

494 4531 796 4574 extremum
831 4528 1009 4575 terrae.
1044 4519 1371 4590 Magnificati
1401 4522 1545 4576 enim
1587 4529 1736 4587 sunt,
1785 4538 1894 4593 quo
1933 4530 2062 4577 tem-

493 4626 625 4681 pore
654 4611 708 4664 in
747 4626 962 4666 omnem
1011 4617 1213 4665 terram
1248 4612 1415 4667 exivit
1459 4627 1629 4667 sonus
1673 4628 1885 4680 eorum,
1920 4620 1975 4669 et
2004 4616 2061 4668 in

494 4702 629 4758 lines
655 4703 806 4758 orbis
832 4710 991 4757 terra:
1027 4704 1188 4757 verba
1230 4719 1443 4759 eorum.
1484 4703 1712 4759 Constat
1738 4720 1869 4761 vero
1897 4706 2060 4761 etiam

494 4793 650 4857 illud,
675 4808 837 4863 quam
863 4809 1090 4863 magnus
1121 4810 1252 4864 grex
1294 4810 1389 4863 per
1429 4794 1737 4851 universam
1767 4803 1969 4850 terram
2000 4807 2062 4851 ut

494 4886 851 4941 rationalibus
884 4886 1246 4955 humanisque
1278 4887 1472 4944 ovibus
1506 4890 1609 4957 ipsi
1638 4888 1801 4961 3M
1832 4888 2059 4945 Domino

494 4995 591 5050 per
618 4981 894 5049 apostolos
917 4994 1046 5036 suos
1073 4980 1337 5034 collectus
1357 4980 1445 5034 sit.
1472 4979 1641 5045 Quem
1678 4997 1810 5037 sane
1842 4997 2058 5052 gregem

493 5071 608 5139 ipse
641 5070 903 5126 Dominus
932 5087 1027 5141 per
1059 5071 1323 5140 seipsum,
1369 5073 1461 5141 qui
1498 5073 1620 5140 ejus
1666 5080 1853 5142 pastor
1894 5074 2057 5127 simul

492 5171 546 5217 et
571 5162 827 5217 Dominus
851 5170 955 5227 est,
973 5164 1193 5219 visurus
1216 5172 1582 5234 pasturusque
1611 5166 1665 5219 in
1697 5166 1893 5221 robore
1921 5167 2060 5221 dici-

492 5261 602 5316 tur,
626 5253 760 5309 adeo
780 5254 1018 5325 quidem,
1044 5263 1102 5308 ut
1121 5255 1175 5310 in
1200 5272 1359 5310 manu
1383 5256 1509 5311 forti
1528 5266 1581 5313 et
1602 5258 1826 5313 brachio
1841 5259 2058 5313 excelso

494 5359 525 5397 a
554 5343 783 5399 Domino
811 5353 866 5400 et
907 5354 1127 5415 pastore
1175 5357 1514 5403 conservatae
1561 5365 1690 5405 oves
1740 5351 1876 5405 nihil
1930 5353 2054 5405 mali

488 5434 770 5501 patiantur
802 5435 870 5489 ab
907 5436 1296 5496 insidiantibus
1325 5440 1535 5510 asperis
1564 5449 1618 5496 et
1644 5442 1947 5496 immitibus
1980 5442 2058 5497 fe-

493 5523 591 5578 ris.
620 5522 686 5577 Et
706 5539 770 5578 ea
797 5526 1012 5593 quidem
1038 5542 1158 5597 qum
1183 5530 1249 5584 ad
1274 5540 1451 5585 ortum
1475 5531 1529 5585 in
1552 5530 1883 5598 Bcthlchem,
1905 5548 2056 5604 qum-

565 5706 612 5737 "
651 5704 839 5758 Matth.
876 5723 933 5773 ιι,
973 5709 1109 5763 1-12.

2148 501 2247 555 μου
2272 485 2363 538 τὸν
2399 482 2632 555 Ἰσραήλ.
2656 483 2790 537 Τότε
2823 483 3085 555 Ἡρώδης,
3116 482 3288 556 λάθρα
3318 484 3537 552 καλέσας
3558 493 3659 556 τοὺς

2150 576 2376 647 μάγους,
2396 574 2678 647 ἡκρίϐωσε
2713 576 2842 647 παρ’
2870 575 3048 629 αὐτῶν
3074 574 3164 629 τὸν
3188 575 3371 646 χρόνον
3398 577 3483 630 τοῦ
3511 597 3661 648 φαινο-

2150 668 2307 739 μένου
2330 669 2556 740 ἀστέρος
2573 684 2589 699 ’
2614 668 2707 721 καὶ
2727 666 2946 738 πέμψας
2964 668 3159 731 αὐτοὺς
3182 670 3261 731 εἰς
3276 667 3523 740 Βηθλεὲμ,
3545 668 3657 727 εἷπε·

2146 761 2506 833 Πορευθέντες
2541 760 2830 827 ἐξετάσατε
2867 759 3107 832 ἀκριϐῶς
3166 759 3292 832 περὶ
3325 761 3415 814 τοῦ
3464 764 3661 823 παιδίου.

2160 854 2327 908 Ἐπάν
2349 855 2407 908 δὲ
2440 853 2658 925 εὕρητε,
2682 853 3033 923 ἀναγγείλατέ
3064 870 3171 924 μοι,
3196 853 3341 916 ὅπως
3366 854 3510 922 κάγὼ
3526 856 3664 911 ἐλθὼν

2149 948 2508 1020 προσκυνήσω
2549 946 2715 1018 αὐτῷ.
2762 948 2824 1001 Οἰ
2855 947 2910 1000 δέ
2952 946 3278 1010 ἀκούσαντες
3318 945 3409 999 τοῦ
3449 946 3667 1017 βασιλέως

2149 1038 2542 1111 ἐπορεύθησαν.
2570 1038 2680 1092 Καὶ
2709 1038 2815 1092 ἰδοὺ
2851 1040 2879 1092 ό
2928 1039 3123 1110 ἀστὴρ,
3148 1038 3205 1091 ὃν
3234 1034 3369 1091 εἶδον
3395 1039 3450 1091 ἐν
3475 1041 3535 1110 τῇ
3566 1041 3669 1093 ἀνα-

2149 1133 2297 1204 τολῇ,
2322 1131 2559 1203 προῆγεν
2584 1130 2795 1195 αὐτοὺς,
2829 1129 2934 1193 ἕως
2970 1128 3137 1183 ἐλθὼν
3172 1128 3301 1199 ἔστη
3335 1128 3509 1183 ἐπάνω
3546 1122 3597 1183 οὗ
3618 1127 3669 1202 ἦν

2149 1226 2210 1279 τὸ
2250 1224 2476 1278 παιδίον.
2522 1224 2740 1286 Ἰδόντες
2762 1223 2818 1276 δὲ
2855 1224 2947 1277 τὸν
2992 1222 3196 1294 ἀστέρα
3223 1223 3488 1294 ἐχάρησαν
3530 1225 3671 1294 χαρὰν

2156 1318 2396 1391 μεγάλην
2422 1316 2623 1389 σφόδρα
2646 1334 2661 1346 ⁶
2689 1316 2783 1369 καὶ
2818 1314 3058 1379 ἐλθόντες
3096 1318 3175 1379 εἰς
3209 1314 3307 1386 τὴν
3351 1314 3518 1369 οἰκίαν
3563 1314 3672 1368 εἰδον

2149 1408 2214 1462 τὸ
2272 1407 2481 1461 παιδίον
2527 1405 2665 1477 μετά
2704 1406 2922 1477 Μαρίας
2962 1407 3061 1476 τῆς
3120 1406 3323 1478 μητρὸς
3379 1404 3564 1469 αὑτοῦ,
3601 1406 3674 1458 καὶ

2153 1500 2410 1563 πεσόντες
2448 1500 2856 1571 προσεκύνησαν
2891 1499 3068 1571 αὐτῷ·
3118 1499 3211 1552 καὶ
3250 1495 3545 1563 ἀνοίξαντες
3577 1498 3675 1561 τοὺς

2155 1591 2458 1663 θησαυροὺς
2490 1588 2687 1655 αὑτῶν,
2729 1590 3102 1661 προσήνεγκαν
3129 1586 3275 1658 αὐτῷ
3299 1587 3463 1659 δῶρα,
3491 1587 3674 1659 χρυσὸν,

2156 1687 2250 1739 καὶ
2287 1685 2518 1749 λίϐανον,
2545 1684 2640 1738 καὶ
2666 1683 2930 1756 σμύρναν.
2960 1685 3069 1738 Kal
3111 1684 3556 1755 χρηματισθέντες
3582 1685 3675 1736 κατ’

2085 1735 2129 1791 Β
2157 1735 2763 1848 έᾲ;ρ”ἰᾈῆ’ὲινᾎιέᾶέιοὲέ
2780 1735 2929 1849 ’ἐιέρὲλξ
2961 1735 3553 1849 ῖῇῥιδὲἓιὸζέέτιλληέ
3579 1735 3676 1827 ea

2158 1868 2510 1940 ἀνεχώρησαν
2538 1871 2617 1932 είς
2650 1868 2747 1941 τὴν
2792 1867 2972 1941 χώραν
3000 1868 3198 1921 αὑτῶν.
3228 1886 3248 1919 ι
3279 1866 3415 1922 Ὅλα
3454 1867 3506 1920 δὲ
3540 1866 3680 1920 ταῦτα

2158 1960 2420 2030 ἐξεθέμην
2470 1962 2548 2024 εἰς
2590 1961 2927 2032 παράστασιν
2957 1961 3065 2014 τῶν
3103 1958 3496 2033 πεπραγμένων
3526 1959 3605 2013 ἐπὶ
3627 1961 3681 2028 τῇ

2158 2052 2215 2104 ἐν
2268 2052 2511 2123 Βηθλεέμ
2566 2052 2776 2120 γενέσει
2828 2051 2918 2106 τοῦ
2976 2053 3226 2125 Σωτῆρος
3271 2052 3459 2125 ἡμῶν,
3511 2050 3680 2123 ἐναργῆ

2156 2144 2430 2214 τεκμήρια
2463 2143 2768 2215 παρέχοντα
2809 2144 2971 2198 αὑτὸν
3009 2139 3145 2198 εῖναι
3170 2143 3260 2197 τὸν
3308 2142 3413 2197 ὑπὸ
3440 2142 3533 2214 τῆς
3576 2159 3683 2213 προ-

2159 2235 2385 2306 φητείας
2409 2236 2752 2307 δηλούμενον.
2795 2237 2905 2291 Καὶ
2945 2237 3026 2301 εἰς
3050 2236 3208 2309 δεῦρο
3249 2236 3307 2291 δὲ
3355 2237 3405 2290 οί
3444 2236 3529 2288 τὸν
3549 2235 3684 2288 τόπον

2157 2326 2448 2389 οἰκοῦντες,
2486 2326 2560 2390 ὡς
2602 2329 2666 2379 ἐκ
2709 2327 2958 2399 πατέρων
2999 2329 3078 2391 εἰς
3127 2328 3323 2391 αὐτοὺς
3361 2325 3686 2395 κατελθούσης

2164 2416 2530 2487 παραδόσεως,
2555 2420 2666 2480 τοῖς
2707 2417 2817 2470 τῶν
2847 2418 3027 2472 τόπων
3061 2419 3300 2491 ἱστορίας
3334 2419 3487 2489 χάριν
3515 2420 3584 2480 εἰς
3604 2417 3687 2488 τὴν

2160 2507 2403 2578 Βηθλεὲμ
2434 2508 2847 2579 ἀφικνουμένοις
2884 2509 3238 2581 μαρτυροῦσι,
3274 2508 3383 2563 τῶν
3422 2509 3579 2577 λόγων
3613 2524 3687 2558 πι-

2162 2598 2443 2668 στούμενοι
2474 2598 2571 2669 τὴν
2601 2599 2852 2670 ἀλήθειαν
2893 2600 2979 2653 διά
3016 2601 3115 2671 τῆς
3142 2599 3235 2653 τοῦ
3271 2598 3443 2672 ἀγφοῦ
3482 2598 3687 2664 δείξεως,

2159 2690 2216 2742 ἐν
2244 2683 2287 2758 ᾧ
2316 2688 2546 2743 τεκοῦσα
2593 2691 2625 2761 ὴ
2673 2689 2947 2762 Παρθένος
2988 2690 3367 2745 κατατέθειται
3396 2689 3456 2743 τὸ
3491 2688 3686 2760 βρέφος·

2162 2783 2244 2849 ἐφ’
2271 2776 2406 2852 οῖςή
2439 2781 2741 2853 προφητεία
2763 2782 2893 2852 φησί
2915 2798 2929 2812 ο
2968 2799 2986 2833 ι
3019 2780 3119 2835 Διά
3143 2781 3298 2834 τοῦτο
3331 2778 3488 2833 δώσει
3525 2778 3691 2838 αὐτοὺς

2162 2872 2264 2935 ἕως
2298 2872 2489 2943 καιροῦ
2518 2873 2821 2943 τικτούσης.
2848 2872 3090 2939 Τέξεται,
3116 2873 3210 2927 καὶ
3247 2875 3294 2925 οἰ
3323 2871 3583 2925 ἐπίλοιποι
3601 2868 3693 2921 τῶν

2163 2957 2402 3027 ἀδελφῶν
2426 2960 2605 3014 αὐτῶν
2638 2961 3068 3033 ἐπιστρέφουσιν,
3091 2981 3110 3013 ›
3151 2962 3482 3025 ’Δκολούθως
3507 2960 3558 3013 δὲ
3581 2959 3692 3012 κάν-

2163 3051 2334 3105 ταῦθα
2365 3052 2649 3106 τίκτουσαν
2673 3053 2822 3123 δηλοῖ
2843 3053 2940 3125 τὴν
2976 3054 3033 3107 ἐν
3077 3055 3195 3116 ταῖς
3239 3053 3473 3124 πρόσθεν
3515 3068 3696 3122 προφη-

2163 3143 2333 3208 τείαις
2366 3144 2639 3217 Παρθένον
2681 3145 3071 3215 ὠνομασμένην
3114 3144 3208 3198 καὶ
3253 3143 3572 3215 προφήτιδα,
3612 3141 3695 3209 τὴν

2161 3236 2252 3289 τδν
2284 3237 2627 3308 Ἐμμανουήλ
2684 3236 2777 3289 καὶ
2817 3236 2909 3289 τὸν
2941 3236 3040 3307 τῆς
3073 3236 3311 3308 μεγάλης
3340 3235 3529 3307 βουλῆς
3558 3235 3697 3301 ἄγγε-

2162 3328 2251 3381 λον
2278 3328 2698 3401 ἀποτεξομένην.
2727 3332 2872 3395 Ἕως
2898 3330 3007 3400 γάρ
3027 3329 3135 3382 τῶν
3168 3329 3373 3400 ταύτης
3395 3327 3590 3399 καιρῶν
3619 3324 3696 3377 καὶ

2162 3422 2254 3475 τοῦ
2288 3421 2348 3486 ἐξ
2394 3422 2568 3492 αὐτῆς
2607 3422 2997 3493 ἀποτεχθέντος
3052 3422 3145 3475 καὶ
3194 3420 3261 3474 τά
3309 3420 3410 3475 τοῦ
3462 3417 3695 3490 προτέρου

2163 3514 2290 3568 λαοῦ
2330 3517 2669 3586 συνειστήκει
2689 3555 2703 3579 ,
2730 3515 2978 3587 δοθείσης
3025 3516 3207 3577 αὐτοῖς
3251 3513 3581 3586 προθεσμίας
3610 3510 3698 3571 ἕως

2164 3604 2356 3677 καιροῦ
2389 3605 2705 3677 τικτούσης,
2752 3606 2898 3659 τοῦτ’
2935 3593 3089 3660 ἔστιν’
3129 3606 3233 3669 ἕως
3278 3608 3379 3678 τῆς
3424 3602 3698 3676 παραδόξου

2161 3698 2427 3765 γενέσεως
2465 3696 2559 3749 τοῦ
2604 3699 2665 3750 ἐκ
2715 3696 2816 3767 τῆς
2848 3698 3124 3769 Παρθένου
3164 3697 3466 3768 τεχθέντος,
3510 3694 3616 3766 μεθ’
3647 3691 3695 3744 ὃν

2162 3790 2304 3863 ἤρθη
2349 3791 2444 3862 μὲν
2488 3790 2667 3844 αὐτῶν
2719 3790 2753 3861 ή
2796 3789 3058 3861 βασιλεία.
3089 3790 3153 3844 Ol
3204 3789 3260 3842 δὲ
3307 3788 3567 3842 ἐπίλοιποι
3607 3784 3699 3838 τῶν

2162 3880 2405 3952 ἀδελφῶν
2434 3881 2630 3947 αὐτῶν,
2663 3874 2809 3939 οὗτοι
2835 3881 2902 3935 ἀν
2926 3876 3034 3934 εἷεν
3058 3880 3109 3932 οί
3140 3880 3221 3944 εἰς
3252 3879 3346 3934 τὸν
3372 3878 3592 3951 Χριστὸν
3620 3871 3699 3927 τοῦ

2161 3973 2298 4028 θεοῦ
2345 3975 2765 4037 πεπιστευκότες
2801 3973 3086 4028 ἀπόστολοι
3111 4014 3127 4038 ,
3167 3972 3261 4027 καὶ
3310 3971 3575 4044 μαθηταὶ,
3621 3965 3701 4020 καὶ

2162 4067 2544 4135 εὐαγγελισταὶ
2574 4065 2667 4121 τοῦ
2688 4066 2939 4138 Σωτῆρος
2966 4066 3144 4138 ήμῶν,
3174 4063 3268 4129 οὓς
3297 4060 3701 4134 ἐπιστρέψαντας

2163 4159 2324 4222 αὐτὸς
2349 4162 2377 4213 ό
2399 4159 2602 4232 Κύριος
2628 4162 2907 4231 ποιμανεῖν
2929 4158 3165 4227 λέγεται,
3188 4158 3248 4211 ού
3287 4156 3472 4219 καθὼς
3500 4153 3559 4207 τὸ
3591 4150 3702 4221 πρὶν

2161 4251 2227 4303 δι’
2256 4251 2499 4319 ἀγγέλων
2530 4251 2671 4321 ἤδιά
2703 4250 3042 4321 θεραπόντων
3069 4247 3389 4319 ἀνθρώπων,
3421 4245 3532 4301 ἀλλ’
3564 4241 3701 4302 αὐτὸς

2161 4341 2227 4394 δι’
2255 4342 2470 4407 ἐαυτοῦ,
2490 4343 2628 4396 ὥστε
2655 4342 2743 4396 διά
2779 4341 2936 4395 τοῦτο
2967 4339 3366 4413 μεγαλυνθῆναι
3400 4337 3586 4399 αὐτοὺς
3613 4333 3702 4394 ἕως

2163 4431 2334 4504 ἆκρου
2361 4433 2460 4503 τῆς
2489 4434 2609 4503 γῆς.
2658 4431 3130 4504 Ἐμεγαλύνθησαν
3162 4431 3270 4502 γὰρ
3313 4431 3403 4485 ὅτε
3446 4431 3524 4492 εἰς
3546 4427 3699 4479 πᾶσαν

2161 4520 2261 4593 τὴν
2289 4520 2392 4590 γῆν
2417 4520 2636 4591 ἐξῆλθεν
2658 4524 2687 4575 ὁ
2710 4521 2942 4591 φθόγγος
2967 4520 3165 4584 αὐτῶν,
3198 4520 3292 4575 καὶ
3314 4520 3395 4582 εἰς
3416 4516 3485 4571 τά
3517 4514 3701 4586 πέρατα

2161 4613 2260 4683 τῆς
2286 4612 2607 4683 οἰκουμένης
2634 4611 2705 4665 τά
2752 4613 2951 4683 ῥήματ’
2991 4611 3189 4666 αὐτῶν.
3229 4610 3498 4681 Πρόδηλον
3528 4608 3581 4660 δὲ
3622 4604 3702 4657 καὶ

2162 4703 2341 4755 ὁποῖον
2361 4702 2501 4773 μέγα
2518 4702 2764 4773 ποίμνιον
2785 4702 2904 4755 καθ’
2922 4701 3048 4773 ὅλης
3063 4701 3163 4772 τῆς
3182 4701 3285 4771 γῆς
3300 4703 3365 4754 ἐκ
3389 4695 3608 4768 λογικῶν
3623 4693 3704 4748 καὶ

2161 4792 2513 4864 ἀνθρωπείων
2535 4793 2817 4864 προϐάτων
2835 4792 2913 4864 τῷ
2943 4789 3132 4865 Κυρίῳ
3157 4793 3244 4845 διὰ
3281 4792 3388 4845 τῶν
3417 4787 3701 4844 ἀποστόλων

2162 4886 2326 4939 αὐτοῦ
2346 4887 2589 4956 συνέστη·
2607 4887 2634 4939 δ
2650 4887 2742 4940 καὶ
2757 4886 2919 4950 αὐτὸς
2937 4888 2965 4939 ὁ
2981 4886 3183 4958 Κύριος
3196 4885 3260 4939 δι’
3285 4882 3498 4947 ἐαυτοῦ,
3523 4877 3700 4949 ποιμὴν

2159 4978 2294 5050 ὁμοῦ
2317 4980 2410 5032 καὶ
2426 4979 2627 5050 Κύριος
2640 4977 2713 5031 ῶν
2724 4979 2821 5049 τῆς
2837 4979 3088 5048 ποίμνης,
3104 4975 3395 5046 ἐπόψεσθαι
3412 4974 3502 5027 καὶ
3532 4982 3703 5038 ποιμα·

2159 5075 2270 5126 νεῖν
2282 5075 2337 5126 ἐν
2361 5073 2501 5142 ἰσχύϊ
2516 5072 2748 5140 λέγεται,
2766 5070 2905 5124 ῶστε
2922 5072 2979 5122 ἐν
2995 5071 3135 5140 χειρί
3150 5069 3382 5140 κραταιᾷ
3403 5065 3495 5119 καί¹
3514 5066 3569 5116 ἐν
3594 5059 3704 5131 βρα-

2159 5169 2293 5239 χίονι
2306 5166 2493 5238 ὑψηλῷ
2508 5167 2641 5237 πρὸς
2653 5164 2745 5217 τοῦ
2760 5164 3016 5217 δεσπότου
3031 5161 3123 5214 καὶ
3140 5160 3390 5229 ποιμένος
3402 5153 3699 5229 φυλαττόμε·

2157 5276 2223 5311 να
2267 5258 2338 5311 τά
2361 5256 2604 5326 πρόϐατα
2630 5254 2792 5327 μηδέν
2812 5271 2865 5307 τι
2895 5252 3086 5306 παθεῖν
3109 5252 3276 5306 δεινὸν
3304 5250 3439 5321 πρὸς
3464 5246 3565 5302 τῶν
3593 5244 3703 5313 ἐφε-

2158 5349 2453 5420 δρευόντων
2482 5348 2661 5411 αὐτοῖς
2677 5345 2879 5418 ἀγρίων
2906 5346 2999 5397 καὶ
3025 5342 3245 5414 ἀπηνῶν
3277 5342 3341 5412 θη
3351 5341 3498 5412 ρίων.
3525 5337 3626 5391 Καὶ
3641 5332 3702 5387 τὰ

2163 5440 2259 5510 μὲν
2291 5440 2419 5508 περὶ
2443 5440 2542 5509 τῆς
2561 5441 2618 5493 ὲν
2656 5438 2918 5511 Βηθλεέμ,
2940 5438 3032 5491 καὶ
3046 5438 3142 5509 τῆς
3153 5436 3260 5489 ἀπὸ
3279 5433 3481 5505 ταύτης
3495 5427 3697 5503 προόδου

2158 5532 2250 5585 τοῦ
2277 5531 2780 5606 προκηρυττομένου
2797 5530 2950 5595 Θεοῦ,
2968 5529 3151 5584 τοῦτον
3166 5530 3273 5600 ἔχει
3290 5528 3378 5581 τὸν
3392 5526 3602 5597 τρόπον’
3614 5517 3701 5592 τὴν
