3902 6264
314 331 411 387 551

1232 326 1884 384 DEMONSTRATIONIS
1908 325 2361 381 EVANGELICA‘I
2392 326 2524 381 LIB.
2560 325 2670 384 VII.

3442 331 3545 385 542

304 446 362 500 δὲ
394 445 456 509 ἐξ
488 444 735 517 οὐρανῶν
764 448 843 509 εἰς
890 444 1205 517 ἀνθρώπους
1252 443 1545 516 ἐπιδημίαν
1579 443 1741 497 αὐτοῦ
1788 460 1848 495 το

1986 458 2092 511 que
2126 441 2190 495 ad
2220 457 2571 512 progressum
2596 457 2660 496 ex
2684 456 2749 495 eo
2781 440 3073 510 pertinent,
3104 440 3225 509 ejus
3262 439 3354 495 Dei
3384 456 3544 509 quem

304 539 511 609 Κυρίου
547 538 640 591 καὶ
678 537 934 608 ποιμένος
962 538 1061 608 ἤδη
1088 537 1181 590 καὶ
1213 537 1473 608 πρότερον
1505 535 1564 600 ἐξ
1592 535 1753 588 αὑτοῦ
1780 533 1872 587 τοῦ

303 630 443 700 μετὰ
469 633 654 701 χεῖρας
683 633 961 701 προφήτου
990 629 1390 700 παρατέθειμαι
1419 667 1432 691 ,
1463 627 1527 680 δι’
1557 621 1630 680 ὧν
1656 626 1835 693 ἔλεγεν
1855 643 1869 656 ·

305 743 321 773 ι
365 722 680 785 Ἀκούσατε,
718 722 835 776 λαοὶ
873 722 1090 785 πάντες,
1117 723 1210 775 καὶ
1246 720 1557 791 προσεχέτω
1593 720 1743 791 ήγῆ,
1781 721 1873 773 καί⁸

297 814 500 876 πάντες
533 814 583 866 οἰ
610 815 665 865 ἐν
697 813 858 883 αὐτῇ,
896 815 986 866 καὶ
1021 813 1174 866 ἔσται
1214 813 1414 882 Κύριος
1448 812 1574 882 ύμῖν
1616 814 1693 874 εἰς
1734 830 1873 883 μαρ-

288 905 516 976 τύριον,
566 905 770 976 Κύριος
816 905 873 970 ἐξ
918 903 1065 957 οἴκου
1119 905 1273 971 ἁγίου
1328 904 1522 956 αὑτοῦ*
1579 903 1709 956 διότι
1763 904 1869 956 ἰδοὺ

290 995 502 1067 Κύριος
557 996 759 1068 Κύριος
806 995 1159 1067 ἐκπορεύεται
1205 998 1269 1049 ἐκ
1321 995 1411 1048 τοῦ
1466 996 1632 1048 τόπου
1679 996 1867 1060 αὐτοῦ,

286 1089 381 1140 καὶ
410 1087 801 1158 καταϐήσεται,
829 1107 847 1140 ι
872 1088 965 1141 καὶ
984 1087 1052 1139 τά
1081 1087 1225 1156 ἑξῆς·
1246 1081 1326 1151 οἷς
1348 1086 1610 1155 ἐπιλέγων
1636 1086 1866 1157 ἔφασκε·

283 1194 300 1224 ι
338 1178 421 1230 Δι’
440 1177 696 1230 ἀσέϐειαν
732 1175 926 1230 Ἰακὼϐ
958 1176 1133 1228 πάντα
1167 1174 1356 1236 ταῦτα,
1392 1177 1484 1228 καὶ
1509 1175 1575 1228 δι’
1599 1177 1868 1249 ἁμαρτίαν

284 1271 443 1324 οἴκου
488 1270 726 1341 Ἰσραήλ·
770 1290 787 1320 ι
842 1270 1018 1337 Σαφές
1065 1269 1120 1321 δέ
1168 1269 1266 1321 καί
1306 1268 1413 1321 ἀπὸ
1444 1268 1550 1322 τῶν
1604 1270 1729 1341 ἑξῆς
1772 1270 1867 1325 τοῦ

285 1362 456 1415 αὐτοῦ
488 1362 789 1432 προφήτου,
830 1362 911 1414 δτι
935 1363 1008 1432 μὴ
1043 1362 1199 1433 μόνον
1242 1362 1329 1415 διά
1361 1362 1456 1425 τὰς
1492 1363 1742 1427 ἀσεϐείας
1775 1365 1866 1418 τοῦ

295 1452 571 1505 Ἰουδαίων
596 1450 779 1513 ἔθνους
802 1451 901 1520 τήν
941 1450 998 1516 ἐξ
1032 1450 1273 1521 οὐρανῶν
1315 1452 1343 1501 ό
1378 1450 1577 1520 Κύριος
1606 1451 1868 1521 πεποίητο

284 1542 537 1606 κάθοδον,
566 1541 702 1595 ἀλλά
724 1543 817 1595 καὶ
839 1541 926 1594 διά
960 1542 1059 1613 τὴν
1095 1541 1365 1611 σωτηρίαν
1405 1543 1495 1593 καὶ
1534 1541 1727 1611 κλῆσιν
1759 1543 1868 1595 τῶν

282 1635 461 1688 ἐθνῶν
508 1636 778 1688 ἁπάντων.
817 1633 1084 1701 Ἐπιλέγει
1113 1632 1156 1685 δ’
1186 1628 1277 1685 οὖν
1326 1631 1452 1702 ἐξῆς
1472 1650 1490 1663 ι
1534 1651 1552 1682 ι
1579 1634 1688 1685 Καὶ
1715 1633 1865 1687 ἔσται

281 1728 372 1778 ἐπ’
411 1727 655 1796 ἐσχάτων
686 1726 793 1778 τῶν
828 1724 1049 1795 ἡμερῶν
1083 1724 1323 1792 ἐμφανὲς
1364 1723 1423 1776 τὸ
1464 1723 1587 1795 όρος
1637 1725 1861 1797 Κυρίου,

1980 534 2254 604 prophetae
2286 533 2631 597 nuntiabant,
2668 535 2723 587 in
2755 532 2900 586 hunc
2940 533 3158 587 modum
3213 549 3271 588 se
3319 534 3541 588 habent.

1979 627 2282 681 Adventum
2314 633 2493 680 autem
2528 627 2701 695 ipsius
2729 623 2940 679 Domini
2972 636 3024 678 et
3054 624 3288 693 pastoris
3311 624 3378 679 de
3403 625 3543 677 coelo

1978 721 2044 775 ad
2094 721 2344 775 homines
2393 718 2717 789 jampridem
2765 733 2829 771 ex
2885 714 3073 771 eodem
3125 715 3405 785 propheta,
3449 715 3542 785 qui

1978 812 2213 865 nuncin
2269 811 2521 865 manibus
2571 817 2675 869 est,
2731 808 3014 878 proposui,
3059 807 3149 862 ubi
3195 808 3275 862 sic
3313 807 3539 862 aiebat:

1982 922 2000 952 ι
2042 903 2255 965 Audite,
2284 902 2469 972 populi
2500 917 2709 960 omnes.
2735 908 2788 955 et
2810 899 3048 953 attendat
3075 907 3242 962 terra,
3276 908 3329 952 et
3351 914 3540 954 omnes

1978 993 2069 1064 qui
2110 1001 2237 1047 sunt
2283 994 2335 1045 in
2364 1007 2446 1055 ea,
2479 999 2533 1046 et
2571 991 2677 1044 erit
2711 989 2974 1044 Dominus
3006 990 3162 1043 vobis
3208 988 3262 1041 in
3289 989 3538 1042 testimo-

1975 1086 2124 1140 nium
2156 1103 2169 1137 :
2198 1082 2457 1138 Dominus
2487 1100 2549 1139 ex
2579 1084 2744 1138 domo
2769 1088 2957 1136 saneta
2989 1094 3109 1141 sua,
3139 1080 3266 1149 quia
3294 1094 3420 1133 ecce
3442 1076 3557 1133 Do-

1975 1179 2157 1231 minus
2190 1176 2450 1230 Dominus
2498 1173 2806 1245 egredietur
2828 1172 2895 1226 de
2926 1172 3045 1223 loco
3070 1185 3191 1232 suo,
3222 1179 3274 1222 et
3304 1169 3538 1224 descen-

1972 1268 2063 1322 det
2095 1269 2161 1332 ⁷⁸,
2208 1287 2225 1319 ι
2261 1275 2313 1323 et
2363 1275 2599 1331 caitera;
2652 1265 2852 1333 quibus
2892 1261 3140 1332 adjungit
3184 1280 3197 1315 :
3254 1279 3272 1310 ι
3312 1261 3538 1328 Propter

1971 1359 2304 1427 impietatem
2334 1356 2504 1411 Iacob
2532 1355 2716 1410 omnia
2746 1355 2882 1417 hate,
2920 1362 2975 1407 et
3003 1359 3224 1423 propter
3253 1360 3537 1421 peccatum

1972 1450 2166 1504 domus
2197 1449 2362 1503 Israel
2392 1450 2458 1502 ⁷⁷.
2517 1469 2534 1499 ι
2583 1447 2665 1501 Ab
2716 1447 2785 1502 iis
2837 1456 3019 1500 autem
3067 1460 3188 1516 qua:
3232 1452 3537 1513 sequuntur

1973 1540 2114 1610 apud
2147 1540 2395 1595 eumdem
2444 1541 2762 1610 prophetam
2792 1540 2954 1594 etiam
3006 1538 3135 1592 illud
3168 1538 3387 1607 planum
3428 1542 3535 1602 est,

1971 1633 2114 1701 quod
2148 1648 2255 1685 non
2287 1634 2462 1687 solum
2497 1642 2715 1703 propter
2743 1633 3051 1703 impietates
3088 1629 3328 1687 Iudaica:
3355 1628 3536 1698 gentis

1972 1721 2233 1777 Dominus
2261 1723 2329 1776 de
2355 1724 2497 1777 coelo
2530 1724 2834 1783 descendit.
2871 1722 2966 1777 sed
2994 1723 3154 1777 etiam
3188 1728 3410 1790 propter
3444 1733 3535 1774 sa-

279 1820 383 1873 καὶ
409 1816 731 1870 σπεύσουσιν
752 1816 838 1869 ἐπ’
868 1816 997 1868 αὐτὸ
1029 1814 1145 1868 λαοί
1172 1814 1373 1877 πολλοὶ,
1398 1816 1490 1868 καὶ
1514 1814 1844 1885 πορεύσοντα

1970 1812 2133 1866 lutem
2166 1823 2215 1867 et
2240 1816 2582 1869 vocationem
2611 1815 2854 1884 gentium
2884 1822 3228 1868 cunctarum.
3272 1811 3535 1883 Adjungit

279 1910 414 1981 έθνη
451 1907 659 1971 πολλὰ,
695 1909 788 1962 καὶ
840 1908 1058 1979 ἐροῦσι·
1116 1907 1297 1971 Δεῦτε,
1347 1907 1631 1976 ἀναδῶμεν
1682 1908 1761 1970 εἰς
1807 1906 1868 1960 τὸ

277 2003 412 2073 ὅρος
440 2000 666 2071 Κυρίου.
704 2019 721 2052 ι
758 2000 847 2052 Διὸ
881 2002 973 2053 καὶ
1005 1999 1139 2070 μετά
1181 1998 1351 2051 ταῦτα
1385 1997 1474 2051 τὸν
1524 1998 1628 2069 πρὸ
1660 1997 1867 2050 αἰώνων

278 2093 393 2146 ἀπὸ
429 2094 530 2163 τῆς
565 2092 812 2163 Βηθλεὲμ
842 2090 1215 2157 ἐξελεύσεσθαι
1248 2090 1596 2162 ἀνακηρύξας
1620 2131 1633 2152 ,
1684 2091 1865 2142 οὐκέτι

274 2181 375 2234 τοῦ
416 2179 632 2252 Ἰσραὴλ
668 2181 848 2251 μόνου,
886 2179 1019 2232 ἀλλά
1057 2180 1268 2250 ἀθρόως
1316 2180 1531 2233 πάντων
1566 2178 1865 2250 ἀνθρώπων

272 2267 388 2331 ἓως
413 2268 508 2321 καὶ
530 2267 636 2319 τῶν
666 2268 849 2340 ἄκρων
876 2269 972 2338 τῆς
1001 2269 1104 2338 γῆς
1133 2268 1316 2339 ἄρξειν
1338 2270 1498 2322 αὐτόν
1523 2286 1653 2339 φησι
1676 2286 1690 2299 ο
1716 2269 1863 2336 λέγει

272 2354 319 2408 δ’
354 2352 452 2410 οὖν
475 2374 489 2387 ο
527 2376 545 2407 ι
579 2359 685 2411 Καὶ
715 2361 991 2428 στήσεται,
1024 2362 1115 2412 καὶ
1149 2360 1356 2428 ὄψεται,
1384 2362 1476 2413 καὶ
1515 2363 1768 2429 ποιμανεῖ
1804 2360 1865 2413 τὸ

272 2448 534 2519 ποίμνιον
559 2449 726 2501 αὑτοῦ
755 2452 810 2501 ἐν
855 2449 997 2519 ἰσχύϊ
1039 2450 1262 2521 Κύριος,
1299 2452 1390 2503 καὶ
1420 2453 1475 2502 ἐν
1501 2454 1566 2522 τῇ
1611 2450 1737 2524 δόξῃ
1769 2451 1861 2504 τοῦ

270 2540 545 2611 ὀνόματος
593 2541 797 2612 Κυρίου
850 2540 983 2594 Θεοῦ
1037 2542 1214 2594 αὐτῶν
1244 2542 1572 2613 ὑπάρξουσι·
1605 2544 1736 2596 διότι
1767 2543 1864 2595 νῦν

274 2629 781 2700 μεγαλυνθήσονται
836 2630 940 2693 ἓως
988 2630 1173 2701 ἄκρων
1225 2633 1323 2702 τῆς
1366 2633 1471 2703 γῆς
1498 2674 1512 2696 ,
1576 2636 1669 2687 καὶ
1712 2634 1861 2688 ἔσται

270 2721 419 2792 αὕτη
443 2723 657 2793 εἰρήνη.
695 2741 714 2773 ι
746 2722 942 2775 Τίνιδέ
976 2722 1126 2776 ἔσται
1173 2723 1310 2795 αὕτη
1349 2726 1539 2796 είρήνη
1579 2725 1693 2778 ἀλλ’
1728 2727 1760 2797 ἢ
1792 2729 1858 2798 τῇ

269 2816 370 2882 τῇ,
397 2808 504 2885 ἐν
526 2812 1021 2883 μεγαλυνθήσονται
1046 2815 1115 2867 τὰ
1137 2817 1360 2886 ποίμνια
1377 2815 1469 2868 τοῦ
1491 2817 1692 2887 Κυρίου
1714 2833 1728 2882 ;
1753 2819 1861 2871 Καὶ

265 2902 436 2955 τοῦτο
464 2903 541 2967 δὲ,
577 2903 759 2956 ὁποίου
788 2904 972 2968 τέλους
1000 2905 1154 2976 ἔτυχε
1186 2911 1328 2975 μετά
1367 2907 1441 2977 (I)
1484 2906 1576 2960 τοῦ
1611 2908 1862 2980 Σωτῆρος

267 2995 436 3066 ἡμῶν
463 2995 637 3066 Ἰησοῦ
668 2997 903 3069 Χριστοῦ
931 3000 1255 3069 παρουσίαν,
1289 2999 1449 3052 παντί
1472 3017 1549 3071 τῳ
1573 3000 1855 3071 πρόδηλονο

266 3086 482 3158 ’πολλῆς
515 3087 624 3159 γὰρ
652 3088 818 3160 οὔσης
863 3090 968 3160 πρὸ
995 3090 1184 3143 τούτου
1234 3092 1583 3163 πολυαρχίας,
1625 3094 1719 3146 καὶ
1751 3092 1855 3145 τῶν

267 3180 448 3234 ἐθνῶν
485 3182 739 3234 ἁπάντων
760 3184 1203 3254 τυραννουμένων
1229 3185 1260 3255 ἢ
1290 3184 1811 3257 δημοκρατουμένων
1835 3226 1849 3250 ,

261 3271 349 3336 ὡς
430 3272 702 3343 μηδεμίαν
779 3274 919 3344 πρὸς
1000 3274 1261 3345 ἀλλήλους
1342 3277 1628 3347 ἐπιμιξίαν
1725 3282 1852 3342 τοὺς

267 3361 599 3432 ἀνθρώπους
655 3362 838 3433 ἔχειν,
897 3363 1041 3427 ἰδίως
1087 3364 1174 3428 δὲ,
1240 3365 1371 3436 φέρε
1413 3368 1622 3431 εἰπεῖν,
1688 3368 1852 3434 Δίγυ-

269 3453 448 3508 σττίων
516 3454 622 3507 ὑπὸ
693 3456 877 3526 οἰκείῳ
942 3455 1163 3527 ἄρχοντι
1222 3456 1648 3528 βασιλευομένων
1672 3497 1685 3521 ,
1757 3460 1850 3511 καὶ

287 3544 533 3614 Ἀράϐων
587 3544 868 3613 ὡσαύτως,
933 3547 1025 3600 καὶ
1089 3547 1422 3617 Ἰδουμαίων,
1480 3549 1739 3601 Φοινίκων
1790 3567 1848 3603 τε

267 3634 369 3686 καὶ
400 3635 607 3705 Σύρων,
644 3636 738 3688 καὶ
767 3634 876 3688 τῶν
904 3636 1077 3690 ἄλλων
1111 3636 1300 3702 ἐθνῶν,
1324 3639 1765 3710 ἐπανισταμένων
1788 3657 1846 3692 τε

268 3725 445 3779 ἐθνῶν
477 3726 675 3788 ἔθνεσι,
700 3727 793 3779 καὶ
826 3726 1033 3781 πόλεων
1064 3727 1267 3790 πόλεσι,
1303 3728 1624 3800 πολιορκιῶν
1653 3747 1712 3783 τε
1748 3748 1846 3801 μυ-

271 3818 407 3889 ρίων
440 3819 533 3871 καὶ
564 3818 950 3889 αίχμαλωσιῶν
983 3819 1123 3873 κατὰ
1152 3820 1328 3873 πάντα
1358 3822 1521 3874 τόπον
1543 3838 1601 3874 τε
1627 3823 1719 3875 καὶ
1740 3821 1845 3892 χώ-

270 3926 373 3981 ραν
409 3910 857 3980 ἐπιτελουμένων,
893 3911 1078 3982 ἐπειδὴ
1118 3914 1299 3984 παρῆν
1330 3913 1358 3965 ό
1393 3914 1581 3986 Σωτὴρ
1608 3916 1701 3968 καὶ
1730 3915 1842 3967 Κύ-

270 4016 408 4072 ριος,
444 4001 578 4071 ὁμοῦ
609 4004 674 4073 τῇ
712 4004 790 4064 εἰς
824 3997 1138 4074 ἀνθρώπους
1165 4004 1329 4071 αὐτοῦ
1360 4005 1593 4075 παρόδῳ,
1627 4004 1840 4077 πρώτου

263 4107 326 4143 τε
371 4092 655 4163 Ῥωμαίων
684 4092 993 4160 Αὐγούστου
1025 4094 1131 4147 τῶν
1158 4094 1326 4147 ἐθνῶν
1356 4097 1837 4166 ἐπικρατήσαντος,

262 4183 457 4236 λέλυτο
490 4185 586 4254 μὲν
617 4187 650 4255 ή
684 4185 909 4255 πλείστη
942 4185 1264 4258 πολυαρχία,
1301 4188 1490 4258 εἰρήνη
1530 4187 1587 4239 δὲ
1618 4188 1840 4258 διελάμο

265 4272 395 4325 ϐανε
438 4273 538 4345 τὴν
570 4275 858 4345 σύμπασαν
889 4277 1010 4347 γῆν,
1048 4280 1111 4348 τῇ
1150 4278 1286 4348 μετά
1318 4282 1504 4350 χεῖρας
1535 4278 1838 4343 ἀκολούθως

264 4365 591 4435 προρρήσει,
614 4365 908 4437 διαρρήδην
934 4368 1154 4440 φησὰσῃ
1181 4370 1307 4439 περί
1335 4369 1444 4422 τῶν
1475 4370 1568 4422 τοῦ
1600 4370 1836 4441 Χριστοῦ

266 4453 545 4525 μαθητῶνο
583 4475 601 4506 ι
631 4457 771 4509 Διότι
794 4458 887 4509 νῦν
912 4458 1403 4552 μεγαλυνθήσονται
1427 4460 1530 4523 ἕως
1550 4462 1717 4532 ἄκρου
1739 4462 1837 4532 τῆς
1870 4498 1915 4552 D

262 4546 388 4615 γῆς·
429 4547 524 4599 καὶ
552 4547 701 4600 ἐσται
726 4548 866 4619 αὕτη
891 4551 1100 4621 εἰρήνη
1131 4569 1150 4601 ι
1192 4545 1236 4619 ᾧ
1270 4551 1479 4622 συνᾴδει
1506 4552 1568 4605 τὸ
1599 4555 1655 4605 ἐν
1686 4554 1838 4607 Ψαλ-

265 4640 387 4708 μοῖς
410 4639 618 4706 φάσκον
653 4643 780 4712 περὶ
808 4641 902 4694 τοῦ
934 4642 1171 4714 Χριστοῦ
1192 4642 1388 4710 λόγιον·
1421 4663 1439 4695 ι
1486 4645 1749 4699 ’Δνατελεῖ
1780 4650 1838 4701 ἐν

259 4734 382 4793 ταῖς
409 4732 646 4803 ἡμέραις
665 4733 829 4786 αὑτοῦ
849 4733 1181 4805 δικαιοσύνη,
1205 4736 1299 4787 καὶ
1317 4733 1519 4806 πλῆθος
1539 4739 1776 4808 εἰρήνης.
1812 4757 1832 4788 ι

261 4822 353 4875 Διό
389 4839 478 4893 μοι
513 4822 658 4877 δοκεῖ
686 4823 869 4897 ἄρχων
900 4827 1121 4897 εἰρήνης
1159 4827 1217 4885 ἐν
1257 4828 1323 4896 τῇ
1369 4826 1478 4898 πρὸ
1506 4827 1705 4899 ταύτης
1733 4846 1837 4881 πα-

264 4914 551 4987 ρατεθείσῃ
581 4916 883 4989 προφητείᾳ
903 4916 1234 4988 ὠνομάσθαι.
1289 4918 1611 4988 Ἐπίστησόν
1641 4936 1703 4987 γε
1730 4920 1834 4991 μὴν

260 5005 381 5058 τίνα
402 5006 602 5077 τρόπον
624 5008 652 5058 ό
680 5006 815 5077 μετὰ
836 5011 1020 5079 χεῖρας
1041 5009 1326 5079 προφήτης
1348 5010 1441 5063 καὶ
1461 5006 1832 5073 ἐξελεύσεσθαι

266 5094 361 5163 μὲν
401 5093 462 5157 ἐξ
499 5095 743 5166 οὐρανῶν
773 5096 864 5148 τὸν
903 5097 1105 5168 Κύριον
1150 5098 1451 5168 ἀρχόμενος
1498 5097 1717 5169 ἔφησεν,
1769 5102 1830 5152 οὐ

262 5187 523 5257 πρότερον
557 5187 614 5240 δὲ
648 5191 931 5259 ποιμανεῖν
962 5190 1088 5252 τοὺς
1119 5188 1459 5262 ἀνθρώπους,
1495 5190 1529 5261 ἢ
1566 5190 1831 5261 γεννηθῆ-

262 5296 346 5332 ναι
372 5280 463 5332 τὸν
492 5278 877 5350 θεσπιςόμενον
908 5282 968 5333 ἐν
998 5283 1065 5351 τῇ
1095 5280 1359 5351 Βηθλεέμ-
1394 5282 1541 5346 ὄπως
1573 5282 1631 5336 δὲ
1658 5282 1833 5336 ταῦτα

262 5372 352 5425 ἐπὶ
374 5373 467 5425 τὸν
498 5372 724 5443 Σωτῆρα
756 5373 850 5426 καὶ
873 5372 1075 5445 Κύριον
1111 5372 1269 5443 ήμῶν
1296 5374 1636 5446 ἐπεραιοῦτο,
1662 5374 1834 5445 ἐμαρ-

261 5460 493 5533 τύρησεν
519 5465 549 5515 ό
580 5462 1004 5534 Εὐαγγελιστὴς,
1048 5465 1113 5518 δι’
1143 5458 1217 5518 ὧν
1256 5465 1622 5538 προεξεθέμην
1664 5465 1829 5520 αὑτοῦ

265 5550 480 5617 φωνῶν.
506 5552 719 5623 Ποιμήν
754 5551 813 5605 δὲ
847 5554 940 5607 καὶ
972 5552 1272 5624 ⁴ἡγούμενος
1301 5557 1330 5608 ό
1358 5557 1592 5627 Χριστὸς
1617 5556 1829 5609 ἀναδει-

1971 1903 2135 1972 igitur
2162 1902 2419 1973 deinceps
2456 1923 2467 1957 :
2507 1923 2525 1955 ‹
2559 1904 2625 1957 Ει
2645 1905 2749 1959 erit
2775 1905 2830 1959 in
2857 1904 3173 1959 novissimis
3208 1902 3403 1957 diebus
3423 1916 3533 1956 ma-

1969 1994 2203 2049 nifestus
2233 2010 2389 2049 mons
2417 1994 2651 2058 Domini,
2677 2003 2732 2050 et
2762 1996 3096 2050 Iestinabunt
3126 1994 3192 2048 ad
3217 1994 3395 2063 ipsum
3430 2009 3530 2061 po~

1967 2086 2077 2154 puli
2111 2086 2288 2145 multi,
2320 2093 2374 2140 et
2418 2087 2574 2140 ibunt
2615 2094 2802 2157 gentes
2845 2088 3048 2149 multae,
3080 2097 3132 2140 et
3163 2086 3345 2141 dicent
3384 2105 3396 2139 :
3428 2084 3531 2141 Vc-

1966 2178 2098 2239 nite,
2151 2179 2513 2233 ascendamus
2574 2180 2628 2232 in
2673 2173 2915 2233 montem
2948 2178 3161 2233 Domini
3191 2179 3259 2233 ⁷⁸.
3300 2198 3317 2229 ι
3352 2178 3532 2244 Quaro

1965 2271 2191 2341 posthac
2224 2271 2315 2324 ubi
2340 2287 2463 2325 eum
2492 2272 2588 2341 qui
2629 2278 2713 2325 est
2736 2279 2861 2325 ante
2890 2270 3089 2325 Saecula
3121 2272 3189 2325 de
3217 2270 3529 2324 Bethlehem

1964 2376 2310 2431 cgressurum
2340 2360 2632 2422 nuntiavit,
2676 2375 2784 2413 non
2818 2360 2918 2413 soli
2949 2358 3113 2413 Israel
3146 2360 3401 2427 amplius,
3433 2357 3529 2411 sed

1964 2452 2249 2505 confertim
2281 2452 2534 2505 omnibus
2577 2451 2831 2520 gentibus
2861 2466 3031 2517 usque
3054 2449 3119 2503 ad
3144 2457 3387 2504 extrema
3420 2456 3528 2501 ter-

1963 2556 2038 2595 rte
2089 2542 2239 2595 illum
2271 2542 2662 2610 imperaturum
2694 2540 2944 2593 afﬁrmat.
2981 2540 3118 2593 Dicit
3148 2540 3312 2608 igitur
3350 2557 3363 2592 :
3404 2555 3422 2586 ι
3463 2537 3528 2588 Et

1963 2636 2149 2693 stabit.
2184 2641 2239 2689 et
2268 2634 2491 2697 videbit,
2513 2640 2567 2687 et
2590 2640 2777 2702 pascet
2807 2648 3022 2701 gregem
3046 2648 3203 2687 suum
3228 2632 3282 2685 in
3312 2632 3526 2684 Iortitu-

1962 2728 2089 2783 dine
2126 2726 2409 2792 Dominus,
2436 2734 2489 2781 et
2512 2726 2568 2779 in
2602 2725 2773 2794 gloria
2798 2724 3036 2778 nominis
3066 2722 3277 2777 Domini
3317 2722 3411 2776 Dei
3444 2723 3526 2793 ip«

1962 2834 2147 2876 sorum
2192 2819 2474 2873 exsistent.
2527 2817 2795 2882 Quoniam
2843 2829 2990 2869 nunc
3036 2814 3525 2884 magniﬁcabuntur

1963 2927 2136 2981 usque
2169 2911 2235 2965 ad
2260 2920 2501 2963 extrema
2528 2919 2687 2963 terra:
2721 2927 2736 2962 :
2768 2917 2822 2963 et
2851 2910 2955 2962 erit
2980 2907 3096 2962 hazc
3125 2925 3228 2977 pax
3254 2907 3321 2962 7’.
3367 2926 3386 2959 ι
3423 2906 3525 2961 Cui

1960 3018 2125 3073 porro
2157 3002 2263 3056 erit
2290 3001 2403 3054 bmc
2436 3016 2563 3069 pax,
2595 2999 2701 3054 nisi
2732 3008 2891 3054 terrae
2943 3000 3000 3054 in
3057 3015 3163 3069 qua
3208 2997 3525 3069 magniﬁca--

1959 3095 2164 3149 buntur
2196 3108 2386 3164 greges
2422 3090 2672 3145 Domini?
2726 3092 2785 3146 Id
2834 3092 3010 3162 ipsum
3044 3096 3244 3152 autem,
3274 3106 3435 3159 quem
3461 3090 3523 3143 ﬁ-

1959 3204 2081 3243 nem
2114 3189 2365 3244 sortitum
2397 3187 2466 3241 sit
2495 3195 2619 3257 post
2655 3183 2955 3241 Salvatoris
2985 3185 3154 3240 nostri
3186 3183 3314 3240 Jesu
3365 3183 3525 3237 Chri-

1959 3280 2027 3336 sti
2056 3280 2370 3341 adventum,
2409 3279 2611 3332 nemini
2661 3278 2956 3333 obscurum
2985 3294 3105 3334 esse
3138 3283 3314 3348 potest
3346 3294 3359 3330 :
3394 3290 3523 3329 nam

1956 3388 2079 3428 cum
2109 3383 2234 3426 ante
2261 3372 2406 3425 hunc
2436 3371 2750 3433 adventum,
2785 3370 3090 3441 principum
3136 3378 3281 3425 esset
3332 3369 3516 3423 multi-

1953 3464 2108 3526 tudo,
2144 3472 2197 3518 et
2220 3464 2483 3517 universae
2509 3468 2695 3531 gentes
2770 3470 2864 3515 aut
2890 3462 2994 3515 sub
3034 3460 3303 3531 tyrannis,
3339 3471 3433 3513 aut
3465 3460 3520 3513 in

1954 3562 2096 3609 statu
2127 3552 2373 3624 populari
2405 3558 2587 3605 essent
2616 3550 2942 3612 constitutae,
2974 3556 3032 3602 ut
3062 3550 3269 3602 nullum
3299 3549 3441 3602 inter
3462 3563 3523 3603 sa

1953 3644 2334 3700 commercium
2359 3641 2606 3694 homines
2628 3641 2910 3703 haberent,
2928 3641 3020 3694 sed
3042 3640 3323 3710 privatim:
3341 3655 3497 3693 exem

1952 3731 2026 3802 pii
2052 3732 2247 3801 gratia,
2273 3729 2414 3799 apud
2444 3726 2733 3797 Egyptios
2772 3745 2905 3784 suus
2946 3730 3198 3799 princeps
3244 3737 3516 3797 regnaret,

1951 3824 2091 3893 apud
2121 3823 2327 3877 Arabas
2357 3823 2485 3877 item
2514 3840 2671 3887 suus,
2702 3822 2843 3892 apud
2873 3821 3160 3886 Idumaeos,
3203 3819 3514 3884 Phoenicas,

1947 3914 2108 3986 345
2155 3912 2322 3983 Syros
2368 3915 2611 3983 aliasque
2645 3915 2771 3968 item
2824 3921 3299 3983 gentes;cumque
3327 3921 3519 3982 gentes

1947 4007 2204 4062 adversus
2221 4013 2482 4076 gentes,et
2495 4007 2742 4060 civitates
2756 4006 3015 4061 adversus
3033 4005 3277 4059 civitates
3290 4019 3515 4057 consuro

1943 4098 2569 4166 gerent,obsidionesque
2587 4098 3001 4152 innumerabiles
3015 4104 3068 4151 et
3083 4097 3510 4165 captivitatespet

1945 4203 2156 4243 omnem
2177 4190 2351 4243 locum
2371 4204 2434 4242 ac
2450 4188 2720 4259 regionem
2741 4188 3067 4250 ﬁerent,tum
3084 4203 3210 4242 vero
3229 4186 3317 4243 ubi
3336 4183 3516 4241 Salva-

1942 4285 2030 4333 tor
2057 4287 2240 4334 noster
2260 4294 2325 4334 ac
2347 4278 2606 4341 Dominus
2636 4279 2831 4344 adfuit,
2863 4294 2970 4333 una
2992 4296 3113 4333 cum
3140 4280 3284 4335 illius
3313 4278 3380 4333 ad
3413 4278 3515 4332 hom

1943 4358 2120 4426 mihes
2151 4347 2557 4441 adventu,'jam
2611 4379 2727 4424 tum
2776 4372 2952 4441 primo
2991 4369 3359 4424 Romanorum
3401 4368 3515 4424 Au-

1945 4470 2101 4531 gusto
2133 4462 2414 4532 imperium
2459 4463 2516 4515 in
2547 4462 2699 4516 orbis
2744 4464 2994 4516 nationes
3032 4463 3331 4525 obtinente,
3363 4462 3512 4516 solu-

1942 4558 2031 4604 tus
2059 4550 2207 4605 illico
2236 4558 2319 4606 est
2349 4551 2438 4605 ille
2486 4551 2763 4619 multiplex
2790 4552 3144 4619 principatus,
3176 4561 3229 4605 et
3255 4566 3358 4620 pax
3389 4549 3514 4603 uni-

1941 4657 2153 4698 versam
2205 4650 2405 4697 tcrram
2461 4643 2690 4712 accepit,
2743 4642 2793 4696 ei
2853 4643 3150 4712 prophetiae
3203 4657 3323 4712 qua:
3363 4658 3510 4697 nunc

1942 4736 2206 4786 tractatur
2228 4730 2589 4797 concordans,
2625 4733 2964 4801 apertissime
3003 4731 3069 4787 de
3105 4732 3309 4785 Christi
3341 4731 3508 4785 disci-

1939 4822 2081 4893 pulis
2114 4822 2348 4877 dicenti:
2388 4840 2406 4872 ι
2431 4822 2697 4886 Quoniam
2721 4838 2865 4876 nunc
2892 4823 3381 4892 magnificabuntur
3420 4838 3509 4876 us-

1938 4930 2045 4984 que
2083 4914 2151 4967 ad
2181 4921 2482 4968 extremum
2528 4920 2718 4969 terrm:
2765 4925 2816 4969 et
2861 4914 2964 4969 erit
3020 4915 3131 4968 lucc
3199 4930 3324 4983 pax.
3369 4912 3509 4967 »(ἷυί

1938 5011 2364 5059 consentaneum
2386 5011 2471 5059 est
2487 4988 2630 5074 quod
2660 5005 2713 5058 in
2736 5003 2965 5060 Psalmis
2990 5006 3184 5074 legitur
3200 5006 3263 5058 de
3286 5003 3507 5058 Christo

1937 5097 2239 5160 oraculum,
2270 5096 2487 5152 dicens:
2526 5114 2545 5147 ‹
2576 5094 2794 5152 Orietur
2820 5098 2874 5151 in
2911 5097 3099 5151 diebus
3143 5096 3259 5161 ejus
3292 5094 3506 5165 justitia

1936 5197 1991 5246 et
2019 5190 2350 5246 abundantia
2379 5190 2530 5261 pacis
2546 5190 2615 5245 ⁸⁸.
2643 5209 2661 5240 ι
2704 5190 2782 5245 Ex
2819 5206 2927 5261 quo
2953 5190 3085 5243 mihi
3119 5189 3331 5242 videtur
3354 5189 3505 5257 prin-

1934 5295 2062 5350 ceps
2111 5280 2262 5351 pacis
2293 5280 2344 5333 in
2373 5294 2458 5345 ea,
2510 5296 2629 5350 quae
2676 5280 2921 5349 proxime
2952 5282 3194 5348 exposita
3228 5285 3333 5340 est,
3374 5292 3504 5346 pro-

1938 5372 2117 5442 phetia
2151 5372 2442 5427 nominari.
2476 5372 2861 5427 Animadverte
2892 5380 3096 5435 tamen,
3123 5385 3330 5442 quaeso,
3362 5383 3502 5439 quo-

1936 5477 2060 5516 nam
2101 5472 2261 5530 pacto
2296 5462 2343 5519 is
2380 5463 2449 5518 de
2486 5479 2595 5533 quo
2626 5480 2771 5519 nunc
2811 5464 3022 5535 agimus
3065 5462 3348 5533 propheta,
3393 5460 3515 5512 Do-'

1934 5554 2142 5609 minum
2170 5555 2237 5610 de
2257 5557 2395 5610 cmlo
2421 5571 2766 5625 egressurum
2797 5557 2954 5610 initio
2978 5555 3074 5622 ait,
3112 5570 3176 5611 ac
3206 5569 3313 5610 non
3345 5554 3500 5628 prius

332 5644 378 5676 "
405 5642 545 5698 Mich
595 5660 635 5707 ι,
668 5642 724 5707 2,
766 5644 820 5699 5.
894 5645 939 5677 ⁷⁷
980 5644 1113 5699 ibid.
1148 5646 1201 5700 5.
1276 5645 1323 5679 ⁷⁸
1352 5645 1515 5702 Micb.
1546 5664 1621 5713 IV,
1660 5649 1712 5713 Ι,
1744 5648 1799 5703 2.

1957 5647 2093 5703 rIich.
2127 5665 2181 5716 v,
2216 5648 2268 5712 4,
2302 5647 2354 5702 5.
2429 5649 2474 5681 ³⁸
2508 5648 2651 5705 Psal.
2681 5666 2829 5713 Lxxr,
2864 5651 2912 5702 7.

334 5738 407 5809 (l,
430 5735 920 5808 'I‘ypographorum
954 5738 1167 5795 incuria
1196 5737 1540 5800 intercidisse
1572 5741 1787 5800 videtur
1811 5741 1931 5811 τήν,
1957 5738 2103 5810 quod
2134 5738 2403 5797 referatur
2435 5740 2504 5795 ad
2528 5742 2850 5814 παρουσίαν.
2881 5740 3043 5796 Enn.
