3902 6264
391 287 496 344 543
1098 284 1370 339 EUSEBH
1409 284 1888 342 CIESARIENSIS
1925 286 2074 342 OPP.
2113 285 2292 341 PARS
2326 286 2388 341 ll.
2425 317 2495 328 -—
2529 286 3026 348 APOLOGETICA.
3538 297 3639 353 5M

388 415 517 474 erga
570 401 820 456 homines
872 399 1109 470 pastoris
1161 395 1337 459 cilicio
1402 396 1742 465 iuncturum,
1805 414 1922 470 quai

2026 413 2043 460 ι
2074 398 2367 470 χθὴσεσθαι
2397 398 2488 452 τοῦ
2544 401 2761 473 Ἰσραὴλ
2803 404 3036 473 εἴρηται,
3081 406 3323 477 συνήθως
3355 408 3455 477 τῆς
3494 410 3640 483 ἱερᾶς

388 491 650 550 nascetur
681 494 726 548 is
755 492 844 562 qui
871 507 900 544 a
933 490 1218 560 prophetis
1252 489 1491 555 canitur,
1524 490 1577 545 in
1612 490 1922 547 Bethlehem

2080 489 2302 560 Γραφῆς
2328 488 2419 544 τὸν
2452 487 2625 560 ἀληθῆ
2672 492 2885 563 Ἰσραὴλ
2919 493 3061 546 κατὰ
3087 493 3322 547 διάνοιαν
3350 497 3529 551 πάντα
3550 501 3639 557 τὸν

387 587 663 658 quomodo
700 599 829 639 vero
860 583 974 637 haec
1009 583 1064 637 in
1109 579 1396 638 Sal‘vatore
1426 598 1491 638 ac
1522 582 1754 638 Domino
1782 592 1914 639 term

2065 579 2391 653 διορατικδν,
2424 581 2519 634 καὶ
2548 581 2756 653 ἀρετῶς
2787 582 2906 653 Θεῷ
2939 582 3155 653 βιοῦντα
3176 586 3634 662 ἐπονομαζούσης·

389 686 514 733 nata
548 679 679 735 sint.
713 674 1026 731 testimonio
1067 690 1169 730 suo
1211 676 1437 746 planum
1482 676 1609 731 fecit
1634 677 1922 747 evangelist

2065 673 2141 735 ὡς
2177 672 2409 743 ἔμπαλιν
2448 673 2573 735 τοὺς
2604 673 2669 726 ἐκ
2710 674 3031 746 περιτομῆς,
3064 675 3217 729 ὁπόθ’
3256 678 3633 751 ἁμαρτάνοιεν,

388 771 445 824 in
476 770 542 824 iis
574 768 770 833 verbis,
805 783 925 837 qua:
947 768 1015 823 ab
1047 768 1141 822 illo
1162 782 1337 837 nuper
1376 767 1652 837 accipiens
1682 783 1915 837 proposu

2063 764 2397 827 Χαναναίους
2427 766 2520 819 καὶ
2550 766 2772 838 σπέρμα
2800 765 3055 836 Χαναὰμ,
3078 769 3169 821 καὶ
3195 770 3295 822 οὐκ
3331 771 3521 835 Ἰούδα,
3549 774 3639 845 ἄρ-

384 857 578 914 Pastor
620 867 800 912 autem
844 869 897 913 et
921 859 1031 913 dux
1063 858 1235 928 ipsius
1289 857 1851 916 lsraeldeclarandus
1877 861 1922 915 di

2062 859 2257 928 χοντάς
2283 874 2342 910 τε
2368 856 2637 927 Σοδόμων,
2659 857 2754 910 καὶ
2783 856 2909 910 λαὸν
2939 858 2977 910 Γ
2979 859 3241 930 ομόρῤας,
3269 860 3523 932 ἐμφερῶς
3541 864 3636 917 αὐ-

381 952 526 1007 citur
572 951 847 1015 Christus,
907 966 1031 1006 cum
1077 953 1193 1008 haec
1239 967 1519 1008 sacrarum
1551 952 1856 1007 litterarum
1889 969 1915 1009 s

2060 948 2171 1002 τῶν
2204 951 2315 1012 τοῖς
2336 949 2561 1021 τρόποις
2584 949 2980 1018 ἀποκαλούσης.
3008 949 3214 1014 Ἀλλως
3232 951 3286 1003 δὲ
3310 952 3448 1023 πρὸς
3469 952 3633 1021 λέξιν,

381 1040 743 1102 consuetudo,
776 1048 837 1094 ut
878 1043 1203 1096 sententiam
1247 1040 1630 1111 sequentibus,
1663 1056 1853 1095 verum
1878 1039 1922 1097 ls

2059 1042 2092 1113 ἡ
2128 1042 2276 1094 πᾶσα
2307 1040 2401 1094 τοῦ
2433 1040 2686 1113 Σωτῆρος
2715 1040 2869 1112 ήμῶν
2910 1040 3160 1113 διατριϐὴ
3200 1042 3350 1114 παρὰ
3386 1042 3469 1114 τῷ
3505 1046 3636 1099 Ἰου-

380 1135 493 1188 rael
529 1134 812 1188 nominent
846 1148 1062 1186 omnem
1112 1149 1235 1187 eum
1280 1133 1372 1202 qui
1409 1132 1765 1201 contemplari
1800 1132 1922 1186 facil

2055 1131 2218 1185 δαίων
2252 1131 2395 1185 ἔθνει
2426 1132 2637 1201 γέγονε,
2663 1132 2756 1186 καὶ
2789 1131 2996 1186 πολλῶν
3021 1149 3083 1201 γε
3110 1132 3204 1185 τοῦ
3255 1134 3468 1206 Ἰσραὴλ
3497 1137 3639 1208 ἡγή-

378 1229 576 1297 possit,
609 1234 662 1282 et
694 1235 903 1297 gratam
935 1225 1046 1281 Deo
1074 1229 1240 1279 vitam
1274 1233 1565 1296 sequatur:
1602 1224 1746 1278 sicut
1772 1239 1802 1278 e
1822 1239 1922 1279 con

2058 1240 2207 1285 σατο,
2255 1223 2366 1276 ὅσοι
2410 1221 2474 1294 δὴ
2519 1222 2760 1292 ἔγνωσαν
2805 1224 2987 1287 αὐτὸν,
3034 1225 3128 1277 καὶ
3163 1227 3244 1289 είς
3276 1226 3438 1279 αὑτὸν
3471 1243 3634 1280 πεπι-

376 1324 549 1375 trario
571 1319 788 1375 Judaeos
807 1327 927 1390 post
950 1327 1259 1389 peccatum.
1283 1318 1644 1380 Chananaeos,
1667 1326 1719 1373 et
1739 1332 1922 1373 semen

2055 1317 2317 1370 στεύκασι
2356 1315 2464 1369 τῶν
2493 1317 2557 1369 ἐκ
2590 1315 2914 1388 περιτομῆς.
2962 1317 3071 1369 Καὶ
3100 1316 3161 1370 τὸ
3199 1317 3296 1388 μὲν
3336 1318 3437 1388 τῆς
3481 1320 3634 1372 ἐκτε-

373 1425 485 1467 non
531 1408 690 1474 Juda,
725 1412 818 1467 sed
847 1412 1129 1488 Chanaan,
1161 1420 1216 1466 et
1257 1412 1534 1483 principes
1587 1408 1922 1464 Sodomorum

2052 1408 2238 1479 θείσης
2268 1409 2625 1480 προρρήσεως
2656 1407 2909 1479 τοιαύτην
2948 1407 3137 1479 εἴληφε
3163 1409 3262 1480 τὴν
3290 1407 3535 1464 ἔκϐασιν·
3566 1410 3633 1464 τὰ

373 1511 430 1559 οι
455 1505 713 1576 papulum
760 1503 1077 1560 Goittorrhte
1123 1504 1194 1559 ad
1238 1520 1418 1559 mores
1455 1505 1673 1558 illorum
1702 1501 1920 1556 alluden

2049 1501 2105 1555 δὲ
2139 1501 2264 1573 ἑξῆς
2286 1503 2379 1569 ἀφ’
2401 1501 2487 1553 ἑτέ
2496 1517 2593 1572 ρας
2613 1500 2984 1569 ἀναγνωστέον
3004 1500 3197 1572 ἀρχῆς,
3221 1499 3393 1565 οὕτως
3414 1500 3628 1572 ἔχοντα·

374 1605 460 1650 tes
491 1610 690 1651 vocare
719 1596 892 1650 solitae
924 1602 1087 1650 sunt:
1124 1596 1326 1666 alioqui
1370 1609 1500 1650 vero
1530 1596 1697 1649 etiam
1730 1594 1797 1649 ad
1823 1609 1920 1648 ver

2054 1608 2073 1640 ι
2122 1589 2404 1660 Ἀσσύριος
2423 1590 2550 1642 ὅταν
2572 1588 2773 1661 ἐπέλθῃ
2805 1590 2895 1642 ἐπὶ
2920 1588 3019 1661 τὴν
3048 1591 3149 1661 γῆν
3181 1590 3356 1662 ὑμῶν,
3386 1593 3480 1645 καὶ
3503 1593 3632 1645 ὅταν

373 1687 500 1743 bum
532 1689 1037 1759 interpretantibus.
1069 1691 1249 1744 omnis
1277 1687 1583 1745 Salvatoris
1611 1687 1787 1744 nostri
1821 1687 1922 1742 vita

2049 1681 2211 1753 ἐπιϐῇ
2246 1682 2338 1734 ἐπὶ
2376 1681 2473 1753 τὴν
2505 1680 2689 1753 χώραν
2722 1682 2897 1752 ὑμῶν,
2930 1683 3025 1736 καὶ
3050 1683 3511 1756 ἐπεγερθήσονται
3543 1687 3630 1738 ἐπ’

371 1783 715 1837 consuetudo
747 1781 892 1852 apud
920 1780 1203 1836 Judaicam
1249 1789 1464 1852 gentem
1509 1782 1629 1844 fuit,
1661 1788 1716 1837 et
1745 1781 1915 1835 multo

2046 1773 2204 1826 αὐτὸν
2229 1772 2369 1828 ἑπτά
2395 1773 2669 1845 ποιμένες,
2694 1774 2788 1826 καὶ
2809 1772 2952 1826 ὀκτὼ
2972 1773 3223 1845 δήγματα
3244 1774 3572 1847 ἀνθρώπια-ν,
3606 1797 3626 1829 ι

371 1889 490 1926 rum
548 1889 614 1927 ex
650 1872 954 1929 lsraeldux
1011 1874 1241 1937 exstitit,
1301 1889 1490 1928 eorum
1551 1873 1804 1929 videlicet
1848 1873 1943 1943 qui

368 1963 545 2033 ipsum
572 1974 927 2033 agnoverunt,
949 1973 1113 2035 atque
1132 1980 1199 2019 ex
1229 1962 1650 2018 circumcisione
1679 1963 1733 2016 in
1764 1961 1942 2032 ipsum

366 2055 739 2119 crediderunt,
765 2063 819 2110 et
850 2056 901 2110 id
934 2056 1156 2127 quidem
1197 2054 1344 2125 quod
1377 2055 1444 2108 ad
1475 2054 1783 2123 expositum
1815 2068 1943 2108 ora-

366 2147 548 2201 culum
578 2148 834 2217 pertinet,
871 2148 1031 2203 talem
1082 2148 1287 2202 exitum
1337 2147 1565 2215 invenit;
1601 2162 1722 2216 quae
1758 2155 1940 2200 autem

365 2248 671 2309 sequuntur
695 2241 867 2294 altero
890 2248 1174 2310 assumpto
1195 2239 1352 2294 initio
1381 2239 1608 2310 legenda
1635 2246 1785 2303 sunt,
1817 2253 1941 2308 quae

361 2331 442 2385 sic
471 2331 689 2401 quidem
725 2346 785 2387 se
833 2332 1064 2386 habent:
1108 2331 1411 2402 «Assyrius
1458 2345 1583 2385 cum
1631 2330 1840 2385 venerit
1880 2330 1935 2383 in

359 2428 855 2488 terram-vestram,
904 2431 959 2479 et
1012 2439 1137 2479 cum
1188 2422 1498 2481 ascenderit
1548 2421 1604 2476 in
1656 2422 1934 2490 regionem

358 2525 618 2577 vestram,
650 2516 1039 2571 excitabuntur
1069 2516 1122 2569 in
1154 2515 1308 2569 illum
1344 2520 1552 2583 septem
1584 2521 1855 2581 pastores,
1879 2517 1933 2565 et

355 2613 480 2660 Octo
530 2623 746 2664 morsus
796 2608 1079 2662 hominum
1105 2609 1175 2672 “,
1209 2627 1228 2660 ι
1285 2614 1339 2661 et
1388 2606 1632 2675 reliqua;
1676 2618 1796 2673 quae
1825 2616 1934 2672 quo

355 2712 523 2753 sensu
573 2698 687 2753 sint
739 2699 1079 2769 accipienda,
1140 2710 1248 2752 non
1301 2704 1386 2752 est
1433 2710 1581 2751 nunc
1636 2692 1933 2748 enarrandi

356 2786 533 2843 locus.
599 2788 808 2843 Dixerit
857 2798 1037 2844 autem
1086 2789 1360 2858 quispiam
1415 2794 1539 2858 post
1578 2786 1930 2856 Assyriorum

357 2880 410 2933 in
444 2878 689 2934 Iudaeam
724 2880 1037 2946 adventum,
1076 2880 1240 2953 3&6
1273 2896 1383 2951 quo
1424 2878 1649 2933 Judaica
1683 2894 1817 2949 gens
1860 2879 1931 2934 ab

354 2970 463 3026 illis
497 2980 654 3041 capta
694 2981 803 3035 est,
836 2979 946 3026 tam
993 2975 1192 3027 multas
1247 2972 1592 3028 incursiones
1638 2978 1802 3040 atque
1843 2970 1929 3024 in-

2046 1867 2140 1919 xai.
2170 1864 2238 1919 τὰ
2274 1865 2483 1930 τούτοις
2517 1865 2802 1919 ἀκόλουθα·
2853 1865 2888 1919 ἃ
2928 1867 3022 1919 καὶ
3067 1866 3254 1931 ὁποίας
3300 1865 3486 1939 ἔχεται
3518 1869 3632 1923 δια-

2043 1960 2213 2022 νοίας,
2236 1959 2297 2011 ού
2327 1958 2420 2011 τοῦ
2451 1957 2714 2029 παρόντος
2735 1958 2993 2030 τυγχάνει
3017 1958 3376 2029 διηγήσασθαι
3406 1978 3495 2013 και
3505 1960 3624 2029 poi}.

2042 2051 2202 2105 Εἴποι
2233 2050 2278 2103 δ’
2308 2051 2372 2105 ἄν
2408 2067 2493 2113 τις
2519 2050 2655 2120 μετὰ
2681 2049 2776 2121 τὴν
2812 2051 3109 2123 Ἀσσυρίων
3135 2053 3214 2115 είς
3234 2050 3330 2123 τὴν
3364 2051 3627 2105 Ἰουδαίαν

2042 2142 2354 2212 ἐπιδημίαν,
2387 2141 2508 2195 καθ’
2542 2141 2608 2212 ἣν
2642 2135 2783 2193 εἷλον
2816 2141 2877 2194 τὸ
2919 2141 3188 2196 Ἰουδαίων
3220 2140 3389 2207 ἔθνος,
3428 2142 3627 2196 τοσαύο

2037 2250 2137 2297 τας
2183 2233 2581 2297 ἐπαναστάσεις
2634 2234 2753 2286 κατ’
2802 2233 2982 2286 αὐτῶν
3028 2234 3329 2303 γεγονέναι,
3367 2235 3489 2288 ὅσαι
3528 2234 3645 2306 δηέ

2038 2322 2255 2376 λοῦνται
2286 2322 2373 2377 διὰ
2415 2323 2523 2375 τῶν
2568 2322 2708 2375 ἑπτὰ
2759 2323 3029 2394 ποιμένων
3067 2325 3161 2377 καὶ⁸
3199 2324 3286 2377 διὰ
3325 2324 3433 2377 τῶν
3476 2325 3625 2379 ὀκτὼ

2037 2416 2349 2487 δηγμάτων
2375 2414 2553 2468 ταῦτα
2575 2415 2631 2468 δὲ
2657 2414 2914 2469 δύνασθαι
2937 2415 3132 2469 εἰδέναι
3158 2416 3285 2479 τοὺς
3312 2416 3382 2469 τά
3426 2417 3625 2470 Ἀσσυ-

2037 2507 2167 2579 ρίων
2206 2507 2578 2580 ἱστορηκότας,
2614 2503 2688 2561 ὧν
2720 2508 2811 2560 ἐπὶ
2851 2507 2993 2560 τέλει
3026 2508 3119 2561 τὸν
3154 2510 3219 2563 ἐκ
3245 2509 3344 2578 τῆς
3371 2508 3624 2579 Βηθλεὲμ

2034 2600 2507 2672 προφητευόμενον
2540 2599 2840 2667 γεγονέναι,
2892 2599 3032 2653 κατὰ
3074 2600 3201 2664 τοὺς
3236 2600 3376 2654 ἐπτὰ
3415 2600 3622 2674 δηλαδὴ

2038 2693 2298 2762 ποιμένας
2335 2692 2429 2745 καὶ
2456 2692 2523 2745 τὰ
2552 2690 2694 2744 ὀκτὼ
2719 2692 2970 2763 δήγματα
2992 2694 3102 2755 τοῖς
3144 2692 3450 2764 Ἀσσυρίοις
3476 2709 3622 2762 συμ-

2037 2783 2208 2838 ϐάντα
2239 2787 2295 2837 ἐν
2324 2785 2570 2855 ὑστέροις
2591 2784 2802 2855 χρόνοις
2823 2785 2920 2853 τῆς
2938 2785 3017 2846 είς
3034 2784 3133 2855 τὴν
3164 2783 3419 2836 Ἰουδαίαν
3436 2783 3621 2836 αὐτῶν

2036 2877 2247 2945 ἐφόδου.
2285 2876 2471 2931 Ταῦτα
2507 2878 2563 2930 δὲ
2607 2876 2863 2948 πλείστης
2888 2877 3115 2949 ἐρεύνης
3147 2877 3398 2948 δεόμενα,
3426 2877 3487 2930 ού
3518 2877 3622 2931 νῦν

2036 2967 2507 3041 πολυπραγμονεῖν
2537 2969 2746 3040 καιρός.

352 3066 611 3122 solentias
644 3075 837 3122 contra
885 3068 1007 3122 illos
1040 3068 1339 3131 exstitisse,
1369 3083 1531 3138 quant
1578 3068 1762 3123 multa;
1839 3074 2044 3138 septem
2088 3067 2402 3136 pastoribus
2451 3073 2504 3121 et
2551 3074 2677 3121 octo
2740 3066 3018 3121 morsibus
3073 3065 3403 3123 indicantur.
3479 3066 3615 3123 Haec

351 3166 534 3213 autem
596 3158 725 3213 sciri
767 3174 927 3230 posse
996 3161 1064 3214 ab
1112 3160 1181 3215 iis
1214 3161 1306 3219 oui
1353 3176 1441 3216 res
1480 3160 1831 3233 Assyriorum
1889 3160 2165 3214 memoria).
2216 3158 2553 3230 prodiderint
2598 3177 2613 3214 :
2682 3174 2914 3230 quorum
2968 3169 3090 3230 post
3140 3160 3325 3227 linem,
3375 3178 3500 3218 eum
3542 3164 3620 3219 de

347 3271 459 3325 quo
492 3255 773 3326 prophetas
813 3256 1115 3325 loquuntur
1154 3257 1223 3312 de
1261 3255 1572 3312 Bethlehem
1622 3257 1919 3320 exstitisse,
1963 3263 2086 3326 post
2122 3266 2329 3325 septem
2354 3253 2608 3309 videlicet
2637 3263 2886 3327 pastores
2918 3265 2971 3309 et
3001 3264 3126 3325 post
3191 3264 3318 3310 octo
3381 3271 3611 3314 morsus

349 3347 442 3416 qui
507 3340 764 3418 Assyrios
810 3350 1130 3415 invaserint,
1177 3350 1514 3421 temporibus
1566 3365 1687 3420 quas
1750 3350 1963 3405 illorum
2031 3350 2087 3404 in
2132 3347 2375 3403 Iudaeam
2429 3364 2710 3404 accessum
2767 3350 3062 3404 subsecuta
3119 3357 3267 3406 sunt.
3307 3348 3612 3416 Caeterum,

350 3443 465 3497 haec
512 3443 802 3514 plut-imam
834 3445 1169 3516 postulantia
1196 3446 1622 3521 indagationem,
1653 3460 1763 3500 non
1808 3453 1893 3500 est
1932 3460 2083 3500 nunc
2112 3446 2390 3501 curiosius
2414 3444 2735 3514 explorandi
2762 3451 2997 3515 tempus.

342 3580 391 3636 Α
415 3580 622 3650 psalmo
658 3596 843 3655 ειμι.
877 3613 948 3623 -—-
976 3582 1247 3649 Quwrenti
1270 3652 1286 3655 Α
1312 3582 1481 3638 David
1536 3585 1781 3655 quisnam
1836 3585 1913 3639 lo-

2030 3584 2164 3639 Ἀπὸ
2212 3582 2462 3655 gravaret}
2492 3582 2717 3655 pka'.—
2741 3580 3063 3651 Πυθομένῳ
3095 3580 3174 3655 τῷ
3204 3580 3402 3655 Δαεὶδ,
3436 3587 3615 3652 ποῖος

414 3668 508 3707 cus
553 3662 688 3707 esset
730 3652 991 3723 Epitrata,
1026 3657 1081 3706 in
1122 3671 1225 3724 qua
1264 3652 1401 3709 Deus
1446 3650 1840 3723 prainuntiatus
1884 3673 1917 3711 α

2091 3656 2182 3723 ἄρ’
2209 3650 2302 3721 εἴη
2329 3650 2361 3707 ὁ
2389 3650 2503 3721 τῆςῖ
2526 3653 2633 3707 τοῦ
2667 3650 3226 3724 προκηρύττομέγοζυ
3258 3653 3407 3705 Θεοῦ
3436 3650 3611 3721 τειέζ

414 3724 681 3803 prophetis
732 3721 1058 3788 nasceretur,
1096 3721 1546 3803 ipsa‘outem'est
1592 3726 1914 3791 Betntehem,

2087 3721 2242 3803 σὲῳς
2265 3726 2463 3803 τόπος,
2486 3725 2531 3803 ῄ
2561 3721 2847 3803 “Efppagd,
2881 3723 3033 3803 αὕτη
3066 3721 3134 3775 δέ
3176 3722 3414 3803 ἐστιν..τῇ
3448 3727 3611 3791 Βηθ-

413 3809 507 3864 per
537 3792 793 3862 Spiritum
820 3808 1062 3849 sanctum
1096 3796 1491 3864 manifestatur.

420 3925 439 3958 ι
459 3897 751 3970 Memento,
788 3905 1038 3970 Domine,
1083 3906 1275 3971 David,
1305 3918 1359 3962 et
1387 3908 1565 3965 omnis
1594 3917 1918 3965 mansuetu-

344 3996 490 4053 dinis
512 3998 668 4067 ejus:
704 3997 848 4053 sicut
869 3999 1076 4068 juravit
1108 3997 1360 4062 Domino,
1399 4009 1585 4055 votum
1623 4002 1770 4056 vovit
1809 4001 1919 4056 Deo

340 4087 541 4142 Jacob:
592 4089 640 4143 si
691 4088 956 4143 introiero
991 4091 1046 4144 in
1076 4090 1488 4145 tabernaculum
1519 4090 1713 4148 domus
1760 4108 1914 4155 meae,

343 4179 392 4235 si
423 4177 723 4235 ascendero
751 4178 805 4233 in
841 4180 1042 4234 lectum
1087 4181 1247 4235 strati
1278 4181 1420 4236 mei:
1466 4182 1513 4236 si
1542 4180 1742 4237 dedero
1769 4196 1918 4237 som-

341 4288 474 4328 num
501 4272 676 4328 oculis
704 4272 861 4336 meis,
892 4283 944 4328 et
971 4274 1246 4344 palpebris
1266 4275 1401 4330 meis
1440 4273 1908 4339 dormitationem,

343 4363 424 4438 [et
462 4364 707 4436 requiem
738 4367 1077 4436 temporibus
1107 4366 1291 4440 meis,]
1324 4366 1501 4422 donec
1533 4368 1804 4423 inveniam
1836 4357 1916 4423 io-

341 4474 469 4514 cum
529 4457 786 4526 Domino,
856 4460 1270 4515 tabernaculum
1329 4459 1442 4516 Deo
1504 4458 1694 4517 Jacob.
1774 4461 1915 4516 Ecce

340 4552 654 4608 audivimus
736 4567 855 4607 eam
937 4553 996 4608 in
1076 4552 1336 4624 Ephrata,
1406 4554 1717 4609 invenimus
1793 4568 1914 4609 eam

340 4642 399 4699 in
463 4644 673 4715 campis
740 4644 939 4715 sylva):
1030 4644 1378 4701 introibimus
1443 4643 1501 4699 in
1561 4644 1914 4699 tabernacula

338 4735 483 4805 ejus,
525 4736 878 4792 adorabimus
937 4737 995 4791 in
1062 4737 1182 4792 loco
1251 4736 1343 4792 ubi
1405 4743 1673 4791 steterunt
1750 4736 1916 4806 pedes

337 4827 543 4897 ejus“.
598 4847 617 4881 ›
657 4826 795 4882 Τυιιι
880 4828 1136 4899 deinceps
1237 4829 1485 4899 adjungit
1531 4846 1545 4882 :
1622 4846 1641 4881 ι
1683 4827 1918 4898 Propter

2086 3795 2255 3866 λεὲμ,
2285 3794 2382 3848 διὰ
2412 3793 2515 3847 τοῦ
2548 3796 2709 3848 θείου
2737 3793 3083 3862 Πνεύματος
3122 3793 3497 3862 φανεροῦται.

2052 3970 2064 3988 .
2095 3928 2116 3958 ‹
2150 3905 2457 3977 Μνήσθητι,
2510 3903 2705 3976 Κύριε,
2753 3902 2847 3956 τοῦ
2907 3901 3091 3970 Δαίῖιδ,
3138 3902 3231 3956 καὶ
3275 3902 3458 3975 πάσης
3505 3904 3609 3975 τῆς

2018 4000 2324 4076 πραότητος
2363 3996 2549 4052 αὐτοῦ’
2592 3997 2669 4060 ὼς
2699 3995 2880 4068 ὤμοσε
2913 3995 2993 4067 τῷ
3029 3996 3241 4069 Κυρίῳ,
3289 3995 3494 4067 ηὔξατο
3524 3997 3608 4067 τῷ

2018 4091 2138 4164 Θεῷ
2174 4090 2387 4146 ἰακὼὁο
2416 4090 2481 4145 Ei
2507 4089 2880 4160 εἰσελεύσομαι
2902 4089 2982 4153 εἰς
3007 4091 3269 4159 σκήνωμα
3291 4087 3444 4141 οἴκου
3475 4105 3606 4159 μου,

2018 4187 2068 4238 εί
2100 4185 2443 4256 ἀναϐήσομαι
2489 4184 2584 4237 ἐπὶ
2622 4181 2809 4253 κλίνης
2855 4181 3146 4253 στρωμνῆς
3180 4197 3300 4252 μουο
3351 4182 3400 4234 εί
3446 4179 3608 4236 δώσω

2021 4278 2189 4333 ὕπνον
2233 4280 2346 4340 τοῖς
2390 4275 2686 4347 ὀφθαλμοῖς
2736 4291 2857 4345 μου,
2895 4274 2987 4327 καὶ
3018 4275 3134 4336 τοῖς
3168 4273 3464 4345 βλεφάροις
3498 4290 3604 4345 μου

2019 4369 2352 4440 νυσταγμὺν,
2381 4369 2486 4432 ’έως
2519 4362 2580 4420 οῦ
2609 4366 2756 4438 ε’ύρω
2787 4367 2949 4420 τόπον
2981 4365 3061 4436 τῷ
3091 4366 3300 4438 Κυρίῳ,
3333 4367 3606 4437 σκήνωμα

2016 4461 2096 4533 τῷ
2124 4461 2243 4533 Θεῷ
2283 4459 2495 4514 Ἰακώϐ.
2534 4460 2665 4513 Ἰδοὺ
2689 4458 3000 4530 ἠκούσαμεν
3030 4457 3197 4529 αὐτὴν
3228 4459 3286 4511 ἐν
3331 4458 3600 4529 Ἐφραθά,

2019 4554 2250 4625 εὕρομεν
2281 4551 2449 4623 αὐτὴν
2476 4553 2535 4604 ἐν
2557 4554 2669 4615 τοῖς
2691 4550 2889 4613 πεδίοις
2911 4549 3006 4602 τοῦ
3033 4548 3260 4621 δρυμοῦ·
3296 4550 3604 4604 εἰσελευσόο

2021 4642 2163 4715 μεθα
2206 4646 2286 4706 είς
2324 4642 2393 4696 τὰ
2443 4641 2775 4713 σκηνώματα
2814 4641 3003 4706 αὐτοῦ,
3036 4642 3488 4714 προσκυνήσομεν
3520 4647 3602 4709 εἰς

2015 4735 2107 4788 τὸν
2154 4735 2337 4800 τόπον,
2378 4727 2439 4788 οὗ
2484 4735 2715 4804 ἔστησαν
2759 4736 2809 4787 oi
2854 4733 3012 4798 πόδες
3054 4733 3240 4787 αὐτοῦ.
3276 4753 3294 4786 t
3327 4730 3443 4788 Εἶθ’
3467 4736 3600 4806 ἑξῆς

2018 4826 2276 4896 ἐπιλέγει’
2293 4844 2313 4879 t
2326 4825 2551 4880 Ἕνεκεν
2568 4825 2731 4880 Δαὸὶδ
2749 4825 2843 4881 τοῦ
2864 4825 3048 4881 δούλου
3078 4842 3193 4890 σου,
3224 4825 3297 4898 μὴ
3324 4827 3598 4898 ἀποστρέ-

340 4917 512 4975 David
560 4935 778 4975 servum
824 4926 1000 4988 tuum,
1061 4937 1131 4977 ne
1179 4928 1396 4976 avertas
1447 4920 1640 4976 faciem
1710 4920 1913 4976 Christi

2026 4920 2125 4993 φης
2163 4919 2225 4973 τὸ
2264 4920 2555 4994 πρόσωπον
2583 4916 2679 4973 τοῦ
2714 4917 2949 4990 Χριστοῦ
2995 4934 3107 4971 σου.
3155 4919 3360 4989 Ὤμοσε
3391 4918 3595 4990 Κύριος

338 5013 442 5069 tui.
485 5011 697 5068 Juravit
756 5012 1018 5068 Dominus
1092 5011 1262 5067 David
1315 5012 1623 5076 veritatem,
1692 5020 1747 5068 et
1806 5029 1916 5069 non

337 5104 695 5161 frustrabitur
744 5120 889 5169 eum,
953 5107 1019 5160 dc
1072 5104 1252 5160 fructu
1300 5107 1509 5161 ventris
1568 5105 1648 5159 tui
1714 5120 1913 5176 ponam

340 5212 507 5268 super
536 5197 720 5254 sedem
751 5204 901 5252 tuam
923 5197 989 5253 ⁸³.
1017 5216 1036 5248 ι
1066 5196 1133 5250 Et
1156 5196 1403 5269 adjungit
1428 5197 1514 5252 bis
1538 5197 1666 5251 item
1691 5197 1912 5253 dicens:

342 5306 363 5341 ι
393 5288 527 5345 Illuc
575 5289 873 5359 producam
921 5306 1094 5344 cornu
1145 5288 1336 5355 David,
1393 5291 1581 5361 paravi
1628 5289 1908 5345 lucernam

338 5376 562 5433 Christo
611 5395 762 5435 meo:
818 5380 1073 5434 inimicos
1118 5379 1239 5448 ejus
1282 5379 1505 5435 induam
1560 5379 1907 5443 confusione,

340 5485 506 5540 super
535 5470 713 5540 ipsum
753 5481 932 5526 autem
964 5472 1227 5527 emorebit
1260 5473 1622 5526 sanctiﬁcatio
1653 5486 1772 5527 mea
1789 5470 1856 5526 “.
1884 5489 1903 5523 ι

338 5559 516 5616 Etiam
538 5561 655 5616 haec
687 5564 971 5633 prophetia
991 5579 1118 5618 cum
1148 5579 1211 5619 su
1220 5564 1430 5637 periorc
1454 5563 1770 5627 concordat,
1791 5578 1911 5635 qua

2017 5010 2181 5065 Δασὶδ
2223 5010 2503 5084 ἀλήθειαν,
2549 5012 2644 5065 καὶ
2691 5012 2752 5064 ού
2802 5011 2876 5083 μὴ
2906 5011 3185 5083 ιάθετήσει
3238 5011 3431 5065 αὐτόν’
3499 5013 3597 5066 Ἐκ

2014 5102 2230 5172 καρποῦ
2255 5103 2357 5173 τῆς
2381 5103 2590 5167 κοιλίας
2615 5120 2708 5155 σου
2741 5102 2974 5174 θήσομαι
3003 5104 3096 5160 ἐπὶ
3117 5104 3209 5157 τὸν
3229 5102 3415 5175 θρόνον
3439 5120 3588 5156 σου.»

2012 5198 2121 5249 Καὶ
2145 5197 2616 5268 ἐπιφέρειτούτοις
2635 5196 2824 5264 λέγων’
2865 5215 2883 5248 t
2909 5198 3052 5252 Ἑκεί
3087 5197 3392 5263 ἐξανατελῶ
3425 5198 3594 5269 κέρας

2010 5286 2089 5357 τῷ
2129 5267 2322 5351 Δαϐὶδ,
2362 5287 2635 5358 ήτοίμασα
2669 5286 2859 5357 λύχνον
2907 5286 2986 5358 τῷ
3020 5285 3242 5359 Χριστῷ
3286 5304 3387 5357 μου
3410 5303 3422 5316 ·
3464 5267 3593 5352 τοὺς

2010 5379 2238 5451 ἐχθροὺς
2275 5380 2440 5435 αὑτοῦ
2484 5382 2687 5435 ἐνδύσω
2725 5380 3007 5452 αἰσχύνην,
3039 5383 3131 5436 ἐπὶ
3161 5382 3219 5438 δὲ
3245 5380 3406 5436 αὐτὸν
3436 5381 3591 5447 seu»

2012 5471 2167 5543 θήσει
2200 5471 2261 5524 τὸ
2295 5471 2541 5544 ἁγίασμά
2571 5491 2693 5545 μου.
2724 5493 2742 5525 ι
2778 5473 2998 5545 Συνᾴδει
3028 5474 3095 5543 τῇ
3124 5476 3229 5543 πρὸ
3256 5472 3461 5543 ταύτης
3493 5474 3585 5527 καὶ

2012 5567 2046 5637 ή
2081 5563 2331 5636 παροῦσα
2366 5565 2687 5635 προφητεία,
2723 5566 2786 5618 ἐκ
2816 5562 3062 5635 Βηθλεὲμ
3088 5564 3180 5619 τὸν
3210 5564 3583 5637 προκηρυττό-

408 5716 450 5748 ⁸⁸
493 5716 657 5773 Mich.
683 5734 737 5783 ν,
771 5718 823 5772 5.
899 5720 943 5751 ⁶¹
975 5718 1119 5776 Psal.
1160 5721 1281 5786 131,
1318 5721 1423 5775 L7.
1501 5720 1548 5753 ⁸³
1581 5720 1714 5777 ibid.
1749 5722 1836 5785 10,
1884 5722 1922 5778 l'

2050 5720 2090 5755 ει
2128 5721 2257 5783 ibid.
2301 5720 2389 5790 ιτ,
2435 5720 2521 5777 is.
