  <div class='ocr_page' id='page_1' title='image "/cluster/home/n/w/nwhite01/storage/ocr_20150623/22/mdp.39015078384388/290.png"; bbox 0 0 3902 6264; ppageno 0'>
   <div class='ocr_carea' id='block_1_1' title="bbox 305 351 411 409">
    <p class='ocr_par' dir='ltr' id='par_1_1' title="bbox 305 351 411 409">
     <span class='ocr_line' id='line_1_1' title="bbox 305 351 411 409; baseline -0.028 0"><span class='ocrx_word' id='word_1_1' title='bbox 305 351 411 409; x_wconf 66' lang='grc'><strong>545</strong></span> 
     </span>
    </p>
   </div>
   <div class='ocr_carea' id='block_1_2' title="bbox 1187 346 2678 431">
    <p class='ocr_par' dir='ltr' id='par_1_2' title="bbox 1187 346 2678 431">
     <span class='ocr_line' id='line_1_2' title="bbox 1187 346 2678 431; baseline 0.001 -26"><span class='ocrx_word' id='word_1_2' title='bbox 1187 348 1847 407; x_wconf 77' lang='lat' dir='ltr'><strong>DEMONSTRATIONIS</strong></span> <span class='ocrx_word' id='word_1_3' title='bbox 1889 347 2351 431; x_wconf 70' lang='lat' dir='ltr'><strong>EVANGELlC/E</strong></span> <span class='ocrx_word' id='word_1_4' title='bbox 2392 346 2522 405; x_wconf 79' lang='lat' dir='ltr'><strong>LIB.</strong></span> <span class='ocrx_word' id='word_1_5' title='bbox 2564 346 2678 406; x_wconf 75' lang='lat' dir='ltr'><strong>VH.</strong></span> 
     </span>
    </p>
   </div>
   <div class='ocr_carea' id='block_1_3' title="bbox 3458 360 3563 417">
    <p class='ocr_par' dir='ltr' id='par_1_3' title="bbox 3458 360 3563 417">
     <span class='ocr_line' id='line_1_3' title="bbox 3458 360 3563 417; baseline -0.01 0"><span class='ocrx_word' id='word_1_6' title='bbox 3458 360 3563 417; x_wconf 73' lang='grc' dir='ltr'>διο</span> 
     </span>
    </p>
   </div>
   <div class='ocr_carea' id='block_1_4' title="bbox 309 463 1889 543">
    <p class='ocr_par' dir='ltr' id='par_1_4' title="bbox 309 463 1883 543">
     <span class='ocr_line' id='line_1_4' title="bbox 309 463 1883 543; baseline -0.003 -20"><span class='ocrx_word' id='word_1_7' title='bbox 309 487 470 543; x_wconf 73' lang='grc' dir='ltr'>μενον</span> <span class='ocrx_word' id='word_1_8' title='bbox 497 469 631 523; x_wconf 85' lang='grc' dir='ltr'>Θεὸν</span> <span class='ocrx_word' id='word_1_9' title='bbox 660 466 1079 540; x_wconf 76' lang='grc' dir='ltr'>προελεύσεσθαι</span> <span class='ocrx_word' id='word_1_10' title='bbox 1114 468 1471 540; x_wconf 75' lang='grc' dir='ltr'><strong>σημαίνουσα.</strong></span> <span class='ocrx_word' id='word_1_11' title='bbox 1509 467 1678 521; x_wconf 84' lang='grc' dir='ltr'>Τοῦτο</span> <span class='ocrx_word' id='word_1_12' title='bbox 1711 467 1768 521; x_wconf 82' lang='grc' dir='ltr'>δὲ</span> <span class='ocrx_word' id='word_1_13' title='bbox 1791 463 1883 521; x_wconf 76' lang='grc' dir='ltr'>οὖν</span> 
     </span>
    </p>
   </div>
   <div class='ocr_carea' id='block_1_5' title="bbox 1979 463 3562 543">
    <p class='ocr_par' dir='ltr' id='par_1_5' title="bbox 1987 464 3562 535">
     <span class='ocr_line' id='line_1_5' title="bbox 1987 464 3562 535; baseline 0.009 -16"><span class='ocrx_word' id='word_1_14' title='bbox 1987 465 2141 519; x_wconf 86' lang='lat' dir='ltr'><strong>illum</strong></span> <span class='ocrx_word' id='word_1_15' title='bbox 2174 464 2369 530; x_wconf 91' lang='lat' dir='ltr'><strong>Deum,</strong></span> <span class='ocrx_word' id='word_1_16' title='bbox 2398 466 2493 535; x_wconf 85' lang='lat' dir='ltr'><strong>qui</strong></span> <span class='ocrx_word' id='word_1_17' title='bbox 2525 464 2814 520; x_wconf 76' lang='lat' dir='ltr'><strong>nuntiatur</strong></span> <span class='ocrx_word' id='word_1_18' title='bbox 2841 474 3131 535; x_wconf 82' lang='lat' dir='ltr'><strong>venturus,</strong></span> <span class='ocrx_word' id='word_1_19' title='bbox 3159 469 3227 526; x_wconf 83' lang='lat' dir='ltr'><strong>de</strong></span> <span class='ocrx_word' id='word_1_20' title='bbox 3247 470 3562 533; x_wconf 85' lang='lat' dir='ltr'><strong>Bcthlehem</strong></span> 
     </span>
    </p>
   </div>
   <div class='ocr_carea' id='block_1_6' title="bbox 304 557 1882 632">
    <p class='ocr_par' dir='ltr' id='par_1_6' title="bbox 304 557 1882 632">
     <span class='ocr_line' id='line_1_6' title="bbox 304 557 1882 632; baseline -0.003 -15"><span class='ocrx_word' id='word_1_21' title='bbox 304 562 436 617; x_wconf 69' lang='grc' dir='ltr'>αὐτὸ</span> <span class='ocrx_word' id='word_1_22' title='bbox 491 563 584 616; x_wconf 72' lang='grc' dir='ltr'><strong>καὶ</strong></span> <span class='ocrx_word' id='word_1_23' title='bbox 627 564 657 615; x_wconf 90' lang='grc' dir='ltr'><strong>ό</strong></span> <span class='ocrx_word' id='word_1_24' title='bbox 706 560 891 628; x_wconf 77' lang='grc' dir='ltr'>Δαϐὶδ,</span> <span class='ocrx_word' id='word_1_25' title='bbox 936 560 1201 632; x_wconf 83' lang='grc' dir='ltr'>πρότερον</span> <span class='ocrx_word' id='word_1_26' title='bbox 1244 560 1342 631; x_wconf 82' lang='grc' dir='ltr'>μὲν</span> <span class='ocrx_word' id='word_1_27' title='bbox 1380 558 1613 628; x_wconf 78' lang='grc' dir='ltr'><strong>ἀγνοῶν,</strong></span> <span class='ocrx_word' id='word_1_28' title='bbox 1665 557 1882 629; x_wconf 78' lang='grc' dir='ltr'><strong>εὔχεται</strong></span> 
     </span>
    </p>
   </div>
   <div class='ocr_carea' id='block_1_7' title="bbox 306 650 1878 729">
    <p class='ocr_par' dir='ltr' id='par_1_7' title="bbox 306 650 1878 729">
     <span class='ocr_line' id='line_1_7' title="bbox 306 650 1878 729; baseline -0.003 -20"><span class='ocrx_word' id='word_1_29' title='bbox 306 655 459 729; x_wconf 81' lang='grc' dir='ltr'>παρὰ</span> <span class='ocrx_word' id='word_1_30' title='bbox 496 654 594 709; x_wconf 85' lang='grc' dir='ltr'><strong>τοῦ</strong></span> <span class='ocrx_word' id='word_1_31' title='bbox 638 654 774 709; x_wconf 83' lang='grc' dir='ltr'><strong>Θεοῦ</strong></span> <span class='ocrx_word' id='word_1_32' title='bbox 821 653 1031 726; x_wconf 85' lang='grc' dir='ltr'>μαθεῖν,</span> <span class='ocrx_word' id='word_1_33' title='bbox 1071 650 1169 708; x_wconf 83' lang='grc' dir='ltr'>εἶτ’</span> <span class='ocrx_word' id='word_1_34' title='bbox 1211 652 1508 724; x_wconf 77' lang='grc' dir='ltr'>εὐξάμενος</span> <span class='ocrx_word' id='word_1_35' title='bbox 1549 652 1878 706; x_wconf 74' lang='grc' dir='ltr'><strong>παιδεύεται.</strong></span> 
     </span>
    </p>
   </div>
   <div class='ocr_carea' id='block_1_8' title="bbox 319 744 1883 819">
    <p class='ocr_par' dir='ltr' id='par_1_8' title="bbox 319 744 1883 819">
     <span class='ocr_line' id='line_1_8' title="bbox 319 744 1883 819; baseline -0.003 -17"><span class='ocrx_word' id='word_1_36' title='bbox 319 747 535 819; x_wconf 79' lang='grc' dir='ltr'>Ἐπειδὴ</span> <span class='ocrx_word' id='word_1_37' title='bbox 558 747 668 818; x_wconf 75' lang='grc' dir='ltr'><strong>γὰρ</strong></span> <span class='ocrx_word' id='word_1_38' title='bbox 686 746 949 818; x_wconf 83' lang='grc' dir='ltr'><strong>τετύχηκε</strong></span> <span class='ocrx_word' id='word_1_39' title='bbox 975 746 1224 817; x_wconf 79' lang='grc' dir='ltr'><strong>χρησμοῦ</strong></span> <span class='ocrx_word' id='word_1_40' title='bbox 1257 745 1347 800; x_wconf 87' lang='grc' dir='ltr'><strong>τοῦ</strong></span> <span class='ocrx_word' id='word_1_41' title='bbox 1375 746 1510 817; x_wconf 87' lang='grc' dir='ltr'>πρὸς</span> <span class='ocrx_word' id='word_1_42' title='bbox 1536 744 1696 798; x_wconf 84' lang='grc' dir='ltr'>αὐτὸν</span> <span class='ocrx_word' id='word_1_43' title='bbox 1724 745 1783 798; x_wconf 83' lang='grc' dir='ltr'>ὲν</span> <span class='ocrx_word' id='word_1_44' title='bbox 1805 744 1883 816; x_wconf 80' lang='grc' dir='ltr'>τῷ</span> 
     </span>
    </p>
   </div>
   <div class='ocr_carea' id='block_1_9' title="bbox 302 836 1884 912">
    <p class='ocr_par' dir='ltr' id='par_1_9' title="bbox 302 836 1884 912">
     <span class='ocr_line' id='line_1_9' title="bbox 302 836 1884 912; baseline -0.003 -18"><span class='ocrx_word' id='word_1_45' title='bbox 302 840 504 912; x_wconf 73' lang='grc' dir='ltr'>ψαλμῷ</span> <span class='ocrx_word' id='word_1_46' title='bbox 540 842 832 912; x_wconf 79' lang='grc' dir='ltr'>φήσαντος,</span> <span class='ocrx_word' id='word_1_47' title='bbox 873 858 892 890; x_wconf 77' lang='grc' dir='ltr'><strong>ι</strong></span> <span class='ocrx_word' id='word_1_48' title='bbox 936 840 1031 893; x_wconf 87' lang='grc' dir='ltr'>Ἐκ</span> <span class='ocrx_word' id='word_1_49' title='bbox 1062 838 1273 908; x_wconf 78' lang='grc' dir='ltr'>καρποῦ</span> <span class='ocrx_word' id='word_1_50' title='bbox 1306 839 1403 909; x_wconf 82' lang='grc' dir='ltr'><strong>τῆς</strong></span> <span class='ocrx_word' id='word_1_51' title='bbox 1432 836 1638 900; x_wconf 82' lang='grc' dir='ltr'><strong>κοιλίας</strong></span> <span class='ocrx_word' id='word_1_52' title='bbox 1673 854 1765 890; x_wconf 88' lang='grc' dir='ltr'><strong>σου</strong></span> <span class='ocrx_word' id='word_1_53' title='bbox 1790 836 1884 909; x_wconf 82' lang='grc' dir='ltr'>θή-</span> 
     </span>
    </p>
   </div>
   <div class='ocr_carea' id='block_1_10' title="bbox 311 929 1883 1006">
    <p class='ocr_par' dir='ltr' id='par_1_10' title="bbox 311 929 1883 1006">
     <span class='ocr_line' id='line_1_10' title="bbox 311 929 1883 1006; baseline -0.001 -19"><span class='ocrx_word' id='word_1_54' title='bbox 311 950 471 1005; x_wconf 88' lang='grc' dir='ltr'>σομαι</span> <span class='ocrx_word' id='word_1_55' title='bbox 506 935 599 986; x_wconf 78' lang='grc' dir='ltr'><strong>ἐπὶ</strong></span> <span class='ocrx_word' id='word_1_56' title='bbox 632 933 724 987; x_wconf 87' lang='grc' dir='ltr'><strong>τὸν</strong></span> <span class='ocrx_word' id='word_1_57' title='bbox 751 933 938 1006; x_wconf 80' lang='grc' dir='ltr'>θρόνον</span> <span class='ocrx_word' id='word_1_58' title='bbox 967 951 1082 996; x_wconf 87' lang='grc' dir='ltr'>σου,</span> <span class='ocrx_word' id='word_1_59' title='bbox 1123 952 1141 985; x_wconf 77' lang='grc' dir='ltr'><strong>ι</strong></span> <span class='ocrx_word' id='word_1_60' title='bbox 1181 933 1276 986; x_wconf 79' lang='grc' dir='ltr'><strong>καὶ</strong></span> <span class='ocrx_word' id='word_1_61' title='bbox 1306 929 1483 996; x_wconf 77' lang='grc' dir='ltr'>αὖθις,</span> <span class='ocrx_word' id='word_1_62' title='bbox 1537 951 1553 983; x_wconf 79' lang='grc' dir='ltr'><strong>ι</strong></span> <span class='ocrx_word' id='word_1_63' title='bbox 1605 933 1752 986; x_wconf 85' lang='grc' dir='ltr'>Ἐκεῖ</span> <span class='ocrx_word' id='word_1_64' title='bbox 1795 931 1883 1000; x_wconf 77' lang='grc' dir='ltr'><strong>ἐξ-</strong></span> 
     </span>
    </p>
   </div>
   <div class='ocr_carea' id='block_1_11' title="bbox 306 1024 1881 1097">
    <p class='ocr_par' dir='ltr' id='par_1_11' title="bbox 306 1024 1881 1097">
     <span class='ocr_line' id='line_1_11' title="bbox 306 1024 1881 1097; baseline -0.001 -17"><span class='ocrx_word' id='word_1_65' title='bbox 306 1026 548 1080; x_wconf 82' lang='grc' dir='ltr'>ανατελῶ</span> <span class='ocrx_word' id='word_1_66' title='bbox 572 1027 741 1097; x_wconf 84' lang='grc' dir='ltr'>κέρας</span> <span class='ocrx_word' id='word_1_67' title='bbox 764 1026 841 1096; x_wconf 82' lang='grc' dir='ltr'>τῷ</span> <span class='ocrx_word' id='word_1_68' title='bbox 854 1025 1033 1088; x_wconf 71' lang='grc' dir='ltr'>Δαϐὶδ,</span> <span class='ocrx_word' id='word_1_69' title='bbox 1056 1026 1326 1097; x_wconf 83' lang='grc' dir='ltr'>ήτοίμασα</span> <span class='ocrx_word' id='word_1_70' title='bbox 1352 1025 1543 1096; x_wconf 86' lang='grc' dir='ltr'>λύχνον</span> <span class='ocrx_word' id='word_1_71' title='bbox 1563 1024 1642 1095; x_wconf 82' lang='grc' dir='ltr'><strong>τῷ</strong></span> <span class='ocrx_word' id='word_1_72' title='bbox 1664 1025 1881 1097; x_wconf 86' lang='grc' dir='ltr'>Χριστῴ</span> 
     </span>
    </p>
   </div>
   <div class='ocr_carea' id='block_1_12' title="bbox 313 1116 1880 1190">
    <p class='ocr_par' dir='ltr' id='par_1_12' title="bbox 313 1116 1880 1190">
     <span class='ocr_line' id='line_1_12' title="bbox 313 1116 1880 1190; baseline 0 -20"><span class='ocrx_word' id='word_1_73' title='bbox 313 1135 433 1190; x_wconf 76' lang='grc' dir='ltr'>μου,</span> <span class='ocrx_word' id='word_1_74' title='bbox 464 1138 484 1170; x_wconf 76' lang='grc' dir='ltr'><strong>ι</strong></span> <span class='ocrx_word' id='word_1_75' title='bbox 515 1118 745 1181; x_wconf 76' lang='grc' dir='ltr'>εἰκότως</span> <span class='ocrx_word' id='word_1_76' title='bbox 778 1117 1109 1189; x_wconf 80' lang='grc' dir='ltr'><strong>προσπίπτει</strong></span> <span class='ocrx_word' id='word_1_77' title='bbox 1138 1116 1216 1189; x_wconf 82' lang='grc' dir='ltr'>τῷ</span> <span class='ocrx_word' id='word_1_78' title='bbox 1247 1116 1386 1187; x_wconf 85' lang='grc' dir='ltr'><strong>Θεῷ,</strong></span> <span class='ocrx_word' id='word_1_79' title='bbox 1424 1117 1516 1170; x_wconf 72' lang='grc' dir='ltr'><strong>καὶ</strong></span> <span class='ocrx_word' id='word_1_80' title='bbox 1555 1118 1880 1188; x_wconf 73' lang='grc' dir='ltr'>προσπεσὼν</span> 
     </span>
    </p>
   </div>
   <div class='ocr_carea' id='block_1_13' title="bbox 308 1204 1877 1276">
    <p class='ocr_par' dir='ltr' id='par_1_13' title="bbox 308 1204 1877 1276">
     <span class='ocr_line' id='line_1_13' title="bbox 308 1204 1877 1276; baseline -0.004 -14"><span class='ocrx_word' id='word_1_81' title='bbox 308 1209 392 1261; x_wconf 66' lang='grc' dir='ltr'><strong>ἐπ’</strong></span> <span class='ocrx_word' id='word_1_82' title='bbox 422 1208 656 1276; x_wconf 63' lang='grc' dir='ltr'>ἐδάφους</span> <span class='ocrx_word' id='word_1_83' title='bbox 694 1206 1000 1259; x_wconf 78' lang='grc' dir='ltr'>ποτνιᾶται·</span> <span class='ocrx_word' id='word_1_84' title='bbox 1055 1205 1150 1257; x_wconf 77' lang='grc' dir='ltr'><strong>ἐπὶ</strong></span> <span class='ocrx_word' id='word_1_85' title='bbox 1202 1204 1360 1258; x_wconf 81' lang='grc' dir='ltr'>πλέον</span> <span class='ocrx_word' id='word_1_86' title='bbox 1405 1204 1461 1258; x_wconf 83' lang='grc' dir='ltr'>δὲ</span> <span class='ocrx_word' id='word_1_87' title='bbox 1490 1207 1556 1275; x_wconf 80' lang='grc' dir='ltr'><strong>τῇ</strong></span> <span class='ocrx_word' id='word_1_88' title='bbox 1602 1206 1877 1276; x_wconf 73' lang='grc' dir='ltr'>προσευχῇ</span> 
     </span>
    </p>
   </div>
   <div class='ocr_carea' id='block_1_14' title="bbox 308 1294 1882 1374">
    <p class='ocr_par' dir='ltr' id='par_1_14' title="bbox 308 1294 1882 1374">
     <span class='ocr_line' id='line_1_14' title="bbox 308 1294 1882 1374; baseline -0.004 -21"><span class='ocrx_word' id='word_1_89' title='bbox 308 1298 730 1374; x_wconf 84' lang='grc' dir='ltr'>προσκαρτερῶν</span> <span class='ocrx_word' id='word_1_90' title='bbox 755 1298 947 1368; x_wconf 71' lang='grc' dir='ltr'>ὄμνυσι</span> <span class='ocrx_word' id='word_1_91' title='bbox 978 1295 1056 1366; x_wconf 84' lang='grc' dir='ltr'>τῷ</span> <span class='ocrx_word' id='word_1_92' title='bbox 1083 1294 1222 1366; x_wconf 82' lang='grc' dir='ltr'>Θεῷ,</span> <span class='ocrx_word' id='word_1_93' title='bbox 1261 1296 1334 1367; x_wconf 87' lang='grc' dir='ltr'>μὴ</span> <span class='ocrx_word' id='word_1_94' title='bbox 1362 1296 1622 1368; x_wconf 86' lang='grc' dir='ltr'>πρότερον</span> <span class='ocrx_word' id='word_1_95' title='bbox 1653 1294 1882 1349; x_wconf 78' lang='grc' dir='ltr'>εἰσελεύ-</span> 
     </span>
    </p>
   </div>
   <div class='ocr_carea' id='block_1_15' title="bbox 308 1385 1879 1460">
    <p class='ocr_par' dir='ltr' id='par_1_15' title="bbox 308 1385 1879 1460">
     <span class='ocr_line' id='line_1_15' title="bbox 308 1385 1879 1460; baseline -0.004 -14"><span class='ocrx_word' id='word_1_96' title='bbox 308 1392 493 1446; x_wconf 82' lang='grc' dir='ltr'>σεσθαι</span> <span class='ocrx_word' id='word_1_97' title='bbox 533 1393 613 1454; x_wconf 87' lang='grc' dir='ltr'><strong>είς</strong></span> <span class='ocrx_word' id='word_1_98' title='bbox 658 1391 920 1460; x_wconf 80' lang='grc' dir='ltr'><strong>σκήνωμα</strong></span> <span class='ocrx_word' id='word_1_99' title='bbox 951 1388 1101 1441; x_wconf 78' lang='grc' dir='ltr'>οἴκου</span> <span class='ocrx_word' id='word_1_100' title='bbox 1141 1387 1329 1450; x_wconf 76' lang='grc' dir='ltr'>αὑτοῦ,</span> <span class='ocrx_word' id='word_1_101' title='bbox 1372 1387 1507 1458; x_wconf 81' lang='grc' dir='ltr'>μηδὲ</span> <span class='ocrx_word' id='word_1_102' title='bbox 1548 1385 1737 1439; x_wconf 79' lang='grc' dir='ltr'>δώσειν</span> <span class='ocrx_word' id='word_1_103' title='bbox 1767 1389 1879 1451; x_wconf 88' lang='grc' dir='ltr'>τοῖς</span> 
     </span>
    </p>
   </div>
   <div class='ocr_carea' id='block_1_16' title="bbox 307 1477 1877 1554">
    <p class='ocr_par' dir='ltr' id='par_1_16' title="bbox 307 1477 1877 1554">
     <span class='ocr_line' id='line_1_16' title="bbox 307 1477 1877 1554; baseline -0.004 -17"><span class='ocrx_word' id='word_1_104' title='bbox 307 1483 600 1554; x_wconf 79' lang='grc' dir='ltr'>ὀφθαλμοῖς</span> <span class='ocrx_word' id='word_1_105' title='bbox 649 1481 813 1537; x_wconf 77' lang='grc' dir='ltr'>αὐτοῦ</span> <span class='ocrx_word' id='word_1_106' title='bbox 861 1480 1045 1544; x_wconf 78' lang='grc' dir='ltr'>ὕπνον,</span> <span class='ocrx_word' id='word_1_107' title='bbox 1096 1480 1192 1533; x_wconf 75' lang='grc' dir='ltr'>καὶ</span> <span class='ocrx_word' id='word_1_108' title='bbox 1235 1480 1346 1543; x_wconf 84' lang='grc' dir='ltr'>τοῖς</span> <span class='ocrx_word' id='word_1_109' title='bbox 1384 1478 1673 1550; x_wconf 74' lang='grc' dir='ltr'>βλεφάροις</span> <span class='ocrx_word' id='word_1_110' title='bbox 1712 1477 1877 1531; x_wconf 80' lang='grc' dir='ltr'>αὑτοῦ</span> 
     </span>
    </p>
   </div>
   <div class='ocr_carea' id='block_1_17' title="bbox 307 1571 1879 1646">
    <p class='ocr_par' dir='ltr' id='par_1_17' title="bbox 307 1571 1879 1646">
     <span class='ocr_line' id='line_1_17' title="bbox 307 1571 1879 1646; baseline -0.006 -15"><span class='ocrx_word' id='word_1_111' title='bbox 307 1575 631 1646; x_wconf 83' lang='grc' dir='ltr'>νυσταγμὸν,</span> <span class='ocrx_word' id='word_1_112' title='bbox 673 1575 807 1646; x_wconf 79' lang='grc' dir='ltr'>μηδὲ</span> <span class='ocrx_word' id='word_1_113' title='bbox 848 1572 1211 1643; x_wconf 83' lang='grc' dir='ltr'>ἀναϐήσεσθαι</span> <span class='ocrx_word' id='word_1_114' title='bbox 1242 1573 1335 1624; x_wconf 74' lang='grc' dir='ltr'><strong>ἐπὶ</strong></span> <span class='ocrx_word' id='word_1_115' title='bbox 1369 1571 1555 1642; x_wconf 82' lang='grc' dir='ltr'>κλίνης</span> <span class='ocrx_word' id='word_1_116' title='bbox 1590 1571 1879 1642; x_wconf 83' lang='grc' dir='ltr'>στρωμνῆς</span> 
     </span>
    </p>
   </div>
   <div class='ocr_carea' id='block_1_18' title="bbox 308 1661 1879 1736">
    <p class='ocr_par' dir='ltr' id='par_1_18' title="bbox 308 1661 1879 1736">
     <span class='ocr_line' id='line_1_18' title="bbox 308 1661 1879 1736; baseline -0.005 -14"><span class='ocrx_word' id='word_1_117' title='bbox 308 1668 495 1731; x_wconf 79' lang='grc' dir='ltr'>αὐτοῦ,</span> <span class='ocrx_word' id='word_1_118' title='bbox 528 1666 741 1721; x_wconf 81' lang='grc' dir='ltr'>κεῖσθαι</span> <span class='ocrx_word' id='word_1_119' title='bbox 766 1666 822 1719; x_wconf 83' lang='grc' dir='ltr'>δὲ</span> <span class='ocrx_word' id='word_1_120' title='bbox 854 1666 1028 1736; x_wconf 68' lang='grc' dir='ltr'>χαμαὶ</span> <span class='ocrx_word' id='word_1_121' title='bbox 1062 1663 1492 1735; x_wconf 79' lang='grc' dir='ltr'>προσκυνοῦντα,</span> <span class='ocrx_word' id='word_1_122' title='bbox 1528 1664 1624 1717; x_wconf 77' lang='grc' dir='ltr'>καὶ</span> <span class='ocrx_word' id='word_1_123' title='bbox 1651 1661 1879 1716; x_wconf 88' lang='grc' dir='ltr'>ποτνιώ-</span> 
     </span>
    </p>
   </div>
   <div class='ocr_carea' id='block_1_19' title="bbox 309 1753 1876 1829">
    <p class='ocr_par' dir='ltr' id='par_1_19' title="bbox 309 1753 1876 1829">
     <span class='ocr_line' id='line_1_19' title="bbox 309 1753 1876 1829; baseline -0.004 -18"><span class='ocrx_word' id='word_1_124' title='bbox 309 1774 496 1829; x_wconf 86' lang='grc' dir='ltr'>μενον,</span> <span class='ocrx_word' id='word_1_125' title='bbox 531 1756 642 1810; x_wconf 79' lang='grc' dir='ltr'>ἐστ’</span> <span class='ocrx_word' id='word_1_126' title='bbox 673 1755 739 1810; x_wconf 80' lang='grc' dir='ltr'>ἂν</span> <span class='ocrx_word' id='word_1_127' title='bbox 768 1755 901 1826; x_wconf 72' lang='grc' dir='ltr'><strong>εὕρῃ</strong></span> <span class='ocrx_word' id='word_1_128' title='bbox 932 1756 1096 1808; x_wconf 83' lang='grc' dir='ltr'>τόπον</span> <span class='ocrx_word' id='word_1_129' title='bbox 1128 1753 1205 1825; x_wconf 85' lang='grc' dir='ltr'>τῷ</span> <span class='ocrx_word' id='word_1_130' title='bbox 1237 1755 1446 1824; x_wconf 81' lang='grc' dir='ltr'>Κυρίῳ,</span> <span class='ocrx_word' id='word_1_131' title='bbox 1482 1754 1577 1807; x_wconf 75' lang='grc' dir='ltr'>καὶ</span> <span class='ocrx_word' id='word_1_132' title='bbox 1611 1754 1876 1823; x_wconf 79' lang='grc' dir='ltr'>σκήνωμα</span> 
     </span>
    </p>
   </div>
   <div class='ocr_carea' id='block_1_20' title="bbox 306 1844 1951 1920">
    <p class='ocr_par' dir='ltr' id='par_1_20' title="bbox 306 1844 1951 1920">
     <span class='ocr_line' id='line_1_20' title="bbox 306 1844 1951 1920; baseline -0.004 -17"><span class='ocrx_word' id='word_1_133' title='bbox 306 1848 379 1920; x_wconf 79' lang='grc' dir='ltr'>τῷ</span> <span class='ocrx_word' id='word_1_134' title='bbox 410 1848 531 1919; x_wconf 85' lang='grc' dir='ltr'><strong>Θεῷ</strong></span> <span class='ocrx_word' id='word_1_135' title='bbox 567 1847 785 1910; x_wconf 83' lang='grc' dir='ltr'>Ἰακὼϐ,</span> <span class='ocrx_word' id='word_1_136' title='bbox 817 1846 961 1899; x_wconf 77' lang='grc' dir='ltr'>τοῦτ’</span> <span class='ocrx_word' id='word_1_137' title='bbox 987 1846 1130 1900; x_wconf 77' lang='grc' dir='ltr'>ἔστιν</span> <span class='ocrx_word' id='word_1_138' title='bbox 1152 1846 1254 1912; x_wconf 77' lang='grc' dir='ltr'><strong>ἓως</strong></span> <span class='ocrx_word' id='word_1_139' title='bbox 1279 1845 1344 1900; x_wconf 81' lang='grc' dir='ltr'>ἂν</span> <span class='ocrx_word' id='word_1_140' title='bbox 1367 1844 1533 1918; x_wconf 83' lang='grc' dir='ltr'><strong>μάθῃ,</strong></span> <span class='ocrx_word' id='word_1_141' title='bbox 1558 1844 1650 1898; x_wconf 88' lang='grc' dir='ltr'><strong>τοῦ</strong></span> <span class='ocrx_word' id='word_1_142' title='bbox 1673 1845 1877 1916; x_wconf 86' lang='grc' dir='ltr'>Κυρίου</span> <span class='ocrx_word' id='word_1_143' title='bbox 1911 1867 1951 1920; x_wconf 75' lang='grc' dir='ltr'>Β</span> 
     </span>
    </p>
   </div>
   <div class='ocr_carea' id='block_1_21' title="bbox 305 1936 1873 2013">
    <p class='ocr_par' dir='ltr' id='par_1_21' title="bbox 305 1936 1873 2013">
     <span class='ocr_line' id='line_1_21' title="bbox 305 1936 1873 2013; baseline -0.003 -19"><span class='ocrx_word' id='word_1_144' title='bbox 305 1940 715 2013; x_wconf 77' lang='grc' dir='ltr'>φανερώσαντος</span> <span class='ocrx_word' id='word_1_145' title='bbox 748 1939 916 2009; x_wconf 81' lang='grc' dir='ltr'>αύτῷ,</span> <span class='ocrx_word' id='word_1_146' title='bbox 942 1938 1039 2008; x_wconf 86' lang='grc' dir='ltr'><strong>τὴν</strong></span> <span class='ocrx_word' id='word_1_147' title='bbox 1058 1937 1272 2007; x_wconf 88' lang='grc' dir='ltr'>γένεσιν</span> <span class='ocrx_word' id='word_1_148' title='bbox 1297 1938 1390 1992; x_wconf 87' lang='grc' dir='ltr'><strong>τοῦ</strong></span> <span class='ocrx_word' id='word_1_149' title='bbox 1412 1936 1671 2011; x_wconf 72' lang='grc' dir='ltr'><strong>Χριστοῦ⁸</strong></span> <span class='ocrx_word' id='word_1_150' title='bbox 1709 1936 1873 1999; x_wconf 75' lang='grc' dir='ltr'>εὐξά-</span> 
     </span>
    </p>
   </div>
   <div class='ocr_carea' id='block_1_22' title="bbox 308 2026 1874 2101">
    <p class='ocr_par' dir='ltr' id='par_1_22' title="bbox 308 2026 1874 2101">
     <span class='ocr_line' id='line_1_22' title="bbox 308 2026 1874 2101; baseline -0.003 -16"><span class='ocrx_word' id='word_1_151' title='bbox 308 2048 465 2101; x_wconf 85' lang='grc' dir='ltr'>μενος</span> <span class='ocrx_word' id='word_1_152' title='bbox 495 2030 573 2093; x_wconf 81' lang='grc' dir='ltr'>δὲ,</span> <span class='ocrx_word' id='word_1_153' title='bbox 611 2032 705 2084; x_wconf 73' lang='grc' dir='ltr'>καὶ</span> <span class='ocrx_word' id='word_1_154' title='bbox 743 2027 963 2082; x_wconf 86' lang='grc' dir='ltr'>τοιαῦτα</span> <span class='ocrx_word' id='word_1_155' title='bbox 985 2027 1186 2096; x_wconf 81' lang='grc' dir='ltr'>γνῶναι</span> <span class='ocrx_word' id='word_1_156' title='bbox 1220 2026 1484 2099; x_wconf 76' lang='grc' dir='ltr'>ποθήσας,</span> <span class='ocrx_word' id='word_1_157' title='bbox 1521 2027 1621 2079; x_wconf 78' lang='grc' dir='ltr'>οὐκ</span> <span class='ocrx_word' id='word_1_158' title='bbox 1652 2028 1731 2090; x_wconf 88' lang='grc' dir='ltr'><strong>είς</strong></span> <span class='ocrx_word' id='word_1_159' title='bbox 1768 2044 1874 2097; x_wconf 88' lang='grc' dir='ltr'><strong>μα-</strong></span> 
     </span>
    </p>
   </div>
   <div class='ocr_carea' id='block_1_23' title="bbox 304 2116 1872 2193">
    <p class='ocr_par' dir='ltr' id='par_1_23' title="bbox 304 2116 1872 2193">
     <span class='ocr_line' id='line_1_23' title="bbox 304 2116 1872 2193; baseline -0.004 -17"><span class='ocrx_word' id='word_1_160' title='bbox 304 2123 440 2193; x_wconf 77' lang='grc' dir='ltr'>κρὰν</span> <span class='ocrx_word' id='word_1_161' title='bbox 466 2120 544 2193; x_wconf 82' lang='grc' dir='ltr'><strong>τῷ</strong></span> <span class='ocrx_word' id='word_1_162' title='bbox 577 2120 706 2192; x_wconf 81' lang='grc' dir='ltr'>θείῳ</span> <span class='ocrx_word' id='word_1_163' title='bbox 741 2116 1018 2190; x_wconf 88' lang='grc' dir='ltr'>Πνεύματι</span> <span class='ocrx_word' id='word_1_164' title='bbox 1040 2118 1107 2172; x_wconf 77' lang='grc' dir='ltr'>τὰ</span> <span class='ocrx_word' id='word_1_165' title='bbox 1136 2118 1394 2191; x_wconf 83' lang='grc' dir='ltr'>μέλλοντα</span> <span class='ocrx_word' id='word_1_166' title='bbox 1417 2117 1636 2173; x_wconf 77' lang='grc' dir='ltr'>ἔσεσθαι</span> <span class='ocrx_word' id='word_1_167' title='bbox 1659 2117 1872 2190; x_wconf 79' lang='grc' dir='ltr'>θεωρεῖ,</span> 
     </span>
    </p>
   </div>
   <div class='ocr_carea' id='block_1_24' title="bbox 303 2208 1877 2279">
    <p class='ocr_par' dir='ltr' id='par_1_24' title="bbox 303 2208 1877 2279">
     <span class='ocr_line' id='line_1_24' title="bbox 303 2208 1877 2279; baseline -0.003 -13"><span class='ocrx_word' id='word_1_168' title='bbox 303 2210 394 2266; x_wconf 86' lang='grc' dir='ltr'><strong>τοῦ</strong></span> <span class='ocrx_word' id='word_1_169' title='bbox 415 2211 550 2264; x_wconf 89' lang='grc' dir='ltr'>Θεοῦ</span> <span class='ocrx_word' id='word_1_170' title='bbox 583 2214 693 2274; x_wconf 89' lang='grc' dir='ltr'>τοῖς</span> <span class='ocrx_word' id='word_1_171' title='bbox 725 2210 943 2273; x_wconf 81' lang='grc' dir='ltr'>οίκείοις</span> <span class='ocrx_word' id='word_1_172' title='bbox 970 2208 1432 2279; x_wconf 81' lang='grc' dir='ltr'>ἐπαγγειλαμένου</span> <span class='ocrx_word' id='word_1_173' title='bbox 1459 2208 1538 2262; x_wconf 77' lang='grc' dir='ltr'>ἔτι</span> <span class='ocrx_word' id='word_1_174' title='bbox 1567 2225 1631 2277; x_wconf 90' lang='grc' dir='ltr'>γε</span> <span class='ocrx_word' id='word_1_175' title='bbox 1656 2208 1877 2262; x_wconf 84' lang='grc' dir='ltr'>λαλούν-</span> 
     </span>
    </p>
   </div>
   <div class='ocr_carea' id='block_1_25' title="bbox 300 2298 1876 2371">
    <p class='ocr_par' dir='ltr' id='par_1_25' title="bbox 300 2298 1876 2371">
     <span class='ocr_line' id='line_1_25' title="bbox 300 2298 1876 2371; baseline -0.001 -17"><span class='ocrx_word' id='word_1_176' title='bbox 300 2316 406 2355; x_wconf 87' lang='grc' dir='ltr'>των</span> <span class='ocrx_word' id='word_1_177' title='bbox 439 2299 856 2355; x_wconf 78' lang='grc' dir='ltr'>ὲπακούσεσθαι.</span> <span class='ocrx_word' id='word_1_178' title='bbox 916 2299 1304 2363; x_wconf 82' lang='grc' dir='ltr'>Ἐπακουσθεὶς</span> <span class='ocrx_word' id='word_1_179' title='bbox 1349 2299 1482 2371; x_wconf 81' lang='grc' dir='ltr'>δῆτα</span> <span class='ocrx_word' id='word_1_180' title='bbox 1529 2298 1876 2364; x_wconf 79' lang='grc' dir='ltr'>καταξιοῦται</span> 
     </span>
    </p>
   </div>
   <div class='ocr_carea' id='block_1_26' title="bbox 300 2389 1874 2466">
    <p class='ocr_par' dir='ltr' id='par_1_26' title="bbox 300 2389 1874 2466">
     <span class='ocr_line' id='line_1_26' title="bbox 300 2389 1874 2466; baseline -0.003 -19"><span class='ocrx_word' id='word_1_181' title='bbox 300 2392 545 2466; x_wconf 79' lang='grc' dir='ltr'>χρησμοῦ</span> <span class='ocrx_word' id='word_1_182' title='bbox 580 2392 676 2463; x_wconf 78' lang='grc' dir='ltr'>τὴν</span> <span class='ocrx_word' id='word_1_183' title='bbox 709 2390 952 2462; x_wconf 83' lang='grc' dir='ltr'>Βηθλεὲμ</span> <span class='ocrx_word' id='word_1_184' title='bbox 974 2389 1367 2460; x_wconf 76' lang='grc' dir='ltr'>ὲπιφωνοῦντος</span> <span class='ocrx_word' id='word_1_185' title='bbox 1390 2390 1556 2461; x_wconf 82' lang='grc' dir='ltr'>αὐτῷ,</span> <span class='ocrx_word' id='word_1_186' title='bbox 1583 2391 1658 2455; x_wconf 85' lang='grc' dir='ltr'>ὡς</span> <span class='ocrx_word' id='word_1_187' title='bbox 1689 2391 1754 2445; x_wconf 85' lang='grc' dir='ltr'>ἂν</span> <span class='ocrx_word' id='word_1_188' title='bbox 1786 2393 1874 2443; x_wconf 79' lang='grc' dir='ltr'><strong>ὲν-</strong></span> 
     </span>
    </p>
   </div>
   <div class='ocr_carea' id='block_1_27' title="bbox 301 2480 1873 2555">
    <p class='ocr_par' dir='ltr' id='par_1_27' title="bbox 301 2480 1873 2555">
     <span class='ocr_line' id='line_1_27' title="bbox 301 2480 1873 2555; baseline -0.003 -15"><span class='ocrx_word' id='word_1_189' title='bbox 301 2485 426 2540; x_wconf 78' lang='grc' dir='ltr'>θὰδε</span> <span class='ocrx_word' id='word_1_190' title='bbox 458 2485 618 2538; x_wconf 89' lang='grc' dir='ltr'>τοῦτό</span> <span class='ocrx_word' id='word_1_191' title='bbox 649 2500 751 2538; x_wconf 86' lang='grc' dir='ltr'><strong>που</strong></span> <span class='ocrx_word' id='word_1_192' title='bbox 780 2482 873 2537; x_wconf 87' lang='grc' dir='ltr'><strong>τοῦ</strong></span> <span class='ocrx_word' id='word_1_193' title='bbox 910 2482 1137 2554; x_wconf 80' lang='grc' dir='ltr'>Κυρίου,</span> <span class='ocrx_word' id='word_1_194' title='bbox 1165 2485 1259 2536; x_wconf 70' lang='grc' dir='ltr'><strong>καὶ</strong></span> <span class='ocrx_word' id='word_1_195' title='bbox 1281 2483 1374 2538; x_wconf 89' lang='grc' dir='ltr'><strong>τοῦ</strong></span> <span class='ocrx_word' id='word_1_196' title='bbox 1400 2480 1753 2555; x_wconf 86' lang='grc' dir='ltr'>σκηνώματος</span> <span class='ocrx_word' id='word_1_197' title='bbox 1782 2484 1873 2537; x_wconf 82' lang='grc' dir='ltr'><strong>τοῦ</strong></span> 
     </span>
    </p>
   </div>
   <div class='ocr_carea' id='block_1_28' title="bbox 299 2574 1874 2647">
    <p class='ocr_par' dir='ltr' id='par_1_28' title="bbox 299 2574 1874 2647">
     <span class='ocr_line' id='line_1_28' title="bbox 299 2574 1874 2647; baseline -0.003 -15"><span class='ocrx_word' id='word_1_198' title='bbox 299 2577 433 2632; x_wconf 84' lang='grc' dir='ltr'>Θεοῦ</span> <span class='ocrx_word' id='word_1_199' title='bbox 497 2576 692 2631; x_wconf 83' lang='grc' dir='ltr'>Ἰακὼϐ</span> <span class='ocrx_word' id='word_1_200' title='bbox 739 2574 1158 2646; x_wconf 86' lang='grc' dir='ltr'>συστησομένου.</span> <span class='ocrx_word' id='word_1_201' title='bbox 1216 2575 1401 2629; x_wconf 91' lang='grc' dir='ltr'>Ταῦτα</span> <span class='ocrx_word' id='word_1_202' title='bbox 1444 2575 1733 2647; x_wconf 87' lang='grc' dir='ltr'>τοιγαροῦν</span> <span class='ocrx_word' id='word_1_203' title='bbox 1779 2575 1874 2628; x_wconf 88' lang='grc' dir='ltr'><strong>τοῦ</strong></span> 
     </span>
    </p>
   </div>
   <div class='ocr_carea' id='block_1_29' title="bbox 298 2666 1874 2741">
    <p class='ocr_par' dir='ltr' id='par_1_29' title="bbox 298 2666 1874 2741">
     <span class='ocr_line' id='line_1_29' title="bbox 298 2666 1874 2741; baseline -0.003 -17"><span class='ocrx_word' id='word_1_204' title='bbox 298 2669 445 2725; x_wconf 87' lang='grc' dir='ltr'>θείου</span> <span class='ocrx_word' id='word_1_205' title='bbox 486 2670 801 2741; x_wconf 84' lang='grc' dir='ltr'>Πνεύματος</span> <span class='ocrx_word' id='word_1_206' title='bbox 832 2672 890 2724; x_wconf 84' lang='grc' dir='ltr'>ὲν</span> <span class='ocrx_word' id='word_1_207' title='bbox 930 2668 1076 2740; x_wconf 75' lang='grc' dir='ltr'>αὐτῷ</span> <span class='ocrx_word' id='word_1_208' title='bbox 1109 2668 1485 2731; x_wconf 88' lang='grc' dir='ltr'>θεσπίσαντος,</span> <span class='ocrx_word' id='word_1_209' title='bbox 1514 2666 1677 2730; x_wconf 77' lang='grc' dir='ltr'>αὐτὸς</span> <span class='ocrx_word' id='word_1_210' title='bbox 1709 2666 1874 2720; x_wconf 85' lang='grc' dir='ltr'>αὑτοῦ</span> 
     </span>
    </p>
   </div>
   <div class='ocr_carea' id='block_1_30' title="bbox 298 2758 1875 2829">
    <p class='ocr_par' dir='ltr' id='par_1_30' title="bbox 298 2758 1875 2829">
     <span class='ocr_line' id='line_1_30' title="bbox 298 2758 1875 2829; baseline -0.003 -14"><span class='ocrx_word' id='word_1_211' title='bbox 298 2762 608 2825; x_wconf 71' lang='grc' dir='ltr'>ἐπακούσας</span> <span class='ocrx_word' id='word_1_212' title='bbox 657 2760 916 2829; x_wconf 75' lang='grc' dir='ltr'>ἐπιλέγει·</span> <span class='ocrx_word' id='word_1_213' title='bbox 978 2779 997 2811; x_wconf 73' lang='grc' dir='ltr'><strong>ι</strong></span> <span class='ocrx_word' id='word_1_214' title='bbox 1050 2761 1178 2813; x_wconf 85' lang='grc' dir='ltr'>Ἰδοὺ</span> <span class='ocrx_word' id='word_1_215' title='bbox 1226 2759 1538 2829; x_wconf 68' lang='grc' dir='ltr'>ἠκούσαμεν</span> <span class='ocrx_word' id='word_1_216' title='bbox 1593 2758 1759 2829; x_wconf 78' lang='grc' dir='ltr'>αὐτὴν</span> <span class='ocrx_word' id='word_1_217' title='bbox 1817 2760 1875 2811; x_wconf 86' lang='grc' dir='ltr'>ὲν</span> 
     </span>
    </p>
   </div>
   <div class='ocr_carea' id='block_1_31' title="bbox 311 2850 1871 2925">
    <p class='ocr_par' dir='ltr' id='par_1_31' title="bbox 311 2850 1871 2925">
     <span class='ocr_line' id='line_1_31' title="bbox 311 2850 1871 2925; baseline -0.003 -17"><span class='ocrx_word' id='word_1_218' title='bbox 311 2853 571 2925; x_wconf 72' lang='grc' dir='ltr'>Ἑφραθά.</span> <span class='ocrx_word' id='word_1_219' title='bbox 605 2871 622 2904; x_wconf 75' lang='grc' dir='ltr'><strong>ι</strong></span> <span class='ocrx_word' id='word_1_220' title='bbox 661 2853 905 2924; x_wconf 77' lang='grc' dir='ltr'>Ἐφραθὰ</span> <span class='ocrx_word' id='word_1_221' title='bbox 935 2852 993 2904; x_wconf 82' lang='grc' dir='ltr'>δὲ</span> <span class='ocrx_word' id='word_1_222' title='bbox 1024 2855 1056 2923; x_wconf 89' lang='grc' dir='ltr'><strong>ή</strong></span> <span class='ocrx_word' id='word_1_223' title='bbox 1091 2852 1226 2924; x_wconf 79' lang='grc' dir='ltr'>αὐτή</span> <span class='ocrx_word' id='word_1_224' title='bbox 1263 2854 1378 2905; x_wconf 78' lang='grc' dir='ltr'>ἐστι</span> <span class='ocrx_word' id='word_1_225' title='bbox 1410 2852 1475 2921; x_wconf 83' lang='grc' dir='ltr'><strong>τῇ</strong></span> <span class='ocrx_word' id='word_1_226' title='bbox 1509 2850 1774 2921; x_wconf 83' lang='grc' dir='ltr'>Βηθλεὲμ,</span> <span class='ocrx_word' id='word_1_227' title='bbox 1800 2850 1871 2915; x_wconf 88' lang='grc' dir='ltr'><strong>ώς</strong></span> 
     </span>
    </p>
   </div>
   <div class='ocr_carea' id='block_1_32' title="bbox 300 2940 1876 3015">
    <p class='ocr_par' dir='ltr' id='par_1_32' title="bbox 300 2940 1876 3015">
     <span class='ocr_line' id='line_1_32' title="bbox 300 2940 1876 3015; baseline -0.001 -17"><span class='ocrx_word' id='word_1_228' title='bbox 300 2943 455 3015; x_wconf 83' lang='grc' dir='ltr'>δῆλόν</span> <span class='ocrx_word' id='word_1_229' title='bbox 489 2944 602 2996; x_wconf 73' lang='grc' dir='ltr'>ἐστι</span> <span class='ocrx_word' id='word_1_230' title='bbox 635 2942 742 2996; x_wconf 83' lang='grc' dir='ltr'>ἀπὸ</span> <span class='ocrx_word' id='word_1_231' title='bbox 775 2942 871 3013; x_wconf 81' lang='grc' dir='ltr'>τῆς</span> <span class='ocrx_word' id='word_1_232' title='bbox 905 2940 1193 3005; x_wconf 80' lang='grc' dir='ltr'>Γενέσεως,</span> <span class='ocrx_word' id='word_1_233' title='bbox 1230 2941 1359 2994; x_wconf 74' lang='grc' dir='ltr'>ἔνθα</span> <span class='ocrx_word' id='word_1_234' title='bbox 1386 2942 1632 3012; x_wconf 76' lang='grc' dir='ltr'>περὶτῆς</span> <span class='ocrx_word' id='word_1_235' title='bbox 1675 2942 1876 3013; x_wconf 77' lang='grc' dir='ltr'>Ῥαχὴλ</span> 
     </span>
    </p>
   </div>
   <div class='ocr_carea' id='block_1_33' title="bbox 302 3032 1874 3106">
    <p class='ocr_par' dir='ltr' id='par_1_33' title="bbox 302 3032 1874 3106">
     <span class='ocr_line' id='line_1_33' title="bbox 302 3032 1874 3106; baseline -0.003 -19"><span class='ocrx_word' id='word_1_236' title='bbox 302 3038 546 3106; x_wconf 78' lang='grc' dir='ltr'>εἴρηται,</span> <span class='ocrx_word' id='word_1_237' title='bbox 605 3036 686 3088; x_wconf 86' lang='grc' dir='ltr'><strong>ὅτι</strong></span> <span class='ocrx_word' id='word_1_238' title='bbox 738 3054 756 3085; x_wconf 73' lang='grc' dir='ltr'><strong>ι</strong></span> <span class='ocrx_word' id='word_1_239' title='bbox 790 3032 1036 3102; x_wconf 71' lang='grc' dir='ltr'>Ἕθαψαν</span> <span class='ocrx_word' id='word_1_240' title='bbox 1087 3033 1253 3104; x_wconf 83' lang='grc' dir='ltr'>αὐτὴν</span> <span class='ocrx_word' id='word_1_241' title='bbox 1314 3036 1371 3086; x_wconf 83' lang='grc' dir='ltr'>ὲν</span> <span class='ocrx_word' id='word_1_242' title='bbox 1421 3032 1498 3104; x_wconf 84' lang='grc' dir='ltr'>τῷ</span> <span class='ocrx_word' id='word_1_243' title='bbox 1554 3032 1874 3104; x_wconf 78' lang='grc' dir='ltr'>ἱπποδρόμῳ</span> 
     </span>
    </p>
   </div>
   <div class='ocr_carea' id='block_1_34' title="bbox 314 3124 1873 3198">
    <p class='ocr_par' dir='ltr' id='par_1_34' title="bbox 314 3124 1873 3198">
     <span class='ocr_line' id='line_1_34' title="bbox 314 3124 1873 3198; baseline 0.001 -22"><span class='ocrx_word' id='word_1_244' title='bbox 314 3124 575 3197; x_wconf 70' lang='grc' dir='ltr'>Ἑφραθὰ,</span> <span class='ocrx_word' id='word_1_245' title='bbox 612 3124 750 3197; x_wconf 81' lang='grc' dir='ltr'>αῦτη</span> <span class='ocrx_word' id='word_1_246' title='bbox 786 3124 903 3178; x_wconf 76' lang='grc' dir='ltr'>ἐστὶ</span> <span class='ocrx_word' id='word_1_247' title='bbox 936 3125 1206 3195; x_wconf 79' lang='grc' dir='ltr'>Βηθλεέμ.</span> <span class='ocrx_word' id='word_1_248' title='bbox 1247 3144 1266 3177; x_wconf 76' lang='grc' dir='ltr'><strong>ι</strong></span> <span class='ocrx_word' id='word_1_249' title='bbox 1306 3126 1418 3178; x_wconf 75' lang='grc' dir='ltr'><strong>Καὶ</strong></span> <span class='ocrx_word' id='word_1_250' title='bbox 1451 3126 1484 3196; x_wconf 85' lang='grc' dir='ltr'><strong>ή</strong></span> <span class='ocrx_word' id='word_1_251' title='bbox 1528 3124 1634 3196; x_wconf 82' lang='grc' dir='ltr'><strong>πρὸ</strong></span> <span class='ocrx_word' id='word_1_252' title='bbox 1669 3126 1873 3198; x_wconf 82' lang='grc' dir='ltr'>ταύτης</span> 
     </span>
    </p>
   </div>
   <div class='ocr_carea' id='block_1_35' title="bbox 1983 558 3562 637">
    <p class='ocr_par' dir='ltr' id='par_1_35' title="bbox 1983 558 3562 637">
     <span class='ocr_line' id='line_1_35' title="bbox 1983 558 3562 637; baseline 0.005 -24"><span class='ocrx_word' id='word_1_253' title='bbox 1983 574 2409 630; x_wconf 76' lang='lat' dir='ltr'><strong>progressurum</strong></span> <span class='ocrx_word' id='word_1_254' title='bbox 2445 558 2739 630; x_wconf 79' lang='lat' dir='ltr'><strong>signiﬁcat.</strong></span> <span class='ocrx_word' id='word_1_255' title='bbox 2794 561 2977 632; x_wconf 86' lang='lat' dir='ltr'><strong>ipsum</strong></span> <span class='ocrx_word' id='word_1_256' title='bbox 3035 562 3140 618; x_wconf 90' lang='lat' dir='ltr'><strong>hoc</strong></span> <span class='ocrx_word' id='word_1_257' title='bbox 3191 566 3358 637; x_wconf 83' lang='lat' dir='ltr'><strong>igitur</strong></span> <span class='ocrx_word' id='word_1_258' title='bbox 3393 564 3562 621; x_wconf 85' lang='lat' dir='ltr'><strong>David</strong></span> 
     </span>
    </p>
   </div>
   <div class='ocr_carea' id='block_1_36' title="bbox 1985 650 3562 727">
    <p class='ocr_par' dir='ltr' id='par_1_36' title="bbox 1985 650 3562 727">
     <span class='ocr_line' id='line_1_36' title="bbox 1985 650 3562 727; baseline 0.007 -22"><span class='ocrx_word' id='word_1_259' title='bbox 1985 667 2222 722; x_wconf 90' lang='lat' dir='ltr'><strong>quoque,</strong></span> <span class='ocrx_word' id='word_1_260' title='bbox 2256 650 2411 722; x_wconf 87' lang='lat' dir='ltr'><strong>prius</strong></span> <span class='ocrx_word' id='word_1_261' title='bbox 2462 652 2683 723; x_wconf 85' lang='lat' dir='ltr'><strong>quidem</strong></span> <span class='ocrx_word' id='word_1_262' title='bbox 2712 653 3002 724; x_wconf 87' lang='lat' dir='ltr'><strong>ignorans,</strong></span> <span class='ocrx_word' id='word_1_263' title='bbox 3033 666 3186 727; x_wconf 87' lang='lat' dir='ltr'><strong>optat</strong></span> <span class='ocrx_word' id='word_1_264' title='bbox 3227 659 3446 717; x_wconf 78' lang='lat' dir='ltr'><strong>discere</strong></span> <span class='ocrx_word' id='word_1_265' title='bbox 3494 661 3562 716; x_wconf 80' lang='lat' dir='ltr'><strong>ab</strong></span> 
     </span>
    </p>
   </div>
   <div class='ocr_carea' id='block_1_37' title="bbox 1986 739 3559 820">
    <p class='ocr_par' dir='ltr' id='par_1_37' title="bbox 1986 739 3559 820">
     <span class='ocr_line' id='line_1_37' title="bbox 1986 739 3559 820; baseline 0.006 -26"><span class='ocrx_word' id='word_1_266' title='bbox 1986 742 2104 810; x_wconf 90' lang='lat' dir='ltr'><strong>ipso</strong></span> <span class='ocrx_word' id='word_1_267' title='bbox 2135 739 2265 805; x_wconf 85' lang='lat' dir='ltr'><strong>Deo,</strong></span> <span class='ocrx_word' id='word_1_268' title='bbox 2298 750 2411 794; x_wconf 91' lang='lat' dir='ltr'><strong>tum</strong></span> <span class='ocrx_word' id='word_1_269' title='bbox 2451 756 2580 795; x_wconf 87' lang='lat' dir='ltr'><strong>vero</strong></span> <span class='ocrx_word' id='word_1_270' title='bbox 2620 742 2710 796; x_wconf 89' lang='lat' dir='ltr'><strong>ubi</strong></span> <span class='ocrx_word' id='word_1_271' title='bbox 2754 746 2959 813; x_wconf 81' lang='lat' dir='ltr'><strong>Optavit</strong></span> <span class='ocrx_word' id='word_1_272' title='bbox 3002 757 3237 818; x_wconf 83' lang='lat' dir='ltr'><strong>votoque</strong></span> <span class='ocrx_word' id='word_1_273' title='bbox 3286 750 3559 820; x_wconf 82' lang='lat' dir='ltr'><strong>poposcit,</strong></span> 
     </span>
    </p>
   </div>
   <div class='ocr_carea' id='block_1_38' title="bbox 1988 832 3561 906">
    <p class='ocr_par' dir='ltr' id='par_1_38' title="bbox 1988 832 3561 906">
     <span class='ocr_line' id='line_1_38' title="bbox 1988 832 3561 906; baseline 0.004 -18"><span class='ocrx_word' id='word_1_274' title='bbox 1988 832 2041 888; x_wconf 89' lang='lat' dir='ltr'><strong>id</strong></span> <span class='ocrx_word' id='word_1_275' title='bbox 2078 834 2257 903; x_wconf 89' lang='lat' dir='ltr'><strong>ipsum</strong></span> <span class='ocrx_word' id='word_1_276' title='bbox 2284 833 2548 897; x_wconf 83' lang='lat' dir='ltr'><strong>docetur,</strong></span> <span class='ocrx_word' id='word_1_277' title='bbox 2576 833 2741 905; x_wconf 63' lang='lat'><strong>347</strong></span> <span class='ocrx_word' id='word_1_278' title='bbox 2773 832 3066 906; x_wconf 83' lang='lat' dir='ltr'><strong>Postquam</strong></span> <span class='ocrx_word' id='word_1_279' title='bbox 3097 840 3243 893; x_wconf 90' lang='lat' dir='ltr'><strong>enim</strong></span> <span class='ocrx_word' id='word_1_280' title='bbox 3276 841 3561 895; x_wconf 82' lang='lat' dir='ltr'><strong>oraculum</strong></span> 
     </span>
    </p>
   </div>
   <div class='ocr_carea' id='block_1_39' title="bbox 1990 923 3561 997">
    <p class='ocr_par' dir='ltr' id='par_1_39' title="bbox 1990 923 3561 997">
     <span class='ocr_line' id='line_1_39' title="bbox 1990 923 3561 997; baseline 0.005 -19"><span class='ocrx_word' id='word_1_281' title='bbox 1990 927 2226 995; x_wconf 84' lang='lat' dir='ltr'><strong>accepit,</strong></span> <span class='ocrx_word' id='word_1_282' title='bbox 2254 923 2399 995; x_wconf 87' lang='lat' dir='ltr'><strong>quod</strong></span> <span class='ocrx_word' id='word_1_283' title='bbox 2432 925 2500 979; x_wconf 91' lang='lat' dir='ltr'><strong>ad</strong></span> <span class='ocrx_word' id='word_1_284' title='bbox 2531 925 2707 995; x_wconf 91' lang='lat' dir='ltr'><strong>ipsum</strong></span> <span class='ocrx_word' id='word_1_285' title='bbox 2748 925 2801 980; x_wconf 91' lang='lat' dir='ltr'><strong>in</strong></span> <span class='ocrx_word' id='word_1_286' title='bbox 2834 930 3044 997; x_wconf 81' lang='lat' dir='ltr'><strong>psalmo</strong></span> <span class='ocrx_word' id='word_1_287' title='bbox 3075 932 3151 985; x_wconf 87' lang='lat' dir='ltr'><strong>ait</strong></span> <span class='ocrx_word' id='word_1_288' title='bbox 3172 972 3187 996; x_wconf 90' lang='lat'><strong>,</strong></span> <span class='ocrx_word' id='word_1_289' title='bbox 3227 950 3246 982; x_wconf 72' lang='grc' dir='ltr'><strong>ι</strong></span> <span class='ocrx_word' id='word_1_290' title='bbox 3279 931 3353 986; x_wconf 89' lang='lat' dir='ltr'><strong>De</strong></span> <span class='ocrx_word' id='word_1_291' title='bbox 3378 933 3561 985; x_wconf 81' lang='lat' dir='ltr'><strong>fructu</strong></span> 
     </span>
    </p>
   </div>
   <div class='ocr_carea' id='block_1_40' title="bbox 1983 1018 3557 1089">
    <p class='ocr_par' dir='ltr' id='par_1_40' title="bbox 1983 1018 3557 1089">
     <span class='ocr_line' id='line_1_40' title="bbox 1983 1018 3557 1089; baseline 0.006 -19"><span class='ocrx_word' id='word_1_292' title='bbox 1983 1018 2188 1073; x_wconf 80' lang='lat' dir='ltr'><strong>ventris</strong></span> <span class='ocrx_word' id='word_1_293' title='bbox 2219 1018 2299 1071; x_wconf 91' lang='lat' dir='ltr'><strong>tui</strong></span> <span class='ocrx_word' id='word_1_294' title='bbox 2331 1032 2529 1088; x_wconf 92' lang='lat' dir='ltr'><strong>ponam</strong></span> <span class='ocrx_word' id='word_1_295' title='bbox 2561 1034 2725 1088; x_wconf 84' lang='lat' dir='ltr'><strong>super</strong></span> <span class='ocrx_word' id='word_1_296' title='bbox 2752 1020 2932 1073; x_wconf 89' lang='lat' dir='ltr'><strong>sedem</strong></span> <span class='ocrx_word' id='word_1_297' title='bbox 2979 1029 3163 1088; x_wconf 83' lang='lat' dir='ltr'><strong>tuam;</strong></span> <span class='ocrx_word' id='word_1_298' title='bbox 3190 1041 3212 1075; x_wconf 73' lang='grc' dir='ltr'><strong>ι</strong></span> <span class='ocrx_word' id='word_1_299' title='bbox 3248 1031 3303 1078; x_wconf 89' lang='lat' dir='ltr'><strong>et</strong></span> <span class='ocrx_word' id='word_1_300' title='bbox 3341 1039 3557 1089; x_wconf 84' lang='lat' dir='ltr'><strong>rursus,</strong></span> 
     </span>
    </p>
   </div>
   <div class='ocr_carea' id='block_1_41' title="bbox 1984 1107 3558 1183">
    <p class='ocr_par' dir='ltr' id='par_1_41' title="bbox 1984 1107 3558 1183">
     <span class='ocr_line' id='line_1_41' title="bbox 1984 1107 3558 1183; baseline 0.006 -24"><span class='ocrx_word' id='word_1_301' title='bbox 1984 1116 2008 1159; x_wconf 66' lang='grc' dir='ltr'><strong>ι</strong></span> <span class='ocrx_word' id='word_1_302' title='bbox 2040 1107 2170 1163; x_wconf 86' lang='lat' dir='ltr'><strong>illuc</strong></span> <span class='ocrx_word' id='word_1_303' title='bbox 2214 1109 2513 1179; x_wconf 84' lang='lat' dir='ltr'><strong>producam</strong></span> <span class='ocrx_word' id='word_1_304' title='bbox 2555 1125 2728 1165; x_wconf 89' lang='lat' dir='ltr'><strong>cornu</strong></span> <span class='ocrx_word' id='word_1_305' title='bbox 2786 1109 2982 1174; x_wconf 80' lang='lat' dir='ltr'><strong>David,</strong></span> <span class='ocrx_word' id='word_1_306' title='bbox 3039 1114 3226 1183; x_wconf 78' lang='lat' dir='ltr'><strong>paravi</strong></span> <span class='ocrx_word' id='word_1_307' title='bbox 3273 1117 3558 1169; x_wconf 83' lang='lat' dir='ltr'><strong>lucernam</strong></span> 
     </span>
    </p>
   </div>
   <div class='ocr_carea' id='block_1_42' title="bbox 1982 1202 3560 1277">
    <p class='ocr_par' dir='ltr' id='par_1_42' title="bbox 1982 1202 3560 1277">
     <span class='ocr_line' id='line_1_42' title="bbox 1982 1202 3560 1277; baseline 0.002 -19"><span class='ocrx_word' id='word_1_308' title='bbox 1982 1202 2205 1259; x_wconf 86' lang='lat' dir='ltr'><strong>Christo</strong></span> <span class='ocrx_word' id='word_1_309' title='bbox 2237 1217 2381 1266; x_wconf 91' lang='lat' dir='ltr'><strong>meo,</strong></span> <span class='ocrx_word' id='word_1_310' title='bbox 2414 1221 2433 1255; x_wconf 78' lang='grc' dir='ltr'><strong>ι</strong></span> <span class='ocrx_word' id='word_1_311' title='bbox 2486 1202 2686 1257; x_wconf 88' lang='lat' dir='ltr'><strong>merito</strong></span> <span class='ocrx_word' id='word_1_312' title='bbox 2734 1204 3045 1272; x_wconf 85' lang='lat' dir='ltr'><strong>procumbit</strong></span> <span class='ocrx_word' id='word_1_313' title='bbox 3086 1206 3191 1276; x_wconf 89' lang='lat' dir='ltr'><strong>ipsi</strong></span> <span class='ocrx_word' id='word_1_314' title='bbox 3223 1205 3354 1269; x_wconf 91' lang='lat' dir='ltr'><strong>Deo,</strong></span> <span class='ocrx_word' id='word_1_315' title='bbox 3395 1217 3560 1277; x_wconf 86' lang='lat' dir='ltr'><strong>atque</strong></span> 
     </span>
    </p>
   </div>
   <div class='ocr_carea' id='block_1_43' title="bbox 1985 1293 3555 1368">
    <p class='ocr_par' dir='ltr' id='par_1_43' title="bbox 1985 1293 3555 1368">
     <span class='ocr_line' id='line_1_43' title="bbox 1985 1293 3555 1368; baseline 0.004 -22"><span class='ocrx_word' id='word_1_316' title='bbox 1985 1294 2058 1346; x_wconf 86' lang='lat' dir='ltr'><strong>ita</strong></span> <span class='ocrx_word' id='word_1_317' title='bbox 2093 1293 2305 1347; x_wconf 69' lang='lat' dir='ltr'><strong>haerens</strong></span> <span class='ocrx_word' id='word_1_318' title='bbox 2330 1294 2467 1357; x_wconf 88' lang='lat' dir='ltr'><strong>solo,</strong></span> <span class='ocrx_word' id='word_1_319' title='bbox 2496 1294 2772 1364; x_wconf 83' lang='lat' dir='ltr'><strong>supplicat</strong></span> <span class='ocrx_word' id='word_1_320' title='bbox 2795 1302 2849 1348; x_wconf 74' lang='lat' dir='ltr'><strong>et</strong></span> <span class='ocrx_word' id='word_1_321' title='bbox 2879 1304 3175 1365; x_wconf 89' lang='lat' dir='ltr'><strong>precatur:</strong></span> <span class='ocrx_word' id='word_1_322' title='bbox 3207 1298 3424 1368; x_wconf 82' lang='lat' dir='ltr'><strong>longius</strong></span> <span class='ocrx_word' id='word_1_323' title='bbox 3455 1313 3555 1352; x_wconf 83' lang='lat' dir='ltr'><strong>au-</strong></span> 
     </span>
    </p>
   </div>
   <div class='ocr_carea' id='block_1_44' title="bbox 1985 1384 3560 1458">
    <p class='ocr_par' dir='ltr' id='par_1_44' title="bbox 1985 1384 3560 1458">
     <span class='ocr_line' id='line_1_44' title="bbox 1985 1384 3560 1458; baseline 0.004 -24"><span class='ocrx_word' id='word_1_324' title='bbox 1985 1391 2092 1437; x_wconf 86' lang='lat' dir='ltr'><strong>tem</strong></span> <span class='ocrx_word' id='word_1_325' title='bbox 2123 1384 2580 1455; x_wconf 82' lang='lat' dir='ltr'><strong>constantiusque</strong></span> <span class='ocrx_word' id='word_1_326' title='bbox 2621 1385 2678 1438; x_wconf 89' lang='lat' dir='ltr'><strong>in</strong></span> <span class='ocrx_word' id='word_1_327' title='bbox 2717 1385 2965 1441; x_wconf 84' lang='lat' dir='ltr'><strong>oratione</strong></span> <span class='ocrx_word' id='word_1_328' title='bbox 3002 1401 3382 1456; x_wconf 76' lang='lat' dir='ltr'><strong>perseverans,</strong></span> <span class='ocrx_word' id='word_1_329' title='bbox 3410 1388 3560 1458; x_wconf 87' lang='lat' dir='ltr'><strong>jurat</strong></span> 
     </span>
    </p>
   </div>
   <div class='ocr_carea' id='block_1_45' title="bbox 1983 1473 3560 1549">
    <p class='ocr_par' dir='ltr' id='par_1_45' title="bbox 1983 1473 3560 1549">
     <span class='ocr_line' id='line_1_45' title="bbox 1983 1473 3560 1549; baseline 0.004 -21"><span class='ocrx_word' id='word_1_330' title='bbox 1983 1473 2116 1537; x_wconf 90' lang='lat' dir='ltr'><strong>Deo,</strong></span> <span class='ocrx_word' id='word_1_331' title='bbox 2170 1491 2278 1530; x_wconf 87' lang='lat' dir='ltr'><strong>non</strong></span> <span class='ocrx_word' id='word_1_332' title='bbox 2322 1477 2476 1546; x_wconf 89' lang='lat' dir='ltr'><strong>prius</strong></span> <span class='ocrx_word' id='word_1_333' title='bbox 2528 1493 2589 1533; x_wconf 89' lang='lat' dir='ltr'><strong>se</strong></span> <span class='ocrx_word' id='word_1_334' title='bbox 2637 1479 3014 1549; x_wconf 83' lang='lat' dir='ltr'><strong>ingressurum</strong></span> <span class='ocrx_word' id='word_1_335' title='bbox 3059 1481 3115 1534; x_wconf 90' lang='lat' dir='ltr'><strong>in</strong></span> <span class='ocrx_word' id='word_1_336' title='bbox 3148 1481 3560 1534; x_wconf 85' lang='lat' dir='ltr'><strong>tabernaculum</strong></span> 
     </span>
    </p>
   </div>
   <div class='ocr_carea' id='block_1_46' title="bbox 1983 1565 3556 1636">
    <p class='ocr_par' dir='ltr' id='par_1_46' title="bbox 1983 1565 3556 1636">
     <span class='ocr_line' id='line_1_46' title="bbox 1983 1565 3556 1636; baseline 0.001 -17"><span class='ocrx_word' id='word_1_337' title='bbox 1983 1565 2179 1620; x_wconf 89' lang='lat' dir='ltr'><strong>domus</strong></span> <span class='ocrx_word' id='word_1_338' title='bbox 2210 1582 2343 1629; x_wconf 69' lang='lat' dir='ltr'><strong>suae,</strong></span> <span class='ocrx_word' id='word_1_339' title='bbox 2373 1582 2551 1636; x_wconf 88' lang='lat' dir='ltr'><strong>neque</strong></span> <span class='ocrx_word' id='word_1_340' title='bbox 2595 1565 2851 1623; x_wconf 88' lang='lat' dir='ltr'><strong>daturum</strong></span> <span class='ocrx_word' id='word_1_341' title='bbox 2891 1569 3070 1624; x_wconf 92' lang='lat' dir='ltr'><strong>oculis</strong></span> <span class='ocrx_word' id='word_1_342' title='bbox 3112 1569 3230 1624; x_wconf 90' lang='lat' dir='ltr'><strong>suis</strong></span> <span class='ocrx_word' id='word_1_343' title='bbox 3278 1584 3556 1631; x_wconf 89' lang='lat' dir='ltr'><strong>somnum,</strong></span> 
     </span>
    </p>
   </div>
   <div class='ocr_carea' id='block_1_47' title="bbox 1981 1656 3674 1730">
    <p class='ocr_par' dir='ltr' id='par_1_47' title="bbox 1981 1656 3674 1730">
     <span class='ocr_line' id='line_1_47' title="bbox 1981 1656 3674 1730; baseline 0.003 -20"><span class='ocrx_word' id='word_1_344' title='bbox 1981 1662 2034 1710; x_wconf 86' lang='lat' dir='ltr'><strong>et</strong></span> <span class='ocrx_word' id='word_1_345' title='bbox 2060 1656 2335 1725; x_wconf 75' lang='lat' dir='ltr'><strong>palpebris</strong></span> <span class='ocrx_word' id='word_1_346' title='bbox 2358 1658 2474 1712; x_wconf 90' lang='lat' dir='ltr'><strong>suis</strong></span> <span class='ocrx_word' id='word_1_347' title='bbox 2498 1657 2963 1723; x_wconf 86' lang='lat' dir='ltr'><strong>dormitationem,</strong></span> <span class='ocrx_word' id='word_1_348' title='bbox 2993 1675 3173 1730; x_wconf 88' lang='lat' dir='ltr'><strong>neque</strong></span> <span class='ocrx_word' id='word_1_349' title='bbox 3194 1676 3555 1717; x_wconf 87' lang='lat' dir='ltr'><strong>ascensurum</strong></span> <span class='ocrx_word' id='word_1_350' title='bbox 3670 1710 3674 1715; x_wconf 94' lang='lat'>.</span> 
     </span>
    </p>
   </div>
   <div class='ocr_carea' id='block_1_48' title="bbox 1982 1746 3556 1823">
    <p class='ocr_par' dir='ltr' id='par_1_48' title="bbox 1982 1746 3556 1823">
     <span class='ocr_line' id='line_1_48' title="bbox 1982 1746 3556 1823; baseline 0.005 -23"><span class='ocrx_word' id='word_1_351' title='bbox 1982 1747 2037 1801; x_wconf 89' lang='lat' dir='ltr'><strong>in</strong></span> <span class='ocrx_word' id='word_1_352' title='bbox 2086 1746 2284 1801; x_wconf 90' lang='lat' dir='ltr'><strong>lectum</strong></span> <span class='ocrx_word' id='word_1_353' title='bbox 2316 1748 2471 1802; x_wconf 84' lang='lat' dir='ltr'><strong>strati</strong></span> <span class='ocrx_word' id='word_1_354' title='bbox 2519 1750 2627 1815; x_wconf 91' lang='lat' dir='ltr'><strong>sui,</strong></span> <span class='ocrx_word' id='word_1_355' title='bbox 2666 1751 2815 1805; x_wconf 92' lang='lat' dir='ltr'><strong>humi</strong></span> <span class='ocrx_word' id='word_1_356' title='bbox 2841 1760 3072 1807; x_wconf 86' lang='lat' dir='ltr'><strong>stratum</strong></span> <span class='ocrx_word' id='word_1_357' title='bbox 3108 1754 3337 1823; x_wconf 85' lang='lat' dir='ltr'><strong>soloque</strong></span> <span class='ocrx_word' id='word_1_358' title='bbox 3368 1754 3556 1808; x_wconf 72' lang='lat' dir='ltr'><strong>adhae-</strong></span> 
     </span>
    </p>
   </div>
   <div class='ocr_carea' id='block_1_49' title="bbox 1982 1841 3559 1916">
    <p class='ocr_par' dir='ltr' id='par_1_49' title="bbox 1982 1841 3559 1916">
     <span class='ocr_line' id='line_1_49' title="bbox 1982 1841 3559 1916; baseline 0.007 -27"><span class='ocrx_word' id='word_1_359' title='bbox 1982 1844 2212 1902; x_wconf 86' lang='lat' dir='ltr'><strong>rentem,</strong></span> <span class='ocrx_word' id='word_1_360' title='bbox 2243 1854 2417 1910; x_wconf 89' lang='lat' dir='ltr'><strong>eoque</strong></span> <span class='ocrx_word' id='word_1_361' title='bbox 2468 1841 2629 1895; x_wconf 87' lang='lat' dir='ltr'><strong>modo</strong></span> <span class='ocrx_word' id='word_1_362' title='bbox 2685 1842 3004 1897; x_wconf 85' lang='lat' dir='ltr'><strong>adorantem</strong></span> <span class='ocrx_word' id='word_1_363' title='bbox 3052 1862 3115 1898; x_wconf 88' lang='lat' dir='ltr'><strong>ac</strong></span> <span class='ocrx_word' id='word_1_364' title='bbox 3158 1846 3559 1916; x_wconf 85' lang='lat' dir='ltr'><strong>supplicantem</strong></span> 
     </span>
    </p>
   </div>
   <div class='ocr_carea' id='block_1_50' title="bbox 1980 1931 3556 2002">
    <p class='ocr_par' dir='ltr' id='par_1_50' title="bbox 1980 1931 3556 2002">
     <span class='ocr_line' id='line_1_50' title="bbox 1980 1931 3556 2002; baseline 0.006 -20"><span class='ocrx_word' id='word_1_365' title='bbox 1980 1943 2328 1995; x_wconf 88' lang='lat' dir='ltr'><strong>mansurum,</strong></span> <span class='ocrx_word' id='word_1_366' title='bbox 2359 1931 2533 1987; x_wconf 89' lang='lat' dir='ltr'><strong>donec</strong></span> <span class='ocrx_word' id='word_1_367' title='bbox 2566 1933 2810 1989; x_wconf 85' lang='lat' dir='ltr'><strong>inveniat</strong></span> <span class='ocrx_word' id='word_1_368' title='bbox 2863 1935 3042 1988; x_wconf 89' lang='lat' dir='ltr'><strong>locum</strong></span> <span class='ocrx_word' id='word_1_369' title='bbox 3089 1935 3341 2002; x_wconf 87' lang='lat' dir='ltr'><strong>Domino,</strong></span> <span class='ocrx_word' id='word_1_370' title='bbox 3372 1946 3426 1991; x_wconf 89' lang='lat' dir='ltr'><strong>et</strong></span> <span class='ocrx_word' id='word_1_371' title='bbox 3469 1949 3556 1992; x_wconf 91' lang='lat' dir='ltr'><strong>ta-</strong></span> 
     </span>
    </p>
   </div>
   <div class='ocr_carea' id='block_1_51' title="bbox 1981 2021 3557 2093">
    <p class='ocr_par' dir='ltr' id='par_1_51' title="bbox 1981 2021 3557 2093">
     <span class='ocr_line' id='line_1_51' title="bbox 1981 2021 3557 2093; baseline 0.005 -18"><span class='ocrx_word' id='word_1_372' title='bbox 1981 2021 2337 2077; x_wconf 87' lang='lat' dir='ltr'><strong>bernaculum</strong></span> <span class='ocrx_word' id='word_1_373' title='bbox 2399 2024 2508 2079; x_wconf 86' lang='lat' dir='ltr'><strong>Deo</strong></span> <span class='ocrx_word' id='word_1_374' title='bbox 2568 2023 2761 2091; x_wconf 82' lang='lat' dir='ltr'><strong>Jacob,</strong></span> <span class='ocrx_word' id='word_1_375' title='bbox 2808 2027 2910 2083; x_wconf 89' lang='lat' dir='ltr'><strong>hoc</strong></span> <span class='ocrx_word' id='word_1_376' title='bbox 2984 2035 3090 2093; x_wconf 92' lang='lat' dir='ltr'><strong>est,</strong></span> <span class='ocrx_word' id='word_1_377' title='bbox 3133 2028 3310 2083; x_wconf 89' lang='lat' dir='ltr'><strong>donec</strong></span> <span class='ocrx_word' id='word_1_378' title='bbox 3358 2028 3557 2093; x_wconf 80' lang='lat' dir='ltr'><strong>discat,</strong></span> 
     </span>
    </p>
   </div>
   <div class='ocr_carea' id='block_1_52' title="bbox 1982 2111 3558 2188">
    <p class='ocr_par' dir='ltr' id='par_1_52' title="bbox 1982 2111 3558 2188">
     <span class='ocr_line' id='line_1_52' title="bbox 1982 2111 3558 2188; baseline 0.008 -23"><span class='ocrx_word' id='word_1_379' title='bbox 1982 2111 2215 2168; x_wconf 88' lang='lat' dir='ltr'><strong>Domino</strong></span> <span class='ocrx_word' id='word_1_380' title='bbox 2247 2116 2354 2169; x_wconf 88' lang='lat' dir='ltr'><strong>sibi</strong></span> <span class='ocrx_word' id='word_1_381' title='bbox 2388 2116 2690 2185; x_wconf 83' lang='lat' dir='ltr'><strong>indicante,</strong></span> <span class='ocrx_word' id='word_1_382' title='bbox 2722 2117 2899 2188; x_wconf 87' lang='lat' dir='ltr'><strong>ipsius</strong></span> <span class='ocrx_word' id='word_1_383' title='bbox 2931 2118 3135 2176; x_wconf 74' lang='lat' dir='ltr'><strong>Christi</strong></span> <span class='ocrx_word' id='word_1_384' title='bbox 3167 2130 3385 2178; x_wconf 89' lang='lat' dir='ltr'><strong>ortum:</strong></span> <span class='ocrx_word' id='word_1_385' title='bbox 3430 2138 3558 2178; x_wconf 88' lang='lat' dir='ltr'><strong>eum</strong></span> 
     </span>
    </p>
   </div>
   <div class='ocr_carea' id='block_1_53' title="bbox 1980 2205 3557 2283">
    <p class='ocr_par' dir='ltr' id='par_1_53' title="bbox 1980 2205 3557 2283">
     <span class='ocr_line' id='line_1_53' title="bbox 1980 2205 3557 2283; baseline 0.01 -29"><span class='ocrx_word' id='word_1_386' title='bbox 1980 2213 2158 2256; x_wconf 86' lang='lat' dir='ltr'><strong>autem</strong></span> <span class='ocrx_word' id='word_1_387' title='bbox 2192 2214 2321 2259; x_wconf 81' lang='lat' dir='ltr'><strong>voto</strong></span> <span class='ocrx_word' id='word_1_388' title='bbox 2352 2205 2404 2259; x_wconf 92' lang='lat' dir='ltr'><strong>id</strong></span> <span class='ocrx_word' id='word_1_389' title='bbox 2436 2208 2791 2277; x_wconf 86' lang='lat' dir='ltr'><strong>postulasset,</strong></span> <span class='ocrx_word' id='word_1_390' title='bbox 2829 2217 2884 2264; x_wconf 88' lang='lat' dir='ltr'><strong>et</strong></span> <span class='ocrx_word' id='word_1_391' title='bbox 2915 2210 3041 2264; x_wconf 86' lang='lat' dir='ltr'><strong>talia</strong></span> <span class='ocrx_word' id='word_1_392' title='bbox 3081 2226 3415 2283; x_wconf 79' lang='lat' dir='ltr'><strong>cognoscere</strong></span> <span class='ocrx_word' id='word_1_393' title='bbox 3454 2229 3557 2268; x_wconf 78' lang='lat' dir='ltr'><strong>ex-</strong></span> 
     </span>
    </p>
   </div>
   <div class='ocr_carea' id='block_1_54' title="bbox 1978 2294 3558 2372">
    <p class='ocr_par' dir='ltr' id='par_1_54' title="bbox 1978 2294 3558 2372">
     <span class='ocr_line' id='line_1_54' title="bbox 1978 2294 3558 2372; baseline 0.008 -26"><span class='ocrx_word' id='word_1_394' title='bbox 1978 2294 2284 2362; x_wconf 72' lang='lat' dir='ltr'><strong>petivisset,</strong></span> <span class='ocrx_word' id='word_1_395' title='bbox 2321 2296 2463 2350; x_wconf 85' lang='lat' dir='ltr'><strong>haud</strong></span> <span class='ocrx_word' id='word_1_396' title='bbox 2498 2297 2572 2351; x_wconf 86' lang='lat' dir='ltr'><strong>ita</strong></span> <span class='ocrx_word' id='word_1_397' title='bbox 2606 2301 2779 2354; x_wconf 87' lang='lat' dir='ltr'><strong>multo</strong></span> <span class='ocrx_word' id='word_1_398' title='bbox 2811 2309 2958 2370; x_wconf 88' lang='lat' dir='ltr'><strong>post,</strong></span> <span class='ocrx_word' id='word_1_399' title='bbox 3015 2317 3138 2372; x_wconf 69' lang='lat' dir='ltr'><strong>qua:</strong></span> <span class='ocrx_word' id='word_1_400' title='bbox 3170 2303 3352 2358; x_wconf 78' lang='lat' dir='ltr'><strong>futura</strong></span> <span class='ocrx_word' id='word_1_401' title='bbox 3399 2314 3558 2360; x_wconf 84' lang='lat' dir='ltr'><strong>erant</strong></span> 
     </span>
    </p>
   </div>
   <div class='ocr_carea' id='block_1_55' title="bbox 1977 2384 3554 2465">
    <p class='ocr_par' dir='ltr' id='par_1_55' title="bbox 1977 2384 3554 2465">
     <span class='ocr_line' id='line_1_55' title="bbox 1977 2384 3554 2465; baseline 0.007 -28"><span class='ocrx_word' id='word_1_402' title='bbox 1977 2384 2163 2439; x_wconf 87' lang='lat' dir='ltr'><strong>divino</strong></span> <span class='ocrx_word' id='word_1_403' title='bbox 2192 2386 2472 2442; x_wconf 83' lang='lat' dir='ltr'><strong>iudicante</strong></span> <span class='ocrx_word' id='word_1_404' title='bbox 2504 2388 2711 2459; x_wconf 85' lang='lat' dir='ltr'><strong>Spiritu</strong></span> <span class='ocrx_word' id='word_1_405' title='bbox 2743 2394 3168 2461; x_wconf 80' lang='lat' dir='ltr'><strong>contemplatur,</strong></span> <span class='ocrx_word' id='word_1_406' title='bbox 3202 2397 3403 2465; x_wconf 86' lang='lat' dir='ltr'><strong>quippe</strong></span> <span class='ocrx_word' id='word_1_407' title='bbox 3427 2412 3554 2450; x_wconf 87' lang='lat' dir='ltr'><strong>cum</strong></span> 
     </span>
    </p>
   </div>
   <div class='ocr_carea' id='block_1_56' title="bbox 1974 2476 3555 2557">
    <p class='ocr_par' dir='ltr' id='par_1_56' title="bbox 1974 2476 3555 2557">
     <span class='ocr_line' id='line_1_56' title="bbox 1974 2476 3555 2557; baseline 0.008 -27"><span class='ocrx_word' id='word_1_408' title='bbox 1974 2477 2097 2530; x_wconf 81' lang='lat' dir='ltr'><strong>suis</strong></span> <span class='ocrx_word' id='word_1_409' title='bbox 2114 2476 2261 2533; x_wconf 82' lang='lat' dir='ltr'><strong>Deus</strong></span> <span class='ocrx_word' id='word_1_410' title='bbox 2292 2479 2572 2548; x_wconf 85' lang='lat' dir='ltr'><strong>pollicitus</strong></span> <span class='ocrx_word' id='word_1_411' title='bbox 2602 2483 2694 2547; x_wconf 82' lang='lat' dir='ltr'><strong>sit,</strong></span> <span class='ocrx_word' id='word_1_412' title='bbox 2720 2499 2786 2538; x_wconf 81' lang='lat' dir='ltr'><strong>se</strong></span> <span class='ocrx_word' id='word_1_413' title='bbox 2815 2486 3050 2555; x_wconf 82' lang='lat' dir='ltr'><strong>amplius</strong></span> <span class='ocrx_word' id='word_1_414' title='bbox 3074 2486 3365 2557; x_wconf 89' lang='lat' dir='ltr'><strong>loquentes</strong></span> <span class='ocrx_word' id='word_1_415' title='bbox 3385 2504 3555 2543; x_wconf 73' lang='lat' dir='ltr'><strong>exau-</strong></span> 
     </span>
    </p>
   </div>
   <div class='ocr_carea' id='block_1_57' title="bbox 1978 2569 3561 2646">
    <p class='ocr_par' dir='ltr' id='par_1_57' title="bbox 1978 2569 3561 2646">
     <span class='ocr_line' id='line_1_57' title="bbox 1978 2569 3561 2646; baseline 0.007 -22"><span class='ocrx_word' id='word_1_416' title='bbox 1978 2569 2242 2625; x_wconf 81' lang='lat' dir='ltr'><strong>diturum.</strong></span> <span class='ocrx_word' id='word_1_417' title='bbox 2278 2572 2468 2642; x_wconf 85' lang='lat' dir='ltr'><strong>Itaque</strong></span> <span class='ocrx_word' id='word_1_418' title='bbox 2503 2575 2582 2627; x_wconf 89' lang='lat' dir='ltr'><strong>illi</strong></span> <span class='ocrx_word' id='word_1_419' title='bbox 2616 2575 2669 2628; x_wconf 92' lang='lat' dir='ltr'><strong>in</strong></span> <span class='ocrx_word' id='word_1_420' title='bbox 2694 2576 2840 2631; x_wconf 91' lang='lat' dir='ltr'><strong>hunc</strong></span> <span class='ocrx_word' id='word_1_421' title='bbox 2867 2579 3089 2632; x_wconf 84' lang='lat' dir='ltr'><strong>modum</strong></span> <span class='ocrx_word' id='word_1_422' title='bbox 3124 2580 3404 2646; x_wconf 83' lang='lat' dir='ltr'><strong>exaudito,</strong></span> <span class='ocrx_word' id='word_1_423' title='bbox 3437 2594 3561 2634; x_wconf 81' lang='lat' dir='ltr'><strong>ora-</strong></span> 
     </span>
    </p>
   </div>
   <div class='ocr_carea' id='block_1_58' title="bbox 1977 2662 3554 2738">
    <p class='ocr_par' dir='ltr' id='par_1_58' title="bbox 1977 2662 3554 2738">
     <span class='ocr_line' id='line_1_58' title="bbox 1977 2662 3554 2738; baseline 0.006 -22"><span class='ocrx_word' id='word_1_424' title='bbox 1977 2663 2162 2716; x_wconf 86' lang='lat' dir='ltr'><strong>culum</strong></span> <span class='ocrx_word' id='word_1_425' title='bbox 2191 2662 2460 2727; x_wconf 83' lang='lat' dir='ltr'><strong>redditur,</strong></span> <span class='ocrx_word' id='word_1_426' title='bbox 2514 2681 2624 2735; x_wconf 89' lang='lat' dir='ltr'><strong>quo</strong></span> <span class='ocrx_word' id='word_1_427' title='bbox 2670 2667 2795 2736; x_wconf 73' lang='lat' dir='ltr'><strong>ipsa</strong></span> <span class='ocrx_word' id='word_1_428' title='bbox 2843 2666 3156 2724; x_wconf 87' lang='lat' dir='ltr'><strong>Bcthlehem</strong></span> <span class='ocrx_word' id='word_1_429' title='bbox 3204 2670 3554 2738; x_wconf 83' lang='lat' dir='ltr'><strong>inciamatur,</strong></span> 
     </span>
    </p>
   </div>
   <div class='ocr_carea' id='block_1_59' title="bbox 1976 2755 3552 2823">
    <p class='ocr_par' dir='ltr' id='par_1_59' title="bbox 1976 2755 3552 2823">
     <span class='ocr_line' id='line_1_59' title="bbox 1976 2755 3552 2823; baseline 0.005 -16"><span class='ocrx_word' id='word_1_430' title='bbox 1976 2760 2237 2823; x_wconf 85' lang='lat' dir='ltr'><strong>tanquam</strong></span> <span class='ocrx_word' id='word_1_431' title='bbox 2271 2755 2385 2810; x_wconf 88' lang='lat' dir='ltr'><strong>illic</strong></span> <span class='ocrx_word' id='word_1_432' title='bbox 2415 2755 2574 2810; x_wconf 75' lang='lat' dir='ltr'><strong>locus</strong></span> <span class='ocrx_word' id='word_1_433' title='bbox 2602 2757 2859 2820; x_wconf 87' lang='lat' dir='ltr'><strong>Domino,</strong></span> <span class='ocrx_word' id='word_1_434' title='bbox 2894 2769 2950 2814; x_wconf 85' lang='lat' dir='ltr'><strong>et</strong></span> <span class='ocrx_word' id='word_1_435' title='bbox 2990 2760 3408 2814; x_wconf 80' lang='lat' dir='ltr'><strong>tabernaculum</strong></span> <span class='ocrx_word' id='word_1_436' title='bbox 3434 2758 3552 2816; x_wconf 87' lang='lat' dir='ltr'><strong>Deo</strong></span> 
     </span>
    </p>
   </div>
   <div class='ocr_carea' id='block_1_60' title="bbox 1977 2843 3555 2922">
    <p class='ocr_par' dir='ltr' id='par_1_60' title="bbox 1977 2843 3555 2922">
     <span class='ocr_line' id='line_1_60' title="bbox 1977 2843 3555 2922; baseline 0.006 -24"><span class='ocrx_word' id='word_1_437' title='bbox 1977 2843 2555 2902; x_wconf 88' lang='lat' dir='ltr'><strong>Jacobconstituenda</strong></span> <span class='ocrx_word' id='word_1_438' title='bbox 2600 2849 2736 2904; x_wconf 86' lang='lat' dir='ltr'><strong>sint.</strong></span> <span class='ocrx_word' id='word_1_439' title='bbox 2807 2848 2933 2906; x_wconf 62' lang='lat' dir='ltr'><strong>Haec</strong></span> <span class='ocrx_word' id='word_1_440' title='bbox 2977 2851 3146 2922; x_wconf 80' lang='lat' dir='ltr'><strong>igitur</strong></span> <span class='ocrx_word' id='word_1_441' title='bbox 3190 2853 3283 2907; x_wconf 83' lang='lat' dir='ltr'><strong>ubi</strong></span> <span class='ocrx_word' id='word_1_442' title='bbox 3332 2853 3555 2908; x_wconf 78' lang='lat' dir='ltr'><strong>divinus</strong></span> 
     </span>
    </p>
   </div>
   <div class='ocr_carea' id='block_1_61' title="bbox 1980 2939 3559 3014">
    <p class='ocr_par' dir='ltr' id='par_1_61' title="bbox 1980 2939 3559 3014">
     <span class='ocr_line' id='line_1_61' title="bbox 1980 2939 3559 3014; baseline 0.005 -23"><span class='ocrx_word' id='word_1_443' title='bbox 1980 2939 2219 3009; x_wconf 82' lang='lat' dir='ltr'><strong>Spiritus</strong></span> <span class='ocrx_word' id='word_1_444' title='bbox 2245 2941 2389 3012; x_wconf 84' lang='lat' dir='ltr'><strong>apud</strong></span> <span class='ocrx_word' id='word_1_445' title='bbox 2420 2956 2479 2997; x_wconf 89' lang='lat' dir='ltr'><strong>se</strong></span> <span class='ocrx_word' id='word_1_446' title='bbox 2512 2942 2689 3011; x_wconf 88' lang='lat' dir='ltr'><strong>ipsum</strong></span> <span class='ocrx_word' id='word_1_447' title='bbox 2718 2944 2941 3010; x_wconf 75' lang='lat' dir='ltr'><strong>cecinit,</strong></span> <span class='ocrx_word' id='word_1_448' title='bbox 2970 2944 3087 3014; x_wconf 83' lang='lat' dir='ltr'><strong>ipse</strong></span> <span class='ocrx_word' id='word_1_449' title='bbox 3110 2946 3354 3014; x_wconf 88' lang='lat' dir='ltr'><strong>seipsum</strong></span> <span class='ocrx_word' id='word_1_450' title='bbox 3382 2958 3559 3001; x_wconf 79' lang='lat' dir='ltr'><strong>exau-</strong></span> 
     </span>
    </p>
   </div>
   <div class='ocr_carea' id='block_1_62' title="bbox 1978 3028 3552 3107">
    <p class='ocr_par' dir='ltr' id='par_1_62' title="bbox 1978 3028 3552 3107">
     <span class='ocr_line' id='line_1_62' title="bbox 1978 3028 3552 3107; baseline 0.005 -25"><span class='ocrx_word' id='word_1_451' title='bbox 1978 3028 2136 3084; x_wconf 87' lang='lat' dir='ltr'><strong>diens</strong></span> <span class='ocrx_word' id='word_1_452' title='bbox 2185 3031 2457 3102; x_wconf 75' lang='lat' dir='ltr'><strong>adiungit,</strong></span> <span class='ocrx_word' id='word_1_453' title='bbox 2488 3050 2507 3083; x_wconf 84' lang='grc'><strong>›</strong></span> <span class='ocrx_word' id='word_1_454' title='bbox 2544 3031 2682 3087; x_wconf 87' lang='lat' dir='ltr'><strong>Ecce</strong></span> <span class='ocrx_word' id='word_1_455' title='bbox 2703 3033 3021 3090; x_wconf 78' lang='lat' dir='ltr'><strong>audivimus</strong></span> <span class='ocrx_word' id='word_1_456' title='bbox 3047 3051 3166 3090; x_wconf 85' lang='lat' dir='ltr'><strong>eam</strong></span> <span class='ocrx_word' id='word_1_457' title='bbox 3198 3036 3252 3090; x_wconf 88' lang='lat' dir='ltr'><strong>in</strong></span> <span class='ocrx_word' id='word_1_458' title='bbox 3281 3035 3552 3107; x_wconf 63' lang='lat' dir='ltr'><strong>EphraAa:</strong></span> 
     </span>
    </p>
   </div>
   <div class='ocr_carea' id='block_1_63' title="bbox 1984 3108 3555 3193">
    <p class='ocr_par' dir='ltr' id='par_1_63' title="bbox 1984 3108 3555 3193">
     <span class='ocr_line' id='line_1_63' title="bbox 1984 3108 3555 3193; baseline 0.007 -25"><span class='ocrx_word' id='word_1_459' title='bbox 1984 3136 2002 3168; x_wconf 74' lang='grc' dir='ltr'><strong>ι</strong></span> <span class='ocrx_word' id='word_1_460' title='bbox 2034 3118 2271 3189; x_wconf 82' lang='lat' dir='ltr'><strong>Ephrata</strong></span> <span class='ocrx_word' id='word_1_461' title='bbox 2303 3108 2459 3177; x_wconf 11' lang='lat' dir='ltr'><strong>vero,</strong></span> <span class='ocrx_word' id='word_1_462' title='bbox 2482 3123 2675 3177; x_wconf 87' lang='lat' dir='ltr'><strong>eadem</strong></span> <span class='ocrx_word' id='word_1_463' title='bbox 2726 3132 2810 3178; x_wconf 89' lang='lat' dir='ltr'><strong>est</strong></span> <span class='ocrx_word' id='word_1_464' title='bbox 2847 3132 2901 3178; x_wconf 87' lang='lat' dir='ltr'><strong>et</strong></span> <span class='ocrx_word' id='word_1_465' title='bbox 2937 3124 3250 3181; x_wconf 87' lang='lat' dir='ltr'><strong>Bethlehem</strong></span> <span class='ocrx_word' id='word_1_466' title='bbox 3278 3142 3293 3193; x_wconf 91' lang='lat'><strong>;</strong></span> <span class='ocrx_word' id='word_1_467' title='bbox 3327 3129 3470 3183; x_wconf 77' lang='lat' dir='ltr'><strong>sicut</strong></span> <span class='ocrx_word' id='word_1_468' title='bbox 3499 3127 3555 3181; x_wconf 88' lang='lat' dir='ltr'><strong>iu</strong></span> 
     </span>
    </p>
   </div>
   <div class='ocr_carea' id='block_1_64' title="bbox 301 3212 1889 3288">
    <p class='ocr_par' dir='ltr' id='par_1_64' title="bbox 301 3212 1871 3288">
     <span class='ocr_line' id='line_1_64' title="bbox 301 3212 1871 3288; baseline 0.002 -22"><span class='ocrx_word' id='word_1_469' title='bbox 301 3214 353 3266; x_wconf 77' lang='grc' dir='ltr'>δὲ</span> <span class='ocrx_word' id='word_1_470' title='bbox 384 3219 627 3287; x_wconf 85' lang='grc' dir='ltr'>περιεῖχε</span> <span class='ocrx_word' id='word_1_471' title='bbox 660 3215 983 3288; x_wconf 85' lang='grc' dir='ltr'>προφητεία·</span> <span class='ocrx_word' id='word_1_472' title='bbox 1019 3234 1037 3266; x_wconf 74' lang='grc' dir='ltr'><strong>ι</strong></span> <span class='ocrx_word' id='word_1_473' title='bbox 1071 3216 1182 3268; x_wconf 70' lang='grc' dir='ltr'><strong>Καὶ</strong></span> <span class='ocrx_word' id='word_1_474' title='bbox 1216 3215 1303 3278; x_wconf 84' lang='grc' dir='ltr'>σὺ,</span> <span class='ocrx_word' id='word_1_475' title='bbox 1338 3215 1585 3287; x_wconf 84' lang='grc' dir='ltr'>Βηθλεὲμ</span> <span class='ocrx_word' id='word_1_476' title='bbox 1610 3212 1757 3280; x_wconf 70' lang='grc' dir='ltr'>οἶκος</span> <span class='ocrx_word' id='word_1_477' title='bbox 1780 3217 1871 3269; x_wconf 81' lang='grc' dir='ltr'><strong>τοῦ</strong></span> 
     </span>
    </p>
   </div>
   <div class='ocr_carea' id='block_1_65' title="bbox 1979 3212 3557 3288">
    <p class='ocr_par' dir='ltr' id='par_1_65' title="bbox 1979 3214 3557 3279">
     <span class='ocr_line' id='line_1_65' title="bbox 1979 3214 3557 3279; baseline 0.003 -9"><span class='ocrx_word' id='word_1_478' title='bbox 1979 3214 2178 3271; x_wconf 77' lang='lat' dir='ltr'><strong>Genesi</strong></span> <span class='ocrx_word' id='word_1_479' title='bbox 2228 3223 2470 3279; x_wconf 84' lang='lat' dir='ltr'><strong>constat,</strong></span> <span class='ocrx_word' id='word_1_480' title='bbox 2509 3215 2602 3270; x_wconf 87' lang='lat' dir='ltr'><strong>ubi</strong></span> <span class='ocrx_word' id='word_1_481' title='bbox 2650 3216 2724 3272; x_wconf 71' lang='lat' dir='ltr'><strong>de</strong></span> <span class='ocrx_word' id='word_1_482' title='bbox 2753 3215 2958 3273; x_wconf 78' lang='lat' dir='ltr'><strong>Rachel</strong></span> <span class='ocrx_word' id='word_1_483' title='bbox 3003 3218 3212 3273; x_wconf 87' lang='lat' dir='ltr'><strong>dictum</strong></span> <span class='ocrx_word' id='word_1_484' title='bbox 3264 3227 3390 3274; x_wconf 88' lang='lat' dir='ltr'><strong>est:</strong></span> <span class='ocrx_word' id='word_1_485' title='bbox 3427 3238 3446 3271; x_wconf 74' lang='grc' dir='ltr'><strong>ι</strong></span> <span class='ocrx_word' id='word_1_486' title='bbox 3488 3219 3557 3275; x_wconf 80' lang='lat' dir='ltr'><strong>Et</strong></span> 
     </span>
    </p>
   </div>
   <div class='ocr_carea' id='block_1_66' title="bbox 313 3304 1874 3379">
    <p class='ocr_par' dir='ltr' id='par_1_66' title="bbox 313 3304 1874 3379">
     <span class='ocr_line' id='line_1_66' title="bbox 313 3304 1874 3379; baseline 0.001 -20"><span class='ocrx_word' id='word_1_487' title='bbox 313 3305 570 3377; x_wconf 69' lang='grc' dir='ltr'>Ἐφραθά.</span> <span class='ocrx_word' id='word_1_488' title='bbox 608 3328 728 3358; x_wconf 73' lang='grc' dir='ltr'>ι-ι</span> <span class='ocrx_word' id='word_1_489' title='bbox 754 3309 904 3371; x_wconf 85' lang='grc' dir='ltr'>Ἰδοὺ,</span> <span class='ocrx_word' id='word_1_490' title='bbox 934 3308 1116 3379; x_wconf 78' lang='grc' dir='ltr'>φησὶν,</span> <span class='ocrx_word' id='word_1_491' title='bbox 1147 3327 1165 3358; x_wconf 87' lang='grc'><em>‹</em></span> <span class='ocrx_word' id='word_1_492' title='bbox 1197 3304 1507 3378; x_wconf 78' lang='grc' dir='ltr'>ἠκούσαμεν</span> <span class='ocrx_word' id='word_1_493' title='bbox 1523 3308 1708 3379; x_wconf 85' lang='grc' dir='ltr'>αὑτήν·</span> <span class='ocrx_word' id='word_1_494' title='bbox 1738 3329 1755 3360; x_wconf 76' lang='grc' dir='ltr'><strong>ι</strong></span> <span class='ocrx_word' id='word_1_495' title='bbox 1782 3309 1874 3379; x_wconf 74' lang='grc' dir='ltr'><strong>δῆ-</strong></span> 
     </span>
    </p>
   </div>
   <div class='ocr_carea' id='block_1_67' title="bbox 301 3397 1872 3471">
    <p class='ocr_par' dir='ltr' id='par_1_67' title="bbox 301 3397 1872 3471">
     <span class='ocr_line' id='line_1_67' title="bbox 301 3397 1872 3471; baseline 0.001 -20"><span class='ocrx_word' id='word_1_496' title='bbox 301 3398 387 3451; x_wconf 87' lang='grc' dir='ltr'><strong>λον</strong></span> <span class='ocrx_word' id='word_1_497' title='bbox 419 3400 463 3452; x_wconf 86' lang='grc' dir='ltr'>δ’</span> <span class='ocrx_word' id='word_1_498' title='bbox 497 3400 577 3452; x_wconf 83' lang='grc' dir='ltr'>ὅτι</span> <span class='ocrx_word' id='word_1_499' title='bbox 610 3399 708 3470; x_wconf 81' lang='grc' dir='ltr'><strong>τὴν</strong></span> <span class='ocrx_word' id='word_1_500' title='bbox 736 3398 829 3452; x_wconf 90' lang='grc' dir='ltr'><strong>τοῦ</strong></span> <span class='ocrx_word' id='word_1_501' title='bbox 857 3397 1093 3471; x_wconf 86' lang='grc' dir='ltr'>Χριστοῦ</span> <span class='ocrx_word' id='word_1_502' title='bbox 1124 3397 1357 3466; x_wconf 82' lang='grc' dir='ltr'>γένεσιν,</span> <span class='ocrx_word' id='word_1_503' title='bbox 1385 3398 1478 3452; x_wconf 60' lang='grc' dir='ltr'><strong>καί¹</strong></span> <span class='ocrx_word' id='word_1_504' title='bbox 1506 3397 1602 3468; x_wconf 85' lang='grc' dir='ltr'>τὴν</span> <span class='ocrx_word' id='word_1_505' title='bbox 1623 3397 1717 3451; x_wconf 90' lang='grc' dir='ltr'><strong>τοῦ</strong></span> <span class='ocrx_word' id='word_1_506' title='bbox 1739 3398 1872 3452; x_wconf 84' lang='grc' dir='ltr'>Θεοῦ</span> 
     </span>
    </p>
   </div>
   <div class='ocr_carea' id='block_1_68' title="bbox 314 3488 1877 3561">
    <p class='ocr_par' dir='ltr' id='par_1_68' title="bbox 314 3488 1877 3561">
     <span class='ocr_line' id='line_1_68' title="bbox 314 3488 1877 3561; baseline 0 -18"><span class='ocrx_word' id='word_1_507' title='bbox 314 3489 503 3544; x_wconf 86' lang='grc' dir='ltr'>Ἷακὼϐ</span> <span class='ocrx_word' id='word_1_508' title='bbox 536 3492 967 3561; x_wconf 88' lang='grc' dir='ltr'>κατασκήνωσιν.</span> <span class='ocrx_word' id='word_1_509' title='bbox 1015 3491 1172 3543; x_wconf 81' lang='grc' dir='ltr'>Ποῖον</span> <span class='ocrx_word' id='word_1_510' title='bbox 1203 3489 1246 3542; x_wconf 87' lang='grc' dir='ltr'>δ’</span> <span class='ocrx_word' id='word_1_511' title='bbox 1297 3489 1363 3542; x_wconf 86' lang='grc' dir='ltr'>ἂν</span> <span class='ocrx_word' id='word_1_512' title='bbox 1400 3488 1484 3561; x_wconf 80' lang='grc' dir='ltr'>εἴη</span> <span class='ocrx_word' id='word_1_513' title='bbox 1519 3489 1578 3542; x_wconf 88' lang='grc' dir='ltr'>τὸ</span> <span class='ocrx_word' id='word_1_514' title='bbox 1612 3493 1877 3561; x_wconf 86' lang='grc' dir='ltr'>σκήνωμα</span> 
     </span>
    </p>
   </div>
   <div class='ocr_carea' id='block_1_69' title="bbox 301 3578 1876 3654">
    <p class='ocr_par' dir='ltr' id='par_1_69' title="bbox 301 3578 1876 3654">
     <span class='ocr_line' id='line_1_69' title="bbox 301 3578 1876 3654; baseline -0.001 -20"><span class='ocrx_word' id='word_1_515' title='bbox 301 3580 392 3635; x_wconf 72' lang='grc' dir='ltr'><strong>τοῦ</strong></span> <span class='ocrx_word' id='word_1_516' title='bbox 436 3582 570 3637; x_wconf 83' lang='grc' dir='ltr'>Θεοῦ</span> <span class='ocrx_word' id='word_1_517' title='bbox 625 3581 820 3636; x_wconf 84' lang='grc' dir='ltr'>Ἰακὼϐ</span> <span class='ocrx_word' id='word_1_518' title='bbox 857 3582 890 3654; x_wconf 78' lang='grc' dir='ltr'>ἢ</span> <span class='ocrx_word' id='word_1_519' title='bbox 921 3583 981 3635; x_wconf 87' lang='grc' dir='ltr'>τὸ</span> <span class='ocrx_word' id='word_1_520' title='bbox 1014 3581 1172 3653; x_wconf 84' lang='grc' dir='ltr'>σῶμα</span> <span class='ocrx_word' id='word_1_521' title='bbox 1202 3580 1295 3635; x_wconf 88' lang='grc' dir='ltr'><strong>τοῦ</strong></span> <span class='ocrx_word' id='word_1_522' title='bbox 1331 3582 1566 3654; x_wconf 85' lang='grc' dir='ltr'>Χριστοῦ</span> <span class='ocrx_word' id='word_1_523' title='bbox 1604 3578 1665 3635; x_wconf 88' lang='grc' dir='ltr'>τὸ</span> <span class='ocrx_word' id='word_1_524' title='bbox 1709 3583 1765 3635; x_wconf 86' lang='grc' dir='ltr'>ὲν</span> <span class='ocrx_word' id='word_1_525' title='bbox 1798 3581 1876 3652; x_wconf 79' lang='grc' dir='ltr'>τῷ</span> 
     </span>
    </p>
   </div>
   <div class='ocr_carea' id='block_1_70' title="bbox 302 3667 1874 3747">
    <p class='ocr_par' dir='ltr' id='par_1_70' title="bbox 302 3667 1874 3747">
     <span class='ocr_line' id='line_1_70' title="bbox 302 3667 1874 3747; baseline -0.002 -18"><span class='ocrx_word' id='word_1_526' title='bbox 302 3676 449 3746; x_wconf 83' lang='grc' dir='ltr'>τόπῳ</span> <span class='ocrx_word' id='word_1_527' title='bbox 476 3676 575 3747; x_wconf 81' lang='grc' dir='ltr'>τῆς</span> <span class='ocrx_word' id='word_1_528' title='bbox 604 3675 850 3746; x_wconf 81' lang='grc' dir='ltr'>Βηθλεὲμ</span> <span class='ocrx_word' id='word_1_529' title='bbox 873 3676 1299 3747; x_wconf 70' lang='grc' dir='ltr'>γεγεννημένονς</span> <span class='ocrx_word' id='word_1_530' title='bbox 1324 3676 1381 3727; x_wconf 85' lang='grc' dir='ltr'>ὲν</span> <span class='ocrx_word' id='word_1_531' title='bbox 1405 3667 1449 3743; x_wconf 82' lang='grc' dir='ltr'>ᾧ</span> <span class='ocrx_word' id='word_1_532' title='bbox 1475 3673 1549 3739; x_wconf 86' lang='grc' dir='ltr'><strong>ὼς</strong></span> <span class='ocrx_word' id='word_1_533' title='bbox 1571 3677 1628 3728; x_wconf 80' lang='grc' dir='ltr'>ὲν</span> <span class='ocrx_word' id='word_1_534' title='bbox 1662 3672 1874 3746; x_wconf 90' lang='grc' dir='ltr'>σκηνώ-</span> 
     </span>
    </p>
   </div>
   <div class='ocr_carea' id='block_1_71' title="bbox 304 3766 1875 3840">
    <p class='ocr_par' dir='ltr' id='par_1_71' title="bbox 304 3766 1875 3840">
     <span class='ocr_line' id='line_1_71' title="bbox 304 3766 1875 3840; baseline -0.003 -18"><span class='ocrx_word' id='word_1_535' title='bbox 304 3785 452 3840; x_wconf 85' lang='grc' dir='ltr'>ματι,</span> <span class='ocrx_word' id='word_1_536' title='bbox 500 3770 533 3840; x_wconf 86' lang='grc' dir='ltr'><strong>ή</strong></span> <span class='ocrx_word' id='word_1_537' title='bbox 578 3767 767 3839; x_wconf 80' lang='grc' dir='ltr'>θεότης</span> <span class='ocrx_word' id='word_1_538' title='bbox 797 3767 891 3821; x_wconf 90' lang='grc' dir='ltr'><strong>τοῦ</strong></span> <span class='ocrx_word' id='word_1_539' title='bbox 936 3766 1269 3836; x_wconf 87' lang='grc' dir='ltr'>Μονογενοῦς</span> <span class='ocrx_word' id='word_1_540' title='bbox 1308 3767 1711 3837; x_wconf 87' lang='grc' dir='ltr'>κατεσκήνωσε.</span> <span class='ocrx_word' id='word_1_541' title='bbox 1764 3766 1875 3835; x_wconf 86' lang='grc' dir='ltr'><strong>Οὐχ</strong></span> 
     </span>
    </p>
   </div>
   <div class='ocr_carea' id='block_1_72' title="bbox 304 3855 1874 3930">
    <p class='ocr_par' dir='ltr' id='par_1_72' title="bbox 304 3855 1874 3930">
     <span class='ocr_line' id='line_1_72' title="bbox 304 3855 1874 3930; baseline -0.003 -17"><span class='ocrx_word' id='word_1_542' title='bbox 304 3859 489 3924; x_wconf 79' lang='grc' dir='ltr'>ἁπλῶς</span> <span class='ocrx_word' id='word_1_543' title='bbox 525 3859 583 3913; x_wconf 79' lang='grc' dir='ltr'>δὲ</span> <span class='ocrx_word' id='word_1_544' title='bbox 637 3857 795 3925; x_wconf 85' lang='grc' dir='ltr'>Θεοῦ,</span> <span class='ocrx_word' id='word_1_545' title='bbox 845 3857 980 3912; x_wconf 83' lang='grc' dir='ltr'>ἀλλὰ</span> <span class='ocrx_word' id='word_1_546' title='bbox 1032 3858 1172 3930; x_wconf 78' lang='grc' dir='ltr'>μετὰ</span> <span class='ocrx_word' id='word_1_547' title='bbox 1217 3856 1532 3929; x_wconf 77' lang='grc' dir='ltr'>προσθήκης</span> <span class='ocrx_word' id='word_1_548' title='bbox 1583 3857 1680 3927; x_wconf 77' lang='grc' dir='ltr'><strong>τῆς</strong></span> <span class='ocrx_word' id='word_1_549' title='bbox 1725 3875 1743 3906; x_wconf 76' lang='grc' dir='ltr'><strong>ι</strong></span> <span class='ocrx_word' id='word_1_550' title='bbox 1782 3855 1874 3909; x_wconf 88' lang='grc' dir='ltr'><strong>τοῦ</strong></span> 
     </span>
    </p>
   </div>
   <div class='ocr_carea' id='block_1_73' title="bbox 303 3947 1873 4023">
    <p class='ocr_par' dir='ltr' id='par_1_73' title="bbox 303 3947 1873 4023">
     <span class='ocr_line' id='line_1_73' title="bbox 303 3947 1873 4023; baseline 0.014 -21"><span class='ocrx_word' id='word_1_551' title='bbox 303 3951 433 4006; x_wconf 84' lang='grc' dir='ltr'>Θεοῦ</span> <span class='ocrx_word' id='word_1_552' title='bbox 481 3949 695 4016; x_wconf 83' lang='grc' dir='ltr'>Ἰακὼϐ,</span> <span class='ocrx_word' id='word_1_553' title='bbox 735 3972 755 4003; x_wconf 77' lang='grc' dir='ltr'><strong>ι</strong></span> <span class='ocrx_word' id='word_1_554' title='bbox 790 3951 1008 4020; x_wconf 83' lang='grc' dir='ltr'>λέγεται</span> <span class='ocrx_word' id='word_1_555' title='bbox 1037 3952 1098 4004; x_wconf 90' lang='grc' dir='ltr'><strong>τὸ</strong></span> <span class='ocrx_word' id='word_1_556' title='bbox 1124 3952 1388 4023; x_wconf 80' lang='grc' dir='ltr'>σκήνωμα</span> <span class='ocrx_word' id='word_1_557' title='bbox 1420 3947 1578 4014; x_wconf 69' lang='grc' dir='ltr'>εἶναι,</span> <span class='ocrx_word' id='word_1_558' title='bbox 1603 3949 1691 4002; x_wconf 87' lang='grc' dir='ltr'><strong>διὰ</strong></span> <span class='ocrx_word' id='word_1_559' title='bbox 1715 3950 1775 4003; x_wconf 87' lang='grc' dir='ltr'>τὸ</span> <span class='ocrx_word' id='word_1_560' title='bbox 1798 3950 1873 4021; x_wconf 71' lang='grc' dir='ltr'>μὴ</span> 
     </span>
    </p>
   </div>
   <div class='ocr_carea' id='block_1_74' title="bbox 302 4039 1873 4115">
    <p class='ocr_par' dir='ltr' id='par_1_74' title="bbox 302 4039 1873 4115">
     <span class='ocr_line' id='line_1_74' title="bbox 302 4039 1873 4115; baseline -0.001 -19"><span class='ocrx_word' id='word_1_561' title='bbox 302 4043 424 4096; x_wconf 66' lang='grc' dir='ltr'>ιλλο</span> <span class='ocrx_word' id='word_1_562' title='bbox 447 4039 659 4097; x_wconf 74' lang='grc' dir='ltr'>εἶναιτὸ</span> <span class='ocrx_word' id='word_1_563' title='bbox 680 4043 965 4115; x_wconf 83' lang='grc' dir='ltr'>σκηνῶσαν</span> <span class='ocrx_word' id='word_1_564' title='bbox 1001 4047 1057 4097; x_wconf 81' lang='grc' dir='ltr'>ὲν</span> <span class='ocrx_word' id='word_1_565' title='bbox 1096 4043 1243 4114; x_wconf 78' lang='grc' dir='ltr'><strong>αὐτῷ</strong></span> <span class='ocrx_word' id='word_1_566' title='bbox 1273 4043 1306 4114; x_wconf 76' lang='grc' dir='ltr'><strong>ἢ</strong></span> <span class='ocrx_word' id='word_1_567' title='bbox 1341 4043 1429 4096; x_wconf 89' lang='grc' dir='ltr'><strong>τὸν</strong></span> <span class='ocrx_word' id='word_1_568' title='bbox 1461 4042 1539 4114; x_wconf 84' lang='grc' dir='ltr'><strong>τῷ</strong></span> <span class='ocrx_word' id='word_1_569' title='bbox 1584 4040 1778 4094; x_wconf 83' lang='grc' dir='ltr'>Ἰακὼϐ</span> <span class='ocrx_word' id='word_1_570' title='bbox 1814 4044 1873 4095; x_wconf 85' lang='grc' dir='ltr'>ὲν</span> 
     </span>
    </p>
   </div>
   <div class='ocr_carea' id='block_1_75' title="bbox 304 4131 1873 4205">
    <p class='ocr_par' dir='ltr' id='par_1_75' title="bbox 304 4131 1873 4205">
     <span class='ocr_line' id='line_1_75' title="bbox 304 4131 1873 4205; baseline 0 -19"><span class='ocrx_word' id='word_1_571' title='bbox 304 4131 588 4205; x_wconf 83' lang='grc' dir='ltr'>ἀνθρώπου</span> <span class='ocrx_word' id='word_1_572' title='bbox 619 4133 749 4186; x_wconf 83' lang='grc' dir='ltr'>εἴδει</span> <span class='ocrx_word' id='word_1_573' title='bbox 784 4134 878 4186; x_wconf 78' lang='grc' dir='ltr'>καὶ</span> <span class='ocrx_word' id='word_1_574' title='bbox 912 4132 1394 4205; x_wconf 61' lang='grc' dir='ltr'>σχήματιὰρθέντα</span> <span class='ocrx_word' id='word_1_575' title='bbox 1423 4133 1577 4197; x_wconf 86' lang='grc' dir='ltr'>Θεὸν,</span> <span class='ocrx_word' id='word_1_576' title='bbox 1602 4133 1668 4186; x_wconf 84' lang='grc' dir='ltr'><strong>δι’</strong></span> <span class='ocrx_word' id='word_1_577' title='bbox 1699 4132 1756 4186; x_wconf 81' lang='grc' dir='ltr'>ὃν</span> <span class='ocrx_word' id='word_1_578' title='bbox 1779 4134 1873 4186; x_wconf 78' lang='grc' dir='ltr'>καὶ</span> 
     </span>
    </p>
   </div>
   <div class='ocr_carea' id='block_1_76' title="bbox 303 4220 1870 4297">
    <p class='ocr_par' dir='ltr' id='par_1_76' title="bbox 303 4220 1870 4297">
     <span class='ocr_line' id='line_1_76' title="bbox 303 4220 1870 4297; baseline 0.003 -24"><span class='ocrx_word' id='word_1_579' title='bbox 303 4220 400 4291; x_wconf 78' lang='grc' dir='ltr'><strong>τῆς</strong></span> <span class='ocrx_word' id='word_1_580' title='bbox 430 4222 525 4274; x_wconf 72' lang='grc' dir='ltr'><strong>ἐπὶ</strong></span> <span class='ocrx_word' id='word_1_581' title='bbox 545 4222 623 4293; x_wconf 81' lang='grc' dir='ltr'>τῷ</span> <span class='ocrx_word' id='word_1_582' title='bbox 638 4224 853 4295; x_wconf 78' lang='grc' dir='ltr'>Ἰσραὴλ</span> <span class='ocrx_word' id='word_1_583' title='bbox 872 4241 1120 4294; x_wconf 91' lang='grc' dir='ltr'>προσωνυ</span> <span class='ocrx_word' id='word_1_584' title='bbox 1129 4225 1255 4295; x_wconf 91' lang='grc' dir='ltr'>μίας</span> <span class='ocrx_word' id='word_1_585' title='bbox 1277 4223 1505 4297; x_wconf 68' lang='grc' dir='ltr'><strong>⁴ίγξιώθη,</strong></span> <span class='ocrx_word' id='word_1_586' title='bbox 1529 4224 1683 4293; x_wconf 75' lang='grc' dir='ltr'><strong>ὀρῶν</strong></span> <span class='ocrx_word' id='word_1_587' title='bbox 1703 4226 1870 4278; x_wconf 72' lang='grc' dir='ltr'>Θεόνσ</span> 
     </span>
    </p>
   </div>
   <div class='ocr_carea' id='block_1_77' title="bbox 299 4311 1874 4387">
    <p class='ocr_par' dir='ltr' id='par_1_77' title="bbox 299 4311 1874 4387">
     <span class='ocr_line' id='line_1_77' title="bbox 299 4311 1874 4387; baseline 0.001 -21"><span class='ocrx_word' id='word_1_588' title='bbox 299 4311 457 4367; x_wconf 87' lang='grc' dir='ltr'>τοῦτο</span> <span class='ocrx_word' id='word_1_589' title='bbox 486 4314 594 4386; x_wconf 79' lang='grc' dir='ltr'>γὰρ</span> <span class='ocrx_word' id='word_1_590' title='bbox 619 4314 979 4386; x_wconf 75' lang='grc' dir='ltr'>ἑρμηνεύεται</span> <span class='ocrx_word' id='word_1_591' title='bbox 997 4315 1058 4368; x_wconf 89' lang='grc' dir='ltr'><strong>τὸ</strong></span> <span class='ocrx_word' id='word_1_592' title='bbox 1078 4314 1246 4387; x_wconf 79' lang='grc' dir='ltr'>ὄνομα</span> <span class='ocrx_word' id='word_1_593' title='bbox 1276 4313 1753 4387; x_wconf 86' lang='grc' dir='ltr'>προσαγορευθείς·</span> <span class='ocrx_word' id='word_1_594' title='bbox 1776 4315 1874 4368; x_wconf 81' lang='grc' dir='ltr'><strong>οὐκ</strong></span> 
     </span>
    </p>
   </div>
   <div class='ocr_carea' id='block_1_78' title="bbox 303 4405 1875 4478">
    <p class='ocr_par' dir='ltr' id='par_1_78' title="bbox 303 4405 1875 4478">
     <span class='ocr_line' id='line_1_78' title="bbox 303 4405 1875 4478; baseline 0.002 -20"><span class='ocrx_word' id='word_1_595' title='bbox 303 4405 456 4459; x_wconf 78' lang='grc' dir='ltr'>ἄλλον</span> <span class='ocrx_word' id='word_1_596' title='bbox 476 4405 533 4459; x_wconf 83' lang='grc' dir='ltr'>δὲ</span> <span class='ocrx_word' id='word_1_597' title='bbox 558 4406 686 4460; x_wconf 80' lang='grc' dir='ltr'>ὄντα</span> <span class='ocrx_word' id='word_1_598' title='bbox 717 4406 809 4460; x_wconf 91' lang='grc' dir='ltr'><strong>τοῦ</strong></span> <span class='ocrx_word' id='word_1_599' title='bbox 832 4406 966 4460; x_wconf 90' lang='grc' dir='ltr'>Θεοῦ</span> <span class='ocrx_word' id='word_1_600' title='bbox 991 4408 1165 4476; x_wconf 87' lang='grc' dir='ltr'>Λόγου</span> <span class='ocrx_word' id='word_1_601' title='bbox 1194 4407 1283 4460; x_wconf 88' lang='grc' dir='ltr'><strong>τὸν</strong></span> <span class='ocrx_word' id='word_1_602' title='bbox 1316 4406 1393 4478; x_wconf 82' lang='grc' dir='ltr'><strong>τῷ</strong></span> <span class='ocrx_word' id='word_1_603' title='bbox 1427 4406 1619 4462; x_wconf 81' lang='grc' dir='ltr'>Ἰακὼϐ</span> <span class='ocrx_word' id='word_1_604' title='bbox 1641 4405 1875 4476; x_wconf 78' lang='grc' dir='ltr'>ὀφθέντα</span> 
     </span>
    </p>
   </div>
   <div class='ocr_carea' id='block_1_79' title="bbox 303 4498 1874 4571">
    <p class='ocr_par' dir='ltr' id='par_1_79' title="bbox 303 4498 1874 4571">
     <span class='ocr_line' id='line_1_79' title="bbox 303 4498 1874 4571; baseline 0.002 -20"><span class='ocrx_word' id='word_1_605' title='bbox 303 4500 357 4551; x_wconf 77' lang='grc' dir='ltr'>ἐν</span> <span class='ocrx_word' id='word_1_606' title='bbox 388 4502 501 4563; x_wconf 86' lang='grc' dir='ltr'>τοῖς</span> <span class='ocrx_word' id='word_1_607' title='bbox 547 4498 782 4571; x_wconf 80' lang='grc' dir='ltr'>πρώτοις</span> <span class='ocrx_word' id='word_1_608' title='bbox 821 4499 922 4570; x_wconf 79' lang='grc' dir='ltr'>τῆς</span> <span class='ocrx_word' id='word_1_609' title='bbox 968 4500 1105 4571; x_wconf 83' lang='grc' dir='ltr'>μετὰ</span> <span class='ocrx_word' id='word_1_610' title='bbox 1148 4503 1336 4571; x_wconf 87' lang='grc' dir='ltr'>χεῖρας</span> <span class='ocrx_word' id='word_1_611' title='bbox 1381 4500 1687 4563; x_wconf 82' lang='grc' dir='ltr'>ὑποθέσεως</span> <span class='ocrx_word' id='word_1_612' title='bbox 1733 4516 1874 4571; x_wconf 87' lang='grc' dir='ltr'>παρ-</span> 
     </span>
    </p>
   </div>
   <div class='ocr_carea' id='block_1_80' title="bbox 1977 3308 3558 3383">
    <p class='ocr_par' dir='ltr' id='par_1_80' title="bbox 1977 3308 3558 3383">
     <span class='ocr_line' id='line_1_80' title="bbox 1977 3308 3558 3383; baseline 0.003 -19"><span class='ocrx_word' id='word_1_613' title='bbox 1977 3309 2313 3379; x_wconf 85' lang='lat' dir='ltr'><strong>sepelicrunt</strong></span> <span class='ocrx_word' id='word_1_614' title='bbox 2367 3323 2487 3363; x_wconf 83' lang='lat' dir='ltr'><strong>eam</strong></span> <span class='ocrx_word' id='word_1_615' title='bbox 2517 3308 2573 3362; x_wconf 83' lang='lat' dir='ltr'><strong>in</strong></span> <span class='ocrx_word' id='word_1_616' title='bbox 2617 3309 2980 3380; x_wconf 68' lang='lat' dir='ltr'><strong>hippodromo</strong></span> <span class='ocrx_word' id='word_1_617' title='bbox 3037 3310 3297 3383; x_wconf 86' lang='lat' dir='ltr'><strong>Ephrata,</strong></span> <span class='ocrx_word' id='word_1_618' title='bbox 3331 3313 3558 3369; x_wconf 62' lang='lat' dir='ltr'><strong>haec-est</strong></span> 
     </span>
    </p>
   </div>
   <div class='ocr_carea' id='block_1_81' title="bbox 1974 3398 3557 3472">
    <p class='ocr_par' dir='ltr' id='par_1_81' title="bbox 1974 3398 3557 3472">
     <span class='ocr_line' id='line_1_81' title="bbox 1974 3398 3557 3472; baseline 0.001 -17"><span class='ocrx_word' id='word_1_619' title='bbox 1974 3399 2290 3455; x_wconf 83' lang='lat' dir='ltr'><strong>Bethlehem</strong></span> <span class='ocrx_word' id='word_1_620' title='bbox 2315 3399 2382 3454; x_wconf 82' lang='grc'><strong>⁸⁸.</strong></span> <span class='ocrx_word' id='word_1_621' title='bbox 2474 3398 2587 3452; x_wconf 71' lang='grc' dir='ltr'><strong>»Ει</strong></span> <span class='ocrx_word' id='word_1_622' title='bbox 2634 3403 2891 3471; x_wconf 81' lang='lat' dir='ltr'><strong>superior</strong></span> <span class='ocrx_word' id='word_1_623' title='bbox 2958 3403 3245 3472; x_wconf 85' lang='lat' dir='ltr'><strong>prophetia</strong></span> <span class='ocrx_word' id='word_1_624' title='bbox 3316 3403 3557 3458; x_wconf 81' lang='lat' dir='ltr'><strong>habebat</strong></span> 
     </span>
    </p>
   </div>
   <div class='ocr_carea' id='block_1_82' title="bbox 1979 3489 3554 3564">
    <p class='ocr_par' dir='ltr' id='par_1_82' title="bbox 1979 3489 3554 3564">
     <span class='ocr_line' id='line_1_82' title="bbox 1979 3489 3554 3564; baseline 0.004 -20"><span class='ocrx_word' id='word_1_625' title='bbox 1979 3490 2112 3545; x_wconf 90' lang='lat' dir='ltr'><strong>illud</strong></span> <span class='ocrx_word' id='word_1_626' title='bbox 2137 3508 2149 3544; x_wconf 91' lang='lat'><strong>:</strong></span> <span class='ocrx_word' id='word_1_627' title='bbox 2182 3509 2200 3541; x_wconf 79' lang='grc' dir='ltr'><strong>ι</strong></span> <span class='ocrx_word' id='word_1_628' title='bbox 2223 3489 2291 3544; x_wconf 86' lang='grc' dir='ltr'>Ει</span> <span class='ocrx_word' id='word_1_629' title='bbox 2321 3499 2378 3545; x_wconf 82' lang='lat' dir='ltr'><strong>tu</strong></span> <span class='ocrx_word' id='word_1_630' title='bbox 2404 3489 2717 3546; x_wconf 84' lang='lat' dir='ltr'><strong>Bethlehem</strong></span> <span class='ocrx_word' id='word_1_631' title='bbox 2745 3493 2943 3550; x_wconf 85' lang='lat' dir='ltr'><strong>domus</strong></span> <span class='ocrx_word' id='word_1_632' title='bbox 2966 3493 3258 3564; x_wconf 56' lang='lat' dir='ltr'><strong>Ephrataa</strong></span> <span class='ocrx_word' id='word_1_633' title='bbox 3282 3514 3379 3546; x_wconf 80' lang='grc'><strong>--‹</strong></span> <span class='ocrx_word' id='word_1_634' title='bbox 3396 3495 3554 3559; x_wconf 82' lang='lat' dir='ltr'><strong>Ecce,</strong></span> 
     </span>
    </p>
   </div>
   <div class='ocr_carea' id='block_1_83' title="bbox 1983 3581 3554 3655">
    <p class='ocr_par' dir='ltr' id='par_1_83' title="bbox 1983 3581 3554 3655">
     <span class='ocr_line' id='line_1_83' title="bbox 1983 3581 3554 3655; baseline 0.003 -20"><span class='ocrx_word' id='word_1_635' title='bbox 1983 3581 2185 3650; x_wconf 88' lang='lat' dir='ltr'><strong>inquit,</strong></span> <span class='ocrx_word' id='word_1_636' title='bbox 2237 3581 2550 3636; x_wconf 78' lang='lat' dir='ltr'><strong>audivimus</strong></span> <span class='ocrx_word' id='word_1_637' title='bbox 2582 3596 2701 3636; x_wconf 90' lang='lat' dir='ltr'><strong>eam</strong></span> <span class='ocrx_word' id='word_1_638' title='bbox 2752 3583 2833 3636; x_wconf 62' lang='lat'><strong>3°:</strong></span> <span class='ocrx_word' id='word_1_639' title='bbox 2875 3602 2893 3634; x_wconf 77' lang='grc' dir='ltr'><strong>ι</strong></span> <span class='ocrx_word' id='word_1_640' title='bbox 2923 3592 3141 3640; x_wconf 85' lang='lat' dir='ltr'><strong>constat</strong></span> <span class='ocrx_word' id='word_1_641' title='bbox 3193 3593 3372 3639; x_wconf 83' lang='lat' dir='ltr'><strong>autem</strong></span> <span class='ocrx_word' id='word_1_642' title='bbox 3409 3586 3554 3655; x_wconf 84' lang='lat' dir='ltr'><strong>quod</strong></span> 
     </span>
    </p>
   </div>
   <div class='ocr_carea' id='block_1_84' title="bbox 1975 3671 3554 3747">
    <p class='ocr_par' dir='ltr' id='par_1_84' title="bbox 1975 3671 3554 3747">
     <span class='ocr_line' id='line_1_84' title="bbox 1975 3671 3554 3747; baseline 0.005 -23"><span class='ocrx_word' id='word_1_643' title='bbox 1975 3687 2072 3741; x_wconf 88' lang='lat' dir='ltr'><strong>per</strong></span> <span class='ocrx_word' id='word_1_644' title='bbox 2100 3672 2234 3726; x_wconf 84' lang='lat' dir='ltr'><strong>illud</strong></span> <span class='ocrx_word' id='word_1_645' title='bbox 2276 3687 2399 3726; x_wconf 87' lang='lat' dir='ltr'><strong>eam</strong></span> <span class='ocrx_word' id='word_1_646' title='bbox 2431 3671 2639 3727; x_wconf 89' lang='lat' dir='ltr'><strong>Christi</strong></span> <span class='ocrx_word' id='word_1_647' title='bbox 2669 3673 2939 3742; x_wconf 82' lang='lat' dir='ltr'><strong>originem</strong></span> <span class='ocrx_word' id='word_1_648' title='bbox 2970 3674 3247 3744; x_wconf 75' lang='lat' dir='ltr'><strong>intelligit,</strong></span> <span class='ocrx_word' id='word_1_649' title='bbox 3278 3683 3333 3731; x_wconf 87' lang='lat' dir='ltr'><strong>et</strong></span> <span class='ocrx_word' id='word_1_650' title='bbox 3378 3677 3554 3747; x_wconf 84' lang='lat' dir='ltr'><strong>ipsius</strong></span> 
     </span>
    </p>
   </div>
   <div class='ocr_carea' id='block_1_85' title="bbox 1974 3763 3552 3834">
    <p class='ocr_par' dir='ltr' id='par_1_85' title="bbox 1974 3763 3552 3834">
     <span class='ocr_line' id='line_1_85' title="bbox 1974 3763 3552 3834; baseline 0.004 -17"><span class='ocrx_word' id='word_1_651' title='bbox 1974 3764 2069 3819; x_wconf 88' lang='lat' dir='ltr'><strong>Dei</strong></span> <span class='ocrx_word' id='word_1_652' title='bbox 2092 3763 2283 3827; x_wconf 82' lang='lat' dir='ltr'><strong>Jacob,</strong></span> <span class='ocrx_word' id='word_1_653' title='bbox 2320 3763 2735 3819; x_wconf 85' lang='lat' dir='ltr'><strong>habitationem.</strong></span> <span class='ocrx_word' id='word_1_654' title='bbox 2776 3764 2880 3820; x_wconf 87' lang='lat' dir='ltr'><strong>Sed</strong></span> <span class='ocrx_word' id='word_1_655' title='bbox 2896 3780 3019 3834; x_wconf 68' lang='lat' dir='ltr'><strong>qua:</strong></span> <span class='ocrx_word' id='word_1_656' title='bbox 3047 3768 3263 3820; x_wconf 89' lang='lat' dir='ltr'><strong>tandem</strong></span> <span class='ocrx_word' id='word_1_657' title='bbox 3288 3767 3405 3822; x_wconf 76' lang='lat' dir='ltr'><strong>haec</strong></span> <span class='ocrx_word' id='word_1_658' title='bbox 3434 3767 3552 3824; x_wconf 72' lang='lat' dir='ltr'><strong>{ue</strong></span> 
     </span>
    </p>
   </div>
   <div class='ocr_carea' id='block_1_86' title="bbox 1968 3855 3545 3932">
    <p class='ocr_par' dir='ltr' id='par_1_86' title="bbox 1968 3855 3545 3932">
     <span class='ocr_line' id='line_1_86' title="bbox 1968 3855 3545 3932; baseline 0.002 -19"><span class='ocrx_word' id='word_1_659' title='bbox 1968 3859 2045 3913; x_wconf 78' lang='lat' dir='ltr'><strong>rit</strong></span> <span class='ocrx_word' id='word_1_660' title='bbox 2072 3859 2344 3913; x_wconf 83' lang='lat' dir='ltr'><strong>habitatio</strong></span> <span class='ocrx_word' id='word_1_661' title='bbox 2382 3857 2478 3913; x_wconf 87' lang='lat' dir='ltr'><strong>Dei</strong></span> <span class='ocrx_word' id='word_1_662' title='bbox 2506 3855 2698 3925; x_wconf 77' lang='lat' dir='ltr'><strong>Jaeob,</strong></span> <span class='ocrx_word' id='word_1_663' title='bbox 2730 3858 2839 3913; x_wconf 86' lang='lat' dir='ltr'><strong>nisi</strong></span> <span class='ocrx_word' id='word_1_664' title='bbox 2868 3859 3042 3929; x_wconf 87' lang='lat' dir='ltr'><strong>ipsius</strong></span> <span class='ocrx_word' id='word_1_665' title='bbox 3078 3860 3286 3916; x_wconf 88' lang='lat' dir='ltr'><strong>Christi</strong></span> <span class='ocrx_word' id='word_1_666' title='bbox 3317 3876 3545 3932; x_wconf 89' lang='lat' dir='ltr'><strong>corpus,</strong></span> 
     </span>
    </p>
   </div>
   <div class='ocr_carea' id='block_1_87' title="bbox 1974 3947 3551 4022">
    <p class='ocr_par' dir='ltr' id='par_1_87' title="bbox 1974 3947 3551 4022">
     <span class='ocr_line' id='line_1_87' title="bbox 1974 3947 3551 4022; baseline 0.003 -19"><span class='ocrx_word' id='word_1_667' title='bbox 1974 3950 2121 4021; x_wconf 82' lang='lat' dir='ltr'><strong>quod</strong></span> <span class='ocrx_word' id='word_1_668' title='bbox 2182 3949 2239 4003; x_wconf 93' lang='lat' dir='ltr'><strong>in</strong></span> <span class='ocrx_word' id='word_1_669' title='bbox 2293 3947 2608 4003; x_wconf 86' lang='lat' dir='ltr'><strong>Bethlehem</strong></span> <span class='ocrx_word' id='word_1_670' title='bbox 2652 3955 2846 4001; x_wconf 82' lang='lat' dir='ltr'><strong>natum</strong></span> <span class='ocrx_word' id='word_1_671' title='bbox 2891 3956 2996 4015; x_wconf 85' lang='lat' dir='ltr'><strong>est,</strong></span> <span class='ocrx_word' id='word_1_672' title='bbox 3028 3950 3083 4003; x_wconf 75' lang='lat' dir='ltr'><strong>in</strong></span> <span class='ocrx_word' id='word_1_673' title='bbox 3134 3965 3244 4020; x_wconf 84' lang='lat' dir='ltr'><strong>quo</strong></span> <span class='ocrx_word' id='word_1_674' title='bbox 3288 3960 3551 4022; x_wconf 77' lang='lat' dir='ltr'><strong>tanquam</strong></span> 
     </span>
    </p>
   </div>
   <div class='ocr_carea' id='block_1_88' title="bbox 1973 4037 3549 4101">
    <p class='ocr_par' dir='ltr' id='par_1_88' title="bbox 1973 4037 3549 4101">
     <span class='ocr_line' id='line_1_88' title="bbox 1973 4037 3549 4101; baseline 0.003 -9"><span class='ocrx_word' id='word_1_675' title='bbox 1973 4039 2029 4092; x_wconf 85' lang='lat' dir='ltr'><strong>in</strong></span> <span class='ocrx_word' id='word_1_676' title='bbox 2060 4038 2437 4101; x_wconf 85' lang='lat' dir='ltr'><strong>tabernaculo,</strong></span> <span class='ocrx_word' id='word_1_677' title='bbox 2471 4037 2619 4091; x_wconf 85' lang='lat' dir='ltr'><strong>unici</strong></span> <span class='ocrx_word' id='word_1_678' title='bbox 2653 4037 2747 4091; x_wconf 87' lang='lat' dir='ltr'><strong>ﬁlii</strong></span> <span class='ocrx_word' id='word_1_679' title='bbox 2776 4037 3043 4093; x_wconf 73' lang='lat' dir='ltr'><strong>divinitas</strong></span> <span class='ocrx_word' id='word_1_680' title='bbox 3076 4040 3383 4096; x_wconf 76' lang='lat' dir='ltr'><strong>habitavit?</strong></span> <span class='ocrx_word' id='word_1_681' title='bbox 3435 4041 3549 4098; x_wconf 75' lang='lat' dir='ltr'><strong>Ca.-</strong></span> 
     </span>
    </p>
   </div>
   <div class='ocr_carea' id='block_1_89' title="bbox 1982 4126 3550 4199">
    <p class='ocr_par' dir='ltr' id='par_1_89' title="bbox 1982 4126 3550 4199">
     <span class='ocr_line' id='line_1_89' title="bbox 1982 4126 3550 4199; baseline 0.004 -16"><span class='ocrx_word' id='word_1_682' title='bbox 1982 4139 2163 4184; x_wconf 82' lang='lat' dir='ltr'><strong>terum</strong></span> <span class='ocrx_word' id='word_1_683' title='bbox 2214 4144 2324 4183; x_wconf 85' lang='lat' dir='ltr'><strong>non</strong></span> <span class='ocrx_word' id='word_1_684' title='bbox 2383 4128 2709 4199; x_wconf 88' lang='lat' dir='ltr'><strong>simpliciter</strong></span> <span class='ocrx_word' id='word_1_685' title='bbox 2744 4126 2869 4189; x_wconf 85' lang='lat' dir='ltr'><strong>Dei,</strong></span> <span class='ocrx_word' id='word_1_686' title='bbox 2921 4131 3015 4186; x_wconf 85' lang='lat' dir='ltr'><strong>sed</strong></span> <span class='ocrx_word' id='word_1_687' title='bbox 3070 4146 3198 4186; x_wconf 78' lang='lat' dir='ltr'><strong>cum</strong></span> <span class='ocrx_word' id='word_1_688' title='bbox 3251 4133 3550 4194; x_wconf 85' lang='lat' dir='ltr'><strong>additione,</strong></span> 
     </span>
    </p>
   </div>
   <div class='ocr_carea' id='block_1_90' title="bbox 1981 4220 3553 4294">
    <p class='ocr_par' dir='ltr' id='par_1_90' title="bbox 1981 4220 3553 4294">
     <span class='ocr_line' id='line_1_90' title="bbox 1981 4220 3553 4294; baseline 0.002 -20"><span class='ocrx_word' id='word_1_689' title='bbox 1981 4241 1999 4274; x_wconf 75' lang='grc' dir='ltr'><strong>ι</strong></span> <span class='ocrx_word' id='word_1_690' title='bbox 2024 4221 2119 4276; x_wconf 85' lang='lat' dir='ltr'><strong>Dei</strong></span> <span class='ocrx_word' id='word_1_691' title='bbox 2143 4220 2372 4276; x_wconf 66' lang='lat' dir='ltr'><strong>Iacob“</strong></span> <span class='ocrx_word' id='word_1_692' title='bbox 2411 4239 2430 4270; x_wconf 75' lang='grc' dir='ltr'><strong>ι</strong></span> <span class='ocrx_word' id='word_1_693' title='bbox 2460 4220 2877 4275; x_wconf 83' lang='lat' dir='ltr'><strong>tabernaculum</strong></span> <span class='ocrx_word' id='word_1_694' title='bbox 2906 4237 3030 4277; x_wconf 85' lang='lat' dir='ltr'><strong>esse</strong></span> <span class='ocrx_word' id='word_1_695' title='bbox 3044 4222 3266 4287; x_wconf 73' lang='lat' dir='ltr'><strong>dicitur,</strong></span> <span class='ocrx_word' id='word_1_696' title='bbox 3301 4230 3553 4294; x_wconf 78' lang='lat' dir='ltr'><strong>propter-</strong></span> 
     </span>
    </p>
   </div>
   <div class='ocr_carea' id='block_1_91' title="bbox 1975 4310 3551 4383">
    <p class='ocr_par' dir='ltr' id='par_1_91' title="bbox 1975 4310 3551 4383">
     <span class='ocr_line' id='line_1_91' title="bbox 1975 4310 3551 4383; baseline 0.001 -15"><span class='ocrx_word' id='word_1_697' title='bbox 1975 4328 2039 4368; x_wconf 86' lang='lat' dir='ltr'><strong>ea</strong></span> <span class='ocrx_word' id='word_1_698' title='bbox 2090 4311 2234 4383; x_wconf 87' lang='lat' dir='ltr'><strong>quod</strong></span> <span class='ocrx_word' id='word_1_699' title='bbox 2266 4328 2378 4367; x_wconf 82' lang='lat' dir='ltr'><strong>non</strong></span> <span class='ocrx_word' id='word_1_700' title='bbox 2418 4310 2572 4367; x_wconf 85' lang='lat' dir='ltr'><strong>aliud</strong></span> <span class='ocrx_word' id='word_1_701' title='bbox 2616 4312 2687 4367; x_wconf 86' lang='lat' dir='ltr'><strong>sit</strong></span> <span class='ocrx_word' id='word_1_702' title='bbox 2717 4313 3016 4383; x_wconf 80' lang='lat' dir='ltr'><strong>quidquam</strong></span> <span class='ocrx_word' id='word_1_703' title='bbox 3050 4315 3196 4383; x_wconf 82' lang='lat' dir='ltr'><strong>quod</strong></span> <span class='ocrx_word' id='word_1_704' title='bbox 3230 4316 3284 4370; x_wconf 87' lang='lat' dir='ltr'><strong>in</strong></span> <span class='ocrx_word' id='word_1_705' title='bbox 3325 4316 3419 4369; x_wconf 83' lang='lat' dir='ltr'><strong>illo</strong></span> <span class='ocrx_word' id='word_1_706' title='bbox 3448 4315 3551 4369; x_wconf 83' lang='lat' dir='ltr'><strong>ha-</strong></span> 
     </span>
    </p>
   </div>
   <div class='ocr_carea' id='block_1_92' title="bbox 1975 4401 3550 4475">
    <p class='ocr_par' dir='ltr' id='par_1_92' title="bbox 1975 4401 3550 4475">
     <span class='ocr_line' id='line_1_92' title="bbox 1975 4401 3550 4475; baseline 0.001 -15"><span class='ocrx_word' id='word_1_707' title='bbox 1975 4405 2131 4469; x_wconf 90' lang='lat' dir='ltr'><strong>bitet,</strong></span> <span class='ocrx_word' id='word_1_708' title='bbox 2170 4419 2332 4475; x_wconf 88' lang='lat' dir='ltr'><strong>quam</strong></span> <span class='ocrx_word' id='word_1_709' title='bbox 2366 4404 2414 4459; x_wconf 91' lang='lat' dir='ltr'><strong>is</strong></span> <span class='ocrx_word' id='word_1_710' title='bbox 2440 4401 2586 4459; x_wconf 89' lang='lat' dir='ltr'><strong>Deus</strong></span> <span class='ocrx_word' id='word_1_711' title='bbox 2614 4406 2708 4475; x_wconf 84' lang='lat' dir='ltr'><strong>qui</strong></span> <span class='ocrx_word' id='word_1_712' title='bbox 2748 4404 2853 4475; x_wconf 82' lang='lat' dir='ltr'><strong>ipsi</strong></span> <span class='ocrx_word' id='word_1_713' title='bbox 2879 4404 3049 4461; x_wconf 85' lang='lat' dir='ltr'><strong>Jacob</strong></span> <span class='ocrx_word' id='word_1_714' title='bbox 3076 4406 3130 4460; x_wconf 93' lang='lat' dir='ltr'><strong>in</strong></span> <span class='ocrx_word' id='word_1_715' title='bbox 3161 4405 3400 4461; x_wconf 88' lang='lat' dir='ltr'><strong>hominis</strong></span> <span class='ocrx_word' id='word_1_716' title='bbox 3427 4421 3550 4475; x_wconf 88' lang='lat' dir='ltr'><strong>spe-</strong></span> 
     </span>
    </p>
   </div>
   <div class='ocr_carea' id='block_1_93' title="bbox 1976 4497 3549 4569">
    <p class='ocr_par' dir='ltr' id='par_1_93' title="bbox 1976 4497 3549 4569">
     <span class='ocr_line' id='line_1_93' title="bbox 1976 4497 3549 4569; baseline 0.001 -17"><span class='ocrx_word' id='word_1_717' title='bbox 1976 4499 2060 4553; x_wconf 84' lang='lat' dir='ltr'><strong>cie</strong></span> <span class='ocrx_word' id='word_1_718' title='bbox 2089 4513 2155 4553; x_wconf 87' lang='lat' dir='ltr'><strong>ac</strong></span> <span class='ocrx_word' id='word_1_719' title='bbox 2189 4497 2360 4568; x_wconf 89' lang='lat' dir='ltr'><strong>ﬁgura</strong></span> <span class='ocrx_word' id='word_1_720' title='bbox 2391 4497 2464 4552; x_wconf 84' lang='lat' dir='ltr'><strong>sit</strong></span> <span class='ocrx_word' id='word_1_721' title='bbox 2489 4498 2662 4552; x_wconf 81' lang='lat' dir='ltr'><strong>visus.</strong></span> <span class='ocrx_word' id='word_1_722' title='bbox 2696 4498 2870 4568; x_wconf 82' lang='lat' dir='ltr'><strong>Cujus</strong></span> <span class='ocrx_word' id='word_1_723' title='bbox 2896 4499 3231 4569; x_wconf 80' lang='lat' dir='ltr'><strong>sanegratia</strong></span> <span class='ocrx_word' id='word_1_724' title='bbox 3260 4499 3354 4553; x_wconf 89' lang='lat' dir='ltr'><strong>illo</strong></span> <span class='ocrx_word' id='word_1_725' title='bbox 3384 4501 3549 4553; x_wconf 79' lang='lat' dir='ltr'><strong>etiam</strong></span> 
     </span>
    </p>
   </div>
   <div class='ocr_carea' id='block_1_94' title="bbox 303 4587 1889 4663">
    <p class='ocr_par' dir='ltr' id='par_1_94' title="bbox 303 4590 1870 4663">
     <span class='ocr_line' id='line_1_94' title="bbox 303 4590 1870 4663; baseline 0.001 -21"><span class='ocrx_word' id='word_1_726' title='bbox 303 4592 630 4663; x_wconf 85' lang='grc' dir='ltr'>εστήσαμεν.</span> <span class='ocrx_word' id='word_1_727' title='bbox 677 4590 917 4663; x_wconf 85' lang='grc' dir='ltr'>Ἑδείχθη</span> <span class='ocrx_word' id='word_1_728' title='bbox 948 4591 1234 4663; x_wconf 86' lang='grc' dir='ltr'>τοιγαροῦν</span> <span class='ocrx_word' id='word_1_729' title='bbox 1267 4592 1345 4663; x_wconf 87' lang='grc' dir='ltr'>τῷ</span> <span class='ocrx_word' id='word_1_730' title='bbox 1375 4593 1540 4647; x_wconf 70' lang='grc' dir='ltr'>Δαϐὶδ</span> <span class='ocrx_word' id='word_1_731' title='bbox 1569 4592 1870 4663; x_wconf 78' lang='grc' dir='ltr'>εὐξαμένῳ,</span> 
     </span>
    </p>
   </div>
   <div class='ocr_carea' id='block_1_95' title="bbox 1979 4587 3552 4663">
    <p class='ocr_par' dir='ltr' id='par_1_95' title="bbox 1979 4587 3552 4660">
     <span class='ocr_line' id='line_1_95' title="bbox 1979 4587 3552 4660; baseline -0.001 -15"><span class='ocrx_word' id='word_1_732' title='bbox 1979 4589 2305 4660; x_wconf 85' lang='lat' dir='ltr'><strong>cognomine</strong></span> <span class='ocrx_word' id='word_1_733' title='bbox 2362 4587 2527 4644; x_wconf 87' lang='lat' dir='ltr'><strong>Israel</strong></span> <span class='ocrx_word' id='word_1_734' title='bbox 2553 4589 2754 4659; x_wconf 76' lang='lat' dir='ltr'><strong>dignus</strong></span> <span class='ocrx_word' id='word_1_735' title='bbox 2801 4597 2885 4645; x_wconf 85' lang='lat' dir='ltr'><strong>est</strong></span> <span class='ocrx_word' id='word_1_736' title='bbox 2937 4590 3176 4658; x_wconf 85' lang='lat' dir='ltr'><strong>habitus,</strong></span> <span class='ocrx_word' id='word_1_737' title='bbox 3213 4599 3471 4659; x_wconf 71' lang='lat' dir='ltr'><strong>tanquam</strong></span> <span class='ocrx_word' id='word_1_738' title='bbox 3503 4592 3552 4645; x_wconf 88' lang='lat' dir='ltr'><strong>is</strong></span> 
     </span>
    </p>
   </div>
   <div class='ocr_carea' id='block_1_96' title="bbox 302 4681 1871 4754">
    <p class='ocr_par' dir='ltr' id='par_1_96' title="bbox 302 4681 1871 4754">
     <span class='ocr_line' id='line_1_96' title="bbox 302 4681 1871 4754; baseline 0 -17"><span class='ocrx_word' id='word_1_739' title='bbox 302 4682 395 4737; x_wconf 68' lang='grc' dir='ltr'><strong>καὶ</strong></span> <span class='ocrx_word' id='word_1_740' title='bbox 428 4682 725 4754; x_wconf 81' lang='grc' dir='ltr'>ποθήσαντι</span> <span class='ocrx_word' id='word_1_741' title='bbox 749 4681 840 4736; x_wconf 90' lang='grc' dir='ltr'><strong>τοῦ</strong></span> <span class='ocrx_word' id='word_1_742' title='bbox 864 4682 1069 4754; x_wconf 87' lang='grc' dir='ltr'>Κυρίου</span> <span class='ocrx_word' id='word_1_743' title='bbox 1094 4685 1188 4736; x_wconf 80' lang='grc' dir='ltr'>καὶ</span> <span class='ocrx_word' id='word_1_744' title='bbox 1210 4683 1342 4736; x_wconf 87' lang='grc' dir='ltr'>Θεοῦ</span> <span class='ocrx_word' id='word_1_745' title='bbox 1378 4683 1571 4738; x_wconf 83' lang='grc' dir='ltr'>Ἰακὼϐ</span> <span class='ocrx_word' id='word_1_746' title='bbox 1592 4683 1684 4739; x_wconf 84' lang='grc' dir='ltr'><strong>τὸν</strong></span> <span class='ocrx_word' id='word_1_747' title='bbox 1708 4685 1871 4738; x_wconf 89' lang='grc' dir='ltr'>τόπον</span> 
     </span>
    </p>
   </div>
   <div class='ocr_carea' id='block_1_97' title="bbox 304 4772 1870 4846">
    <p class='ocr_par' dir='ltr' id='par_1_97' title="bbox 304 4772 1870 4846">
     <span class='ocr_line' id='line_1_97' title="bbox 304 4772 1870 4846; baseline 0.001 -19"><span class='ocrx_word' id='word_1_748' title='bbox 304 4773 396 4827; x_wconf 75' lang='grc' dir='ltr'><strong>καὶ</strong></span> <span class='ocrx_word' id='word_1_749' title='bbox 433 4772 495 4827; x_wconf 89' lang='grc' dir='ltr'><strong>τὸ</strong></span> <span class='ocrx_word' id='word_1_750' title='bbox 535 4775 798 4846; x_wconf 85' lang='grc' dir='ltr'>σκήνωμα</span> <span class='ocrx_word' id='word_1_751' title='bbox 831 4773 1031 4846; x_wconf 83' lang='grc' dir='ltr'>εὑρεῖν,</span> <span class='ocrx_word' id='word_1_752' title='bbox 1075 4775 1103 4826; x_wconf 89' lang='grc' dir='ltr'>ὁ</span> <span class='ocrx_word' id='word_1_753' title='bbox 1134 4775 1225 4827; x_wconf 75' lang='grc' dir='ltr'><strong>ἐπὶ</strong></span> <span class='ocrx_word' id='word_1_754' title='bbox 1268 4773 1368 4844; x_wconf 83' lang='grc' dir='ltr'>τῆς</span> <span class='ocrx_word' id='word_1_755' title='bbox 1400 4773 1644 4845; x_wconf 84' lang='grc' dir='ltr'>Βηθλεὲμ</span> <span class='ocrx_word' id='word_1_756' title='bbox 1687 4775 1870 4839; x_wconf 87' lang='grc' dir='ltr'>τόπος·</span> 
     </span>
    </p>
   </div>
   <div class='ocr_carea' id='block_1_98' title="bbox 303 4863 1865 4937">
    <p class='ocr_par' dir='ltr' id='par_1_98' title="bbox 303 4863 1865 4937">
     <span class='ocr_line' id='line_1_98' title="bbox 303 4863 1865 4937; baseline 0.001 -18"><span class='ocrx_word' id='word_1_757' title='bbox 303 4865 489 4936; x_wconf 82' lang='grc' dir='ltr'>διόπερ</span> <span class='ocrx_word' id='word_1_758' title='bbox 516 4863 707 4930; x_wconf 77' lang='grc' dir='ltr'>εἰπὼν,</span> <span class='ocrx_word' id='word_1_759' title='bbox 736 4884 753 4917; x_wconf 77' lang='grc' dir='ltr'><strong>ι</strong></span> <span class='ocrx_word' id='word_1_760' title='bbox 792 4866 920 4919; x_wconf 79' lang='grc' dir='ltr'>Ἰδοὺ</span> <span class='ocrx_word' id='word_1_761' title='bbox 943 4865 1254 4937; x_wconf 75' lang='grc' dir='ltr'>ἠκούσαμεν</span> <span class='ocrx_word' id='word_1_762' title='bbox 1274 4864 1441 4937; x_wconf 75' lang='grc' dir='ltr'>αὐτὴν</span> <span class='ocrx_word' id='word_1_763' title='bbox 1470 4866 1528 4918; x_wconf 82' lang='grc' dir='ltr'>ὲν</span> <span class='ocrx_word' id='word_1_764' title='bbox 1559 4866 1819 4937; x_wconf 81' lang='grc' dir='ltr'>Ἑφραθὰ,</span> <span class='ocrx_word' id='word_1_765' title='bbox 1847 4887 1865 4921; x_wconf 83' lang='grc' dir='ltr'><strong>ι</strong></span> 
     </span>
    </p>
   </div>
   <div class='ocr_carea' id='block_1_99' title="bbox 304 4951 1870 5032">
    <p class='ocr_par' dir='ltr' id='par_1_99' title="bbox 304 4951 1870 5032">
     <span class='ocr_line' id='line_1_99' title="bbox 304 4951 1870 5032; baseline 0.002 -21"><span class='ocrx_word' id='word_1_766' title='bbox 304 4959 551 5032; x_wconf 66' lang='grc' dir='ltr'>ἐπιφέρει</span> <span class='ocrx_word' id='word_1_767' title='bbox 583 4957 775 5026; x_wconf 78' lang='grc' dir='ltr'>λέγων’</span> <span class='ocrx_word' id='word_1_768' title='bbox 816 4977 834 5007; x_wconf 77' lang='grc' dir='ltr'><strong>ι</strong></span> <span class='ocrx_word' id='word_1_769' title='bbox 858 4958 1329 5029; x_wconf 80' lang='grc' dir='ltr'>Προσκυνήσωμεν</span> <span class='ocrx_word' id='word_1_770' title='bbox 1361 4960 1440 5021; x_wconf 87' lang='grc' dir='ltr'><strong>είς</strong></span> <span class='ocrx_word' id='word_1_771' title='bbox 1473 4959 1561 5011; x_wconf 90' lang='grc' dir='ltr'><strong>τὸν</strong></span> <span class='ocrx_word' id='word_1_772' title='bbox 1594 4958 1759 5012; x_wconf 88' lang='grc' dir='ltr'>τόπον</span> <span class='ocrx_word' id='word_1_773' title='bbox 1809 4951 1870 5014; x_wconf 78' lang='grc' dir='ltr'><strong>οῦ</strong></span> 
     </span>
    </p>
   </div>
   <div class='ocr_carea' id='block_1_100' title="bbox 300 5047 1873 5121">
    <p class='ocr_par' dir='ltr' id='par_1_100' title="bbox 300 5047 1873 5121">
     <span class='ocr_line' id='line_1_100' title="bbox 300 5047 1873 5121; baseline 0.002 -20"><span class='ocrx_word' id='word_1_774' title='bbox 300 5047 533 5118; x_wconf 70' lang='grc' dir='ltr'>ἔστησαν</span> <span class='ocrx_word' id='word_1_775' title='bbox 573 5050 622 5100; x_wconf 92' lang='grc' dir='ltr'><strong>οί</strong></span> <span class='ocrx_word' id='word_1_776' title='bbox 663 5048 821 5111; x_wconf 86' lang='grc' dir='ltr'>πόδες</span> <span class='ocrx_word' id='word_1_777' title='bbox 850 5047 1031 5102; x_wconf 83' lang='grc' dir='ltr'>αὑτοῦ.</span> <span class='ocrx_word' id='word_1_778' title='bbox 1064 5068 1082 5100; x_wconf 74' lang='grc' dir='ltr'><strong>ι</strong></span> <span class='ocrx_word' id='word_1_779' title='bbox 1114 5047 1307 5118; x_wconf 83' lang='grc' dir='ltr'>Σαφῶς</span> <span class='ocrx_word' id='word_1_780' title='bbox 1346 5048 1634 5121; x_wconf 79' lang='grc' dir='ltr'>τοιγαροῦν</span> <span class='ocrx_word' id='word_1_781' title='bbox 1681 5051 1774 5103; x_wconf 77' lang='grc' dir='ltr'><strong>καὶ</strong></span> <span class='ocrx_word' id='word_1_782' title='bbox 1814 5052 1873 5105; x_wconf 83' lang='grc' dir='ltr'>ἐν</span> 
     </span>
    </p>
   </div>
   <div class='ocr_carea' id='block_1_101' title="bbox 302 5136 1873 5210">
    <p class='ocr_par' dir='ltr' id='par_1_101' title="bbox 302 5136 1873 5210">
     <span class='ocr_line' id='line_1_101' title="bbox 302 5136 1873 5210; baseline 0.002 -19"><span class='ocrx_word' id='word_1_783' title='bbox 302 5136 509 5202; x_wconf 79' lang='grc' dir='ltr'>τούτοις</span> <span class='ocrx_word' id='word_1_784' title='bbox 535 5139 594 5191; x_wconf 82' lang='grc' dir='ltr'>ὲν</span> <span class='ocrx_word' id='word_1_785' title='bbox 624 5140 689 5208; x_wconf 81' lang='grc' dir='ltr'>τῇ</span> <span class='ocrx_word' id='word_1_786' title='bbox 726 5137 994 5210; x_wconf 77' lang='grc' dir='ltr'>Ἐφραθὰ,</span> <span class='ocrx_word' id='word_1_787' title='bbox 1023 5138 1144 5208; x_wconf 80' lang='grc' dir='ltr'>ἥτις</span> <span class='ocrx_word' id='word_1_788' title='bbox 1177 5138 1325 5192; x_wconf 74' lang='grc' dir='ltr'>ἐστὶν</span> <span class='ocrx_word' id='word_1_789' title='bbox 1361 5140 1394 5210; x_wconf 86' lang='grc' dir='ltr'><strong>ή</strong></span> <span class='ocrx_word' id='word_1_790' title='bbox 1418 5138 1686 5210; x_wconf 78' lang='grc' dir='ltr'>Βηθλεὲμ,</span> <span class='ocrx_word' id='word_1_791' title='bbox 1711 5139 1873 5206; x_wconf 78' lang='grc' dir='ltr'>αὐτὸς</span> 
     </span>
    </p>
   </div>
   <div class='ocr_carea' id='block_1_102' title="bbox 303 5227 1875 5302">
    <p class='ocr_par' dir='ltr' id='par_1_102' title="bbox 303 5227 1875 5302">
     <span class='ocr_line' id='line_1_102' title="bbox 303 5227 1875 5302; baseline 0.003 -21"><span class='ocrx_word' id='word_1_792' title='bbox 303 5229 332 5281; x_wconf 83' lang='grc' dir='ltr'>ὀ</span> <span class='ocrx_word' id='word_1_793' title='bbox 361 5227 563 5300; x_wconf 85' lang='grc' dir='ltr'>Κύριος</span> <span class='ocrx_word' id='word_1_794' title='bbox 585 5229 680 5281; x_wconf 81' lang='grc' dir='ltr'><strong>καὶ</strong></span> <span class='ocrx_word' id='word_1_795' title='bbox 710 5227 841 5292; x_wconf 85' lang='grc' dir='ltr'>Θεὸς</span> <span class='ocrx_word' id='word_1_796' title='bbox 875 5227 1069 5281; x_wconf 86' lang='grc' dir='ltr'>Ἰακὼϐ</span> <span class='ocrx_word' id='word_1_797' title='bbox 1099 5227 1260 5281; x_wconf 88' lang='grc' dir='ltr'>τόπον</span> <span class='ocrx_word' id='word_1_798' title='bbox 1291 5227 1465 5298; x_wconf 77' lang='grc' dir='ltr'>ἐαυτῷ</span> <span class='ocrx_word' id='word_1_799' title='bbox 1489 5229 1582 5282; x_wconf 75' lang='grc' dir='ltr'><strong>καὶ</strong></span> <span class='ocrx_word' id='word_1_800' title='bbox 1610 5231 1875 5302; x_wconf 85' lang='grc' dir='ltr'>σκήνωμα</span> 
     </span>
    </p>
   </div>
   <div class='ocr_carea' id='block_1_103' title="bbox 307 5318 1870 5393">
    <p class='ocr_par' dir='ltr' id='par_1_103' title="bbox 307 5318 1870 5393">
     <span class='ocr_line' id='line_1_103' title="bbox 307 5318 1870 5393; baseline 0.003 -22"><span class='ocrx_word' id='word_1_801' title='bbox 307 5318 662 5393; x_wconf 82' lang='grc' dir='ltr'>συστήσεσθαι</span> <span class='ocrx_word' id='word_1_802' title='bbox 684 5319 1103 5391; x_wconf 84' lang='grc' dir='ltr'>προεφητεύετο,</span> <span class='ocrx_word' id='word_1_803' title='bbox 1127 5319 1421 5390; x_wconf 81' lang='grc' dir='ltr'>ὁμοφώνως</span> <span class='ocrx_word' id='word_1_804' title='bbox 1440 5322 1504 5391; x_wconf 81' lang='grc' dir='ltr'><strong>τῇ</strong></span> <span class='ocrx_word' id='word_1_805' title='bbox 1529 5320 1620 5374; x_wconf 88' lang='grc' dir='ltr'><strong>τοῦ</strong></span> <span class='ocrx_word' id='word_1_806' title='bbox 1639 5322 1870 5392; x_wconf 87' lang='grc' dir='ltr'>Μιχαίου</span> 
     </span>
    </p>
   </div>
   <div class='ocr_carea' id='block_1_104' title="bbox 308 5408 1870 5485">
    <p class='ocr_par' dir='ltr' id='par_1_104' title="bbox 308 5408 1870 5485">
     <span class='ocr_line' id='line_1_104' title="bbox 308 5408 1870 5485; baseline 0.002 -20"><span class='ocrx_word' id='word_1_807' title='bbox 308 5413 606 5485; x_wconf 78' lang='grc' dir='ltr'>προφητείᾳ</span> <span class='ocrx_word' id='word_1_808' title='bbox 651 5412 900 5484; x_wconf 75' lang='grc' dir='ltr'>φησάση·</span> <span class='ocrx_word' id='word_1_809' title='bbox 960 5431 978 5464; x_wconf 75' lang='grc' dir='ltr'><strong>ι</strong></span> <span class='ocrx_word' id='word_1_810' title='bbox 1006 5412 1118 5466; x_wconf 75' lang='grc' dir='ltr'><strong>Καὶ</strong></span> <span class='ocrx_word' id='word_1_811' title='bbox 1163 5412 1249 5476; x_wconf 83' lang='grc' dir='ltr'>σὺ,</span> <span class='ocrx_word' id='word_1_812' title='bbox 1308 5411 1553 5484; x_wconf 87' lang='grc' dir='ltr'>Βηθλεὲμ</span> <span class='ocrx_word' id='word_1_813' title='bbox 1589 5408 1733 5477; x_wconf 79' lang='grc' dir='ltr'>οἶκος</span> <span class='ocrx_word' id='word_1_814' title='bbox 1777 5414 1870 5468; x_wconf 87' lang='grc' dir='ltr'><strong>τοῦ</strong></span> 
     </span>
    </p>
   </div>
   <div class='ocr_carea' id='block_1_105' title="bbox 319 5502 1871 5578">
    <p class='ocr_par' dir='ltr' id='par_1_105' title="bbox 319 5502 1871 5578">
     <span class='ocr_line' id='line_1_105' title="bbox 319 5502 1871 5578; baseline 0.001 -19"><span class='ocrx_word' id='word_1_815' title='bbox 319 5505 577 5577; x_wconf 77' lang='grc' dir='ltr'>Ἐφραθὰ,</span> <span class='ocrx_word' id='word_1_816' title='bbox 612 5508 677 5560; x_wconf 78' lang='grc' dir='ltr'>ἐκ</span> <span class='ocrx_word' id='word_1_817' title='bbox 707 5506 800 5559; x_wconf 91' lang='grc' dir='ltr'><strong>σοῦ</strong></span> <span class='ocrx_word' id='word_1_818' title='bbox 838 5523 925 5578; x_wconf 88' lang='grc' dir='ltr'><strong>μοι</strong></span> <span class='ocrx_word' id='word_1_819' title='bbox 959 5504 1296 5573; x_wconf 75' lang='grc' dir='ltr'>ἐξελεύσεται</span> <span class='ocrx_word' id='word_1_820' title='bbox 1337 5502 1654 5578; x_wconf 78' lang='grc' dir='ltr'>ἡγούμενος,</span> <span class='ocrx_word' id='word_1_821' title='bbox 1693 5509 1785 5561; x_wconf 78' lang='grc' dir='ltr'>καὶ</span> <span class='ocrx_word' id='word_1_822' title='bbox 1811 5508 1871 5563; x_wconf 83' lang='grc' dir='ltr'>αί</span> 
     </span>
    </p>
   </div>
   <div class='ocr_carea' id='block_1_106' title="bbox 310 5596 1873 5672">
    <p class='ocr_par' dir='ltr' id='par_1_106' title="bbox 310 5596 1873 5672">
     <span class='ocr_line' id='line_1_106' title="bbox 310 5596 1873 5672; baseline 0.004 -24"><span class='ocrx_word' id='word_1_823' title='bbox 310 5597 471 5663; x_wconf 75' lang='grc' dir='ltr'>ίξοδοι</span> <span class='ocrx_word' id='word_1_824' title='bbox 515 5596 678 5653; x_wconf 82' lang='grc' dir='ltr'>αὐτοῦ</span> <span class='ocrx_word' id='word_1_825' title='bbox 712 5599 806 5653; x_wconf 80' lang='grc' dir='ltr'><strong>ἀπ’</strong></span> <span class='ocrx_word' id='word_1_826' title='bbox 844 5598 1019 5671; x_wconf 79' lang='grc' dir='ltr'>ἀρχῆς</span> <span class='ocrx_word' id='word_1_827' title='bbox 1049 5598 1109 5664; x_wconf 74' lang='grc' dir='ltr'>ἐξ</span> <span class='ocrx_word' id='word_1_828' title='bbox 1145 5598 1367 5672; x_wconf 80' lang='grc' dir='ltr'>ἡμερῶν</span> <span class='ocrx_word' id='word_1_829' title='bbox 1404 5599 1616 5663; x_wconf 72' lang='grc' dir='ltr'>αἰῶνος*</span> <span class='ocrx_word' id='word_1_830' title='bbox 1675 5619 1694 5652; x_wconf 85' lang='grc'><strong>›</strong></span> <span class='ocrx_word' id='word_1_831' title='bbox 1728 5599 1873 5672; x_wconf 71' lang='grc' dir='ltr'>ἅπερ</span> 
     </span>
    </p>
   </div>
   <div class='ocr_carea' id='block_1_107' title="bbox 1977 4680 3545 4753">
    <p class='ocr_par' dir='ltr' id='par_1_107' title="bbox 1977 4680 3545 4753">
     <span class='ocr_line' id='line_1_107' title="bbox 1977 4680 3545 4753; baseline -0.001 -19"><span class='ocrx_word' id='word_1_832' title='bbox 1977 4682 2071 4753; x_wconf 90' lang='lat' dir='ltr'><strong>qui</strong></span> <span class='ocrx_word' id='word_1_833' title='bbox 2105 4681 2274 4736; x_wconf 86' lang='lat' dir='ltr'><strong>Deum</strong></span> <span class='ocrx_word' id='word_1_834' title='bbox 2305 4681 2538 4747; x_wconf 81' lang='lat' dir='ltr'><strong>viderit;</strong></span> <span class='ocrx_word' id='word_1_835' title='bbox 2572 4696 2698 4734; x_wconf 82' lang='lat' dir='ltr'><strong>nam</strong></span> <span class='ocrx_word' id='word_1_836' title='bbox 2747 4680 2801 4735; x_wconf 90' lang='lat' dir='ltr'><strong>id</strong></span> <span class='ocrx_word' id='word_1_837' title='bbox 2831 4696 3030 4736; x_wconf 81' lang='lat' dir='ltr'><strong>nomen</strong></span> <span class='ocrx_word' id='word_1_838' title='bbox 3058 4681 3105 4737; x_wconf 84' lang='lat' dir='ltr'><strong>si</strong></span> <span class='ocrx_word' id='word_1_839' title='bbox 3147 4680 3545 4751; x_wconf 80' lang='lat' dir='ltr'><strong>interpreteris,</strong></span> 
     </span>
    </p>
   </div>
   <div class='ocr_carea' id='block_1_108' title="bbox 1976 4771 3548 4846">
    <p class='ocr_par' dir='ltr' id='par_1_108' title="bbox 1976 4771 3548 4846">
     <span class='ocr_line' id='line_1_108' title="bbox 1976 4771 3548 4846; baseline -0.003 -16"><span class='ocrx_word' id='word_1_840' title='bbox 1976 4790 2124 4837; x_wconf 87' lang='lat' dir='ltr'><strong>eum,</strong></span> <span class='ocrx_word' id='word_1_841' title='bbox 2160 4775 2248 4846; x_wconf 82' lang='lat' dir='ltr'><strong>qui</strong></span> <span class='ocrx_word' id='word_1_842' title='bbox 2284 4772 2447 4827; x_wconf 82' lang='lat' dir='ltr'><strong>Deum</strong></span> <span class='ocrx_word' id='word_1_843' title='bbox 2496 4772 2692 4835; x_wconf 81' lang='lat' dir='ltr'><strong>videat,</strong></span> <span class='ocrx_word' id='word_1_844' title='bbox 2746 4773 3008 4828; x_wconf 76' lang='lat' dir='ltr'><strong>habebis:</strong></span> <span class='ocrx_word' id='word_1_845' title='bbox 3060 4771 3210 4843; x_wconf 77' lang='lat' dir='ltr'><strong>quod</strong></span> <span class='ocrx_word' id='word_1_846' title='bbox 3265 4787 3398 4826; x_wconf 71' lang='lat' dir='ltr'><strong>vero</strong></span> <span class='ocrx_word' id='word_1_847' title='bbox 3437 4786 3548 4826; x_wconf 86' lang='lat' dir='ltr'><strong>non</strong></span> 
     </span>
    </p>
   </div>
   <div class='ocr_carea' id='block_1_109' title="bbox 1977 4863 3549 4937">
    <p class='ocr_par' dir='ltr' id='par_1_109' title="bbox 1977 4863 3549 4937">
     <span class='ocr_line' id='line_1_109' title="bbox 1977 4863 3549 4937; baseline -0.001 -16"><span class='ocrx_word' id='word_1_848' title='bbox 1977 4868 2121 4921; x_wconf 86' lang='lat' dir='ltr'><strong>alius</strong></span> <span class='ocrx_word' id='word_1_849' title='bbox 2150 4866 2222 4921; x_wconf 89' lang='lat' dir='ltr'><strong>sit</strong></span> <span class='ocrx_word' id='word_1_850' title='bbox 2249 4880 2414 4937; x_wconf 86' lang='lat' dir='ltr'><strong>quam</strong></span> <span class='ocrx_word' id='word_1_851' title='bbox 2450 4863 2599 4919; x_wconf 84' lang='lat' dir='ltr'><strong>Deus</strong></span> <span class='ocrx_word' id='word_1_852' title='bbox 2633 4864 2894 4933; x_wconf 78' lang='lat' dir='ltr'><strong>Verbum,</strong></span> <span class='ocrx_word' id='word_1_853' title='bbox 2927 4866 3020 4935; x_wconf 86' lang='lat' dir='ltr'><strong>qui</strong></span> <span class='ocrx_word' id='word_1_854' title='bbox 3060 4864 3162 4935; x_wconf 89' lang='lat' dir='ltr'><strong>ipsi</strong></span> <span class='ocrx_word' id='word_1_855' title='bbox 3201 4863 3373 4920; x_wconf 73' lang='lat' dir='ltr'><strong>Jacob</strong></span> <span class='ocrx_word' id='word_1_856' title='bbox 3398 4864 3549 4919; x_wconf 75' lang='lat' dir='ltr'><strong>visus</strong></span> 
     </span>
    </p>
   </div>
   <div class='ocr_carea' id='block_1_110' title="bbox 1978 4956 3542 5028">
    <p class='ocr_par' dir='ltr' id='par_1_110' title="bbox 1978 4956 3542 5028">
     <span class='ocr_line' id='line_1_110' title="bbox 1978 4956 3542 5028; baseline -0.001 -15"><span class='ocrx_word' id='word_1_857' title='bbox 1978 4959 2069 5021; x_wconf 85' lang='lat' dir='ltr'><strong>sit,</strong></span> <span class='ocrx_word' id='word_1_858' title='bbox 2108 4957 2164 5012; x_wconf 88' lang='lat' dir='ltr'><strong>in</strong></span> <span class='ocrx_word' id='word_1_859' title='bbox 2200 4957 2428 5027; x_wconf 88' lang='lat' dir='ltr'><strong>hujusce</strong></span> <span class='ocrx_word' id='word_1_860' title='bbox 2469 4956 2654 5026; x_wconf 85' lang='lat' dir='ltr'><strong>operis</strong></span> <span class='ocrx_word' id='word_1_861' title='bbox 2675 4957 2993 5028; x_wconf 83' lang='lat' dir='ltr'><strong>primordiis</strong></span> <span class='ocrx_word' id='word_1_862' title='bbox 3024 4958 3542 5013; x_wconf 60' lang='lat' dir='ltr'><strong>dentoustravimus.</strong></span> 
     </span>
    </p>
   </div>
   <div class='ocr_carea' id='block_1_111' title="bbox 1978 5045 3548 5118">
    <p class='ocr_par' dir='ltr' id='par_1_111' title="bbox 1978 5045 3548 5118">
     <span class='ocr_line' id='line_1_111' title="bbox 1978 5045 3548 5118; baseline 0.002 -16"><span class='ocrx_word' id='word_1_863' title='bbox 1978 5050 2233 5104; x_wconf 86' lang='lat' dir='ltr'><strong>Precanti</strong></span> <span class='ocrx_word' id='word_1_864' title='bbox 2280 5062 2410 5118; x_wconf 78' lang='lat' dir='ltr'><strong>ergo</strong></span> <span class='ocrx_word' id='word_1_865' title='bbox 2440 5045 2634 5114; x_wconf 82' lang='lat' dir='ltr'><strong>David,</strong></span> <span class='ocrx_word' id='word_1_866' title='bbox 2667 5057 2721 5103; x_wconf 91' lang='lat' dir='ltr'><strong>et</strong></span> <span class='ocrx_word' id='word_1_867' title='bbox 2767 5048 2950 5104; x_wconf 80' lang='lat' dir='ltr'><strong>videre</strong></span> <span class='ocrx_word' id='word_1_868' title='bbox 2998 5049 3236 5118; x_wconf 80' lang='lat' dir='ltr'><strong>cupienti</strong></span> <span class='ocrx_word' id='word_1_869' title='bbox 3270 5050 3450 5103; x_wconf 76' lang='lat' dir='ltr'><strong>locum</strong></span> <span class='ocrx_word' id='word_1_870' title='bbox 3481 5063 3548 5105; x_wconf 69' lang='lat' dir='ltr'><strong>ac</strong></span> 
     </span>
    </p>
   </div>
   <div class='ocr_carea' id='block_1_112' title="bbox 1978 5128 3548 5212">
    <p class='ocr_par' dir='ltr' id='par_1_112' title="bbox 1978 5128 3548 5212">
     <span class='ocr_line' id='line_1_112' title="bbox 1978 5128 3548 5212; baseline 0.002 -18"><span class='ocrx_word' id='word_1_871' title='bbox 1978 5140 2395 5196; x_wconf 85' lang='lat' dir='ltr'><strong>tabernaculum</strong></span> <span class='ocrx_word' id='word_1_872' title='bbox 2426 5140 2639 5195; x_wconf 90' lang='lat' dir='ltr'><strong>Domini</strong></span> <span class='ocrx_word' id='word_1_873' title='bbox 2685 5140 2891 5212; x_wconf 90' lang='lat' dir='ltr'><strong>Deique</strong></span> <span class='ocrx_word' id='word_1_874' title='bbox 2936 5128 3126 5206; x_wconf 66' lang='grc' dir='ltr'>εἴποι),</span> <span class='ocrx_word' id='word_1_875' title='bbox 3166 5142 3282 5211; x_wconf 76' lang='lat' dir='ltr'><strong>ipse</strong></span> <span class='ocrx_word' id='word_1_876' title='bbox 3327 5140 3548 5197; x_wconf 83' lang='lat' dir='ltr'><strong>Bethle-</strong></span> 
     </span>
    </p>
   </div>
   <div class='ocr_carea' id='block_1_113' title="bbox 1980 5232 3545 5305">
    <p class='ocr_par' dir='ltr' id='par_1_113' title="bbox 1980 5232 3545 5305">
     <span class='ocr_line' id='line_1_113' title="bbox 1980 5232 3545 5305; baseline -0.001 -17"><span class='ocrx_word' id='word_1_877' title='bbox 1980 5233 2103 5289; x_wconf 89' lang='lat' dir='ltr'><strong>hem</strong></span> <span class='ocrx_word' id='word_1_878' title='bbox 2164 5235 2317 5289; x_wconf 90' lang='lat' dir='ltr'><strong>locus</strong></span> <span class='ocrx_word' id='word_1_879' title='bbox 2361 5242 2619 5291; x_wconf 87' lang='lat' dir='ltr'><strong>ostensus</strong></span> <span class='ocrx_word' id='word_1_880' title='bbox 2671 5241 2788 5290; x_wconf 81' lang='lat' dir='ltr'><strong>est;</strong></span> <span class='ocrx_word' id='word_1_881' title='bbox 2840 5232 3006 5305; x_wconf 68' lang='grc'><strong>348</strong></span> <span class='ocrx_word' id='word_1_882' title='bbox 3036 5246 3382 5305; x_wconf 84' lang='lat' dir='ltr'><strong>quapropter</strong></span> <span class='ocrx_word' id='word_1_883' title='bbox 3421 5247 3545 5289; x_wconf 88' lang='lat' dir='ltr'><strong>cum</strong></span> 
     </span>
    </p>
   </div>
   <div class='ocr_carea' id='block_1_114' title="bbox 1976 5324 3547 5396">
    <p class='ocr_par' dir='ltr' id='par_1_114' title="bbox 1976 5324 3547 5396">
     <span class='ocr_line' id='line_1_114' title="bbox 1976 5324 3547 5396; baseline 0 -17"><span class='ocrx_word' id='word_1_884' title='bbox 1976 5324 2229 5389; x_wconf 77' lang='lat' dir='ltr'><strong>dixisset,</strong></span> <span class='ocrx_word' id='word_1_885' title='bbox 2262 5343 2283 5376; x_wconf 74' lang='grc' dir='ltr'><strong>ι</strong></span> <span class='ocrx_word' id='word_1_886' title='bbox 2311 5324 2450 5380; x_wconf 90' lang='lat' dir='ltr'><strong>Ecce</strong></span> <span class='ocrx_word' id='word_1_887' title='bbox 2478 5325 2787 5381; x_wconf 81' lang='lat' dir='ltr'><strong>audivimus</strong></span> <span class='ocrx_word' id='word_1_888' title='bbox 2823 5340 2941 5380; x_wconf 87' lang='lat' dir='ltr'><strong>eam</strong></span> <span class='ocrx_word' id='word_1_889' title='bbox 2974 5341 3030 5380; x_wconf 78' lang='lat' dir='ltr'><strong>in</strong></span> <span class='ocrx_word' id='word_1_890' title='bbox 3047 5324 3547 5396; x_wconf 67' lang='lat' dir='ltr'><strong>Ephrata,ndjun-</strong></span> 
     </span>
    </p>
   </div>
   <div class='ocr_carea' id='block_1_115' title="bbox 1977 5415 3551 5489">
    <p class='ocr_par' dir='ltr' id='par_1_115' title="bbox 1977 5415 3551 5489">
     <span class='ocr_line' id='line_1_115' title="bbox 1977 5415 3551 5489; baseline 0.003 -21"><span class='ocrx_word' id='word_1_891' title='bbox 1977 5415 2055 5486; x_wconf 88' lang='lat' dir='ltr'><strong>git</strong></span> <span class='ocrx_word' id='word_1_892' title='bbox 2096 5416 2327 5471; x_wconf 89' lang='lat' dir='ltr'><strong>dicens:</strong></span> <span class='ocrx_word' id='word_1_893' title='bbox 2368 5434 2386 5467; x_wconf 77' lang='grc' dir='ltr'><strong>ι</strong></span> <span class='ocrx_word' id='word_1_894' title='bbox 2426 5415 2731 5473; x_wconf 84' lang='lat' dir='ltr'><strong>Adoremus</strong></span> <span class='ocrx_word' id='word_1_895' title='bbox 2770 5417 2974 5472; x_wconf 90' lang='lat' dir='ltr'><strong>inloco</strong></span> <span class='ocrx_word' id='word_1_896' title='bbox 3025 5417 3115 5472; x_wconf 84' lang='lat' dir='ltr'><strong>ubi</strong></span> <span class='ocrx_word' id='word_1_897' title='bbox 3153 5426 3421 5473; x_wconf 80' lang='lat' dir='ltr'><strong>steterunt</strong></span> <span class='ocrx_word' id='word_1_898' title='bbox 3446 5432 3551 5489; x_wconf 61' lang='grc' dir='ltr'><strong>φε-</strong></span> 
     </span>
    </p>
   </div>
   <div class='ocr_carea' id='block_1_116' title="bbox 1976 5508 3550 5583">
    <p class='ocr_par' dir='ltr' id='par_1_116' title="bbox 1976 5508 3550 5583">
     <span class='ocr_line' id='line_1_116' title="bbox 1976 5508 3550 5583; baseline 0.004 -21"><span class='ocrx_word' id='word_1_899' title='bbox 1976 5508 2075 5564; x_wconf 90' lang='lat' dir='ltr'><strong>des</strong></span> <span class='ocrx_word' id='word_1_900' title='bbox 2100 5508 2220 5578; x_wconf 88' lang='lat' dir='ltr'><strong>ejus</strong></span> <span class='ocrx_word' id='word_1_901' title='bbox 2238 5509 2306 5562; x_wconf 79' lang='grc'><strong>⁸³.</strong></span> <span class='ocrx_word' id='word_1_902' title='bbox 2331 5528 2351 5561; x_wconf 75' lang='grc' dir='ltr'><strong>ι</strong></span> <span class='ocrx_word' id='word_1_903' title='bbox 2392 5508 2720 5566; x_wconf 84' lang='lat' dir='ltr'><strong>Planissime</strong></span> <span class='ocrx_word' id='word_1_904' title='bbox 2746 5511 2911 5582; x_wconf 82' lang='lat' dir='ltr'><strong>igitur</strong></span> <span class='ocrx_word' id='word_1_905' title='bbox 2940 5512 2997 5566; x_wconf 90' lang='lat' dir='ltr'><strong>in</strong></span> <span class='ocrx_word' id='word_1_906' title='bbox 3046 5512 3134 5568; x_wconf 86' lang='lat' dir='ltr'><strong>his</strong></span> <span class='ocrx_word' id='word_1_907' title='bbox 3160 5528 3379 5583; x_wconf 88' lang='lat' dir='ltr'><strong>quoque</strong></span> <span class='ocrx_word' id='word_1_908' title='bbox 3420 5527 3550 5569; x_wconf 73' lang='lat' dir='ltr'><strong>ver-</strong></span> 
     </span>
    </p>
   </div>
   <div class='ocr_carea' id='block_1_117' title="bbox 1977 5599 3551 5678">
    <p class='ocr_par' dir='ltr' id='par_1_117' title="bbox 1977 5599 3551 5678">
     <span class='ocr_line' id='line_1_117' title="bbox 1977 5599 3551 5678; baseline 0.006 -23"><span class='ocrx_word' id='word_1_909' title='bbox 1977 5599 2065 5656; x_wconf 85' lang='lat' dir='ltr'><strong>bis</strong></span> <span class='ocrx_word' id='word_1_910' title='bbox 2096 5601 2153 5656; x_wconf 87' lang='lat' dir='ltr'><strong>in</strong></span> <span class='ocrx_word' id='word_1_911' title='bbox 2176 5599 2436 5674; x_wconf 78' lang='lat' dir='ltr'><strong>Ephrata,</strong></span> <span class='ocrx_word' id='word_1_912' title='bbox 2463 5619 2584 5675; x_wconf 72' lang='lat' dir='ltr'><strong>qua:</strong></span> <span class='ocrx_word' id='word_1_913' title='bbox 2631 5611 2718 5661; x_wconf 82' lang='lat' dir='ltr'><strong>est</strong></span> <span class='ocrx_word' id='word_1_914' title='bbox 2758 5602 3096 5673; x_wconf 79' lang='lat' dir='ltr'><strong>Bethlehem,</strong></span> <span class='ocrx_word' id='word_1_915' title='bbox 3126 5607 3244 5678; x_wconf 77' lang='lat' dir='ltr'><strong>ipse</strong></span> <span class='ocrx_word' id='word_1_916' title='bbox 3284 5604 3551 5663; x_wconf 65' lang='lat' dir='ltr'><strong>Durnium</strong></span> 
     </span>
    </p>
   </div>
   <div class='ocr_carea' id='block_1_118' title="bbox 375 5799 2242 5871">
    <p class='ocr_par' dir='ltr' id='par_1_118' title="bbox 375 5799 2242 5871">
     <span class='ocr_line' id='line_1_118' title="bbox 375 5799 2242 5871; baseline -0.002 -9"><span class='ocrx_word' id='word_1_917' title='bbox 375 5801 421 5835; x_wconf 82' lang='grc'><strong>⁸⁸</strong></span> <span class='ocrx_word' id='word_1_918' title='bbox 447 5799 585 5862; x_wconf 81' lang='lat' dir='ltr'><strong>Gen.</strong></span> <span class='ocrx_word' id='word_1_919' title='bbox 617 5817 786 5870; x_wconf 69' lang='lat' dir='ltr'><strong>xxxv,</strong></span> <span class='ocrx_word' id='word_1_920' title='bbox 817 5800 906 5858; x_wconf 78' lang='lat' dir='ltr'><strong>i9.</strong></span> <span class='ocrx_word' id='word_1_921' title='bbox 980 5801 1026 5835; x_wconf 81' lang='grc'><strong><em>⁸⁸</em></strong></span> <span class='ocrx_word' id='word_1_922' title='bbox 1060 5801 1206 5860; x_wconf 85' lang='lat' dir='ltr'><strong>Psal.</strong></span> <span class='ocrx_word' id='word_1_923' title='bbox 1233 5816 1418 5871; x_wconf 71' lang='lat' dir='ltr'><strong>cum,</strong></span> <span class='ocrx_word' id='word_1_924' title='bbox 1452 5802 1506 5860; x_wconf 89' lang='lat'><strong>6.</strong></span> <span class='ocrx_word' id='word_1_925' title='bbox 1581 5803 1625 5842; x_wconf 78' lang='grc'><strong>³⁷</strong></span> <span class='ocrx_word' id='word_1_926' title='bbox 1652 5801 1787 5857; x_wconf 85' lang='lat' dir='ltr'><strong>ibid.</strong></span> <span class='ocrx_word' id='word_1_927' title='bbox 1817 5800 1870 5856; x_wconf 82' lang='lat'><strong>5.</strong></span> <span class='ocrx_word' id='word_1_928' title='bbox 1948 5800 1969 5833; x_wconf 84' lang='lat'>&#39;</span> <span class='ocrx_word' id='word_1_929' title='bbox 2016 5801 2148 5859; x_wconf 86' lang='lat' dir='ltr'><strong>ibid.</strong></span> <span class='ocrx_word' id='word_1_930' title='bbox 2192 5801 2242 5859; x_wconf 87' lang='lat'><strong>7.</strong></span> 
     </span>
    </p>
   </div>
  </div>
