3908 6266
425 381 533 439 547

1094 383 1360 438 EUSEBII
1395 382 1875 441 CESARIENSIS
1916 387 2065 443 OPP.
2110 387 2293 451 PARS
2330 387 2393 446 ll.
2420 390 3004 454 —APOLOGETICA.

3574 407 3675 493 διε

426 510 491 550 ae
516 495 655 549 Deus
681 493 847 549 Iacob
883 496 1061 549 locum
1100 496 1205 550 sibi
1245 511 1309 550 ac
1342 496 1760 553 tabernaculum
1793 503 1958 556 eonsti

2064 547 2069 566 ,
2101 504 2302 575 ἀρτίως
2334 504 2684 573 ἐξετάσαντες
2709 510 3023 582 ἐδείκνυμεν
3052 514 3418 588 ἀναφέρεσθαι
3451 521 3559 576 οὐδ’
3591 526 3677 594 ἐφ’

424 596 646 643 tuturus
672 589 911 649 canitur,
943 587 1089 657 quod
1116 588 1298 659 ipsum
1332 605 1458 644 cum
1492 589 1728 646 Michaeae
1766 593 2001 663 prophe-

424 680 496 732 tia
528 678 825 732 concordat
859 677 1075 732 dicente
1110 696 1122 732 :
1182 696 1200 728 ι
1230 677 1296 731 Ει
1330 688 1409 745 ιιι,
1445 678 1758 735 Bethlehem
1805 681 2000 737 domus

421 770 718 841 Ephratha.
755 768 833 822 Ex
862 775 916 824 te
945 771 1078 824 mihi
1112 772 1426 841 egredietur
1467 771 1608 826 dux:
1645 780 1699 829 et
1742 789 1998 844 egressus

415 865 536 932 ejus
572 863 640 917 ab
672 862 828 917 initio
854 878 917 917 ex
942 864 1136 919 diebus
1158 866 1378 931 saeculi;
1406 886 1425 917 ι
1460 882 1582 937 quae
1602 882 1724 921 cum
1753 869 1999 938 proxime

417 977 814 1032 scrutaremur,
857 969 1196 1026 ostendimus
1230 971 1297 1025 ad
1328 973 1537 1027 nullum
1570 975 1735 1030 alium
1759 992 1879 1032 esse
1912 993 1998 1032 re-

419 1058 662 1127 ferenda,
692 1077 855 1130 quam
893 1061 961 1115 ad
1000 1079 1166 1116 unum
1220 1063 1555 1120 Salvatorem
1600 1083 1662 1122 ac
1707 1068 1993 1125 Dominum

417 1164 665 1207 nostrum
710 1153 901 1210 Jesum
951 1157 1043 1226 qui
1093 1157 1344 1213 Christus
1397 1170 1479 1214 est
1519 1158 1634 1223 Dei,
1689 1163 1889 1232 quique
1941 1165 1993 1218 in

417 1245 757 1311 Bethlehem,
784 1250 929 1303 sicut
954 1251 1255 1319 prophetiae
1286 1252 1670 1320 praedixerant,
1704 1265 1863 1310 natus
1887 1265 1987 1310 est.

414 1336 637 1392 Nullum
690 1341 834 1393 enim
883 1342 1049 1394 alium
1097 1342 1369 1411 quispiam
1424 1361 1662 1414 unquam
1714 1349 1987 1412 ostendet,

414 1431 510 1499 qui
562 1433 687 1486 inde
727 1449 849 1486 cum
887 1435 1056 1504 gloria
1099 1446 1217 1505 post
1270 1437 1443 1505 ipsius
1501 1438 1800 1507 prophetia:
1854 1451 1989 1493 tem-

415 1538 547 1591 pora
573 1524 838 1592 prodierit
865 1545 876 1578 :
909 1528 1093 1581 nullus
1124 1529 1267 1580 enim
1307 1545 1482 1598 neque
1510 1546 1624 1591 rex,
1656 1548 1830 1601 neque
1864 1549 1989 1602 pro-

412 1615 600 1685 pheta,
633 1632 811 1685 neque
856 1620 1000 1672 alius
1039 1620 1314 1689 quispiam
1351 1636 1540 1673 eorum
1575 1622 1666 1691 qui
1706 1623 1849 1693 apud
1882 1624 1987 1678 lle-

410 1706 586 1760 lxraeos
623 1705 732 1760 Deo
767 1709 928 1760 amici
969 1708 1192 1769 fuerint,
1230 1722 1427 1779 praeter
1461 1729 1627 1766 unum
1651 1711 1983 1771 Salvatorem

409 1811 473 1849 ac
508 1795 795 1851 Dominum
828 1808 1076 1857 nostrum
1112 1801 1204 1870 qui
1240 1802 1492 1857 Christus
1526 1815 1607 1858 est
1632 1804 1747 1869 Dei,
1772 1815 1981 1860 utrum-

408 1903 513 1955 que
560 1889 819 1945 habuisse
875 1890 1309 1956 demonstratur,
1363 1905 1416 1947 et
1467 1896 1611 1965 quod
1658 1896 1725 1952 de
1774 1899 1982 1953 semine

410 1991 610 2055 David,
643 2004 695 2049 et
723 1998 866 2065 quod
896 1997 949 2050 in
981 2014 1046 2052 eo
1077 2000 1198 2054 loco
1232 2003 1302 2055 sit
1332 2011 1514 2058 natus.
1549 2002 1786 2075 Tempus
1818 2005 1983 2076 igitur

400 2089 515 2156 jam
543 2098 624 2144 est
655 2098 713 2144 ut
740 2091 888 2144 illum
934 2092 1112 2163 ipsum
1154 2110 1275 2149 esse
1315 2111 1423 2149 non
1467 2097 1633 2151 alium
1670 2102 1980 2169 quempiam

406 2180 698 2245 fateamur,
724 2184 814 2251 qui
842 2185 895 2237 in
930 2185 1014 2238 his
1045 2186 1377 2254 propheticis
1407 2188 1588 2244 verbis
1619 2191 1978 2261 significatur,

402 2271 793 2342 evidentcrque
849 2276 902 2328 in
937 2275 1004 2330 iis
1054 2293 1175 2345 qua:
1214 2288 1523 2348 sequuntur
1550 2284 1801 2337 eumdem
1832 2287 1978 2354 psal-

402 2377 572 2424 mum,
594 2363 719 2416 dum
747 2366 1065 2421 nominatim
1086 2367 1367 2424 Christum
1391 2375 1648 2442 appellat,
1672 2376 1774 2431 hoc
1797 2378 1976 2446 ipsum

401 2452 711 2516 ostendere,
752 2456 841 2508 ubi
889 2457 993 2511 ait:
1030 2476 1049 2508 ‹
1074 2457 1307 2529 Propter
1336 2461 1504 2517 David
1550 2482 1769 2521 servum
1796 2477 1971 2537 tuum,

399 2557 469 2595 ne
498 2554 713 2600 avertas
744 2544 936 2601 faciem
963 2549 1170 2605 Christi
1204 2554 1285 2606 tui
1304 2553 1369 2606 δί’.
1397 2574 1415 2605 ι
1435 2554 1501 2609 Ει
1533 2572 1760 2615 rursus:
1802 2579 1820 2611 ι
1842 2560 1975 2618 llluc

398 2633 698 2703 producam
729 2653 901 2693 cornu
935 2639 1137 2695 David:
1186 2648 1373 2713 paravi
1423 2648 1701 2704 lucernam
1751 2651 1973 2709 Christo

399 2738 540 2779 meo.
609 2724 865 2784 Inimicos
925 2731 1047 2798 ejus
1115 2735 1338 2791 induam
1407 2738 1754 2802 confusione.
1807 2759 1972 2815 super

399 2816 579 2885 ipsum
625 2828 805 2874 autem
836 2824 1103 2878 elllorcbit
1139 2830 1503 2886 sanctificatio
1551 2835 1758 2890 mea".
1789 2855 1807 2888 ι
1863 2838 1970 2893 Sed

398 2906 490 2958 ubi
520 2906 737 2962 tandem
792 2911 869 2963 ait
893 2928 952 2967 se
988 2915 1386 2983 producturum
1421 2938 1593 2978 cornu
1627 2924 1817 2993 David,
1859 2931 1969 2986 nisi

396 2995 452 3049 in
483 2996 795 3055 Bethlehem
825 3012 987 3073 atque
1012 3008 1067 3060 in
1096 3007 1415 3078 Ephratha?
1452 3013 1580 3071 Inde
1613 3020 1757 3073 enim
1793 3036 1967 3077 cornu

395 3088 566 3143 David
596 3091 852 3150 Christus
896 3108 1168 3167 quatenus
1210 3104 1277 3158 ad
1306 3116 1557 3162 naturam
1593 3113 1826 3180 pertinet
1872 3115 1968 3169 hu-

2103 595 2287 665 ἕτερον
2327 596 2359 667 ἢ
2410 597 2502 649 ἐπὶ
2544 600 2703 668 μόνον
2744 601 2835 654 τὸν
2874 602 3102 675 Σωτῆρα
3142 608 3238 659 καὶ
3272 608 3478 682 Κύριον
3520 615 3680 684 ἡμῶν

2115 685 2320 757 Ἰησοῦν
2339 688 2429 740 τὸν
2452 690 2684 760 Χριστὸν
2702 691 2795 744 τοῦ
2825 692 2980 757 Θεοῦ,
3006 696 3065 749 ὲν
3090 695 3336 770 Βηθλεὲμ
3366 705 3491 765 ταῖς
3517 710 3678 779 προρ-

2101 780 2323 849 ρήσεσιν
2341 779 2651 845 ἀκολούθως
2672 786 3089 856 γεγεννημένον.
3118 790 3230 841 Οὐκ
3258 790 3324 844 ἂν
3356 792 3488 860 γοῦν
3520 795 3675 851 ἄλλον

2098 886 2182 933 τις
2212 869 2525 936 ἐπιδείξειεν
2556 874 2633 926 ea
2645 874 2847 945 ταύτης
2879 875 3103 943 ἐνδόξως
3139 881 3275 950 μετὰ
3305 886 3430 948 τοὺς
3463 902 3659 959 προφη

2097 961 2246 1024 τείας
2292 962 2516 1033 χρόνους
2564 966 2915 1036 προελθόντα·
2948 969 3070 1022 οὔτε
3106 970 3215 1043 γὰρ
3251 974 3524 1042 βασιλεὺς,
3551 977 3675 1034 οὔτε

2097 1052 2406 1121 προφήτης,
2438 1054 2544 1105 οὐδ’
2572 1054 2760 1126 ἕτερός
2789 1074 2874 1119 τις
2899 1059 3005 1111 τῶν
3026 1062 3158 1132 παρ’
3192 1063 3462 1134 Ἑϐραίοις
3491 1068 3672 1140 θεοφι-

2095 1141 2221 1204 λῶν,
2263 1143 2294 1214 ἣ
2331 1144 2489 1213 μόνος
2520 1147 2548 1197 6
2582 1147 2770 1218 Σωτὴρ
2814 1150 2906 1202 καὶ
2942 1151 3143 1221 Κύριος
3182 1155 3339 1225 ἡμῶν
3379 1160 3408 1211 ό
3438 1160 3673 1231 Χριστὸς

2092 1234 2186 1286 τοῦ
2220 1235 2375 1299 Θεοῦ,
2417 1238 2553 1307 ὁμοῦ
2583 1241 2675 1292 καὶ
2704 1243 2768 1293 ὲκ
2800 1243 3114 1315 σπέρματος
3145 1248 3330 1314 Δαὸὶδ,
3367 1252 3460 1304 καὶ
3485 1253 3670 1306 αὐτόθι

2093 1330 2486 1400 γεγεννημένος
2530 1331 2932 1388 ἀποδείκνυται.
2992 1339 3131 1409 Ὦρα
3172 1345 3461 1412 τοιγαροῦν
3507 1346 3669 1399 αὐτὸν

2091 1421 2296 1474 ἐκεῖνον
2329 1417 2489 1485 εἶναι,
2528 1423 2619 1475 καὶ
2656 1425 2777 1477 οὐδὲ
2824 1426 2899 1494 (1)
2936 1428 3091 1482 ἄλλον
3117 1431 3209 1483 τὸν
3235 1437 3328 1486 καὶ
3378 1437 3434 1487 ὲν
3459 1436 3669 1502 τούτοις

2091 1511 2563 1581 προφητευόμενον
2595 1514 2898 1584 ὁμολογεῖν,
2919 1519 3001 1570 ὄτι
3020 1537 3077 1572 τε
3102 1521 3288 1591 σαφῶς
3320 1527 3378 1577 ἐν
3398 1531 3511 1591 τοῖς
3542 1530 3669 1601 ἑξῆς

2088 1603 2116 1654 6
2138 1604 2299 1667 αὐτὸς
2326 1605 2538 1674 ψαλμὸς
2571 1606 2827 1678 ὀνομαστὶ
2855 1610 2944 1663 τὸν
2987 1613 3220 1684 Χριστὸν
3248 1621 3667 1691 προσαγορεύων

2086 1694 2243 1748 τοῦτο
2275 1700 2593 1770 παρίστησι,
2636 1699 2702 1753 δι’
2733 1695 2807 1755 ὧν
2840 1721 3021 1776 φησιν·
3069 1726 3087 1757 ι
3127 1708 3347 1763 Ἕνεκεν
3377 1714 3545 1767 Δαὸὶδ
3570 1716 3664 1770 τοῦ

2015 1871 2052 1923 Β
2088 1880 2213 1934 στοῦ
2256 1899 2373 1935 σουο
2408 1903 2427 1935 ι
2467 1888 2560 1939 καὶ
2593 1888 2774 1941 πάλιν·
2819 1909 2837 1941 ι
2884 1892 3032 1946 Ἐκεῖ
3062 1871 3362 1961 ἐξανατελῶ
3386 1900 3557 1973 κέρας

2084 1973 2271 2039 Δαὸὶδ,
2289 1976 2561 2047 ἡτοίμασα
2591 1979 2782 2051 λύχνον
2809 1983 2885 2054 τῷ
2903 1984 3121 2058 Χριστῷ
3140 2006 3259 2058 μου.
3281 1991 3417 2055 Τοὺς
3435 1973 3665 2066 ἐχθροὺς

2084 2065 2248 2118 αὐτοῦ
2293 2069 2494 2123 ἐνδύσω
2528 2073 2808 2145 αἰσχύνην,
2853 2077 2944 2130 ἐπὶ
2986 2078 3043 2132 δὲ
3086 2080 3247 2133 αὐτὸν
3288 2065 3575 2156 ὲξανθήσει
3606 2089 3664 2141 τὸ

2081 2159 2330 2230 ἁγίασμά
2356 2180 2478 2232 μου.
2515 2184 2533 2216 ι
2569 2165 2678 2218 Ποῦ
2707 2167 2763 2220 δέ
2794 2186 2976 2240 φησιν,
3018 2191 3037 2223 ι
3083 2173 3229 2227 Ἐκεῖ
3246 2175 3551 2240 ἐξανατελῶ
3576 2181 3663 2234 κέ-

2085 2267 2182 2321 ρας
2213 2253 2289 2324 τῷ
2318 2255 2502 2319 Δαϐὶδ,
2537 2276 2555 2308 ›
2591 2259 2623 2329 ἢ
2661 2261 2718 2312 ὲν
2761 2263 2827 2332 τῇ
2872 2263 3118 2335 Βηθλεὲμ
3150 2270 3214 2337 τῇ
3267 2269 3545 2341 Ἐφραθά;
3579 2275 3663 2326 ὲν-

2077 2343 2267 2397 τεῦθεν
2292 2347 2399 2418 γὰρ
2430 2349 2491 2402 τὸ
2539 2352 2702 2423 κέρας
2744 2353 2838 2406 τοῦ
2869 2358 3034 2411 Δαὸὶδ
3077 2359 3104 2410 6
3148 2360 3379 2430 Χριστὸς
3419 2364 3482 2416 τὸ
3517 2367 3661 2421 κατά

2080 2436 2257 2507 σάρκα
2278 2436 2388 2493 οἶόν
2410 2460 2463 2493 τι
2494 2444 2636 2514 μέγα
2664 2446 2779 2514 φῶς
2806 2448 3155 2516 ἐξανέτειλεν,
3180 2455 3413 2509 ἐνταῦθά
3432 2474 3493 2510 τε
3518 2462 3660 2531 ἡτοί-

2080 2545 2252 2598 μαστο
2280 2532 2383 2585 ὑπὸ
2410 2534 2503 2586 τοῦ
2531 2536 2665 2590 Θεοῦ
2698 2540 2806 2593 τῶν
2836 2541 2970 2595 ὅλων
2999 2547 3027 2596 ὁ
3055 2544 3148 2597 τοῦ
3176 2547 3410 2618 Χριστοῦ
3439 2549 3653 2621 λύχνος.

2074 2621 2175 2691 Είη
2206 2622 2249 2675 δ’
2277 2624 2343 2677 ἂν
2372 2625 2563 2697 λύχνος
2588 2630 2773 2697 αὑτοῦ,
2806 2628 2891 2687 οἷα
2923 2636 3108 2707 νοεροῦ
3136 2639 3330 2707 φωτὸς,
3364 2641 3422 2694 τὸ
3448 2642 3655 2714 ἀνθρώ-

2073 2729 2223 2767 πειον
2256 2718 2471 2786 σκῆνος,
2493 2720 2559 2773 δι’
2589 2716 2649 2774 οὗ
2678 2723 2831 2796 δίκην
2853 2728 3171 2798 όστρακίνου
3192 2732 3437 2797 σκεύους,
3462 2733 3654 2809 ὥσπερ

2070 2802 2159 2857 διὰ
2184 2805 2398 2877 λύχνου,
2425 2811 2525 2875 τὰς
2553 2812 2646 2866 τοῦ
2680 2815 2808 2868 ἰδίου
2839 2822 3015 2888 φωτὸς
3044 2824 3264 2888 ἀκτῖνας
3294 2828 3428 2879 πᾶσι
3455 2830 3571 2891 τοῖς
3594 2802 3654 2882 ἐν

2071 2894 2263 2965 ἀγνοίᾳ
2292 2898 2426 2951 Θεοῦ
2458 2902 2550 2954 καὶ
2580 2905 2757 2976 σκότῳ
2783 2907 2934 2977 βαθεῖ
2960 2910 3300 2983 πιεζομένοις
3322 2916 3644 2987 ἐξέλαμψεν.

2083 2983 2239 3037 Ἀ).λά
2310 2988 2416 3060 γὰρ
2479 2993 2573 3044 καὶ
2628 2994 2686 3046 ἐν
2741 2998 2951 3062 τούτοις
3017 2997 3397 3071 ἀποδεδεῖχθαι
3460 2983 3647 3076 σαφῶς

2069 3075 2309 3148 ἡγοῦμαι
2358 3082 2489 3136 Θεὸν
2537 3083 2730 3138 Ἰακὼϐ
2785 3089 2879 3142 ἀπ’
2937 3093 3109 3164 ἀρχῆς
3164 3096 3255 3148 καὶ
3310 3096 3367 3160 ἐξ
3424 3101 3647 3172 ἡμερῶν

808 3201 821 3253 i
855 3202 1046 3265 ingens
1078 3206 1262 3262 lumen
1293 3219 1544 3265 exortum
1576 3173 1659 3265 est
1711 3215 1809 3265 Hic
1834 3220 1960 3265 imm
1992 3220 2032 3265 Ω
2066 3173 2398 3265 τυγχάἶθοντα
2417 3177 2609 3242 αἰῶνος
2636 3179 2938 3252 ἀνθρώποις
2961 3187 3446 3261 ἐπιδημήσειννκαὶ
3461 3210 3650 3265 γεννη-

392 3209 632 3261 manam,
666 3206 821 3267 quasi
855 3206 1046 3273 ingens
1078 3206 1262 3262 lumen
1293 3219 1544 3267 exortum
1576 3225 1683 3271 est.
1710 3215 1810 3273 llic
1833 3220 1961 3276 item
1992 3220 2032 3277 C

387 3285 591 3341 Christi
625 3289 845 3345 lucerna
870 3294 938 3347 ab
970 3297 1090 3365 ipso
1114 3297 1223 3354 Deo
1254 3303 1491 3359 universi
1520 3320 1821 3378 praeparata
1843 3322 1955 3368 est:

390 3374 556 3429 fuerit
586 3388 765 3434 autem
812 3383 927 3438 haec
958 3386 1180 3443 lucerna
1207 3394 1363 3460 quasi
1398 3374 1754 3468 intelligibilis
1797 3403 1955 3469 lucis,

385 3464 686 3522 humanum
736 3486 959 3542 corpus,
1003 3491 1100 3544 per
1140 3482 1287 3549 quod
1319 3482 1493 3538 instar
1533 3492 1756 3545 testacei
1788 3496 1955 3559 vasis,

382 3561 642 3625 tanquam
676 3576 774 3630 per
820 3564 1119 3633 lucernam,
1157 3574 1363 3641 praprii
1409 3576 1635 3635 luminis
1668 3583 1851 3639 radios
1898 3587 1953 3640 in

380 3659 594 3712 omnes,
630 3652 948 3724 quicunque
980 3658 1285 3727 ignorantia
1320 3662 1417 3720 Dei
1448 3676 1501 3721 et
1542 3672 1830 3738 profundis
1874 3684 1953 3731 te-

377 3737 564 3793 nebris
596 3744 1003 3813 premebantur,
1033 3751 1234 3806 emisit.
1275 3754 1485 3812 Etenim
1532 3737 1585 3814 in
1616 3762 1700 3819 his
1733 3781 1953 3837 quoque

376 3828 740 3887 demonstrari
758 3837 1076 3904 planissime
1089 3845 1328 3900 arbitror
1350 3847 1518 3905 Deum
1540 3851 1730 3921 Jacob,
1748 3828 1951 3928 .qui-ab

376 3918 532 3975 initio
553 3930 607 3976 et
622 3940 688 3978 ex
708 3928 901 3983 diebus
925 3934 1110 3988 saeculi
1128 3938 1366 4005 exsistit,
1386 3943 1453 3995 ad
1476 3944 1723 4006 homines
1748 3963 1946 4008 ventu-

375 4026 583 4075 rum,et
607 4017 876 4075 oriturum
900 4039 1008 4079 non
1032 4030 1159 4084 alibi
1190 4039 1457 4089 terrarum
1476 4054 1639 4107 quam
1666 4042 1720 4096 in
1742 4043 1948 4102 Bethle-

347 4102 492 4187 ‘hem
520 4106 659 4171 loco,
684 4111 776 4178 qui
794 4127 903 4168 non
922 4121 1113 4186 procul
1137 4123 1206 4178 ab
1228 4102 1621 4202 Hierosolvmis
1637 4134 1796 4190 hodie
1811 4155 1946 4208 quo-

368 4208 475 4261 que
492 4196 712 4266 visitur,
744 4204 832 4259 ubi
849 4222 980 4263 sane
997 4226 1104 4266 non
1119 4214 1261 4271 alius
1279 4228 1400 4287 post
1414 4196 1799 4292 prophetarum
1815 4196 1945 4285 tem-

368 4299 499 4352 pora
522 4288 770 4358 illustris,
788 4304 841 4350 et
861 4301 1005 4369 apud
1025 4318 1216 4363 omnes
1239 4288 1488 4369 homines
1501 4318 1672 4385 gloria
1685 4321 1939 4390 celebris,

366 4389 530 4463 3&9
560 4410 723 4464 quam
756 4417 898 4458 unus
934 4403 1095 4464 Jesus
1124 4410 1377 4472 Christus
1411 4420 1482 4474 ab
1528 4425 1785 4482 omnibus
1819 4428 1940 4498 ejus

368 4481 472 4535 loci
503 4486 698 4543 incolis
729 4491 844 4561 (qui
880 4498 1100 4566 quidem
1149 4503 1228 4557 sic
1257 4519 1381 4560 cum
1413 4514 1744 4583 evangelicis
1785 4522 1938 4572 voci-

364 4571 468 4627 bus
494 4582 852 4654 concordant)
893 4597 1057 4645 natus
1100 4608 1223 4649 esse
1249 4571 1585 4665 perhibetur“.
1620 4605 1714 4661 Est
1756 4618 1933 4663 autem

365 4663 704 4738 Bethlehem,
753 4691 819 4729 ex
850 4663 1321 4752 interpretatione,
1360 4691 1762 4767 domus'pam‘s,
1815 4720 1935 4772 quae

362 4758 444 4813 sic
485 4762 706 4830 quidem
754 4767 997 4836 ejusdem
1053 4784 1137 4831 est
1170 4782 1409 4839 nominis
1453 4800 1581 4841 cum
1628 4806 1692 4846 eo
1728 4797 1819 4865 qui
1863 4797 1931 4852 de

362 4850 480 4919 ipsa
511 4855 787 4922 profectus
831 4872 940 4925 est,
981 4865 1263 4926 Salvatore
1313 4885 1523 4943 nostro,
1572 4885 1661 4951 qui
1699 4850 1822 4941 cum
1857 4892 1928 4944 sit

362 4940 455 4995 Dei
498 4942 737 5002 Verbum
782 4959 837 5005 et
871 4955 1033 5020 ratio,
1086 4962 1401 5019 animalium
1438 4940 1786 5030 rationalium
1840 4988 1925 5034 est

357 5031 697 5095 alimentum.
757 5039 930 5106 Quam
978 5060 1091 5101 rem
1134 5052 1253 5121 ipse
1296 5072 1513 5127 quoque
1562 5061 1920 5135 demonstrat,

357 5123 448 5177 ubi
491 5125 596 5183 ait:
627 5148 647 5179 ι
676 5129 787 5202 Ego
817 5149 937 5188 sum
965 5139 1121 5205 panis
1149 5145 1240 5212 qui
1276 5123 1344 5201 de
1365 5123 1505 5208 cmlo
1532 5154 1786 5212 descendi
1805 5161 1869 5215 θ’.

355 5212 556 5272 Verum
601 5227 858 5292 quoniam
905 5230 1020 5286 hanc
1070 5236 1258 5294 eadem
1312 5241 1481 5311 ipsius
1534 5245 1702 5303 David
1746 5253 1917 5322 patria

352 5305 474 5376 fuit,
500 5314 695 5369 merito
716 5318 811 5387 qui
839 5324 1050 5380 ratione
1068 5305 1548 5391 humanm-natura:
1573 5305 1914 5403 Davidllilius

349 5409 474 5476 fuit,
495 5430 558 5470 ex
581 5417 684 5474 hoc
718 5420 839 5492 ipso
860 5426 980 5483 loco
1009 5432 1289 5500 profectus
1315 5445 1419 5504 est,
1452 5442 1505 5495 in
1540 5458 1607 5499 eo
1635 5461 1765 5504 sane
1786 5466 1909 5508 cum

347 5504 683 5577 praphcticis
725 5521 1067 5578 concordans
1112 5530 1350 5585 oraculis
1395 5549 1409 5585 :
1452 5534 1634 5606 itaque
1677 5543 1911 5600 obscura

338 5607 469 5649 esse
494 5601 730 5670 amplius
761 5622 925 5665 causa
956 5629 1063 5668 non
1096 5629 1295 5686 potest,
1335 5639 1435 5679 cur
1460 5601 1565 5683 sibi
1598 5630 1909 5692 Bethlehem

413 5701 462 5738 ⁸⁸
491 5706 634 5761 Psal.
665 5726 844 5782 cxxxr,
878 5720 964 5775 10.
1044 5725 1089 5756 ὀ
1111 5726 1243 5786 ibid.
1280 5733 1365 5798 17,
1395 5737 1479 5791 18.
1561 5744 1603 5774 ⁹¹
1635 5742 1887 5817 Joan.vt,
1920 5750 2009 5807 41.

304 5842 310 5856 ,
411 5796 489 5869 (ι)
504 5801 661 5856 Οὐδ’.
696 5802 833 5877 Lege
862 5814 957 5885 οὐχ
979 5836 991 5849 ·
1027 5820 1152 5875 item
1195 5835 1245 5879 et
1284 5796 1446 5897 paulo
1477 5848 1623 5905 post.
1670 5796 1825 5900 lio-ir.

2066 3261 2322 3334 θήσεσθαι
2346 3268 2445 3320 ούκ
2465 3269 2719 3342 ἀλλαχόθι
2747 3274 2851 3345 γῆς
2877 3277 3039 3351 ἀλλ’ἢ
3059 3283 3116 3334 ἐν
3138 3282 3216 3353 τῷ
3236 3285 3373 3338 κατὰ
3396 3261 3643 3357 Βηθλεὲμ

2063 3356 2232 3427 τόπῳ,
2249 3359 2383 3429 πρὸς
2400 3364 2509 3424 τοῖς
2538 3364 2796 3435 Ἰεροσολύ
2807 3385 2927 3438 μοις
2941 3372 3108 3425 εἰσέτι
3127 3376 3220 3428 καὶ
3237 3375 3330 3429 νῦν
3347 3378 3644 3433 ἐπιδεικνυ-

2064 3448 2210 3518 μένῳ
2231 3450 2434 3521 χωρίῳ,
2459 3452 2586 3506 ἔνθα
2611 3456 2717 3509 οὐδ’
2739 3458 2896 3524 ἀλλος
2920 3463 3055 3532 μετά
3081 3468 3203 3531 τοὺς
3224 3468 3329 3521 τῶν
3348 3474 3637 3543 προφητῶν

2059 3541 2285 3610 χρόνους
2302 3546 2571 3617 ἐπιφανὴς
2601 3551 2693 3603 καὶ
2723 3554 2802 3614 είς
2819 3555 3025 3621 πάντας
3050 3559 3145 3613 ἀνθ
3155 3560 3369 3631 ρώπους
3392 3541 3633 3633 επίδοξος

2056 3631 2088 3702 ἢ
2114 3632 2271 3703 μόνος
2299 3634 2504 3706 Ἰησοῦς
2529 3641 2557 3691 ὁ
2578 3643 2810 3713 Χριστὸς
2840 3647 2976 3718 πρὸς
2995 3651 3101 3704 τῶν
3126 3655 3437 3727 ἐπιχωρίων
3461 3631 3633 3712 ἁπάν-

2053 3740 2160 3776 των
2197 3724 2506 3793 ἀκολούθως
2558 3736 2677 3797 ταῖς
2700 3737 3104 3807 ·εύαγγελικαῖς
3150 3749 3354 3812 φωναῖς
3393 3749 3627 3817 γεγονὼς

2055 3820 2426 3887 μαρτυρεῖται.
2474 3824 2860 3897 Ἑρμηνεύεται
2905 3831 2961 3884 δὲ
2996 3835 3028 3905 ἡ
3062 3834 3307 3908 Βηθλεὲμ
3339 3835 3502 3905 οἶκος
3525 3840 3626 3909 ἆρ-

2051 3921 2177 3971 του,
2211 3910 2528 3983 φερώνυμος
2554 3912 2687 3970 οὖσα
2717 3921 2811 3973 τοῦ
2845 3924 3193 3994 προελθόντος
3226 3928 3285 3994 ἐξ
3312 3932 3483 4002 αὐτῆς
3514 3933 3626 3986 Σω-

2048 3997 2211 4067 τῆρος
2256 4002 2411 4072 ἡμῶν
2443 4005 2591 4070 ὄντος
2624 4009 2758 4063 Θεοῦ
2787 4014 2983 4084 Λόγου,
3015 4019 3203 4090 ψυχῶν
3235 3997 3467 4091 λογικῶν
3501 4026 3623 4095 θρε-

2048 4090 2241 4143 πτικοῦ
2263 4109 2275 4121 ·
2310 4094 2339 4145 ὃ
2363 4097 2453 4149 καὶ
2487 4100 2816 4174 παρίστησιν
2835 4107 2995 4172 αὐτὸς
3026 4110 3199 4181 λέγων
3219 4130 3230 4143 ·
3275 4134 3293 4165 ι
3339 4116 3478 4185 Ἐγώ
3510 4120 3624 4190 είμι

2045 4183 2073 4231 ὁ
2107 4181 2270 4254 ἄρτος
2301 4188 2329 4239 6
2376 4189 2440 4240 ἐκ
2485 4192 2579 4245 τοῦ
2613 4195 2840 4267 ούρανοῦ
2876 4201 3139 4267 καταϐάς.
3186 4224 3204 4255 ι
3254 4181 3622 4281 Ἀλλ’-ἐπειδὴ

2045 4276 2138 4327 καὶ
2180 4275 2274 4329 τοῦ
2320 4280 2484 4335 Δαόὶδ
2510 4285 2727 4354 γέγονεν
2768 4289 2906 4362 αὕτη
2951 4296 3167 4366 πατρὶς,
3200 4298 3424 4365 εἰκότως
3457 4304 3551 4357 καὶ

2043 4365 2183 4419 κατά
2219 4369 2394 4442 σάρκα
2426 4377 2713 4447 γενόμενος
2735 4381 2848 4444 υίὸς
2876 4385 3040 4439 Δαϐὶδ
3058 4365 3155 4459 τὴν
3188 4391 3409 4461 πρόοδον
3436 4394 3497 4459 ἐξ
3523 4397 3622 4450 αύ-

2041 4458 2138 4529 τῆς
2166 4463 2473 4533 ἐποιήσατο,
2507 4470 2814 4537 ἀκολούθως
2838 4478 2958 4540 ταῖς
2990 4458 3350 4553 προφητικαῖς
3383 4489 3621 4560 προρρή-

1970 4560 2015 4616 ι)
2044 4566 2221 4603 σεσιν·
2259 4553 2395 4608 ὥστε
2437 4558 2537 4611 οὐκ
2568 4559 2759 4632 ἄδηλον
2793 4560 2929 4620 εἶναι
2973 4572 3066 4623 καὶ
3103 4573 3201 4642 τὴν
3241 4576 3420 4630 αἰτίαν
3450 4579 3519 4632 δι’
3552 4580 3619 4652 ἣν

2040 4644 2268 4712 πατρίδα
2295 4646 2391 4716 τὴν
2420 4648 2665 4723 Βηθλεὲμ
2697 4657 3065 4729 ἐπεγράψατο.
3114 4664 3270 4720 Ἀλλά
3297 4668 3390 4722 καὶ
3414 4673 3474 4725 ὲν
3499 4644 3617 4727 Να-

2039 4729 2222 4804 ζάροις
2271 4736 2601 4810 ἀνατραφεὶς
2650 4744 2884 4815 λέγεται,
2940 4753 3033 4805 καὶ
3085 4754 3244 4809 πάλιν
3295 4757 3616 4832 Ναζαραῖος

2036 4823 2416 4896 κληθήσεσθαι.
2438 4832 2632 4888 ’ἰστέον
2657 4834 2769 4900 οὖν,
2794 4842 2877 4894 δτι
2911 4845 3081 4899 καὶτὸ
3105 4846 3415 4920 Ναζαραῖον
3439 4852 3610 4925 ὄνομα

2046 4914 2324 4988 Ἐϐραϊκδν
2356 4926 2612 4995 τυγχάνει
2645 4930 2702 4984 ὲν
2746 4933 3015 5008 Λευῖτικῷ
3046 4939 3138 4992 ἐπὶ
3168 4914 3278 4995 τοῦ-
3305 4914 3608 5018 χρίσματος

2027 5005 2123 5059 τοῦ
2155 5012 2285 5082 παρ’
2314 5015 2498 5081 αὐτοῖς
2530 5020 2784 5090 Χριστοῦ.
2816 5020 2925 5079 Ἦν
2950 5028 3007 5080 δὲ
3039 5022 3193 5097 οὗτος
3215 5035 3243 5087 ὁ
3273 5036 3458 5108 ἄρχων
3485 5041 3603 5094 κατ’

2026 5099 2208 5154 εἰκόνα
2233 5104 2325 5156 τοῦ
2364 5109 2598 5176 μεγάλου
2633 5116 2724 5167 καὶ
2757 5116 2969 5188 ἀληθῶς
3003 5099 3435 5197 ἀρχιερέως-τοῦ
3468 5132 3601 5205 Χρι-

2025 5191 2149 5243 στοῦ
2170 5193 2263 5246 τοῦ
2296 5196 2451 5263 Θεοῦ,
2477 5201 2674 5276 σκιώδη
2705 5208 2824 5262 τινὰ
2854 5213 2945 5264 καὶ
2975 5217 3199 5271 τυπικὸν
3224 5221 3457 5293 Χριστὸν
3481 5224 3599 5278 ἐπιε-

2024 5282 2338 5353 φερόμενος.
2374 5290 2460 5343 Ἐν
2492 5287 2573 5356 οἷς
2599 5297 2727 5364 γοῦν
2758 5300 2970 5373 εἴρηται
3004 5308 3146 5362 κατά
3169 5282 3295 5375 τοὺς
3334 5313 3592 5387 Ἑϐδομή-

2026 5392 2189 5427 κοντα
2218 5380 2345 5452 περὶ
2378 5383 2470 5436 τοῦ
2513 5387 2834 5462 Ἀρχιερέως
2858 5413 2871 5426 ·
2908 5417 2926 5448 ι
2956 5400 3066 5453 Καὶ
3089 5403 3151 5455 οὐ
3184 5380 3593 5477 βεϐηλώσειτόν

2020 5467 2350 5538 ἡγιασμένον
2396 5475 2488 5529 τοῦ
2544 5479 2679 5534 Θεοῦ
2732 5486 2934 5540 αὐτοῦ’
2987 5492 3069 5546 ὅτι
3112 5493 3173 5548 τό
3219 5496 3374 5565 ἅγιον
3417 5499 3589 5555 ἔλαιον

2019 5558 2253 5629 Χριστοῦ
2278 5562 2368 5615 τοῦ
2394 5564 2528 5620 Θεοῦ
2561 5570 2723 5626 αὑτοῦ
2742 5590 2756 5604 ·
2802 5594 2821 5627 ι
2854 5578 2914 5632 τὸ
2949 5580 3048 5651 μὲν
3088 5558 3393 5655 Ἑϐραῖκὸν,
3426 5606 3447 5640 σ
3470 5589 3587 5642 Ὀτι

2018 5644 2203 5720 Ναζὲρ
2234 5649 2427 5719 ἔλαιον,
2463 5675 2480 5708 ι
2511 5661 2779 5731 περιέχει·
2814 5667 2843 5719 ὁ
2870 5666 2925 5719 δὲ
2949 5644 3223 5737 “Ἀκύλας·
3265 5692 3285 5726 ι
3330 5644 3449 5732 ’ότι
3491 5678 3576 5748 ἀφ

1974 5967 2033 5977 με
