  <div class='ocr_page' id='page_1' title='image "/cluster/home/n/w/nwhite01/storage/ocr_20150623/22/mdp.39015078384388/292.png"; bbox 0 0 3908 6266; ppageno 0'>
   <div class='ocr_carea' id='block_1_1' title="bbox 220 375 3415 447">
    <p class='ocr_par' dir='ltr' id='par_1_1' title="bbox 220 375 3415 447">
     <span class='ocr_line' id='line_1_1' title="bbox 220 375 3415 447; baseline -0.007 -2"><span class='ocrx_word' id='word_1_1' title='bbox 220 388 303 447; x_wconf 67' lang='grc' dir='ltr'>ιιι</span> <span class='ocrx_word' id='word_1_2' title='bbox 1075 375 1728 433; x_wconf 69' lang='lat' dir='ltr'><strong>DEMONSTRATIONlS</strong></span> <span class='ocrx_word' id='word_1_3' title='bbox 1768 376 2227 432; x_wconf 59' lang='lat' dir='ltr'><strong>evaxceucm</strong></span> <span class='ocrx_word' id='word_1_4' title='bbox 2273 377 2399 433; x_wconf 82' lang='lat' dir='ltr'><strong>LIB.</strong></span> <span class='ocrx_word' id='word_1_5' title='bbox 2446 378 2557 434; x_wconf 83' lang='lat' dir='ltr'><strong>vu.</strong></span> <span class='ocrx_word' id='word_1_6' title='bbox 3302 383 3415 439; x_wconf 66' lang='lat'><strong>55°</strong></span> 
     </span>
    </p>
   </div>
   <div class='ocr_carea' id='block_1_2' title="bbox 217 492 1760 573">
    <p class='ocr_par' dir='ltr' id='par_1_2' title="bbox 217 492 1742 573">
     <span class='ocr_line' id='line_1_2' title="bbox 217 492 1742 573; baseline -0.009 -16"><span class='ocrx_word' id='word_1_7' title='bbox 217 513 404 573; x_wconf 75' lang='grc' dir='ltr'>ὁρισμα,</span> <span class='ocrx_word' id='word_1_8' title='bbox 424 499 590 552; x_wconf 76' lang='grc' dir='ltr'>ἔλαιον</span> <span class='ocrx_word' id='word_1_9' title='bbox 610 495 936 567; x_wconf 79' lang='grc' dir='ltr'>ἀλείμματος</span> <span class='ocrx_word' id='word_1_10' title='bbox 962 492 1095 548; x_wconf 83' lang='grc' dir='ltr'><strong>Θεοῦ</strong></span> <span class='ocrx_word' id='word_1_11' title='bbox 1120 492 1284 547; x_wconf 85' lang='grc' dir='ltr'>αὑτοῦ</span> <span class='ocrx_word' id='word_1_12' title='bbox 1316 493 1400 545; x_wconf 74' lang='grc' dir='ltr'>ἐπ’</span> <span class='ocrx_word' id='word_1_13' title='bbox 1434 492 1582 546; x_wconf 78' lang='grc' dir='ltr'>αὑτῶ</span> <span class='ocrx_word' id='word_1_14' title='bbox 1604 507 1617 519; x_wconf 89' lang='grc'><strong>·</strong></span> <span class='ocrx_word' id='word_1_15' title='bbox 1658 511 1676 543; x_wconf 72' lang='grc' dir='ltr'>ι</span> <span class='ocrx_word' id='word_1_16' title='bbox 1714 492 1742 544; x_wconf 83' lang='grc' dir='ltr'>ὁ</span> 
     </span>
    </p>
   </div>
   <div class='ocr_carea' id='block_1_3' title="bbox 1866 492 3409 573">
    <p class='ocr_par' dir='ltr' id='par_1_3' title="bbox 1866 492 3409 563">
     <span class='ocr_line' id='line_1_3' title="bbox 1866 492 3409 563; baseline 0.008 -18"><span class='ocrx_word' id='word_1_17' title='bbox 1866 492 2071 546; x_wconf 70' lang='lat' dir='ltr'><strong>iatriam</strong></span> <span class='ocrx_word' id='word_1_18' title='bbox 2095 493 2429 563; x_wconf 87' lang='lat' dir='ltr'><strong>ascripserit.</strong></span> <span class='ocrx_word' id='word_1_19' title='bbox 2462 492 2729 549; x_wconf 69' lang='lat' dir='ltr'><strong>Caeterum</strong></span> <span class='ocrx_word' id='word_1_20' title='bbox 2750 495 2912 550; x_wconf 89' lang='lat' dir='ltr'><strong>etiam</strong></span> <span class='ocrx_word' id='word_1_21' title='bbox 2940 498 2996 552; x_wconf 92' lang='lat' dir='ltr'><strong>in</strong></span> <span class='ocrx_word' id='word_1_22' title='bbox 3024 497 3249 555; x_wconf 82' lang='lat' dir='ltr'><strong>Nazaris</strong></span> <span class='ocrx_word' id='word_1_23' title='bbox 3272 502 3409 557; x_wconf 89' lang='lat' dir='ltr'><strong>edu-</strong></span> 
     </span>
    </p>
   </div>
   <div class='ocr_carea' id='block_1_4' title="bbox 217 585 1760 664">
    <p class='ocr_par' dir='ltr' id='par_1_4' title="bbox 217 586 1739 664">
     <span class='ocr_line' id='line_1_4' title="bbox 217 586 1739 664; baseline -0.008 -13"><span class='ocrx_word' id='word_1_24' title='bbox 217 596 263 651; x_wconf 67' lang='grc' dir='ltr'><strong>δὲ</strong></span> <span class='ocrx_word' id='word_1_25' title='bbox 287 594 589 664; x_wconf 80' lang='grc' dir='ltr'><strong>Σύμμαχος·</strong></span> <span class='ocrx_word' id='word_1_26' title='bbox 630 607 650 639; x_wconf 73' lang='grc' dir='ltr'>ι</span> <span class='ocrx_word' id='word_1_27' title='bbox 690 588 808 641; x_wconf 86' lang='grc' dir='ltr'>Ὅτι</span> <span class='ocrx_word' id='word_1_28' title='bbox 839 586 1061 641; x_wconf 76' lang='grc' dir='ltr'><strong>ἄθικτον</strong></span> <span class='ocrx_word' id='word_1_29' title='bbox 1103 586 1281 640; x_wconf 74' lang='grc' dir='ltr'>ἔλαιον</span> <span class='ocrx_word' id='word_1_30' title='bbox 1323 587 1418 639; x_wconf 90' lang='grc' dir='ltr'><strong>τοῦ</strong></span> <span class='ocrx_word' id='word_1_31' title='bbox 1444 586 1739 657; x_wconf 81' lang='grc' dir='ltr'><strong>χρίσματος</strong></span> 
     </span>
    </p>
   </div>
   <div class='ocr_carea' id='block_1_5' title="bbox 1867 585 3410 664">
    <p class='ocr_par' dir='ltr' id='par_1_5' title="bbox 1867 585 3410 651">
     <span class='ocr_line' id='line_1_5' title="bbox 1867 585 3410 651; baseline 0.008 -13"><span class='ocrx_word' id='word_1_32' title='bbox 1867 594 1996 638; x_wconf 85' lang='lat' dir='ltr'><strong>atus</strong></span> <span class='ocrx_word' id='word_1_33' title='bbox 2026 599 2147 639; x_wconf 88' lang='lat' dir='ltr'><strong>esse</strong></span> <span class='ocrx_word' id='word_1_34' title='bbox 2168 585 2393 651; x_wconf 89' lang='lat' dir='ltr'><strong>dicitur,</strong></span> <span class='ocrx_word' id='word_1_35' title='bbox 2420 595 2472 639; x_wconf 93' lang='lat' dir='ltr'><strong>et</strong></span> <span class='ocrx_word' id='word_1_36' title='bbox 2498 586 2579 641; x_wconf 85' lang='lat' dir='ltr'><strong>sic</strong></span> <span class='ocrx_word' id='word_1_37' title='bbox 2606 585 2901 643; x_wconf 66' lang='lat' dir='ltr'><strong>Nazaraeus</strong></span> <span class='ocrx_word' id='word_1_38' title='bbox 2928 589 3226 646; x_wconf 85' lang='lat' dir='ltr'><strong>vocandus.</strong></span> <span class='ocrx_word' id='word_1_39' title='bbox 3253 591 3410 651; x_wconf 81' lang='lat' dir='ltr'><strong>Scire</strong></span> 
     </span>
    </p>
   </div>
   <div class='ocr_carea' id='block_1_6' title="bbox 216 673 1759 749">
    <p class='ocr_par' dir='ltr' id='par_1_6' title="bbox 216 677 1740 749">
     <span class='ocr_line' id='line_1_6' title="bbox 216 677 1740 749; baseline -0.01 -7"><span class='ocrx_word' id='word_1_40' title='bbox 216 689 293 743; x_wconf 81' lang='grc' dir='ltr'><strong>τοῦ</strong></span> <span class='ocrx_word' id='word_1_41' title='bbox 318 682 438 739; x_wconf 81' lang='grc' dir='ltr'>Θεοῦ</span> <span class='ocrx_word' id='word_1_42' title='bbox 463 678 620 734; x_wconf 83' lang='grc' dir='ltr'>αὐτοῦ</span> <span class='ocrx_word' id='word_1_43' title='bbox 652 680 737 733; x_wconf 83' lang='grc' dir='ltr'><strong>ἐπ’</strong></span> <span class='ocrx_word' id='word_1_44' title='bbox 770 677 950 749; x_wconf 82' lang='grc' dir='ltr'>αύτῷ·</span> <span class='ocrx_word' id='word_1_45' title='bbox 997 698 1014 730; x_wconf 78' lang='grc' dir='ltr'>ι</span> <span class='ocrx_word' id='word_1_46' title='bbox 1052 680 1081 732; x_wconf 82' lang='grc' dir='ltr'><strong>ὁ</strong></span> <span class='ocrx_word' id='word_1_47' title='bbox 1122 678 1179 731; x_wconf 83' lang='grc' dir='ltr'><strong>δὲ</strong></span> <span class='ocrx_word' id='word_1_48' title='bbox 1210 677 1529 732; x_wconf 87' lang='grc' dir='ltr'>Θεοδοτίων·</span> <span class='ocrx_word' id='word_1_49' title='bbox 1570 695 1587 726; x_wconf 76' lang='grc' dir='ltr'>ι</span> <span class='ocrx_word' id='word_1_50' title='bbox 1620 677 1740 729; x_wconf 85' lang='grc' dir='ltr'><strong>’Ὁτι</strong></span> 
     </span>
    </p>
   </div>
   <div class='ocr_carea' id='block_1_7' title="bbox 1861 673 3404 749">
    <p class='ocr_par' dir='ltr' id='par_1_7' title="bbox 1861 674 3404 745">
     <span class='ocr_line' id='line_1_7' title="bbox 1861 674 3404 745; baseline 0.008 -20"><span class='ocrx_word' id='word_1_51' title='bbox 1861 674 2007 741; x_wconf 84' lang='lat' dir='ltr'><strong>gitur</strong></span> <span class='ocrx_word' id='word_1_52' title='bbox 2050 681 2265 745; x_wconf 80' lang='lat' dir='ltr'><strong>Oportet</strong></span> <span class='ocrx_word' id='word_1_53' title='bbox 2304 674 2451 744; x_wconf 92' lang='lat' dir='ltr'><strong>quod</strong></span> <span class='ocrx_word' id='word_1_54' title='bbox 2500 690 2696 731; x_wconf 86' lang='lat' dir='ltr'><strong>nomen</strong></span> <span class='ocrx_word' id='word_1_55' title='bbox 2728 686 2813 733; x_wconf 90' lang='lat' dir='ltr'><strong>est</strong></span> <span class='ocrx_word' id='word_1_56' title='bbox 2864 677 3193 735; x_wconf 83' lang='lat' dir='ltr'><strong>Hebraicum</strong></span> <span class='ocrx_word' id='word_1_57' title='bbox 3239 681 3404 737; x_wconf 78' lang='lat' dir='ltr'><strong>Nazi-</strong></span> 
     </span>
    </p>
   </div>
   <div class='ocr_carea' id='block_1_8' title="bbox 215 761 1758 844">
    <p class='ocr_par' dir='ltr' id='par_1_8' title="bbox 215 768 1742 844">
     <span class='ocr_line' id='line_1_8' title="bbox 215 768 1742 844; baseline -0.007 -12"><span class='ocrx_word' id='word_1_58' title='bbox 215 778 263 832; x_wconf 73' lang='grc' dir='ltr'>τδ</span> <span class='ocrx_word' id='word_1_59' title='bbox 288 773 449 844; x_wconf 75' lang='grc' dir='ltr'><strong>Ναζὲρ</strong></span> <span class='ocrx_word' id='word_1_60' title='bbox 473 772 643 825; x_wconf 81' lang='grc' dir='ltr'>ἔλαιον</span> <span class='ocrx_word' id='word_1_61' title='bbox 668 769 727 823; x_wconf 80' lang='grc' dir='ltr'><strong>τὸ</strong></span> <span class='ocrx_word' id='word_1_62' title='bbox 749 769 965 841; x_wconf 83' lang='grc' dir='ltr'>χριστὸν</span> <span class='ocrx_word' id='word_1_63' title='bbox 1000 769 1151 842; x_wconf 81' lang='grc' dir='ltr'>παρὰ</span> <span class='ocrx_word' id='word_1_64' title='bbox 1178 769 1311 823; x_wconf 87' lang='grc' dir='ltr'>Θεοῦ</span> <span class='ocrx_word' id='word_1_65' title='bbox 1336 768 1500 823; x_wconf 84' lang='grc' dir='ltr'>αὑτοῦ</span> <span class='ocrx_word' id='word_1_66' title='bbox 1530 770 1615 821; x_wconf 86' lang='grc' dir='ltr'><strong>ἐπ’</strong></span> <span class='ocrx_word' id='word_1_67' title='bbox 1645 768 1742 821; x_wconf 90' lang='grc' dir='ltr'><strong>αύ-</strong></span> 
     </span>
    </p>
   </div>
   <div class='ocr_carea' id='block_1_9' title="bbox 1862 761 3405 844">
    <p class='ocr_par' dir='ltr' id='par_1_9' title="bbox 1862 761 3405 843">
     <span class='ocr_line' id='line_1_9' title="bbox 1862 761 3405 843; baseline 0.01 -28"><span class='ocrx_word' id='word_1_68' title='bbox 1862 777 2004 816; x_wconf 66' lang='lat' dir='ltr'><strong>teum</strong></span> <span class='ocrx_word' id='word_1_69' title='bbox 2048 762 2103 816; x_wconf 91' lang='lat' dir='ltr'><strong>in</strong></span> <span class='ocrx_word' id='word_1_70' title='bbox 2153 761 2418 829; x_wconf 85' lang='lat' dir='ltr'><strong>Levitico,</strong></span> <span class='ocrx_word' id='word_1_71' title='bbox 2466 764 2518 819; x_wconf 92' lang='lat' dir='ltr'><strong>in</strong></span> <span class='ocrx_word' id='word_1_72' title='bbox 2555 766 2677 835; x_wconf 86' lang='lat' dir='ltr'><strong>ejus</strong></span> <span class='ocrx_word' id='word_1_73' title='bbox 2704 766 2909 826; x_wconf 76' lang='lat' dir='ltr'><strong>Christi</strong></span> <span class='ocrx_word' id='word_1_74' title='bbox 2947 772 3208 828; x_wconf 90' lang='lat' dir='ltr'><strong>unctione</strong></span> <span class='ocrx_word' id='word_1_75' title='bbox 3244 790 3405 843; x_wconf 89' lang='lat' dir='ltr'><strong>quem</strong></span> 
     </span>
    </p>
   </div>
   <div class='ocr_carea' id='block_1_10' title="bbox 214 851 1757 938">
    <p class='ocr_par' dir='ltr' id='par_1_10' title="bbox 214 858 1741 938">
     <span class='ocr_line' id='line_1_10' title="bbox 214 858 1741 938; baseline -0.007 -18"><span class='ocrx_word' id='word_1_76' title='bbox 214 869 293 938; x_wconf 76' lang='grc' dir='ltr'><strong>τῷ·</strong></span> <span class='ocrx_word' id='word_1_77' title='bbox 343 885 361 917; x_wconf 77' lang='grc' dir='ltr'>ι</span> <span class='ocrx_word' id='word_1_78' title='bbox 388 863 518 917; x_wconf 83' lang='grc' dir='ltr'>ὥστε</span> <span class='ocrx_word' id='word_1_79' title='bbox 550 858 765 916; x_wconf 80' lang='grc' dir='ltr'>εἶναιτὸ</span> <span class='ocrx_word' id='word_1_80' title='bbox 798 860 1000 933; x_wconf 75' lang='grc' dir='ltr'>Ναζέρ,</span> <span class='ocrx_word' id='word_1_81' title='bbox 1035 860 1176 914; x_wconf 86' lang='grc' dir='ltr'>κατά</span> <span class='ocrx_word' id='word_1_82' title='bbox 1208 861 1306 932; x_wconf 79' lang='grc' dir='ltr'>μὲν</span> <span class='ocrx_word' id='word_1_83' title='bbox 1329 862 1452 923; x_wconf 83' lang='grc' dir='ltr'>τοὺς</span> <span class='ocrx_word' id='word_1_84' title='bbox 1486 860 1741 930; x_wconf 74' lang='grc' dir='ltr'><strong>Ἑϐδομή-</strong></span> 
     </span>
    </p>
   </div>
   <div class='ocr_carea' id='block_1_11' title="bbox 1865 851 3408 938">
    <p class='ocr_par' dir='ltr' id='par_1_11' title="bbox 1865 852 3408 929">
     <span class='ocr_line' id='line_1_11' title="bbox 1865 852 3408 929; baseline 0.01 -26"><span class='ocrx_word' id='word_1_85' title='bbox 1865 852 1940 921; x_wconf 88' lang='lat' dir='ltr'><strong>psi</strong></span> <span class='ocrx_word' id='word_1_86' title='bbox 1970 852 2259 907; x_wconf 76' lang='lat' dir='ltr'><strong>habebant.</strong></span> <span class='ocrx_word' id='word_1_87' title='bbox 2293 852 2463 908; x_wconf 87' lang='lat' dir='ltr'><strong>Porro</strong></span> <span class='ocrx_word' id='word_1_88' title='bbox 2484 855 2570 909; x_wconf 91' lang='lat' dir='ltr'><strong>hic</strong></span> <span class='ocrx_word' id='word_1_89' title='bbox 2603 864 2719 910; x_wconf 87' lang='lat' dir='ltr'><strong>erat</strong></span> <span class='ocrx_word' id='word_1_90' title='bbox 2754 860 3120 929; x_wconf 85' lang='lat' dir='ltr'><strong>principatum</strong></span> <span class='ocrx_word' id='word_1_91' title='bbox 3152 863 3408 919; x_wconf 81' lang='lat' dir='ltr'><strong>obtinens</strong></span> 
     </span>
    </p>
   </div>
   <div class='ocr_carea' id='block_1_12' title="bbox 215 943 1758 1024">
    <p class='ocr_par' dir='ltr' id='par_1_12' title="bbox 215 950 1739 1024">
     <span class='ocr_line' id='line_1_12' title="bbox 215 950 1739 1024; baseline -0.005 -12"><span class='ocrx_word' id='word_1_92' title='bbox 215 973 368 1019; x_wconf 83' lang='grc' dir='ltr'>κοντα,</span> <span class='ocrx_word' id='word_1_93' title='bbox 391 955 572 1024; x_wconf 75' lang='grc' dir='ltr'>ἅγιον,</span> <span class='ocrx_word' id='word_1_94' title='bbox 606 953 745 1008; x_wconf 84' lang='grc' dir='ltr'>κατά</span> <span class='ocrx_word' id='word_1_95' title='bbox 774 952 833 1006; x_wconf 84' lang='grc' dir='ltr'><strong>δέ</strong></span> <span class='ocrx_word' id='word_1_96' title='bbox 853 953 943 1005; x_wconf 83' lang='grc' dir='ltr'>τὸν</span> <span class='ocrx_word' id='word_1_97' title='bbox 959 952 1210 1016; x_wconf 84' lang='grc' dir='ltr'>Ἀκύλαν,</span> <span class='ocrx_word' id='word_1_98' title='bbox 1245 952 1565 1021; x_wconf 65' lang='grc' dir='ltr'>ἀφόρισμα,</span> <span class='ocrx_word' id='word_1_99' title='bbox 1600 950 1739 1005; x_wconf 76' lang='grc' dir='ltr'>κατὰ</span> 
     </span>
    </p>
   </div>
   <div class='ocr_carea' id='block_1_13' title="bbox 1863 943 3406 1024">
    <p class='ocr_par' dir='ltr' id='par_1_13' title="bbox 1863 943 3406 1017">
     <span class='ocr_line' id='line_1_13' title="bbox 1863 943 3406 1017; baseline 0.008 -20"><span class='ocrx_word' id='word_1_100' title='bbox 1863 943 2137 997; x_wconf 78' lang='lat' dir='ltr'><strong>ecundum</strong></span> <span class='ocrx_word' id='word_1_101' title='bbox 2174 944 2463 1014; x_wconf 80' lang='lat' dir='ltr'><strong>imaginem</strong></span> <span class='ocrx_word' id='word_1_102' title='bbox 2493 950 2671 1017; x_wconf 80' lang='lat' dir='ltr'><strong>magni</strong></span> <span class='ocrx_word' id='word_1_103' title='bbox 2703 956 2758 1003; x_wconf 92' lang='lat' dir='ltr'><strong>et</strong></span> <span class='ocrx_word' id='word_1_104' title='bbox 2780 951 2894 1005; x_wconf 85' lang='lat' dir='ltr'><strong>veri</strong></span> <span class='ocrx_word' id='word_1_105' title='bbox 2930 950 3213 1009; x_wconf 81' lang='lat' dir='ltr'><strong>Pontiﬁcis</strong></span> <span class='ocrx_word' id='word_1_106' title='bbox 3243 954 3406 1010; x_wconf 89' lang='lat' dir='ltr'><strong>Chri-</strong></span> 
     </span>
    </p>
   </div>
   <div class='ocr_carea' id='block_1_14' title="bbox 211 1032 1754 1117">
    <p class='ocr_par' dir='ltr' id='par_1_14' title="bbox 211 1042 1741 1117">
     <span class='ocr_line' id='line_1_14' title="bbox 211 1042 1741 1117; baseline -0.005 -15"><span class='ocrx_word' id='word_1_107' title='bbox 211 1050 256 1102; x_wconf 76' lang='grc' dir='ltr'><strong>ὂὲ</strong></span> <span class='ocrx_word' id='word_1_108' title='bbox 275 1047 355 1101; x_wconf 76' lang='grc' dir='ltr'>τὸν</span> <span class='ocrx_word' id='word_1_109' title='bbox 383 1044 684 1117; x_wconf 79' lang='grc' dir='ltr'><strong>Σύμμαχον,</strong></span> <span class='ocrx_word' id='word_1_110' title='bbox 718 1044 961 1099; x_wconf 77' lang='grc' dir='ltr'><em>ἄθικτον</em></span> <span class='ocrx_word' id='word_1_111' title='bbox 978 1062 991 1074; x_wconf 80' lang='grc'><em>’</em></span> <span class='ocrx_word' id='word_1_112' title='bbox 1019 1044 1156 1097; x_wconf 85' lang='grc' dir='ltr'>ὥστε</span> <span class='ocrx_word' id='word_1_113' title='bbox 1188 1045 1251 1097; x_wconf 84' lang='grc' dir='ltr'>ἐκ</span> <span class='ocrx_word' id='word_1_114' title='bbox 1280 1043 1467 1097; x_wconf 89' lang='grc' dir='ltr'>τούτου</span> <span class='ocrx_word' id='word_1_115' title='bbox 1490 1042 1550 1095; x_wconf 82' lang='grc' dir='ltr'><strong>τὸ</strong></span> <span class='ocrx_word' id='word_1_116' title='bbox 1574 1042 1741 1106; x_wconf 71' lang='grc' dir='ltr'><strong>Ναξι-</strong></span> 
     </span>
    </p>
   </div>
   <div class='ocr_carea' id='block_1_15' title="bbox 1866 1032 3409 1117">
    <p class='ocr_par' dir='ltr' id='par_1_15' title="bbox 1870 1032 3409 1114">
     <span class='ocr_line' id='line_1_15' title="bbox 1870 1032 3409 1114; baseline 0.01 -29"><span class='ocrx_word' id='word_1_117' title='bbox 1870 1033 1909 1085; x_wconf 93' lang='lat' dir='ltr'><strong>ti</strong></span> <span class='ocrx_word' id='word_1_118' title='bbox 1941 1032 2055 1097; x_wconf 89' lang='lat' dir='ltr'><strong>Dei,</strong></span> <span class='ocrx_word' id='word_1_119' title='bbox 2101 1035 2479 1090; x_wconf 89' lang='lat' dir='ltr'><strong>adumbratum</strong></span> <span class='ocrx_word' id='word_1_120' title='bbox 2509 1039 2760 1094; x_wconf 71' lang='lat' dir='ltr'><strong>videlicet</strong></span> <span class='ocrx_word' id='word_1_121' title='bbox 2789 1042 3077 1110; x_wconf 88' lang='lat' dir='ltr'><strong>quemdam</strong></span> <span class='ocrx_word' id='word_1_122' title='bbox 3123 1052 3178 1099; x_wconf 89' lang='lat' dir='ltr'><strong>et</strong></span> <span class='ocrx_word' id='word_1_123' title='bbox 3213 1044 3409 1114; x_wconf 80' lang='lat' dir='ltr'><strong>ﬁgura-</strong></span> 
     </span>
    </p>
   </div>
   <div class='ocr_carea' id='block_1_16' title="bbox 213 1125 1756 1213">
    <p class='ocr_par' dir='ltr' id='par_1_16' title="bbox 213 1133 1738 1213">
     <span class='ocr_line' id='line_1_16' title="bbox 213 1133 1738 1213; baseline -0.003 -22"><span class='ocrx_word' id='word_1_124' title='bbox 213 1142 336 1213; x_wconf 87' lang='grc' dir='ltr'>ραῖον</span> <span class='ocrx_word' id='word_1_125' title='bbox 380 1138 539 1207; x_wconf 77' lang='grc' dir='ltr'>ὄνομα</span> <span class='ocrx_word' id='word_1_126' title='bbox 587 1135 870 1207; x_wconf 77' lang='grc' dir='ltr'><strong>σημαίνειν</strong></span> <span class='ocrx_word' id='word_1_127' title='bbox 916 1136 1033 1207; x_wconf 70' lang='grc' dir='ltr'>ἦτοι</span> <span class='ocrx_word' id='word_1_128' title='bbox 1067 1135 1155 1187; x_wconf 80' lang='grc' dir='ltr'><strong>τὸν</strong></span> <span class='ocrx_word' id='word_1_129' title='bbox 1203 1134 1440 1204; x_wconf 80' lang='grc' dir='ltr'>ἆγιον,ἢ</span> <span class='ocrx_word' id='word_1_130' title='bbox 1482 1133 1573 1188; x_wconf 81' lang='grc' dir='ltr'>τὸν</span> <span class='ocrx_word' id='word_1_131' title='bbox 1634 1135 1738 1203; x_wconf 80' lang='grc' dir='ltr'>ἀφ-</span> 
     </span>
    </p>
   </div>
   <div class='ocr_carea' id='block_1_17' title="bbox 1859 1125 3402 1213">
    <p class='ocr_par' dir='ltr' id='par_1_17' title="bbox 1865 1125 3402 1198">
     <span class='ocr_line' id='line_1_17' title="bbox 1865 1125 3402 1198; baseline 0.008 -20"><span class='ocrx_word' id='word_1_132' title='bbox 1865 1142 1952 1179; x_wconf 90' lang='lat' dir='ltr'><strong>um</strong></span> <span class='ocrx_word' id='word_1_133' title='bbox 1978 1125 2256 1182; x_wconf 87' lang='lat' dir='ltr'><strong>Christum</strong></span> <span class='ocrx_word' id='word_1_134' title='bbox 2281 1138 2697 1198; x_wconf 62' lang='lat' dir='ltr'><strong>repraesentans.</strong></span> <span class='ocrx_word' id='word_1_135' title='bbox 2731 1130 2828 1186; x_wconf 86' lang='lat' dir='ltr'><strong>Ubi</strong></span> <span class='ocrx_word' id='word_1_136' title='bbox 2848 1149 2975 1187; x_wconf 87' lang='lat' dir='ltr'><strong>vero</strong></span> <span class='ocrx_word' id='word_1_137' title='bbox 3003 1133 3144 1188; x_wconf 75' lang='lat' dir='ltr'><strong>LXX</strong></span> <span class='ocrx_word' id='word_1_138' title='bbox 3161 1136 3226 1189; x_wconf 88' lang='lat' dir='ltr'><strong>de</strong></span> <span class='ocrx_word' id='word_1_139' title='bbox 3258 1136 3402 1191; x_wconf 90' lang='lat' dir='ltr'><strong>Pon-</strong></span> 
     </span>
    </p>
   </div>
   <div class='ocr_carea' id='block_1_18' title="bbox 210 1214 1753 1302">
    <p class='ocr_par' dir='ltr' id='par_1_18' title="bbox 210 1227 1736 1302">
     <span class='ocr_line' id='line_1_18' title="bbox 210 1227 1736 1302; baseline -0.001 -18"><span class='ocrx_word' id='word_1_140' title='bbox 210 1229 544 1302; x_wconf 83' lang='grc' dir='ltr'>ωρισμένον,ἢ</span> <span class='ocrx_word' id='word_1_141' title='bbox 573 1228 663 1282; x_wconf 80' lang='grc' dir='ltr'><strong>τὸν</strong></span> <span class='ocrx_word' id='word_1_142' title='bbox 692 1228 927 1282; x_wconf 81' lang='grc' dir='ltr'><strong>ἄθικτον.</strong></span> <span class='ocrx_word' id='word_1_143' title='bbox 972 1228 1107 1281; x_wconf 85' lang='grc' dir='ltr'>Ἀλλ’</span> <span class='ocrx_word' id='word_1_144' title='bbox 1138 1230 1186 1282; x_wconf 92' lang='grc' dir='ltr'><strong>οἱ</strong></span> <span class='ocrx_word' id='word_1_145' title='bbox 1228 1228 1324 1298; x_wconf 85' lang='grc' dir='ltr'><strong>μὲν</strong></span> <span class='ocrx_word' id='word_1_146' title='bbox 1356 1227 1521 1281; x_wconf 78' lang='grc' dir='ltr'>πάλαι</span> <span class='ocrx_word' id='word_1_147' title='bbox 1554 1230 1736 1299; x_wconf 89' lang='grc' dir='ltr'>ἱερεῖς,</span> 
     </span>
    </p>
   </div>
   <div class='ocr_carea' id='block_1_19' title="bbox 1863 1214 3406 1302">
    <p class='ocr_par' dir='ltr' id='par_1_19' title="bbox 1865 1214 3406 1297">
     <span class='ocr_line' id='line_1_19' title="bbox 1865 1214 3406 1297; baseline 0.01 -29"><span class='ocrx_word' id='word_1_148' title='bbox 1865 1214 1985 1271; x_wconf 78' lang='lat' dir='ltr'><strong>ilice</strong></span> <span class='ocrx_word' id='word_1_149' title='bbox 2020 1217 2093 1270; x_wconf 88' lang='lat' dir='ltr'><strong>ita</strong></span> <span class='ocrx_word' id='word_1_150' title='bbox 2138 1218 2479 1289; x_wconf 88' lang='lat' dir='ltr'><strong>interpretati</strong></span> <span class='ocrx_word' id='word_1_151' title='bbox 2535 1230 2681 1286; x_wconf 90' lang='lat' dir='ltr'><strong>sunt,</strong></span> <span class='ocrx_word' id='word_1_152' title='bbox 2735 1242 2753 1273; x_wconf 78' lang='grc' dir='ltr'>ι</span> <span class='ocrx_word' id='word_1_153' title='bbox 2785 1232 2838 1278; x_wconf 89' lang='lat' dir='ltr'><strong>ct</strong></span> <span class='ocrx_word' id='word_1_154' title='bbox 2884 1240 2993 1278; x_wconf 87' lang='lat' dir='ltr'><strong>non</strong></span> <span class='ocrx_word' id='word_1_155' title='bbox 3031 1227 3233 1295; x_wconf 89' lang='lat' dir='ltr'><strong>polluet</strong></span> <span class='ocrx_word' id='word_1_156' title='bbox 3261 1229 3406 1297; x_wconf 91' lang='lat' dir='ltr'><strong>quod</strong></span> 
     </span>
    </p>
   </div>
   <div class='ocr_carea' id='block_1_20' title="bbox 210 1306 1753 1391">
    <p class='ocr_par' dir='ltr' id='par_1_20' title="bbox 210 1317 1739 1391">
     <span class='ocr_line' id='line_1_20' title="bbox 210 1317 1739 1391; baseline -0.003 -16"><span class='ocrx_word' id='word_1_157' title='bbox 210 1323 263 1376; x_wconf 77' lang='grc' dir='ltr'>δι’</span> <span class='ocrx_word' id='word_1_158' title='bbox 282 1321 439 1375; x_wconf 82' lang='grc' dir='ltr'>ἐλαίου</span> <span class='ocrx_word' id='word_1_159' title='bbox 463 1319 777 1384; x_wconf 79' lang='grc' dir='ltr'><strong>σκευαστοῦ,</strong></span> <span class='ocrx_word' id='word_1_160' title='bbox 807 1318 899 1372; x_wconf 87' lang='grc' dir='ltr'>τοῦ</span> <span class='ocrx_word' id='word_1_161' title='bbox 923 1317 1071 1391; x_wconf 85' lang='grc' dir='ltr'><strong>παρά</strong></span> <span class='ocrx_word' id='word_1_162' title='bbox 1114 1320 1302 1372; x_wconf 87' lang='grc' dir='ltr'>Μωσεί</span> <span class='ocrx_word' id='word_1_163' title='bbox 1341 1317 1523 1389; x_wconf 77' lang='grc' dir='ltr'><strong>Ναζὲρ</strong></span> <span class='ocrx_word' id='word_1_164' title='bbox 1549 1319 1739 1371; x_wconf 85' lang='grc' dir='ltr'>καλου-</span> 
     </span>
    </p>
   </div>
   <div class='ocr_carea' id='block_1_21' title="bbox 1862 1306 3405 1391">
    <p class='ocr_par' dir='ltr' id='par_1_21' title="bbox 1862 1306 3405 1384">
     <span class='ocr_line' id='line_1_21' title="bbox 1862 1306 3405 1384; baseline 0.011 -27"><span class='ocrx_word' id='word_1_165' title='bbox 1862 1306 2233 1362; x_wconf 83' lang='lat' dir='ltr'><strong>.auctiﬁcatum</strong></span> <span class='ocrx_word' id='word_1_166' title='bbox 2264 1318 2348 1365; x_wconf 91' lang='lat' dir='ltr'><strong>est</strong></span> <span class='ocrx_word' id='word_1_167' title='bbox 2380 1311 2470 1366; x_wconf 87' lang='lat' dir='ltr'><strong>Dei</strong></span> <span class='ocrx_word' id='word_1_168' title='bbox 2501 1315 2605 1377; x_wconf 92' lang='lat' dir='ltr'><strong>sui,</strong></span> <span class='ocrx_word' id='word_1_169' title='bbox 2640 1316 2896 1384; x_wconf 89' lang='lat' dir='ltr'><strong>quoniam</strong></span> <span class='ocrx_word' id='word_1_170' title='bbox 2930 1326 3179 1371; x_wconf 91' lang='lat' dir='ltr'><strong>sanctum</strong></span> <span class='ocrx_word' id='word_1_171' title='bbox 3222 1321 3405 1374; x_wconf 85' lang='lat' dir='ltr'><strong>oleum</strong></span> 
     </span>
    </p>
   </div>
   <div class='ocr_carea' id='block_1_22' title="bbox 212 1399 1755 1482">
    <p class='ocr_par' dir='ltr' id='par_1_22' title="bbox 212 1406 1737 1482">
     <span class='ocr_line' id='line_1_22' title="bbox 212 1406 1737 1482; baseline -0.002 -19"><span class='ocrx_word' id='word_1_172' title='bbox 212 1411 363 1482; x_wconf 84' lang='grc' dir='ltr'>μένου,</span> <span class='ocrx_word' id='word_1_173' title='bbox 393 1410 681 1480; x_wconf 82' lang='grc' dir='ltr'>χριόμενοι,</span> <span class='ocrx_word' id='word_1_174' title='bbox 728 1406 1075 1479; x_wconf 80' lang='grc' dir='ltr'><strong>παραγώγως</strong></span> <span class='ocrx_word' id='word_1_175' title='bbox 1115 1408 1223 1461; x_wconf 80' lang='grc' dir='ltr'>ἀπὸ</span> <span class='ocrx_word' id='word_1_176' title='bbox 1267 1406 1360 1459; x_wconf 91' lang='grc' dir='ltr'><strong>τοῦ</strong></span> <span class='ocrx_word' id='word_1_177' title='bbox 1395 1406 1575 1479; x_wconf 76' lang='grc' dir='ltr'>Ναζέρ</span> <span class='ocrx_word' id='word_1_178' title='bbox 1608 1408 1737 1460; x_wconf 88' lang='grc' dir='ltr'>ἐκα-</span> 
     </span>
    </p>
   </div>
   <div class='ocr_carea' id='block_1_23' title="bbox 1863 1399 3406 1482">
    <p class='ocr_par' dir='ltr' id='par_1_23' title="bbox 1863 1399 3406 1478">
     <span class='ocr_line' id='line_1_23' title="bbox 1863 1399 3406 1478; baseline 0.008 -27"><span class='ocrx_word' id='word_1_179' title='bbox 1863 1399 2111 1455; x_wconf 72' lang='lat' dir='ltr'><strong>unctionis</strong></span> <span class='ocrx_word' id='word_1_180' title='bbox 2134 1399 2226 1455; x_wconf 91' lang='lat' dir='ltr'><strong>Dei</strong></span> <span class='ocrx_word' id='word_1_181' title='bbox 2252 1403 2336 1456; x_wconf 92' lang='lat' dir='ltr'><strong>sui</strong></span> <span class='ocrx_word' id='word_1_182' title='bbox 2360 1403 2426 1469; x_wconf 82' lang='grc'><strong>⁹¹,</strong></span> <span class='ocrx_word' id='word_1_183' title='bbox 2453 1423 2471 1455; x_wconf 75' lang='grc' dir='ltr'>ι</span> <span class='ocrx_word' id='word_1_184' title='bbox 2503 1403 2557 1457; x_wconf 82' lang='grc' dir='ltr'>ἰη</span> <span class='ocrx_word' id='word_1_185' title='bbox 2583 1403 2849 1460; x_wconf 81' lang='lat' dir='ltr'><strong>Hebraico</strong></span> <span class='ocrx_word' id='word_1_186' title='bbox 2869 1408 3084 1477; x_wconf 82' lang='lat' dir='ltr'><strong>legitur,</strong></span> <span class='ocrx_word' id='word_1_187' title='bbox 3113 1426 3129 1458; x_wconf 78' lang='grc' dir='ltr'>ι</span> <span class='ocrx_word' id='word_1_188' title='bbox 3150 1412 3406 1478; x_wconf 89' lang='lat' dir='ltr'><strong>quoniam</strong></span> 
     </span>
    </p>
   </div>
   <div class='ocr_carea' id='block_1_24' title="bbox 210 1488 1753 1572">
    <p class='ocr_par' dir='ltr' id='par_1_24' title="bbox 210 1498 1738 1572">
     <span class='ocr_line' id='line_1_24' title="bbox 210 1498 1738 1572; baseline -0.003 -17"><span class='ocrx_word' id='word_1_189' title='bbox 210 1501 365 1555; x_wconf 79' lang='grc' dir='ltr'>λοῦντο</span> <span class='ocrx_word' id='word_1_190' title='bbox 408 1501 726 1572; x_wconf 76' lang='grc' dir='ltr'>Ναξιραῖοι·</span> <span class='ocrx_word' id='word_1_191' title='bbox 782 1502 811 1552; x_wconf 82' lang='grc' dir='ltr'><strong>ὁ</strong></span> <span class='ocrx_word' id='word_1_192' title='bbox 848 1499 905 1551; x_wconf 86' lang='grc' dir='ltr'><strong>δὲ</strong></span> <span class='ocrx_word' id='word_1_193' title='bbox 953 1499 1141 1570; x_wconf 76' lang='grc' dir='ltr'>Σωτὴρ</span> <span class='ocrx_word' id='word_1_194' title='bbox 1187 1499 1279 1551; x_wconf 75' lang='grc' dir='ltr'><strong>καὶ</strong></span> <span class='ocrx_word' id='word_1_195' title='bbox 1330 1499 1531 1570; x_wconf 84' lang='grc' dir='ltr'>Κύριος</span> <span class='ocrx_word' id='word_1_196' title='bbox 1583 1498 1738 1569; x_wconf 80' lang='grc' dir='ltr'>ήμῶν</span> 
     </span>
    </p>
   </div>
   <div class='ocr_carea' id='block_1_25' title="bbox 1868 1488 3411 1572">
    <p class='ocr_par' dir='ltr' id='par_1_25' title="bbox 1868 1488 3411 1570">
     <span class='ocr_line' id='line_1_25' title="bbox 1868 1488 3411 1570; baseline 0.009 -29"><span class='ocrx_word' id='word_1_197' title='bbox 1868 1488 2012 1543; x_wconf 80' lang='lat' dir='ltr'><strong>lazer</strong></span> <span class='ocrx_word' id='word_1_198' title='bbox 2042 1492 2219 1547; x_wconf 93' lang='lat' dir='ltr'><strong>oleum</strong></span> <span class='ocrx_word' id='word_1_199' title='bbox 2254 1512 2267 1547; x_wconf 89' lang='lat'>:</span> <span class='ocrx_word' id='word_1_200' title='bbox 2304 1513 2321 1545; x_wconf 82' lang='lat'><strong>)</strong></span> <span class='ocrx_word' id='word_1_201' title='bbox 2355 1495 2548 1562; x_wconf 83' lang='lat' dir='ltr'><strong>Aquila</strong></span> <span class='ocrx_word' id='word_1_202' title='bbox 2583 1506 2760 1551; x_wconf 87' lang='lat' dir='ltr'><strong>autem</strong></span> <span class='ocrx_word' id='word_1_203' title='bbox 2800 1499 2879 1553; x_wconf 90' lang='lat' dir='ltr'><strong>sic</strong></span> <span class='ocrx_word' id='word_1_204' title='bbox 2906 1503 3193 1566; x_wconf 79' lang='lat' dir='ltr'><strong>convertit,</strong></span> <span class='ocrx_word' id='word_1_205' title='bbox 3230 1519 3249 1553; x_wconf 73' lang='grc' dir='ltr'>ι</span> <span class='ocrx_word' id='word_1_206' title='bbox 3282 1516 3411 1570; x_wconf 89' lang='lat' dir='ltr'><strong>quo-</strong></span> 
     </span>
    </p>
   </div>
   <div class='ocr_carea' id='block_1_26' title="bbox 210 1582 1753 1663">
    <p class='ocr_par' dir='ltr' id='par_1_26' title="bbox 210 1586 1738 1661">
     <span class='ocr_line' id='line_1_26' title="bbox 210 1586 1738 1661; baseline -0.005 -15"><span class='ocrx_word' id='word_1_207' title='bbox 210 1592 325 1646; x_wconf 83' lang='grc' dir='ltr'>κατὰ</span> <span class='ocrx_word' id='word_1_208' title='bbox 356 1590 503 1661; x_wconf 78' lang='grc' dir='ltr'>φύσιν</span> <span class='ocrx_word' id='word_1_209' title='bbox 538 1590 674 1660; x_wconf 76' lang='grc' dir='ltr'>ἔχων</span> <span class='ocrx_word' id='word_1_210' title='bbox 718 1588 780 1642; x_wconf 81' lang='grc' dir='ltr'>τὸ</span> <span class='ocrx_word' id='word_1_211' title='bbox 814 1590 987 1657; x_wconf 84' lang='grc' dir='ltr'>ἆγιον,</span> <span class='ocrx_word' id='word_1_212' title='bbox 1030 1590 1124 1641; x_wconf 76' lang='grc' dir='ltr'>καὶ</span> <span class='ocrx_word' id='word_1_213' title='bbox 1158 1588 1217 1641; x_wconf 88' lang='grc' dir='ltr'>τὸ</span> <span class='ocrx_word' id='word_1_214' title='bbox 1260 1586 1498 1649; x_wconf 77' lang='grc' dir='ltr'>ἄθικτον,</span> <span class='ocrx_word' id='word_1_215' title='bbox 1542 1587 1635 1640; x_wconf 68' lang='grc' dir='ltr'><strong>καὶ¹</strong></span> <span class='ocrx_word' id='word_1_216' title='bbox 1677 1587 1738 1639; x_wconf 80' lang='grc' dir='ltr'>τὸ</span> 
     </span>
    </p>
   </div>
   <div class='ocr_carea' id='block_1_27' title="bbox 1868 1582 3411 1663">
    <p class='ocr_par' dir='ltr' id='par_1_27' title="bbox 1868 1582 3411 1663">
     <span class='ocr_line' id='line_1_27' title="bbox 1868 1582 3411 1663; baseline 0.009 -29"><span class='ocrx_word' id='word_1_217' title='bbox 1868 1582 1982 1635; x_wconf 49' lang='lat' dir='ltr'><strong>[iam</strong></span> <span class='ocrx_word' id='word_1_218' title='bbox 2024 1586 2365 1655; x_wconf 76' lang='lat' dir='ltr'><strong>segregatio,</strong></span> <span class='ocrx_word' id='word_1_219' title='bbox 2411 1588 2590 1642; x_wconf 84' lang='lat' dir='ltr'><strong>oleum</strong></span> <span class='ocrx_word' id='word_1_220' title='bbox 2640 1589 2919 1643; x_wconf 83' lang='lat' dir='ltr'><strong>unctionis</strong></span> <span class='ocrx_word' id='word_1_221' title='bbox 2956 1589 3046 1645; x_wconf 85' lang='lat' dir='ltr'><strong>Dei</strong></span> <span class='ocrx_word' id='word_1_222' title='bbox 3107 1594 3191 1647; x_wconf 91' lang='lat' dir='ltr'><strong>sui</strong></span> <span class='ocrx_word' id='word_1_223' title='bbox 3247 1607 3411 1663; x_wconf 82' lang='lat' dir='ltr'><strong>super</strong></span> 
     </span>
    </p>
   </div>
   <div class='ocr_carea' id='block_1_28' title="bbox 209 1675 1752 1755">
    <p class='ocr_par' dir='ltr' id='par_1_28' title="bbox 209 1679 1734 1755">
     <span class='ocr_line' id='line_1_28' title="bbox 209 1679 1734 1755; baseline -0.004 -19"><span class='ocrx_word' id='word_1_224' title='bbox 209 1682 562 1755; x_wconf 74' lang='grc' dir='ltr'><strong>ἀφωρισμένον,</strong></span> <span class='ocrx_word' id='word_1_225' title='bbox 592 1682 653 1735; x_wconf 83' lang='grc' dir='ltr'>οὐ</span> <span class='ocrx_word' id='word_1_226' title='bbox 682 1680 931 1750; x_wconf 82' lang='grc' dir='ltr'><strong>δεόμενός</strong></span> <span class='ocrx_word' id='word_1_227' title='bbox 963 1696 1026 1748; x_wconf 89' lang='grc' dir='ltr'>γε</span> <span class='ocrx_word' id='word_1_228' title='bbox 1054 1680 1349 1752; x_wconf 81' lang='grc' dir='ltr'>χρίσματος</span> <span class='ocrx_word' id='word_1_229' title='bbox 1375 1679 1734 1751; x_wconf 77' lang='grc' dir='ltr'><strong>ἀνθρωπίνου,</strong></span> 
     </span>
    </p>
   </div>
   <div class='ocr_carea' id='block_1_29' title="bbox 1864 1675 3407 1755">
    <p class='ocr_par' dir='ltr' id='par_1_29' title="bbox 1864 1676 3407 1754">
     <span class='ocr_line' id='line_1_29' title="bbox 1864 1676 3407 1754; baseline 0.006 -24"><span class='ocrx_word' id='word_1_230' title='bbox 1864 1692 2034 1745; x_wconf 91' lang='lat' dir='ltr'><strong>psum.</strong></span> <span class='ocrx_word' id='word_1_231' title='bbox 2070 1698 2089 1727; x_wconf 74' lang='grc' dir='ltr'>ι</span> <span class='ocrx_word' id='word_1_232' title='bbox 2132 1676 2492 1751; x_wconf 84' lang='lat' dir='ltr'><strong>Symmachus</strong></span> <span class='ocrx_word' id='word_1_233' title='bbox 2538 1689 2740 1744; x_wconf 90' lang='lat' dir='ltr'><strong>autem,</strong></span> <span class='ocrx_word' id='word_1_234' title='bbox 2783 1702 2801 1733; x_wconf 86' lang='grc'><strong><em>‹</em></strong></span> <span class='ocrx_word' id='word_1_235' title='bbox 2832 1685 3089 1754; x_wconf 88' lang='lat' dir='ltr'><strong>quoniam</strong></span> <span class='ocrx_word' id='word_1_236' title='bbox 3143 1689 3407 1739; x_wconf 83' lang='lat' dir='ltr'><strong>intactum</strong></span> 
     </span>
    </p>
   </div>
   <div class='ocr_carea' id='block_1_30' title="bbox 207 1758 1750 1846">
    <p class='ocr_par' dir='ltr' id='par_1_30' title="bbox 207 1768 1738 1846">
     <span class='ocr_line' id='line_1_30' title="bbox 207 1768 1738 1846; baseline -0.004 -19"><span class='ocrx_word' id='word_1_237' title='bbox 207 1777 328 1846; x_wconf 81' lang='grc' dir='ltr'>ὅμως</span> <span class='ocrx_word' id='word_1_238' title='bbox 352 1774 443 1843; x_wconf 81' lang='grc' dir='ltr'><strong>τῆς</strong></span> <span class='ocrx_word' id='word_1_239' title='bbox 482 1771 572 1825; x_wconf 89' lang='grc' dir='ltr'><strong>τοῦ</strong></span> <span class='ocrx_word' id='word_1_240' title='bbox 615 1769 915 1842; x_wconf 77' lang='grc' dir='ltr'>Ναζιραίου</span> <span class='ocrx_word' id='word_1_241' title='bbox 962 1770 1330 1842; x_wconf 75' lang='grc' dir='ltr'><strong>προσηγορίας</strong></span> <span class='ocrx_word' id='word_1_242' title='bbox 1377 1771 1505 1841; x_wconf 81' lang='grc' dir='ltr'>παρ’</span> <span class='ocrx_word' id='word_1_243' title='bbox 1531 1768 1738 1841; x_wconf 83' lang='grc' dir='ltr'>ἀνθρώ-</span> 
     </span>
    </p>
   </div>
   <div class='ocr_carea' id='block_1_31' title="bbox 1865 1758 3408 1846">
    <p class='ocr_par' dir='ltr' id='par_1_31' title="bbox 1865 1758 3408 1843">
     <span class='ocr_line' id='line_1_31' title="bbox 1865 1758 3408 1843; baseline 0.006 -25"><span class='ocrx_word' id='word_1_244' title='bbox 1865 1767 2016 1820; x_wconf 69' lang='lat' dir='ltr'><strong>deum</strong></span> <span class='ocrx_word' id='word_1_245' title='bbox 2045 1758 2319 1823; x_wconf 85' lang='lat' dir='ltr'><strong>unetionis</strong></span> <span class='ocrx_word' id='word_1_246' title='bbox 2355 1769 2446 1824; x_wconf 88' lang='lat' dir='ltr'><strong>Dei</strong></span> <span class='ocrx_word' id='word_1_247' title='bbox 2477 1771 2561 1825; x_wconf 90' lang='lat' dir='ltr'><strong>sui</strong></span> <span class='ocrx_word' id='word_1_248' title='bbox 2586 1787 2750 1841; x_wconf 88' lang='lat' dir='ltr'><strong>super</strong></span> <span class='ocrx_word' id='word_1_249' title='bbox 2780 1772 2977 1843; x_wconf 88' lang='lat' dir='ltr'><strong>ipsum.</strong></span> <span class='ocrx_word' id='word_1_250' title='bbox 3017 1794 3035 1825; x_wconf 75' lang='grc' dir='ltr'>ι</span> <span class='ocrx_word' id='word_1_251' title='bbox 3066 1773 3408 1829; x_wconf 82' lang='lat' dir='ltr'><strong>Theodotiou</strong></span> 
     </span>
    </p>
   </div>
   <div class='ocr_carea' id='block_1_32' title="bbox 208 1859 1751 1934">
    <p class='ocr_par' dir='ltr' id='par_1_32' title="bbox 208 1860 1737 1934">
     <span class='ocr_line' id='line_1_32' title="bbox 208 1860 1737 1934; baseline -0.003 -16"><span class='ocrx_word' id='word_1_252' title='bbox 208 1882 306 1928; x_wconf 76' lang='grc' dir='ltr'>ποις</span> <span class='ocrx_word' id='word_1_253' title='bbox 328 1864 521 1934; x_wconf 78' lang='grc' dir='ltr'>ἔτυχεν,</span> <span class='ocrx_word' id='word_1_254' title='bbox 549 1864 649 1917; x_wconf 79' lang='grc' dir='ltr'>οὐκ</span> <span class='ocrx_word' id='word_1_255' title='bbox 694 1862 800 1916; x_wconf 78' lang='grc' dir='ltr'>ἀπὸ</span> <span class='ocrx_word' id='word_1_256' title='bbox 844 1860 935 1914; x_wconf 87' lang='grc' dir='ltr'>τοῦ</span> <span class='ocrx_word' id='word_1_257' title='bbox 970 1860 1299 1932; x_wconf 82' lang='grc' dir='ltr'><strong>καλουμένου</strong></span> <span class='ocrx_word' id='word_1_258' title='bbox 1336 1862 1518 1933; x_wconf 78' lang='grc' dir='ltr'>Ναζέρ</span> <span class='ocrx_word' id='word_1_259' title='bbox 1561 1860 1737 1914; x_wconf 86' lang='grc' dir='ltr'>ἐλαίου</span> 
     </span>
    </p>
   </div>
   <div class='ocr_carea' id='block_1_33' title="bbox 1866 1859 3409 1934">
    <p class='ocr_par' dir='ltr' id='par_1_33' title="bbox 1866 1859 3409 1928">
     <span class='ocr_line' id='line_1_33' title="bbox 1866 1859 3409 1928; baseline 0.006 -17"><span class='ocrx_word' id='word_1_260' title='bbox 1866 1873 1980 1922; x_wconf 83' lang='lat' dir='ltr'><strong>ero,</strong></span> <span class='ocrx_word' id='word_1_261' title='bbox 2019 1878 2036 1909; x_wconf 78' lang='grc' dir='ltr'>ι</span> <span class='ocrx_word' id='word_1_262' title='bbox 2061 1864 2316 1928; x_wconf 89' lang='lat' dir='ltr'><strong>quoniam</strong></span> <span class='ocrx_word' id='word_1_263' title='bbox 2358 1859 2535 1915; x_wconf 87' lang='lat' dir='ltr'><strong>Nazer</strong></span> <span class='ocrx_word' id='word_1_264' title='bbox 2572 1863 2750 1917; x_wconf 88' lang='lat' dir='ltr'><strong>oleum</strong></span> <span class='ocrx_word' id='word_1_265' title='bbox 2783 1864 3059 1919; x_wconf 81' lang='lat' dir='ltr'><strong>unctionis</strong></span> <span class='ocrx_word' id='word_1_266' title='bbox 3101 1881 3130 1918; x_wconf 91' lang='lat' dir='ltr'><strong>a</strong></span> <span class='ocrx_word' id='word_1_267' title='bbox 3166 1865 3275 1920; x_wconf 85' lang='lat' dir='ltr'><strong>Deo</strong></span> <span class='ocrx_word' id='word_1_268' title='bbox 3309 1881 3409 1920; x_wconf 88' lang='lat' dir='ltr'><strong>suo</strong></span> 
     </span>
    </p>
   </div>
   <div class='ocr_carea' id='block_1_34' title="bbox 208 1938 1751 2027">
    <p class='ocr_par' dir='ltr' id='par_1_34' title="bbox 208 1951 1732 2027">
     <span class='ocr_line' id='line_1_34' title="bbox 208 1951 1732 2027; baseline -0.002 -19"><span class='ocrx_word' id='word_1_269' title='bbox 208 1956 457 2027; x_wconf 80' lang='grc' dir='ltr'>Ναζιραῖος</span> <span class='ocrx_word' id='word_1_270' title='bbox 498 1953 899 2023; x_wconf 82' lang='grc' dir='ltr'>γεγονὼς,·ἀλλ’</span> <span class='ocrx_word' id='word_1_271' title='bbox 938 1952 1012 2007; x_wconf 80' lang='grc' dir='ltr'>ὢν</span> <span class='ocrx_word' id='word_1_272' title='bbox 1060 1954 1158 2024; x_wconf 83' lang='grc' dir='ltr'>μὲν</span> <span class='ocrx_word' id='word_1_273' title='bbox 1189 1956 1255 2024; x_wconf 84' lang='grc' dir='ltr'><strong>τῇ</strong></span> <span class='ocrx_word' id='word_1_274' title='bbox 1290 1952 1449 2021; x_wconf 80' lang='grc' dir='ltr'>φύσει</span> <span class='ocrx_word' id='word_1_275' title='bbox 1474 1951 1732 2016; x_wconf 71' lang='grc' dir='ltr'>τοιοῦτος,</span> 
     </span>
    </p>
   </div>
   <div class='ocr_carea' id='block_1_35' title="bbox 1867 1938 3410 2027">
    <p class='ocr_par' dir='ltr' id='par_1_35' title="bbox 1872 1949 3410 2024">
     <span class='ocr_line' id='line_1_35' title="bbox 1872 1949 3410 2024; baseline 0.007 -23"><span class='ocrx_word' id='word_1_276' title='bbox 1872 1965 2009 2018; x_wconf 90' lang='lat' dir='ltr'><strong>uper</strong></span> <span class='ocrx_word' id='word_1_277' title='bbox 2034 1949 2232 2020; x_wconf 92' lang='lat' dir='ltr'><strong>ipsum.</strong></span> <span class='ocrx_word' id='word_1_278' title='bbox 2269 1970 2287 2001; x_wconf 72' lang='grc' dir='ltr'>ι</span> <span class='ocrx_word' id='word_1_279' title='bbox 2322 1951 2499 2016; x_wconf 82' lang='lat' dir='ltr'><strong>Quare</strong></span> <span class='ocrx_word' id='word_1_280' title='bbox 2531 1951 2703 2007; x_wconf 87' lang='lat' dir='ltr'><strong>Nazer</strong></span> <span class='ocrx_word' id='word_1_281' title='bbox 2736 1954 2884 2024; x_wconf 90' lang='lat' dir='ltr'><strong>ipsos</strong></span> <span class='ocrx_word' id='word_1_282' title='bbox 2908 1955 3127 2024; x_wconf 85' lang='lat' dir='ltr'><strong>quidem</strong></span> <span class='ocrx_word' id='word_1_283' title='bbox 3152 1955 3293 2009; x_wconf 77' lang='lat' dir='ltr'><strong>LXX</strong></span> <span class='ocrx_word' id='word_1_284' title='bbox 3322 1973 3410 2012; x_wconf 83' lang='lat' dir='ltr'><strong>se-</strong></span> 
     </span>
    </p>
   </div>
   <div class='ocr_carea' id='block_1_36' title="bbox 208 2041 1751 2117">
    <p class='ocr_par' dir='ltr' id='par_1_36' title="bbox 208 2043 1737 2117">
     <span class='ocr_line' id='line_1_36' title="bbox 208 2043 1737 2117; baseline -0.002 -17"><span class='ocrx_word' id='word_1_285' title='bbox 208 2047 389 2117; x_wconf 80' lang='grc' dir='ltr'>κληθεὶς</span> <span class='ocrx_word' id='word_1_286' title='bbox 423 2046 478 2099; x_wconf 79' lang='grc' dir='ltr'><strong>δὲ</strong></span> <span class='ocrx_word' id='word_1_287' title='bbox 523 2046 619 2099; x_wconf 73' lang='grc' dir='ltr'>καὶ</span> <span class='ocrx_word' id='word_1_288' title='bbox 649 2046 777 2117; x_wconf 83' lang='grc' dir='ltr'>παρ’</span> <span class='ocrx_word' id='word_1_289' title='bbox 814 2043 1118 2116; x_wconf 84' lang='grc' dir='ltr'>ἀνθρώποις</span> <span class='ocrx_word' id='word_1_290' title='bbox 1158 2044 1450 2115; x_wconf 75' lang='grc' dir='ltr'>Ναζιραῖος</span> <span class='ocrx_word' id='word_1_291' title='bbox 1496 2044 1601 2098; x_wconf 82' lang='grc' dir='ltr'>ἀπὸ</span> <span class='ocrx_word' id='word_1_292' title='bbox 1639 2044 1737 2115; x_wconf 84' lang='grc' dir='ltr'><strong>τῆς</strong></span> 
     </span>
    </p>
   </div>
   <div class='ocr_carea' id='block_1_37' title="bbox 1863 2041 3406 2117">
    <p class='ocr_par' dir='ltr' id='par_1_37' title="bbox 1863 2041 3406 2117">
     <span class='ocr_line' id='line_1_37' title="bbox 1863 2041 3406 2117; baseline 0.006 -24"><span class='ocrx_word' id='word_1_293' title='bbox 1863 2041 2131 2109; x_wconf 75' lang='lat' dir='ltr'><strong>[uentibus</strong></span> <span class='ocrx_word' id='word_1_294' title='bbox 2156 2052 2395 2096; x_wconf 74' lang='lat' dir='ltr'><strong>sanctum</strong></span> <span class='ocrx_word' id='word_1_295' title='bbox 2427 2043 2551 2107; x_wconf 88' lang='lat' dir='ltr'><strong>erit,</strong></span> <span class='ocrx_word' id='word_1_296' title='bbox 2585 2044 2761 2114; x_wconf 86' lang='lat' dir='ltr'><strong>ipsum</strong></span> <span class='ocrx_word' id='word_1_297' title='bbox 2790 2060 2916 2098; x_wconf 88' lang='lat' dir='ltr'><strong>vero</strong></span> <span class='ocrx_word' id='word_1_298' title='bbox 2943 2046 3218 2117; x_wconf 86' lang='lat' dir='ltr'><strong>Aquilam,</strong></span> <span class='ocrx_word' id='word_1_299' title='bbox 3251 2064 3406 2117; x_wconf 81' lang='lat' dir='ltr'><strong>sepa-</strong></span> 
     </span>
    </p>
   </div>
   <div class='ocr_carea' id='block_1_38' title="bbox 207 2131 1750 2211">
    <p class='ocr_par' dir='ltr' id='par_1_38' title="bbox 207 2133 1738 2211">
     <span class='ocr_line' id='line_1_38' title="bbox 207 2133 1738 2211; baseline -0.003 -22"><span class='ocrx_word' id='word_1_300' title='bbox 207 2137 437 2211; x_wconf 77' lang='grc' dir='ltr'><strong>Ναζαρὲθ,</strong></span> <span class='ocrx_word' id='word_1_301' title='bbox 469 2136 596 2191; x_wconf 76' lang='grc' dir='ltr'>ἔνθα</span> <span class='ocrx_word' id='word_1_302' title='bbox 624 2136 771 2206; x_wconf 88' lang='grc' dir='ltr'><strong>παρά</strong></span> <span class='ocrx_word' id='word_1_303' title='bbox 800 2139 911 2199; x_wconf 84' lang='grc' dir='ltr'>τοῖς</span> <span class='ocrx_word' id='word_1_304' title='bbox 936 2135 1075 2188; x_wconf 84' lang='grc' dir='ltr'>κατά</span> <span class='ocrx_word' id='word_1_305' title='bbox 1108 2136 1284 2205; x_wconf 82' lang='grc' dir='ltr'>σάρκα</span> <span class='ocrx_word' id='word_1_306' title='bbox 1315 2133 1529 2203; x_wconf 82' lang='grc' dir='ltr'>γονεῦσι</span> <span class='ocrx_word' id='word_1_307' title='bbox 1550 2133 1648 2203; x_wconf 88' lang='grc' dir='ltr'>τὴν</span> <span class='ocrx_word' id='word_1_308' title='bbox 1679 2135 1738 2186; x_wconf 85' lang='grc' dir='ltr'><strong>ἐν</strong></span> 
     </span>
    </p>
   </div>
   <div class='ocr_carea' id='block_1_39' title="bbox 1867 2131 3410 2211">
    <p class='ocr_par' dir='ltr' id='par_1_39' title="bbox 1867 2131 3410 2208">
     <span class='ocr_line' id='line_1_39' title="bbox 1867 2131 3410 2208; baseline 0.005 -23"><span class='ocrx_word' id='word_1_309' title='bbox 1867 2132 1999 2195; x_wconf 81' lang='lat' dir='ltr'><strong>atio,</strong></span> <span class='ocrx_word' id='word_1_310' title='bbox 2032 2131 2418 2203; x_wconf 85' lang='lat' dir='ltr'><strong>Symmachum</strong></span> <span class='ocrx_word' id='word_1_311' title='bbox 2447 2144 2651 2200; x_wconf 90' lang='lat' dir='ltr'><strong>autem,</strong></span> <span class='ocrx_word' id='word_1_312' title='bbox 2683 2137 2977 2201; x_wconf 82' lang='lat' dir='ltr'><strong>intactum;</strong></span> <span class='ocrx_word' id='word_1_313' title='bbox 3013 2139 3196 2208; x_wconf 87' lang='lat' dir='ltr'><strong>itaque</strong></span> <span class='ocrx_word' id='word_1_314' title='bbox 3226 2156 3290 2193; x_wconf 77' lang='lat' dir='ltr'><strong>ex</strong></span> <span class='ocrx_word' id='word_1_315' title='bbox 3325 2140 3410 2194; x_wconf 88' lang='lat' dir='ltr'><strong>his</strong></span> 
     </span>
    </p>
   </div>
   <div class='ocr_carea' id='block_1_40' title="bbox 208 2221 1751 2299">
    <p class='ocr_par' dir='ltr' id='par_1_40' title="bbox 208 2222 1737 2299">
     <span class='ocr_line' id='line_1_40' title="bbox 208 2222 1737 2299; baseline -0.005 -17"><span class='ocrx_word' id='word_1_316' title='bbox 208 2231 363 2282; x_wconf 78' lang='grc' dir='ltr'>παισὶν</span> <span class='ocrx_word' id='word_1_317' title='bbox 412 2227 718 2299; x_wconf 79' lang='grc' dir='ltr'>ἀνατροφὴν</span> <span class='ocrx_word' id='word_1_318' title='bbox 765 2226 985 2297; x_wconf 74' lang='grc' dir='ltr'>ἔσχηκε.</span> <span class='ocrx_word' id='word_1_319' title='bbox 1042 2223 1133 2278; x_wconf 82' lang='grc' dir='ltr'><strong>Διὸ</strong></span> <span class='ocrx_word' id='word_1_320' title='bbox 1176 2224 1421 2278; x_wconf 86' lang='grc' dir='ltr'>λέλεκται</span> <span class='ocrx_word' id='word_1_321' title='bbox 1461 2222 1612 2294; x_wconf 74' lang='grc' dir='ltr'>παρὰ</span> <span class='ocrx_word' id='word_1_322' title='bbox 1660 2222 1737 2293; x_wconf 79' lang='grc' dir='ltr'><strong>τῷ</strong></span> 
     </span>
    </p>
   </div>
   <div class='ocr_carea' id='block_1_41' title="bbox 1869 2221 3412 2299">
    <p class='ocr_par' dir='ltr' id='par_1_41' title="bbox 1869 2221 3412 2297">
     <span class='ocr_line' id='line_1_41' title="bbox 1869 2221 3412 2297; baseline 0.007 -22"><span class='ocrx_word' id='word_1_323' title='bbox 1869 2221 2138 2277; x_wconf 72' lang='lat' dir='ltr'><strong>lazirteum</strong></span> <span class='ocrx_word' id='word_1_324' title='bbox 2188 2240 2387 2280; x_wconf 86' lang='lat' dir='ltr'><strong>nomen</strong></span> <span class='ocrx_word' id='word_1_325' title='bbox 2437 2226 2794 2297; x_wconf 84' lang='lat' dir='ltr'><strong>signiﬁcabit,</strong></span> <span class='ocrx_word' id='word_1_326' title='bbox 2846 2235 2939 2282; x_wconf 91' lang='lat' dir='ltr'><strong>aut</strong></span> <span class='ocrx_word' id='word_1_327' title='bbox 2986 2237 3268 2296; x_wconf 90' lang='lat' dir='ltr'><strong>sanctum,</strong></span> <span class='ocrx_word' id='word_1_328' title='bbox 3318 2243 3412 2286; x_wconf 91' lang='lat' dir='ltr'><strong>aut</strong></span> 
     </span>
    </p>
   </div>
   <div class='ocr_carea' id='block_1_42' title="bbox 206 2315 1749 2391">
    <p class='ocr_par' dir='ltr' id='par_1_42' title="bbox 206 2315 1735 2391">
     <span class='ocr_line' id='line_1_42' title="bbox 206 2315 1735 2391; baseline -0.004 -17"><span class='ocrx_word' id='word_1_329' title='bbox 206 2320 430 2391; x_wconf 77' lang='grc' dir='ltr'>Ματθαίῳ</span> <span class='ocrx_word' id='word_1_330' title='bbox 453 2336 467 2350; x_wconf 88' lang='grc'><strong>·</strong></span> <span class='ocrx_word' id='word_1_331' title='bbox 522 2338 540 2370; x_wconf 77' lang='grc' dir='ltr'>ι</span> <span class='ocrx_word' id='word_1_332' title='bbox 572 2318 983 2391; x_wconf 76' lang='grc' dir='ltr'><strong>Χρηματισθεὶς</strong></span> <span class='ocrx_word' id='word_1_333' title='bbox 1021 2317 1075 2371; x_wconf 85' lang='grc' dir='ltr'><strong>δέ</strong></span> <span class='ocrx_word' id='word_1_334' title='bbox 1119 2317 1238 2370; x_wconf 79' lang='grc' dir='ltr'>κατ’</span> <span class='ocrx_word' id='word_1_335' title='bbox 1268 2317 1399 2388; x_wconf 70' lang='grc' dir='ltr'>ὄναρ</span> <span class='ocrx_word' id='word_1_336' title='bbox 1450 2316 1626 2387; x_wconf 78' lang='grc' dir='ltr'>(δῆλον</span> <span class='ocrx_word' id='word_1_337' title='bbox 1657 2315 1735 2378; x_wconf 88' lang='grc' dir='ltr'><strong>δὲ,</strong></span> 
     </span>
    </p>
   </div>
   <div class='ocr_carea' id='block_1_43' title="bbox 1867 2315 3410 2391">
    <p class='ocr_par' dir='ltr' id='par_1_43' title="bbox 1868 2319 3410 2391">
     <span class='ocr_line' id='line_1_43' title="bbox 1868 2319 3410 2391; baseline 0.004 -20"><span class='ocrx_word' id='word_1_338' title='bbox 1868 2324 2203 2386; x_wconf 85' lang='lat' dir='ltr'><strong>egregatum,</strong></span> <span class='ocrx_word' id='word_1_339' title='bbox 2248 2323 2341 2371; x_wconf 88' lang='lat' dir='ltr'><strong>aut</strong></span> <span class='ocrx_word' id='word_1_340' title='bbox 2388 2319 2674 2373; x_wconf 88' lang='lat' dir='ltr'><strong>intactum.</strong></span> <span class='ocrx_word' id='word_1_341' title='bbox 2714 2320 2785 2373; x_wconf 88' lang='lat' dir='ltr'><strong>At</strong></span> <span class='ocrx_word' id='word_1_342' title='bbox 2820 2337 2949 2376; x_wconf 89' lang='lat' dir='ltr'><strong>vero</strong></span> <span class='ocrx_word' id='word_1_343' title='bbox 2995 2323 3161 2391; x_wconf 89' lang='lat' dir='ltr'><strong>prisci</strong></span> <span class='ocrx_word' id='word_1_344' title='bbox 3191 2323 3410 2391; x_wconf 85' lang='lat' dir='ltr'><strong>quidem</strong></span> 
     </span>
    </p>
   </div>
   <div class='ocr_carea' id='block_1_44' title="bbox 206 2401 1749 2482">
    <p class='ocr_par' dir='ltr' id='par_1_44' title="bbox 206 2404 1740 2482">
     <span class='ocr_line' id='line_1_44' title="bbox 206 2404 1740 2482; baseline -0.003 -18"><span class='ocrx_word' id='word_1_345' title='bbox 206 2411 322 2464; x_wconf 76' lang='grc' dir='ltr'><strong>ὃτιὸ</strong></span> <span class='ocrx_word' id='word_1_346' title='bbox 356 2410 584 2482; x_wconf 80' lang='grc' dir='ltr'>Ἰωσὴφ),</span> <span class='ocrx_word' id='word_1_347' title='bbox 640 2408 984 2481; x_wconf 81' lang='grc' dir='ltr'><strong>ἀνεχώρησεν</strong></span> <span class='ocrx_word' id='word_1_348' title='bbox 1031 2410 1109 2471; x_wconf 81' lang='grc' dir='ltr'>είς</span> <span class='ocrx_word' id='word_1_349' title='bbox 1140 2408 1207 2461; x_wconf 77' lang='grc' dir='ltr'><strong>τὰ</strong></span> <span class='ocrx_word' id='word_1_350' title='bbox 1252 2407 1390 2479; x_wconf 89' lang='grc' dir='ltr'>μέρη</span> <span class='ocrx_word' id='word_1_351' title='bbox 1438 2406 1535 2477; x_wconf 82' lang='grc' dir='ltr'><strong>τῆς</strong></span> <span class='ocrx_word' id='word_1_352' title='bbox 1583 2404 1740 2459; x_wconf 89' lang='grc' dir='ltr'>Γαλι-</span> 
     </span>
    </p>
   </div>
   <div class='ocr_carea' id='block_1_45' title="bbox 1868 2401 3411 2482">
    <p class='ocr_par' dir='ltr' id='par_1_45' title="bbox 1870 2401 3411 2482">
     <span class='ocr_line' id='line_1_45' title="bbox 1870 2401 3411 2482; baseline 0.005 -24"><span class='ocrx_word' id='word_1_353' title='bbox 1870 2404 2189 2470; x_wconf 85' lang='lat' dir='ltr'><strong>acerdotes,</strong></span> <span class='ocrx_word' id='word_1_354' title='bbox 2262 2401 2385 2461; x_wconf 90' lang='lat' dir='ltr'><strong>cum</strong></span> <span class='ocrx_word' id='word_1_355' title='bbox 2444 2409 2565 2464; x_wconf 89' lang='lat' dir='ltr'><strong>oleo</strong></span> <span class='ocrx_word' id='word_1_356' title='bbox 2624 2419 2979 2480; x_wconf 87' lang='lat' dir='ltr'><strong>comparato,</strong></span> <span class='ocrx_word' id='word_1_357' title='bbox 3057 2412 3201 2482; x_wconf 90' lang='lat' dir='ltr'><strong>quod</strong></span> <span class='ocrx_word' id='word_1_358' title='bbox 3268 2412 3411 2482; x_wconf 85' lang='lat' dir='ltr'><strong>apud</strong></span> 
     </span>
    </p>
   </div>
   <div class='ocr_carea' id='block_1_46' title="bbox 204 2496 1747 2572">
    <p class='ocr_par' dir='ltr' id='par_1_46' title="bbox 204 2499 1738 2572">
     <span class='ocr_line' id='line_1_46' title="bbox 204 2499 1738 2572; baseline -0.003 -17"><span class='ocrx_word' id='word_1_359' title='bbox 204 2502 333 2557; x_wconf 69' lang='lat' dir='ltr'><strong>his:</strong></span> <span class='ocrx_word' id='word_1_360' title='bbox 348 2520 361 2534; x_wconf 90' lang='grc'><strong>·</strong></span> <span class='ocrx_word' id='word_1_361' title='bbox 387 2504 473 2557; x_wconf 73' lang='grc' dir='ltr'><strong>καὶ</strong></span> <span class='ocrx_word' id='word_1_362' title='bbox 489 2501 669 2556; x_wconf 83' lang='grc' dir='ltr'>ἐλθὼν</span> <span class='ocrx_word' id='word_1_363' title='bbox 694 2502 1010 2572; x_wconf 79' lang='grc' dir='ltr'>κατῴκησεν</span> <span class='ocrx_word' id='word_1_364' title='bbox 1040 2502 1118 2565; x_wconf 85' lang='grc' dir='ltr'>είς</span> <span class='ocrx_word' id='word_1_365' title='bbox 1141 2501 1294 2553; x_wconf 82' lang='grc' dir='ltr'>πόλιν</span> <span class='ocrx_word' id='word_1_366' title='bbox 1308 2499 1605 2570; x_wconf 82' lang='grc' dir='ltr'>λεγομένην</span> <span class='ocrx_word' id='word_1_367' title='bbox 1622 2500 1738 2551; x_wconf 87' lang='grc' dir='ltr'><strong>Να-</strong></span> 
     </span>
    </p>
   </div>
   <div class='ocr_carea' id='block_1_47' title="bbox 1867 2496 3410 2572">
    <p class='ocr_par' dir='ltr' id='par_1_47' title="bbox 1867 2496 3410 2572">
     <span class='ocr_line' id='line_1_47' title="bbox 1867 2496 3410 2572; baseline 0.005 -24"><span class='ocrx_word' id='word_1_368' title='bbox 1867 2496 2025 2552; x_wconf 74' lang='lat' dir='ltr'><strong>tosen</strong></span> <span class='ocrx_word' id='word_1_369' title='bbox 2075 2496 2249 2552; x_wconf 85' lang='lat' dir='ltr'><strong>Nazer</strong></span> <span class='ocrx_word' id='word_1_370' title='bbox 2304 2499 2624 2568; x_wconf 84' lang='lat' dir='ltr'><strong>appellatur,</strong></span> <span class='ocrx_word' id='word_1_371' title='bbox 2679 2512 3042 2572; x_wconf 88' lang='lat' dir='ltr'><strong>ungerentur,</strong></span> <span class='ocrx_word' id='word_1_372' title='bbox 3091 2518 3157 2557; x_wconf 77' lang='lat' dir='ltr'><strong>ex</strong></span> <span class='ocrx_word' id='word_1_373' title='bbox 3198 2503 3410 2558; x_wconf 87' lang='lat' dir='ltr'><strong>deriva-</strong></span> 
     </span>
    </p>
   </div>
   <div class='ocr_carea' id='block_1_48' title="bbox 206 2587 1749 2666">
    <p class='ocr_par' dir='ltr' id='par_1_48' title="bbox 206 2590 1735 2666">
     <span class='ocr_line' id='line_1_48' title="bbox 206 2590 1735 2666; baseline 0 -23"><span class='ocrx_word' id='word_1_374' title='bbox 206 2592 338 2663; x_wconf 81' lang='grc' dir='ltr'>ζαρά,</span> <span class='ocrx_word' id='word_1_375' title='bbox 365 2594 502 2657; x_wconf 83' lang='grc' dir='ltr'>ὅπως</span> <span class='ocrx_word' id='word_1_376' title='bbox 548 2592 813 2666; x_wconf 83' lang='grc' dir='ltr'>πληρωθῇ</span> <span class='ocrx_word' id='word_1_377' title='bbox 865 2592 925 2645; x_wconf 81' lang='grc' dir='ltr'>τὸ</span> <span class='ocrx_word' id='word_1_378' title='bbox 958 2592 1116 2664; x_wconf 79' lang='grc' dir='ltr'>ῥηθὲν</span> <span class='ocrx_word' id='word_1_379' title='bbox 1144 2591 1232 2645; x_wconf 79' lang='grc' dir='ltr'><strong>διὰ</strong></span> <span class='ocrx_word' id='word_1_380' title='bbox 1273 2590 1380 2644; x_wconf 83' lang='grc' dir='ltr'>τῶν</span> <span class='ocrx_word' id='word_1_381' title='bbox 1425 2590 1735 2662; x_wconf 83' lang='grc' dir='ltr'>προφητῶν,</span> 
     </span>
    </p>
   </div>
   <div class='ocr_carea' id='block_1_49' title="bbox 1867 2587 3410 2666">
    <p class='ocr_par' dir='ltr' id='par_1_49' title="bbox 1867 2587 3410 2648">
     <span class='ocr_line' id='line_1_49' title="bbox 1867 2587 3410 2648; baseline 0.004 -7"><span class='ocrx_word' id='word_1_382' title='bbox 1867 2588 1987 2643; x_wconf 90' lang='lat' dir='ltr'><strong>ione</strong></span> <span class='ocrx_word' id='word_1_383' title='bbox 2030 2603 2061 2642; x_wconf 91' lang='lat' dir='ltr'><strong>a</strong></span> <span class='ocrx_word' id='word_1_384' title='bbox 2089 2587 2263 2643; x_wconf 86' lang='lat' dir='ltr'><strong>Nazer</strong></span> <span class='ocrx_word' id='word_1_385' title='bbox 2324 2589 2665 2645; x_wconf 84' lang='lat' dir='ltr'><strong>vocabantur</strong></span> <span class='ocrx_word' id='word_1_386' title='bbox 2706 2590 2954 2648; x_wconf 74' lang='lat' dir='ltr'><strong>Nazirzei.</strong></span> <span class='ocrx_word' id='word_1_387' title='bbox 3008 2591 3115 2648; x_wconf 89' lang='lat' dir='ltr'><strong>Sed</strong></span> <span class='ocrx_word' id='word_1_388' title='bbox 3167 2591 3410 2647; x_wconf 80' lang='lat' dir='ltr'><strong>Salvator</strong></span> 
     </span>
    </p>
   </div>
   <div class='ocr_carea' id='block_1_50' title="bbox 204 2676 1747 2755">
    <p class='ocr_par' dir='ltr' id='par_1_50' title="bbox 204 2680 1738 2755">
     <span class='ocr_line' id='line_1_50' title="bbox 204 2680 1738 2755; baseline 0 -21"><span class='ocrx_word' id='word_1_389' title='bbox 204 2681 269 2735; x_wconf 79' lang='grc' dir='ltr'><strong>ὅτι</strong></span> <span class='ocrx_word' id='word_1_390' title='bbox 294 2680 585 2755; x_wconf 76' lang='grc' dir='ltr'>Ναζαραῖος</span> <span class='ocrx_word' id='word_1_391' title='bbox 635 2683 984 2754; x_wconf 84' lang='grc' dir='ltr'><strong>κληθήσεται.</strong></span> <span class='ocrx_word' id='word_1_392' title='bbox 1040 2702 1057 2734; x_wconf 78' lang='grc' dir='ltr'>ι</span> <span class='ocrx_word' id='word_1_393' title='bbox 1099 2681 1246 2736; x_wconf 81' lang='grc' dir='ltr'>Ἔδει</span> <span class='ocrx_word' id='word_1_394' title='bbox 1294 2681 1391 2753; x_wconf 89' lang='grc' dir='ltr'><strong>μέν</strong></span> <span class='ocrx_word' id='word_1_395' title='bbox 1425 2682 1532 2755; x_wconf 88' lang='grc' dir='ltr'>γὰρ</span> <span class='ocrx_word' id='word_1_396' title='bbox 1578 2682 1738 2736; x_wconf 81' lang='grc' dir='ltr'>αὑτὸν</span> 
     </span>
    </p>
   </div>
   <div class='ocr_carea' id='block_1_51' title="bbox 1865 2676 3408 2755">
    <p class='ocr_par' dir='ltr' id='par_1_51' title="bbox 1865 2676 3408 2751">
     <span class='ocr_line' id='line_1_51' title="bbox 1865 2676 3408 2751; baseline 0.006 -21"><span class='ocrx_word' id='word_1_397' title='bbox 1865 2684 1894 2730; x_wconf 73' lang='lat' dir='ltr'><strong>:t</strong></span> <span class='ocrx_word' id='word_1_398' title='bbox 1920 2676 2182 2733; x_wconf 91' lang='lat' dir='ltr'><strong>Dominus</strong></span> <span class='ocrx_word' id='word_1_399' title='bbox 2212 2687 2418 2743; x_wconf 86' lang='lat' dir='ltr'><strong>noster,</strong></span> <span class='ocrx_word' id='word_1_400' title='bbox 2450 2691 2638 2749; x_wconf 89' lang='lat' dir='ltr'><strong>suapte</strong></span> <span class='ocrx_word' id='word_1_401' title='bbox 2674 2690 2871 2736; x_wconf 90' lang='lat' dir='ltr'><strong>natura</strong></span> <span class='ocrx_word' id='word_1_402' title='bbox 2904 2685 2957 2737; x_wconf 89' lang='lat' dir='ltr'><strong>in</strong></span> <span class='ocrx_word' id='word_1_403' title='bbox 2993 2699 3050 2738; x_wconf 88' lang='lat' dir='ltr'><strong>se</strong></span> <span class='ocrx_word' id='word_1_404' title='bbox 3092 2684 3322 2751; x_wconf 83' lang='lat' dir='ltr'><strong>habens,</strong></span> <span class='ocrx_word' id='word_1_405' title='bbox 3358 2694 3408 2739; x_wconf 88' lang='lat' dir='ltr'><strong>et</strong></span> 
     </span>
    </p>
   </div>
   <div class='ocr_carea' id='block_1_52' title="bbox 204 2771 1747 2846">
    <p class='ocr_par' dir='ltr' id='par_1_52' title="bbox 204 2772 1738 2846">
     <span class='ocr_line' id='line_1_52' title="bbox 204 2772 1738 2846; baseline 0.002 -22"><span class='ocrx_word' id='word_1_406' title='bbox 204 2772 252 2837; x_wconf 79' lang='grc' dir='ltr'>ἐξ</span> <span class='ocrx_word' id='word_1_407' title='bbox 270 2773 484 2839; x_wconf 72' lang='grc' dir='ltr'>ἅπαντος</span> <span class='ocrx_word' id='word_1_408' title='bbox 515 2774 681 2845; x_wconf 78' lang='grc' dir='ltr'>φύσει</span> <span class='ocrx_word' id='word_1_409' title='bbox 713 2776 805 2829; x_wconf 59' lang='grc' dir='ltr'><strong>καλ⁵</strong></span> <span class='ocrx_word' id='word_1_410' title='bbox 841 2773 1067 2846; x_wconf 72' lang='grc' dir='ltr'>ἀληθείᾳ</span> <span class='ocrx_word' id='word_1_411' title='bbox 1096 2773 1392 2843; x_wconf 81' lang='grc' dir='ltr'>Ναζιραῖον</span> <span class='ocrx_word' id='word_1_412' title='bbox 1420 2774 1569 2837; x_wconf 72' lang='grc' dir='ltr'>ὄντα,</span> <span class='ocrx_word' id='word_1_413' title='bbox 1594 2773 1738 2827; x_wconf 88' lang='grc' dir='ltr'>τοῦτ’</span> 
     </span>
    </p>
   </div>
   <div class='ocr_carea' id='block_1_53' title="bbox 1867 2771 3410 2846">
    <p class='ocr_par' dir='ltr' id='par_1_53' title="bbox 1867 2771 3410 2845">
     <span class='ocr_line' id='line_1_53' title="bbox 1867 2771 3410 2845; baseline 0.005 -23"><span class='ocrx_word' id='word_1_414' title='bbox 1867 2776 2112 2835; x_wconf 71' lang='grc' dir='ltr'>σηρῑιιω,</span> <span class='ocrx_word' id='word_1_415' title='bbox 2147 2780 2195 2825; x_wconf 92' lang='lat' dir='ltr'><strong>et</strong></span> <span class='ocrx_word' id='word_1_416' title='bbox 2221 2771 2509 2838; x_wconf 90' lang='lat' dir='ltr'><strong>intactum,</strong></span> <span class='ocrx_word' id='word_1_417' title='bbox 2535 2778 2589 2826; x_wconf 90' lang='lat' dir='ltr'><strong>et</strong></span> <span class='ocrx_word' id='word_1_418' title='bbox 2608 2782 2940 2841; x_wconf 90' lang='lat' dir='ltr'><strong>separatum,</strong></span> <span class='ocrx_word' id='word_1_419' title='bbox 2978 2790 3155 2845; x_wconf 87' lang='lat' dir='ltr'><strong>neque</strong></span> <span class='ocrx_word' id='word_1_420' title='bbox 3178 2775 3410 2845; x_wconf 86' lang='lat' dir='ltr'><strong>alicujus</strong></span> 
     </span>
    </p>
   </div>
   <div class='ocr_carea' id='block_1_54' title="bbox 204 2861 1747 2938">
    <p class='ocr_par' dir='ltr' id='par_1_54' title="bbox 204 2863 1741 2938">
     <span class='ocr_line' id='line_1_54' title="bbox 204 2863 1741 2938; baseline 0 -21"><span class='ocrx_word' id='word_1_421' title='bbox 204 2865 323 2918; x_wconf 69' lang='grc' dir='ltr'>ἔστιν</span> <span class='ocrx_word' id='word_1_422' title='bbox 348 2866 491 2935; x_wconf 79' lang='grc' dir='ltr'>ἆγιον</span> <span class='ocrx_word' id='word_1_423' title='bbox 514 2866 610 2921; x_wconf 74' lang='grc' dir='ltr'>καὶ</span> <span class='ocrx_word' id='word_1_424' title='bbox 643 2865 861 2921; x_wconf 79' lang='grc' dir='ltr'>ἄθικτον</span> <span class='ocrx_word' id='word_1_425' title='bbox 894 2867 988 2921; x_wconf 73' lang='grc' dir='ltr'>καὶ</span> <span class='ocrx_word' id='word_1_426' title='bbox 1015 2866 1408 2938; x_wconf 81' lang='grc' dir='ltr'>ἀφωρισμένον,</span> <span class='ocrx_word' id='word_1_427' title='bbox 1442 2863 1503 2929; x_wconf 78' lang='grc' dir='ltr'>ἐξ</span> <span class='ocrx_word' id='word_1_428' title='bbox 1533 2864 1741 2936; x_wconf 86' lang='grc' dir='ltr'>ἀνθρὼ-</span> 
     </span>
    </p>
   </div>
   <div class='ocr_carea' id='block_1_55' title="bbox 1865 2861 3408 2938">
    <p class='ocr_par' dir='ltr' id='par_1_55' title="bbox 1865 2862 3408 2937">
     <span class='ocr_line' id='line_1_55' title="bbox 1865 2862 3408 2937; baseline 0.004 -22"><span class='ocrx_word' id='word_1_429' title='bbox 1865 2862 2089 2933; x_wconf 76' lang='lat' dir='ltr'><strong>ndigens</strong></span> <span class='ocrx_word' id='word_1_430' title='bbox 2116 2862 2370 2918; x_wconf 63' lang='lat' dir='ltr'><strong>humanm</strong></span> <span class='ocrx_word' id='word_1_431' title='bbox 2414 2866 2708 2929; x_wconf 87' lang='lat' dir='ltr'><strong>unctionis,</strong></span> <span class='ocrx_word' id='word_1_432' title='bbox 2739 2876 2923 2920; x_wconf 84' lang='lat' dir='ltr'><strong>tamen</strong></span> <span class='ocrx_word' id='word_1_433' title='bbox 2963 2866 3190 2921; x_wconf 62' lang='lat' dir='ltr'><strong>Naziraai</strong></span> <span class='ocrx_word' id='word_1_434' title='bbox 3222 2868 3408 2937; x_wconf 87' lang='lat' dir='ltr'><strong>appel-</strong></span> 
     </span>
    </p>
   </div>
   <div class='ocr_carea' id='block_1_56' title="bbox 205 2951 1748 3030">
    <p class='ocr_par' dir='ltr' id='par_1_56' title="bbox 205 2956 1740 3030">
     <span class='ocr_line' id='line_1_56' title="bbox 205 2956 1740 3030; baseline 0.001 -20"><span class='ocrx_word' id='word_1_435' title='bbox 205 2975 300 3010; x_wconf 75' lang='grc' dir='ltr'><strong>πων</strong></span> <span class='ocrx_word' id='word_1_436' title='bbox 316 2958 561 3028; x_wconf 82' lang='grc' dir='ltr'>κληθῆναι</span> <span class='ocrx_word' id='word_1_437' title='bbox 588 2958 765 3029; x_wconf 79' lang='grc' dir='ltr'>ταύτῃ</span> <span class='ocrx_word' id='word_1_438' title='bbox 796 2960 861 3029; x_wconf 84' lang='grc' dir='ltr'><strong>τῇ</strong></span> <span class='ocrx_word' id='word_1_439' title='bbox 879 2958 1219 3030; x_wconf 84' lang='grc' dir='ltr'>προσηγορίᾳ</span> <span class='ocrx_word' id='word_1_440' title='bbox 1243 2972 1257 2986; x_wconf 84' lang='grc'><em>’</em></span> <span class='ocrx_word' id='word_1_441' title='bbox 1288 2957 1399 3011; x_wconf 85' lang='grc' dir='ltr'>ἀλλ’</span> <span class='ocrx_word' id='word_1_442' title='bbox 1434 2958 1555 3011; x_wconf 74' lang='grc' dir='ltr'>ἐπεὶ</span> <span class='ocrx_word' id='word_1_443' title='bbox 1579 2956 1653 3028; x_wconf 82' lang='grc' dir='ltr'>μὴ</span> <span class='ocrx_word' id='word_1_444' title='bbox 1676 2959 1740 3012; x_wconf 86' lang='grc' dir='ltr'>ἐκ</span> 
     </span>
    </p>
   </div>
   <div class='ocr_carea' id='block_1_57' title="bbox 1867 2951 3410 3030">
    <p class='ocr_par' dir='ltr' id='par_1_57' title="bbox 1867 2952 3410 3029">
     <span class='ocr_line' id='line_1_57' title="bbox 1867 2952 3410 3029; baseline 0.002 -24"><span class='ocrx_word' id='word_1_445' title='bbox 1867 2952 2101 3007; x_wconf 89' lang='lat' dir='ltr'><strong>ationem</strong></span> <span class='ocrx_word' id='word_1_446' title='bbox 2135 2952 2279 3022; x_wconf 87' lang='lat' dir='ltr'><strong>apud</strong></span> <span class='ocrx_word' id='word_1_447' title='bbox 2303 2954 2551 3010; x_wconf 87' lang='lat' dir='ltr'><strong>homines</strong></span> <span class='ocrx_word' id='word_1_448' title='bbox 2577 2956 2834 3021; x_wconf 90' lang='lat' dir='ltr'><strong>obtinuit,</strong></span> <span class='ocrx_word' id='word_1_449' title='bbox 2859 2973 2970 3013; x_wconf 89' lang='lat' dir='ltr'><strong>non</strong></span> <span class='ocrx_word' id='word_1_450' title='bbox 3009 2959 3155 3029; x_wconf 91' lang='lat' dir='ltr'><strong>quod</strong></span> <span class='ocrx_word' id='word_1_451' title='bbox 3185 2958 3253 3012; x_wconf 84' lang='lat' dir='ltr'><strong>ab</strong></span> <span class='ocrx_word' id='word_1_452' title='bbox 3286 2959 3410 3013; x_wconf 84' lang='lat' dir='ltr'><strong>oleo</strong></span> 
     </span>
    </p>
   </div>
   <div class='ocr_carea' id='block_1_58' title="bbox 203 3040 1746 3122">
    <p class='ocr_par' dir='ltr' id='par_1_58' title="bbox 203 3047 1739 3122">
     <span class='ocr_line' id='line_1_58' title="bbox 203 3047 1739 3122; baseline 0.008 -21"><span class='ocrx_word' id='word_1_453' title='bbox 203 3047 279 3102; x_wconf 84' lang='grc' dir='ltr'><strong>τοῦ</strong></span> <span class='ocrx_word' id='word_1_454' title='bbox 305 3048 472 3122; x_wconf 80' lang='grc' dir='ltr'>Ναζέρ</span> <span class='ocrx_word' id='word_1_455' title='bbox 499 3050 684 3103; x_wconf 86' lang='grc' dir='ltr'>ἐλαίου</span> <span class='ocrx_word' id='word_1_456' title='bbox 713 3049 916 3121; x_wconf 84' lang='grc' dir='ltr'>ταύτης</span> <span class='ocrx_word' id='word_1_457' title='bbox 941 3049 1096 3120; x_wconf 80' lang='grc' dir='ltr'>ἔτυχε</span> <span class='ocrx_word' id='word_1_458' title='bbox 1119 3049 1215 3119; x_wconf 83' lang='grc' dir='ltr'><strong>τῆς</strong></span> <span class='ocrx_word' id='word_1_459' title='bbox 1244 3049 1629 3122; x_wconf 68' lang='grc' dir='ltr'>προσηγορίας,</span> <span class='ocrx_word' id='word_1_460' title='bbox 1666 3050 1739 3120; x_wconf 83' lang='grc' dir='ltr'><strong>μὴ</strong></span> 
     </span>
    </p>
   </div>
   <div class='ocr_carea' id='block_1_59' title="bbox 1866 3040 3409 3122">
    <p class='ocr_par' dir='ltr' id='par_1_59' title="bbox 1866 3040 3409 3118">
     <span class='ocr_line' id='line_1_59' title="bbox 1866 3040 3409 3118; baseline 0.006 -25"><span class='ocrx_word' id='word_1_461' title='bbox 1866 3041 1985 3110; x_wconf 77' lang='grc' dir='ltr'>ιιιοᾶ</span> <span class='ocrx_word' id='word_1_462' title='bbox 2019 3040 2190 3095; x_wconf 80' lang='lat' dir='ltr'><strong>Nazer</strong></span> <span class='ocrx_word' id='word_1_463' title='bbox 2206 3054 2492 3097; x_wconf 87' lang='lat' dir='ltr'><strong>vocaretur</strong></span> <span class='ocrx_word' id='word_1_464' title='bbox 2514 3043 2791 3101; x_wconf 68' lang='lat' dir='ltr'><strong>Naziraaus</strong></span> <span class='ocrx_word' id='word_1_465' title='bbox 2825 3045 3119 3111; x_wconf 81' lang='lat' dir='ltr'><strong>exstiterit,</strong></span> <span class='ocrx_word' id='word_1_466' title='bbox 3145 3046 3239 3102; x_wconf 88' lang='lat' dir='ltr'><strong>sed</strong></span> <span class='ocrx_word' id='word_1_467' title='bbox 3266 3049 3409 3118; x_wconf 91' lang='lat' dir='ltr'><strong>quod</strong></span> 
     </span>
    </p>
   </div>
   <div class='ocr_carea' id='block_1_60' title="bbox 202 3134 1745 3212">
    <p class='ocr_par' dir='ltr' id='par_1_60' title="bbox 202 3139 1741 3212">
     <span class='ocr_line' id='line_1_60' title="bbox 202 3139 1741 3212; baseline 0.001 -20"><span class='ocrx_word' id='word_1_468' title='bbox 202 3139 379 3210; x_wconf 79' lang='grc' dir='ltr'>δεηθεὶς</span> <span class='ocrx_word' id='word_1_469' title='bbox 403 3140 741 3212; x_wconf 82' lang='grc' dir='ltr'>ἀνθρωπίνου</span> <span class='ocrx_word' id='word_1_470' title='bbox 774 3141 1091 3212; x_wconf 83' lang='grc' dir='ltr'>χρίσματος,</span> <span class='ocrx_word' id='word_1_471' title='bbox 1114 3141 1177 3193; x_wconf 88' lang='grc' dir='ltr'>ἐκ</span> <span class='ocrx_word' id='word_1_472' title='bbox 1205 3139 1298 3193; x_wconf 82' lang='grc' dir='ltr'><strong>τοῦ</strong></span> <span class='ocrx_word' id='word_1_473' title='bbox 1327 3140 1488 3194; x_wconf 86' lang='grc' dir='ltr'>τόπου</span> <span class='ocrx_word' id='word_1_474' title='bbox 1514 3142 1611 3212; x_wconf 83' lang='grc' dir='ltr'>τῆς</span> <span class='ocrx_word' id='word_1_475' title='bbox 1630 3141 1741 3193; x_wconf 89' lang='grc' dir='ltr'><strong>Να-</strong></span> 
     </span>
    </p>
   </div>
   <div class='ocr_carea' id='block_1_61' title="bbox 1866 3134 3409 3212">
    <p class='ocr_par' dir='ltr' id='par_1_61' title="bbox 1866 3134 3409 3205">
     <span class='ocr_line' id='line_1_61' title="bbox 1866 3134 3409 3205; baseline 0.005 -19"><span class='ocrx_word' id='word_1_476' title='bbox 1866 3134 2091 3204; x_wconf 78' lang='lat' dir='ltr'><strong>[uamvis</strong></span> <span class='ocrx_word' id='word_1_477' title='bbox 2126 3141 2322 3188; x_wconf 88' lang='lat' dir='ltr'><strong>natura</strong></span> <span class='ocrx_word' id='word_1_478' title='bbox 2349 3135 2567 3205; x_wconf 92' lang='lat' dir='ltr'><strong>quidem</strong></span> <span class='ocrx_word' id='word_1_479' title='bbox 2612 3136 2737 3191; x_wconf 90' lang='lat' dir='ltr'><strong>talis</strong></span> <span class='ocrx_word' id='word_1_480' title='bbox 2783 3145 2949 3201; x_wconf 89' lang='lat' dir='ltr'><strong>esset,</strong></span> <span class='ocrx_word' id='word_1_481' title='bbox 2985 3147 3164 3193; x_wconf 88' lang='lat' dir='ltr'><strong>tamen</strong></span> <span class='ocrx_word' id='word_1_482' title='bbox 3207 3152 3240 3191; x_wconf 85' lang='lat' dir='ltr'><strong>a</strong></span> <span class='ocrx_word' id='word_1_483' title='bbox 3282 3138 3409 3193; x_wconf 85' lang='lat' dir='ltr'><strong>civi-</strong></span> 
     </span>
    </p>
   </div>
   <div class='ocr_carea' id='block_1_62' title="bbox 205 3225 1748 3304">
    <p class='ocr_par' dir='ltr' id='par_1_62' title="bbox 205 3230 1741 3304">
     <span class='ocr_line' id='line_1_62' title="bbox 205 3230 1741 3304; baseline 0.002 -22"><span class='ocrx_word' id='word_1_484' title='bbox 205 3230 341 3302; x_wconf 77' lang='grc' dir='ltr'>ζαρὲθ</span> <span class='ocrx_word' id='word_1_485' title='bbox 366 3231 459 3303; x_wconf 82' lang='grc' dir='ltr'>τὴν</span> <span class='ocrx_word' id='word_1_486' title='bbox 485 3233 805 3304; x_wconf 78' lang='grc' dir='ltr'>ἐπωνυμίαν</span> <span class='ocrx_word' id='word_1_487' title='bbox 834 3234 1119 3304; x_wconf 81' lang='grc' dir='ltr'>ἐκτήσατο.</span> <span class='ocrx_word' id='word_1_488' title='bbox 1148 3231 1367 3285; x_wconf 80' lang='grc' dir='ltr'>Τούτων</span> <span class='ocrx_word' id='word_1_489' title='bbox 1404 3232 1574 3296; x_wconf 90' lang='grc' dir='ltr'>οῦτως</span> <span class='ocrx_word' id='word_1_490' title='bbox 1608 3234 1741 3286; x_wconf 85' lang='grc' dir='ltr'>ἀπο-</span> 
     </span>
    </p>
   </div>
   <div class='ocr_carea' id='block_1_63' title="bbox 1866 3225 3409 3304">
    <p class='ocr_par' dir='ltr' id='par_1_63' title="bbox 1867 3225 3409 3298">
     <span class='ocr_line' id='line_1_63' title="bbox 1867 3225 3409 3298; baseline 0.003 -18"><span class='ocrx_word' id='word_1_491' title='bbox 1867 3234 1953 3281; x_wconf 88' lang='lat' dir='ltr'><strong>ate</strong></span> <span class='ocrx_word' id='word_1_492' title='bbox 1985 3225 2254 3282; x_wconf 86' lang='lat' dir='ltr'><strong>Nazareth</strong></span> <span class='ocrx_word' id='word_1_493' title='bbox 2298 3229 2440 3298; x_wconf 87' lang='lat' dir='ltr'><strong>apud</strong></span> <span class='ocrx_word' id='word_1_494' title='bbox 2466 3229 2717 3287; x_wconf 91' lang='lat' dir='ltr'><strong>homines</strong></span> <span class='ocrx_word' id='word_1_495' title='bbox 2744 3229 3026 3285; x_wconf 63' lang='lat' dir='ltr'><strong>Naziraaus</strong></span> <span class='ocrx_word' id='word_1_496' title='bbox 3064 3241 3291 3287; x_wconf 87' lang='lat' dir='ltr'><strong>vocatus</strong></span> <span class='ocrx_word' id='word_1_497' title='bbox 3319 3231 3409 3295; x_wconf 86' lang='lat' dir='ltr'><strong>sit,</strong></span> 
     </span>
    </p>
   </div>
   <div class='ocr_carea' id='block_1_64' title="bbox 203 3305 1746 3398">
    <p class='ocr_par' dir='ltr' id='par_1_64' title="bbox 203 3324 1737 3398">
     <span class='ocr_line' id='line_1_64' title="bbox 203 3324 1737 3398; baseline 0.003 -23"><span class='ocrx_word' id='word_1_498' title='bbox 203 3324 534 3396; x_wconf 73' lang='grc' dir='ltr'>δεδειγμένων,</span> <span class='ocrx_word' id='word_1_499' title='bbox 568 3326 764 3398; x_wconf 83' lang='grc' dir='ltr'>καιρὸς</span> <span class='ocrx_word' id='word_1_500' title='bbox 798 3325 1194 3395; x_wconf 74' lang='grc' dir='ltr'>ἐπισκέψασθαι</span> <span class='ocrx_word' id='word_1_501' title='bbox 1219 3325 1310 3378; x_wconf 75' lang='grc' dir='ltr'>καὶ</span> <span class='ocrx_word' id='word_1_502' title='bbox 1338 3324 1397 3389; x_wconf 85' lang='grc' dir='ltr'>ἐξ</span> <span class='ocrx_word' id='word_1_503' title='bbox 1430 3324 1614 3378; x_wconf 88' lang='grc' dir='ltr'>ὁποίου</span> <span class='ocrx_word' id='word_1_504' title='bbox 1642 3325 1737 3397; x_wconf 87' lang='grc' dir='ltr'>γέ-</span> 
     </span>
    </p>
   </div>
   <div class='ocr_carea' id='block_1_65' title="bbox 1867 3305 3410 3398">
    <p class='ocr_par' dir='ltr' id='par_1_65' title="bbox 1867 3320 3410 3393">
     <span class='ocr_line' id='line_1_65' title="bbox 1867 3320 3410 3393; baseline 0.003 -22"><span class='ocrx_word' id='word_1_505' title='bbox 1867 3321 1935 3375; x_wconf 68' lang='lat' dir='ltr'><strong>ubi</strong></span> <span class='ocrx_word' id='word_1_506' title='bbox 1964 3320 2107 3390; x_wconf 87' lang='lat' dir='ltr'><strong>apud</strong></span> <span class='ocrx_word' id='word_1_507' title='bbox 2135 3335 2286 3387; x_wconf 86' lang='lat' dir='ltr'><strong>suos,</strong></span> <span class='ocrx_word' id='word_1_508' title='bbox 2318 3336 2427 3391; x_wconf 89' lang='lat' dir='ltr'><strong>qua</strong></span> <span class='ocrx_word' id='word_1_509' title='bbox 2458 3321 2623 3377; x_wconf 90' lang='lat' dir='ltr'><strong>homo</strong></span> <span class='ocrx_word' id='word_1_510' title='bbox 2660 3331 2799 3387; x_wconf 88' lang='lat' dir='ltr'><strong>erat,</strong></span> <span class='ocrx_word' id='word_1_511' title='bbox 2836 3330 3111 3393; x_wconf 89' lang='lat' dir='ltr'><strong>parentes,</strong></span> <span class='ocrx_word' id='word_1_512' title='bbox 3145 3323 3410 3392; x_wconf 88' lang='lat' dir='ltr'><strong>puerilem</strong></span> 
     </span>
    </p>
   </div>
   <div class='ocr_carea' id='block_1_66' title="bbox 204 3401 1747 3487">
    <p class='ocr_par' dir='ltr' id='par_1_66' title="bbox 204 3401 1734 3487">
     <span class='ocr_line' id='line_1_66' title="bbox 204 3401 1734 3487; baseline -0.001 -20"><span class='ocrx_word' id='word_1_513' title='bbox 204 3431 320 3479; x_wconf 66' lang='lat' dir='ltr'><strong>mg,</strong></span> <span class='ocrx_word' id='word_1_514' title='bbox 345 3415 397 3483; x_wconf 79' lang='grc' dir='ltr'>ἐξ</span> <span class='ocrx_word' id='word_1_515' title='bbox 425 3415 614 3480; x_wconf 77' lang='grc' dir='ltr'>ὁποίας</span> <span class='ocrx_word' id='word_1_516' title='bbox 635 3432 695 3469; x_wconf 87' lang='grc' dir='ltr'>τε</span> <span class='ocrx_word' id='word_1_517' title='bbox 732 3414 992 3486; x_wconf 78' lang='grc' dir='ltr'>Ἑϐραίων</span> <span class='ocrx_word' id='word_1_518' title='bbox 1020 3414 1192 3485; x_wconf 81' lang='grc' dir='ltr'>φυλῆς</span> <span class='ocrx_word' id='word_1_519' title='bbox 1208 3401 1246 3467; x_wconf 63' lang='grc' dir='ltr'><strong>’ὁ</strong></span> <span class='ocrx_word' id='word_1_520' title='bbox 1269 3414 1457 3487; x_wconf 84' lang='grc' dir='ltr'>Σωτὴρ</span> <span class='ocrx_word' id='word_1_521' title='bbox 1490 3414 1601 3468; x_wconf 84' lang='grc' dir='ltr'><strong>τῶν</strong></span> <span class='ocrx_word' id='word_1_522' title='bbox 1631 3415 1734 3485; x_wconf 76' lang='grc' dir='ltr'><strong>ψυ-</strong></span> 
     </span>
    </p>
   </div>
   <div class='ocr_carea' id='block_1_67' title="bbox 1863 3401 3406 3487">
    <p class='ocr_par' dir='ltr' id='par_1_67' title="bbox 1863 3408 3406 3482">
     <span class='ocr_line' id='line_1_67' title="bbox 1863 3408 3406 3482; baseline 0.003 -21"><span class='ocrx_word' id='word_1_523' title='bbox 1863 3408 2215 3464; x_wconf 80' lang='lat' dir='ltr'><strong>:ducationem</strong></span> <span class='ocrx_word' id='word_1_524' title='bbox 2250 3410 2504 3465; x_wconf 88' lang='lat' dir='ltr'><strong>obtinuit.</strong></span> <span class='ocrx_word' id='word_1_525' title='bbox 2545 3410 2625 3466; x_wconf 82' lang='lat' dir='ltr'><strong>Ex</strong></span> <span class='ocrx_word' id='word_1_526' title='bbox 2656 3428 2765 3482; x_wconf 92' lang='lat' dir='ltr'><strong>quo</strong></span> <span class='ocrx_word' id='word_1_527' title='bbox 2808 3412 2951 3482; x_wconf 88' lang='lat' dir='ltr'><strong>apud</strong></span> <span class='ocrx_word' id='word_1_528' title='bbox 2981 3412 3290 3467; x_wconf 70' lang='lat' dir='ltr'><strong>Matthazum</strong></span> <span class='ocrx_word' id='word_1_529' title='bbox 3330 3413 3406 3466; x_wconf 89' lang='lat' dir='ltr'><strong>di-</strong></span> 
     </span>
    </p>
   </div>
   <div class='ocr_carea' id='block_1_68' title="bbox 204 3499 1747 3578">
    <p class='ocr_par' dir='ltr' id='par_1_68' title="bbox 204 3504 1740 3578">
     <span class='ocr_line' id='line_1_68' title="bbox 204 3504 1740 3578; baseline -0.01 -5"><span class='ocrx_word' id='word_1_530' title='bbox 204 3504 293 3573; x_wconf 75' lang='grc' dir='ltr'><strong>κῶν</strong></span> <span class='ocrx_word' id='word_1_531' title='bbox 316 3506 479 3577; x_wconf 76' lang='grc' dir='ltr'>ἡμῶν,</span> <span class='ocrx_word' id='word_1_532' title='bbox 510 3507 539 3560; x_wconf 91' lang='grc' dir='ltr'><strong>ὁ</strong></span> <span class='ocrx_word' id='word_1_533' title='bbox 586 3505 821 3578; x_wconf 77' lang='grc' dir='ltr'>Χριστὸς</span> <span class='ocrx_word' id='word_1_534' title='bbox 852 3505 947 3559; x_wconf 91' lang='grc' dir='ltr'><strong>τοῦ</strong></span> <span class='ocrx_word' id='word_1_535' title='bbox 990 3504 1123 3559; x_wconf 89' lang='grc' dir='ltr'>Θεοῦ</span> <span class='ocrx_word' id='word_1_536' title='bbox 1168 3505 1587 3576; x_wconf 88' lang='grc' dir='ltr'>προελεύσεσθαι</span> <span class='ocrx_word' id='word_1_537' title='bbox 1612 3508 1740 3574; x_wconf 82' lang='grc' dir='ltr'>ἐκη-</span> 
     </span>
    </p>
   </div>
   <div class='ocr_carea' id='block_1_69' title="bbox 1867 3499 3410 3578">
    <p class='ocr_par' dir='ltr' id='par_1_69' title="bbox 1867 3499 3410 3571">
     <span class='ocr_line' id='line_1_69' title="bbox 1867 3499 3410 3571; baseline 0.006 -23"><span class='ocrx_word' id='word_1_538' title='bbox 1867 3507 1989 3551; x_wconf 85' lang='lat' dir='ltr'><strong>:tum</strong></span> <span class='ocrx_word' id='word_1_539' title='bbox 2038 3507 2122 3555; x_wconf 88' lang='lat' dir='ltr'><strong>est</strong></span> <span class='ocrx_word' id='word_1_540' title='bbox 2149 3518 2161 3552; x_wconf 90' lang='lat'><strong>:</strong></span> <span class='ocrx_word' id='word_1_541' title='bbox 2194 3499 2356 3570; x_wconf 82' lang='lat'><strong>350</strong></span> <span class='ocrx_word' id='word_1_542' title='bbox 2382 3518 2400 3551; x_wconf 74' lang='grc' dir='ltr'>ι</span> <span class='ocrx_word' id='word_1_543' title='bbox 2429 3501 2715 3571; x_wconf 80' lang='lat' dir='ltr'><strong>Responso</strong></span> <span class='ocrx_word' id='word_1_544' title='bbox 2747 3510 2929 3557; x_wconf 90' lang='lat' dir='ltr'><strong>autem</strong></span> <span class='ocrx_word' id='word_1_545' title='bbox 2970 3502 3026 3556; x_wconf 92' lang='lat' dir='ltr'><strong>in</strong></span> <span class='ocrx_word' id='word_1_546' title='bbox 3074 3505 3284 3558; x_wconf 87' lang='lat' dir='ltr'><strong>somnis</strong></span> <span class='ocrx_word' id='word_1_547' title='bbox 3316 3518 3410 3557; x_wconf 90' lang='lat' dir='ltr'><strong>ac-</strong></span> 
     </span>
    </p>
   </div>
   <div class='ocr_carea' id='block_1_70' title="bbox 206 3589 1749 3669">
    <p class='ocr_par' dir='ltr' id='par_1_70' title="bbox 206 3594 1741 3669">
     <span class='ocr_line' id='line_1_70' title="bbox 206 3594 1741 3669; baseline -0.001 -21"><span class='ocrx_word' id='word_1_548' title='bbox 206 3595 410 3667; x_wconf 81' lang='grc' dir='ltr'>ρύττετο.</span> <span class='ocrx_word' id='word_1_549' title='bbox 444 3597 677 3669; x_wconf 82' lang='grc' dir='ltr'>Πρώτας</span> <span class='ocrx_word' id='word_1_550' title='bbox 709 3597 765 3650; x_wconf 86' lang='grc' dir='ltr'><strong>δέ</strong></span> <span class='ocrx_word' id='word_1_551' title='bbox 796 3597 895 3662; x_wconf 84' lang='grc' dir='ltr'>τὰς</span> <span class='ocrx_word' id='word_1_552' title='bbox 942 3594 1301 3667; x_wconf 81' lang='grc' dir='ltr'>εὖαγγελικάς</span> <span class='ocrx_word' id='word_1_553' title='bbox 1338 3597 1431 3650; x_wconf 77' lang='grc' dir='ltr'><strong>καὶ</strong></span> <span class='ocrx_word' id='word_1_554' title='bbox 1462 3596 1590 3668; x_wconf 77' lang='grc' dir='ltr'>περὶ</span> <span class='ocrx_word' id='word_1_555' title='bbox 1618 3594 1741 3648; x_wconf 89' lang='grc' dir='ltr'>τού-</span> 
     </span>
    </p>
   </div>
   <div class='ocr_carea' id='block_1_71' title="bbox 1873 3589 3416 3669">
    <p class='ocr_par' dir='ltr' id='par_1_71' title="bbox 1873 3589 3416 3663">
     <span class='ocr_line' id='line_1_71' title="bbox 1873 3589 3416 3663; baseline 0.003 -22"><span class='ocrx_word' id='word_1_556' title='bbox 1873 3598 1997 3657; x_wconf 85' lang='lat' dir='ltr'><strong>epto</strong></span> <span class='ocrx_word' id='word_1_557' title='bbox 2027 3589 2165 3659; x_wconf 91' lang='lat' dir='ltr'><strong>(ipse</strong></span> <span class='ocrx_word' id='word_1_558' title='bbox 2192 3590 2446 3646; x_wconf 81' lang='lat' dir='ltr'><strong>videlicet</strong></span> <span class='ocrx_word' id='word_1_559' title='bbox 2472 3590 2697 3663; x_wconf 75' lang='lat' dir='ltr'><strong>Ioseph)</strong></span> <span class='ocrx_word' id='word_1_560' title='bbox 2731 3592 2960 3647; x_wconf 92' lang='lat' dir='ltr'><strong>secessit</strong></span> <span class='ocrx_word' id='word_1_561' title='bbox 2990 3592 3046 3645; x_wconf 91' lang='lat' dir='ltr'><strong>in</strong></span> <span class='ocrx_word' id='word_1_562' title='bbox 3093 3600 3279 3662; x_wconf 88' lang='lat' dir='ltr'><strong>partes</strong></span> <span class='ocrx_word' id='word_1_563' title='bbox 3309 3590 3416 3646; x_wconf 86' lang='lat' dir='ltr'><strong>Ga-</strong></span> 
     </span>
    </p>
   </div>
   <div class='ocr_carea' id='block_1_72' title="bbox 203 3677 1746 3758">
    <p class='ocr_par' dir='ltr' id='par_1_72' title="bbox 203 3682 1744 3758">
     <span class='ocr_line' id='line_1_72' title="bbox 203 3682 1744 3758; baseline 0.003 -23"><span class='ocrx_word' id='word_1_564' title='bbox 203 3700 278 3737; x_wconf 77' lang='grc' dir='ltr'>του</span> <span class='ocrx_word' id='word_1_565' title='bbox 304 3686 675 3758; x_wconf 86' lang='grc' dir='ltr'>παραθήσομαι</span> <span class='ocrx_word' id='word_1_566' title='bbox 695 3685 869 3753; x_wconf 79' lang='grc' dir='ltr'>λέξεις</span> <span class='ocrx_word' id='word_1_567' title='bbox 893 3703 906 3716; x_wconf 93' lang='grc'><strong>·</strong></span> <span class='ocrx_word' id='word_1_568' title='bbox 933 3682 1032 3740; x_wconf 80' lang='grc' dir='ltr'><strong>εἷθ’</strong></span> <span class='ocrx_word' id='word_1_569' title='bbox 1054 3686 1241 3757; x_wconf 85' lang='grc' dir='ltr'>ὥσπερ</span> <span class='ocrx_word' id='word_1_570' title='bbox 1261 3686 1550 3758; x_wconf 86' lang='grc' dir='ltr'>ἀρμονίους</span> <span class='ocrx_word' id='word_1_571' title='bbox 1572 3703 1744 3758; x_wconf 74' lang='grc' dir='ltr'>σφρα-</span> 
     </span>
    </p>
   </div>
   <div class='ocr_carea' id='block_1_73' title="bbox 1872 3677 3415 3758">
    <p class='ocr_par' dir='ltr' id='par_1_73' title="bbox 1872 3677 3415 3752">
     <span class='ocr_line' id='line_1_73' title="bbox 1872 3677 3415 3752; baseline 0.005 -23"><span class='ocrx_word' id='word_1_572' title='bbox 1872 3677 2026 3744; x_wconf 72' lang='lat' dir='ltr'><strong>ilaaze;</strong></span> <span class='ocrx_word' id='word_1_573' title='bbox 2073 3686 2126 3733; x_wconf 75' lang='lat' dir='ltr'><strong>et</strong></span> <span class='ocrx_word' id='word_1_574' title='bbox 2153 3681 2375 3736; x_wconf 87' lang='lat' dir='ltr'><strong>veniens</strong></span> <span class='ocrx_word' id='word_1_575' title='bbox 2413 3682 2679 3736; x_wconf 88' lang='lat' dir='ltr'><strong>habitavit</strong></span> <span class='ocrx_word' id='word_1_576' title='bbox 2710 3683 2765 3736; x_wconf 90' lang='lat' dir='ltr'><strong>in</strong></span> <span class='ocrx_word' id='word_1_577' title='bbox 2806 3683 3026 3737; x_wconf 82' lang='lat' dir='ltr'><strong>civitate</strong></span> <span class='ocrx_word' id='word_1_578' title='bbox 3057 3697 3178 3752; x_wconf 62' lang='lat' dir='ltr'><strong>quae</strong></span> <span class='ocrx_word' id='word_1_579' title='bbox 3209 3682 3415 3736; x_wconf 88' lang='lat' dir='ltr'><strong>dicitur</strong></span> 
     </span>
    </p>
   </div>
   <div class='ocr_carea' id='block_1_74' title="bbox 204 3767 1747 3847">
    <p class='ocr_par' dir='ltr' id='par_1_74' title="bbox 204 3772 1743 3847">
     <span class='ocr_line' id='line_1_74' title="bbox 204 3772 1743 3847; baseline 0.002 -21"><span class='ocrx_word' id='word_1_580' title='bbox 204 3772 332 3838; x_wconf 68' lang='grc' dir='ltr'>γῖδας</span> <span class='ocrx_word' id='word_1_581' title='bbox 358 3774 449 3839; x_wconf 81' lang='grc' dir='ltr'>τὰς</span> <span class='ocrx_word' id='word_1_582' title='bbox 470 3773 813 3847; x_wconf 60' lang='grc' dir='ltr'>προφητικέκ</span> <span class='ocrx_word' id='word_1_583' title='bbox 841 3775 1031 3839; x_wconf 82' lang='grc' dir='ltr'>αὑταῖς</span> <span class='ocrx_word' id='word_1_584' title='bbox 1056 3776 1297 3846; x_wconf 78' lang='grc' dir='ltr'>ἐπιθήσω</span> <span class='ocrx_word' id='word_1_585' title='bbox 1325 3777 1644 3847; x_wconf 89' lang='grc' dir='ltr'>μαρτυρίας.</span> <span class='ocrx_word' id='word_1_586' title='bbox 1683 3776 1743 3829; x_wconf 89' lang='lat'><strong>&#39;0</strong></span> 
     </span>
    </p>
   </div>
   <div class='ocr_carea' id='block_1_75' title="bbox 1872 3767 3415 3847">
    <p class='ocr_par' dir='ltr' id='par_1_75' title="bbox 1872 3767 3415 3843">
     <span class='ocr_line' id='line_1_75' title="bbox 1872 3767 3415 3843; baseline 0.005 -22"><span class='ocrx_word' id='word_1_587' title='bbox 1872 3767 2075 3836; x_wconf 75' lang='lat' dir='ltr'><strong>lazara,</strong></span> <span class='ocrx_word' id='word_1_588' title='bbox 2110 3778 2170 3824; x_wconf 89' lang='lat' dir='ltr'><strong>ut</strong></span> <span class='ocrx_word' id='word_1_589' title='bbox 2203 3772 2522 3842; x_wconf 89' lang='lat' dir='ltr'><strong>impleretur</strong></span> <span class='ocrx_word' id='word_1_590' title='bbox 2543 3775 2687 3843; x_wconf 90' lang='lat' dir='ltr'><strong>quod</strong></span> <span class='ocrx_word' id='word_1_591' title='bbox 2712 3773 2920 3828; x_wconf 90' lang='lat' dir='ltr'><strong>dictum</strong></span> <span class='ocrx_word' id='word_1_592' title='bbox 2947 3780 3032 3829; x_wconf 90' lang='lat' dir='ltr'><strong>est</strong></span> <span class='ocrx_word' id='word_1_593' title='bbox 3060 3788 3155 3843; x_wconf 90' lang='lat' dir='ltr'><strong>per</strong></span> <span class='ocrx_word' id='word_1_594' title='bbox 3178 3773 3415 3843; x_wconf 87' lang='lat' dir='ltr'><strong>prophe-</strong></span> 
     </span>
    </p>
   </div>
   <div class='ocr_carea' id='block_1_76' title="bbox 209 3860 1752 3939">
    <p class='ocr_par' dir='ltr' id='par_1_76' title="bbox 209 3860 1745 3939">
     <span class='ocr_line' id='line_1_76' title="bbox 209 3860 1745 3939; baseline 0.002 -22"><span class='ocrx_word' id='word_1_595' title='bbox 209 3863 288 3930; x_wconf 74' lang='grc' dir='ltr'><strong>μὲν</strong></span> <span class='ocrx_word' id='word_1_596' title='bbox 319 3860 405 3918; x_wconf 80' lang='grc' dir='ltr'><strong>οῦν</strong></span> <span class='ocrx_word' id='word_1_597' title='bbox 433 3866 714 3931; x_wconf 84' lang='grc' dir='ltr'>Ματθαῖος</span> <span class='ocrx_word' id='word_1_598' title='bbox 746 3860 849 3920; x_wconf 81' lang='grc' dir='ltr'><strong>ὧδε</strong></span> <span class='ocrx_word' id='word_1_599' title='bbox 885 3866 976 3921; x_wconf 83' lang='grc' dir='ltr'>τὸν</span> <span class='ocrx_word' id='word_1_600' title='bbox 1005 3867 1238 3939; x_wconf 85' lang='grc' dir='ltr'>Χριστὸν</span> <span class='ocrx_word' id='word_1_601' title='bbox 1266 3867 1406 3920; x_wconf 80' lang='grc' dir='ltr'>κατὰ</span> <span class='ocrx_word' id='word_1_602' title='bbox 1440 3868 1617 3939; x_wconf 84' lang='grc' dir='ltr'>σάρκα</span> <span class='ocrx_word' id='word_1_603' title='bbox 1652 3885 1745 3936; x_wconf 81' lang='grc' dir='ltr'>γε-</span> 
     </span>
    </p>
   </div>
   <div class='ocr_carea' id='block_1_77' title="bbox 1868 3860 3411 3939">
    <p class='ocr_par' dir='ltr' id='par_1_77' title="bbox 1868 3860 3411 3935">
     <span class='ocr_line' id='line_1_77' title="bbox 1868 3860 3411 3935; baseline 0.004 -24"><span class='ocrx_word' id='word_1_604' title='bbox 1868 3872 1973 3923; x_wconf 89' lang='lat' dir='ltr'><strong>am,</strong></span> <span class='ocrx_word' id='word_1_605' title='bbox 1992 3860 2137 3928; x_wconf 90' lang='lat' dir='ltr'><strong>quod</strong></span> <span class='ocrx_word' id='word_1_606' title='bbox 2166 3860 2454 3919; x_wconf 67' lang='lat' dir='ltr'><strong>Nazaraeus</strong></span> <span class='ocrx_word' id='word_1_607' title='bbox 2478 3863 2762 3919; x_wconf 86' lang='lat' dir='ltr'><strong>vocabitur</strong></span> <span class='ocrx_word' id='word_1_608' title='bbox 2778 3865 2848 3919; x_wconf 80' lang='grc'><strong>’³.</strong></span> <span class='ocrx_word' id='word_1_609' title='bbox 2869 3882 2897 3916; x_wconf 68' lang='lat' dir='ltr'><strong>a</strong></span> <span class='ocrx_word' id='word_1_610' title='bbox 2941 3862 3240 3935; x_wconf 82' lang='lat' dir='ltr'><strong>Oportebat</strong></span> <span class='ocrx_word' id='word_1_611' title='bbox 3263 3866 3411 3919; x_wconf 78' lang='lat' dir='ltr'><strong>enim</strong></span> 
     </span>
    </p>
   </div>
   <div class='ocr_carea' id='block_1_78' title="bbox 205 3940 1748 4032">
    <p class='ocr_par' dir='ltr' id='par_1_78' title="bbox 205 3956 1742 4032">
     <span class='ocr_line' id='line_1_78' title="bbox 205 3956 1742 4032; baseline 0.004 -25"><span class='ocrx_word' id='word_1_612' title='bbox 205 3956 446 4025; x_wconf 79' lang='grc' dir='ltr'>νεαλογεῖο</span> <span class='ocrx_word' id='word_1_613' title='bbox 485 3977 505 4008; x_wconf 80' lang='grc' dir='ltr'>ι</span> <span class='ocrx_word' id='word_1_614' title='bbox 546 3957 737 4028; x_wconf 75' lang='grc' dir='ltr'>Βίϐλος</span> <span class='ocrx_word' id='word_1_615' title='bbox 786 3959 1050 4027; x_wconf 87' lang='grc' dir='ltr'>γενέσεως</span> <span class='ocrx_word' id='word_1_616' title='bbox 1097 3959 1271 4031; x_wconf 88' lang='grc' dir='ltr'>Ἰησοῦ</span> <span class='ocrx_word' id='word_1_617' title='bbox 1327 3959 1585 4032; x_wconf 80' lang='grc' dir='ltr'>Χριστοῦ,</span> <span class='ocrx_word' id='word_1_618' title='bbox 1625 3960 1742 4013; x_wconf 89' lang='grc' dir='ltr'>υἱοῦ</span> 
     </span>
    </p>
   </div>
   <div class='ocr_carea' id='block_1_79' title="bbox 1873 3940 3416 4032">
    <p class='ocr_par' dir='ltr' id='par_1_79' title="bbox 1873 3940 3416 4021">
     <span class='ocr_line' id='line_1_79' title="bbox 1873 3940 3416 4021; baseline 0.004 -22"><span class='ocrx_word' id='word_1_619' title='bbox 1873 3962 2235 4018; x_wconf 60' lang='lat' dir='ltr'><strong>[squequaque</strong></span> <span class='ocrx_word' id='word_1_620' title='bbox 2261 3964 2385 4003; x_wconf 90' lang='lat' dir='ltr'><strong>cum</strong></span> <span class='ocrx_word' id='word_1_621' title='bbox 2415 3951 2531 4021; x_wconf 88' lang='lat' dir='ltr'><strong>ipse</strong></span> <span class='ocrx_word' id='word_1_622' title='bbox 2557 3959 2748 4021; x_wconf 82' lang='lat' dir='ltr'><strong>suapte</strong></span> <span class='ocrx_word' id='word_1_623' title='bbox 2777 3959 2974 4007; x_wconf 84' lang='lat' dir='ltr'><strong>natura</strong></span> <span class='ocrx_word' id='word_1_624' title='bbox 3003 3960 3058 4008; x_wconf 90' lang='lat' dir='ltr'><strong>et</strong></span> <span class='ocrx_word' id='word_1_625' title='bbox 3088 3968 3277 4008; x_wconf 84' lang='lat' dir='ltr'><strong>revera</strong></span> <span class='ocrx_word' id='word_1_626' title='bbox 3305 3940 3416 4006; x_wconf 43' lang='lat' dir='ltr'><strong>Na;</strong></span> 
     </span>
    </p>
   </div>
   <div class='ocr_carea' id='block_1_80' title="bbox 206 4038 1749 4122">
    <p class='ocr_par' dir='ltr' id='par_1_80' title="bbox 206 4049 1743 4122">
     <span class='ocr_line' id='line_1_80' title="bbox 206 4049 1743 4122; baseline 0.003 -21"><span class='ocrx_word' id='word_1_627' title='bbox 206 4049 356 4113; x_wconf 72' lang='grc' dir='ltr'>Δαὸἱδ,</span> <span class='ocrx_word' id='word_1_628' title='bbox 395 4050 507 4104; x_wconf 83' lang='grc' dir='ltr'>υἱοῦ</span> <span class='ocrx_word' id='word_1_629' title='bbox 541 4050 813 4122; x_wconf 76' lang='grc' dir='ltr'><strong>Ἀϐραάμ.</strong></span> <span class='ocrx_word' id='word_1_630' title='bbox 861 4050 1107 4122; x_wconf 74' lang='grc' dir='ltr'>Ἀϐραὰμ</span> <span class='ocrx_word' id='word_1_631' title='bbox 1126 4052 1379 4122; x_wconf 78' lang='grc' dir='ltr'>ἐγέννησε</span> <span class='ocrx_word' id='word_1_632' title='bbox 1406 4053 1496 4105; x_wconf 82' lang='grc' dir='ltr'><strong>τὸν</strong></span> <span class='ocrx_word' id='word_1_633' title='bbox 1536 4053 1743 4117; x_wconf 73' lang='grc' dir='ltr'>Ἰσαὰκ,</span> 
     </span>
    </p>
   </div>
   <div class='ocr_carea' id='block_1_81' title="bbox 1887 4038 3430 4122">
    <p class='ocr_par' dir='ltr' id='par_1_81' title="bbox 1887 4041 3430 4114">
     <span class='ocr_line' id='line_1_81' title="bbox 1887 4041 3430 4114; baseline 0.004 -23"><span class='ocrx_word' id='word_1_634' title='bbox 1887 4042 2037 4094; x_wconf 69' lang='lat' dir='ltr'><strong>iraeus</strong></span> <span class='ocrx_word' id='word_1_635' title='bbox 2061 4050 2227 4105; x_wconf 87' lang='lat' dir='ltr'><strong>esset,</strong></span> <span class='ocrx_word' id='word_1_636' title='bbox 2255 4041 2356 4095; x_wconf 87' lang='lat' dir='ltr'><strong>hoc</strong></span> <span class='ocrx_word' id='word_1_637' title='bbox 2385 4050 2470 4098; x_wconf 89' lang='lat' dir='ltr'><strong>est</strong></span> <span class='ocrx_word' id='word_1_638' title='bbox 2495 4049 2741 4111; x_wconf 85' lang='lat' dir='ltr'><strong>sanctus,</strong></span> <span class='ocrx_word' id='word_1_639' title='bbox 2765 4043 3026 4108; x_wconf 88' lang='lat' dir='ltr'><strong>intactus,</strong></span> <span class='ocrx_word' id='word_1_640' title='bbox 3070 4047 3430 4114; x_wconf 76' lang='lat' dir='ltr'><strong>segregatus,‘</strong></span> 
     </span>
    </p>
   </div>
   <div class='ocr_carea' id='block_1_82' title="bbox 216 4131 1759 4211">
    <p class='ocr_par' dir='ltr' id='par_1_82' title="bbox 216 4138 1744 4211">
     <span class='ocr_line' id='line_1_82' title="bbox 216 4138 1744 4211; baseline 0.001 -21"><span class='ocrx_word' id='word_1_641' title='bbox 216 4138 375 4193; x_wconf 80' lang='grc' dir='ltr'>Ἰσαὰκ</span> <span class='ocrx_word' id='word_1_642' title='bbox 412 4140 466 4194; x_wconf 81' lang='grc' dir='ltr'><strong>δὲ</strong></span> <span class='ocrx_word' id='word_1_643' title='bbox 496 4140 755 4211; x_wconf 79' lang='grc' dir='ltr'>ἐγέννησε</span> <span class='ocrx_word' id='word_1_644' title='bbox 786 4139 876 4193; x_wconf 82' lang='grc' dir='ltr'>τὸν</span> <span class='ocrx_word' id='word_1_645' title='bbox 914 4138 1127 4203; x_wconf 72' lang='grc' dir='ltr'><strong>Ἰακίυό,</strong></span> <span class='ocrx_word' id='word_1_646' title='bbox 1167 4139 1358 4193; x_wconf 79' lang='grc' dir='ltr'>Ἰακὼϐ</span> <span class='ocrx_word' id='word_1_647' title='bbox 1399 4141 1455 4193; x_wconf 85' lang='grc' dir='ltr'><strong>δὲ</strong></span> <span class='ocrx_word' id='word_1_648' title='bbox 1490 4141 1744 4211; x_wconf 83' lang='grc' dir='ltr'>ἐγέννησε</span> 
     </span>
    </p>
   </div>
   <div class='ocr_carea' id='block_1_83' title="bbox 1873 4131 3416 4211">
    <p class='ocr_par' dir='ltr' id='par_1_83' title="bbox 1873 4131 3416 4205">
     <span class='ocr_line' id='line_1_83' title="bbox 1873 4131 3416 4205; baseline 0.004 -23"><span class='ocrx_word' id='word_1_649' title='bbox 1873 4131 1996 4183; x_wconf 91' lang='lat' dir='ltr'><strong>llum</strong></span> <span class='ocrx_word' id='word_1_650' title='bbox 2049 4131 2116 4186; x_wconf 90' lang='lat' dir='ltr'><strong>ab</strong></span> <span class='ocrx_word' id='word_1_651' title='bbox 2147 4131 2461 4189; x_wconf 89' lang='lat' dir='ltr'><strong>hominibus</strong></span> <span class='ocrx_word' id='word_1_652' title='bbox 2504 4135 2605 4189; x_wconf 86' lang='lat' dir='ltr'><strong>hac</strong></span> <span class='ocrx_word' id='word_1_653' title='bbox 2650 4135 3015 4205; x_wconf 87' lang='lat' dir='ltr'><strong>appellatione</strong></span> <span class='ocrx_word' id='word_1_654' title='bbox 3054 4136 3270 4201; x_wconf 89' lang='lat' dir='ltr'><strong>vocari;</strong></span> <span class='ocrx_word' id='word_1_655' title='bbox 3321 4134 3416 4190; x_wconf 85' lang='lat' dir='ltr'><strong>sed</strong></span> 
     </span>
    </p>
   </div>
   <div class='ocr_carea' id='block_1_84' title="bbox 208 4220 1751 4300">
    <p class='ocr_par' dir='ltr' id='par_1_84' title="bbox 208 4226 1746 4300">
     <span class='ocr_line' id='line_1_84' title="bbox 208 4226 1746 4300; baseline 0.005 -23"><span class='ocrx_word' id='word_1_656' title='bbox 208 4226 280 4279; x_wconf 76' lang='grc' dir='ltr'>τὸν</span> <span class='ocrx_word' id='word_1_657' title='bbox 313 4229 521 4295; x_wconf 81' lang='grc' dir='ltr'>Ἰούδαν,</span> <span class='ocrx_word' id='word_1_658' title='bbox 594 4231 689 4283; x_wconf 73' lang='grc' dir='ltr'><strong>καὶ</strong></span> <span class='ocrx_word' id='word_1_659' title='bbox 750 4228 819 4282; x_wconf 83' lang='grc' dir='ltr'>τὰ</span> <span class='ocrx_word' id='word_1_660' title='bbox 859 4227 1003 4299; x_wconf 79' lang='grc' dir='ltr'><strong>ἑξῆς.</strong></span> <span class='ocrx_word' id='word_1_661' title='bbox 1039 4228 1258 4299; x_wconf 81' lang='grc' dir='ltr'>Συνᾴδει</span> <span class='ocrx_word' id='word_1_662' title='bbox 1305 4229 1359 4283; x_wconf 85' lang='grc' dir='ltr'><strong>δέ</strong></span> <span class='ocrx_word' id='word_1_663' title='bbox 1404 4229 1552 4300; x_wconf 83' lang='grc' dir='ltr'>αὐτῷ</span> <span class='ocrx_word' id='word_1_664' title='bbox 1584 4232 1676 4284; x_wconf 81' lang='grc' dir='ltr'>καὶ</span> <span class='ocrx_word' id='word_1_665' title='bbox 1718 4232 1746 4284; x_wconf 85' lang='grc' dir='ltr'>ὁ</span> 
     </span>
    </p>
   </div>
   <div class='ocr_carea' id='block_1_85' title="bbox 1862 4220 3405 4300">
    <p class='ocr_par' dir='ltr' id='par_1_85' title="bbox 1862 4220 3405 4295">
     <span class='ocr_line' id='line_1_85' title="bbox 1862 4220 3405 4295; baseline 0.002 -20"><span class='ocrx_word' id='word_1_666' title='bbox 1862 4220 2104 4291; x_wconf 73' lang='grc' dir='ltr'>ιυοηίιιιη</span> <span class='ocrx_word' id='word_1_667' title='bbox 2147 4238 2258 4279; x_wconf 91' lang='lat' dir='ltr'><strong>non</strong></span> <span class='ocrx_word' id='word_1_668' title='bbox 2306 4239 2337 4277; x_wconf 89' lang='lat' dir='ltr'><strong>a</strong></span> <span class='ocrx_word' id='word_1_669' title='bbox 2369 4223 2542 4279; x_wconf 85' lang='lat' dir='ltr'><strong>Nazer</strong></span> <span class='ocrx_word' id='word_1_670' title='bbox 2570 4225 2691 4280; x_wconf 91' lang='lat' dir='ltr'><strong>oleo</strong></span> <span class='ocrx_word' id='word_1_671' title='bbox 2724 4225 2868 4279; x_wconf 86' lang='lat' dir='ltr'><strong>hanc</strong></span> <span class='ocrx_word' id='word_1_672' title='bbox 2910 4226 3147 4281; x_wconf 89' lang='lat' dir='ltr'><strong>obtinuit</strong></span> <span class='ocrx_word' id='word_1_673' title='bbox 3180 4225 3405 4295; x_wconf 87' lang='lat' dir='ltr'><strong>appella-</strong></span> 
     </span>
    </p>
   </div>
   <div class='ocr_carea' id='block_1_86' title="bbox 217 4314 1760 4392">
    <p class='ocr_par' dir='ltr' id='par_1_86' title="bbox 217 4318 1745 4392">
     <span class='ocr_line' id='line_1_86' title="bbox 217 4318 1745 4392; baseline 0.001 -21"><span class='ocrx_word' id='word_1_674' title='bbox 217 4318 522 4387; x_wconf 77' lang='grc' dir='ltr'>’Ᾱπύστολος,</span> <span class='ocrx_word' id='word_1_675' title='bbox 544 4322 718 4390; x_wconf 90' lang='grc' dir='ltr'>λέγων</span> <span class='ocrx_word' id='word_1_676' title='bbox 750 4321 1055 4392; x_wconf 74' lang='grc' dir='ltr'>ἀφωρίσθαι</span> <span class='ocrx_word' id='word_1_677' title='bbox 1091 4340 1108 4374; x_wconf 78' lang='lat' dir='ltr'><strong>t</strong></span> <span class='ocrx_word' id='word_1_678' title='bbox 1129 4322 1209 4385; x_wconf 84' lang='grc' dir='ltr'>εἰς</span> <span class='ocrx_word' id='word_1_679' title='bbox 1241 4321 1566 4390; x_wconf 86' lang='grc' dir='ltr'>Εύαγγέλιον</span> <span class='ocrx_word' id='word_1_680' title='bbox 1589 4321 1745 4385; x_wconf 86' lang='grc' dir='ltr'>Θεοῦ,</span> 
     </span>
    </p>
   </div>
   <div class='ocr_carea' id='block_1_87' title="bbox 1871 4314 3414 4392">
    <p class='ocr_par' dir='ltr' id='par_1_87' title="bbox 1871 4314 3414 4386">
     <span class='ocr_line' id='line_1_87' title="bbox 1871 4314 3414 4386; baseline 0.001 -19"><span class='ocrx_word' id='word_1_681' title='bbox 1871 4314 2069 4378; x_wconf 88' lang='lat' dir='ltr'><strong>ionem,</strong></span> <span class='ocrx_word' id='word_1_682' title='bbox 2099 4315 2299 4385; x_wconf 90' lang='lat' dir='ltr'><strong>quippe</strong></span> <span class='ocrx_word' id='word_1_683' title='bbox 2328 4318 2420 4386; x_wconf 90' lang='lat' dir='ltr'><strong>qui</strong></span> <span class='ocrx_word' id='word_1_684' title='bbox 2450 4316 2700 4371; x_wconf 67' lang='lat' dir='ltr'><strong>humanae</strong></span> <span class='ocrx_word' id='word_1_685' title='bbox 2731 4318 2935 4373; x_wconf 92' lang='lat' dir='ltr'><strong>nullius</strong></span> <span class='ocrx_word' id='word_1_686' title='bbox 2970 4317 3248 4372; x_wconf 85' lang='lat' dir='ltr'><strong>unctionis</strong></span> <span class='ocrx_word' id='word_1_687' title='bbox 3272 4316 3414 4370; x_wconf 59' lang='lat' dir='ltr'><strong>indic</strong></span> 
     </span>
    </p>
   </div>
   <div class='ocr_carea' id='block_1_88' title="bbox 206 4394 1749 4483">
    <p class='ocr_par' dir='ltr' id='par_1_88' title="bbox 206 4394 1749 4483">
     <span class='ocr_line' id='line_1_88' title="bbox 206 4394 1749 4483; baseline 0.003 -23"><span class='ocrx_word' id='word_1_688' title='bbox 206 4405 229 4457; x_wconf 84' lang='grc' dir='ltr'><strong>ὃ</strong></span> <span class='ocrx_word' id='word_1_689' title='bbox 258 4412 707 4482; x_wconf 81' lang='grc' dir='ltr'>προεπηγγείλατο</span> <span class='ocrx_word' id='word_1_690' title='bbox 733 4410 821 4465; x_wconf 81' lang='grc' dir='ltr'><strong>διὰ</strong></span> <span class='ocrx_word' id='word_1_691' title='bbox 851 4411 960 4464; x_wconf 82' lang='grc' dir='ltr'>τῶν</span> <span class='ocrx_word' id='word_1_692' title='bbox 995 4409 1286 4483; x_wconf 79' lang='grc' dir='ltr'>προφητῶν</span> <span class='ocrx_word' id='word_1_693' title='bbox 1329 4412 1492 4464; x_wconf 83' lang='grc' dir='ltr'>αὑτοῦ</span> <span class='ocrx_word' id='word_1_694' title='bbox 1522 4394 1579 4464; x_wconf 78' lang='grc' dir='ltr'>ἐν</span> <span class='ocrx_word' id='word_1_695' title='bbox 1607 4411 1749 4482; x_wconf 85' lang='grc' dir='ltr'>Γρα-</span> 
     </span>
    </p>
   </div>
   <div class='ocr_carea' id='block_1_89' title="bbox 1849 4394 3392 4483">
    <p class='ocr_par' dir='ltr' id='par_1_89' title="bbox 1849 4407 3392 4478">
     <span class='ocr_line' id='line_1_89' title="bbox 1849 4407 3392 4478; baseline 0 -17"><span class='ocrx_word' id='word_1_696' title='bbox 1849 4413 2017 4476; x_wconf 88' lang='lat' dir='ltr'><strong>geret,</strong></span> <span class='ocrx_word' id='word_1_697' title='bbox 2076 4421 2105 4460; x_wconf 92' lang='lat' dir='ltr'><strong>a</strong></span> <span class='ocrx_word' id='word_1_698' title='bbox 2150 4408 2271 4462; x_wconf 90' lang='lat' dir='ltr'><strong>loco</strong></span> <span class='ocrx_word' id='word_1_699' title='bbox 2317 4407 2585 4464; x_wconf 87' lang='lat' dir='ltr'><strong>Nazareth</strong></span> <span class='ocrx_word' id='word_1_700' title='bbox 2633 4409 3131 4464; x_wconf 89' lang='lat' dir='ltr'><strong>denominationem</strong></span> <span class='ocrx_word' id='word_1_701' title='bbox 3179 4410 3392 4478; x_wconf 86' lang='lat' dir='ltr'><strong>accepit</strong></span> 
     </span>
    </p>
   </div>
   <div class='ocr_carea' id='block_1_90' title="bbox 208 4497 1751 4573">
    <p class='ocr_par' dir='ltr' id='par_1_90' title="bbox 208 4498 1747 4573">
     <span class='ocr_line' id='line_1_90' title="bbox 208 4498 1747 4573; baseline 0.001 -23"><span class='ocrx_word' id='word_1_702' title='bbox 208 4501 313 4564; x_wconf 68' lang='grc' dir='ltr'>φαῖς</span> <span class='ocrx_word' id='word_1_703' title='bbox 340 4501 512 4569; x_wconf 80' lang='grc' dir='ltr'>ἁγίαις</span> <span class='ocrx_word' id='word_1_704' title='bbox 555 4502 685 4573; x_wconf 75' lang='grc' dir='ltr'>περὶ</span> <span class='ocrx_word' id='word_1_705' title='bbox 716 4499 810 4553; x_wconf 89' lang='grc' dir='ltr'>τοῦ</span> <span class='ocrx_word' id='word_1_706' title='bbox 854 4498 985 4553; x_wconf 86' lang='grc' dir='ltr'>Υἱοῦ</span> <span class='ocrx_word' id='word_1_707' title='bbox 1020 4498 1184 4552; x_wconf 81' lang='grc' dir='ltr'>αὑτοῦ</span> <span class='ocrx_word' id='word_1_708' title='bbox 1214 4498 1309 4552; x_wconf 91' lang='grc' dir='ltr'>τοῦ</span> <span class='ocrx_word' id='word_1_709' title='bbox 1347 4499 1637 4570; x_wconf 82' lang='grc' dir='ltr'>γενομένου</span> <span class='ocrx_word' id='word_1_710' title='bbox 1681 4500 1747 4552; x_wconf 87' lang='grc' dir='ltr'>ἐκ</span> 
     </span>
    </p>
   </div>
   <div class='ocr_carea' id='block_1_91' title="bbox 1873 4497 3416 4573">
    <p class='ocr_par' dir='ltr' id='par_1_91' title="bbox 1873 4497 3416 4568">
     <span class='ocr_line' id='line_1_91' title="bbox 1873 4497 3416 4568; baseline 0.001 -18"><span class='ocrx_word' id='word_1_711' title='bbox 1873 4498 1982 4551; x_wconf 72' lang='lat' dir='ltr'><strong>lum</strong></span> <span class='ocrx_word' id='word_1_712' title='bbox 2007 4497 2173 4568; x_wconf 85' lang='lat' dir='ltr'><strong>igitur</strong></span> <span class='ocrx_word' id='word_1_713' title='bbox 2205 4498 2318 4553; x_wconf 68' lang='lat' dir='ltr'><strong>haec</strong></span> <span class='ocrx_word' id='word_1_714' title='bbox 2343 4499 2397 4553; x_wconf 92' lang='lat' dir='ltr'><strong>in</strong></span> <span class='ocrx_word' id='word_1_715' title='bbox 2429 4501 2577 4554; x_wconf 91' lang='lat' dir='ltr'><strong>hunc</strong></span> <span class='ocrx_word' id='word_1_716' title='bbox 2605 4501 2827 4555; x_wconf 91' lang='lat' dir='ltr'><strong>modum</strong></span> <span class='ocrx_word' id='word_1_717' title='bbox 2860 4509 3079 4556; x_wconf 83' lang='lat' dir='ltr'><strong>os‘tensa</strong></span> <span class='ocrx_word' id='word_1_718' title='bbox 3111 4500 3241 4564; x_wconf 89' lang='lat' dir='ltr'><strong>sint,</strong></span> <span class='ocrx_word' id='word_1_719' title='bbox 3273 4509 3416 4553; x_wconf 89' lang='lat' dir='ltr'><strong>tem-</strong></span> 
     </span>
    </p>
   </div>
   <div class='ocr_carea' id='block_1_92' title="bbox 206 4589 1749 4664">
    <p class='ocr_par' dir='ltr' id='par_1_92' title="bbox 206 4589 1749 4663">
     <span class='ocr_line' id='line_1_92' title="bbox 206 4589 1749 4663; baseline 0.001 -22"><span class='ocrx_word' id='word_1_720' title='bbox 206 4590 487 4661; x_wconf 74' lang='grc' dir='ltr'>σπέρματος</span> <span class='ocrx_word' id='word_1_721' title='bbox 517 4592 681 4646; x_wconf 77' lang='grc' dir='ltr'><strong>Δαόὶδ</strong></span> <span class='ocrx_word' id='word_1_722' title='bbox 726 4590 868 4645; x_wconf 85' lang='grc' dir='ltr'>κατά</span> <span class='ocrx_word' id='word_1_723' title='bbox 902 4590 1099 4663; x_wconf 84' lang='grc' dir='ltr'>σάρκα.</span> <span class='ocrx_word' id='word_1_724' title='bbox 1135 4609 1155 4641; x_wconf 71' lang='grc' dir='ltr'>ι</span> <span class='ocrx_word' id='word_1_725' title='bbox 1183 4590 1398 4643; x_wconf 87' lang='grc' dir='ltr'>Γένοιτο</span> <span class='ocrx_word' id='word_1_726' title='bbox 1427 4590 1472 4643; x_wconf 83' lang='grc' dir='ltr'><strong>δ’</strong></span> <span class='ocrx_word' id='word_1_727' title='bbox 1512 4590 1577 4643; x_wconf 86' lang='grc' dir='ltr'><strong>ἂν</strong></span> <span class='ocrx_word' id='word_1_728' title='bbox 1613 4589 1749 4661; x_wconf 88' lang='grc' dir='ltr'>σύμ-</span> 
     </span>
    </p>
   </div>
   <div class='ocr_carea' id='block_1_93' title="bbox 1866 4589 3409 4664">
    <p class='ocr_par' dir='ltr' id='par_1_93' title="bbox 1866 4594 3409 4664">
     <span class='ocr_line' id='line_1_93' title="bbox 1866 4594 3409 4664; baseline 0 -17"><span class='ocrx_word' id='word_1_729' title='bbox 1866 4609 1954 4661; x_wconf 76' lang='grc' dir='ltr'>)υε</span> <span class='ocrx_word' id='word_1_730' title='bbox 1980 4595 2092 4663; x_wconf 89' lang='lat' dir='ltr'><strong>jam</strong></span> <span class='ocrx_word' id='word_1_731' title='bbox 2124 4609 2246 4649; x_wconf 89' lang='lat' dir='ltr'><strong>esse</strong></span> <span class='ocrx_word' id='word_1_732' title='bbox 2281 4594 2495 4648; x_wconf 87' lang='lat' dir='ltr'><strong>videtur</strong></span> <span class='ocrx_word' id='word_1_733' title='bbox 2527 4594 2815 4663; x_wconf 89' lang='lat' dir='ltr'><strong>inspicere,</strong></span> <span class='ocrx_word' id='word_1_734' title='bbox 2863 4601 2916 4649; x_wconf 89' lang='lat' dir='ltr'><strong>et</strong></span> <span class='ocrx_word' id='word_1_735' title='bbox 2948 4610 3012 4648; x_wconf 79' lang='lat' dir='ltr'><strong>ex</strong></span> <span class='ocrx_word' id='word_1_736' title='bbox 3044 4609 3153 4664; x_wconf 91' lang='lat' dir='ltr'><strong>quo</strong></span> <span class='ocrx_word' id='word_1_737' title='bbox 3187 4608 3409 4663; x_wconf 89' lang='lat' dir='ltr'><strong>genere,</strong></span> 
     </span>
    </p>
   </div>
   <div class='ocr_carea' id='block_1_94' title="bbox 208 4677 1751 4754">
    <p class='ocr_par' dir='ltr' id='par_1_94' title="bbox 208 4683 1568 4754">
     <span class='ocr_line' id='line_1_94' title="bbox 208 4683 1568 4754; baseline 0 -18"><span class='ocrx_word' id='word_1_738' title='bbox 208 4697 334 4747; x_wconf 74' lang='grc' dir='ltr'>φωνα</span> <span class='ocrx_word' id='word_1_739' title='bbox 355 4684 521 4740; x_wconf 85' lang='grc' dir='ltr'>ταῦτα</span> <span class='ocrx_word' id='word_1_740' title='bbox 552 4687 674 4749; x_wconf 85' lang='grc' dir='ltr'>ταῖς</span> <span class='ocrx_word' id='word_1_741' title='bbox 698 4684 870 4748; x_wconf 75' lang='grc' dir='ltr'>οὓτως</span> <span class='ocrx_word' id='word_1_742' title='bbox 907 4684 1156 4754; x_wconf 80' lang='grc' dir='ltr'>ἐχούσαις</span> <span class='ocrx_word' id='word_1_743' title='bbox 1183 4683 1568 4754; x_wconf 74' lang='grc' dir='ltr'>προρρήσεσιν.</span> 
     </span>
    </p>
   </div>
   <div class='ocr_carea' id='block_1_95' title="bbox 1872 4677 3415 4754">
    <p class='ocr_par' dir='ltr' id='par_1_95' title="bbox 1872 4682 3415 4754">
     <span class='ocr_line' id='line_1_95' title="bbox 1872 4682 3415 4754; baseline -0.001 -18"><span class='ocrx_word' id='word_1_744' title='bbox 1872 4692 1903 4736; x_wconf 83' lang='lat' dir='ltr'><strong>:t</strong></span> <span class='ocrx_word' id='word_1_745' title='bbox 1923 4699 1991 4739; x_wconf 81' lang='lat' dir='ltr'><strong>ex</strong></span> <span class='ocrx_word' id='word_1_746' title='bbox 2025 4698 2131 4754; x_wconf 90' lang='lat' dir='ltr'><strong>qua</strong></span> <span class='ocrx_word' id='word_1_747' title='bbox 2170 4682 2517 4738; x_wconf 72' lang='lat' dir='ltr'><strong>Hebraeorum</strong></span> <span class='ocrx_word' id='word_1_748' title='bbox 2559 4684 2730 4747; x_wconf 90' lang='lat' dir='ltr'><strong>tribu,</strong></span> <span class='ocrx_word' id='word_1_749' title='bbox 2767 4684 3071 4738; x_wconf 85' lang='lat' dir='ltr'><strong>animarum</strong></span> <span class='ocrx_word' id='word_1_750' title='bbox 3102 4692 3415 4738; x_wconf 89' lang='lat' dir='ltr'><strong>nostrarum</strong></span> 
     </span>
    </p>
   </div>
   <div class='ocr_carea' id='block_1_96' title="bbox 208 4772 3414 4849">
    <p class='ocr_par' dir='ltr' id='par_1_96' title="bbox 208 4772 3414 4849">
     <span class='ocr_line' id='line_1_96' title="bbox 208 4772 3414 4849; baseline -0 -20"><span class='ocrx_word' id='word_1_751' title='bbox 208 4772 428 4834; x_wconf 80' lang='lat' dir='ltr'><strong>Salvator</strong></span> <span class='ocrx_word' id='word_1_752' title='bbox 452 4780 709 4836; x_wconf 90' lang='lat' dir='ltr'><strong>Christus</strong></span> <span class='ocrx_word' id='word_1_753' title='bbox 767 4778 860 4834; x_wconf 91' lang='lat' dir='ltr'><strong>Dei</strong></span> <span class='ocrx_word' id='word_1_754' title='bbox 900 4778 1215 4849; x_wconf 89' lang='lat' dir='ltr'><strong>proditurus</strong></span> <span class='ocrx_word' id='word_1_755' title='bbox 1283 4776 1648 4831; x_wconf 88' lang='lat' dir='ltr'><strong>nuntiaretur.</strong></span> <span class='ocrx_word' id='word_1_756' title='bbox 1687 4775 1954 4831; x_wconf 61' lang='lat' dir='ltr'><strong>Caeterum</strong></span> <span class='ocrx_word' id='word_1_757' title='bbox 1997 4777 2100 4831; x_wconf 90' lang='lat' dir='ltr'><strong>hac</strong></span> <span class='ocrx_word' id='word_1_758' title='bbox 2130 4777 2197 4832; x_wconf 91' lang='lat' dir='ltr'><strong>de</strong></span> <span class='ocrx_word' id='word_1_759' title='bbox 2243 4793 2302 4833; x_wconf 91' lang='lat' dir='ltr'><strong>re</strong></span> <span class='ocrx_word' id='word_1_760' title='bbox 2327 4778 2561 4847; x_wconf 89' lang='lat' dir='ltr'><strong>primum</strong></span> <span class='ocrx_word' id='word_1_761' title='bbox 2597 4777 2763 4831; x_wconf 88' lang='lat' dir='ltr'><strong>verba</strong></span> <span class='ocrx_word' id='word_1_762' title='bbox 2832 4777 3017 4831; x_wconf 81' lang='lat' dir='ltr'><strong>citabo</strong></span> <span class='ocrx_word' id='word_1_763' title='bbox 3071 4776 3414 4846; x_wconf 84' lang='lat' dir='ltr'><strong>evangelica,</strong></span> 
     </span>
    </p>
   </div>
   <div class='ocr_carea' id='block_1_97' title="bbox 207 4868 3419 4944">
    <p class='ocr_par' dir='ltr' id='par_1_97' title="bbox 207 4868 3419 4944">
     <span class='ocr_line' id='line_1_97' title="bbox 207 4868 3419 4944; baseline 0 -22"><span class='ocrx_word' id='word_1_764' title='bbox 207 4869 375 4925; x_wconf 88' lang='lat' dir='ltr'><strong>deinde</strong></span> <span class='ocrx_word' id='word_1_765' title='bbox 400 4879 657 4944; x_wconf 82' lang='lat' dir='ltr'><strong>tanquam</strong></span> <span class='ocrx_word' id='word_1_766' title='bbox 695 4880 854 4927; x_wconf 88' lang='lat' dir='ltr'><strong>notas</strong></span> <span class='ocrx_word' id='word_1_767' title='bbox 874 4881 1037 4941; x_wconf 86' lang='lat' dir='ltr'><strong>atque</strong></span> <span class='ocrx_word' id='word_1_768' title='bbox 1066 4868 1457 4941; x_wconf 89' lang='lat' dir='ltr'><strong>impressiones</strong></span> <span class='ocrx_word' id='word_1_769' title='bbox 1496 4870 1733 4925; x_wconf 68' lang='lat' dir='ltr'><strong>maxime</strong></span> <span class='ocrx_word' id='word_1_770' title='bbox 1769 4871 2231 4935; x_wconf 89' lang='lat' dir='ltr'><strong>accommodatas,</strong></span> <span class='ocrx_word' id='word_1_771' title='bbox 2294 4870 2611 4941; x_wconf 89' lang='lat' dir='ltr'><strong>prophetica</strong></span> <span class='ocrx_word' id='word_1_772' title='bbox 2652 4870 2761 4925; x_wconf 93' lang='lat' dir='ltr'><strong>illis</strong></span> <span class='ocrx_word' id='word_1_773' title='bbox 2828 4869 3119 4941; x_wconf 86' lang='lat' dir='ltr'><strong>adjungam</strong></span> <span class='ocrx_word' id='word_1_774' title='bbox 3179 4869 3419 4923; x_wconf 88' lang='lat' dir='ltr'><strong>testimo-</strong></span> 
     </span>
    </p>
   </div>
   <div class='ocr_carea' id='block_1_98' title="bbox 207 4960 3418 5035">
    <p class='ocr_par' dir='ltr' id='par_1_98' title="bbox 207 4960 3418 5035">
     <span class='ocr_line' id='line_1_98' title="bbox 207 4960 3418 5035; baseline 0 -22"><span class='ocrx_word' id='word_1_775' title='bbox 207 4960 301 5017; x_wconf 89' lang='lat' dir='ltr'><strong>nia.</strong></span> <span class='ocrx_word' id='word_1_776' title='bbox 333 4961 611 5020; x_wconf 68' lang='lat' dir='ltr'><strong>Matthaaus</strong></span> <span class='ocrx_word' id='word_1_777' title='bbox 635 4979 765 5035; x_wconf 90' lang='lat' dir='ltr'><strong>ergo</strong></span> <span class='ocrx_word' id='word_1_778' title='bbox 820 4964 1027 5019; x_wconf 90' lang='lat' dir='ltr'><strong>Christi</strong></span> <span class='ocrx_word' id='word_1_779' title='bbox 1087 4978 1281 5033; x_wconf 90' lang='lat' dir='ltr'><strong>genus,</strong></span> <span class='ocrx_word' id='word_1_780' title='bbox 1355 4970 1623 5033; x_wconf 86' lang='lat' dir='ltr'><strong>quatenus</strong></span> <span class='ocrx_word' id='word_1_781' title='bbox 1665 4963 1732 5016; x_wconf 88' lang='lat' dir='ltr'><strong>ad</strong></span> <span class='ocrx_word' id='word_1_782' title='bbox 1782 4963 2074 5017; x_wconf 90' lang='lat' dir='ltr'><strong>humanam</strong></span> <span class='ocrx_word' id='word_1_783' title='bbox 2130 4963 2249 5032; x_wconf 88' lang='lat' dir='ltr'><strong>ejus</strong></span> <span class='ocrx_word' id='word_1_784' title='bbox 2292 4972 2543 5018; x_wconf 88' lang='lat' dir='ltr'><strong>naturam</strong></span> <span class='ocrx_word' id='word_1_785' title='bbox 2587 4964 2846 5034; x_wconf 86' lang='lat' dir='ltr'><strong>pertinet,</strong></span> <span class='ocrx_word' id='word_1_786' title='bbox 2892 4965 2950 5019; x_wconf 91' lang='lat' dir='ltr'><strong>in</strong></span> <span class='ocrx_word' id='word_1_787' title='bbox 2998 4963 3144 5017; x_wconf 87' lang='lat' dir='ltr'><strong>hunc</strong></span> <span class='ocrx_word' id='word_1_788' title='bbox 3195 4960 3418 5016; x_wconf 90' lang='lat' dir='ltr'><strong>modum</strong></span> 
     </span>
    </p>
   </div>
   <div class='ocr_carea' id='block_1_99' title="bbox 208 5052 3423 5127">
    <p class='ocr_par' dir='ltr' id='par_1_99' title="bbox 208 5052 3423 5127">
     <span class='ocr_line' id='line_1_99' title="bbox 208 5052 3423 5127; baseline 0 -21"><span class='ocrx_word' id='word_1_789' title='bbox 208 5052 480 5111; x_wconf 89' lang='lat' dir='ltr'><strong>describit:</strong></span> <span class='ocrx_word' id='word_1_790' title='bbox 517 5076 537 5109; x_wconf 71' lang='grc' dir='ltr'><strong>ε</strong></span> <span class='ocrx_word' id='word_1_791' title='bbox 567 5056 730 5112; x_wconf 87' lang='lat' dir='ltr'><strong>Liber</strong></span> <span class='ocrx_word' id='word_1_792' title='bbox 762 5054 1132 5127; x_wconf 83' lang='lat' dir='ltr'><strong>generationis</strong></span> <span class='ocrx_word' id='word_1_793' title='bbox 1175 5054 1304 5111; x_wconf 81' lang='lat' dir='ltr'><strong>Jesu</strong></span> <span class='ocrx_word' id='word_1_794' title='bbox 1346 5054 1587 5119; x_wconf 88' lang='lat' dir='ltr'><strong>Christi,</strong></span> <span class='ocrx_word' id='word_1_795' title='bbox 1642 5053 1739 5109; x_wconf 83' lang='lat' dir='ltr'><strong>ﬁlii</strong></span> <span class='ocrx_word' id='word_1_796' title='bbox 1778 5054 1967 5119; x_wconf 89' lang='lat' dir='ltr'><strong>David,</strong></span> <span class='ocrx_word' id='word_1_797' title='bbox 2006 5056 2101 5110; x_wconf 77' lang='lat' dir='ltr'><strong>lilii</strong></span> <span class='ocrx_word' id='word_1_798' title='bbox 2136 5057 2433 5112; x_wconf 83' lang='lat' dir='ltr'><strong>Abraham.</strong></span> <span class='ocrx_word' id='word_1_799' title='bbox 2469 5056 2741 5111; x_wconf 87' lang='lat' dir='ltr'><strong>Abraham</strong></span> <span class='ocrx_word' id='word_1_800' title='bbox 2806 5056 2993 5127; x_wconf 89' lang='lat' dir='ltr'><strong>genuit</strong></span> <span class='ocrx_word' id='word_1_801' title='bbox 3050 5056 3224 5110; x_wconf 87' lang='lat' dir='ltr'><strong>Isaac.</strong></span> <span class='ocrx_word' id='word_1_802' title='bbox 3269 5053 3423 5109; x_wconf 86' lang='lat' dir='ltr'><strong>Isaac</strong></span> 
     </span>
    </p>
   </div>
   <div class='ocr_carea' id='block_1_100' title="bbox 207 5142 3422 5218">
    <p class='ocr_par' dir='ltr' id='par_1_100' title="bbox 207 5142 3422 5218">
     <span class='ocr_line' id='line_1_100' title="bbox 207 5142 3422 5218; baseline 0.001 -22"><span class='ocrx_word' id='word_1_803' title='bbox 207 5151 363 5199; x_wconf 78' lang='lat' dir='ltr'><strong>autem</strong></span> <span class='ocrx_word' id='word_1_804' title='bbox 418 5146 609 5218; x_wconf 86' lang='lat' dir='ltr'><strong>genuit</strong></span> <span class='ocrx_word' id='word_1_805' title='bbox 666 5143 855 5199; x_wconf 78' lang='lat' dir='ltr'><strong>Iacob.</strong></span> <span class='ocrx_word' id='word_1_806' title='bbox 911 5142 1082 5200; x_wconf 83' lang='lat' dir='ltr'><strong>Jacob</strong></span> <span class='ocrx_word' id='word_1_807' title='bbox 1144 5152 1325 5199; x_wconf 88' lang='lat' dir='ltr'><strong>autem</strong></span> <span class='ocrx_word' id='word_1_808' title='bbox 1401 5145 1587 5215; x_wconf 86' lang='lat' dir='ltr'><strong>genuit</strong></span> <span class='ocrx_word' id='word_1_809' title='bbox 1644 5142 1841 5199; x_wconf 86' lang='lat' dir='ltr'><strong>Judam</strong></span> <span class='ocrx_word' id='word_1_810' title='bbox 1892 5145 1960 5211; x_wconf 75' lang='grc'><strong>³⁸,</strong></span> <span class='ocrx_word' id='word_1_811' title='bbox 1991 5162 2010 5197; x_wconf 86' lang='grc'><strong>›</strong></span> <span class='ocrx_word' id='word_1_812' title='bbox 2064 5152 2119 5200; x_wconf 92' lang='lat' dir='ltr'><strong>et</strong></span> <span class='ocrx_word' id='word_1_813' title='bbox 2184 5160 2306 5217; x_wconf 64' lang='lat' dir='ltr'><strong>quae</strong></span> <span class='ocrx_word' id='word_1_814' title='bbox 2374 5153 2699 5216; x_wconf 89' lang='lat' dir='ltr'><strong>sequuntur.</strong></span> <span class='ocrx_word' id='word_1_815' title='bbox 2743 5144 2884 5200; x_wconf 85' lang='lat' dir='ltr'><strong>Huic</strong></span> <span class='ocrx_word' id='word_1_816' title='bbox 2939 5160 3072 5200; x_wconf 87' lang='lat' dir='ltr'><strong>vero</strong></span> <span class='ocrx_word' id='word_1_817' title='bbox 3124 5143 3422 5215; x_wconf 84' lang='lat' dir='ltr'><strong>Apostolus</strong></span> 
     </span>
    </p>
   </div>
   <div class='ocr_carea' id='block_1_101' title="bbox 206 5233 3421 5314">
    <p class='ocr_par' dir='ltr' id='par_1_101' title="bbox 206 5233 3421 5314">
     <span class='ocr_line' id='line_1_101' title="bbox 206 5233 3421 5314; baseline -0 -24"><span class='ocrx_word' id='word_1_818' title='bbox 206 5248 398 5309; x_wconf 86' lang='lat' dir='ltr'><strong>quoque</strong></span> <span class='ocrx_word' id='word_1_819' title='bbox 418 5237 735 5302; x_wconf 85' lang='lat' dir='ltr'><strong>concordat,</strong></span> <span class='ocrx_word' id='word_1_820' title='bbox 770 5235 864 5306; x_wconf 90' lang='lat' dir='ltr'><strong>qui</strong></span> <span class='ocrx_word' id='word_1_821' title='bbox 893 5236 1047 5298; x_wconf 89' lang='lat' dir='ltr'><strong>dicit,</strong></span> <span class='ocrx_word' id='word_1_822' title='bbox 1092 5252 1111 5285; x_wconf 75' lang='grc' dir='ltr'>σ</span> <span class='ocrx_word' id='word_1_823' title='bbox 1143 5241 1486 5305; x_wconf 85' lang='lat' dir='ltr'><strong>segregatum</strong></span> <span class='ocrx_word' id='word_1_824' title='bbox 1522 5249 1582 5289; x_wconf 90' lang='lat' dir='ltr'><strong>se</strong></span> <span class='ocrx_word' id='word_1_825' title='bbox 1609 5249 1732 5291; x_wconf 88' lang='lat' dir='ltr'><strong>esse</strong></span> <span class='ocrx_word' id='word_1_826' title='bbox 1772 5236 1826 5290; x_wconf 90' lang='lat' dir='ltr'><strong>in</strong></span> <span class='ocrx_word' id='word_1_827' title='bbox 1860 5233 2212 5306; x_wconf 84' lang='lat' dir='ltr'><strong>Evangelium</strong></span> <span class='ocrx_word' id='word_1_828' title='bbox 2251 5235 2368 5302; x_wconf 88' lang='lat' dir='ltr'><strong>Dei,</strong></span> <span class='ocrx_word' id='word_1_829' title='bbox 2416 5236 2564 5314; x_wconf 82' lang='lat' dir='ltr'><strong>quod</strong></span> <span class='ocrx_word' id='word_1_830' title='bbox 2602 5246 2728 5293; x_wconf 89' lang='lat' dir='ltr'><strong>ante</strong></span> <span class='ocrx_word' id='word_1_831' title='bbox 2793 5236 3115 5307; x_wconf 86' lang='lat' dir='ltr'><strong>promiserat</strong></span> <span class='ocrx_word' id='word_1_832' title='bbox 3144 5251 3242 5307; x_wconf 87' lang='lat' dir='ltr'><strong>per</strong></span> <span class='ocrx_word' id='word_1_833' title='bbox 3293 5248 3421 5305; x_wconf 82' lang='lat' dir='ltr'><strong>pro-</strong></span> 
     </span>
    </p>
   </div>
   <div class='ocr_carea' id='block_1_102' title="bbox 207 5324 3418 5398">
    <p class='ocr_par' dir='ltr' id='par_1_102' title="bbox 207 5324 3418 5398">
     <span class='ocr_line' id='line_1_102' title="bbox 207 5324 3418 5398; baseline 0.001 -18"><span class='ocrx_word' id='word_1_834' title='bbox 207 5325 377 5395; x_wconf 87' lang='lat' dir='ltr'><strong>phetas</strong></span> <span class='ocrx_word' id='word_1_835' title='bbox 402 5344 530 5386; x_wconf 88' lang='lat' dir='ltr'><strong>suos</strong></span> <span class='ocrx_word' id='word_1_836' title='bbox 560 5328 617 5383; x_wconf 89' lang='lat' dir='ltr'><strong>in</strong></span> <span class='ocrx_word' id='word_1_837' title='bbox 648 5326 945 5398; x_wconf 89' lang='lat' dir='ltr'><strong>Scripturis</strong></span> <span class='ocrx_word' id='word_1_838' title='bbox 984 5326 1188 5383; x_wconf 91' lang='lat' dir='ltr'><strong>sanctis</strong></span> <span class='ocrx_word' id='word_1_839' title='bbox 1216 5325 1285 5381; x_wconf 90' lang='lat' dir='ltr'><strong>de</strong></span> <span class='ocrx_word' id='word_1_840' title='bbox 1311 5324 1447 5381; x_wconf 86' lang='lat' dir='ltr'><strong>Filio</strong></span> <span class='ocrx_word' id='word_1_841' title='bbox 1476 5341 1599 5393; x_wconf 90' lang='lat' dir='ltr'><strong>suo,</strong></span> <span class='ocrx_word' id='word_1_842' title='bbox 1637 5327 1732 5397; x_wconf 91' lang='lat' dir='ltr'><strong>qui</strong></span> <span class='ocrx_word' id='word_1_843' title='bbox 1773 5332 1950 5384; x_wconf 83' lang='lat' dir='ltr'><strong>factus</strong></span> <span class='ocrx_word' id='word_1_844' title='bbox 2003 5336 2087 5383; x_wconf 89' lang='lat' dir='ltr'><strong>est</strong></span> <span class='ocrx_word' id='word_1_845' title='bbox 2150 5344 2216 5383; x_wconf 85' lang='lat' dir='ltr'><strong>ex</strong></span> <span class='ocrx_word' id='word_1_846' title='bbox 2274 5330 2481 5385; x_wconf 89' lang='lat' dir='ltr'><strong>semine</strong></span> <span class='ocrx_word' id='word_1_847' title='bbox 2510 5329 2681 5385; x_wconf 87' lang='lat' dir='ltr'><strong>David</strong></span> <span class='ocrx_word' id='word_1_848' title='bbox 2717 5332 3014 5387; x_wconf 86' lang='lat' dir='ltr'><strong>secundum</strong></span> <span class='ocrx_word' id='word_1_849' title='bbox 3049 5342 3271 5386; x_wconf 85' lang='lat' dir='ltr'><strong>carnem</strong></span> <span class='ocrx_word' id='word_1_850' title='bbox 3291 5326 3363 5387; x_wconf 77' lang='lat'><strong>&quot;.</strong></span> <span class='ocrx_word' id='word_1_851' title='bbox 3388 5342 3418 5380; x_wconf 77' lang='grc' dir='ltr'>ι</span> 
     </span>
    </p>
   </div>
   <div class='ocr_carea' id='block_1_103' title="bbox 206 5413 2163 5492">
    <p class='ocr_par' dir='ltr' id='par_1_103' title="bbox 206 5413 2163 5492">
     <span class='ocr_line' id='line_1_103' title="bbox 206 5413 2163 5492; baseline 0.004 -21"><span class='ocrx_word' id='word_1_852' title='bbox 206 5413 405 5475; x_wconf 76' lang='lat' dir='ltr'><strong>Fuerint</strong></span> <span class='ocrx_word' id='word_1_853' title='bbox 424 5435 555 5477; x_wconf 81' lang='lat' dir='ltr'><strong>vero</strong></span> <span class='ocrx_word' id='word_1_854' title='bbox 595 5420 709 5477; x_wconf 67' lang='lat' dir='ltr'><strong>haec</strong></span> <span class='ocrx_word' id='word_1_855' title='bbox 731 5426 1097 5478; x_wconf 85' lang='lat' dir='ltr'><strong>consentanea</strong></span> <span class='ocrx_word' id='word_1_856' title='bbox 1137 5419 1228 5485; x_wconf 89' lang='lat' dir='ltr'><strong>iis,</strong></span> <span class='ocrx_word' id='word_1_857' title='bbox 1273 5435 1395 5492; x_wconf 72' lang='lat' dir='ltr'><strong>qua:</strong></span> <span class='ocrx_word' id='word_1_858' title='bbox 1425 5420 1501 5475; x_wconf 92' lang='lat' dir='ltr'><strong>ita</strong></span> <span class='ocrx_word' id='word_1_859' title='bbox 1541 5435 1601 5477; x_wconf 91' lang='lat' dir='ltr'><strong>se</strong></span> <span class='ocrx_word' id='word_1_860' title='bbox 1643 5420 1869 5486; x_wconf 87' lang='lat' dir='ltr'><strong>habent,</strong></span> <span class='ocrx_word' id='word_1_861' title='bbox 1903 5422 2163 5478; x_wconf 88' lang='lat' dir='ltr'><strong>oraculis.</strong></span> 
     </span>
    </p>
   </div>
   <div class='ocr_carea' id='block_1_104' title="bbox 272 5609 1815 5685">
    <p class='ocr_par' dir='ltr' id='par_1_104' title="bbox 272 5609 1815 5685">
     <span class='ocr_line' id='line_1_104' title="bbox 272 5609 1815 5685; baseline -0.001 -13"><span class='ocrx_word' id='word_1_862' title='bbox 272 5609 313 5652; x_wconf 82' lang='lat'><strong>&quot;</strong></span> <span class='ocrx_word' id='word_1_863' title='bbox 345 5611 511 5674; x_wconf 83' lang='lat' dir='ltr'><strong>Levit.</strong></span> <span class='ocrx_word' id='word_1_864' title='bbox 542 5633 658 5685; x_wconf 79' lang='lat' dir='ltr'><strong>nt,</strong></span> <span class='ocrx_word' id='word_1_865' title='bbox 690 5617 775 5673; x_wconf 76' lang='grc'><strong>12.</strong></span> <span class='ocrx_word' id='word_1_866' title='bbox 849 5616 896 5650; x_wconf 78' lang='grc'><strong>’³</strong></span> <span class='ocrx_word' id='word_1_867' title='bbox 930 5615 1117 5671; x_wconf 76' lang='lat' dir='ltr'><strong>Matth.</strong></span> <span class='ocrx_word' id='word_1_868' title='bbox 1138 5631 1197 5683; x_wconf 84' lang='grc' dir='ltr'>ιι,</span> <span class='ocrx_word' id='word_1_869' title='bbox 1219 5614 1422 5685; x_wconf 75' lang='lat'><strong>22,25.</strong></span> <span class='ocrx_word' id='word_1_870' title='bbox 1497 5612 1758 5673; x_wconf 70' lang='lat' dir='ltr'><strong>&quot;Matth.</strong></span> <span class='ocrx_word' id='word_1_871' title='bbox 1782 5632 1815 5683; x_wconf 74' lang='grc' dir='ltr'><strong>ι,</strong></span> 
     </span>
    </p>
   </div>
   <div class='ocr_carea' id='block_1_105' title="bbox 954 5609 2497 5685">
    <p class='ocr_par' dir='ltr' id='par_1_105' title="bbox 954 5612 2497 5685">
     <span class='ocr_line' id='line_1_105' title="bbox 954 5612 2497 5685; baseline 0.001 -15"><span class='ocrx_word' id='word_1_872' title='bbox 954 5614 1422 5685; x_wconf 72' lang='lat' dir='ltr'><strong>tatth.n,22,25.</strong></span> <span class='ocrx_word' id='word_1_873' title='bbox 1497 5612 1758 5673; x_wconf 70' lang='lat' dir='ltr'><strong>&quot;Matth.</strong></span> <span class='ocrx_word' id='word_1_874' title='bbox 1782 5632 1822 5683; x_wconf 88' lang='grc' dir='ltr'><strong>ι,</strong></span> <span class='ocrx_word' id='word_1_875' title='bbox 1850 5615 1975 5682; x_wconf 77' lang='grc'><strong>1,2.</strong></span> <span class='ocrx_word' id='word_1_876' title='bbox 2049 5617 2095 5649; x_wconf 78' lang='grc'><strong>’⁸</strong></span> <span class='ocrx_word' id='word_1_877' title='bbox 2123 5614 2283 5671; x_wconf 78' lang='lat' dir='ltr'><strong>Rom.</strong></span> <span class='ocrx_word' id='word_1_878' title='bbox 2317 5632 2357 5683; x_wconf 89' lang='grc' dir='ltr'><strong>ι,</strong></span> <span class='ocrx_word' id='word_1_879' title='bbox 2394 5616 2497 5672; x_wconf 79' lang='grc'><strong>1-5.</strong></span> 
     </span>
    </p>
   </div>
   <div class='ocr_carea' id='block_1_106' title="bbox 1756 5853 1836 5880">
    <p class='ocr_par' dir='ltr' id='par_1_106' title="bbox 1756 5853 1836 5880">
     <span class='ocr_line' id='line_1_106' title="bbox 1756 5853 1836 5880; baseline 0 -11"><span class='ocrx_word' id='word_1_880' title='bbox 1756 5853 1836 5880; x_wconf 44' lang='grc' dir='ltr'>ἡ</span> 
     </span>
    </p>
   </div>
  </div>
