3908 6266
469 357 565 416 55-!

1076 461 1305 516 CAPUT
1347 460 1433 516 111.

471 583 511 636 Α
565 578 793 633 secundo
845 574 1309 646 Paralipomenon.
1349 605 1418 614 —
1451 573 1533 628 Εει
1557 592 1660 646 quo
1701 586 1850 646 gente
1888 586 1936 630 et
1978 591 2042 629 ea:

542 647 983 770 auaéludworum
1023 645 1163 699 tribu
1205 644 1582 718 progressurus
1621 644 1864 703 Christus
1905 661 2044 716 pra:-

542 722 655 770 dice
692 727 833 770 titur.

541 722 833 777 dicebatur.

539 898 802 954 Dominus
833 912 929 969 per
961 893 1177 952 Nathan
1208 893 1525 966 prophetam
1558 893 1671 948 haec
1705 893 1870 947 David
1905 910 2046 964 prec-

469 991 626 1054 dicit,
655 991 707 1043 in
740 989 984 1045 secundo
1009 986 1233 1061 [primo]
1259 985 1750 1055 Paralipomenon:
1778 1003 1796 1034 ι
1833 984 1896 1038 Ει
1917 986 2042 1051 erit,

475 1099 600 1136 cum
647 1083 902 1152 completi
952 1083 1152 1136 fuerint
1183 1080 1300 1134 dies
1329 1079 1427 1142 lui,
1485 1088 1540 1132 et
1580 1077 1870 1133 dormieris
1917 1093 2040 1133 cum

469 1177 711 1246 patribus
740 1177 869 1235 tuis,
907 1175 1185 1229 suscitabo
1230 1189 1415 1227 semen
1448 1179 1601 1224 tuum
1636 1179 1757 1242 post
1791 1179 1863 1238 te,
1896 1171 2041 1242 quod

464 1270 568 1324 crit
597 1285 659 1322 ex
685 1278 874 1322 ventre
903 1276 1017 1329 tuo,
1051 1279 1103 1321 et
1127 1266 1328 1336 parabo
1353 1279 1578 1333 regnum
1605 1264 1745 1333 ejus.
1773 1261 1892 1334 Ipse
1915 1264 2046 1318 aedi-

469 1362 652 1416 ﬁcabit
681 1362 812 1414 mihi
846 1361 1066 1415 dommn
1097 1359 1153 1412 in
1183 1359 1408 1412 nomine
1438 1372 1578 1421 meo,
1629 1364 1684 1410 et
1716 1357 1918 1426 erigam
1959 1372 2044 1412 se-

465 1451 588 1507 dem
619 1452 738 1521 ejus
772 1469 944 1521 usque
974 1452 1028 1506 in
1061 1451 1474 1520 sempiternum.
1506 1448 1616 1519 Ego
1639 1464 1732 1502 ero
1756 1450 1830 1502 illi
1860 1450 1916 1503 in
1945 1465 2044 1520 pa-

465 1551 636 1606 trem,
687 1542 842 1613 351
875 1549 928 1596 et
985 1542 1100 1610 ipse
1153 1540 1259 1593 erit
1318 1538 1452 1591 mihi
1497 1535 1555 1590 in
1599 1537 1770 1592 lilium
1793 1537 1862 1588 '°.
1908 1557 1926 1589 ι
1984 1535 2042 1590 1η

465 1644 660 1690 octavo
690 1645 870 1687 autem
912 1639 966 1686 et
998 1630 1336 1700 octogesimo
1361 1628 1574 1699 psalmo
1603 1627 1670 1682 de
1701 1626 1890 1682 eodem
1928 1636 2043 1680 tan.

463 1741 628 1796 quam
673 1725 740 1779 de
780 1723 947 1777 David
1007 1723 1154 1776 dicta
1195 1723 1309 1775 haec
1346 1728 1514 1775 sunt:
1547 1740 1566 1773 ι
1604 1719 1724 1790 lpse
1770 1719 2042 1774 invocabit

1152 347 1419 403 EUSEBH
1455 347 1932 404 CJESARIENSIS
1967 349 2119 406 OPP.
2158 347 2336 404 PARS
2367 349 2430 406 11.
2473 380 2541 390 —
2579 349 3080 410 APOLOGETICA.
3604 367 3695 420 66‘!

2675 467 3070 521 KEI’AAAION
3095 467 3186 521 Τ’.

2161 571 2292 652 Ἀπῤ
2344 571 2464 652 ’τῆς
2504 574 2798 652 ,δευτέρας
2856 575 2984 652 τῶν.
3030 581 3581 652 Παραλειπομέηυν.
3635 617 3686 631 ι-

2231 643 2380 722 Ἀσιὸ.
2411 644 2587 698 ποίου
2633 645 2848 722 ⁴πλέκους
2881 648 2990 722 ᾼκαί
3039 643 3154 703 ἀπὸ
3211 643 3386 722 ποίαςζ
3439 653 3692 721 Ἑϐραίων

2215 716 2418 800 ςρυεὶῆς
2486 717 2958 783 προελεύσεσθαι
3022 722 3054 773 ὀ
3127 716 3381 789 Χριστὸςῖ
3451 716 3691 796 προεμη-

2215 799 2438 836 τενυετο.

2229 891 2286 942 Ὁ
2311 891 2512 962 Κύριος
2540 893 2626 950 διὰ
2657 895 2840 948 Νάθαν
2869 896 2963 950 τοῦ
2990 900 3266 969 προφήτου
3297 901 3469 956 ταῦτα
3496 905 3573 977 τῷ
3601 913 3691 959 Δα-

2148 981 2234 1035 ϐὶδ
2288 983 2528 1049 θεσπίζει
2580 989 2637 1042 ὲν
2682 988 2907 1061 δευτέρᾳ
2965 991 3497 1066 Παραλειπομένωνο
3542 1017 3560 1050 ι
3598 999 3694 1052 Καὶ

2145 1074 2317 1140 ἔσται,
2346 1077 2440 1130 ἐὰν
2474 1079 2830 1152 πληρωθῶσιν
2877 1086 2932 1138 αἰ
2975 1075 3180 1159 ἡμέραι
3233 1103 3347 1152 σου,
3393 1090 3486 1143 καὶ
3518 1109 3692 1162 κοιμη-

2147 1167 2286 1240 θήσῃ
2343 1170 2476 1239 μετὰ
2511 1172 2620 1225 τῶν
2677 1175 2922 1247 πατέρων
2979 1194 3094 1241 σου,
3158 1181 3250 1234 καὶ
3308 1181 3589 1251 ἀναστήσω
3641 1186 3692 1237 τὸ

2148 1258 2366 1329 σπέρμα
2418 1278 2510 1314 σου
2547 1262 2684 1331 μετὰ
2721 1264 2799 1328 σὲ,
2835 1266 2891 1329 ὃς
2931 1267 3082 1322 ἔσται
3127 1270 3192 1323 ὲκ
3220 1271 3317 1342 τῆς
3361 1273 3564 1336 κοιλίας
3589 1293 3691 1338 σου,

2146 1351 2239 1402 καὶ
2281 1351 2552 1438 ετοιμάσω
2581 1356 2678 1426 τὴν
2717 1354 2987 1424 βασιλείαν
3018 1360 3200 1413 αὑτοῦ.
3229 1363 3398 1427 Αὐτὸς
3433 1367 3695 1438 οἰκοδομή-

2149 1455 2229 1491 σει
2260 1436 2404 1493 οἰκον
2431 1441 2507 1511 τῷ
2531 1444 2752 1512 ὀνόματί
2781 1463 2905 1515 μου,
2937 1449 3029 1500 καὶ
3073 1450 3363 1521 ἀνορθώσω
3397 1452 3580 1524 Θρόνον
3607 1436 3694 1511 αὖ.

2145 1530 2236 1582 τοῦ
2271 1533 2349 1595 εἰς
2392 1532 2483 1584 τὸν
2525 1536 2707 1588 αἰῶνα.
2753 1537 2890 1604 Ἐγὼ
2929 1540 3122 1611 ἔσομαι
3166 1543 3316 1614 αὐτῷ
3357 1547 3437 1608 εἰς
3482 1549 3692 1620 πατέρα,

2145 1626 2238 1678 καὶ
2267 1627 2426 1689 αὐτὸς
2451 1627 2601 1680 ἔσται
2644 1647 2733 1700 μοι
2775 1633 2853 1690 εἰς
2881 1632 3014 1686 υἱόν.
3048 1654 3066 1685 ›
3103 1636 3213 1688 Καὶ
3243 1639 3300 1689 ἐν
3333 1635 3503 1709 ὀγδόῳ
3534 1640 3586 1692 δὲ
3613 1643 3696 1695 καὶ

2144 1721 2484 1792 ὀγδοηκοστῷ
2509 1721 2707 1793 ψαλμῷ
2731 1725 2857 1795 περί
2903 1725 2995 1778 τοῦ
3028 1729 3213 1792 αὐτοῦ,
3247 1730 3322 1793 ὠς
3367 1733 3495 1802 περί
3525 1735 3691 1798 Δαϐὶδ,

465 1832 572 1882 me,
598 1825 748 1879 pater
788 1831 941 1870 meus
969 1830 1029 1870 es
1070 1824 1149 1877 tu,
1177 1813 1320 1868 Deus
1357 1829 1511 1868 meus
1538 1820 1592 1867 et
1631 1823 1915 1882 susceptor
1954 1827 2038 1866 sa-

2144 1813 2266 1866 τάδε
2295 1812 2508 1885 εἴρηται
2532 1831 2546 1844 ο
2581 1834 2598 1865 ι
2640 1815 2810 1879 Αὐτὸς
2843 1818 3224 1874 ἐπικαλέσεταί
3255 1839 3354 1892 με·
3386 1823 3575 1896 Πατήρ
3605 1845 3692 1896 μου

467 1909 596 1964 Iutis
626 1923 779 1962 meat.
805 1906 871 1960 Et
905 1921 1005 1976 ego
1040 1906 1459 1976 primogenitum
1495 1919 1694 1974 ponam
1738 1904 1912 1972 illum,
1945 1919 2039 1956 ex-

463 2002 673 2056 celsum
703 2014 813 2068 pra:
858 1999 1078 2069 regibus
1104 2007 1296 2064 teme;
1328 1997 1382 2051 in
1414 2004 1672 2051 aaternum
1707 1995 1936 2050 servabo
1964 1995 2039 2048 illi

467 2094 903 2147 misericordiam
935 2107 1132 2155 meam,
1165 2099 1218 2146 et
1253 2098 1639 2145 testamentum
1675 2105 1853 2144 meum
1885 2089 2041 2145 ﬁdele

467 2185 572 2255 ipsi
602 2185 668 2238 ντ.
705 2204 722 2235 ι
762 2183 827 2236 Ει
859 2199 1054 2239 rursus
1083 2202 1097 2238 :
1132 2201 1150 2233 ι
1177 2181 1366 2236 Juravi
1402 2181 1571 2236 David
1617 2197 1777 2237 servo
1805 2196 1947 2247 meo,
1984 2181 2039 2236 in

467 2275 725 2329 saeculum
749 2275 954 2342 parabo
981 2289 1168 2328 semen
1195 2281 1372 2339 tuum,
1397 2280 1449 2326 et
1473 2271 1757 2327 aediﬁcabo
1789 2272 1841 2325 in
1877 2288 2040 2343 gene-b

466 2361 734 2416 rationem
785 2369 839 2417 et
893 2362 1298 2432 generationem
1365 2361 1548 2416 sedem
1612 2369 1760 2415 tuam
1791 2361 1856 2415 ".
1892 2381 1912 2414 ι
1976 2360 2042 2415 Ει

467 2467 702 2507 rursus:
742 2469 760 2501 ι
795 2449 972 2506 Semel
1018 2451 1197 2520 juravi
1243 2452 1298 2504 in
1335 2461 1528 2505 sancto
1584 2467 1725 2514 meo,
1781 2452 1827 2508 si
1873 2450 2037 2504 David

468 2545 720 2610 mentiar,
753 2559 937 2598 semen
966 2543 1086 2612 ejus
1121 2545 1179 2598 in
1211 2552 1477 2598 ueternum
1509 2543 1773 2607 manebit,
1803 2552 1856 2596 et
1888 2542 2042 2597 thro--

465 2653 570 2690 nus
595 2636 714 2704 ejus
740 2635 882 2690 sicut
914 2636 996 2691 sol
1027 2637 1080 2690 in
1125 2646 1423 2705 conspectu
1475 2653 1615 2698 meo,
1647 2645 1702 2690 et
1741 2637 1884 2691 sicut
1913 2636 2040 2689 luna

465 2727 706 2799 perfecta
737 2729 790 2781 in
824 2727 1170 2782 aeternum”.
1203 2747 1220 2778 ι
1253 2725 1318 2780 Et
1341 2743 1535 2783 rursus
1565 2746 1580 2782 :
1616 2748 1633 2778 ι
1663 2726 1730 2780 Et
1754 2742 1952 2798 ponam
1984 2726 2039 2781 in

465 2821 726 2874 saeculum
773 2819 962 2872 saeculi
1009 2834 1196 2873 semen
1243 2818 1431 2888 ejus‘.
1469 2840 1488 2872 ι
1532 2818 1756 2873 Fuerint
1785 2833 1913 2872 vero
1956 2819 2040 2872 his

467 2911 666 2966 simiiia
698 2912 861 2964 etiam
909 2911 1001 2964 illa
1042 2912 1096 2962 in
1128 2910 1329 2979 quibus
1376 2911 1584 2964 dictum
1617 2919 1700 2966 est
1730 2930 1742 2964 :
1781 2930 1798 2960 ι
1830 2909 2040 2964 Iuravit

468 3003 732 3055 Dominus
764 3001 930 3056 David
958 3003 1264 3067 veritatem,
1289 3014 1341 3058 et
1359 3017 1470 3056 non
1503 3001 1856 3056 frustrabitur
1876 3015 2034 3056 eum:

463 3093 533 3148 de
565 3095 745 3148 fructu
780 3093 986 3148 ventris
1023 3095 1101 3148 tui
1133 3110 1326 3163 ponam
1361 3109 1525 3164 super
1549 3095 1730 3148 sedem
1764 3103 1910 3146 tuam
1937 3093 1978 3147 '.
2014 3111 2033 3143 ι

2146 1900 2196 1957 εἴ
2221 1904 2305 1969 σὺ,
2337 1905 2469 1969 θεός
2496 1923 2615 1976 μου,
2653 1909 2746 1960 καὶ
2773 1909 3114 1981 ἀντιλήπτωρ
3137 1913 3234 1982 τῆς
3271 1918 3540 1986 σωτηρίας
3567 1934 3658 1984 μου
3679 1935 3690 1948 ·

2145 1995 2299 2063 κάγὼ
2337 1997 2675 2065 πρωτότοκον
2697 1998 2928 2070 θήσομαι
2961 2001 3141 2066 αὑτὸν,
3178 2003 3378 2074 ὑψηλὸν
3412 2009 3560 2077 παρὰ
3597 2010 3693 2071 τοῖς

2146 2087 2422 2158 βασιλεῦσι
2448 2091 2546 2160 τῆς
2583 2092 2716 2162 γῆς·
2753 2093 2832 2154 εἰς
2863 2091 2952 2146 τὸν
2996 2094 3165 2148 αἰῶνα
3204 2096 3422 2164 φυλάξω
3467 2099 3606 2170 αὑτῷ
3643 2100 3694 2152 τὺ

2143 2181 2289 2245 ἔλεός
2332 2198 2455 2251 μου,
2505 2182 2599 2236 καὶ
2643 2184 2675 2252 ὴ
2719 2183 2948 2254 διαθήκη
2997 2202 3096 2254 μου
3131 2187 3294 2258 πιστὴ
3328 2188 3514 2260 αὐτῷ·
3559 2210 3576 2241 ι
3613 2193 3694 2244 καὶ

2142 2271 2296 2337 αὖθις
2320 2291 2332 2303 ·
2371 2294 2388 2324 ι
2426 2275 2635 2344 Ὤμοσα
2667 2274 2828 2328 Δαϐἰδ
2855 2275 2931 2346 τῷ
2969 2277 3136 2348 δούλῳ
3174 2296 3272 2348 μου
3296 2297 3309 2310 ο
3350 2281 3495 2345 Ἕως
3517 2282 3692 2346 αἰῶνος

2142 2363 2413 2433 ἑτοιμάσω
2437 2363 2497 2416 τὸ
2525 2365 2742 2436 σπέρμα
2777 2383 2890 2428 σου,
2919 2367 3009 2420 καὶ
3041 2368 3378 2440 οἰκοδομήσω
3407 2373 3488 2434 εἰς
3521 2373 3694 2440 γενεὰν

2143 2453 2234 2507 καὶ
2273 2454 2464 2523 γενεάν
2491 2454 2582 2507 τὸν
2629 2455 2816 2527 θρόνον
2862 2474 2990 2510 σου’
3025 2478 3043 2510 ι
3087 2461 3180 2512 καὶ
3227 2461 3388 2514 πάλιν
3413 2478 3428 2493 ·
3481 2481 3500 2513 ι
3533 2465 3694 2529 "Ana:

2141 2543 2330 2615 ὤμοσα
2371 2547 2427 2597 ὲν
2468 2545 2545 2616 τῷ
2577 2547 2713 2617 ἁγίῳ
2761 2565 2890 2616 μου·
2928 2549 3090 2620 Εἰτῷ
3127 2551 3289 2604 Δαϐἰδ
3328 2552 3616 2624 ψεύσομαι,
3645 2556 3698 2606 τὸ

2143 2636 2360 2707 σπέρμα
2389 2637 2550 2690 αὐτοῦ
2581 2639 2658 2702 εἰς
2690 2639 2778 2691 τὸν
2813 2639 2982 2694 αἰῶνα
3017 2646 3183 2711 μενεῖ,
3211 2645 3302 2697 καὶ
3330 2647 3358 2698 ὁ
3408 2645 3590 2716 θρόνος
3611 2647 3695 2700 αὺ-

2141 2727 2252 2790 τοῦ,
2280 2729 2354 2791 ὼς
2379 2729 2528 2799 ἥλιος
2559 2732 2796 2785 ἐναντίον
2830 2750 2953 2803 μου,
2986 2735 3078 2787 καὶ
3105 2732 3181 2792 ὡς
3213 2737 3245 2807 ἡ
3288 2738 3484 2809 σελήνη
3514 2757 3698 2810 κατηρι

2140 2820 2367 2890 τισμένη
2397 2823 2478 2883 εἰς
2505 2821 2594 2873 τὸν
2631 2823 2801 2876 αἰῶνα
2825 2840 2837 2852 ³
2883 2843 2902 2875 ι
2936 2825 3027 2877 καὶ
3058 2822 3212 2888 αὖθις
3234 2843 3247 2856 ο
3286 2846 3304 2876 ι
3335 2829 3445 2882 Καὶ
3482 2830 3696 2903 θήσομαι

2143 2911 2220 2973 εἰς
2243 2911 2334 2963 τὸν
2361 2911 2531 2964 αἰῶνα
2559 2913 2653 2966 τοῦ
2684 2914 2875 2978 αἰῶνος
2903 2916 2963 2968 τὸ
2995 2918 3214 2986 σπέρμα
3242 2919 3428 2974 αὑτοῦ.
3461 2941 3483 2972 ι
3517 2924 3698 2992 ’Ὅμοια

2140 3004 2184 3056 δ’
2219 3005 2284 3058 ἂν
2321 3006 2405 3077 εἴη
2449 3007 2658 3070 τούτοις
2704 3009 2796 3062 καὶ
2832 3008 2900 3061 τά
2945 3009 3012 3061 δι’
3039 3003 3111 3062 ὧν
3153 3012 3398 3083 εἴρηται·
3457 3034 3476 3066 ι
3514 3017 3697 3087 Ὠμοσε

2144 3093 2347 3167 Κύριος
2370 3097 2448 3166 τῷ
2487 3097 2648 3150 Δαϐἰδ
2687 3097 2960 3168 ἀλήθειαν,
2993 3100 3086 3154 καί
3118 3102 3178 3152 οὐ
3198 3133 3204 3139 ο
3225 3102 3297 3174 μὴ
3345 3104 3582 3178 άθετήσῃ
3613 3108 3699 3160 αὑΔ

467 3184 725 3240 Salomon
774 3187 1018 3256 quidem,
1065 3202 1188 3240 cum
1238 3197 1384 3242 esset
1429 3185 1575 3240 [ilius
1627 3185 1817 3248 David,
1862 3185 2036 3239 eidem

2144 3185 2231 3240 τόν
2254 3203 2266 3216 ·
2303 3188 2366 3240 ἐκ
2399 3187 2611 3258 καρποῦ
2641 3189 2736 3259 τῆς
2756 3189 2959 3252 κοιλίας
2986 3208 3076 3242 σου
3099 3192 3327 3263 θήσομαι
3356 3196 3452 3247 ἐπὶ
3479 3197 3566 3248 τὸν
3591 3197 3701 3268 θρόι

465 3279 642 3348 palam
686 3279 740 3332 in
774 3294 942 3349 regno
976 3280 1246 3334 successit
1277 3298 1290 3333 :
1318 3279 1408 3333 hic
1449 3280 1610 3332 etiam
1642 3277 2037 3349 Hierosolymis

465 3369 675 3440 primus
717 3369 825 3423 Deo
872 3371 1136 3440 templum
1180 3371 1488 3427 aediﬁcavit.
1529 3369 1686 3425 llunc
1721 3371 1906 3440 itaque
1945 3385 2038 3424 su-

465 3462 663 3532 spicari
708 3460 925 3519 Judaeos
959 3465 1110 3518 illum
1156 3480 1299 3527 esse,
1349 3465 1416 3518 de
1455 3480 1570 3534 quo
1615 3463 1916 3534 prophetiae
1957 3463 2038 3515 lo;

462 3561 727 3622 quuntur,
752 3555 1048 3609 verisimile
1067 3562 1170 3610 est.
1199 3552 1304 3610 Sed
1340 3554 1578 3619 videant,
1602 3570 1808 3624 quaeso,
1841 3553 2034 3617 Judaei,

463 3659 595 3698 num
663 3645 732 3700 ad
791 3643 1140 3702 Salomonem
1213 3645 1418 3702 referre
1487 3647 1766 3701 oraculum
1825 3646 2038 3716 possint

461 3737 609 3810 quod
659 3739 732 3792 ita
776 3740 898 3792 ait:
940 3759 958 3790 ι
989 3738 1057 3792 Ει
1110 3740 1316 3810 erigam
1374 3739 1560 3795 sedem
1600 3739 1720 3808 ejus
1763 3753 1937 3808 usque
1982 3740 2037 3793 in

463 3831 900 3900 sempiternum;
931 3851 950 3883 ο
1000 3839 1055 3885 et
1100 3847 1300 3886 rursus
1349 3831 1494 3900 quod
1521 3846 1643 3884 cum
1672 3830 2036 3899 jurisjurandi

463 3921 824 3977 aﬂirmatione
863 3922 1169 3991 pollicitum
1220 3937 1343 3978 esse
1395 3921 1564 3977 Deum
1602 3923 1656 3976 in
1699 3929 1893 3977 sancto
1935 3937 2038 3976 suo

462 4012 695 4075 inducit,
730 4012 970 4065 futuram
1007 4013 1191 4066 sedem
1223 4012 1364 4082 ejus,
1403 4028 1562 4083 quem
1591 4021 1880 4067 venturum
1910 4027 2037 4081 pro-

463 4103 638 4174 jhetae
665 4111 891 4169 canunt,
924 4103 1065 4156 sicut
1093 4103 1285 4166 solem,
1324 4112 1378 4158 et
1402 4106 1541 4158 sicut
1577 4103 1696 4159 dies
1725 4104 1869 4157 coeli.
1902 4103 2036 4156 Nam

463 4195 510 4250 si
541 4195 665 4264 quis
701 4195 857 4265 ι·ῳηὶ
900 4194 1211 4249 Salomonis
1253 4203 1469 4265 tempus
1511 4195 1775 4264 inquit-at,
1806 4195 2041 4264 quadra-

463 4288 610 4358 ginta
634 4303 742 4340 non
774 4287 1008 4358 amplius
1047 4301 1221 4342 annos
1265 4287 1538 4353 inveniet;
1573 4287 1716 4357 quod
1752 4287 1798 4342 si
1839 4301 2030 4340 eorum

463 4380 558 4450 qui
591 4379 668 4432 illi
707 4379 1080 4434 successerint
1113 4378 1170 4433 in
1214 4393 1483 4432 summam
1528 4377 1755 4447 redigat,
1796 4391 1864 4430 ne
1893 4383 2036 4431 totos

461 4473 680 4545 quidem
737 4471 1068 4543 quingentos
1131 4485 1308 4526 annos
1353 4470 1475 4523 illos
1534 4483 1726 4524 omnes
1779 4483 2036 4538 regnasse

2143 3295 2232 3330 νον
2262 3295 2376 3330 σου.
2411 3299 2429 3329 ι
2461 3279 2732 3350 Σολομὼν,
2758 3285 2886 3344 παῖς
2909 3281 3008 3352 μὲν
3045 3281 3120 3336 ῶν
3147 3283 3239 3355 τοῦ
3269 3286 3455 3348 Δαϐὶδ,
3494 3289 3582 3341 καὶ
3609 3289 3698 3358 τῆς

2145 3369 2417 3438 βασιλείας
2445 3371 2685 3441 διάδοχος
2713 3372 2948 3441 πέφηνεν
2978 3373 3423 3446 ὁμολογουμένως
3443 3395 3456 3407 ·
3488 3375 3631 3442 οὗτος
3649 3381 3700 3431 δι

2144 3462 2237 3515 καὶ
2266 3463 2356 3516 τὸν
2399 3465 2455 3516 ὲν
2493 3464 3039 3538 Ἱεροσολύμοιςρνεὼν
3067 3467 3144 3538 τῷ
3176 3468 3292 3539 Θεῷ
3335 3471 3550 3541 πρῶτος
3581 3473 3698 3525 ὲδεί-

2147 3567 2304 3621 ματο.
2343 3551 2452 3604 Καὶ
2473 3551 2660 3604 τοῦτον
2686 3553 2829 3616 εἰκὸς
2865 3555 3230 3626 ὑπολήψεσθαι
3255 3559 3380 3620 τοὺς
3408 3561 3476 3611 ὲκ
3510 3577 3700 3629 περιτο-

2147 3640 2252 3711 μῆς
2280 3642 2371 3693 τὸν
2403 3643 2873 3712 προφητευόμενον
2897 3642 3036 3697 εἶναι
3055 3661 3068 3674 ο
3097 3645 3191 3707 οὓς
3228 3647 3524 3716 ἐπιστῆσαι
3556 3647 3699 3701 καλὸν

2142 3737 2191 3787 εἰ
2213 3732 2322 3786 οἷόν
2353 3752 2410 3787 τε
2435 3731 2541 3787 εἷεν
2578 3736 2653 3804 (1)
2685 3736 2778 3788 ἐπὶ
2806 3737 3092 3807 Σολομῶνα
3111 3738 3330 3806 ἀνάγειν
3351 3739 3447 3792 τὸν
3471 3741 3699 3811 χρησμὸν

2144 3826 2418 3895 φάσκοντα
2437 3843 2448 3857 ·
2481 3846 2500 3878 ι
2535 3827 2640 3881 Καὶ
2673 3827 2966 3899 ἀνορθώσω
2996 3828 3084 3882 τὸν
3111 3829 3295 3900 θρόνον
3327 3830 3495 3884 αὐτοῦ
3523 3834 3598 3895 εἰς
3622 3833 3700 3884 τὸν

2143 3917 2344 3972 αἰῶνα·
2381 3939 2398 3970 υ
2437 3919 2528 3970 καὶ
2555 3914 2710 3981 αὖθις
2745 3919 2862 3989 μεθ’
2889 3920 3051 3991 ὅρκου
3094 3920 3389 3986 διατάσεως
3423 3922 3697 3993 ὀμωμοκέ-

2142 4025 2230 4060 ναι
2276 4007 2365 4061 τὸν
2406 4008 2538 4062 Θεὸν
2585 4011 2641 4061 ὲν
2672 4009 2748 4080 τῷ
2778 4009 2916 4080 ἁγίῳ
2959 4010 3145 4074 αὑτοῦ,
3210 4013 3284 4075 ὡς
3323 4013 3436 4084 ἄρα
3490 4014 3634 4078 ἔσται
3673 4013 3698 4063 ὁ

2144 4097 2328 4168 θρόνος
2360 4099 2452 4151 τοῦ
2487 4102 2985 4170 προφητευομὲνου,
3017 4101 3092 4164 ῶς
3131 4103 3158 4154 ό
3185 4101 3332 4172 ἥλιος
3365 4105 3462 4157 καὶ
3496 4107 3550 4157 αἱ
3578 4103 3697 4173 ήμέ-

2145 4206 2234 4259 ραι
2267 4189 2361 4241 τοῦ
2425 4190 2653 4261 οὐρανοῦ
2675 4208 2688 4220 ·
2751 4195 2799 4244 εἰ
2845 4191 2952 4263 γὰρ
2985 4192 3046 4263 δή
3080 4210 3161 4256 τις
3191 4195 3315 4257 τοὺς
3363 4197 3585 4266 χρόνους
3625 4194 3700 4260 ἑξ-

2143 4280 2352 4333 ετάσειε
2380 4281 2479 4350 τῆς
2523 4279 2616 4334 τοῦ
2647 4281 2954 4353 Σολομῶνος
2987 4284 3276 4353 βασιλείας,
3304 4288 3698 4356 τεσσαράκοντα

2143 4373 2258 4443 ἐτη,
2290 4375 2350 4426 οὐ
2381 4373 2598 4426 πλείονα
2630 4374 2867 4446 εὑρήσει.
2900 4375 2962 4426 Εἰ
2987 4375 3043 4428 δὲ
3074 4378 3166 4429 καὶ
3194 4376 3302 4429 τῶν
3323 4377 3582 4447 διαδόχων
3610 4377 3697 4428 αὑ-

2141 4465 2235 4517 τοῦ
2263 4463 2497 4528 συνάξοι,
2537 4465 2642 4518 οὐδ’
2670 4467 2756 4536 ἐφ’
2789 4466 2928 4530 ὅλοις
2957 4467 3327 4530 πεντακοσίοις
3355 4468 3534 4521 ἐτεσιν
3562 4467 3696 4537 εὖροι

461 4563 777 4634 comperiet.
831 4561 937 4616 Sed
984 4561 1352 4616 concedamus
1400 4574 1496 4614 eos
1529 4573 1704 4629 usque
1747 4558 1814 4612 ad
1863 4567 2038 4612 extre-

2145 4556 2210 4609 ἂν
2240 4556 2363 4619 τοὺς
2389 4556 2597 4621 πάντας
2635 4558 3062 4629 διαγενομένους.
3113 4559 3269 4612 Ἀλλά
3303 4559 3446 4613 ἔστω
3476 4562 3600 4622 τοὺς
3619 4558 3697 4611 αὺ-

463 4672 606 4710 mam
639 4655 882 4710 Judaiea:
918 4654 1095 4726 gentis
1131 4651 1495 4716 obsidionem,
1521 4666 1628 4721 qua
1651 4649 1883 4704 Romani
1916 4651 2039 4704 illos

461 4753 951 4819 expugnaverunt,
998 4760 1226 4816 regnum
1276 4758 1656 4806 conservasse,
1709 4740 1840 4811 quid
1890 4740 2038 4795 istud

463 4843 680 4896 tandem
720 4841 789 4896 ad
828 4839 1168 4910 prophetiam
1203 4852 1323 4907 quae
1372 4837 1469 4898 ait,
1524 4854 1542 4886 ι
1573 4836 1626 4889 in
1673 4831 1980 4888 aeternum?
2011 4851 2028 4884 ι

470 4945 525 4991 et
557 4951 676 5004 qua:
707 4943 764 4986 ut
793 4933 964 4987 solem
997 4938 1168 5000 atque
1212 4937 1273 4983 ut
1304 4928 1422 4983 dies
1467 4927 1590 4980 cceli
1622 4937 2034 4996 permansuram

463 5028 612 5082 illam
649 5024 834 5080 sedem
877 5021 1063 5076 canit?
1090 5017 1223 5073 Illud
1263 5034 1413 5082 vero,
1457 5036 1474 5068 ι
1515 5015 1580 5070 Et
1616 5030 1717 5087 ego
1749 5028 1844 5070 ero
1871 5013 1948 5067 illi
1981 5013 2036 5066 in

462 5132 693 5195 patrem,
745 5128 797 5174 et
845 5119 959 5188 ipse
1009 5117 1115 5172 erit
1175 5114 1306 5168 mihi
1356 5114 1412 5168 in
1465 5111 1654 5177 lilium,
1692 5129 1710 5162 ›
1762 5111 1855 5179 qui
1916 5105 2032 5164 ﬁeri

459 5225 638 5286 potest
686 5220 746 5267 ut
789 5209 1066 5266 Salomoni
1115 5206 1425 5268 conveniat,
1480 5202 1699 5273 quando
1747 5200 1927 5272 palam
1976 5198 2032 5253 in

457 5305 686 5365 historia
729 5321 850 5376 qua:
899 5309 967 5359 de
1005 5303 1100 5357 illo
1151 5305 1353 5360 exstat,
1393 5294 1743 5351 abhorrentia
1787 5291 2036 5362 longissi-

461 5417 651 5471 meque
676 5406 880 5452 remota
908 5396 977 5448 ab
997 5393 1287 5462 adoptione
1313 5389 1404 5444 Dei
1439 5388 1506 5443 de
1535 5389 1630 5442 illo
1653 5386 1857 5456 prodit.
1889 5385 2033 5440 Audi

461 5493 630 5564 igitur
661 5507 825 5560 quam
861 5489 1009 5542 illius
1041 5487 1448 5542 accusationem
1483 5482 1766 5550 complexa
1799 5479 1898 5535 sit:
1927 5497 1944 5530 ι
1969 5478 2035 5532 Ει

530 5605 576 5637 ⁸⁸
615 5603 636 5656 Ι
685 5600 832 5657 Par.
875 5601 1208 5665 ututi-li.

458 5687 643 5735 exul,
679 5673 765 5723 Η.

1305 5597 1350 5630 ’⁷
1379 5597 1524 5654 Psal.
1566 5611 1831 5653 Lxxxvut.
1860 5593 2045 5650 27-29.
2119 5593 2164 5625 ”
2197 5593 2329 5650 ibid.
2352 5595 2406 5657 4,
2433 5593 2487 5649 5.
2564 5592 2607 5624 ⁹⁹
2648 5591 2780 5648 ibid.
2811 5591 2992 5649 36-38.
3069 5592 3088 5623 ¹
3117 5590 3252 5648 ibid.
3305 5592 3395 5649 50.

2140 4651 2266 4713 τοὺς
2292 4650 2385 4703 καὶ
2431 4649 2590 4720 μέχρι
2632 4651 2731 4721 τῆς
2760 4653 2995 4724 ὑστάτης
3033 4650 3138 4707 ὑπὸ
3179 4651 3461 4724 Ῥωμαίων
3495 4652 3696 4721 πολιορ-

2141 4743 2261 4807 κίας
2292 4743 2384 4797 τοῦ
2421 4742 2686 4798 Ἰουδαίων
2729 4744 2913 4808 ἔθνους
2951 4745 3228 4816 διαρκέσαι
3263 4744 3580 4815 νομίζεσθαι
3606 4760 3619 4773 ο
3650 4738 3696 4794 τί

2136 4837 2230 4894 οὖν
2258 4840 2414 4893 τοῦτο
2444 4840 2579 4911 πρὸς
2610 4840 2707 4910 τὴν
2751 4839 3105 4910 προφητείαν,
3151 4858 3168 4889 ι
3218 4840 3298 4903 εἰς
3329 4839 3421 4892 τὸν
3454 4838 3640 4900 αἰῶνα,
3674 4854 3689 4886 ι

2137 4933 2232 4987 καὶ
2257 4933 2331 4996 ὡς
2377 4932 2468 4986 τὸν
2499 4932 2669 5001 ἥλιον,
2698 4933 2791 4985 καὶ
2829 4931 2904 4994 ῶς
2935 4931 3032 4994 τὰς
3083 4930 3295 5002 ἡμέρας
3336 4929 3432 4983 τοῦ
3479 4927 3693 5002 οὐρανοῦ

2137 5025 2407 5094 διαμενεῖν
2468 5023 2558 5076 τὸν
2605 5022 2790 5095 θρόνον
2840 5021 3004 5076 αὑτοῦ
3058 5022 3453 5090 θεσπίζουσαν;
3507 5022 3578 5075 Τὸ
3622 5021 3690 5082 δὲ.

2143 5136 2161 5168 ι
2190 5119 2300 5171 Καὶ
2325 5115 2434 5185 ἐγὼ
2471 5117 2664 5187 ἔσομαι
2696 5115 2844 5186 αὺτῷ
2871 5117 2951 5178 εἰς
2979 5113 3207 5187 πατέρα,
3241 5116 3332 5168 καὶ
3357 5115 3518 5178 αὐτὸς
3548 5115 3693 5168 ἔσται

2141 5224 2230 5278 μοι
2259 5209 2337 5268 εἰς
2365 5206 2498 5268 υἰὸν,
2528 5223 2546 5256 ι
2579 5203 2692 5267 πῶς
2724 5203 2790 5257 ἂν
2813 5204 2890 5274 τῷ
2918 5203 3188 5274 Σολομῶνι
3223 5202 3512 5276 άρμόξοιεν
3536 5221 3551 5269 ;
3581 5204 3692 5258 Ὅτε

2136 5295 2428 5367 διαρρήδην
2461 5297 2494 5366 ἡ
2526 5293 2667 5348 κατὰ
2701 5295 2861 5347 αὑτὸν
2893 5295 3120 5367 ἱστορία,
3151 5293 3399 5366 ἀλλότρια
3429 5296 3526 5349 καὶ
3556 5297 3692 5363 ἀπῳ-

2138 5389 2370 5458 κισμένα
2401 5388 2499 5458 τῆς
2527 5387 2620 5440 τοῦ
2651 5386 2784 5439 Θεοῦ
2813 5387 3165 5457 εἰσποιήσεως
3205 5386 3333 5458 περί¹
3365 5383 3533 5440 αὑτοῦ
3561 5387 3692 5440 διδά-

2140 5495 2279 5533 σκει.
2309 5479 2509 5531 Ἀκουε
2547 5478 2593 5531 δ’
2623 5473 2714 5530 οὖν
2757 5477 2873 5530 οἵαν
2914 5477 3244 5549 κατηγορίαν
3271 5475 3435 5530 αὐτοῦ
3469 5473 3690 5531 καταλέ-

3479 5589 3648 5648 ’1³ςαί

531 5767 608 5836 (1)
647 5758 787 5815 Οἶόι·
817 5779 879 5815 τε
905 5758 1045 5818 εἶεν.
1078 5759 1238 5816 Forte
1272 5759 1556 5832 legendum
1590 5757 1677 5814 vel
1715 5749 1895 5810 οἷοίτε
1923 5751 2034 5808 εἶεν

2144 5755 2164 5808 ·1
2198 5750 2308 5808 οἶόν
2337 5766 2394 5806 τε
2425 5753 2528 5823 εἰη.
2573 5752 2725 5807 Eon.
