3908 6266
264 311 370 365 553

1178 308 1835 366 DEMONSTRATIONIS
1874 309 2331 367 EVANGELICIE
2372 310 2502 366 LIB.
2548 311 2660 368 ΥΠ.

3402 316 3505 371 εει

262 448 383 501 γει·
417 450 437 483 ι
467 433 577 486 Kal.
614 432 861 504 Σολομὼν
888 430 957 503 ἦν
995 433 1391 503 φιλογύναικος,
1436 435 1533 487 καὶ
1559 432 1718 486 ἔλαϐε
1744 450 1839 501 γυ-

1942 430 2196 487 Salomon
2231 430 2331 486 fuit
2377 431 2666 486 nmliernm
2713 437 2940 490 amator.
2975 438 3026 484 et
3074 432 3282 501 accepit
3326 444 3506 487 exter-

262 526 457 587 ναίκος
490 524 776 597 ἀλλοτρίας
812 524 1029 590 πολλὰς,
1065 526 1158 579 καὶ
1190 525 1285 596 τὴν
1317 524 1588 595 θυγατέρα
1620 522 1835 593 Φαραὼ,

260 616 630 679 Μωαϐίτιδας,
688 617 1096 689 ’Δμμανίτιδας,
1146 618 1236 671 καὶ
1291 616 1611 687 Ἰδουμαίας,
1663 615 1839 688 Σύρας

261 708 358 760 καὶ
398 708 686 772 Χετταίας,
716 709 810 764 καὶ
864 709 1214 781 Ἀμορραίας,
1260 709 1326 762 ἐκ
1366 707 1475 761 τῶν
1522 706 1716 772 ὲθνὼν,
1764 702 1838 761 ὧν

258 798 469 867 ἀπεῖπε
518 801 727 872 Κύριος
752 802 781 853 6
808 800 941 865 Θεὸς
983 804 1095 865 τοίς
1142 802 1277 865 υἱοῖς
1318 800 1552 872 Ἰσραὴλ,
1584 800 1684 854 οὐκ
1722 801 1836 853 eia-

255 890 579 947 ελεύσεσθαι
605 895 685 957 είς
711 894 901 958 αὐτάς.
941 914 960 945 ι
978 894 1099 947 ’Καὶ
1127 895 1372 965 ἐπιφέρει
1398 893 1607 958 τούτοις
1632 910 1645 924 ·
1681 911 1700 943 ι
1730 894 1837 947 Καὶ

251 983 359 1036 οὐκ
385 979 454 1053 ἦν
488 985 523 1056 ἡ
553 985 752 1058 καρδία
788 984 953 1039 αὐτοῦ
984 985 1165 1039 εὐθεῖα
1188 985 1323 1056 μετά
1344 985 1546 1056 Κυρίου
1575 984 1668 1039 τοῦ
1701 984 1835 1039 Θεοῦ

252 1072 450 1137 αὐτοῦ,
478 1073 712 1145 καθὼςή
743 1074 938 1146 καρδία
970 1074 1131 1128 Δαϐιδ
1160 1074 1252 1128 τοῦ
1287 1074 1488 1144 πατρὸς
1512 1072 1675 1127 αὑτοῦ
1696 1091 1710 1107 ·
1743 1075 1837 1129 καὶ

250 1166 532 1237 ἐπορεύθη
566 1165 820 1238 Σολομὼν
846 1166 1020 1220 ὀπίσω
1046 1167 1145 1237 τῆς
1184 1166 1501 1238 Ἀστάρτης,
1538 1165 1835 1237 βδελύγμα-

248 1274 347 1321 τος
374 1258 665 1322 Σιδωνίων,
698 1258 791 1312 καὶ
820 1256 995 1311 ὀπίσω
1022 1257 1115 1310 τοῦ
1157 1255 1417 1327 βασιλέως
1446 1256 1646 1321 αὐτῶν,
1680 1255 1833 1309 εἰδώ-

248 1349 347 1401 λου
380 1348 513 1402 υίῶν
550 1348 773 1419 ’Λμμών
794 1365 810 1380 ο
859 1348 952 1401 καὶ
989 1348 1211 1419 ἐποίησε
1234 1346 1482 1419 Σολομὼν
1511 1347 1574 1401 τὸ
1601 1346 1835 1420 πονηρὸν

245 1438 494 1493 ἐνώπιον
528 1441 754 1512 Κυρίου.
789 1459 807 1492 ι
858 1441 966 1494 Καὶ
1004 1435 1159 1505 αὖθις
1190 1439 1316 1510 ἑξῆς
1354 1439 1629 1508 ὲπιλέγει’
1667 1458 1686 1491 ι
1726 1440 1835 1493 Kal.

245 1532 452 1604 ἤγειρε
502 1531 705 1603 Κύριος
751 1531 927 1586 Σατάν
957 1531 1037 1603 τῷ
1069 1532 1361 1603 Σολομῶνι,
1410 1533 1502 1586 τὸν
1534 1514 1697 1604 ί’Δδερ
1742 1533 1834 1586 τὸν

258 1625 589 1695 Ἰδουμαῖοι
631 1644 650 1676 ι
686 1623 880 1697 Τὸνρὴ
910 1625 1003 1677 ἐπὶ
1025 1625 1299 1689 τοσούτοις
1323 1624 1419 1679 καὶ
1449 1624 1707 1691 τοιούτοις
1726 1626 1835 1679 δια-

241 1714 596 1788 ϐεϐλημένον
632 1717 719 1780 τίς
742 1716 809 1770 ἂν
841 1717 988 1788 αἱρεῖ
1023 1716 1178 1787 λόγος
1208 1717 1416 1792 πατέρα
1440 1718 1532 1772 τὸν
1563 1718 1694 1773 Θεὸν
1722 1718 1834 1772 τολ-

243 1812 364 1881 μᾷν
398 1808 816 1882 ἐπιγράφεσθαι,
842 1810 934 1863 καὶ
958 1810 1048 1863 τὸν
1071 1812 1160 1864 ἐπὶ
1185 1812 1400 1865 πάντων
1421 1811 1553 1865 Θεὸν
1578 1812 1691 1866 υἱὸν
1716 1814 1834 1866 ἑαυ-

238 1901 341 1955 τοῦ
381 1901 726 1973 πρωτότοκον
771 1900 1124 1974 ἀναγορεύειν
1163 1903 1353 1968 αύτόν;
1394 1903 1518 1969 Πῶς
1562 1902 1620 1957 δὲ
1664 1903 1833 1959 ταῦτα

240 1991 379 2045 τοτὲ
414 1991 516 2062 μὲν
546 1990 622 2055 ὡς
666 1991 792 2064 περὶ
836 1991 998 2046 αὑτοῦ
1043 1993 1257 2061 λέγεται
1289 1994 1381 2048 τοῦ
1414 1995 1599 2058 Δαϐὶδ,
1628 1997 1749 2050 τοτὲ
1773 1996 1832 2049 δὲ

242 2083 326 2148 ὡς
354 2084 493 2156 περὶ
515 2084 826 2155 σπέρματος
847 2084 1044 2151 αὐτοῦ;
1080 2086 1214 2139 Ἀλλ’
1244 2087 1363 2140 οὐδὲ
1386 2086 1461 2158 τῷ
1487 2088 1650 2141 Δαϐὶδ
1670 2090 1832 2160 ἐφαρ-

242 2175 546 2246 μόζοιοᾶν,
595 2175 671 2240 ὼς
701 2177 1052 2248 ὲπιστήσαντί
1094 2195 1174 2232 σοι
1219 2178 1374 2250 δῆλον
1409 2179 1580 2233 ἔσται.
1622 2179 1832 2235 Οὐκοῦν

236 2267 337 2320 τὸν
398 2268 467 2321 ὲκ
516 2266 827 2339 σπέρματος
867 2268 1030 2322 Δαὸὶδ
1072 2269 1469 2343 ἀναστήσεσθαι
1517 2274 1574 2325 ὲν
1622 2272 1831 2336 τούτοις

235 2357 584 2428 δηλούμενον
622 2358 808 2432 ἕτερον
838 2358 1119 2432 ζητητέον.
1161 2361 1298 2416 Ἀλλ’
1336 2363 1508 2426 οὐδεὶς
1538 2363 1697 2427 ἄλλος
1724 2381 1832 2419 τοι·

234 2450 410 2514 οὗτος
433 2449 496 2516 ἐξ
518 2450 683 2505 αὐτοῦ
708 2450 947 2521 γέγονεν,
978 2452 1054 2515 ὡς
1086 2454 1394 2524 ἱστορεῖται,
1420 2454 1453 2525 ἢ
1483 2455 1565 2509 ὅτι
1595 2473 1659 2525 γε
1694 2451 1773 2520 εἷς
1802 2456 1831 2508 6

234 2541 447 2614 Σωτὴρ
478 2543 574 2597 καὶ
597 2541 799 2614 Κύριος
827 2542 981 2615 ἡμῶν
1017 2544 1222 2614 Ἰησοῦς
1245 2545 1274 2597 6
1302 2545 1532 2618 Χριστὸς
1555 2545 1649 2599 τοῦ
1673 2547 1828 2612 Θεοῦ,

234 2634 298 2698 ὃς
338 2634 514 2704 μόνος
540 2634 646 2687 τῶν
671 2634 888 2688 πώποτε
914 2637 979 2689 ἐκ
1002 2636 1315 2709 σπέρματος
1342 2636 1504 2690 Δαὸὶδ
1528 2637 1833 2708 βεϐασιλευ-

235 2729 427 2781 κότων
470 2726 594 2780 καθ’
632 2726 758 2798 ὅλης
800 2728 1158 2801 ἀνηγόρευται
1203 2729 1302 2800 τῆς
1345 2730 1669 2801 οἰκουμένης
1717 2731 1831 2794 υίὸς

233 2823 435 2887 Δαεὶδ,
470 2822 614 2879 κατά
641 2823 738 2895 τὴν
769 2823 1028 2898 ἔνσαρκον
1075 2825 1240 2881 αὐτοῦ
1286 2827 1497 2896 γένεσιν
1545 2826 1832 2897 ὁμολογού-

237 2930 438 2984 μενος,
477 2914 575 2967 καὶ
600 2914 789 2968 τούτου
816 2925 881 2983 γε
916 2915 1066 2986 μένει
1104 2915 1195 2969 καὶ
1232 2915 1472 2987 διαμενεί
1504 2918 1536 2987 ἡ
1564 2916 1828 2987 βασιλεία,

232 3006 320 3071 εἰς
354 3005 458 3058 τὸν
493 3004 719 3076 ἄπειρον
759 3005 930 3061 αἰῶνα
974 3008 1391 3079 παρατείνουσα,
1440 3007 1613 3061 καίτοι
1662 3008 1831 3080 μυρία

234 3098 344 3167 μὲν
398 3096 916 3171 ἐπιϐεϐουλευμένη,
959 3098 1081 3172 θεία
1124 3099 1180 3153 δὲ
1228 3100 1322 3153 καὶ
1361 3100 1503 3173 ὑπὲρ
1546 3099 1829 3174 ἄνθρωπον

231 3189 482 3259 δυνάμει
510 3190 571 3243 τὸ
600 3189 778 3245 ἔνθεον
803 3193 897 3245 καὶ
928 3192 1191 3264 ἀήττητον
1222 3191 1320 3263 τῆς
1342 3192 1469 3263 περὶ
1498 3193 1662 3246 αὐτοῦ
1695 3211 1828 3265 προ-

235 3280 485 3352 φητείας
515 3282 818 3347 ἀκολούθως
848 3283 1278 3354 ἐπιδεικνυμένη.
1309 3283 1371 3335 Εἰ
1395 3283 1451 3336 δὲ
1476 3283 1714 3354 ὀμνύντα
1736 3284 1827 3340 τὸν

233 3373 379 3428 Θεὸν
415 3374 639 3440 ἀκούεις
667 3374 808 3429 κατά
826 3375 918 3429 τοῦ
939 3376 1093 3445 ἁγίου
1127 3376 1311 3441 αὐτοῦ,
1342 3376 1415 3439 ὡς
1437 3376 1642 3450 πατρὸς
1664 3376 1826 3430 ἄκουε

232 3466 523 3537 ὀμνύντος
554 3467 695 3521 κατά
722 3466 815 3521 τοῦ
842 3467 976 3521 Θεοῦ
1014 3468 1206 3537 Λόγου,
1241 3468 1335 3521 τοῦ
1363 3468 1577 3522 πάντων
1615 3467 1826 3523 αἰώνων

234 3556 697 3628 προῦιρεστῶτος,
730 3557 884 3627 ἁγίου
931 3558 1025 3611 καὶ
1063 3559 1381 3631 μονογενοῦς
1412 3558 1573 3613 αὑτοῦ
1609 3558 1824 3623 Παιδὸς,

231 3646 297 3701 ὃν
322 3646 601 3713 ποικίλως
623 3647 975 3719 ὲθεολόγησαν
1002 3650 1058 3702 ai
1087 3649 1321 3721 πρόσθεν
1354 3652 1485 3720 ἡμῖν
1505 3649 1827 3721 παρατεθεί-

235 3758 333 3795 σαι
358 3741 570 3810 φωναὶ,
602 3740 721 3794 καθ’
746 3734 806 3796 οὗ
835 3740 1058 3812 ὄμνυσιν
1080 3742 1111 3794 6
1136 3741 1269 3805 Θεὸς
1295 3743 1390 3795 καὶ
1437 3741 1615 3813 πατὴρ
1640 3740 1824 3803 αὑτοῦ,

230 3834 314 3898 ὡς
365 3832 522 3888 κατὰ
556 3834 935 3904 ὴγατημένου,
964 3834 1055 3888 τὸν
1102 3834 1166 3887 ἐκ
1199 3833 1506 3905 σπέρματος
1549 3833 1712 3887 Δαϐὶδ
1735 3833 1826 3886 τὸν

232 3927 480 3998 ἄπειρον
518 3924 687 3978 αίῶνα
720 3926 962 3992 δοξάσειν
982 3945 995 3956 ·
1023 3926 1052 3979 ὃ
1079 3925 1174 3980 καὶ
1207 3926 1426 3995 γέγονεν
1469 3927 1557 3979 ὅτε
1599 3928 1628 3979 6
1655 3926 1827 3994 Λόγος

233 4017 384 4091 σὰρξ
420 4016 716 4088 γενόμενος
740 4017 833 4069 τὸν
861 4019 926 4071 ὲκ
957 4017 1269 4089 σπέρματος
1289 4016 1454 4071 Δαὸὶδ
1479 4016 1733 4089 ἀνείληφέ
1762 4035 1823 4070 τε

232 4111 334 4164 καὶ
368 4108 716 4180 ὲθεοποίησε.
739 4109 829 4163 Διὸ
852 4109 945 4163 καὶ
967 4109 1081 4162 υἱὸν
1103 4109 1261 4163 αὑτὸν
1282 4107 1601 4180 ἀναγορεύει
1630 4107 1824 4177 λέγων,

236 4216 256 4248 1
282 4194 443 4266 Ἐγὼ
467 4194 660 4267 ἔσομαι
682 4196 828 4267 αὐτῷ
841 4196 920 4260 είς
934 4195 1163 4269 πατέρα,
1181 4196 1276 4251 καὶ
1292 4196 1452 4261 αὐτὸς
1468 4196 1616 4250 ἐσται
1635 4214 1723 4268 μοι
1746 4199 1824 4261 εἰς

234 4287 394 4341 υἱόν-
414 4305 437 4340 ιι
470 4287 565 4340 καὶ
605 4287 793 4342 πάλινο
829 4306 850 4341 ι
889 4286 1060 4357 Κάγὼ
1091 4287 1433 4361 πρωτότοκον
1462 4287 1696 4359 θήσομαι
1730 4289 1825 4342 αύ-

230 4379 347 4433 τόν.
384 4397 410 4430 ι
441 4376 638 4447 Σαφῶς
667 4379 951 4451 τοιγαροῦν
973 4382 1037 4433 ἐκ
1068 4380 1270 4435 τούτων
1301 4381 1330 4434 6
1358 4381 1486 4445 Υἱὸς
1514 4381 1606 4435 τοῦ
1640 4380 1775 4435 Θεοῦ
1798 4383 1826 4434 6

1943 540 2042 580 nas
2082 523 2310 579 feminas
2339 526 2562 588 multas,
2589 532 2644 578 et
2677 521 2840 576 ﬁliam
2875 520 3200 586 Pharaonis,
3226 531 3277 578 et
3306 523 3507 581 Moabi-

1941 615 2104 672 tiilas.
2149 622 2203 670 et
2239 614 2659 679 Ammanitidas,
2702 623 2757 669 et
2787 611 3072 671 Idumzeas.
3122 623 3176 670 et
3223 613 3410 688 Syras,
3451 626 3507 670 et

1938 710 2099 781 352
2122 710 2412 768 Chettazas.
2445 718 2501 764 et
2544 709 2907 776 Amori-bacas,
2956 725 3023 765 ex
3066 710 3320 780 gentibus
3366 726 3505 781 quas

1940 803 2223 858 interdixit
2263 802 2525 858 Dominus
2573 801 2715 857 Deus
2753 802 2877 857 ﬁliis
2915 800 3104 866 Israel,
3150 819 3256 857 non
3294 802 3505 874 ingredi

1939 894 2006 948 ad
2029 909 2123 949 eas
2145 895 2185 946 ⁸.
2220 913 2239 945 ι
2271 893 2339 947 Et
2369 893 2616 965 adiungit
2648 912 2662 948 :
2695 912 2714 942 ι
2745 893 2806 948 Et
2849 908 2957 948 non
2998 901 3115 949 erat
3145 910 3240 949 cor
3264 897 3385 961 eius
3414 912 3504 950 re-

1938 995 2083 1041 ctum
2116 1001 2238 1042 cum
2275 984 2505 1040 Domino
2535 984 2648 1040 Deo
2685 1001 2807 1050 suo,
2839 985 2982 1039 sicut
3015 1000 3111 1040 cor
3137 986 3307 1041 David
3332 987 3503 1058 patris

1936 1075 2057 1145 eius
2084 1092 2098 1140 ;
2128 1082 2181 1128 et
2206 1075 2340 1128 abiit
2374 1072 2629 1129 Salomon
2664 1082 2787 1145 post
2817 1075 3112 1137 Astartem,
3148 1077 3505 1132 abominatio-

1937 1182 2060 1221 nem
2105 1165 2474 1228 Sidoniorum,
2518 1173 2573 1222 et
2616 1175 2742 1237 post
2804 1182 2985 1237 regem
3026 1183 3237 1233 eorum,
3278 1171 3504 1224 simula-

1936 1276 2090 1315 crum
2124 1260 2357 1315 ﬁliorum
2390 1259 2641 1321 Ammon,
2672 1266 2727 1313 et
2762 1257 2888 1313 fecit
2921 1257 3178 1315 Salomon
3211 1262 3407 1316 malum
3445 1263 3499 1316 in

1936 1359 2231 1421 conspectu
2270 1349 2551 1404 Domini".
2587 1368 2606 1401 ι
2635 1347 2700 1401 Et
2747 1364 2941 1404 rursus
2989 1349 3138 1405 addit
3187 1351 3239 1404 iu
3278 1351 3346 1405 iis
3382 1368 3503 1422 qua:

1937 1449 2283 1513 sequuntur:
2315 1459 2334 1492 ι
2367 1439 2433 1495 Et
2481 1440 2767 1497 suscitavit
2814 1440 3077 1497 Dominus
3124 1441 3290 1496 Satan
3347 1442 3503 1500 Salo-

1936 1534 2106 1595 moni,
2140 1533 2283 1589 Ader
2308 1532 2601 1588 ldumaeum
2624 1533 2666 1587 ⁵.
2703 1552 2722 1585 ›
2757 1531 2889 1587 Eum
2918 1534 3084 1604 igitur
3102 1535 3194 1604 qui
3220 1534 3273 1589 in
3298 1536 3501 1590 talibus

1933 1635 1989 1681 et
2031 1626 2198 1681 tantis
2242 1633 2552 1689 accusetur,
2603 1639 2725 1695 quae
2763 1640 3003 1695 unquam
3060 1626 3196 1680 ratio
3251 1626 3497 1689 dictabit,

1933 1725 2144 1790 patrem
2178 1717 2284 1772 sibi
2312 1716 2513 1772 audere
2557 1715 2724 1771 Deum
2756 1719 3052 1783 ascribere,
3087 1719 3374 1788 ipsumque
3407 1735 3502 1772 su-

1933 1826 2180 1881 premum
2208 1809 2372 1864 Deum
2406 1809 2571 1863 ﬁlium
2596 1809 2743 1864 hunc
2768 1825 2926 1864 suum
2958 1810 3379 1880 primogenitum
3404 1825 3502 1880 ap-

1934 1902 2177 1974 pellare?
2217 1900 2392 1968 Quam
2438 1909 2619 1957 autem
2653 1902 2725 1956 ob
2767 1916 2988 1956 causam
3038 1904 3152 1959 hzec
3190 1905 3326 1960 alias
3376 1906 3499 1974 qui-

1931 1994 2055 2051 dem
2083 1994 2238 2065 quasi
2272 1994 2340 2049 de
2362 1992 2482 2063 ipso
2506 1993 2766 2048 dicuntur
2788 1993 2980 2057 David,
3012 1996 3149 2050 alias
3182 2013 3309 2052 vero
3339 1998 3497 2067 quasi

1932 2088 2001 2144 de
2029 2086 2177 2142 illius
2210 2087 2455 2142 semine?
2492 2086 2659 2157 Atqui
2696 2086 2814 2157 ipsa
2853 2086 2968 2141 haec
3004 2087 3107 2157 ipsi
3141 2089 3360 2158 quidem
3395 2088 3499 2142 Da-

1922 2176 2021 2242 ,vid
2063 2192 2343 2247 nunquam
2393 2176 2792 2232 accommodari
2845 2184 3122 2248 poterunt,
3145 2179 3500 2249 quemadmoo

1931 2271 2058 2326 dum
2107 2270 2208 2325 tibi
2261 2270 2546 2339 diligenter
2598 2272 2912 2327 observanti
2960 2273 3052 2329 ﬁet
3088 2272 3437 2328 manifestum
3482 2290 3492 2324 ε

1932 2363 2099 2433 igitur
2131 2362 2297 2417 alium
2325 2378 2391 2417 ex
2422 2361 2630 2417 semine
2668 2360 2838 2416 David
2868 2371 3265 2427 surrecturum,
3293 2364 3361 2418 de
3388 2380 3497 2433 quo

1931 2452 2048 2508 haec
2090 2454 2311 2507 oracula
2359 2454 2672 2522 loquantur,
2698 2467 2942 2522 quaerere
2976 2461 3209 2524 opm-tet.
3240 2454 3310 2507 At
3345 2455 3489 2508 enim

1931 2560 1998 2601 ex
2027 2545 2121 2600 illo
2144 2553 2416 2615 quatenus
2449 2553 2543 2599 aut
2588 2552 2937 2598 monumenta
2979 2545 3282 2600 litterarum
3311 2543 3494 2613 prodi-

1932 2636 2131 2702 derint,
2165 2642 2259 2689 aut
2301 2635 2356 2688 in
2397 2633 2657 2689 memoria
2692 2632 2972 2687 hominum
3012 2634 3269 2700 resideat,
3310 2634 3493 2688 nullus

1931 2729 2072 2784 alius
2110 2728 2231 2783 talis
2264 2725 2494 2789 exstitit,
2526 2725 2631 2781 nisi
2674 2741 2816 2780 unus
2862 2723 3112 2781 Salvator
3139 2734 3194 2782 et
3234 2725 3493 2782 Dominus

1932 2827 2120 2876 noster
2146 2819 2309 2875 Iesus
2336 2820 2429 2889 qui
2459 2817 2713 2873 Christus
2740 2826 2825 2875 est
2851 2818 2966 2884 Dei,
2992 2818 3084 2888 qui
3106 2818 3324 2889 quidem
3349 2835 3492 2874 unus

1931 2930 1996 2971 ex
2036 2913 2293 2969 omnibus
2315 2911 2408 2982 qui
2441 2926 2680 2981 unquam
2704 2910 2772 2965 de
2801 2909 3009 2964 semine
3037 2909 3202 2965 David
3233 2925 3493 2980 regnave-

1931 3006 2063 3071 rint,
2096 3005 2153 3059 in
2182 3011 2298 3059 toto
2329 3003 2460 3058 orbe
2486 3009 2754 3058 terrarum
2790 3001 2931 3057 ﬁlius
2967 3000 3134 3056 David
3166 3003 3490 3073 appellatur,

1933 3100 2146 3169 hocque
2195 3095 2495 3153 secundum
2535 3095 2682 3151 illius
2725 3103 2907 3149 ortum
2957 3095 3052 3166 qui.
3082 3095 3147 3149 ad
3199 3095 3489 3149 humanam

1928 3199 2178 3247 naturam
2222 3187 2459 3259 pertinet
2491 3201 2682 3243 omnes
2723 3185 3052 3240 conﬁtentur
3082 3202 3096 3239 :
3127 3194 3290 3255 atque
3328 3182 3493 3252 hujus

1926 3297 2154 3354 regnum
2184 3290 2238 3336 et
2265 3286 2446 3336 manet
2468 3293 2615 3334 nunc
2642 3286 2696 3334 et
2715 3292 3132 3349 permansurum
3160 3285 3244 3332 est
3264 3276 3493 3346 posthac

1930 3374 1986 3429 in
2030 3372 2300 3427 inﬁnitum
2330 3384 2502 3425 aevum
2545 3383 2919 3439 perseverans,
2968 3381 3145 3437 neque
3182 3366 3493 3420 innumera-

1926 3467 2063 3522 biles
2102 3464 2362 3520 adversus
2393 3460 2526 3516 illud
2561 3459 2770 3515 insidim
2819 3458 3124 3530 proﬁcient,
3177 3457 3270 3513 sed
3305 3458 3491 3512 divina

1928 3568 2027 3609 sua
2058 3559 2112 3607 et
2142 3553 2266 3623 plus
2311 3566 2473 3620 quam
2510 3550 2746 3603 humana
2791 3550 3009 3612 virtute,
3041 3547 3183 3618 quod
3227 3547 3490 3602 divinitus

1929 3645 2166 3700 aﬁlatum
2214 3650 2376 3714 atque
2417 3641 2783 3712 insuperabile
2831 3641 3022 3695 habuit
3053 3639 3337 3710 prophetia
3366 3655 3487 3710 quas

1926 3739 1994 3793 de
2031 3738 2150 3807 ipso
2178 3742 2379 3798 exstat,
2415 3735 2592 3804 palam
2625 3733 2773 3787 omni
2803 3740 3046 3802 tempore
3069 3732 3485 3787 demonstrabit.

1932 3827 2032 3883 Ubi
2059 3842 2188 3883 vero
2213 3825 2381 3881 Deum
2420 3839 2516 3895 per
2541 3831 2787 3881 sanctum
2828 3837 2985 3878 suum
3010 3823 3278 3890 iurantem
3306 3823 3486 3885 audis,

1926 3917 2145 3973 Patrem
2189 3916 2374 3985 accipe
2411 3914 2688 3984 jurantem
2731 3928 2828 3983 per
2877 3911 3047 3967 Deum
3086 3909 3348 3979 Verbum,
3393 3915 3489 3983 qui

1925 4010 2111 4066 omnia
2140 4010 2338 4066 saecula
2366 4007 2655 4074 antecedit,
2687 4012 2936 4061 sanctum
2959 4004 3147 4076 utique
3174 4012 3337 4076 atque
3365 4007 3490 4061 uni—

1926 4118 2051 4157 cum
2073 4119 2231 4158 suum
2264 4099 2483 4165 Filium,
2507 4115 2668 4170 quem
2701 4098 2851 4153 varie
2884 4105 2944 4153 ut
2967 4097 3137 4154 Deum
3169 4106 3294 4157 ante
3323 4115 3354 4155 a
3386 4115 3487 4155 no-

1928 4195 2012 4251 bis
2040 4195 2272 4266 expositi
2308 4210 2589 4251 sermones
2621 4192 3055 4258 celebraverunt,
3086 4208 3184 4263 per
3209 4207 3370 4263 quem
3395 4193 3488 4263 ju-

1927 4295 2012 4341 rat
2042 4286 2187 4344 Deus
2229 4296 2284 4343 et
2310 4296 2461 4358 pater
2485 4286 2657 4356 ipsius
2677 4294 2938 4355 tanquam
2976 4300 3075 4357 per
3110 4284 3390 4349 dilectum,
3427 4302 3489 4341 se

1926 4395 2051 4435 eum
2081 4381 2174 4450 qui
2200 4380 2267 4436 de
2289 4380 2495 4435 semine
2513 4378 2679 4434 David
2711 4379 2920 4434 oriatur
2941 4377 2995 4432 in
3019 4377 3289 4432 inﬁnitum
3312 4394 3489 4433 sa‘cu-

231 4470 597 4544 πρωτότοκος
632 4468 697 4525 ὲκ
728 4471 1041 4544 σπέρματος
1075 4471 1293 4527 ἔσεσθαι
1324 4473 1489 4527 Δαὸὶδ
1517 4473 1821 4546 ἀνείρηται,

1930 4472 2040 4527 lum
2078 4471 2545 4543 gloriﬁcaturum;
2582 4471 2725 4541 quod
2762 4470 2937 4539 ipsum
2963 4468 3126 4523 etiam
3160 4476 3244 4524 est
3284 4468 3487 4525 factum

228 4560 385 4616 ὥστε
426 4561 525 4614 ἕνα
556 4561 649 4615 καὶ
681 4561 771 4615 τὸν
812 4562 973 4617 αὐτὸν
1002 4558 1141 4618 εἶναι
1165 4563 1255 4617 τὸν
1287 4564 1400 4618 υἱὸν
1431 4563 1524 4618 τοῦ
1555 4564 1719 4619 Δαϐὶδ
1748 4562 1827 4635 τῷ

229 4653 376 4708 Θεοῦ
422 4652 573 4725 Υἱῷ,
604 4652 697 4708 καὶ
728 4653 818 4707 τὸν
850 4654 977 4709 Υίὸν
1007 4654 1099 4710 τοῦ
1138 4654 1272 4709 Θεοῦ
1306 4655 1382 4727 τῷ
1415 4655 1516 4727 υίῷ
1539 4655 1719 4710 Δαϐίδ·
1757 4656 1824 4708 δι’

225 4738 308 4801 ὧν
350 4742 613 4816 ἐναργῶς
649 4745 678 4797 6
725 4744 1073 4817 Πρωτότοκος
1121 4745 1300 4818 πάσης
1339 4746 1567 4811 κτίσεως
1608 4747 1768 4811 αὐτὸς
1796 4749 1824 4800 6

230 4836 370 4902 Υἱὸς
428 4834 523 4890 τοῦ
555 4834 690 4888 Θεοῦ
736 4836 851 4900 υίὸς
887 4835 1176 4909 ἀνθρώπου
1227 4837 1549 4910 γενήσεσθαι
1583 4856 1824 4911 προεφη-

226 4929 457 4983 τεύετο.
502 4927 615 4981 Καὶ
664 4926 818 4981 τοῦτο
867 4927 925 4981 δὲ
966 4927 1026 4982 τὸ
1068 4929 1244 4998 λόγιον
1285 4931 1318 5001 ή
1364 4928 1457 4983 τοῦ
1491 4930 1822 4999 Εὑαγγελίου

225 5020 435 5094 γραφὴ
467 5020 937 5092 ὲπισφραγίζεται,
973 5021 1041 5075 δι’
1071 5013 1146 5076 ὧν
1191 5039 1353 5093 φησιν
1394 5021 1689 5076 ἐπιστάντα
1732 5022 1823 5076 τὸν

227 5111 490 5185 Γαϐριὴλ
524 5114 589 5184 τῇ
630 5113 760 5185 ἁγίᾳ
789 5112 1048 5186 Παρθένῳ
1088 5114 1253 5184 φάναι
1285 5115 1412 5185 περὶ
1445 5114 1537 5168 τοῦ
1572 5114 1823 5187 Σωτῆρος

226 5205 425 5276 ἡμῶνο
461 5223 479 5255 ι
511 5199 677 5269 Οὗτος
708 5205 856 5259 ἔσται
891 5205 1085 5277 μέγας,
1119 5206 1213 5260 καὶ¹
1246 5207 1359 5270 υίὸς
1400 5205 1654 5277 Ὑψίστου
1686 5204 1817 5277 κλη-

228 5295 496 5367 θήσεται,
534 5297 630 5350 καὶ
665 5296 825 5351 δώσει
866 5297 1013 5368 αὐτῷ
1044 5298 1246 5369 Κύριος
1278 5300 1306 5352 6
1352 5297 1483 5363 Θεὸς
1508 5299 1599 5353 τὸν
1629 5298 1816 5370 θρόνον

227 5388 411 5442 Δαϐὶδ
460 5387 557 5441 τοῦ
609 5388 814 5459 πατρὸς
863 5387 1047 5452 αὑτοῦ,
1097 5388 1190 5441 καὶ
1237 5387 1544 5458 βασιλεύσει
1589 5389 1682 5442 ἐπὶ
1724 5390 1817 5444 τὸν

227 5475 391 5534 οἷκον
437 5478 634 5533 Ἰακὼό
681 5481 760 5544 εἰς
807 5480 932 5544 τοὺς
981 5478 1213 5545 αἰῶνας,
1258 5480 1353 5532 καὶ
1394 5478 1497 5551 τῆς
1542 5479 1817 5551 βασιλείας

229 5572 407 5628 αὐτοῦ
436 5571 540 5627 οὐκ
570 5570 721 5626 ἔσται
751 5571 923 5641 τέλος.
964 5591 983 5622 ι
1009 5571 1119 5626 Καὶ
1157 5572 1294 5641 μετά
1325 5571 1531 5644 βραχέα
1562 5573 1618 5627 δὲ
1649 5574 1709 5628 ἐν
1738 5572 1815 5643 τῷ

274 5746 746 5821 'llchg.xl,1.
810 5746 1130 5804 ‘ibidJ-ﬁ.
1198 5747 1495 5805 “ibim”.

561 5842 831 5903 ΡΑτιιοι.
864 5843 978 5904 Gn.
1019 5842 1221 5904 XXII.

1924 4579 2033 4634 quo
2062 4570 2303 4633 tempore
2326 4563 2561 4619 Verbum
2587 4577 2715 4618 caro
2743 4562 2989 4617 eﬁ‘ectum
3020 4568 3124 4624 est,
3162 4570 3214 4618 et
3241 4577 3366 4618 eum
3392 4565 3488 4633 qui

1925 4654 1994 4711 de
2040 4655 2248 4710 semine
2299 4653 2469 4709 David
2515 4654 2820 4717 oriebatur,
2869 4653 3168 4721 assumpsit
3208 4650 3488 4724 Deumque

1923 4744 2119 4802 effecit.
2143 4744 2412 4811 Quocirca
2430 4744 2626 4799 Filium
2648 4759 2864 4815 quoque
2883 4743 3132 4799 eumdem
3150 4740 3383 4813 appellat
3403 4745 3455 4800 di
3468 4773 3484 4784 ο

1923 4852 2057 4894 cens
2089 4856 2103 4891 :
2136 4857 2154 4889 ι
2182 4835 2296 4908 Ego
2325 4851 2421 4893 ero
2452 4835 2529 4890 illi
2554 4837 2612 4890 in
2641 4844 2874 4904 patrem,
2909 4841 2962 4889 et
2991 4834 3109 4904 ipse
3139 4833 3244 4887 erit
3272 4834 3402 4889 mihi
3428 4835 3486 4889 in

1924 4928 2115 4984 ﬁlium.
2148 4946 2169 4979 ι
2203 4925 2272 4980 Ει
2307 4940 2501 4982 rursus
2529 4945 2542 4979 :
2571 4943 2590 4977 ι
2618 4923 2686 4978 Et
2709 4937 2810 4994 ego
2843 4920 3262 4993 primogenitum
3286 4934 3486 4992 ponam

1923 5019 2097 5075 illum.
2124 5039 2144 5072 ι
2184 5017 2511 5075 Planissime
2544 5017 2707 5087 igitur
2739 5016 2797 5070 in
2843 5014 2930 5070 bis
2966 5012 3149 5067 verbis
3177 5008 3345 5066 Filius
3390 4997 3502 5067 Dei.

1922 5112 2082 5184 353
2105 5112 2495 5183 primogenitus
2524 5110 2592 5166 de
2630 5108 2837 5165 semine
2865 5105 3032 5160 David
3061 5104 3277 5158 futurus
3307 5103 3486 5157 dictus

1924 5214 2030 5270 est,
2080 5205 2216 5261 adeo
2248 5204 2486 5276 quidem,
2535 5211 2596 5259 ut
2628 5219 2772 5260 unus
2821 5211 2984 5274 atque
3030 5201 3171 5258 idem
3223 5202 3293 5257 sit
3339 5199 3484 5254 ﬁlius

1923 5299 2091 5354 David
2120 5315 2242 5354 cum
2273 5296 2410 5353 Filio
2442 5297 2556 5363 Dei,
2581 5306 2635 5353 et
2672 5296 2843 5353 Filius
2875 5296 2969 5353 Dei
2997 5311 3121 5351 cum
3150 5295 3262 5350 ﬁlio
3293 5291 3484 5356 David,

1924 5388 1983 5442 in
2026 5389 2227 5461 quibus
2255 5387 2661 5445 evidentissime
2687 5387 3083 5458 primogenitus
3123 5383 3302 5439 omnis
3330 5396 3487 5438 crea-

1924 5488 2062 5536 tura:
2089 5482 2206 5545 ipse
2226 5480 2400 5535 Filius
2437 5478 2548 5545 Dei,
2575 5478 2718 5534 ﬁlius
2749 5478 2983 5534 hominis
3010 5474 3226 5531 futurus
3254 5473 3487 5529 caneha~

1925 5579 2033 5627 tur.
2083 5569 2198 5627 Hoc
2259 5580 2440 5627 autem
2488 5571 2770 5628 oraculum
2835 5566 3117 5639 Scriptura
3178 5565 3489 5638 evangelica

3102 5837 3176 5896 18
