3908 6266
441 323 544 380 555

1147 318 1410 374 EUSEBII
1449 318 1924 376 CAESARIEXSIS
1961 319 2110 377 OPP.
2139 319 2318 376 PARS
2357 319 2395 377 ι.
2440 354 2508 362 -—
2547 323 3045 382 APOLOGETICA.

3573 323 3678 378 556

444 448 601 516 quasi
641 445 796 516 signo
838 444 1102 513 impresso
1140 440 1447 507 conﬁrmat,
1499 442 1589 496 ubi
1630 442 1726 506 ait,
1770 441 1994 498 Gabriel

2111 441 2258 514 αὐτῷ
2309 443 2620 516 Εὑαγγελίῳ
2667 445 2939 517 Ζαχαρίας
2984 447 3012 498 6
3063 443 3154 498 τοῦ
3208 443 3450 498 Ἰωάννου
3499 445 3681 516 πατὴρ

445 556 568 594 cum
606 539 868 594 astitisset
898 536 1128 607 Virgini,
1165 535 1368 590 dixisse
1395 536 1461 589 de
1493 534 1771 590 Salvatore
1801 546 2010 602 nostro,

448 653 466 684 ι
499 632 596 687 Hic
629 631 734 686 erit
764 645 1011 701 magnus,
1044 637 1098 684 et
1126 627 1297 683 Filius
1321 627 1590 684 Altissimi
1626 629 1930 694 vocabitur,
1959 637 2013 683 et

443 723 593 777 dabit
625 722 672 777 ei
702 721 964 775 Dominus
1000 719 1142 774 Deus
1175 719 1354 774 sedem
1387 719 1556 773 David
1594 719 1766 790 patris
1788 719 1930 790 ejus,
1961 730 2012 776 et

447 815 696 885 regnabit
729 815 783 869 in
813 813 976 868 domo
1018 812 1186 868 Jacob
1221 815 1274 866 in
1302 821 1586 877 aeternum,
1617 823 1671 868 et
1713 816 1864 884 regni
1893 814 2012 883 ejus

448 919 556 958 non
580 905 684 958 erit
728 902 851 958 ﬁnis
875 904 913 957 ⁸.
956 922 973 954 ι
1007 902 1070 956 Ει
1096 911 1218 974 post
1260 917 1429 972 pauca
1457 903 1509 956 in
1540 901 1726 957 eodem
1770 901 2012 971 Evange-

447 993 540 1056 lio,
590 991 886 1047 Zacharias
918 990 1147 1046 Joannis
1179 1001 1332 1062 pater
1364 991 1478 1045 haec
1520 991 1586 1046 dc
1616 991 1835 1046 Christo
1874 991 2013 1044 divi-

441 1093 537 1140 nat
565 1103 576 1136 :
610 1105 628 1136 ‹
667 1085 995 1142 Benedictus
1027 1084 1291 1138 Dominus
1314 1083 1459 1140 Deus
1482 1082 1672 1150 Israel,
1703 1085 1830 1154 quia
1880 1084 2011 1139 visio

443 1177 578 1233 tavit
607 1187 659 1234 et
695 1177 823 1233 fecit
866 1177 1295 1246 redemptionem
1337 1177 1536 1247 populo
1586 1191 1708 1240 suo,
1746 1184 1799 1231 et
1840 1176 2011 1231 erexit

438 1287 609 1325 cornu
654 1271 848 1327 salutis
878 1269 931 1323 in
974 1269 1133 1323 nobis
1164 1269 1219 1323 in
1259 1268 1428 1324 domo
1479 1267 1647 1322 David
1701 1269 1855 1338 pueri
1899 1269 2006 1333 sui,

438 1362 825 1417 sicut‘locutus
873 1369 958 1416 est
1005 1377 1100 1432 per
1132 1375 1194 1416 os
1241 1368 1577 1424 sanctorum,
1609 1361 1702 1431 qui
1740 1375 1770 1414 a
1809 1363 2008 1416 saecqu

440 1462 568 1510 sunt
605 1455 993 1526 prophetarum
1031 1453 1215 1522 ejus".
1256 1473 1274 1506 ι
1313 1452 1466 1520 Quod
1509 1468 1638 1508 vero
1682 1454 2006 1524 promissam

438 1547 544 1617 ipsi
600 1544 769 1601 David
815 1549 1095 1601 aeternam
1128 1545 1310 1600 sedem
1365 1543 1618 1598 Salvator
1658 1554 1712 1599 et
1746 1543 2008 1600 Dominus

437 1646 624 1694 noster
651 1637 834 1704 Jesus,
875 1639 967 1708 qui
1004 1637 1259 1694 Christus
1293 1647 1376 1693 est
1411 1636 1526 1704 Dei,
1564 1653 1739 1707 neque
1771 1638 1910 1693 alius
1941 1653 2004 1691 ex

432 1730 713 1785 hominum
743 1745 940 1801 genere
974 1730 1244 1801 quispiam
1289 1729 1580 1800 acceperit,
1623 1730 1756 1786 satis
1795 1745 1857 1786 ea
1888 1746 2008 1801 quae

434 1822 688 1892 superius
731 1823 910 1892 posita
957 1829 1086 1876 sunt
1131 1821 1448 1877 testimonia
1495 1823 2002 1893 comprobaverint,
2037 1853 2077 1909 Β

433 1929 645 1969 necnon
671 1915 841 1985 ipsius
876 1913 1094 1970 Gabriel
1127 1921 1180 1968 et
1209 1912 1504 1978 Zachariae,
1531 1913 1587 1967 in
1620 1913 1818 1984 quibus
1837 1915 2000 1968 etiam

428 2007 565 2060 illud
594 2005 1440 2078 conﬁrmatur,quod,quatenus
1466 2007 1535 2060 ad
1556 2007 1848 2061 humanam
1879 2007 2002 2076 ejus

431 2107 684 2155 naturam
715 2101 970 2171 pertinet,
1004 2101 1071 2155 de
1104 2103 1309 2156 semine
1345 2099 1514 2155 David
1545 2108 1710 2156 natus
1746 2108 1850 2155 est.
1881 2099 1999 2154 Ca)-

431 2199 629 2254 terum,
665 2206 771 2261 qua
792 2192 1001 2246 ratione
1029 2193 1202 2262 ipsius
1228 2192 1426 2263 Joseph
1452 2209 1622 2263 genus
1644 2193 1815 2249 sancti
1842 2207 2002 2247 evan-

431 2281 640 2350 gelista:
667 2281 1003 2346 describant,
1039 2283 1295 2352 quamvis
1327 2283 1588 2338 Salvator
1619 2290 1808 2339 noster
1833 2297 1900 2338 ex
1934 2298 1998 2337 eo

426 2382 588 2428 natus
609 2389 716 2427 non
747 2373 840 2438 sit,
874 2373 971 2429 sed
1002 2374 1070 2429 de
1100 2374 1308 2444 Spiritu
1351 2384 1544 2431 sancto
1577 2383 1632 2430 et
1656 2383 1844 2432 sancta
1871 2373 1998 2429 Vir-

2115 535 2239 588 τάδε
2271 529 2398 606 περὶ
2443 536 2534 588 τοῦ
2581 537 2815 607 Χριστοῦ
2865 533 3126 600 θεσπίζει·
3166 554 3184 586 ι
3223 533 3525 605 Εὐλογητὸς
3565 535 3678 587 Κύ-

2116 645 2230 700 ριος
2255 629 2283 680 6
2311 627 2440 692 Θεὸς
2466 627 2558 681 τοῦ
2587 629 2816 700 Ἰσραὴλ,
2836 629 2915 681 ὃτι
2948 625 3302 695 ἐπεσκέψατο,
3330 627 3424 680 καὶ
3456 627 3680 697 ἐποίησε

2113 721 2379 792 λύτρωσιν
2410 719 2488 791 τῷ
2515 719 2628 790 λαῷ
2660 719 2846 782 αὑτοῦ,
2869 719 2964 772 καὶ
2989 719 3173 790 ἦγειρε
3206 719 3370 789 κέρας
3407 717 3680 788 σωτηρίας

2113 817 2244 885 ἡμῖν
2275 816 2333 867 ἐν
2365 813 2498 884 οἴκῳ
2541 812 2704 866 Δαϐὶδ
2748 811 2837 864 τοῦ
2873 810 3058 874 παιδὸς
3092 811 3278 875 αὑτοῦ,
3329 809 3510 874 καθὼς
3558 809 3681 862 ἐλά-

2112 905 2241 977 λησε
2279 905 2366 959 διὰ
2415 905 2681 976 στόματος
2733 905 2839 958 τῶν
2898 905 3068 974 ἁγίων
3128 904 3220 957 ἀπ’
3271 902 3463 966 αἰῶνος
3512 901 3680 955 αὑτοῦ

2113 995 2426 1068 προφητῶν.
2472 1014 2490 1047 ι
2548 994 2685 1047 Ἀλλ’
2723 995 2804 1048 ὅτι
2857 995 2955 1066 μὲν
2999 995 3090 1048 τὸν
3145 993 3552 1064 ἐπηγγελμένον
3601 993 3682 1064 τῷ

2111 1086 2274 1140 Δαϐὶδ
2323 1085 2534 1139 αἰώνιον
2588 1085 2772 1157 θρόνον
2815 1087 2843 1139 ὁ
2889 1085 3077 1156 Σωτὴρ
3129 1084 3224 1137 καὶ
3280 1084 3479 1155 Κύριος
3519 1084 3681 1156 ήμῶν

2125 1175 2329 1248 Ἰησοῦς
2358 1178 2388 1229 6
2421 1177 2653 1249 Χριστὸς
2687 1178 2778 1231 τοῦ
2811 1177 2977 1241 Θεοῦ,
3007 1177 3102 1230 καὶ
3133 1177 3252 1230 οὐδὲ
3284 1175 3438 1239 ἄλλος
3463 1175 3681 1247 ἀνθρὼ-

2112 1285 2230 1322 πων
2271 1268 2600 1339 ἀπείληφεν,
2647 1269 2825 1323 ἱκαναὶ
2875 1269 3248 1324 πιστώσασθαι
3293 1271 3346 1325 αἱ
3388 1287 3682 1342 προπαρα-

2108 1362 2344 1416 τεθεῖσαι
2399 1363 2724 1436 μαρτυρίαι,
2763 1364 2799 1435 ἦ
2848 1382 2906 1417 τε
2951 1365 3044 1418 τοῦ
3091 1366 3328 1438 Γαϐριὴλ
3375 1366 3467 1419 καὶ
3510 1369 3543 1437 ή
3582 1365 3682 1419 τοῦ

2109 1457 2400 1527 Ζαχαρίου,
2434 1455 2502 1508 δι’
2534 1450 2607 1510 ὧν
2646 1457 2737 1510 καὶ
2782 1457 3088 1512 συνίσταται
3126 1460 3189 1512 ἐκ
3233 1459 3541 1530 σπέρματος
3587 1477 3683 1528 γε-

2108 1547 2280 1616 γονὼς
2312 1547 2476 1602 Δαϐὶδ
2513 1549 2650 1603 κατά
2686 1552 2882 1622 σάρκα.
2933 1551 3046 1604 Τίνι
3083 1551 3140 1604 δέ
3179 1550 3320 1622 λόγῳ
3351 1552 3442 1605 τὸν
3477 1553 3681 1623 Ἰωσὴφ

2109 1641 2522 1710 γενεαλογοῦσιν
2579 1644 2627 1695 οἱ
2687 1645 2822 1716 ἱεροὶ
2874 1643 3287 1712 εὐαγγελισταὶ,
3347 1644 3548 1716 καίπερ
3607 1643 3681 1717 μὴ

2107 1731 2259 1796 ὄντος
2302 1731 2395 1787 τοῦ
2429 1733 2680 1806 Σωτῆρος
2721 1734 2878 1806 ὴμῶν
2929 1735 2988 1799 ἐξ
3034 1735 3232 1801 αὑτοῦ,
3282 1735 3396 1788 ἀλλ’
3427 1736 3485 1801 ἐξ
3519 1737 3678 1805 ἁγίου

2106 1824 2418 1896 Πνεῦματος
2465 1825 2557 1878 καὶ¹
2604 1826 2704 1897 τῆς
2738 1825 2894 1893 ἁγίας
2933 1826 3229 1896 Παρθένου,
3280 1829 3426 1893 ὅπως
3473 1847 3536 1882 τε
3588 1830 3680 1883 καὶ

2107 1915 2244 1988 αῦτη
2278 1918 2311 1987 ἡ
2343 1917 2438 1970 τοῦ
2472 1917 2674 1988 Κυρίου
2713 1920 2892 1990 μήτηρ
2939 1919 3046 1973 ἀπὸ
3077 1919 3265 1986 γένους
3297 1921 3388 1974 καὶ
3423 1920 3678 1992 σπέρμα-

2106 2025 2196 2071 τος
2228 2009 2608 2064 ἀποδείκνυται
2643 2005 2782 2064 εἶναι
2811 2009 2992 2075 Δαϐὶδ,
3027 2012 3086 2065 ἐν
3123 2011 3198 2082 τῷ
3229 2011 3431 2084 πρώτῳ
3460 2013 3572 2066 τῶν
3601 2015 3680 2075 εἰς

2105 2097 2202 2168 τὴν
2229 2097 2576 2166 γενεαλογίαν
2602 2097 2696 2150 τοῦ
2729 2099 2978 2169 Σωτῆρος
3018 2101 3175 2172 ἡμῶν
3211 2100 3543 2174 ζητημάτων
3584 2101 3680 2155 καὶ

2106 2187 2307 2241 λύσεων
2338 2188 2688 2259 διειληφότες,
2717 2189 2802 2242 ἐπ’
2834 2191 3013 2243 ἐκεῖνα
3042 2192 3167 2254 τοὺς
3195 2191 3511 2264 φιλομαθεῖς
3543 2195 3680 2246 ἀνα-

2105 2279 2415 2351 πέμπομεν,
2465 2280 2550 2350 ἐφ’
2577 2280 2767 2353 ἑτέραν
2799 2282 2944 2353 ἡμᾶς
2976 2282 3228 2337 ὑπόθεσιν
3257 2285 3679 2355 κατεπείγοντος

2103 2371 2196 2426 τοῦ
2227 2371 2491 2444 παρόντος
2523 2372 2737 2445 καιροῦ.

426 2469 572 2540 gine,
621 2485 836 2542 quoque
882 2471 1043 2528 modo
1081 2472 1196 2528 haec
1245 2472 1419 2544 ipsius
1462 2471 1678 2527 Domini
1713 2480 1888 2528 mater
1932 2471 1999 2526 de
2029 2485 2226 2542 genere
2254 2485 2320 2525 ex
2347 2470 2555 2524 semine
2575 2468 2744 2525 David
2775 2469 2944 2527 fuisse
3007 2472 3349 2538 ostendatur,
3407 2473 3466 2528 in
3497 2473 3680 2544 primo

425 2571 478 2620 et
507 2565 866 2635 quaestionum
894 2573 948 2622 et
988 2567 1320 2622 solutionum
1361 2583 1481 2638 quae
1518 2567 1585 2622 ad
1630 2567 1846 2639 generis
1897 2564 2196 2621 Salvatoris
2216 2564 2393 2620 nostri
2441 2565 2637 2621 seriem
2699 2577 2862 2638 atque
2922 2569 3319 2624 enarrationem
3374 2570 3677 2640 pertinent,

425 2662 940 2731 explicavimus.Ad
970 2665 1061 2719 illa
1086 2664 1251 2737 igitur
1301 2679 1397 2720 eos
1425 2665 1518 2736 qui
1549 2664 1765 2720 discere
1806 2664 2034 2735 cupiunt
2072 2663 2423 2728 remittimus,
2476 2663 2696 2734 quando
2755 2664 2822 2720 ad
2875 2666 3018 2721 aliud
3055 2667 3328 2722 scribendi
3382 2681 3681 2740 argumen-

427 2761 539 2808 tum
569 2772 808 2826 praesens
839 2774 938 2814 nos
965 2766 1178 2830 tempus
1207 2767 1426 2814 revocat
1453 2767 1616 2831 atque
1646 2759 1899 2830 impellit.

427 2869 467 2921 Α
493 2870 696 2942 psalmo
721 2890 866 2929 ιςιι.
896 2903 967 2916 -
991 2873 1064 2948 De
1105 2873 1389 2948 Salomone
1409 2885 1458 2931 et
1479 2893 1538 2931 eo
1581 2877 1668 2948 qui
1693 2892 1759 2931 ea:
1803 2877 1998 2932 semine

1003 2944 1117 3014 ejus
1143 2945 1402 3014 procedet.

503 3071 521 3103 ι
561 3051 725 3116 Deus,
747 3052 1012 3123 judicium
1037 3060 1189 3108 tuutn
1215 3056 1326 3125 regi
1357 3056 1446 3124 da,
1473 3064 1526 3112 et
1549 3055 1819 3127 justitiam
1847 3065 1993 3112 tuam
2024 3085 2066 3141 ς

429 3145 537 3200 ﬁlio
563 3147 759 3216 regis“,
795 3165 813 3198 ι
844 3161 908 3201 ac
923 3145 1180 3217 deinceps
1209 3147 1373 3222 354
1399 3149 1646 3221 adjungit
1678 3168 1690 3203 :
1731 3169 1749 3203 ι
1779 3151 1844 3204 Et
1870 3167 1996 3222 per-

426 3235 666 3290 manebit
701 3248 824 3288 cum
875 3235 989 3291 sole
1033 3243 1086 3290 et
1116 3243 1241 3292 ante
1269 3238 1476 3301 lunam,
1509 3239 1884 3308 generationes
1912 3255 1998 3310 ge-

427 3324 796 3389 nerationum,
848 3323 1142 3380 descendet
1188 3325 1332 3382 sicut
1385 3327 1570 3398 pluvia
1621 3329 1678 3384 in
1713 3329 1908 3394 vellus,
1943 3337 1996 3385 et

426 3415 568 3470 sicut
595 3415 870 3471 stillicidia
906 3417 1166 3472 stillantia
1205 3433 1370 3489 super
1432 3429 1654 3485 terram,
1686 3421 1895 3478 orietur
1938 3422 1996 3477 in

425 3508 616 3564 diebus
637 3509 758 3579 ejus
781 3509 1016 3580 justitia,
1049 3518 1100 3565 et
1133 3512 1466 3567 abundantia
1497 3515 1671 3584 pacis,
1699 3514 1871 3571 donec
1899 3531 1995 3570 au—

423 3597 630 3655 feratur
658 3601 810 3666 luna,
843 3609 896 3656 et
920 3601 1288 3658 dominabitur
1311 3619 1342 3659 a
1370 3605 1507 3659 mari
1538 3621 1714 3677 usque
1734 3606 1802 3661 ad
1821 3622 1990 3672 mare,

423 3700 476 3746 et
506 3705 537 3746 a
572 3691 796 3748 flumine
835 3708 1009 3765 usque
1045 3694 1116 3749 ad
1158 3696 1426 3752 terminos
1460 3698 1611 3752 orbis
1660 3695 1864 3755 terraa’.
1897 3699 1993 3754 »Ει

421 3791 546 3852 post
566 3800 756 3854 pauca,
777 3785 858 3840 sic
881 3787 988 3841 ait:
1010 3805 1028 3838 ι
1056 3785 1520 3860 Superextolletur
1536 3806 1702 3860 super
1725 3790 1990 3846 Libanum

422 3877 631 3934 fructus
660 3877 801 3948 ejus,
819 3880 925 3933 erit
943 3895 1141 3935 nomen
1165 3881 1285 3950 ejus
1314 3881 1657 3938 benedictum
1689 3884 1744 3938 in
1768 3885 1987 3952 saecula,

423 3977 549 4023 ante
579 3969 746 4024 solem
783 3970 1123 4040 permanebit
1166 3987 1364 4028 nomen
1394 3974 1537 4044 ejus,
1583 3981 1637 4030 et
1661 3975 1991 4032 benedicen-

425 4065 511 4110 tur
545 4057 599 4110 in
622 4057 741 4127 ipso
771 4072 959 4113 omnes
988 4058 1168 4113 tribus
1200 4066 1382 4124 terra},
1423 4075 1614 4116 omnes
1640 4071 1830 4131 gentes
1862 4061 1991 4117 bea-

421 4145 839 4201 tiﬁcabunteum
861 4147 924 4201 ¹⁰.
958 4168 977 4200 ι
1005 4147 1234 4214 Quando
1249 4164 1379 4220 ergo
1395 4150 1449 4204 in
1481 4148 1826 4206 Salomonem
1855 4151 1990 4206 scri-

419 4225 543 4308 ptus
596 4251 680 4293 est
731 4238 997 4308 psalmus,
1043 4240 1254 4310 primus
1313 4242 1508 4312 psalmi
1561 4243 1868 4298 versiculus
1920 4243 1988 4297 ad

418 4330 568 4384 illum
587 4329 874 4398 referatur;
894 4348 1013 4402 qua:
1040 4347 1170 4387 vero
1199 4342 1501 4404 sequuntur
1517 4336 1698 4389 omnia
1722 4335 1788 4390 ad
1816 4335 1984 4392 ﬁlium

2117 2851 2256 2905 Ἀπὸ
2296 2852 2544 2922 ψαλμοῦ
2573 2858 2679 2907 oa’.
2711 2885 2778 2893 —
2817 2853 2956 2921 Περὶ
2999 2853 3380 2922 Σολομῶντος
3422 2855 3525 2910 καὶ
3569 2855 3682 2910 τοῦ

2278 2921 2348 2976 ἐκ
2373 2922 2712 2992 σπέρματος
2743 2924 2928 2978 αὑτοῦ
2954 2921 3497 2994 προελευσομένου.

2180 3054 2198 3088 ι
2246 3035 2303 3090 '0
2336 3036 2487 3100 Θεὸς,
2525 3037 2585 3090 τὸ
2618 3038 2792 3111 κρῖμά
2825 3056 2917 3093 σου
2948 3037 3023 3110 τῷ
3057 3039 3264 3110 βασιλεῖ
3291 3039 3398 3106 δὸς,
3445 3041 3545 3094 καὶ
3578 3042 3680 3112 τὴν

2097 3128 2440 3200 δικαιοσύνην
2491 3145 2584 3182 σου
2635 3129 2713 3199 τῷ
2765 3129 2864 3200 υἱῷ
2896 3128 2988 3183 τοῦ
3037 3129 3323 3200 βασιλέως”
3367 3149 3387 3182 ι
3418 3133 3518 3185 καὶ
3549 3132 3680 3203 ἑξῆς

2097 3219 2355 3288 ἐπιλέγει·
2396 3240 2414 3270 ι
2460 3220 2569 3272 Καὶ
2620 3224 3038 3293 συμπαραμενεῖ
3083 3221 3160 3293 τῷ
3196 3223 3370 3294 ἡλίῳ,
3417 3225 3516 3276 καὶ
3571 3223 3681 3294 πρὸ

2095 3313 2194 3384 τῆς
2226 3313 2453 3383 σελήνης
2502 3311 2692 3381 γενεὰς
2735 3314 2966 3382 γενεῶν,
3001 3314 3366 3386 καταϐήσεται
3407 3314 3486 3378 ὡς
3519 3316 3680 3379 ὑετὸς

2095 3404 2188 3458 ἐπὶ
2237 3405 2422 3473 πόκον,
2475 3405 2568 3459 καὶ
2624 3405 2754 3458 ὡσεὶ
2805 3408 3060 3476 σταγόνες
3107 3407 3397 3472 στάζουσαι
3447 3409 3546 3462 ἐπὶ
3576 3409 3677 3481 τήν

2092 3497 2228 3569 γῆν·
2279 3497 2526 3552 ἀνατελεί
2567 3499 2625 3552 ἐν
2675 3502 2794 3563 ταῖς
2838 3500 3071 3572 ἡμέραις
3124 3500 3286 3554 αὑτοῦ
3330 3500 3674 3571 δικαιοσύνῃ

2095 3591 2189 3642 καὶ
2231 3590 2432 3662 πλῆθος
2464 3591 2716 3662 εἰρήνης,
2755 3592 2858 3655 ἕως
2891 3584 2951 3644 οῦ
2985 3592 3340 3665 ἀνταναιρεθῇ
3375 3595 3408 3665 ὴ
3445 3593 3674 3666 σελήνη,

2094 3682 2188 3734 καὶ
2213 3682 2630 3753 κατακυριεύσει
2664 3685 2770 3737 ἀπὸ
2805 3683 3078 3756 θαλάσσης
3107 3686 3212 3749 ἕως
3241 3685 3538 3756 θαλάσσης,
3578 3686 3678 3740 καὶ

2095 3772 2203 3826 ἀπὸ
2241 3773 2486 3844 ποταμοῦ
2526 3774 2631 3840 ἓως
2672 3775 2923 3847 περάτων
2965 3777 3064 3848 τῆς
3109 3777 3451 3848 οἰκουμένης.
3501 3796 3519 3828 ι
3559 3777 3676 3830 Καὶ

2096 3864 2234 3936 μετά
2287 3865 2492 3937 βραχέα
2544 3867 2740 3938 φησίν’
2792 3887 2809 3919 ι
2858 3868 3326 3942 Ὑπεραρθήσεται
3373 3867 3515 3938 ὑπὲρ
3581 3867 3676 3921 τὸν

2091 3956 2318 4010 Λίϐανον
2346 3959 2374 4010 6
2405 3957 2616 4029 καρπὸς
2648 3959 2830 4012 αὑτοῦ·
2859 3959 3009 4013 ἔσται
3034 3959 3092 4013 τὸ
3124 3961 3292 4030 ὄνομα
3322 3957 3484 4014 αὐτοῦ
3515 3958 3677 4011 εὐλο-

2091 4049 2328 4121 γημένον
2361 4053 2440 4114 εἰς
2489 4051 2579 4105 τὸν
2623 4051 2814 4118 αἰῶνα,
2848 4051 2950 4126 πρὸ
2998 4053 3091 4106 τοῦ
3137 4052 3288 4125 ἡλίου
3332 4052 3584 4123 διαμενεῖ
3611 4053 3672 4105 τὸ

2091 4141 2259 4213 δνομα
2289 4143 2474 4207 αὐτοῦ,
2516 4144 2611 4197 καὶ
2660 4145 3169 4218 ἐνευλογηθήσονται
3211 4146 3268 4198 ἐν
3312 4143 3457 4216 αὐτῷ
3489 4147 3670 4199 πᾶσαι

2078 4234 2145 4296 ,αἱ
2191 4234 2356 4304 φυλαὶ
2393 4235 2492 4305 τῆς
2522 4236 2644 4307 γῆς,
2679 4236 2855 4291 πάντα
2886 4237 2955 4292 τὰ
2999 4237 3123 4309 ἔθνη
3167 4236 3520 4309 μακαριοῦσιν
3571 4237 3672 4291 αὐ-

2088 4325 2198 4380 τόν.
2236 4346 2253 4378 ›
2296 4327 2512 4399 Ἐπειδὴ
2543 4327 2847 4399 γέγραπται
2881 4332 2959 4394 είς
2997 4329 3280 4400 Σολομῶνα
3310 4330 3337 4382 6
3365 4327 3607 4398 ψαλμδς,
3639 4329 3670 4381 6

421 4417 752 4483 Salomonis,
803 4436 912 4474 non
947 4419 1214 4486 Roboam,
1250 4421 1342 4491 qui
1378 4430 1502 4492 post
1554 4424 1704 4477 illum
1741 4426 1986 4494 regnavit

2101 4416 2304 4488 πρῶτος
2335 4417 2426 4470 τοῦ
2457 4418 2670 4490 ψαλμοῦ
2699 4422 2877 4492 στίχος
2907 4423 2986 4486 εἰς
3019 4421 3180 4475 αὐτὸν
3211 4421 3561 4492 ἀναφέροιτο,
3601 4419 3670 4473 τὰ

418 4511 472 4565 in
519 4511 879 4581 Hierusalem,
913 4514 1008 4569 sed
1050 4513 1118 4566 ad
1163 4530 1287 4568 eum
1335 4515 1426 4584 qui
1478 4515 1546 4570 de
1583 4518 1702 4585 ejus
1757 4518 1984 4583 semine,

416 4606 628 4659 ratione
675 4604 927 4659 humanae
975 4613 1184 4661 natura:
1229 4607 1508 4678 profectus
1552 4617 1657 4672 est,
1706 4607 1986 4665 Christum

415 4694 529 4752 Dei.
562 4694 717 4762 Quod
765 4698 907 4751 enim
953 4713 1129 4768 neque
1171 4698 1240 4752 ad
1289 4697 1652 4763 Salomonem,
1687 4717 1864 4772 neque
1915 4705 1984 4755 ad

415 4788 535 4856 ejus
569 4804 946 4846 successorem
988 4790 1182 4845 referri
1207 4791 1424 4860 possint
1449 4808 1513 4847 ea
1537 4808 1658 4862 quae
1687 4794 1740 4847 in
1773 4795 1984 4864 psalmo

415 4881 790 4949 continentur,
823 4891 1044 4954 propter
1076 4898 1174 4948 ea,
1223 4901 1342 4954 qua:
1382 4885 1450 4940 de
1492 4886 1584 4939 illo
1619 4888 1837 4956 cognita
1891 4887 1986 4942 ha-

414 4975 630 5040 bentur,
657 4974 970 5044 quicunque
1020 4973 1325 5029 divtnarum
1377 4973 1782 5045 Scripturarum
1815 4976 1985 5045 impe-

413 5067 556 5123 ritus
593 5083 703 5122 non
730 5076 832 5132 est,
872 5065 1029 5123 facile
1071 5067 1438 5122 confitebitur.
1494 5067 1706 5122 Etenim
1741 5069 1833 5137 qui
1867 5068 1985 5123 ﬁeri

413 5165 594 5229 potest
641 5167 699 5213 ut
741 5161 808 5214 de
843 5156 1154 5224 Salomone,
1190 5166 1285 5212 aut
1317 5160 1381 5213 de
1429 5157 1549 5228 ejus
1592 5157 1703 5213 ﬁlio
1735 5156 1980 5213 Roboam

413 5252 772 5322 accipiantur,
823 5267 944 5322 quae
995 5267 1092 5322 per
1139 5258 1310 5306 totum
1375 5251 1644 5321 psalmum
1707 5249 1978 5317 feruntur,

413 5343 572 5411 quale
609 5350 694 5397 est
725 5341 859 5395 illud
899 5359 913 5396 ε
953 5358 971 5392 ι
1017 5339 1395 5395 Dominabitur
1439 5355 1469 5392 a
1511 5339 1651 5393 mari
1705 5355 1877 5409 usque
1912 5342 1980 5396 ad

413 5448 583 5497 mare,
618 5441 671 5486 et
698 5449 729 5487 a
752 5431 971 5487 flumine
1001 5448 1172 5502 usque
1202 5431 1268 5486 ad
1303 5430 1563 5486 terminos
1592 5430 1740 5486 orbis
1764 5441 1975 5498 terram

412 5534 468 5579 et
499 5523 630 5578 illud
660 5541 674 5577 :
707 5543 726 5577 ι
756 5524 1105 5581 Permanebit
1136 5540 1260 5580 cum
1292 5525 1406 5582 sole
1433 5531 1488 5579 et
1513 5531 1639 5577 ante
1671 5525 1853 5578 lunam
1884 5541 1979 5595 ge-

413 5616 723 5670 nerationes
769 5615 1200 5688 generationum,
1237 5633 1256 5667 ι
1291 5621 1345 5669 et
1394 5627 1732 5685 quacunque
1765 5615 1868 5668 alia
1892 5613 1979 5669 bis

2086 4508 2143 4561 δέ
2191 4509 2430 4581 ἑπόμενα
2475 4511 2656 4566 πάντα
2702 4515 2782 4577 είς
2832 4513 2921 4566 τὸν
2965 4513 3078 4565 υἱὸν
3111 4512 3452 4583 Σολομῶνος,
3482 4511 3541 4564 οὐ
3573 4512 3669 4564 τὸν

2102 4598 2355 4671 Ῥοϐοάμ,
2409 4601 2468 4664 ὃς
2512 4604 2628 4673 μετ’
2676 4603 2837 4657 αὑτὸν
2885 4603 3197 4657 ἐϐασίλευσε
3255 4602 3345 4656 τοῦ
3406 4602 3665 4674 Ἰσραὴλ,

2088 4690 2225 4745 ἀλλά
2266 4692 2356 4746 τὸν
2402 4694 2466 4747 ἐκ
2501 4695 2814 4767 σπέρματος
2842 4695 3005 4749 αὑτοῦ
3048 4695 3187 4750 κατά
3233 4697 3408 4766 σάρκα
3435 4694 3672 4765 γενόμε-

2089 4799 2198 4848 νον,
2247 4783 2338 4836 τὸν
2383 4784 2616 4856 Χριστὸν
2648 4785 2739 4838 τοῦ
2779 4785 2934 4842 Θεοῦ.
2967 4787 3086 4840 Ὅτι
3126 4785 3233 4857 γὰρ
3279 4787 3378 4838 οὐκ
3425 4785 3517 4837 ἐπὶ
3570 4786 3666 4838 τὸν

2089 4873 2393 4946 Σολομῶνα,
2441 4877 2561 4930 οὐδὲ
2605 4879 2696 4931 ἐττί
2724 4879 2813 4931 τὸν
2855 4882 3043 4934 τούτου
3089 4879 3326 4949 διάδοχον
3368 4878 3666 4947 ἀναφέρειν

2087 4969 2309 5024 δυνατὸν
2338 4970 2408 5023 τὰ
2440 4973 2496 5024 ἐν
2523 4971 2600 5042 τῷ
2637 4971 2834 5043 ψαλμῷ
2862 4973 2950 5026 διὰ
2981 4972 3049 5026 τά
3078 4973 3205 5044 περὶ
3238 4970 3400 5024 αὑτοῦ
3431 4971 3666 5042 δεδηλω-

2091 5061 2246 5131 μένα,
2275 5062 2380 5124 πᾶς
2420 5063 2447 5114 6
2484 5061 2558 5133 μὴ
2586 5063 2969 5134 ἀνεπιστήμων
3005 5063 3110 5116 τῶν
3145 5062 3302 5116 θείων
3333 5062 3663 5133 ὁμολογήσει

2089 5151 2342 5223 Γραφῶν.
2382 5152 2540 5207 Ἀλλά
2589 5155 2681 5206 καὶ
2731 5153 2848 5218 πῶς
2895 5150 3007 5208 οἷόν
3037 5172 3095 5207 τε
3137 5155 3228 5207 ἐπὶ
3271 5153 3582 5224 Σολομῶνα,
3625 5153 3659 5224 ἢ

2088 5245 2182 5296 ἐπὶ
2207 5245 2296 5297 τὸν
2325 5244 2510 5298 τούτου
2547 5246 2660 5299 υἱὸν
2700 5245 2932 5317 Ῥοϐοὰμ
2977 5246 3334 5318 ἐκλαμϐάνειν
3376 5245 3446 5298 τά
3493 5246 3662 5315 ἐμφε-

2092 5337 2292 5408 ρόμενα
2327 5336 2392 5389 δι’
2425 5337 2546 5391 ὅλου
2573 5337 2665 5391 τοῦ
2694 5337 2939 5410 ψαλμοῦ;
2968 5333 3077 5391 οἷον
3106 5340 3186 5406 τὸ,
3221 5359 3239 5389 ι
3283 5338 3663 5409 Κατακυριεῦ-

2090 5447 2172 5482 σει
2211 5428 2316 5482 ἀπὸ
2346 5429 2617 5502 θαλάσσης
2647 5430 2750 5494 ἕως
2779 5430 3070 5502 θαλάσσης,
3119 5431 3211 5484 καὶ
3256 5431 3362 5483 ἀπὸ
3415 5427 3659 5500 ποταμοῦ

2086 5521 2191 5585 ἐως
2223 5522 2473 5593 περάτων
2516 5523 2614 5593 τῆς
2656 5524 3000 5595 οἰκουμένης·
3037 5543 3054 5575 ι
3081 5525 3173 5576 καὶ
3201 5522 3260 5575 τὸ
3291 5542 3308 5574 ι
3363 5523 3663 5594 Συμπαρα-

2089 5615 2239 5686 μενεῖ
2269 5615 2347 5685 τῷ
2368 5615 2524 5686 ἡλίῳ,
2549 5616 2644 5668 καὶ
2673 5616 2780 5687 πρὸ
2806 5615 2904 5686 τῆς
2929 5615 3154 5688 σελήνης
3179 5614 3372 5686 γενεὰς
3399 5614 3653 5686 γενεῶνοι

484 5768 506 5800 ⁸
536 5766 669 5823 Luc.
705 5785 741 5838 ι,
765 5745 855 5841 δὲ,
891 5774 979 5830 55.
1015 5775 1036 5807 τ
1074 5773 1207 5841 ibid,
1243 5774 1421 5831 68-70.
1451 5775 1472 5807 ο
1499 5773 1646 5832 Psal.
1678 5777 1906 5844 Lxx1,2.
1969 5779 1990 5811 ο

2101 5779 2151 5835 d.
2182 5778 2290 5836 3-8.
2350 5779 2392 5811 ¹⁰
2422 5776 2552 5834 ibid.
2590 5778 2677 5836 16.
2720 5775 2805 5834 17.
