  <div class='ocr_page' id='page_1' title='image "/cluster/home/n/w/nwhite01/storage/ocr_20150623/22/mdp.39015078384388/296.png"; bbox 0 0 3908 6266; ppageno 0'>
   <div class='ocr_carea' id='block_1_1' title="bbox 3404 307 3507 361">
    <p class='ocr_par' dir='ltr' id='par_1_1' title="bbox 3404 307 3507 361">
     <span class='ocr_line' id='line_1_1' title="bbox 3404 307 3507 361; baseline 0 0"><span class='ocrx_word' id='word_1_1' title='bbox 3404 307 3507 361; x_wconf 64' lang='lat'><strong>5533</strong></span> 
     </span>
    </p>
   </div>
   <div class='ocr_carea' id='block_1_2' title="bbox 271 312 2630 381">
    <p class='ocr_par' dir='ltr' id='par_1_2' title="bbox 271 312 2630 381">
     <span class='ocr_line' id='line_1_2' title="bbox 271 312 2630 381; baseline -0.006 -1"><span class='ocrx_word' id='word_1_2' title='bbox 271 325 371 381; x_wconf 75' lang='lat'><strong>557</strong></span> <span class='ocrx_word' id='word_1_3' title='bbox 1150 315 1807 377; x_wconf 74' lang='lat' dir='ltr'><strong>DEMONSTRATIONIS</strong></span> <span class='ocrx_word' id='word_1_4' title='bbox 1846 312 2306 370; x_wconf 70' lang='lat' dir='ltr'><strong>EVANGELICJE</strong></span> <span class='ocrx_word' id='word_1_5' title='bbox 2347 312 2472 366; x_wconf 82' lang='lat' dir='ltr'><strong>LIB.</strong></span> <span class='ocrx_word' id='word_1_6' title='bbox 2518 312 2630 366; x_wconf 79' lang='lat' dir='ltr'><strong>\‘ll.</strong></span> 
     </span>
    </p>
   </div>
   <div class='ocr_carea' id='block_1_3' title="bbox 272 420 1835 510">
    <p class='ocr_par' dir='ltr' id='par_1_3' title="bbox 272 436 1835 510">
     <span class='ocr_line' id='line_1_3' title="bbox 272 436 1835 510; baseline -0.003 -16"><span class='ocrx_word' id='word_1_7' title='bbox 272 440 363 494; x_wconf 72' lang='lat' dir='ltr'><strong>ui.</strong></span> <span class='ocrx_word' id='word_1_8' title='bbox 387 438 489 493; x_wconf 81' lang='grc' dir='ltr'>ὅσα</span> <span class='ocrx_word' id='word_1_9' title='bbox 518 438 655 494; x_wconf 79' lang='grc' dir='ltr'>ἀλλα</span> <span class='ocrx_word' id='word_1_10' title='bbox 685 438 888 503; x_wconf 80' lang='grc' dir='ltr'><strong>τούτοις</strong></span> <span class='ocrx_word' id='word_1_11' title='bbox 921 440 1083 510; x_wconf 84' lang='grc' dir='ltr'>ὅμοια</span> <span class='ocrx_word' id='word_1_12' title='bbox 1110 438 1438 506; x_wconf 78' lang='grc' dir='ltr'>ἑπιλέγεται.</span> <span class='ocrx_word' id='word_1_13' title='bbox 1475 438 1671 509; x_wconf 78' lang='grc' dir='ltr'>Διόπερ</span> <span class='ocrx_word' id='word_1_14' title='bbox 1707 436 1835 490; x_wconf 88' lang='grc' dir='ltr'>ἀϐα-</span> 
     </span>
    </p>
   </div>
   <div class='ocr_carea' id='block_1_4' title="bbox 1935 420 3504 510">
    <p class='ocr_par' dir='ltr' id='par_1_4' title="bbox 1948 420 3504 504">
     <span class='ocr_line' id='line_1_4' title="bbox 1948 420 3504 504; baseline -0.006 -16"><span class='ocrx_word' id='word_1_15' title='bbox 1948 434 2083 504; x_wconf 86' lang='lat' dir='ltr'><strong>ipsis</strong></span> <span class='ocrx_word' id='word_1_16' title='bbox 2121 432 2319 490; x_wconf 82' lang='lat' dir='ltr'><strong>similia</strong></span> <span class='ocrx_word' id='word_1_17' title='bbox 2359 420 2751 502; x_wconf 34' lang='lat' dir='ltr'><strong>ailjungun&#39;tur.</strong></span> <span class='ocrx_word' id='word_1_18' title='bbox 2794 428 3135 498; x_wconf 79' lang='lat' dir='ltr'><strong>Quapropter</strong></span> <span class='ocrx_word' id='word_1_19' title='bbox 3170 425 3288 480; x_wconf 84' lang='lat' dir='ltr'><strong>sine</strong></span> <span class='ocrx_word' id='word_1_20' title='bbox 3334 426 3504 478; x_wconf 84' lang='lat' dir='ltr'><strong>multa</strong></span> 
     </span>
    </p>
   </div>
   <div class='ocr_carea' id='block_1_5' title="bbox 271 516 1835 602">
    <p class='ocr_par' dir='ltr' id='par_1_5' title="bbox 271 527 1835 602">
     <span class='ocr_line' id='line_1_5' title="bbox 271 527 1835 602; baseline -0.003 -17"><span class='ocrx_word' id='word_1_21' title='bbox 271 532 537 595; x_wconf 84' lang='grc' dir='ltr'>σανίστως</span> <span class='ocrx_word' id='word_1_22' title='bbox 585 530 869 602; x_wconf 81' lang='grc' dir='ltr'><strong>ἀποδοθείη</strong></span> <span class='ocrx_word' id='word_1_23' title='bbox 900 530 965 585; x_wconf 82' lang='grc' dir='ltr'>ἂν</span> <span class='ocrx_word' id='word_1_24' title='bbox 1004 532 1033 584; x_wconf 99' lang='lat'><strong>6</strong></span> <span class='ocrx_word' id='word_1_25' title='bbox 1080 532 1176 601; x_wconf 82' lang='grc' dir='ltr'>μὲν</span> <span class='ocrx_word' id='word_1_26' title='bbox 1212 531 1433 600; x_wconf 78' lang='grc' dir='ltr'><strong>φάσκων</strong></span> <span class='ocrx_word' id='word_1_27' title='bbox 1467 531 1523 582; x_wconf 80' lang='grc' dir='ltr'><strong>ἐν</strong></span> <span class='ocrx_word' id='word_1_28' title='bbox 1561 530 1703 599; x_wconf 82' lang='grc' dir='ltr'>ἀρχῇ</span> <span class='ocrx_word' id='word_1_29' title='bbox 1745 527 1835 581; x_wconf 73' lang='grc' dir='ltr'>τοῦ</span> 
     </span>
    </p>
   </div>
   <div class='ocr_carea' id='block_1_6' title="bbox 1935 516 3507 602">
    <p class='ocr_par' dir='ltr' id='par_1_6' title="bbox 1947 516 3507 595">
     <span class='ocr_line' id='line_1_6' title="bbox 1947 516 3507 595; baseline -0.007 -14"><span class='ocrx_word' id='word_1_30' title='bbox 1947 526 2235 581; x_wconf 79' lang='lat' dir='ltr'><strong>admodum</strong></span> <span class='ocrx_word' id='word_1_31' title='bbox 2273 526 2668 595; x_wconf 81' lang='lat' dir='ltr'><strong>exploratione,</strong></span> <span class='ocrx_word' id='word_1_32' title='bbox 2710 536 2830 593; x_wconf 76' lang='lat' dir='ltr'><strong>qua-</strong></span> <span class='ocrx_word' id='word_1_33' title='bbox 2877 520 3096 593; x_wconf 81' lang='lat' dir='ltr'><strong>quidem</strong></span> <span class='ocrx_word' id='word_1_34' title='bbox 3143 518 3305 571; x_wconf 87' lang='lat' dir='ltr'><strong>verba</strong></span> <span class='ocrx_word' id='word_1_35' title='bbox 3350 516 3507 571; x_wconf 82' lang='lat' dir='ltr'><strong>initio</strong></span> 
     </span>
    </p>
   </div>
   <div class='ocr_carea' id='block_1_7' title="bbox 269 605 1835 694">
    <p class='ocr_par' dir='ltr' id='par_1_7' title="bbox 269 619 1835 694">
     <span class='ocr_line' id='line_1_7' title="bbox 269 619 1835 694; baseline -0.001 -20"><span class='ocrx_word' id='word_1_36' title='bbox 269 621 486 694; x_wconf 76' lang='grc' dir='ltr'>ψαλμοῦ</span> <span class='ocrx_word' id='word_1_37' title='bbox 537 622 710 690; x_wconf 82' lang='grc' dir='ltr'>λόγος·</span> <span class='ocrx_word' id='word_1_38' title='bbox 746 641 767 674; x_wconf 73' lang='grc' dir='ltr'><strong>ι</strong></span> <span class='ocrx_word' id='word_1_39' title='bbox 809 622 868 675; x_wconf 85' lang='grc' dir='ltr'>Ὀ</span> <span class='ocrx_word' id='word_1_40' title='bbox 895 621 1048 689; x_wconf 80' lang='grc' dir='ltr'>Θεὸς,</span> <span class='ocrx_word' id='word_1_41' title='bbox 1075 622 1137 674; x_wconf 82' lang='grc' dir='ltr'>τὸ</span> <span class='ocrx_word' id='word_1_42' title='bbox 1184 623 1357 694; x_wconf 82' lang='grc' dir='ltr'>κρῖμά</span> <span class='ocrx_word' id='word_1_43' title='bbox 1398 638 1489 674; x_wconf 88' lang='grc' dir='ltr'><strong>σου</strong></span> <span class='ocrx_word' id='word_1_44' title='bbox 1525 619 1604 691; x_wconf 83' lang='grc' dir='ltr'><strong>τῷ</strong></span> <span class='ocrx_word' id='word_1_45' title='bbox 1636 620 1835 690; x_wconf 75' lang='grc' dir='ltr'>βασιλεῖ</span> 
     </span>
    </p>
   </div>
   <div class='ocr_carea' id='block_1_8' title="bbox 1935 605 3500 694">
    <p class='ocr_par' dir='ltr' id='par_1_8' title="bbox 1943 605 3500 687">
     <span class='ocr_line' id='line_1_8' title="bbox 1943 605 3500 687; baseline -0.008 -15"><span class='ocrx_word' id='word_1_46' title='bbox 1943 616 2138 687; x_wconf 91' lang='lat' dir='ltr'><strong>psalmi</strong></span> <span class='ocrx_word' id='word_1_47' title='bbox 2168 614 2438 669; x_wconf 77' lang='lat' dir='ltr'><strong>habentur</strong></span> <span class='ocrx_word' id='word_1_48' title='bbox 2465 634 2477 667; x_wconf 89' lang='lat'>:</span> <span class='ocrx_word' id='word_1_49' title='bbox 2512 632 2530 664; x_wconf 79' lang='grc' dir='ltr'><strong>ι</strong></span> <span class='ocrx_word' id='word_1_50' title='bbox 2567 613 2729 675; x_wconf 87' lang='lat' dir='ltr'><strong>Dens,</strong></span> <span class='ocrx_word' id='word_1_51' title='bbox 2754 611 3018 682; x_wconf 84' lang='lat' dir='ltr'><strong>judicium</strong></span> <span class='ocrx_word' id='word_1_52' title='bbox 3045 617 3196 663; x_wconf 91' lang='lat' dir='ltr'><strong>tuum</strong></span> <span class='ocrx_word' id='word_1_53' title='bbox 3226 606 3335 678; x_wconf 89' lang='lat' dir='ltr'><strong>regi</strong></span> <span class='ocrx_word' id='word_1_54' title='bbox 3361 605 3430 661; x_wconf 89' lang='lat' dir='ltr'><strong>da</strong></span> <span class='ocrx_word' id='word_1_55' title='bbox 3450 625 3500 672; x_wconf 71' lang='grc' dir='ltr'>,ο</span> 
     </span>
    </p>
   </div>
   <div class='ocr_carea' id='block_1_9' title="bbox 268 712 1837 785">
    <p class='ocr_par' dir='ltr' id='par_1_9' title="bbox 268 712 1837 785">
     <span class='ocr_line' id='line_1_9' title="bbox 268 712 1837 785; baseline -0.001 -19"><span class='ocrx_word' id='word_1_56' title='bbox 268 713 393 779; x_wconf 80' lang='grc' dir='ltr'>δὺς,</span> <span class='ocrx_word' id='word_1_57' title='bbox 432 733 452 765; x_wconf 68' lang='grc' dir='ltr'><strong>ι</strong></span> <span class='ocrx_word' id='word_1_58' title='bbox 488 715 576 767; x_wconf 79' lang='grc' dir='ltr'><strong>ἐπ’</strong></span> <span class='ocrx_word' id='word_1_59' title='bbox 618 713 780 768; x_wconf 82' lang='grc' dir='ltr'>αὑτὸν</span> <span class='ocrx_word' id='word_1_60' title='bbox 828 715 1032 769; x_wconf 79' lang='grc' dir='ltr'>ἐκεῖνον</span> <span class='ocrx_word' id='word_1_61' title='bbox 1067 713 1370 785; x_wconf 85' lang='grc' dir='ltr'>Σολομῶνα·</span> <span class='ocrx_word' id='word_1_62' title='bbox 1397 714 1426 765; x_wconf 91' lang='lat'><strong>6</strong></span> <span class='ocrx_word' id='word_1_63' title='bbox 1462 713 1723 781; x_wconf 76' lang='grc' dir='ltr'><strong>ἐπιλέγων</strong></span> <span class='ocrx_word' id='word_1_64' title='bbox 1759 712 1837 779; x_wconf 89' lang='grc' dir='ltr'>δὲ,</span> 
     </span>
    </p>
   </div>
   <div class='ocr_carea' id='block_1_10' title="bbox 274 805 1832 878">
    <p class='ocr_par' dir='ltr' id='par_1_10' title="bbox 274 805 1832 878">
     <span class='ocr_line' id='line_1_10' title="bbox 274 805 1832 878; baseline -0.003 -17"><span class='ocrx_word' id='word_1_65' title='bbox 274 826 296 861; x_wconf 75' lang='grc' dir='ltr'><strong>ι</strong></span> <span class='ocrx_word' id='word_1_66' title='bbox 330 809 443 862; x_wconf 77' lang='lat' dir='ltr'><strong>Ka&#39;t</strong></span> <span class='ocrx_word' id='word_1_67' title='bbox 468 807 570 878; x_wconf 84' lang='grc' dir='ltr'>τὴν</span> <span class='ocrx_word' id='word_1_68' title='bbox 604 805 948 877; x_wconf 87' lang='grc' dir='ltr'>δικαιοσύνην</span> <span class='ocrx_word' id='word_1_69' title='bbox 998 823 1088 859; x_wconf 90' lang='grc' dir='ltr'><strong>σου</strong></span> <span class='ocrx_word' id='word_1_70' title='bbox 1119 806 1195 878; x_wconf 82' lang='grc' dir='ltr'>τῷ</span> <span class='ocrx_word' id='word_1_71' title='bbox 1234 806 1333 877; x_wconf 81' lang='grc' dir='ltr'><strong>υίῴ</strong></span> <span class='ocrx_word' id='word_1_72' title='bbox 1363 805 1455 859; x_wconf 81' lang='grc' dir='ltr'>τοῦ</span> <span class='ocrx_word' id='word_1_73' title='bbox 1490 806 1771 877; x_wconf 81' lang='grc' dir='ltr'>βασιλέως,</span> <span class='ocrx_word' id='word_1_74' title='bbox 1815 827 1832 857; x_wconf 73' lang='grc' dir='ltr'><strong>ι</strong></span> 
     </span>
    </p>
   </div>
   <div class='ocr_carea' id='block_1_11' title="bbox 269 896 1837 970">
    <p class='ocr_par' dir='ltr' id='par_1_11' title="bbox 269 896 1837 970">
     <span class='ocr_line' id='line_1_11' title="bbox 269 896 1837 970; baseline -0.001 -18"><span class='ocrx_word' id='word_1_75' title='bbox 269 897 362 952; x_wconf 72' lang='grc' dir='ltr'>ἐπὶ</span> <span class='ocrx_word' id='word_1_76' title='bbox 392 896 485 950; x_wconf 80' lang='grc' dir='ltr'>τὸν</span> <span class='ocrx_word' id='word_1_77' title='bbox 517 896 824 968; x_wconf 81' lang='grc' dir='ltr'>Σολομῶνος</span> <span class='ocrx_word' id='word_1_78' title='bbox 855 898 989 962; x_wconf 83' lang='grc' dir='ltr'>υἱὸν,</span> <span class='ocrx_word' id='word_1_79' title='bbox 1033 898 1093 951; x_wconf 82' lang='grc' dir='ltr'>οὐ</span> <span class='ocrx_word' id='word_1_80' title='bbox 1138 898 1230 951; x_wconf 84' lang='grc' dir='ltr'>τὸν</span> <span class='ocrx_word' id='word_1_81' title='bbox 1262 898 1602 970; x_wconf 84' lang='grc' dir='ltr'><strong>πρωτότοκον</strong></span> <span class='ocrx_word' id='word_1_82' title='bbox 1633 899 1837 951; x_wconf 81' lang='grc' dir='ltr'>ἐκεῖνον</span> 
     </span>
    </p>
   </div>
   <div class='ocr_carea' id='block_1_12' title="bbox 267 988 1835 1062">
    <p class='ocr_par' dir='ltr' id='par_1_12' title="bbox 267 988 1835 1062">
     <span class='ocr_line' id='line_1_12' title="bbox 267 988 1835 1062; baseline 0 -19"><span class='ocrx_word' id='word_1_83' title='bbox 267 988 360 1043; x_wconf 77' lang='grc' dir='ltr'>τὸν</span> <span class='ocrx_word' id='word_1_84' title='bbox 407 988 648 1059; x_wconf 76' lang='grc' dir='ltr'><strong>διάδοχον</strong></span> <span class='ocrx_word' id='word_1_85' title='bbox 699 988 865 1043; x_wconf 78' lang='grc' dir='ltr'>αὐτοῦ</span> <span class='ocrx_word' id='word_1_86' title='bbox 912 989 1014 1061; x_wconf 73' lang='grc' dir='ltr'>τῆς</span> <span class='ocrx_word' id='word_1_87' title='bbox 1043 989 1316 1061; x_wconf 74' lang='grc' dir='ltr'><strong>βασιλείας</strong></span> <span class='ocrx_word' id='word_1_88' title='bbox 1364 990 1671 1062; x_wconf 85' lang='grc' dir='ltr'>γενόμενον,</span> <span class='ocrx_word' id='word_1_89' title='bbox 1705 990 1835 1061; x_wconf 80' lang='grc' dir='ltr'>(οὐδ’</span> 
     </span>
    </p>
   </div>
   <div class='ocr_carea' id='block_1_13' title="bbox 267 1080 1839 1152">
    <p class='ocr_par' dir='ltr' id='par_1_13' title="bbox 267 1080 1839 1152">
     <span class='ocr_line' id='line_1_13' title="bbox 267 1080 1839 1152; baseline 0.001 -19"><span class='ocrx_word' id='word_1_90' title='bbox 267 1080 412 1146; x_wconf 77' lang='grc' dir='ltr'>ὅλοις</span> <span class='ocrx_word' id='word_1_91' title='bbox 444 1080 553 1152; x_wconf 87' lang='grc' dir='ltr'><strong>γὰρ</strong></span> <span class='ocrx_word' id='word_1_92' title='bbox 582 1081 788 1146; x_wconf 81' lang='grc' dir='ltr'>ἐκεῖνος</span> <span class='ocrx_word' id='word_1_93' title='bbox 822 1081 1189 1136; x_wconf 77' lang='grc' dir='ltr'>ἑπτακαίδεκα</span> <span class='ocrx_word' id='word_1_94' title='bbox 1219 1080 1361 1135; x_wconf 76' lang='grc' dir='ltr'>ἔτεσι</span> <span class='ocrx_word' id='word_1_95' title='bbox 1387 1082 1547 1152; x_wconf 83' lang='grc' dir='ltr'>μόνου</span> <span class='ocrx_word' id='word_1_96' title='bbox 1573 1081 1667 1135; x_wconf 81' lang='grc' dir='ltr'>τοῦ</span> <span class='ocrx_word' id='word_1_97' title='bbox 1710 1082 1839 1137; x_wconf 85' lang='grc' dir='ltr'>Ἰου-</span> 
     </span>
    </p>
   </div>
   <div class='ocr_carea' id='block_1_14' title="bbox 267 1172 1835 1247">
    <p class='ocr_par' dir='ltr' id='par_1_14' title="bbox 267 1172 1835 1247">
     <span class='ocr_line' id='line_1_14' title="bbox 267 1172 1835 1247; baseline 0.002 -20"><span class='ocrx_word' id='word_1_98' title='bbox 267 1173 436 1227; x_wconf 88' lang='grc' dir='ltr'>δαίων</span> <span class='ocrx_word' id='word_1_99' title='bbox 480 1172 666 1238; x_wconf 76' lang='grc' dir='ltr'>ἔθνους</span> <span class='ocrx_word' id='word_1_100' title='bbox 712 1172 970 1245; x_wconf 77' lang='grc' dir='ltr'>προστὰς,</span> <span class='ocrx_word' id='word_1_101' title='bbox 1004 1172 1235 1228; x_wconf 85' lang='grc' dir='ltr'>κάκιστα</span> <span class='ocrx_word' id='word_1_102' title='bbox 1280 1173 1515 1246; x_wconf 87' lang='grc' dir='ltr'><strong>κέχρητο</strong></span> <span class='ocrx_word' id='word_1_103' title='bbox 1548 1178 1613 1246; x_wconf 82' lang='grc' dir='ltr'>τῇ</span> <span class='ocrx_word' id='word_1_104' title='bbox 1647 1175 1835 1247; x_wconf 78' lang='grc' dir='ltr'>ἁρχῇ·)</span> 
     </span>
    </p>
   </div>
   <div class='ocr_carea' id='block_1_15' title="bbox 271 1263 1869 1337">
    <p class='ocr_par' dir='ltr' id='par_1_15' title="bbox 271 1263 1869 1337">
     <span class='ocr_line' id='line_1_15' title="bbox 271 1263 1869 1337; baseline 0 -20"><span class='ocrx_word' id='word_1_105' title='bbox 271 1263 387 1317; x_wconf 83' lang='grc' dir='ltr'>ἀλλ’</span> <span class='ocrx_word' id='word_1_106' title='bbox 417 1263 529 1317; x_wconf 80' lang='grc' dir='ltr'>οὐδ’</span> <span class='ocrx_word' id='word_1_107' title='bbox 554 1265 639 1334; x_wconf 84' lang='grc' dir='ltr'><strong>ἐφ’</strong></span> <span class='ocrx_word' id='word_1_108' title='bbox 667 1263 851 1335; x_wconf 77' lang='grc' dir='ltr'>ἕτερον</span> <span class='ocrx_word' id='word_1_109' title='bbox 878 1263 985 1317; x_wconf 86' lang='grc' dir='ltr'><strong>τῶν</strong></span> <span class='ocrx_word' id='word_1_110' title='bbox 1026 1263 1262 1334; x_wconf 75' lang='grc' dir='ltr'>Ῥοϐοάμ</span> <span class='ocrx_word' id='word_1_111' title='bbox 1287 1264 1378 1318; x_wconf 82' lang='grc' dir='ltr'>τὸν</span> <span class='ocrx_word' id='word_1_112' title='bbox 1404 1264 1591 1337; x_wconf 84' lang='grc' dir='ltr'>θρόνον</span> <span class='ocrx_word' id='word_1_113' title='bbox 1617 1265 1717 1336; x_wconf 82' lang='grc' dir='ltr'>τῆς</span> <span class='ocrx_word' id='word_1_114' title='bbox 1740 1265 1833 1319; x_wconf 82' lang='grc' dir='ltr'>τοῦ</span> <span class='ocrx_word' id='word_1_115' title='bbox 1860 1278 1869 1284; x_wconf 85' lang='grc'><em>’</em></span> 
     </span>
    </p>
   </div>
   <div class='ocr_carea' id='block_1_16' title="bbox 269 1349 1838 1425">
    <p class='ocr_par' dir='ltr' id='par_1_16' title="bbox 269 1349 1838 1425">
     <span class='ocr_line' id='line_1_16' title="bbox 269 1349 1838 1425; baseline 0.003 -22"><span class='ocrx_word' id='word_1_116' title='bbox 269 1349 580 1421; x_wconf 82' lang='grc' dir='ltr'>Σολομῶνος</span> <span class='ocrx_word' id='word_1_117' title='bbox 606 1349 879 1420; x_wconf 79' lang='grc' dir='ltr'>βασιλείας</span> <span class='ocrx_word' id='word_1_118' title='bbox 910 1349 1322 1421; x_wconf 78' lang='grc' dir='ltr'>διαδεξαμένων,</span> <span class='ocrx_word' id='word_1_119' title='bbox 1355 1354 1446 1406; x_wconf 75' lang='grc' dir='ltr'>ἐπὶ</span> <span class='ocrx_word' id='word_1_120' title='bbox 1475 1357 1629 1425; x_wconf 82' lang='grc' dir='ltr'>μόνον</span> <span class='ocrx_word' id='word_1_121' title='bbox 1660 1354 1716 1407; x_wconf 86' lang='grc' dir='ltr'>δὲ</span> <span class='ocrx_word' id='word_1_122' title='bbox 1745 1355 1838 1409; x_wconf 85' lang='grc' dir='ltr'>τὸν</span> 
     </span>
    </p>
   </div>
   <div class='ocr_carea' id='block_1_17' title="bbox 272 1441 1833 1516">
    <p class='ocr_par' dir='ltr' id='par_1_17' title="bbox 272 1441 1833 1516">
     <span class='ocr_line' id='line_1_17' title="bbox 272 1441 1833 1516; baseline 0.004 -22"><span class='ocrx_word' id='word_1_123' title='bbox 272 1442 335 1495; x_wconf 84' lang='grc' dir='ltr'><strong>ἐκ</strong></span> <span class='ocrx_word' id='word_1_124' title='bbox 370 1441 685 1514; x_wconf 88' lang='grc' dir='ltr'>σπέρματος</span> <span class='ocrx_word' id='word_1_125' title='bbox 716 1441 900 1506; x_wconf 77' lang='grc' dir='ltr'>Δαϐὶδ,</span> <span class='ocrx_word' id='word_1_126' title='bbox 927 1442 1068 1497; x_wconf 77' lang='grc' dir='ltr'>οὕτω</span> <span class='ocrx_word' id='word_1_127' title='bbox 1100 1443 1193 1497; x_wconf 76' lang='grc' dir='ltr'>καὶ</span> <span class='ocrx_word' id='word_1_128' title='bbox 1223 1444 1315 1498; x_wconf 82' lang='grc' dir='ltr'>τοῦ</span> <span class='ocrx_word' id='word_1_129' title='bbox 1360 1444 1667 1516; x_wconf 86' lang='grc' dir='ltr'>Σολομῶνος</span> <span class='ocrx_word' id='word_1_130' title='bbox 1699 1446 1833 1511; x_wconf 80' lang='grc' dir='ltr'>υἱὸν,</span> 
     </span>
    </p>
   </div>
   <div class='ocr_carea' id='block_1_18' title="bbox 270 1526 1837 1607">
    <p class='ocr_par' dir='ltr' id='par_1_18' title="bbox 270 1526 1837 1607">
     <span class='ocr_line' id='line_1_18' title="bbox 270 1526 1837 1607; baseline 0.004 -24"><span class='ocrx_word' id='word_1_131' title='bbox 270 1530 343 1593; x_wconf 83' lang='grc' dir='ltr'>ὡς</span> <span class='ocrx_word' id='word_1_132' title='bbox 376 1530 471 1584; x_wconf 76' lang='grc' dir='ltr'>καὶ</span> <span class='ocrx_word' id='word_1_133' title='bbox 504 1529 596 1583; x_wconf 78' lang='grc' dir='ltr'>τοῦ</span> <span class='ocrx_word' id='word_1_134' title='bbox 624 1530 789 1583; x_wconf 76' lang='grc' dir='ltr'>Δαϐὶδ</span> <span class='ocrx_word' id='word_1_135' title='bbox 818 1532 1248 1603; x_wconf 87' lang='grc' dir='ltr'>χρηματίσαντα.</span> <span class='ocrx_word' id='word_1_136' title='bbox 1282 1526 1448 1599; x_wconf 77' lang='grc' dir='ltr'>Οὗτος</span> <span class='ocrx_word' id='word_1_137' title='bbox 1481 1535 1524 1588; x_wconf 79' lang='grc' dir='ltr'>δ’</span> <span class='ocrx_word' id='word_1_138' title='bbox 1569 1532 1637 1607; x_wconf 86' lang='grc' dir='ltr'>ἦν</span> <span class='ocrx_word' id='word_1_139' title='bbox 1670 1538 1699 1589; x_wconf 91' lang='lat'><strong>6</strong></span> <span class='ocrx_word' id='word_1_140' title='bbox 1726 1538 1837 1590; x_wconf 91' lang='grc' dir='ltr'><strong>Σω-</strong></span> 
     </span>
    </p>
   </div>
   <div class='ocr_carea' id='block_1_19' title="bbox 271 1620 1834 1698">
    <p class='ocr_par' dir='ltr' id='par_1_19' title="bbox 271 1620 1834 1698">
     <span class='ocr_line' id='line_1_19' title="bbox 271 1620 1834 1698; baseline 0.004 -23"><span class='ocrx_word' id='word_1_141' title='bbox 271 1620 372 1693; x_wconf 77' lang='grc' dir='ltr'>τὴρ</span> <span class='ocrx_word' id='word_1_142' title='bbox 418 1623 515 1676; x_wconf 73' lang='grc' dir='ltr'>καὶ</span> <span class='ocrx_word' id='word_1_143' title='bbox 557 1621 759 1695; x_wconf 86' lang='grc' dir='ltr'>Κύριος</span> <span class='ocrx_word' id='word_1_144' title='bbox 807 1623 963 1695; x_wconf 73' lang='grc' dir='ltr'>ἡμῶν</span> <span class='ocrx_word' id='word_1_145' title='bbox 1004 1622 1209 1694; x_wconf 80' lang='grc' dir='ltr'>Ἰησοῦς</span> <span class='ocrx_word' id='word_1_146' title='bbox 1253 1628 1282 1678; x_wconf 90' lang='lat'><strong>6</strong></span> <span class='ocrx_word' id='word_1_147' title='bbox 1329 1627 1580 1698; x_wconf 88' lang='grc' dir='ltr'>Χριστός.</span> <span class='ocrx_word' id='word_1_148' title='bbox 1635 1628 1834 1682; x_wconf 81' lang='grc' dir='ltr'>Τούτου</span> 
     </span>
    </p>
   </div>
   <div class='ocr_carea' id='block_1_20' title="bbox 272 1713 1835 1792">
    <p class='ocr_par' dir='ltr' id='par_1_20' title="bbox 272 1713 1835 1792">
     <span class='ocr_line' id='line_1_20' title="bbox 272 1713 1835 1792; baseline 0.006 -25"><span class='ocrx_word' id='word_1_149' title='bbox 272 1713 376 1787; x_wconf 78' lang='grc' dir='ltr'>γὰρ</span> <span class='ocrx_word' id='word_1_150' title='bbox 430 1714 613 1786; x_wconf 80' lang='grc' dir='ltr'>μόνου,</span> <span class='ocrx_word' id='word_1_151' title='bbox 671 1714 762 1769; x_wconf 75' lang='grc' dir='ltr'>καὶ</span> <span class='ocrx_word' id='word_1_152' title='bbox 810 1715 919 1769; x_wconf 79' lang='grc' dir='ltr'>οὐδ’</span> <span class='ocrx_word' id='word_1_153' title='bbox 963 1716 1149 1789; x_wconf 77' lang='grc' dir='ltr'>ἑτέρου</span> <span class='ocrx_word' id='word_1_154' title='bbox 1199 1716 1307 1771; x_wconf 85' lang='grc' dir='ltr'><strong>τῶν</strong></span> <span class='ocrx_word' id='word_1_155' title='bbox 1352 1718 1604 1786; x_wconf 78' lang='grc' dir='ltr'>πώποτε,</span> <span class='ocrx_word' id='word_1_156' title='bbox 1658 1724 1687 1776; x_wconf 97' lang='lat'><strong>6</strong></span> <span class='ocrx_word' id='word_1_157' title='bbox 1734 1722 1835 1792; x_wconf 81' lang='grc' dir='ltr'>τῆς</span> 
     </span>
    </p>
   </div>
   <div class='ocr_carea' id='block_1_21' title="bbox 270 1806 1835 1884">
    <p class='ocr_par' dir='ltr' id='par_1_21' title="bbox 270 1806 1835 1884">
     <span class='ocr_line' id='line_1_21' title="bbox 270 1806 1835 1884; baseline 0.006 -26"><span class='ocrx_word' id='word_1_158' title='bbox 270 1806 451 1859; x_wconf 88' lang='grc' dir='ltr'>ἐνθέου</span> <span class='ocrx_word' id='word_1_159' title='bbox 491 1806 762 1877; x_wconf 84' lang='grc' dir='ltr'>βασιλείας</span> <span class='ocrx_word' id='word_1_160' title='bbox 786 1807 973 1880; x_wconf 88' lang='grc' dir='ltr'>θρόνος</span> <span class='ocrx_word' id='word_1_161' title='bbox 999 1816 1415 1884; x_wconf 79' lang='grc' dir='ltr'>συμπαραμενεί</span> <span class='ocrx_word' id='word_1_162' title='bbox 1445 1812 1523 1884; x_wconf 83' lang='grc' dir='ltr'>τῷ</span> <span class='ocrx_word' id='word_1_163' title='bbox 1552 1812 1706 1884; x_wconf 66' lang='grc' dir='ltr'>ἡλίῳ*</span> <span class='ocrx_word' id='word_1_164' title='bbox 1742 1817 1835 1868; x_wconf 81' lang='grc' dir='ltr'>καὶ</span> 
     </span>
    </p>
   </div>
   <div class='ocr_carea' id='block_1_22' title="bbox 269 1887 1833 1977">
    <p class='ocr_par' dir='ltr' id='par_1_22' title="bbox 269 1887 1833 1977">
     <span class='ocr_line' id='line_1_22' title="bbox 269 1887 1833 1977; baseline 0.007 -29"><span class='ocrx_word' id='word_1_165' title='bbox 269 1887 422 1960; x_wconf 69' lang='grc' dir='ltr'>οὗτός</span> <span class='ocrx_word' id='word_1_166' title='bbox 471 1913 535 1966; x_wconf 83' lang='grc' dir='ltr'><strong>γε</strong></span> <span class='ocrx_word' id='word_1_167' title='bbox 555 1936 570 1961; x_wconf 93' lang='grc'><strong>,</strong></span> <span class='ocrx_word' id='word_1_168' title='bbox 599 1896 714 1950; x_wconf 77' lang='grc' dir='ltr'>ἀλλ’</span> <span class='ocrx_word' id='word_1_169' title='bbox 764 1899 936 1963; x_wconf 79' lang='grc' dir='ltr'>οὐδεὶς</span> <span class='ocrx_word' id='word_1_170' title='bbox 979 1898 1163 1972; x_wconf 75' lang='grc' dir='ltr'>ἕτερος</span> <span class='ocrx_word' id='word_1_171' title='bbox 1202 1901 1536 1974; x_wconf 85' lang='grc' dir='ltr'>ἀνθρώπων,</span> <span class='ocrx_word' id='word_1_172' title='bbox 1582 1904 1687 1977; x_wconf 87' lang='grc' dir='ltr'>πρὸ</span> <span class='ocrx_word' id='word_1_173' title='bbox 1736 1906 1833 1976; x_wconf 80' lang='grc' dir='ltr'><strong>τῆς</strong></span> 
     </span>
    </p>
   </div>
   <div class='ocr_carea' id='block_1_23' title="bbox 270 1987 1833 2065">
    <p class='ocr_par' dir='ltr' id='par_1_23' title="bbox 270 1987 1833 2065">
     <span class='ocr_line' id='line_1_23' title="bbox 270 1987 1833 2065; baseline 0.006 -25"><span class='ocrx_word' id='word_1_174' title='bbox 270 1987 497 2060; x_wconf 82' lang='grc' dir='ltr'>σελήνης</span> <span class='ocrx_word' id='word_1_175' title='bbox 540 1989 634 2043; x_wconf 77' lang='grc' dir='ltr'>καὶ</span> <span class='ocrx_word' id='word_1_176' title='bbox 677 1989 785 2062; x_wconf 82' lang='grc' dir='ltr'>πρὸ</span> <span class='ocrx_word' id='word_1_177' title='bbox 831 1990 931 2061; x_wconf 80' lang='grc' dir='ltr'>τῆς</span> <span class='ocrx_word' id='word_1_178' title='bbox 976 1992 1068 2046; x_wconf 80' lang='grc' dir='ltr'><strong>τοῦ</strong></span> <span class='ocrx_word' id='word_1_179' title='bbox 1112 1993 1314 2065; x_wconf 89' lang='grc' dir='ltr'>κόσμου</span> <span class='ocrx_word' id='word_1_180' title='bbox 1367 1994 1705 2059; x_wconf 79' lang='grc' dir='ltr'>συστάσεως,</span> <span class='ocrx_word' id='word_1_181' title='bbox 1738 1996 1833 2050; x_wconf 75' lang='grc' dir='ltr'>ἅτε</span> 
     </span>
    </p>
   </div>
   <div class='ocr_carea' id='block_1_24' title="bbox 267 2080 1835 2159">
    <p class='ocr_par' dir='ltr' id='par_1_24' title="bbox 267 2080 1835 2159">
     <span class='ocr_line' id='line_1_24' title="bbox 267 2080 1835 2159; baseline 0.005 -26"><span class='ocrx_word' id='word_1_182' title='bbox 267 2080 435 2148; x_wconf 87' lang='grc' dir='ltr'>Λόγος</span> <span class='ocrx_word' id='word_1_183' title='bbox 464 2080 540 2134; x_wconf 83' lang='grc' dir='ltr'>ὢν</span> <span class='ocrx_word' id='word_1_184' title='bbox 570 2081 725 2147; x_wconf 75' lang='grc' dir='ltr'>Θεοῦ,</span> <span class='ocrx_word' id='word_1_185' title='bbox 754 2083 1125 2156; x_wconf 81' lang='grc' dir='ltr'>προϋπῆρχεν,</span> <span class='ocrx_word' id='word_1_186' title='bbox 1161 2084 1351 2154; x_wconf 79' lang='grc' dir='ltr'>ἔσταξέ</span> <span class='ocrx_word' id='word_1_187' title='bbox 1388 2104 1449 2140; x_wconf 87' lang='grc' dir='ltr'><strong>τε</strong></span> <span class='ocrx_word' id='word_1_188' title='bbox 1483 2087 1642 2159; x_wconf 80' lang='grc' dir='ltr'>μόνος</span> <span class='ocrx_word' id='word_1_189' title='bbox 1681 2080 1835 2152; x_wconf 73' lang='grc' dir='ltr'>οὗτος</span> 
     </span>
    </p>
   </div>
   <div class='ocr_carea' id='block_1_25' title="bbox 266 2170 1831 2252">
    <p class='ocr_par' dir='ltr' id='par_1_25' title="bbox 266 2170 1831 2252">
     <span class='ocr_line' id='line_1_25' title="bbox 266 2170 1831 2252; baseline 0.006 -29"><span class='ocrx_word' id='word_1_190' title='bbox 266 2170 555 2243; x_wconf 75' lang='grc' dir='ltr'>οὐρανόθεν</span> <span class='ocrx_word' id='word_1_191' title='bbox 580 2171 771 2244; x_wconf 87' lang='grc' dir='ltr'>δρόσου</span> <span class='ocrx_word' id='word_1_192' title='bbox 797 2173 954 2246; x_wconf 86' lang='grc' dir='ltr'>δίκην</span> <span class='ocrx_word' id='word_1_193' title='bbox 979 2176 1071 2229; x_wconf 76' lang='grc' dir='ltr'>ἐπὶ</span> <span class='ocrx_word' id='word_1_194' title='bbox 1094 2177 1274 2233; x_wconf 82' lang='grc' dir='ltr'>πᾶσαν</span> <span class='ocrx_word' id='word_1_195' title='bbox 1311 2176 1409 2250; x_wconf 83' lang='grc' dir='ltr'>τὴν</span> <span class='ocrx_word' id='word_1_196' title='bbox 1449 2179 1574 2250; x_wconf 80' lang='grc' dir='ltr'>γῆν.</span> <span class='ocrx_word' id='word_1_197' title='bbox 1605 2178 1831 2252; x_wconf 73' lang='grc' dir='ltr'>Εἴρηται</span> 
     </span>
    </p>
   </div>
   <div class='ocr_carea' id='block_1_26' title="bbox 265 2261 1834 2341">
    <p class='ocr_par' dir='ltr' id='par_1_26' title="bbox 265 2261 1834 2341">
     <span class='ocr_line' id='line_1_26' title="bbox 265 2261 1834 2341; baseline 0.007 -26"><span class='ocrx_word' id='word_1_198' title='bbox 265 2261 321 2315; x_wconf 82' lang='grc' dir='ltr'>δὲ</span> <span class='ocrx_word' id='word_1_199' title='bbox 365 2264 459 2318; x_wconf 79' lang='grc' dir='ltr'>καὶ</span> <span class='ocrx_word' id='word_1_200' title='bbox 506 2266 586 2328; x_wconf 82' lang='grc' dir='ltr'><strong>είς</strong></span> <span class='ocrx_word' id='word_1_201' title='bbox 628 2265 835 2331; x_wconf 83' lang='grc' dir='ltr'>πάντας</span> <span class='ocrx_word' id='word_1_202' title='bbox 865 2267 1183 2341; x_wconf 80' lang='grc' dir='ltr'>ἀνθρώπους</span> <span class='ocrx_word' id='word_1_203' title='bbox 1221 2270 1662 2337; x_wconf 84' lang='grc' dir='ltr'>ἁνατεταλκέναι,</span> <span class='ocrx_word' id='word_1_204' title='bbox 1695 2273 1834 2327; x_wconf 86' lang='grc' dir='ltr'><strong>κατά</strong></span> 
     </span>
    </p>
   </div>
   <div class='ocr_carea' id='block_1_27' title="bbox 265 2352 1886 2436">
    <p class='ocr_par' dir='ltr' id='par_1_27' title="bbox 265 2352 1886 2436">
     <span class='ocr_line' id='line_1_27' title="bbox 265 2352 1886 2436; baseline 0.01 -32"><span class='ocrx_word' id='word_1_205' title='bbox 265 2352 333 2406; x_wconf 84' lang='grc' dir='ltr'><strong>τά</strong></span> <span class='ocrx_word' id='word_1_206' title='bbox 360 2353 543 2425; x_wconf 80' lang='grc' dir='ltr'>μικρῷ</span> <span class='ocrx_word' id='word_1_207' title='bbox 575 2354 808 2426; x_wconf 87' lang='grc' dir='ltr'>πρόσθεν</span> <span class='ocrx_word' id='word_1_208' title='bbox 837 2359 967 2429; x_wconf 81' lang='grc' dir='ltr'>ἡμῖν</span> <span class='ocrx_word' id='word_1_209' title='bbox 987 2359 1375 2432; x_wconf 80' lang='grc' dir='ltr'>ἀποδεδομένα,</span> <span class='ocrx_word' id='word_1_210' title='bbox 1404 2361 1499 2415; x_wconf 71' lang='grc' dir='ltr'>καὶ</span> <span class='ocrx_word' id='word_1_211' title='bbox 1522 2361 1832 2436; x_wconf 83' lang='grc' dir='ltr'>δικαιοσύνη</span> <span class='ocrx_word' id='word_1_212' title='bbox 1880 2386 1886 2393; x_wconf 72' lang='grc'><em>’</em></span> 
     </span>
    </p>
   </div>
   <div class='ocr_carea' id='block_1_28' title="bbox 269 2444 1833 2524">
    <p class='ocr_par' dir='ltr' id='par_1_28' title="bbox 269 2444 1833 2524">
     <span class='ocr_line' id='line_1_28' title="bbox 269 2444 1833 2524; baseline 0.006 -28"><span class='ocrx_word' id='word_1_213' title='bbox 269 2444 656 2515; x_wconf 82' lang='grc' dir='ltr'>παραμένουσα</span> <span class='ocrx_word' id='word_1_214' title='bbox 688 2446 848 2519; x_wconf 87' lang='grc' dir='ltr'>μέχρι</span> <span class='ocrx_word' id='word_1_215' title='bbox 891 2448 991 2520; x_wconf 82' lang='grc' dir='ltr'>τῆς</span> <span class='ocrx_word' id='word_1_216' title='bbox 1041 2447 1136 2503; x_wconf 81' lang='grc' dir='ltr'>τοῦ</span> <span class='ocrx_word' id='word_1_217' title='bbox 1184 2448 1299 2521; x_wconf 91' lang='grc' dir='ltr'>βίου</span> <span class='ocrx_word' id='word_1_218' title='bbox 1354 2450 1681 2516; x_wconf 81' lang='grc' dir='ltr'>συντελείας,</span> <span class='ocrx_word' id='word_1_219' title='bbox 1711 2453 1833 2524; x_wconf 83' lang='grc' dir='ltr'>ἦτις</span> 
     </span>
    </p>
   </div>
   <div class='ocr_carea' id='block_1_29' title="bbox 264 2537 1831 2617">
    <p class='ocr_par' dir='ltr' id='par_1_29' title="bbox 264 2537 1831 2617">
     <span class='ocr_line' id='line_1_29' title="bbox 264 2537 1831 2617; baseline 0.008 -29"><span class='ocrx_word' id='word_1_220' title='bbox 264 2537 642 2607; x_wconf 84' lang='grc' dir='ltr'>ἀνταναίρεσις</span> <span class='ocrx_word' id='word_1_221' title='bbox 661 2538 970 2609; x_wconf 84' lang='grc' dir='ltr'>ὠνόμασται</span> <span class='ocrx_word' id='word_1_222' title='bbox 994 2540 1094 2612; x_wconf 80' lang='grc' dir='ltr'>τῆς</span> <span class='ocrx_word' id='word_1_223' title='bbox 1126 2541 1370 2614; x_wconf 87' lang='grc' dir='ltr'>σελήνης,</span> <span class='ocrx_word' id='word_1_224' title='bbox 1404 2543 1676 2615; x_wconf 86' lang='grc' dir='ltr'>Ἐναργῶς</span> <span class='ocrx_word' id='word_1_225' title='bbox 1703 2563 1761 2599; x_wconf 88' lang='grc' dir='ltr'><strong>τε</strong></span> <span class='ocrx_word' id='word_1_226' title='bbox 1798 2547 1831 2617; x_wconf 80' lang='grc' dir='ltr'><strong>ἡ</strong></span> 
     </span>
    </p>
   </div>
   <div class='ocr_carea' id='block_1_30' title="bbox 263 2627 1833 2709">
    <p class='ocr_par' dir='ltr' id='par_1_30' title="bbox 263 2627 1833 2709">
     <span class='ocr_line' id='line_1_30' title="bbox 263 2627 1833 2709; baseline 0.006 -27"><span class='ocrx_word' id='word_1_227' title='bbox 263 2627 357 2682; x_wconf 79' lang='grc' dir='ltr'>τοῦ</span> <span class='ocrx_word' id='word_1_228' title='bbox 389 2631 640 2700; x_wconf 82' lang='grc' dir='ltr'>Σωτῆρος</span> <span class='ocrx_word' id='word_1_229' title='bbox 664 2631 819 2702; x_wconf 77' lang='grc' dir='ltr'>ἡμῶν</span> <span class='ocrx_word' id='word_1_230' title='bbox 849 2631 1076 2705; x_wconf 88' lang='grc' dir='ltr'>δύναμις</span> <span class='ocrx_word' id='word_1_231' title='bbox 1101 2638 1289 2706; x_wconf 87' lang='grc' dir='ltr'>κρατεῖ</span> <span class='ocrx_word' id='word_1_232' title='bbox 1322 2635 1416 2690; x_wconf 83' lang='grc' dir='ltr'>καὶ</span> <span class='ocrx_word' id='word_1_233' title='bbox 1443 2636 1683 2709; x_wconf 89' lang='grc' dir='ltr'>κυριεύει</span> <span class='ocrx_word' id='word_1_234' title='bbox 1725 2637 1833 2692; x_wconf 83' lang='grc' dir='ltr'>τῶν</span> 
     </span>
    </p>
   </div>
   <div class='ocr_carea' id='block_1_31' title="bbox 267 2720 1832 2802">
    <p class='ocr_par' dir='ltr' id='par_1_31' title="bbox 267 2720 1832 2802">
     <span class='ocr_line' id='line_1_31' title="bbox 267 2720 1832 2802; baseline 0.007 -29"><span class='ocrx_word' id='word_1_235' title='bbox 267 2720 326 2788; x_wconf 77' lang='grc' dir='ltr'>ἐξ</span> <span class='ocrx_word' id='word_1_236' title='bbox 389 2721 531 2792; x_wconf 77' lang='grc' dir='ltr'>ἑῴας</span> <span class='ocrx_word' id='word_1_237' title='bbox 575 2722 850 2797; x_wconf 81' lang='grc' dir='ltr'>θαλάσσης</span> <span class='ocrx_word' id='word_1_238' title='bbox 885 2725 978 2778; x_wconf 79' lang='grc' dir='ltr'>καὶ</span> <span class='ocrx_word' id='word_1_239' title='bbox 1022 2726 1116 2780; x_wconf 80' lang='grc' dir='ltr'>ἐπὶ</span> <span class='ocrx_word' id='word_1_240' title='bbox 1160 2726 1351 2782; x_wconf 85' lang='grc' dir='ltr'>δύοντα</span> <span class='ocrx_word' id='word_1_241' title='bbox 1381 2728 1550 2799; x_wconf 69' lang='grc' dir='ltr'>ἣλιον,</span> <span class='ocrx_word' id='word_1_242' title='bbox 1590 2730 1832 2802; x_wconf 76' lang='grc' dir='ltr'>ἐνεργεῖν</span> 
     </span>
    </p>
   </div>
   <div class='ocr_carea' id='block_1_32' title="bbox 268 2811 1833 2893">
    <p class='ocr_par' dir='ltr' id='par_1_32' title="bbox 268 2811 1833 2893">
     <span class='ocr_line' id='line_1_32' title="bbox 268 2811 1833 2893; baseline 0.005 -28"><span class='ocrx_word' id='word_1_243' title='bbox 268 2812 367 2882; x_wconf 78' lang='grc' dir='ltr'>μὲν</span> <span class='ocrx_word' id='word_1_244' title='bbox 394 2811 674 2886; x_wconf 82' lang='grc' dir='ltr'>ἀρξαμένη</span> <span class='ocrx_word' id='word_1_245' title='bbox 716 2815 822 2869; x_wconf 79' lang='grc' dir='ltr'>ἀπὸ</span> <span class='ocrx_word' id='word_1_246' title='bbox 861 2816 1126 2889; x_wconf 78' lang='grc' dir='ltr'>ποταμοῦ,</span> <span class='ocrx_word' id='word_1_247' title='bbox 1158 2819 1276 2891; x_wconf 71' lang='grc' dir='ltr'>ἢτοι</span> <span class='ocrx_word' id='word_1_248' title='bbox 1305 2819 1399 2873; x_wconf 83' lang='grc' dir='ltr'><strong>τοῦ</strong></span> <span class='ocrx_word' id='word_1_249' title='bbox 1432 2820 1572 2874; x_wconf 89' lang='grc' dir='ltr'><strong>κατά</strong></span> <span class='ocrx_word' id='word_1_250' title='bbox 1608 2820 1833 2893; x_wconf 82' lang='grc' dir='ltr'>λουτρὸν</span> 
     </span>
    </p>
   </div>
   <div class='ocr_carea' id='block_1_33' title="bbox 269 2902 1830 2986">
    <p class='ocr_par' dir='ltr' id='par_1_33' title="bbox 269 2902 1830 2986">
     <span class='ocr_line' id='line_1_33' title="bbox 269 2902 1830 2986; baseline 0.006 -29"><span class='ocrx_word' id='word_1_251' title='bbox 269 2905 599 2978; x_wconf 78' lang='grc' dir='ltr'>μυστηρίου,</span> <span class='ocrx_word' id='word_1_252' title='bbox 649 2906 683 2979; x_wconf 75' lang='grc' dir='ltr'>ἢ</span> <span class='ocrx_word' id='word_1_253' title='bbox 734 2908 829 2961; x_wconf 78' lang='grc' dir='ltr'>καὶ</span> <span class='ocrx_word' id='word_1_254' title='bbox 874 2910 966 2978; x_wconf 85' lang='grc' dir='ltr'><strong>ἀφ’</strong></span> <span class='ocrx_word' id='word_1_255' title='bbox 1010 2902 1183 2983; x_wconf 76' lang='grc' dir='ltr'>οὗπερ</span> <span class='ocrx_word' id='word_1_256' title='bbox 1233 2912 1374 2967; x_wconf 87' lang='grc' dir='ltr'><strong>κατά</strong></span> <span class='ocrx_word' id='word_1_257' title='bbox 1417 2913 1510 2967; x_wconf 87' lang='grc' dir='ltr'>τὸν</span> <span class='ocrx_word' id='word_1_258' title='bbox 1562 2913 1830 2986; x_wconf 82' lang='grc' dir='ltr'>Ἰορδάνην</span> 
     </span>
    </p>
   </div>
   <div class='ocr_carea' id='block_1_34' title="bbox 264 2994 1831 3078">
    <p class='ocr_par' dir='ltr' id='par_1_34' title="bbox 264 2994 1831 3078">
     <span class='ocr_line' id='line_1_34' title="bbox 264 2994 1831 3078; baseline 0.008 -30"><span class='ocrx_word' id='word_1_259' title='bbox 264 2994 480 3066; x_wconf 72' lang='grc' dir='ltr'>πρῶτον</span> <span class='ocrx_word' id='word_1_260' title='bbox 509 2998 698 3066; x_wconf 73' lang='grc' dir='ltr'>φανεὶς</span> <span class='ocrx_word' id='word_1_261' title='bbox 740 2999 942 3071; x_wconf 77' lang='grc' dir='ltr'>ἣρξατο</span> <span class='ocrx_word' id='word_1_262' title='bbox 983 3002 1083 3073; x_wconf 84' lang='grc' dir='ltr'>τῆς</span> <span class='ocrx_word' id='word_1_263' title='bbox 1129 3004 1210 3067; x_wconf 88' lang='grc' dir='ltr'><strong>εἰς</strong></span> <span class='ocrx_word' id='word_1_264' title='bbox 1256 3003 1575 3077; x_wconf 82' lang='grc' dir='ltr'>ἀνθρώπους</span> <span class='ocrx_word' id='word_1_265' title='bbox 1610 3006 1831 3078; x_wconf 80' lang='grc' dir='ltr'>εὐεργε-</span> 
     </span>
    </p>
   </div>
   <div class='ocr_carea' id='block_1_35' title="bbox 1941 699 3503 776">
    <p class='ocr_par' dir='ltr' id='par_1_35' title="bbox 1941 699 3503 776">
     <span class='ocr_line' id='line_1_35' title="bbox 1941 699 3503 776; baseline -0.009 -12"><span class='ocrx_word' id='word_1_266' title='bbox 1941 724 2072 764; x_wconf 84' lang='lat' dir='ltr'><strong>sane</strong></span> <span class='ocrx_word' id='word_1_267' title='bbox 2118 707 2184 761; x_wconf 90' lang='lat' dir='ltr'><strong>ad</strong></span> <span class='ocrx_word' id='word_1_268' title='bbox 2221 707 2371 760; x_wconf 90' lang='lat' dir='ltr'><strong>illum</strong></span> <span class='ocrx_word' id='word_1_269' title='bbox 2406 705 2582 776; x_wconf 90' lang='lat' dir='ltr'><strong>ipsum</strong></span> <span class='ocrx_word' id='word_1_270' title='bbox 2626 703 2967 758; x_wconf 82' lang='lat' dir='ltr'><strong>Salomoncm</strong></span> <span class='ocrx_word' id='word_1_271' title='bbox 3018 699 3350 762; x_wconf 79' lang='lat' dir='ltr'><strong>referantur;</strong></span> <span class='ocrx_word' id='word_1_272' title='bbox 3382 713 3503 768; x_wconf 78' lang='lat' dir='ltr'><strong>qua:</strong></span> 
     </span>
    </p>
   </div>
   <div class='ocr_carea' id='block_1_36' title="bbox 1939 791 3499 871">
    <p class='ocr_par' dir='ltr' id='par_1_36' title="bbox 1939 791 3499 871">
     <span class='ocr_line' id='line_1_36' title="bbox 1939 791 3499 871; baseline -0.009 -16"><span class='ocrx_word' id='word_1_273' title='bbox 1939 816 2069 856; x_wconf 86' lang='lat' dir='ltr'><strong>vero</strong></span> <span class='ocrx_word' id='word_1_274' title='bbox 2101 807 2408 871; x_wconf 89' lang='lat' dir='ltr'><strong>sequuntur</strong></span> <span class='ocrx_word' id='word_1_275' title='bbox 2440 814 2452 849; x_wconf 90' lang='lat'>:</span> <span class='ocrx_word' id='word_1_276' title='bbox 2497 816 2515 848; x_wconf 74' lang='grc' dir='ltr'><strong>ι</strong></span> <span class='ocrx_word' id='word_1_277' title='bbox 2558 796 2624 850; x_wconf 89' lang='lat' dir='ltr'><strong>Et</strong></span> <span class='ocrx_word' id='word_1_278' title='bbox 2656 796 2923 866; x_wconf 77' lang='lat' dir='ltr'><strong>justitiam</strong></span> <span class='ocrx_word' id='word_1_279' title='bbox 2953 802 3100 848; x_wconf 87' lang='lat' dir='ltr'><strong>tuam</strong></span> <span class='ocrx_word' id='word_1_280' title='bbox 3137 793 3247 847; x_wconf 76' lang='lat' dir='ltr'><strong>lilio</strong></span> <span class='ocrx_word' id='word_1_281' title='bbox 3285 791 3451 864; x_wconf 86' lang='lat' dir='ltr'><strong>regis,</strong></span> <span class='ocrx_word' id='word_1_282' title='bbox 3480 810 3499 841; x_wconf 72' lang='grc' dir='ltr'><strong>ι</strong></span> 
     </span>
    </p>
   </div>
   <div class='ocr_carea' id='block_1_37' title="bbox 1939 884 3504 957">
    <p class='ocr_par' dir='ltr' id='par_1_37' title="bbox 1939 884 3504 957">
     <span class='ocr_line' id='line_1_37' title="bbox 1939 884 3504 957; baseline -0.006 -11"><span class='ocrx_word' id='word_1_283' title='bbox 1939 894 2008 949; x_wconf 91' lang='lat' dir='ltr'><strong>ad</strong></span> <span class='ocrx_word' id='word_1_284' title='bbox 2040 891 2347 948; x_wconf 90' lang='lat' dir='ltr'><strong>Salomonis</strong></span> <span class='ocrx_word' id='word_1_285' title='bbox 2381 888 2573 954; x_wconf 83' lang='lat' dir='ltr'><strong>ﬁlium,</strong></span> <span class='ocrx_word' id='word_1_286' title='bbox 2600 903 2708 943; x_wconf 87' lang='lat' dir='ltr'><strong>non</strong></span> <span class='ocrx_word' id='word_1_287' title='bbox 2747 888 2896 940; x_wconf 89' lang='lat' dir='ltr'><strong>illum</strong></span> <span class='ocrx_word' id='word_1_288' title='bbox 2929 885 3372 957; x_wconf 80' lang='lat' dir='ltr'><strong>primogenitum,</strong></span> <span class='ocrx_word' id='word_1_289' title='bbox 3408 884 3504 954; x_wconf 88' lang='lat' dir='ltr'><strong>qui</strong></span> 
     </span>
    </p>
   </div>
   <div class='ocr_carea' id='block_1_38' title="bbox 1938 973 3505 1054">
    <p class='ocr_par' dir='ltr' id='par_1_38' title="bbox 1938 973 3505 1054">
     <span class='ocr_line' id='line_1_38' title="bbox 1938 973 3505 1054; baseline -0.008 -14"><span class='ocrx_word' id='word_1_290' title='bbox 1938 985 2018 1040; x_wconf 85' lang='lat' dir='ltr'><strong>illi</strong></span> <span class='ocrx_word' id='word_1_291' title='bbox 2045 986 2101 1039; x_wconf 89' lang='lat' dir='ltr'><strong>in</strong></span> <span class='ocrx_word' id='word_1_292' title='bbox 2138 998 2307 1054; x_wconf 87' lang='lat' dir='ltr'><strong>regno</strong></span> <span class='ocrx_word' id='word_1_293' title='bbox 2342 980 2610 1037; x_wconf 88' lang='lat' dir='ltr'><strong>successit</strong></span> <span class='ocrx_word' id='word_1_294' title='bbox 2643 977 2788 1050; x_wconf 90' lang='lat' dir='ltr'><strong>(nam</strong></span> <span class='ocrx_word' id='word_1_295' title='bbox 2836 978 2924 1031; x_wconf 85' lang='lat' dir='ltr'><strong>ille</strong></span> <span class='ocrx_word' id='word_1_296' title='bbox 2964 992 3087 1031; x_wconf 91' lang='lat' dir='ltr'><strong>cum</strong></span> <span class='ocrx_word' id='word_1_297' title='bbox 3132 975 3233 1031; x_wconf 91' lang='lat' dir='ltr'><strong>soli</strong></span> <span class='ocrx_word' id='word_1_298' title='bbox 3265 973 3505 1030; x_wconf 66' lang='lat' dir='ltr'><strong>Iudaicae</strong></span> 
     </span>
    </p>
   </div>
   <div class='ocr_carea' id='block_1_39' title="bbox 1937 1071 3504 1148">
    <p class='ocr_par' dir='ltr' id='par_1_39' title="bbox 1937 1071 3504 1148">
     <span class='ocr_line' id='line_1_39' title="bbox 1937 1071 3504 1148; baseline -0.006 -15"><span class='ocrx_word' id='word_1_299' title='bbox 1937 1078 2084 1148; x_wconf 87' lang='lat' dir='ltr'><strong>genti</strong></span> <span class='ocrx_word' id='word_1_300' title='bbox 2116 1091 2184 1131; x_wconf 88' lang='lat' dir='ltr'><strong>ne</strong></span> <span class='ocrx_word' id='word_1_301' title='bbox 2213 1083 2355 1130; x_wconf 88' lang='lat' dir='ltr'><strong>totos</strong></span> <span class='ocrx_word' id='word_1_302' title='bbox 2384 1072 2619 1143; x_wconf 86' lang='lat' dir='ltr'><strong>quidem</strong></span> <span class='ocrx_word' id='word_1_303' title='bbox 2639 1071 2826 1126; x_wconf 86' lang='lat' dir='ltr'><strong>decem</strong></span> <span class='ocrx_word' id='word_1_304' title='bbox 2858 1077 2911 1125; x_wconf 88' lang='lat' dir='ltr'><strong>et</strong></span> <span class='ocrx_word' id='word_1_305' title='bbox 2937 1076 3143 1140; x_wconf 89' lang='lat' dir='ltr'><strong>septem</strong></span> <span class='ocrx_word' id='word_1_306' title='bbox 3175 1083 3347 1124; x_wconf 88' lang='lat' dir='ltr'><strong>annos</strong></span> <span class='ocrx_word' id='word_1_307' title='bbox 3368 1082 3504 1140; x_wconf 65' lang='lat' dir='ltr'><strong>prae-</strong></span> 
     </span>
    </p>
   </div>
   <div class='ocr_carea' id='block_1_40' title="bbox 1938 1160 3502 1239">
    <p class='ocr_par' dir='ltr' id='par_1_40' title="bbox 1938 1160 3502 1239">
     <span class='ocr_line' id='line_1_40' title="bbox 1938 1160 3502 1239; baseline -0.006 -16"><span class='ocrx_word' id='word_1_308' title='bbox 1938 1170 2150 1234; x_wconf 79' lang='lat' dir='ltr'><strong>fuisset,</strong></span> <span class='ocrx_word' id='word_1_309' title='bbox 2180 1166 2415 1239; x_wconf 86' lang='lat' dir='ltr'><strong>pessime</strong></span> <span class='ocrx_word' id='word_1_310' title='bbox 2438 1180 2572 1220; x_wconf 89' lang='lat' dir='ltr'><strong>usus</strong></span> <span class='ocrx_word' id='word_1_311' title='bbox 2600 1173 2683 1220; x_wconf 92' lang='lat' dir='ltr'><strong>est</strong></span> <span class='ocrx_word' id='word_1_312' title='bbox 2703 1163 2976 1234; x_wconf 82' lang='lat' dir='ltr'><strong>imperio),</strong></span> <span class='ocrx_word' id='word_1_313' title='bbox 3005 1161 3100 1218; x_wconf 90' lang='lat' dir='ltr'><strong>sed</strong></span> <span class='ocrx_word' id='word_1_314' title='bbox 3126 1177 3225 1217; x_wconf 89' lang='lat' dir='ltr'><strong>nec</strong></span> <span class='ocrx_word' id='word_1_315' title='bbox 3247 1160 3313 1215; x_wconf 88' lang='lat' dir='ltr'><strong>ad</strong></span> <span class='ocrx_word' id='word_1_316' title='bbox 3335 1161 3502 1216; x_wconf 90' lang='lat' dir='ltr'><strong>alium</strong></span> 
     </span>
    </p>
   </div>
   <div class='ocr_carea' id='block_1_41' title="bbox 1938 1252 3504 1334">
    <p class='ocr_par' dir='ltr' id='par_1_41' title="bbox 1938 1252 3504 1334">
     <span class='ocr_line' id='line_1_41' title="bbox 1938 1252 3504 1334; baseline -0.008 -16"><span class='ocrx_word' id='word_1_317' title='bbox 1938 1272 2198 1334; x_wconf 66' lang='lat' dir='ltr'><strong>praeterea</strong></span> <span class='ocrx_word' id='word_1_318' title='bbox 2227 1261 2533 1333; x_wconf 79' lang='lat' dir='ltr'><strong>quempiam</strong></span> <span class='ocrx_word' id='word_1_319' title='bbox 2563 1274 2751 1315; x_wconf 87' lang='lat' dir='ltr'><strong>eorum</strong></span> <span class='ocrx_word' id='word_1_320' title='bbox 2782 1257 2874 1329; x_wconf 90' lang='lat' dir='ltr'><strong>qui</strong></span> <span class='ocrx_word' id='word_1_321' title='bbox 2912 1265 3034 1328; x_wconf 92' lang='lat' dir='ltr'><strong>post</strong></span> <span class='ocrx_word' id='word_1_322' title='bbox 3063 1252 3303 1310; x_wconf 81' lang='lat' dir='ltr'><strong>Roboam</strong></span> <span class='ocrx_word' id='word_1_323' title='bbox 3328 1253 3383 1307; x_wconf 91' lang='lat' dir='ltr'><strong>in</strong></span> <span class='ocrx_word' id='word_1_324' title='bbox 3414 1267 3504 1307; x_wconf 79' lang='lat' dir='ltr'><strong>re-</strong></span> 
     </span>
    </p>
   </div>
   <div class='ocr_carea' id='block_1_42' title="bbox 1938 1344 3501 1424">
    <p class='ocr_par' dir='ltr' id='par_1_42' title="bbox 1938 1344 3501 1424">
     <span class='ocr_line' id='line_1_42' title="bbox 1938 1344 3501 1424; baseline -0.006 -15"><span class='ocrx_word' id='word_1_325' title='bbox 1938 1370 2045 1424; x_wconf 86' lang='lat' dir='ltr'><strong>gno</strong></span> <span class='ocrx_word' id='word_1_326' title='bbox 2077 1352 2384 1410; x_wconf 87' lang='lat' dir='ltr'><strong>Salomonis</strong></span> <span class='ocrx_word' id='word_1_327' title='bbox 2418 1352 2807 1416; x_wconf 88' lang='lat' dir='ltr'><strong>successerint,</strong></span> <span class='ocrx_word' id='word_1_328' title='bbox 2841 1351 2932 1406; x_wconf 91' lang='lat' dir='ltr'><strong>sed</strong></span> <span class='ocrx_word' id='word_1_329' title='bbox 2970 1348 3038 1404; x_wconf 88' lang='lat' dir='ltr'><strong>ad</strong></span> <span class='ocrx_word' id='word_1_330' title='bbox 3069 1346 3245 1402; x_wconf 88' lang='lat' dir='ltr'><strong>solum</strong></span> <span class='ocrx_word' id='word_1_331' title='bbox 3276 1361 3306 1400; x_wconf 91' lang='lat' dir='ltr'><strong>a</strong></span> <span class='ocrx_word' id='word_1_332' title='bbox 3333 1344 3501 1400; x_wconf 82' lang='lat' dir='ltr'><strong>David</strong></span> 
     </span>
    </p>
   </div>
   <div class='ocr_carea' id='block_1_43' title="bbox 1938 1433 3501 1513">
    <p class='ocr_par' dir='ltr' id='par_1_43' title="bbox 1938 1433 3501 1513">
     <span class='ocr_line' id='line_1_43' title="bbox 1938 1433 3501 1513; baseline -0.007 -15"><span class='ocrx_word' id='word_1_333' title='bbox 1938 1443 2250 1508; x_wconf 88' lang='lat' dir='ltr'><strong>oriundum,</strong></span> <span class='ocrx_word' id='word_1_334' title='bbox 2280 1443 2373 1513; x_wconf 86' lang='lat' dir='ltr'><strong>qui</strong></span> <span class='ocrx_word' id='word_1_335' title='bbox 2403 1444 2478 1496; x_wconf 89' lang='lat' dir='ltr'><strong>ita</strong></span> <span class='ocrx_word' id='word_1_336' title='bbox 2511 1440 2819 1498; x_wconf 90' lang='lat' dir='ltr'><strong>Salomonis</strong></span> <span class='ocrx_word' id='word_1_337' title='bbox 2864 1439 3008 1494; x_wconf 80' lang='lat' dir='ltr'><strong>ﬁlius</strong></span> <span class='ocrx_word' id='word_1_338' title='bbox 3047 1446 3105 1492; x_wconf 94' lang='lat' dir='ltr'><strong>ut</strong></span> <span class='ocrx_word' id='word_1_339' title='bbox 3137 1436 3309 1507; x_wconf 89' lang='lat' dir='ltr'><strong>ipsius</strong></span> <span class='ocrx_word' id='word_1_340' title='bbox 3331 1433 3501 1488; x_wconf 86' lang='lat' dir='ltr'><strong>David</strong></span> 
     </span>
    </p>
   </div>
   <div class='ocr_carea' id='block_1_44' title="bbox 1937 1527 3501 1592">
    <p class='ocr_par' dir='ltr' id='par_1_44' title="bbox 1937 1527 3501 1592">
     <span class='ocr_line' id='line_1_44' title="bbox 1937 1527 3501 1592; baseline -0.005 -3"><span class='ocrx_word' id='word_1_341' title='bbox 1937 1537 2116 1591; x_wconf 89' lang='lat' dir='ltr'><strong>dictus</strong></span> <span class='ocrx_word' id='word_1_342' title='bbox 2164 1543 2270 1592; x_wconf 89' lang='lat' dir='ltr'><strong>est.</strong></span> <span class='ocrx_word' id='word_1_343' title='bbox 2321 1534 2422 1590; x_wconf 83' lang='lat' dir='ltr'><strong>Hic</strong></span> <span class='ocrx_word' id='word_1_344' title='bbox 2459 1546 2639 1591; x_wconf 87' lang='lat' dir='ltr'><strong>autem</strong></span> <span class='ocrx_word' id='word_1_345' title='bbox 2686 1531 2790 1587; x_wconf 77' lang='lat' dir='ltr'><strong>fuit</strong></span> <span class='ocrx_word' id='word_1_346' title='bbox 2833 1531 3083 1587; x_wconf 83' lang='lat' dir='ltr'><strong>Salvator</strong></span> <span class='ocrx_word' id='word_1_347' title='bbox 3135 1538 3189 1584; x_wconf 93' lang='lat' dir='ltr'><strong>et</strong></span> <span class='ocrx_word' id='word_1_348' title='bbox 3235 1527 3501 1583; x_wconf 85' lang='lat' dir='ltr'><strong>Dominus</strong></span> 
     </span>
    </p>
   </div>
   <div class='ocr_carea' id='block_1_45' title="bbox 1937 1618 3502 1697">
    <p class='ocr_par' dir='ltr' id='par_1_45' title="bbox 1937 1618 3502 1697">
     <span class='ocr_line' id='line_1_45' title="bbox 1937 1618 3502 1697; baseline -0.007 -15"><span class='ocrx_word' id='word_1_349' title='bbox 1937 1638 2122 1684; x_wconf 86' lang='lat' dir='ltr'><strong>noster</strong></span> <span class='ocrx_word' id='word_1_350' title='bbox 2147 1624 2307 1683; x_wconf 81' lang='lat' dir='ltr'><strong>Jesus</strong></span> <span class='ocrx_word' id='word_1_351' title='bbox 2334 1625 2605 1683; x_wconf 89' lang='lat' dir='ltr'><strong>Christus.</strong></span> <span class='ocrx_word' id='word_1_352' title='bbox 2638 1625 2810 1697; x_wconf 82' lang='lat' dir='ltr'><strong>Hujus</strong></span> <span class='ocrx_word' id='word_1_353' title='bbox 2847 1625 2990 1678; x_wconf 89' lang='lat' dir='ltr'><strong>enim</strong></span> <span class='ocrx_word' id='word_1_354' title='bbox 3023 1621 3208 1686; x_wconf 88' lang='lat' dir='ltr'><strong>unius,</strong></span> <span class='ocrx_word' id='word_1_355' title='bbox 3240 1633 3341 1674; x_wconf 89' lang='lat' dir='ltr'><strong>nec</strong></span> <span class='ocrx_word' id='word_1_356' title='bbox 3367 1618 3502 1678; x_wconf 82' lang='lat' dir='ltr'><strong>alte-</strong></span> 
     </span>
    </p>
   </div>
   <div class='ocr_carea' id='block_1_46' title="bbox 1936 1710 3500 1791">
    <p class='ocr_par' dir='ltr' id='par_1_46' title="bbox 1936 1710 3500 1791">
     <span class='ocr_line' id='line_1_46' title="bbox 1936 1710 3500 1791; baseline -0.008 -16"><span class='ocrx_word' id='word_1_357' title='bbox 1936 1723 2052 1775; x_wconf 84' lang='lat' dir='ltr'><strong>rius</strong></span> <span class='ocrx_word' id='word_1_358' title='bbox 2079 1719 2385 1791; x_wconf 89' lang='lat' dir='ltr'><strong>cujuspiam</strong></span> <span class='ocrx_word' id='word_1_359' title='bbox 2433 1733 2644 1781; x_wconf 89' lang='lat' dir='ltr'><strong>eorum,</strong></span> <span class='ocrx_word' id='word_1_360' title='bbox 2673 1718 2767 1789; x_wconf 87' lang='lat' dir='ltr'><strong>qui</strong></span> <span class='ocrx_word' id='word_1_361' title='bbox 2799 1730 3037 1786; x_wconf 85' lang='lat' dir='ltr'><strong>unquam</strong></span> <span class='ocrx_word' id='word_1_362' title='bbox 3076 1712 3299 1775; x_wconf 81' lang='lat' dir='ltr'><strong>fuerint,</strong></span> <span class='ocrx_word' id='word_1_363' title='bbox 3329 1710 3500 1769; x_wconf 85' lang='lat' dir='ltr'><strong>divini</strong></span> 
     </span>
    </p>
   </div>
   <div class='ocr_carea' id='block_1_47' title="bbox 1867 1791 3499 1882">
    <p class='ocr_par' dir='ltr' id='par_1_47' title="bbox 1867 1791 3499 1882">
     <span class='ocr_line' id='line_1_47' title="bbox 1867 1791 3499 1882; baseline -0.007 -16"><span class='ocrx_word' id='word_1_364' title='bbox 1867 1791 1907 1843; x_wconf 74' lang='grc' dir='ltr'>Β</span> <span class='ocrx_word' id='word_1_365' title='bbox 1936 1811 2088 1882; x_wconf 81' lang='lat' dir='ltr'><strong>regni</strong></span> <span class='ocrx_word' id='word_1_366' title='bbox 2113 1818 2278 1881; x_wconf 87' lang='lat' dir='ltr'><strong>atque</strong></span> <span class='ocrx_word' id='word_1_367' title='bbox 2306 1809 2520 1879; x_wconf 86' lang='lat' dir='ltr'><strong>imperii</strong></span> <span class='ocrx_word' id='word_1_368' title='bbox 2545 1808 2704 1864; x_wconf 90' lang='lat' dir='ltr'><strong>sedes</strong></span> <span class='ocrx_word' id='word_1_369' title='bbox 2723 1818 3082 1878; x_wconf 84' lang='lat' dir='ltr'><strong>permansura</strong></span> <span class='ocrx_word' id='word_1_370' title='bbox 3114 1809 3198 1857; x_wconf 91' lang='lat' dir='ltr'><strong>est</strong></span> <span class='ocrx_word' id='word_1_371' title='bbox 3219 1816 3343 1855; x_wconf 88' lang='lat' dir='ltr'><strong>cum</strong></span> <span class='ocrx_word' id='word_1_372' title='bbox 3360 1799 3499 1865; x_wconf 87' lang='lat' dir='ltr'><strong>sole,</strong></span> 
     </span>
    </p>
   </div>
   <div class='ocr_carea' id='block_1_48' title="bbox 1934 1895 3497 1971">
    <p class='ocr_par' dir='ltr' id='par_1_48' title="bbox 1934 1895 3497 1971">
     <span class='ocr_line' id='line_1_48' title="bbox 1934 1895 3497 1971; baseline -0.008 -12"><span class='ocrx_word' id='word_1_373' title='bbox 1934 1911 1988 1961; x_wconf 93' lang='lat' dir='ltr'><strong>et</strong></span> <span class='ocrx_word' id='word_1_374' title='bbox 2014 1903 2105 1958; x_wconf 89' lang='lat' dir='ltr'><strong>hic</strong></span> <span class='ocrx_word' id='word_1_375' title='bbox 2128 1903 2271 1958; x_wconf 92' lang='lat' dir='ltr'><strong>idem</strong></span> <span class='ocrx_word' id='word_1_376' title='bbox 2299 1917 2399 1956; x_wconf 92' lang='lat' dir='ltr'><strong>nec</strong></span> <span class='ocrx_word' id='word_1_377' title='bbox 2425 1901 2564 1956; x_wconf 87' lang='lat' dir='ltr'><strong>alius</strong></span> <span class='ocrx_word' id='word_1_378' title='bbox 2582 1899 2850 1971; x_wconf 85' lang='lat' dir='ltr'><strong>quispiam</strong></span> <span class='ocrx_word' id='word_1_379' title='bbox 2878 1913 2943 1952; x_wconf 82' lang='lat' dir='ltr'><strong>ex</strong></span> <span class='ocrx_word' id='word_1_380' title='bbox 2965 1895 3243 1951; x_wconf 88' lang='lat' dir='ltr'><strong>hominum</strong></span> <span class='ocrx_word' id='word_1_381' title='bbox 3277 1907 3497 1964; x_wconf 88' lang='lat' dir='ltr'><strong>genere.</strong></span> 
     </span>
    </p>
   </div>
   <div class='ocr_carea' id='block_1_49' title="bbox 1935 1985 3498 2063">
    <p class='ocr_par' dir='ltr' id='par_1_49' title="bbox 1935 1985 3498 2063">
     <span class='ocr_line' id='line_1_49' title="bbox 1935 1985 3498 2063; baseline -0.01 -11"><span class='ocrx_word' id='word_1_382' title='bbox 1935 2007 2059 2052; x_wconf 83' lang='lat' dir='ltr'><strong>ante</strong></span> <span class='ocrx_word' id='word_1_383' title='bbox 2103 1997 2287 2050; x_wconf 90' lang='lat' dir='ltr'><strong>lunam</strong></span> <span class='ocrx_word' id='word_1_384' title='bbox 2331 2001 2385 2050; x_wconf 88' lang='lat' dir='ltr'><strong>et</strong></span> <span class='ocrx_word' id='word_1_385' title='bbox 2424 2000 2551 2048; x_wconf 88' lang='lat' dir='ltr'><strong>ante</strong></span> <span class='ocrx_word' id='word_1_386' title='bbox 2590 1990 2751 2063; x_wconf 81' lang='lat'><strong>355</strong></span> <span class='ocrx_word' id='word_1_387' title='bbox 2797 1988 2986 2043; x_wconf 89' lang='lat' dir='ltr'><strong>mundi</strong></span> <span class='ocrx_word' id='word_1_388' title='bbox 3030 1985 3498 2047; x_wconf 81' lang='lat' dir='ltr'><strong>constitutionem,</strong></span> 
     </span>
    </p>
   </div>
   <div class='ocr_carea' id='block_1_50' title="bbox 1933 2078 3500 2159">
    <p class='ocr_par' dir='ltr' id='par_1_50' title="bbox 1933 2078 3500 2159">
     <span class='ocr_line' id='line_1_50' title="bbox 1933 2078 3500 2159; baseline -0.008 -17"><span class='ocrx_word' id='word_1_389' title='bbox 1933 2097 2191 2159; x_wconf 89' lang='lat' dir='ltr'><strong>tanquam</strong></span> <span class='ocrx_word' id='word_1_390' title='bbox 2222 2088 2269 2143; x_wconf 88' lang='lat' dir='ltr'><strong>is</strong></span> <span class='ocrx_word' id='word_1_391' title='bbox 2293 2087 2386 2158; x_wconf 91' lang='lat' dir='ltr'><strong>qui</strong></span> <span class='ocrx_word' id='word_1_392' title='bbox 2415 2085 2506 2140; x_wconf 89' lang='lat' dir='ltr'><strong>Dei</strong></span> <span class='ocrx_word' id='word_1_393' title='bbox 2537 2083 2608 2139; x_wconf 90' lang='lat' dir='ltr'><strong>sit</strong></span> <span class='ocrx_word' id='word_1_394' title='bbox 2630 2081 2889 2146; x_wconf 79' lang='lat' dir='ltr'><strong>Verbum,</strong></span> <span class='ocrx_word' id='word_1_395' title='bbox 2914 2080 2982 2135; x_wconf 88' lang='lat' dir='ltr'><strong>ab</strong></span> <span class='ocrx_word' id='word_1_396' title='bbox 3008 2079 3166 2134; x_wconf 88' lang='lat' dir='ltr'><strong>initio</strong></span> <span class='ocrx_word' id='word_1_397' title='bbox 3191 2078 3314 2141; x_wconf 83' lang='lat' dir='ltr'><strong>fuit,</strong></span> <span class='ocrx_word' id='word_1_398' title='bbox 3335 2084 3500 2148; x_wconf 87' lang='lat' dir='ltr'><strong>atque</strong></span> 
     </span>
    </p>
   </div>
   <div class='ocr_carea' id='block_1_51' title="bbox 1935 2169 3500 2236">
    <p class='ocr_par' dir='ltr' id='par_1_51' title="bbox 1935 2169 3500 2236">
     <span class='ocr_line' id='line_1_51' title="bbox 1935 2169 3500 2236; baseline -0.008 -2"><span class='ocrx_word' id='word_1_399' title='bbox 1935 2180 2025 2235; x_wconf 89' lang='lat' dir='ltr'><strong>hic</strong></span> <span class='ocrx_word' id='word_1_400' title='bbox 2055 2180 2204 2236; x_wconf 89' lang='lat' dir='ltr'><strong>solus</strong></span> <span class='ocrx_word' id='word_1_401' title='bbox 2232 2179 2447 2234; x_wconf 66' lang='lat' dir='ltr'><strong>caelitus</strong></span> <span class='ocrx_word' id='word_1_402' title='bbox 2471 2178 2525 2231; x_wconf 91' lang='lat' dir='ltr'><strong>in</strong></span> <span class='ocrx_word' id='word_1_403' title='bbox 2542 2190 2758 2231; x_wconf 88' lang='lat' dir='ltr'><strong>omnem</strong></span> <span class='ocrx_word' id='word_1_404' title='bbox 2788 2184 2991 2229; x_wconf 90' lang='lat' dir='ltr'><strong>terram</strong></span> <span class='ocrx_word' id='word_1_405' title='bbox 3021 2172 3165 2227; x_wconf 88' lang='lat' dir='ltr'><strong>roris</strong></span> <span class='ocrx_word' id='word_1_406' title='bbox 3187 2171 3360 2225; x_wconf 89' lang='lat' dir='ltr'><strong>instar</strong></span> <span class='ocrx_word' id='word_1_407' title='bbox 3390 2169 3500 2224; x_wconf 89' lang='lat' dir='ltr'><strong>stil-</strong></span> 
     </span>
    </p>
   </div>
   <div class='ocr_carea' id='block_1_52' title="bbox 1934 2261 3501 2341">
    <p class='ocr_par' dir='ltr' id='par_1_52' title="bbox 1934 2261 3501 2341">
     <span class='ocr_line' id='line_1_52' title="bbox 1934 2261 3501 2341; baseline -0.006 -15"><span class='ocrx_word' id='word_1_408' title='bbox 1934 2273 2083 2326; x_wconf 85' lang='lat' dir='ltr'><strong>lavit.</strong></span> <span class='ocrx_word' id='word_1_409' title='bbox 2112 2271 2324 2326; x_wconf 86' lang='lat' dir='ltr'><strong>Dictum</strong></span> <span class='ocrx_word' id='word_1_410' title='bbox 2360 2285 2576 2341; x_wconf 87' lang='lat' dir='ltr'><strong>quoque</strong></span> <span class='ocrx_word' id='word_1_411' title='bbox 2599 2275 2703 2332; x_wconf 86' lang='lat' dir='ltr'><strong>est,</strong></span> <span class='ocrx_word' id='word_1_412' title='bbox 2735 2267 2888 2322; x_wconf 91' lang='lat' dir='ltr'><strong>illum</strong></span> <span class='ocrx_word' id='word_1_413' title='bbox 2920 2266 2985 2321; x_wconf 89' lang='lat' dir='ltr'><strong>ad</strong></span> <span class='ocrx_word' id='word_1_414' title='bbox 3024 2279 3214 2320; x_wconf 89' lang='lat' dir='ltr'><strong>omnes</strong></span> <span class='ocrx_word' id='word_1_415' title='bbox 3247 2261 3501 2317; x_wconf 86' lang='lat' dir='ltr'><strong>homines</strong></span> 
     </span>
    </p>
   </div>
   <div class='ocr_carea' id='block_1_53' title="bbox 1933 2356 3503 2431">
    <p class='ocr_par' dir='ltr' id='par_1_53' title="bbox 1933 2356 3503 2431">
     <span class='ocr_line' id='line_1_53' title="bbox 1933 2356 3503 2431; baseline -0.008 -12"><span class='ocrx_word' id='word_1_416' title='bbox 1933 2372 2181 2420; x_wconf 77' lang='lat' dir='ltr'><strong>exortum</strong></span> <span class='ocrx_word' id='word_1_417' title='bbox 2222 2363 2447 2429; x_wconf 90' lang='lat' dir='ltr'><strong>esse,.in</strong></span> <span class='ocrx_word' id='word_1_418' title='bbox 2480 2361 2548 2415; x_wconf 89' lang='lat' dir='ltr'><strong>iis</strong></span> <span class='ocrx_word' id='word_1_419' title='bbox 2577 2375 2696 2431; x_wconf 83' lang='lat' dir='ltr'><strong>quae</strong></span> <span class='ocrx_word' id='word_1_420' title='bbox 2722 2357 2883 2430; x_wconf 91' lang='lat' dir='ltr'><strong>paulo</strong></span> <span class='ocrx_word' id='word_1_421' title='bbox 2923 2364 3050 2412; x_wconf 85' lang='lat' dir='ltr'><strong>ante</strong></span> <span class='ocrx_word' id='word_1_422' title='bbox 3082 2371 3113 2410; x_wconf 91' lang='lat' dir='ltr'><strong>a</strong></span> <span class='ocrx_word' id='word_1_423' title='bbox 3144 2356 3304 2410; x_wconf 87' lang='lat' dir='ltr'><strong>nobis</strong></span> <span class='ocrx_word' id='word_1_424' title='bbox 3330 2369 3503 2424; x_wconf 84' lang='lat' dir='ltr'><strong>expo-</strong></span> 
     </span>
    </p>
   </div>
   <div class='ocr_carea' id='block_1_54' title="bbox 1933 2444 3500 2523">
    <p class='ocr_par' dir='ltr' id='par_1_54' title="bbox 1933 2444 3500 2523">
     <span class='ocr_line' id='line_1_54' title="bbox 1933 2444 3500 2523; baseline -0.01 -10"><span class='ocrx_word' id='word_1_425' title='bbox 1933 2458 2036 2513; x_wconf 87' lang='lat' dir='ltr'><strong>sita</strong></span> <span class='ocrx_word' id='word_1_426' title='bbox 2065 2465 2211 2520; x_wconf 92' lang='lat' dir='ltr'><strong>sunt,</strong></span> <span class='ocrx_word' id='word_1_427' title='bbox 2246 2462 2301 2509; x_wconf 86' lang='lat' dir='ltr'><strong>et</strong></span> <span class='ocrx_word' id='word_1_428' title='bbox 2323 2452 2593 2523; x_wconf 87' lang='lat' dir='ltr'><strong>justitiam</strong></span> <span class='ocrx_word' id='word_1_429' title='bbox 2626 2455 3027 2521; x_wconf 80' lang='lat' dir='ltr'><strong>permanentem</strong></span> <span class='ocrx_word' id='word_1_430' title='bbox 3071 2460 3247 2516; x_wconf 86' lang='lat' dir='ltr'><strong>usque</strong></span> <span class='ocrx_word' id='word_1_431' title='bbox 3277 2444 3346 2500; x_wconf 92' lang='lat' dir='ltr'><strong>ad</strong></span> <span class='ocrx_word' id='word_1_432' title='bbox 3377 2444 3500 2500; x_wconf 70' lang='lat' dir='ltr'><strong>vitze</strong></span> 
     </span>
    </p>
   </div>
   <div class='ocr_carea' id='block_1_55' title="bbox 1933 2539 3494 2614">
    <p class='ocr_par' dir='ltr' id='par_1_55' title="bbox 1933 2539 3494 2614">
     <span class='ocr_line' id='line_1_55' title="bbox 1933 2539 3494 2614; baseline -0.006 -13"><span class='ocrx_word' id='word_1_433' title='bbox 1933 2546 2476 2609; x_wconf 88' lang='lat' dir='ltr'><strong>consummationem,</strong></span> <span class='ocrx_word' id='word_1_434' title='bbox 2507 2558 2630 2614; x_wconf 66' lang='lat' dir='ltr'><strong>quae</strong></span> <span class='ocrx_word' id='word_1_435' title='bbox 2662 2541 2803 2595; x_wconf 82' lang='lat' dir='ltr'><strong>lunae</strong></span> <span class='ocrx_word' id='word_1_436' title='bbox 2820 2539 3056 2596; x_wconf 90' lang='lat' dir='ltr'><strong>sublatio</strong></span> <span class='ocrx_word' id='word_1_437' title='bbox 3088 2539 3367 2594; x_wconf 89' lang='lat' dir='ltr'><strong>nominata</strong></span> <span class='ocrx_word' id='word_1_438' title='bbox 3389 2544 3494 2593; x_wconf 84' lang='lat' dir='ltr'><strong>est.</strong></span> 
     </span>
    </p>
   </div>
   <div class='ocr_carea' id='block_1_56' title="bbox 1932 2630 3499 2695">
    <p class='ocr_par' dir='ltr' id='par_1_56' title="bbox 1932 2630 3499 2695">
     <span class='ocr_line' id='line_1_56' title="bbox 1932 2630 3499 2695; baseline -0.006 -2"><span class='ocrx_word' id='word_1_439' title='bbox 1932 2638 2224 2695; x_wconf 82' lang='lat' dir='ltr'><strong>Evidenter</strong></span> <span class='ocrx_word' id='word_1_440' title='bbox 2248 2651 2378 2691; x_wconf 87' lang='lat' dir='ltr'><strong>vero</strong></span> <span class='ocrx_word' id='word_1_441' title='bbox 2424 2633 2725 2690; x_wconf 87' lang='lat' dir='ltr'><strong>Salvatoris</strong></span> <span class='ocrx_word' id='word_1_442' title='bbox 2756 2632 2932 2688; x_wconf 90' lang='lat' dir='ltr'><strong>nostri</strong></span> <span class='ocrx_word' id='word_1_443' title='bbox 2962 2633 3138 2688; x_wconf 86' lang='lat' dir='ltr'><strong>virtus</strong></span> <span class='ocrx_word' id='word_1_444' title='bbox 3183 2630 3499 2686; x_wconf 87' lang='lat' dir='ltr'><strong>dominatur</strong></span> 
     </span>
    </p>
   </div>
   <div class='ocr_carea' id='block_1_57' title="bbox 1933 2722 3499 2803">
    <p class='ocr_par' dir='ltr' id='par_1_57' title="bbox 1933 2722 3499 2803">
     <span class='ocr_line' id='line_1_57' title="bbox 1933 2722 3499 2803; baseline -0.008 -17"><span class='ocrx_word' id='word_1_445' title='bbox 1933 2739 2097 2803; x_wconf 88' lang='lat' dir='ltr'><strong>atque</strong></span> <span class='ocrx_word' id='word_1_446' title='bbox 2138 2731 2368 2801; x_wconf 90' lang='lat' dir='ltr'><strong>imperat</strong></span> <span class='ocrx_word' id='word_1_447' title='bbox 2404 2729 2473 2784; x_wconf 89' lang='lat' dir='ltr'><strong>ab</strong></span> <span class='ocrx_word' id='word_1_448' title='bbox 2502 2727 2615 2782; x_wconf 86' lang='lat' dir='ltr'><strong>Eoo</strong></span> <span class='ocrx_word' id='word_1_449' title='bbox 2662 2726 2797 2781; x_wconf 90' lang='lat' dir='ltr'><strong>mari</strong></span> <span class='ocrx_word' id='word_1_450' title='bbox 2839 2739 3013 2795; x_wconf 89' lang='lat' dir='ltr'><strong>usque</strong></span> <span class='ocrx_word' id='word_1_451' title='bbox 3046 2723 3114 2779; x_wconf 86' lang='lat' dir='ltr'><strong>ad</strong></span> <span class='ocrx_word' id='word_1_452' title='bbox 3153 2722 3320 2779; x_wconf 90' lang='lat' dir='ltr'><strong>solem</strong></span> <span class='ocrx_word' id='word_1_453' title='bbox 3351 2722 3499 2777; x_wconf 83' lang='lat' dir='ltr'><strong>occi-</strong></span> 
     </span>
    </p>
   </div>
   <div class='ocr_carea' id='block_1_58' title="bbox 1932 2813 3498 2895">
    <p class='ocr_par' dir='ltr' id='par_1_58' title="bbox 1932 2813 3498 2895">
     <span class='ocr_line' id='line_1_58' title="bbox 1932 2813 3498 2895; baseline -0.007 -17"><span class='ocrx_word' id='word_1_454' title='bbox 1932 2823 2177 2887; x_wconf 87' lang='lat' dir='ltr'><strong>dentem;</strong></span> <span class='ocrx_word' id='word_1_455' title='bbox 2212 2838 2332 2895; x_wconf 81' lang='lat' dir='ltr'><strong>quae</strong></span> <span class='ocrx_word' id='word_1_456' title='bbox 2368 2822 2589 2894; x_wconf 84' lang='lat' dir='ltr'><strong>quidem</strong></span> <span class='ocrx_word' id='word_1_457' title='bbox 2630 2820 2804 2875; x_wconf 87' lang='lat' dir='ltr'><strong>virtus</strong></span> <span class='ocrx_word' id='word_1_458' title='bbox 2828 2817 3107 2873; x_wconf 86' lang='lat' dir='ltr'><strong>actionum</strong></span> <span class='ocrx_word' id='word_1_459' title='bbox 3136 2829 3359 2871; x_wconf 87' lang='lat' dir='ltr'><strong>suarum</strong></span> <span class='ocrx_word' id='word_1_460' title='bbox 3385 2813 3498 2869; x_wconf 27' lang='lat' dir='ltr'><strong>ini.-</strong></span> 
     </span>
    </p>
   </div>
   <div class='ocr_carea' id='block_1_59' title="bbox 1930 2908 3502 2985">
    <p class='ocr_par' dir='ltr' id='par_1_59' title="bbox 1930 2908 3502 2985">
     <span class='ocr_line' id='line_1_59' title="bbox 1930 2908 3502 2985; baseline -0.006 -15"><span class='ocrx_word' id='word_1_461' title='bbox 1930 2916 2070 2972; x_wconf 87' lang='lat' dir='ltr'><strong>tium</strong></span> <span class='ocrx_word' id='word_1_462' title='bbox 2113 2914 2242 2971; x_wconf 83' lang='lat' dir='ltr'><strong>fecit</strong></span> <span class='ocrx_word' id='word_1_463' title='bbox 2275 2931 2306 2970; x_wconf 92' lang='lat' dir='ltr'><strong>a</strong></span> <span class='ocrx_word' id='word_1_464' title='bbox 2348 2914 2591 2979; x_wconf 83' lang='lat' dir='ltr'><strong>ﬂumine,</strong></span> <span class='ocrx_word' id='word_1_465' title='bbox 2636 2911 2783 2985; x_wconf 84' lang='lat' dir='ltr'><strong>quod</strong></span> <span class='ocrx_word' id='word_1_466' title='bbox 2811 2918 2917 2978; x_wconf 87' lang='lat' dir='ltr'><strong>est,</strong></span> <span class='ocrx_word' id='word_1_467' title='bbox 2963 2917 3057 2965; x_wconf 89' lang='lat' dir='ltr'><strong>aut</strong></span> <span class='ocrx_word' id='word_1_468' title='bbox 3080 2908 3281 2964; x_wconf 86' lang='lat' dir='ltr'><strong>lavacri</strong></span> <span class='ocrx_word' id='word_1_469' title='bbox 3305 2915 3502 2979; x_wconf 82' lang='lat' dir='ltr'><strong>myste-</strong></span> 
     </span>
    </p>
   </div>
   <div class='ocr_carea' id='block_1_60' title="bbox 1932 2997 3498 3075">
    <p class='ocr_par' dir='ltr' id='par_1_60' title="bbox 1932 2997 3498 3075">
     <span class='ocr_line' id='line_1_60' title="bbox 1932 2997 3498 3075; baseline -0.006 -14"><span class='ocrx_word' id='word_1_470' title='bbox 1932 3006 2037 3075; x_wconf 89' lang='lat' dir='ltr'><strong>rio,</strong></span> <span class='ocrx_word' id='word_1_471' title='bbox 2068 3015 2162 3061; x_wconf 91' lang='lat' dir='ltr'><strong>aut</strong></span> <span class='ocrx_word' id='word_1_472' title='bbox 2196 3021 2226 3059; x_wconf 91' lang='lat' dir='ltr'><strong>a</strong></span> <span class='ocrx_word' id='word_1_473' title='bbox 2250 3004 2507 3071; x_wconf 86' lang='lat' dir='ltr'><strong>Jordane,</strong></span> <span class='ocrx_word' id='word_1_474' title='bbox 2549 3004 2642 3060; x_wconf 89' lang='lat' dir='ltr'><strong>ubi</strong></span> <span class='ocrx_word' id='word_1_475' title='bbox 2686 3018 2809 3058; x_wconf 88' lang='lat' dir='ltr'><strong>cum</strong></span> <span class='ocrx_word' id='word_1_476' title='bbox 2837 3002 3070 3073; x_wconf 83' lang='lat' dir='ltr'><strong>primum</strong></span> <span class='ocrx_word' id='word_1_477' title='bbox 3112 3015 3173 3055; x_wconf 91' lang='lat' dir='ltr'><strong>se</strong></span> <span class='ocrx_word' id='word_1_478' title='bbox 3203 2997 3498 3055; x_wconf 75' lang='lat' dir='ltr'><strong>videntium</strong></span> 
     </span>
    </p>
   </div>
   <div class='ocr_carea' id='block_1_61' title="bbox 269 3087 1835 3183">
    <p class='ocr_par' dir='ltr' id='par_1_61' title="bbox 269 3087 1828 3183">
     <span class='ocr_line' id='line_1_61' title="bbox 269 3087 1828 3183; baseline 0.01 -44"><span class='ocrx_word' id='word_1_479' title='bbox 269 3087 409 3183; x_wconf 54' lang='grc' dir='ltr'><strong>σίαςῘ</strong></span> <span class='ocrx_word' id='word_1_480' title='bbox 439 3088 851 3161; x_wconf 86' lang='grc' dir='ltr'>Παρεκταθεῖσα</span> <span class='ocrx_word' id='word_1_481' title='bbox 883 3092 1013 3161; x_wconf 79' lang='grc' dir='ltr'>γοῦν</span> <span class='ocrx_word' id='word_1_482' title='bbox 1049 3094 1105 3161; x_wconf 80' lang='grc' dir='ltr'>ἐξ</span> <span class='ocrx_word' id='word_1_483' title='bbox 1135 3096 1343 3150; x_wconf 79' lang='grc' dir='ltr'>ἐκείνου</span> <span class='ocrx_word' id='word_1_484' title='bbox 1373 3099 1406 3169; x_wconf 80' lang='grc' dir='ltr'><strong>ἡ</strong></span> <span class='ocrx_word' id='word_1_485' title='bbox 1435 3100 1492 3152; x_wconf 82' lang='grc' dir='ltr'><strong>ἐν</strong></span> <span class='ocrx_word' id='word_1_486' title='bbox 1523 3097 1828 3172; x_wconf 87' lang='grc' dir='ltr'>ἀνθρώποις</span> 
     </span>
    </p>
   </div>
   <div class='ocr_carea' id='block_1_62' title="bbox 1935 3087 3499 3183">
    <p class='ocr_par' dir='ltr' id='par_1_62' title="bbox 1935 3090 3499 3168">
     <span class='ocr_line' id='line_1_62' title="bbox 1935 3090 3499 3168; baseline -0.007 -13"><span class='ocrx_word' id='word_1_487' title='bbox 1935 3098 2240 3168; x_wconf 83' lang='lat' dir='ltr'><strong>praebuerit,</strong></span> <span class='ocrx_word' id='word_1_488' title='bbox 2266 3099 2580 3154; x_wconf 88' lang='lat' dir='ltr'><strong>hominibus</strong></span> <span class='ocrx_word' id='word_1_489' title='bbox 2617 3096 2785 3168; x_wconf 89' lang='lat' dir='ltr'><strong>coepit</strong></span> <span class='ocrx_word' id='word_1_490' title='bbox 2820 3110 2945 3151; x_wconf 91' lang='lat' dir='ltr'><strong>esse</strong></span> <span class='ocrx_word' id='word_1_491' title='bbox 2973 3091 3268 3149; x_wconf 76' lang='lat' dir='ltr'><strong>beneﬁcus.</strong></span> <span class='ocrx_word' id='word_1_492' title='bbox 3299 3090 3377 3145; x_wconf 80' lang='lat' dir='ltr'><strong>Ex</strong></span> <span class='ocrx_word' id='word_1_493' title='bbox 3406 3091 3499 3145; x_wconf 85' lang='lat' dir='ltr'><strong>illo</strong></span> 
     </span>
    </p>
   </div>
   <div class='ocr_carea' id='block_1_63' title="bbox 264 3177 1829 3262">
    <p class='ocr_par' dir='ltr' id='par_1_63' title="bbox 264 3177 1829 3262">
     <span class='ocr_line' id='line_1_63' title="bbox 264 3177 1829 3262; baseline 0.012 -33"><span class='ocrx_word' id='word_1_494' title='bbox 264 3177 515 3247; x_wconf 85' lang='grc' dir='ltr'>βασιλεία</span> <span class='ocrx_word' id='word_1_495' title='bbox 563 3181 749 3248; x_wconf 82' lang='grc' dir='ltr'>αὐτοῦ,</span> <span class='ocrx_word' id='word_1_496' title='bbox 788 3183 970 3255; x_wconf 81' lang='grc' dir='ltr'>διῆλθε</span> <span class='ocrx_word' id='word_1_497' title='bbox 1019 3186 1136 3240; x_wconf 84' lang='grc' dir='ltr'>καθ’</span> <span class='ocrx_word' id='word_1_498' title='bbox 1186 3186 1314 3260; x_wconf 83' lang='grc' dir='ltr'>ὅλης</span> <span class='ocrx_word' id='word_1_499' title='bbox 1339 3190 1438 3261; x_wconf 85' lang='grc' dir='ltr'><strong>τῆς</strong></span> <span class='ocrx_word' id='word_1_500' title='bbox 1487 3190 1829 3262; x_wconf 82' lang='grc' dir='ltr'>οἰκουμένης·</span> 
     </span>
    </p>
   </div>
   <div class='ocr_carea' id='block_1_64' title="bbox 261 3266 1832 3353">
    <p class='ocr_par' dir='ltr' id='par_1_64' title="bbox 261 3266 1832 3353">
     <span class='ocr_line' id='line_1_64' title="bbox 261 3266 1832 3353; baseline 0.011 -33"><span class='ocrx_word' id='word_1_501' title='bbox 261 3266 499 3323; x_wconf 83' lang='grc' dir='ltr'>Λιϐάνου</span> <span class='ocrx_word' id='word_1_502' title='bbox 529 3269 587 3325; x_wconf 84' lang='grc' dir='ltr'><strong>δέ</strong></span> <span class='ocrx_word' id='word_1_503' title='bbox 631 3272 1020 3347; x_wconf 82' lang='grc' dir='ltr'>ὲπινοουμένης</span> <span class='ocrx_word' id='word_1_504' title='bbox 1064 3278 1163 3349; x_wconf 80' lang='grc' dir='ltr'>τῆς</span> <span class='ocrx_word' id='word_1_505' title='bbox 1202 3279 1573 3353; x_wconf 74' lang='grc' dir='ltr'>Ἰερουσαλὴμ,</span> <span class='ocrx_word' id='word_1_506' title='bbox 1606 3283 1682 3346; x_wconf 84' lang='grc' dir='ltr'>ὠς</span> <span class='ocrx_word' id='word_1_507' title='bbox 1724 3283 1832 3337; x_wconf 83' lang='grc' dir='ltr'>ἀπὸ</span> 
     </span>
    </p>
   </div>
   <div class='ocr_carea' id='block_1_65' title="bbox 262 3359 1833 3439">
    <p class='ocr_par' dir='ltr' id='par_1_65' title="bbox 262 3359 1833 3439">
     <span class='ocr_line' id='line_1_65' title="bbox 262 3359 1833 3439; baseline 0.011 -28"><span class='ocrx_word' id='word_1_508' title='bbox 262 3359 530 3415; x_wconf 77' lang='grc' dir='ltr'>πλείστων</span> <span class='ocrx_word' id='word_1_509' title='bbox 582 3363 722 3417; x_wconf 84' lang='grc' dir='ltr'>ὅσων</span> <span class='ocrx_word' id='word_1_510' title='bbox 779 3368 1123 3439; x_wconf 81' lang='grc' dir='ltr'>προφητειῶν</span> <span class='ocrx_word' id='word_1_511' title='bbox 1175 3371 1589 3439; x_wconf 86' lang='grc' dir='ltr'>ἀποδείκνυται,</span> <span class='ocrx_word' id='word_1_512' title='bbox 1638 3372 1727 3427; x_wconf 83' lang='grc' dir='ltr'>διὰ</span> <span class='ocrx_word' id='word_1_513' title='bbox 1771 3374 1833 3428; x_wconf 82' lang='grc' dir='ltr'>τὸ</span> 
     </span>
    </p>
   </div>
   <div class='ocr_carea' id='block_1_66' title="bbox 261 3448 1832 3537">
    <p class='ocr_par' dir='ltr' id='par_1_66' title="bbox 261 3448 1832 3537">
     <span class='ocr_line' id='line_1_66' title="bbox 261 3448 1832 3537; baseline 0.013 -36"><span class='ocrx_word' id='word_1_514' title='bbox 261 3448 433 3503; x_wconf 81' lang='grc' dir='ltr'>πάλαι</span> <span class='ocrx_word' id='word_1_515' title='bbox 467 3452 526 3505; x_wconf 84' lang='grc' dir='ltr'>ὲν</span> <span class='ocrx_word' id='word_1_516' title='bbox 559 3453 696 3526; x_wconf 78' lang='grc' dir='ltr'>αὐτῇ</span> <span class='ocrx_word' id='word_1_517' title='bbox 726 3455 994 3528; x_wconf 88' lang='grc' dir='ltr'>ἀγίασμα,</span> <span class='ocrx_word' id='word_1_518' title='bbox 1026 3459 1204 3514; x_wconf 80' lang='grc' dir='ltr'>καὶτὸ</span> <span class='ocrx_word' id='word_1_519' title='bbox 1234 3460 1638 3537; x_wconf 81' lang='grc' dir='ltr'>θυσιαστήριον,</span> <span class='ocrx_word' id='word_1_520' title='bbox 1676 3467 1747 3521; x_wconf 87' lang='grc' dir='ltr'><strong>τά</strong></span> <span class='ocrx_word' id='word_1_521' title='bbox 1772 3483 1832 3520; x_wconf 85' lang='grc' dir='ltr'><strong>τε</strong></span> 
     </span>
    </p>
   </div>
   <div class='ocr_carea' id='block_1_67' title="bbox 261 3543 1834 3628">
    <p class='ocr_par' dir='ltr' id='par_1_67' title="bbox 261 3543 1834 3628">
     <span class='ocr_line' id='line_1_67' title="bbox 261 3543 1834 3628; baseline 0.008 -31"><span class='ocrx_word' id='word_1_522' title='bbox 261 3543 356 3597; x_wconf 76' lang='grc' dir='ltr'>ἐπὶ</span> <span class='ocrx_word' id='word_1_523' title='bbox 381 3543 557 3616; x_wconf 78' lang='grc' dir='ltr'>τούτῳ</span> <span class='ocrx_word' id='word_1_524' title='bbox 602 3547 684 3610; x_wconf 90' lang='grc' dir='ltr'><strong>είς</strong></span> <span class='ocrx_word' id='word_1_525' title='bbox 722 3548 885 3620; x_wconf 81' lang='grc' dir='ltr'>τιμὴν</span> <span class='ocrx_word' id='word_1_526' title='bbox 921 3550 1298 3624; x_wconf 82' lang='grc' dir='ltr'>ἀναφερόμενα</span> <span class='ocrx_word' id='word_1_527' title='bbox 1336 3554 1549 3609; x_wconf 84' lang='grc' dir='ltr'>λιϐάνου</span> <span class='ocrx_word' id='word_1_528' title='bbox 1577 3556 1730 3628; x_wconf 87' lang='grc' dir='ltr'>δίκην</span> <span class='ocrx_word' id='word_1_529' title='bbox 1756 3558 1834 3628; x_wconf 80' lang='grc' dir='ltr'><strong>τῷ</strong></span> 
     </span>
    </p>
   </div>
   <div class='ocr_carea' id='block_1_68' title="bbox 260 3631 1835 3718">
    <p class='ocr_par' dir='ltr' id='par_1_68' title="bbox 260 3631 1835 3718">
     <span class='ocr_line' id='line_1_68' title="bbox 260 3631 1835 3718; baseline 0.01 -33"><span class='ocrx_word' id='word_1_530' title='bbox 260 3631 404 3704; x_wconf 82' lang='grc' dir='ltr'>Θεῷ,</span> <span class='ocrx_word' id='word_1_531' title='bbox 432 3634 462 3686; x_wconf 90' lang='lat'><strong>6</strong></span> <span class='ocrx_word' id='word_1_532' title='bbox 498 3635 591 3690; x_wconf 81' lang='grc' dir='ltr'>τοῦ</span> <span class='ocrx_word' id='word_1_533' title='bbox 635 3634 871 3709; x_wconf 79' lang='grc' dir='ltr'>Χριστοῦ</span> <span class='ocrx_word' id='word_1_534' title='bbox 907 3641 1113 3711; x_wconf 84' lang='grc' dir='ltr'>καρπὸς</span> <span class='ocrx_word' id='word_1_535' title='bbox 1153 3644 1186 3714; x_wconf 80' lang='grc' dir='ltr'><strong>ἡ</strong></span> <span class='ocrx_word' id='word_1_536' title='bbox 1231 3643 1290 3710; x_wconf 82' lang='grc' dir='ltr'>ἐξ</span> <span class='ocrx_word' id='word_1_537' title='bbox 1337 3643 1503 3698; x_wconf 81' lang='grc' dir='ltr'>ἐθνῶν</span> <span class='ocrx_word' id='word_1_538' title='bbox 1543 3645 1835 3718; x_wconf 70' lang='grc' dir='ltr'>Ἐκκλησία</span> 
     </span>
    </p>
   </div>
   <div class='ocr_carea' id='block_1_69' title="bbox 260 3724 1834 3809">
    <p class='ocr_par' dir='ltr' id='par_1_69' title="bbox 260 3724 1834 3809">
     <span class='ocr_line' id='line_1_69' title="bbox 260 3724 1834 3809; baseline 0.01 -33"><span class='ocrx_word' id='word_1_539' title='bbox 260 3724 407 3796; x_wconf 78' lang='grc' dir='ltr'>ὑπὲρ</span> <span class='ocrx_word' id='word_1_540' title='bbox 432 3725 525 3780; x_wconf 71' lang='grc' dir='ltr'><strong>τὸν</strong></span> <span class='ocrx_word' id='word_1_541' title='bbox 556 3726 785 3784; x_wconf 86' lang='grc' dir='ltr'>Λίϐανον</span> <span class='ocrx_word' id='word_1_542' title='bbox 820 3730 1151 3803; x_wconf 85' lang='grc' dir='ltr'>ἀρθήσεσθαι</span> <span class='ocrx_word' id='word_1_543' title='bbox 1186 3733 1517 3800; x_wconf 77' lang='grc' dir='ltr'>θεσπίζεται.</span> <span class='ocrx_word' id='word_1_544' title='bbox 1556 3738 1679 3791; x_wconf 78' lang='grc' dir='ltr'><strong>Ἐπὶ</strong></span> <span class='ocrx_word' id='word_1_545' title='bbox 1709 3755 1834 3809; x_wconf 83' lang='grc' dir='ltr'>σχο-</span> 
     </span>
    </p>
   </div>
   <div class='ocr_carea' id='block_1_70' title="bbox 261 3816 1833 3900">
    <p class='ocr_par' dir='ltr' id='par_1_70' title="bbox 261 3816 1833 3900">
     <span class='ocr_line' id='line_1_70' title="bbox 261 3816 1833 3900; baseline 0.009 -31"><span class='ocrx_word' id='word_1_546' title='bbox 261 3816 365 3887; x_wconf 64' lang='grc' dir='ltr'><strong>λῆς</strong></span> <span class='ocrx_word' id='word_1_547' title='bbox 393 3817 438 3871; x_wconf 82' lang='grc' dir='ltr'>δ’</span> <span class='ocrx_word' id='word_1_548' title='bbox 474 3818 541 3871; x_wconf 80' lang='grc' dir='ltr'>ἂν</span> <span class='ocrx_word' id='word_1_549' title='bbox 564 3820 593 3872; x_wconf 90' lang='lat'><strong>6</strong></span> <span class='ocrx_word' id='word_1_550' title='bbox 617 3819 923 3893; x_wconf 83' lang='grc' dir='ltr'>φιλομαθὴς</span> <span class='ocrx_word' id='word_1_551' title='bbox 959 3823 1137 3896; x_wconf 81' lang='grc' dir='ltr'>ἐαυτῷ</span> <span class='ocrx_word' id='word_1_552' title='bbox 1169 3825 1260 3879; x_wconf 79' lang='grc' dir='ltr'>τὸν</span> <span class='ocrx_word' id='word_1_553' title='bbox 1290 3826 1501 3897; x_wconf 71' lang='grc' dir='ltr'>ψαλμὸν</span> <span class='ocrx_word' id='word_1_554' title='bbox 1527 3828 1663 3900; x_wconf 86' lang='grc' dir='ltr'>πρὸς</span> <span class='ocrx_word' id='word_1_555' title='bbox 1691 3829 1833 3895; x_wconf 80' lang='grc' dir='ltr'>λέξιν</span> 
     </span>
    </p>
   </div>
   <div class='ocr_carea' id='block_1_71' title="bbox 265 3906 1835 3992">
    <p class='ocr_par' dir='ltr' id='par_1_71' title="bbox 265 3906 1835 3992">
     <span class='ocr_line' id='line_1_71' title="bbox 265 3906 1835 3992; baseline 0.01 -33"><span class='ocrx_word' id='word_1_556' title='bbox 265 3906 586 3978; x_wconf 86' lang='grc' dir='ltr'>βασανίσας,</span> <span class='ocrx_word' id='word_1_557' title='bbox 634 3912 781 3984; x_wconf 81' lang='grc' dir='ltr'>μόνῳ</span> <span class='ocrx_word' id='word_1_558' title='bbox 826 3912 905 3985; x_wconf 85' lang='grc' dir='ltr'>τῷ</span> <span class='ocrx_word' id='word_1_559' title='bbox 950 3914 1203 3988; x_wconf 77' lang='grc' dir='ltr'>ἡμετέρῳ</span> <span class='ocrx_word' id='word_1_560' title='bbox 1257 3918 1446 3990; x_wconf 82' lang='grc' dir='ltr'>Κυρίῳ</span> <span class='ocrx_word' id='word_1_561' title='bbox 1485 3917 1554 3972; x_wconf 81' lang='grc' dir='ltr'><strong>τὰ</strong></span> <span class='ocrx_word' id='word_1_562' title='bbox 1585 3921 1644 3973; x_wconf 84' lang='grc' dir='ltr'><strong>ἐν</strong></span> <span class='ocrx_word' id='word_1_563' title='bbox 1687 3920 1835 3992; x_wconf 81' lang='grc' dir='ltr'>αὐτῷ</span> 
     </span>
    </p>
   </div>
   <div class='ocr_carea' id='block_1_72' title="bbox 262 4005 1834 4085">
    <p class='ocr_par' dir='ltr' id='par_1_72' title="bbox 262 4005 1834 4085">
     <span class='ocr_line' id='line_1_72' title="bbox 262 4005 1834 4085; baseline 0.008 -30"><span class='ocrx_word' id='word_1_564' title='bbox 262 4005 564 4077; x_wconf 85' lang='grc' dir='ltr'>προσήκειν</span> <span class='ocrx_word' id='word_1_565' title='bbox 608 4006 984 4079; x_wconf 81' lang='grc' dir='ltr'>ὁμολογήσειεν</span> <span class='ocrx_word' id='word_1_566' title='bbox 1028 4009 1112 4064; x_wconf 83' lang='grc' dir='ltr'>ἀν’</span> <span class='ocrx_word' id='word_1_567' title='bbox 1163 4009 1299 4065; x_wconf 86' lang='grc' dir='ltr'><strong>ἀλλά</strong></span> <span class='ocrx_word' id='word_1_568' title='bbox 1337 4009 1460 4064; x_wconf 79' lang='grc' dir='ltr'>οὔτε</span> <span class='ocrx_word' id='word_1_569' title='bbox 1504 4011 1583 4084; x_wconf 82' lang='grc' dir='ltr'><strong>τῷ</strong></span> <span class='ocrx_word' id='word_1_570' title='bbox 1624 4013 1834 4085; x_wconf 84' lang='grc' dir='ltr'>παλαιῷ</span> 
     </span>
    </p>
   </div>
   <div class='ocr_carea' id='block_1_73' title="bbox 258 4095 1835 4176">
    <p class='ocr_par' dir='ltr' id='par_1_73' title="bbox 258 4095 1835 4176">
     <span class='ocr_line' id='line_1_73' title="bbox 258 4095 1835 4176; baseline 0.008 -29"><span class='ocrx_word' id='word_1_571' title='bbox 258 4095 559 4166; x_wconf 58' lang='grc' dir='ltr'>Σθλομῶνι,</span> <span class='ocrx_word' id='word_1_572' title='bbox 610 4096 733 4152; x_wconf 79' lang='grc' dir='ltr'>οὔτε</span> <span class='ocrx_word' id='word_1_573' title='bbox 785 4099 954 4172; x_wconf 79' lang='grc' dir='ltr'>ἑτέρῳ</span> <span class='ocrx_word' id='word_1_574' title='bbox 999 4100 1108 4154; x_wconf 87' lang='grc' dir='ltr'><strong>τῶν</strong></span> <span class='ocrx_word' id='word_1_575' title='bbox 1190 4102 1307 4173; x_wconf 79' lang='grc' dir='ltr'>μετ’</span> <span class='ocrx_word' id='word_1_576' title='bbox 1364 4103 1526 4157; x_wconf 80' lang='grc' dir='ltr'>αὐτὸν</span> <span class='ocrx_word' id='word_1_577' title='bbox 1575 4103 1835 4176; x_wconf 84' lang='grc' dir='ltr'>βασιλέων</span> 
     </span>
    </p>
   </div>
   <div class='ocr_carea' id='block_1_74' title="bbox 260 4187 1834 4265">
    <p class='ocr_par' dir='ltr' id='par_1_74' title="bbox 260 4187 1834 4265">
     <span class='ocr_line' id='line_1_74' title="bbox 260 4187 1834 4265; baseline 0.008 -26"><span class='ocrx_word' id='word_1_578' title='bbox 260 4187 386 4251; x_wconf 82' lang='grc' dir='ltr'>ἐνὸς</span> <span class='ocrx_word' id='word_1_579' title='bbox 431 4187 620 4253; x_wconf 77' lang='grc' dir='ltr'>ἔθνους</span> <span class='ocrx_word' id='word_1_580' title='bbox 654 4189 763 4243; x_wconf 86' lang='grc' dir='ltr'><strong>τῶν</strong></span> <span class='ocrx_word' id='word_1_581' title='bbox 803 4191 1069 4247; x_wconf 87' lang='grc' dir='ltr'>Ἰουδαίων</span> <span class='ocrx_word' id='word_1_582' title='bbox 1095 4192 1393 4265; x_wconf 84' lang='grc' dir='ltr'>ἀρξάντων,</span> <span class='ocrx_word' id='word_1_583' title='bbox 1428 4197 1519 4250; x_wconf 76' lang='grc' dir='ltr'>καὶ</span> <span class='ocrx_word' id='word_1_584' title='bbox 1551 4198 1612 4251; x_wconf 80' lang='grc' dir='ltr'>οὐ</span> <span class='ocrx_word' id='word_1_585' title='bbox 1651 4197 1834 4252; x_wconf 87' lang='grc' dir='ltr'>πλεῖον</span> 
     </span>
    </p>
   </div>
   <div class='ocr_carea' id='block_1_75' title="bbox 258 4277 1834 4362">
    <p class='ocr_par' dir='ltr' id='par_1_75' title="bbox 258 4277 1834 4362">
     <span class='ocr_line' id='line_1_75' title="bbox 258 4277 1834 4362; baseline 0.01 -32"><span class='ocrx_word' id='word_1_586' title='bbox 258 4277 563 4348; x_wconf 84' lang='grc' dir='ltr'>ὀλιγοστῶν</span> <span class='ocrx_word' id='word_1_587' title='bbox 609 4279 814 4348; x_wconf 85' lang='grc' dir='ltr'>ἐθνῶν,</span> <span class='ocrx_word' id='word_1_588' title='bbox 860 4284 954 4337; x_wconf 76' lang='grc' dir='ltr'>καὶ</span> <span class='ocrx_word' id='word_1_589' title='bbox 1004 4285 1112 4338; x_wconf 76' lang='grc' dir='ltr'>οὐδ’</span> <span class='ocrx_word' id='word_1_590' title='bbox 1141 4286 1224 4354; x_wconf 74' lang='grc' dir='ltr'><strong>ἐφ’</strong></span> <span class='ocrx_word' id='word_1_591' title='bbox 1254 4287 1446 4360; x_wconf 79' lang='grc' dir='ltr'>ἑτέρας</span> <span class='ocrx_word' id='word_1_592' title='bbox 1481 4288 1516 4361; x_wconf 80' lang='grc' dir='ltr'><strong>ἦ</strong></span> <span class='ocrx_word' id='word_1_593' title='bbox 1544 4289 1709 4362; x_wconf 84' lang='grc' dir='ltr'>μόνης</span> <span class='ocrx_word' id='word_1_594' title='bbox 1734 4291 1834 4362; x_wconf 81' lang='grc' dir='ltr'>τῆς</span> 
     </span>
    </p>
   </div>
   <div class='ocr_carea' id='block_1_76' title="bbox 274 4368 685 4444">
    <p class='ocr_par' dir='ltr' id='par_1_76' title="bbox 274 4368 685 4444">
     <span class='ocr_line' id='line_1_76' title="bbox 274 4368 685 4444; baseline 0.012 -22"><span class='ocrx_word' id='word_1_595' title='bbox 274 4368 539 4434; x_wconf 87' lang='grc' dir='ltr'>Ἰουδαίας</span> <span class='ocrx_word' id='word_1_596' title='bbox 563 4371 685 4444; x_wconf 81' lang='grc' dir='ltr'>γῆς.</span> 
     </span>
    </p>
   </div>
   <div class='ocr_carea' id='block_1_77' title="bbox 270 4573 1832 4665">
    <p class='ocr_par' dir='ltr' id='par_1_77' title="bbox 270 4573 1832 4665">
     <span class='ocr_line' id='line_1_77' title="bbox 270 4573 1832 4665; baseline 0.008 -33"><span class='ocrx_word' id='word_1_597' title='bbox 270 4573 422 4633; x_wconf 76' lang='grc' dir='ltr'><strong>Ἀπὸ</strong></span> <span class='ocrx_word' id='word_1_598' title='bbox 463 4579 572 4633; x_wconf 85' lang='grc' dir='ltr'>τοῦ</span> <span class='ocrx_word' id='word_1_599' title='bbox 609 4581 869 4665; x_wconf 68' lang='grc' dir='ltr'>ᾙσαΐου,</span> <span class='ocrx_word' id='word_1_600' title='bbox 893 4586 1127 4665; x_wconf 39' lang='grc' dir='ltr'><strong>-ιπερὶ</strong></span> <span class='ocrx_word' id='word_1_601' title='bbox 1177 4586 1425 4665; x_wconf 63' lang='grc' dir='ltr'>Ἰεσσαὶ,</span> <span class='ocrx_word' id='word_1_602' title='bbox 1467 4588 1563 4642; x_wconf 79' lang='grc' dir='ltr'>καὶ</span> <span class='ocrx_word' id='word_1_603' title='bbox 1606 4590 1711 4644; x_wconf 84' lang='grc' dir='ltr'>τοῦ</span> <span class='ocrx_word' id='word_1_604' title='bbox 1761 4591 1832 4645; x_wconf 82' lang='grc' dir='ltr'><strong>ἐκ</strong></span> 
     </span>
    </p>
   </div>
   <div class='ocr_carea' id='block_1_78' title="bbox 545 4650 1553 4728">
    <p class='ocr_par' dir='ltr' id='par_1_78' title="bbox 545 4650 1553 4728">
     <span class='ocr_line' id='line_1_78' title="bbox 545 4650 1553 4728; baseline 0.011 -26"><span class='ocrx_word' id='word_1_605' title='bbox 545 4650 883 4721; x_wconf 76' lang='grc' dir='ltr'>σπέρματος</span> <span class='ocrx_word' id='word_1_606' title='bbox 911 4650 1097 4708; x_wconf 78' lang='grc' dir='ltr'>αὐτοῦ</span> <span class='ocrx_word' id='word_1_607' title='bbox 1129 4657 1553 4728; x_wconf 78' lang='grc' dir='ltr'>γενησομένου.</span> 
     </span>
    </p>
   </div>
   <div class='ocr_carea' id='block_1_79' title="bbox 333 4762 1831 4844">
    <p class='ocr_par' dir='ltr' id='par_1_79' title="bbox 333 4762 1831 4844">
     <span class='ocr_line' id='line_1_79' title="bbox 333 4762 1831 4844; baseline 0.007 -30"><span class='ocrx_word' id='word_1_608' title='bbox 333 4780 358 4814; x_wconf 70' lang='grc' dir='ltr'><strong>ι</strong></span> <span class='ocrx_word' id='word_1_609' title='bbox 395 4762 509 4816; x_wconf 81' lang='grc' dir='ltr'>Καὶ</span> <span class='ocrx_word' id='word_1_610' title='bbox 540 4763 878 4828; x_wconf 81' lang='grc' dir='ltr'>ἐξελεύσεται</span> <span class='ocrx_word' id='word_1_611' title='bbox 924 4768 1118 4839; x_wconf 78' lang='grc' dir='ltr'>ῥάϐδος</span> <span class='ocrx_word' id='word_1_612' title='bbox 1163 4772 1228 4823; x_wconf 84' lang='grc' dir='ltr'><strong>ἐκ</strong></span> <span class='ocrx_word' id='word_1_613' title='bbox 1270 4771 1369 4842; x_wconf 79' lang='grc' dir='ltr'>τῆς</span> <span class='ocrx_word' id='word_1_614' title='bbox 1413 4771 1568 4844; x_wconf 72' lang='grc' dir='ltr'>ῥίζης</span> <span class='ocrx_word' id='word_1_615' title='bbox 1604 4773 1831 4837; x_wconf 77' lang='grc' dir='ltr'>Ἰεσσαὶ,</span> 
     </span>
    </p>
   </div>
   <div class='ocr_carea' id='block_1_80' title="bbox 255 4851 1831 4931">
    <p class='ocr_par' dir='ltr' id='par_1_80' title="bbox 255 4851 1831 4931">
     <span class='ocr_line' id='line_1_80' title="bbox 255 4851 1831 4931; baseline 0.009 -27"><span class='ocrx_word' id='word_1_616' title='bbox 255 4851 357 4904; x_wconf 79' lang='grc' dir='ltr'>καὶ</span> <span class='ocrx_word' id='word_1_617' title='bbox 386 4851 547 4918; x_wconf 81' lang='grc' dir='ltr'>ἄνθος</span> <span class='ocrx_word' id='word_1_618' title='bbox 575 4857 640 4908; x_wconf 82' lang='grc' dir='ltr'>ὲκ</span> <span class='ocrx_word' id='word_1_619' title='bbox 674 4856 775 4926; x_wconf 84' lang='grc' dir='ltr'>τῆς</span> <span class='ocrx_word' id='word_1_620' title='bbox 819 4857 974 4929; x_wconf 80' lang='grc' dir='ltr'>ῥίζης</span> <span class='ocrx_word' id='word_1_621' title='bbox 1016 4860 1364 4931; x_wconf 80' lang='grc' dir='ltr'>ἀναϐήσεται,</span> <span class='ocrx_word' id='word_1_622' title='bbox 1400 4863 1493 4916; x_wconf 77' lang='grc' dir='ltr'>καὶ</span> <span class='ocrx_word' id='word_1_623' title='bbox 1514 4864 1831 4918; x_wconf 84' lang='grc' dir='ltr'>ἐπαναπαύ-</span> 
     </span>
    </p>
   </div>
   <div class='ocr_carea' id='block_1_81' title="bbox 258 4942 1833 5023">
    <p class='ocr_par' dir='ltr' id='par_1_81' title="bbox 258 4942 1833 5023">
     <span class='ocr_line' id='line_1_81' title="bbox 258 4942 1833 5023; baseline 0.007 -27"><span class='ocrx_word' id='word_1_624' title='bbox 258 4960 418 4997; x_wconf 87' lang='grc' dir='ltr'>σεται</span> <span class='ocrx_word' id='word_1_625' title='bbox 468 4946 564 4998; x_wconf 74' lang='grc' dir='ltr'>ἐπὶ</span> <span class='ocrx_word' id='word_1_626' title='bbox 607 4947 769 5000; x_wconf 80' lang='grc' dir='ltr'>αὐτὸν</span> <span class='ocrx_word' id='word_1_627' title='bbox 812 4948 1032 5019; x_wconf 81' lang='grc' dir='ltr'>πνεῦμα</span> <span class='ocrx_word' id='word_1_628' title='bbox 1060 4950 1214 5014; x_wconf 81' lang='grc' dir='ltr'>Θεοῦ,</span> <span class='ocrx_word' id='word_1_629' title='bbox 1262 4952 1478 5023; x_wconf 77' lang='grc' dir='ltr'>πνεῦμα</span> <span class='ocrx_word' id='word_1_630' title='bbox 1517 4942 1708 5022; x_wconf 79' lang='grc' dir='ltr'>σοφίας</span> <span class='ocrx_word' id='word_1_631' title='bbox 1738 4957 1833 5009; x_wconf 74' lang='grc' dir='ltr'><strong>καὶ</strong></span> 
     </span>
    </p>
   </div>
   <div class='ocr_carea' id='block_1_82' title="bbox 257 5036 1835 5115">
    <p class='ocr_par' dir='ltr' id='par_1_82' title="bbox 257 5036 1835 5115">
     <span class='ocr_line' id='line_1_82' title="bbox 257 5036 1835 5115; baseline 0.005 -25"><span class='ocrx_word' id='word_1_632' title='bbox 257 5036 557 5104; x_wconf 88' lang='grc' dir='ltr'>συνέσεως,</span> <span class='ocrx_word' id='word_1_633' title='bbox 594 5039 810 5110; x_wconf 81' lang='grc' dir='ltr'>πνεῦμα</span> <span class='ocrx_word' id='word_1_634' title='bbox 848 5039 1043 5114; x_wconf 83' lang='grc' dir='ltr'>βουλῆς</span> <span class='ocrx_word' id='word_1_635' title='bbox 1079 5041 1171 5097; x_wconf 64' lang='grc' dir='ltr'><strong>καὶ⁴</strong></span> <span class='ocrx_word' id='word_1_636' title='bbox 1207 5042 1422 5114; x_wconf 76' lang='grc' dir='ltr'>ἰσχύος,</span> <span class='ocrx_word' id='word_1_637' title='bbox 1452 5043 1672 5115; x_wconf 84' lang='grc' dir='ltr'>πνεῦμα</span> <span class='ocrx_word' id='word_1_638' title='bbox 1697 5045 1835 5114; x_wconf 82' lang='grc' dir='ltr'><strong>γνὼ-</strong></span> 
     </span>
    </p>
   </div>
   <div class='ocr_carea' id='block_1_83' title="bbox 257 5132 1832 5207">
    <p class='ocr_par' dir='ltr' id='par_1_83' title="bbox 257 5132 1832 5207">
     <span class='ocr_line' id='line_1_83' title="bbox 257 5132 1832 5207; baseline 0.003 -23"><span class='ocrx_word' id='word_1_639' title='bbox 257 5146 402 5194; x_wconf 79' lang='grc' dir='ltr'>σεως</span> <span class='ocrx_word' id='word_1_640' title='bbox 450 5132 545 5185; x_wconf 79' lang='grc' dir='ltr'>καὶ</span> <span class='ocrx_word' id='word_1_641' title='bbox 586 5132 886 5197; x_wconf 78' lang='grc' dir='ltr'>εὐσεϐείαςο</span> <span class='ocrx_word' id='word_1_642' title='bbox 928 5134 1195 5206; x_wconf 83' lang='grc' dir='ltr'>ἐμπλήσει</span> <span class='ocrx_word' id='word_1_643' title='bbox 1228 5134 1389 5190; x_wconf 84' lang='grc' dir='ltr'>αὐτὸν</span> <span class='ocrx_word' id='word_1_644' title='bbox 1426 5134 1642 5207; x_wconf 81' lang='grc' dir='ltr'>πνεῦμα</span> <span class='ocrx_word' id='word_1_645' title='bbox 1669 5136 1832 5207; x_wconf 83' lang='grc' dir='ltr'>φόϐου</span> 
     </span>
    </p>
   </div>
   <div class='ocr_carea' id='block_1_84' title="bbox 255 5220 1834 5298">
    <p class='ocr_par' dir='ltr' id='par_1_84' title="bbox 255 5220 1834 5298">
     <span class='ocr_line' id='line_1_84' title="bbox 255 5220 1834 5298; baseline 0.005 -24"><span class='ocrx_word' id='word_1_646' title='bbox 255 5220 414 5275; x_wconf 84' lang='grc' dir='ltr'>Θεοῦ.</span> <span class='ocrx_word' id='word_1_647' title='bbox 447 5222 524 5276; x_wconf 85' lang='grc' dir='ltr'><strong>Οὐ</strong></span> <span class='ocrx_word' id='word_1_648' title='bbox 574 5223 714 5277; x_wconf 89' lang='grc' dir='ltr'><strong>κατά</strong></span> <span class='ocrx_word' id='word_1_649' title='bbox 754 5224 855 5295; x_wconf 82' lang='grc' dir='ltr'>τὴν</span> <span class='ocrx_word' id='word_1_650' title='bbox 893 5223 1053 5289; x_wconf 77' lang='grc' dir='ltr'>δόξαν</span> <span class='ocrx_word' id='word_1_651' title='bbox 1075 5229 1271 5298; x_wconf 82' lang='grc' dir='ltr'>κρινεῖ,</span> <span class='ocrx_word' id='word_1_652' title='bbox 1298 5227 1419 5280; x_wconf 82' lang='grc' dir='ltr'>οὐδὲ</span> <span class='ocrx_word' id='word_1_653' title='bbox 1450 5227 1592 5281; x_wconf 88' lang='grc' dir='ltr'><strong>κατά</strong></span> <span class='ocrx_word' id='word_1_654' title='bbox 1615 5228 1713 5298; x_wconf 83' lang='grc' dir='ltr'>τὴν</span> <span class='ocrx_word' id='word_1_655' title='bbox 1739 5228 1834 5282; x_wconf 83' lang='grc' dir='ltr'>λα-</span> 
     </span>
    </p>
   </div>
   <div class='ocr_carea' id='block_1_85' title="bbox 254 5311 1834 5388">
    <p class='ocr_par' dir='ltr' id='par_1_85' title="bbox 254 5311 1834 5388">
     <span class='ocr_line' id='line_1_85' title="bbox 254 5311 1834 5388; baseline 0.006 -24"><span class='ocrx_word' id='word_1_656' title='bbox 254 5311 379 5365; x_wconf 83' lang='grc' dir='ltr'><strong>λιάν</strong></span> <span class='ocrx_word' id='word_1_657' title='bbox 408 5311 639 5380; x_wconf 82' lang='grc' dir='ltr'>ἐλέγξει,</span> <span class='ocrx_word' id='word_1_658' title='bbox 666 5313 802 5368; x_wconf 90' lang='grc' dir='ltr'><strong>ἀλλά</strong></span> <span class='ocrx_word' id='word_1_659' title='bbox 830 5317 1007 5386; x_wconf 87' lang='grc' dir='ltr'>κρινεί</span> <span class='ocrx_word' id='word_1_660' title='bbox 1022 5315 1261 5387; x_wconf 88' lang='grc' dir='ltr'>ταπεινῷ</span> <span class='ocrx_word' id='word_1_661' title='bbox 1280 5317 1480 5388; x_wconf 83' lang='grc' dir='ltr'>κρίσιν,</span> <span class='ocrx_word' id='word_1_662' title='bbox 1508 5319 1602 5372; x_wconf 83' lang='grc' dir='ltr'>καὶ</span> <span class='ocrx_word' id='word_1_663' title='bbox 1625 5319 1834 5388; x_wconf 76' lang='grc' dir='ltr'>ἐλέγξει</span> 
     </span>
    </p>
   </div>
   <div class='ocr_carea' id='block_1_86' title="bbox 252 5406 1835 5485">
    <p class='ocr_par' dir='ltr' id='par_1_86' title="bbox 252 5406 1835 5485">
     <span class='ocr_line' id='line_1_86' title="bbox 252 5406 1835 5485; baseline 0.006 -27"><span class='ocrx_word' id='word_1_664' title='bbox 252 5406 383 5469; x_wconf 77' lang='grc' dir='ltr'>τοὺς</span> <span class='ocrx_word' id='word_1_665' title='bbox 424 5406 716 5469; x_wconf 81' lang='grc' dir='ltr'>ταπεινοὺς</span> <span class='ocrx_word' id='word_1_666' title='bbox 748 5406 844 5475; x_wconf 83' lang='grc' dir='ltr'>τῆς</span> <span class='ocrx_word' id='word_1_667' title='bbox 878 5407 1001 5476; x_wconf 86' lang='grc' dir='ltr'>γῆς.</span> <span class='ocrx_word' id='word_1_668' title='bbox 1036 5408 1146 5462; x_wconf 79' lang='grc' dir='ltr'><strong>Καὶ</strong></span> <span class='ocrx_word' id='word_1_669' title='bbox 1185 5407 1339 5464; x_wconf 69' lang='grc' dir='ltr'>ἔσται</span> <span class='ocrx_word' id='word_1_670' title='bbox 1365 5410 1676 5485; x_wconf 80' lang='grc' dir='ltr'>δικαιοσύνῃ</span> <span class='ocrx_word' id='word_1_671' title='bbox 1701 5412 1835 5478; x_wconf 74' lang='grc' dir='ltr'>ἐζω-</span> 
     </span>
    </p>
   </div>
   <div class='ocr_carea' id='block_1_87' title="bbox 257 5496 1834 5574">
    <p class='ocr_par' dir='ltr' id='par_1_87' title="bbox 257 5496 1834 5574">
     <span class='ocr_line' id='line_1_87' title="bbox 257 5496 1834 5574; baseline 0.007 -27"><span class='ocrx_word' id='word_1_672' title='bbox 257 5498 453 5566; x_wconf 82' lang='grc' dir='ltr'>σμένος</span> <span class='ocrx_word' id='word_1_673' title='bbox 477 5496 578 5568; x_wconf 82' lang='grc' dir='ltr'><strong>τὴν</strong></span> <span class='ocrx_word' id='word_1_674' title='bbox 616 5497 787 5566; x_wconf 83' lang='grc' dir='ltr'>ὀσφὺν</span> <span class='ocrx_word' id='word_1_675' title='bbox 830 5497 1018 5563; x_wconf 81' lang='grc' dir='ltr'>αὑτοῦ,</span> <span class='ocrx_word' id='word_1_676' title='bbox 1052 5498 1148 5553; x_wconf 64' lang='grc' dir='ltr'><strong>καὶ¹</strong></span> <span class='ocrx_word' id='word_1_677' title='bbox 1175 5498 1401 5571; x_wconf 76' lang='grc' dir='ltr'>ἀληθείᾳ</span> <span class='ocrx_word' id='word_1_678' title='bbox 1428 5501 1709 5574; x_wconf 79' lang='grc' dir='ltr'>είλημένος</span> <span class='ocrx_word' id='word_1_679' title='bbox 1735 5502 1834 5568; x_wconf 85' lang='grc' dir='ltr'>τὰς</span> 
     </span>
    </p>
   </div>
   <div class='ocr_carea' id='block_1_88' title="bbox 256 5584 1834 5663">
    <p class='ocr_par' dir='ltr' id='par_1_88' title="bbox 256 5584 1834 5663">
     <span class='ocr_line' id='line_1_88' title="bbox 256 5584 1834 5663; baseline 0.006 -25"><span class='ocrx_word' id='word_1_680' title='bbox 256 5584 497 5657; x_wconf 69' lang='grc' dir='ltr'>πλευράς</span> <span class='ocrx_word' id='word_1_681' title='bbox 546 5584 749 5651; x_wconf 82' lang='grc' dir='ltr'>αὐτοῦ,</span> <span class='ocrx_word' id='word_1_682' title='bbox 792 5587 886 5641; x_wconf 59' lang='grc' dir='ltr'><strong>καὶ¹</strong></span> <span class='ocrx_word' id='word_1_683' title='bbox 941 5586 1446 5661; x_wconf 80' lang='grc' dir='ltr'>συμϐοσκηθήσεται</span> <span class='ocrx_word' id='word_1_684' title='bbox 1499 5589 1675 5657; x_wconf 89' lang='grc' dir='ltr'>λύκος.</span> <span class='ocrx_word' id='word_1_685' title='bbox 1699 5593 1834 5663; x_wconf 85' lang='grc' dir='ltr'><strong>μετά</strong></span> 
     </span>
    </p>
   </div>
   <div class='ocr_carea' id='block_1_89' title="bbox 255 5679 1835 5756">
    <p class='ocr_par' dir='ltr' id='par_1_89' title="bbox 255 5679 1835 5756">
     <span class='ocr_line' id='line_1_89' title="bbox 255 5679 1835 5756; baseline 0.004 -24"><span class='ocrx_word' id='word_1_686' title='bbox 255 5680 450 5751; x_wconf 84' lang='grc' dir='ltr'>ἀρνὸς,</span> <span class='ocrx_word' id='word_1_687' title='bbox 497 5680 594 5733; x_wconf 80' lang='grc' dir='ltr'><strong>καί</strong></span> <span class='ocrx_word' id='word_1_688' title='bbox 640 5679 906 5751; x_wconf 73' lang='grc' dir='ltr'>πάρδαλις</span> <span class='ocrx_word' id='word_1_689' title='bbox 954 5681 1424 5738; x_wconf 85' lang='grc' dir='ltr'>συναναπαύσεται</span> <span class='ocrx_word' id='word_1_690' title='bbox 1478 5684 1650 5756; x_wconf 80' lang='grc' dir='ltr'>ἐρίφῳ</span> <span class='ocrx_word' id='word_1_691' title='bbox 1676 5724 1690 5748; x_wconf 91' lang='grc'><strong>,</strong></span> <span class='ocrx_word' id='word_1_692' title='bbox 1740 5686 1835 5739; x_wconf 75' lang='grc' dir='ltr'>καὶ</span> 
     </span>
    </p>
   </div>
   <div class='ocr_carea' id='block_1_90' title="bbox 259 5772 1835 5849">
    <p class='ocr_par' dir='ltr' id='par_1_90' title="bbox 259 5772 1835 5849">
     <span class='ocr_line' id='line_1_90' title="bbox 259 5772 1835 5849; baseline 0.002 -21"><span class='ocrx_word' id='word_1_693' title='bbox 259 5773 552 5848; x_wconf 80' lang='grc' dir='ltr'>μοσχάριον</span> <span class='ocrx_word' id='word_1_694' title='bbox 583 5773 680 5829; x_wconf 79' lang='grc' dir='ltr'>καὶ</span> <span class='ocrx_word' id='word_1_695' title='bbox 720 5772 856 5827; x_wconf 88' lang='grc' dir='ltr'>λέων</span> <span class='ocrx_word' id='word_1_696' title='bbox 899 5772 1014 5845; x_wconf 77' lang='grc' dir='ltr'>ἅμα</span> <span class='ocrx_word' id='word_1_697' title='bbox 1051 5775 1493 5849; x_wconf 77' lang='grc' dir='ltr'>βοσκηθήσονται.</span> <span class='ocrx_word' id='word_1_698' title='bbox 1536 5778 1645 5832; x_wconf 73' lang='grc' dir='ltr'><strong>Καὶ</strong></span> <span class='ocrx_word' id='word_1_699' title='bbox 1681 5775 1835 5831; x_wconf 77' lang='grc' dir='ltr'>ἔσται</span> 
     </span>
    </p>
   </div>
   <div class='ocr_carea' id='block_1_91' title="bbox 1931 3179 3500 3260">
    <p class='ocr_par' dir='ltr' id='par_1_91' title="bbox 1931 3179 3500 3260">
     <span class='ocr_line' id='line_1_91' title="bbox 1931 3179 3500 3260; baseline -0.009 -14"><span class='ocrx_word' id='word_1_700' title='bbox 1931 3203 2060 3260; x_wconf 88' lang='lat' dir='ltr'><strong>ergo</strong></span> <span class='ocrx_word' id='word_1_701' title='bbox 2088 3187 2390 3259; x_wconf 81' lang='lat' dir='ltr'><strong>profectum</strong></span> <span class='ocrx_word' id='word_1_702' title='bbox 2418 3187 2564 3242; x_wconf 91' lang='lat' dir='ltr'><strong>illius</strong></span> <span class='ocrx_word' id='word_1_703' title='bbox 2607 3187 2749 3241; x_wconf 91' lang='lat' dir='ltr'><strong>inter</strong></span> <span class='ocrx_word' id='word_1_704' title='bbox 2793 3184 3044 3239; x_wconf 78' lang='lat' dir='ltr'><strong>homines</strong></span> <span class='ocrx_word' id='word_1_705' title='bbox 3089 3196 3317 3253; x_wconf 80' lang='lat' dir='ltr'><strong>regnum</strong></span> <span class='ocrx_word' id='word_1_706' title='bbox 3372 3179 3500 3234; x_wconf 83' lang='lat' dir='ltr'><strong>uni-</strong></span> 
     </span>
    </p>
   </div>
   <div class='ocr_carea' id='block_1_92' title="bbox 1930 3273 3498 3351">
    <p class='ocr_par' dir='ltr' id='par_1_92' title="bbox 1930 3273 3498 3351">
     <span class='ocr_line' id='line_1_92' title="bbox 1930 3273 3498 3351; baseline -0.005 -16"><span class='ocrx_word' id='word_1_707' title='bbox 1930 3297 2143 3338; x_wconf 88' lang='lat' dir='ltr'><strong>versam</strong></span> <span class='ocrx_word' id='word_1_708' title='bbox 2177 3289 2377 3337; x_wconf 89' lang='lat' dir='ltr'><strong>terram</strong></span> <span class='ocrx_word' id='word_1_709' title='bbox 2415 3280 2745 3351; x_wconf 78' lang='lat' dir='ltr'><strong>peragravit.</strong></span> <span class='ocrx_word' id='word_1_710' title='bbox 2784 3276 2919 3333; x_wconf 88' lang='lat' dir='ltr'><strong>Cum</strong></span> <span class='ocrx_word' id='word_1_711' title='bbox 2948 3289 3080 3332; x_wconf 84' lang='lat' dir='ltr'><strong>vero</strong></span> <span class='ocrx_word' id='word_1_712' title='bbox 3106 3290 3203 3346; x_wconf 90' lang='lat' dir='ltr'><strong>per</strong></span> <span class='ocrx_word' id='word_1_713' title='bbox 3230 3273 3498 3329; x_wconf 86' lang='lat' dir='ltr'><strong>Libanum</strong></span> 
     </span>
    </p>
   </div>
   <div class='ocr_carea' id='block_1_93' title="bbox 1932 3365 3499 3444">
    <p class='ocr_par' dir='ltr' id='par_1_93' title="bbox 1932 3365 3499 3444">
     <span class='ocr_line' id='line_1_93' title="bbox 1932 3365 3499 3444; baseline -0.007 -14"><span class='ocrx_word' id='word_1_714' title='bbox 1932 3374 2269 3430; x_wconf 76' lang='lat' dir='ltr'><strong>Hierusalem</strong></span> <span class='ocrx_word' id='word_1_715' title='bbox 2315 3371 2668 3444; x_wconf 83' lang='lat' dir='ltr'><strong>intelligatur,</strong></span> <span class='ocrx_word' id='word_1_716' title='bbox 2714 3376 2774 3424; x_wconf 89' lang='lat' dir='ltr'><strong>ut</strong></span> <span class='ocrx_word' id='word_1_717' title='bbox 2808 3384 2873 3424; x_wconf 80' lang='lat' dir='ltr'><strong>ex</strong></span> <span class='ocrx_word' id='word_1_718' title='bbox 2911 3365 3332 3439; x_wconf 87' lang='lat' dir='ltr'><strong>quamplurimis</strong></span> <span class='ocrx_word' id='word_1_719' title='bbox 3370 3380 3499 3436; x_wconf 84' lang='lat' dir='ltr'><strong>pro-</strong></span> 
     </span>
    </p>
   </div>
   <div class='ocr_carea' id='block_1_94' title="bbox 1933 3459 3499 3538">
    <p class='ocr_par' dir='ltr' id='par_1_94' title="bbox 1933 3459 3499 3538">
     <span class='ocr_line' id='line_1_94' title="bbox 1933 3459 3499 3538; baseline -0.007 -16"><span class='ocrx_word' id='word_1_720' title='bbox 1933 3467 2129 3537; x_wconf 89' lang='lat' dir='ltr'><strong>phetiis</strong></span> <span class='ocrx_word' id='word_1_721' title='bbox 2164 3472 2408 3538; x_wconf 82' lang='lat' dir='ltr'><strong>apparet,</strong></span> <span class='ocrx_word' id='word_1_722' title='bbox 2451 3473 2674 3535; x_wconf 89' lang='lat' dir='ltr'><strong>propter</strong></span> <span class='ocrx_word' id='word_1_723' title='bbox 2721 3462 3006 3531; x_wconf 88' lang='lat' dir='ltr'><strong>antiquum</strong></span> <span class='ocrx_word' id='word_1_724' title='bbox 3036 3460 3092 3514; x_wconf 92' lang='lat' dir='ltr'><strong>in</strong></span> <span class='ocrx_word' id='word_1_725' title='bbox 3119 3459 3211 3513; x_wconf 89' lang='lat' dir='ltr'><strong>illa</strong></span> <span class='ocrx_word' id='word_1_726' title='bbox 3242 3463 3499 3513; x_wconf 87' lang='lat' dir='ltr'><strong>sanctua-</strong></span> 
     </span>
    </p>
   </div>
   <div class='ocr_carea' id='block_1_95' title="bbox 1934 3548 3500 3625">
    <p class='ocr_par' dir='ltr' id='par_1_95' title="bbox 1934 3548 3500 3625">
     <span class='ocr_line' id='line_1_95' title="bbox 1934 3548 3500 3625; baseline -0.007 -12"><span class='ocrx_word' id='word_1_727' title='bbox 1934 3560 2095 3624; x_wconf 85' lang='lat' dir='ltr'><strong>rium,</strong></span> <span class='ocrx_word' id='word_1_728' title='bbox 2131 3567 2186 3613; x_wconf 89' lang='lat' dir='ltr'><strong>et</strong></span> <span class='ocrx_word' id='word_1_729' title='bbox 2222 3558 2412 3621; x_wconf 90' lang='lat' dir='ltr'><strong>altare,</strong></span> <span class='ocrx_word' id='word_1_730' title='bbox 2439 3563 2493 3612; x_wconf 92' lang='lat' dir='ltr'><strong>et</strong></span> <span class='ocrx_word' id='word_1_731' title='bbox 2519 3570 2639 3625; x_wconf 68' lang='lat' dir='ltr'><strong>quas</strong></span> <span class='ocrx_word' id='word_1_732' title='bbox 2666 3554 2721 3609; x_wconf 88' lang='lat' dir='ltr'><strong>in</strong></span> <span class='ocrx_word' id='word_1_733' title='bbox 2749 3569 2816 3609; x_wconf 92' lang='lat' dir='ltr'><strong>eo</strong></span> <span class='ocrx_word' id='word_1_734' title='bbox 2849 3552 2916 3607; x_wconf 88' lang='lat' dir='ltr'><strong>ad</strong></span> <span class='ocrx_word' id='word_1_735' title='bbox 2942 3552 3204 3606; x_wconf 89' lang='lat' dir='ltr'><strong>honorem</strong></span> <span class='ocrx_word' id='word_1_736' title='bbox 3233 3548 3342 3605; x_wconf 88' lang='lat' dir='ltr'><strong>Deo</strong></span> <span class='ocrx_word' id='word_1_737' title='bbox 3367 3549 3500 3603; x_wconf 82' lang='lat' dir='ltr'><strong>thu-</strong></span> 
     </span>
    </p>
   </div>
   <div class='ocr_carea' id='block_1_96' title="bbox 1931 3642 3496 3712">
    <p class='ocr_par' dir='ltr' id='par_1_96' title="bbox 1931 3642 3496 3712">
     <span class='ocr_line' id='line_1_96' title="bbox 1931 3642 3496 3712; baseline -0.004 -9"><span class='ocrx_word' id='word_1_738' title='bbox 1931 3651 2009 3703; x_wconf 86' lang='lat' dir='ltr'><strong>ris</strong></span> <span class='ocrx_word' id='word_1_739' title='bbox 2040 3649 2209 3704; x_wconf 89' lang='lat' dir='ltr'><strong>instar</strong></span> <span class='ocrx_word' id='word_1_740' title='bbox 2239 3647 2626 3710; x_wconf 81' lang='lat' dir='ltr'><strong>offerebantur,</strong></span> <span class='ocrx_word' id='word_1_741' title='bbox 2659 3645 2863 3701; x_wconf 86' lang='lat' dir='ltr'><strong>Christi</strong></span> <span class='ocrx_word' id='word_1_742' title='bbox 2908 3642 3143 3705; x_wconf 78' lang='lat' dir='ltr'><strong>fructus,</strong></span> <span class='ocrx_word' id='word_1_743' title='bbox 3177 3657 3298 3712; x_wconf 70' lang='lat' dir='ltr'><strong>qua:</strong></span> <span class='ocrx_word' id='word_1_744' title='bbox 3319 3648 3496 3697; x_wconf 76' lang='lat' dir='ltr'><strong>estex</strong></span> 
     </span>
    </p>
   </div>
   <div class='ocr_carea' id='block_1_97' title="bbox 1931 3733 3494 3810">
    <p class='ocr_par' dir='ltr' id='par_1_97' title="bbox 1931 3733 3494 3810">
     <span class='ocr_line' id='line_1_97' title="bbox 1931 3733 3494 3810; baseline -0.005 -16"><span class='ocrx_word' id='word_1_745' title='bbox 1931 3740 2181 3810; x_wconf 84' lang='lat' dir='ltr'><strong>gentibus</strong></span> <span class='ocrx_word' id='word_1_746' title='bbox 2224 3739 2490 3804; x_wconf 88' lang='lat' dir='ltr'><strong>Ecclesia,</strong></span> <span class='ocrx_word' id='word_1_747' title='bbox 2526 3754 2694 3809; x_wconf 86' lang='lat' dir='ltr'><strong>super</strong></span> <span class='ocrx_word' id='word_1_748' title='bbox 2733 3736 3004 3791; x_wconf 90' lang='lat' dir='ltr'><strong>Libanum</strong></span> <span class='ocrx_word' id='word_1_749' title='bbox 3029 3733 3372 3790; x_wconf 80' lang='lat' dir='ltr'><strong>extollendus</strong></span> <span class='ocrx_word' id='word_1_750' title='bbox 3400 3748 3494 3787; x_wconf 90' lang='lat' dir='ltr'><strong>ca-</strong></span> 
     </span>
    </p>
   </div>
   <div class='ocr_carea' id='block_1_98' title="bbox 1934 3823 3494 3898">
    <p class='ocr_par' dir='ltr' id='par_1_98' title="bbox 1934 3823 3494 3898">
     <span class='ocr_line' id='line_1_98' title="bbox 1934 3823 3494 3898; baseline -0.005 -11"><span class='ocrx_word' id='word_1_751' title='bbox 1934 3834 2100 3888; x_wconf 88' lang='lat' dir='ltr'><strong>nitur.</strong></span> <span class='ocrx_word' id='word_1_752' title='bbox 2134 3832 2423 3898; x_wconf 64' lang='lat' dir='ltr'><strong>Caeterum,</strong></span> <span class='ocrx_word' id='word_1_753' title='bbox 2460 3830 2757 3887; x_wconf 86' lang='lat' dir='ltr'><strong>studiosior</strong></span> <span class='ocrx_word' id='word_1_754' title='bbox 2791 3825 3065 3898; x_wconf 89' lang='lat' dir='ltr'><strong>quispiam</strong></span> <span class='ocrx_word' id='word_1_755' title='bbox 3113 3823 3359 3879; x_wconf 83' lang='lat' dir='ltr'><strong>discendi</strong></span> <span class='ocrx_word' id='word_1_756' title='bbox 3401 3824 3494 3879; x_wconf 91' lang='lat' dir='ltr'><strong>ubi</strong></span> 
     </span>
    </p>
   </div>
   <div class='ocr_carea' id='block_1_99' title="bbox 1934 3917 3497 3996">
    <p class='ocr_par' dir='ltr' id='par_1_99' title="bbox 1934 3917 3497 3996">
     <span class='ocr_line' id='line_1_99' title="bbox 1934 3917 3497 3996; baseline -0.006 -16"><span class='ocrx_word' id='word_1_757' title='bbox 1934 3940 2030 3996; x_wconf 85' lang='lat' dir='ltr'><strong>per</strong></span> <span class='ocrx_word' id='word_1_758' title='bbox 2054 3924 2227 3979; x_wconf 87' lang='lat' dir='ltr'><strong>otium</strong></span> <span class='ocrx_word' id='word_1_759' title='bbox 2257 3924 2401 3996; x_wconf 89' lang='lat' dir='ltr'><strong>apud</strong></span> <span class='ocrx_word' id='word_1_760' title='bbox 2423 3923 2660 3993; x_wconf 85' lang='lat' dir='ltr'><strong>seipsum</strong></span> <span class='ocrx_word' id='word_1_761' title='bbox 2685 3936 2783 3992; x_wconf 90' lang='lat' dir='ltr'><strong>per</strong></span> <span class='ocrx_word' id='word_1_762' title='bbox 2813 3919 3027 3990; x_wconf 83' lang='lat' dir='ltr'><strong>singula</strong></span> <span class='ocrx_word' id='word_1_763' title='bbox 3056 3919 3221 3975; x_wconf 85' lang='lat' dir='ltr'><strong>verba</strong></span> <span class='ocrx_word' id='word_1_764' title='bbox 3245 3917 3497 3974; x_wconf 83' lang='lat' dir='ltr'><strong>eumdem</strong></span> 
     </span>
    </p>
   </div>
   <div class='ocr_carea' id='block_1_100' title="bbox 1934 4009 3500 4089">
    <p class='ocr_par' dir='ltr' id='par_1_100' title="bbox 1934 4009 3500 4089">
     <span class='ocr_line' id='line_1_100' title="bbox 1934 4009 3500 4089; baseline -0.008 -15"><span class='ocrx_word' id='word_1_765' title='bbox 1934 4019 2198 4089; x_wconf 90' lang='lat' dir='ltr'><strong>psalmum</strong></span> <span class='ocrx_word' id='word_1_766' title='bbox 2217 4014 2599 4088; x_wconf 81' lang='lat' dir='ltr'><strong>exploraverit,</strong></span> <span class='ocrx_word' id='word_1_767' title='bbox 2620 4014 2712 4069; x_wconf 91' lang='lat' dir='ltr'><strong>uni</strong></span> <span class='ocrx_word' id='word_1_768' title='bbox 2739 4012 2965 4067; x_wconf 89' lang='lat' dir='ltr'><strong>Domino</strong></span> <span class='ocrx_word' id='word_1_769' title='bbox 2991 4019 3180 4066; x_wconf 91' lang='lat' dir='ltr'><strong>nostro</strong></span> <span class='ocrx_word' id='word_1_770' title='bbox 3207 4009 3500 4065; x_wconf 88' lang='lat' dir='ltr'><strong>convenire</strong></span> 
     </span>
    </p>
   </div>
   <div class='ocr_carea' id='block_1_101' title="bbox 1934 4101 3496 4183">
    <p class='ocr_par' dir='ltr' id='par_1_101' title="bbox 1934 4101 3496 4183">
     <span class='ocr_line' id='line_1_101' title="bbox 1934 4101 3496 4183; baseline -0.007 -17"><span class='ocrx_word' id='word_1_771' title='bbox 1934 4126 2055 4183; x_wconf 66' lang='lat' dir='ltr'><strong>quae</strong></span> <span class='ocrx_word' id='word_1_772' title='bbox 2081 4112 2137 4165; x_wconf 92' lang='lat' dir='ltr'><strong>in</strong></span> <span class='ocrx_word' id='word_1_773' title='bbox 2169 4125 2234 4165; x_wconf 91' lang='lat' dir='ltr'><strong>eo</strong></span> <span class='ocrx_word' id='word_1_774' title='bbox 2256 4110 2622 4172; x_wconf 88' lang='lat' dir='ltr'><strong>continentur,</strong></span> <span class='ocrx_word' id='word_1_775' title='bbox 2648 4106 2807 4162; x_wconf 81' lang='lat' dir='ltr'><strong>facile</strong></span> <span class='ocrx_word' id='word_1_776' title='bbox 2825 4104 3193 4164; x_wconf 75' lang='lat' dir='ltr'><strong>conﬁtebitur.</strong></span> <span class='ocrx_word' id='word_1_777' title='bbox 3219 4101 3496 4159; x_wconf 89' lang='lat' dir='ltr'><strong>Salomoni</strong></span> 
     </span>
    </p>
   </div>
   <div class='ocr_carea' id='block_1_102' title="bbox 1935 4193 3500 4273">
    <p class='ocr_par' dir='ltr' id='par_1_102' title="bbox 1935 4193 3500 4273">
     <span class='ocr_line' id='line_1_102' title="bbox 1935 4193 3500 4273; baseline -0.006 -14"><span class='ocrx_word' id='word_1_778' title='bbox 1935 4213 2138 4269; x_wconf 89' lang='lat' dir='ltr'><strong>autem,</strong></span> <span class='ocrx_word' id='word_1_779' title='bbox 2172 4211 2265 4257; x_wconf 89' lang='lat' dir='ltr'><strong>aut</strong></span> <span class='ocrx_word' id='word_1_780' title='bbox 2289 4201 2381 4256; x_wconf 89' lang='lat' dir='ltr'><strong>alii</strong></span> <span class='ocrx_word' id='word_1_781' title='bbox 2408 4200 2646 4271; x_wconf 88' lang='lat' dir='ltr'><strong>cuipiam</strong></span> <span class='ocrx_word' id='word_1_782' title='bbox 2681 4214 2873 4256; x_wconf 90' lang='lat' dir='ltr'><strong>eorum</strong></span> <span class='ocrx_word' id='word_1_783' title='bbox 2904 4212 3092 4273; x_wconf 89' lang='lat' dir='ltr'><strong>regum</strong></span> <span class='ocrx_word' id='word_1_784' title='bbox 3120 4198 3213 4269; x_wconf 90' lang='lat' dir='ltr'><strong>qui</strong></span> <span class='ocrx_word' id='word_1_785' title='bbox 3245 4203 3366 4268; x_wconf 90' lang='lat' dir='ltr'><strong>post</strong></span> <span class='ocrx_word' id='word_1_786' title='bbox 3406 4193 3500 4250; x_wconf 88' lang='lat' dir='ltr'><strong>Sa-</strong></span> 
     </span>
    </p>
   </div>
   <div class='ocr_carea' id='block_1_103' title="bbox 1933 4289 3500 4364">
    <p class='ocr_par' dir='ltr' id='par_1_103' title="bbox 1933 4289 3500 4364">
     <span class='ocr_line' id='line_1_103' title="bbox 1933 4289 3500 4364; baseline -0.002 -15"><span class='ocrx_word' id='word_1_787' title='bbox 1933 4295 2204 4350; x_wconf 89' lang='lat' dir='ltr'><strong>lomonem</strong></span> <span class='ocrx_word' id='word_1_788' title='bbox 2246 4292 2433 4364; x_wconf 85' lang='lat' dir='ltr'><strong>paucis</strong></span> <span class='ocrx_word' id='word_1_789' title='bbox 2489 4293 2649 4348; x_wconf 88' lang='lat' dir='ltr'><strong>annis</strong></span> <span class='ocrx_word' id='word_1_790' title='bbox 2690 4307 2799 4348; x_wconf 91' lang='lat' dir='ltr'><strong>non</strong></span> <span class='ocrx_word' id='word_1_791' title='bbox 2846 4292 3079 4361; x_wconf 90' lang='lat' dir='ltr'><strong>amplius</strong></span> <span class='ocrx_word' id='word_1_792' title='bbox 3122 4291 3215 4346; x_wconf 89' lang='lat' dir='ltr'><strong>uni</strong></span> <span class='ocrx_word' id='word_1_793' title='bbox 3260 4289 3500 4346; x_wconf 62' lang='lat' dir='ltr'><strong>Iudaicae</strong></span> 
     </span>
    </p>
   </div>
   <div class='ocr_carea' id='block_1_104' title="bbox 1934 4384 3500 4458">
    <p class='ocr_par' dir='ltr' id='par_1_104' title="bbox 1934 4384 3500 4458">
     <span class='ocr_line' id='line_1_104' title="bbox 1934 4384 3500 4458; baseline -0.003 -15"><span class='ocrx_word' id='word_1_794' title='bbox 1934 4389 2080 4458; x_wconf 89' lang='lat' dir='ltr'><strong>genti</strong></span> <span class='ocrx_word' id='word_1_795' title='bbox 2110 4403 2219 4443; x_wconf 87' lang='lat' dir='ltr'><strong>non</strong></span> <span class='ocrx_word' id='word_1_796' title='bbox 2254 4386 2382 4442; x_wconf 91' lang='lat' dir='ltr'><strong>alibi</strong></span> <span class='ocrx_word' id='word_1_797' title='bbox 2426 4401 2590 4456; x_wconf 90' lang='lat' dir='ltr'><strong>quam</strong></span> <span class='ocrx_word' id='word_1_798' title='bbox 2633 4387 2688 4440; x_wconf 91' lang='lat' dir='ltr'><strong>in</strong></span> <span class='ocrx_word' id='word_1_799' title='bbox 2724 4400 2830 4441; x_wconf 87' lang='lat' dir='ltr'><strong>una</strong></span> <span class='ocrx_word' id='word_1_800' title='bbox 2867 4384 3052 4440; x_wconf 65' lang='lat' dir='ltr'><strong>Judrea</strong></span> <span class='ocrx_word' id='word_1_801' title='bbox 3087 4391 3233 4440; x_wconf 83' lang='lat' dir='ltr'><strong>terra</strong></span> <span class='ocrx_word' id='word_1_802' title='bbox 3264 4384 3500 4455; x_wconf 88' lang='lat' dir='ltr'><strong>impera-</strong></span> 
     </span>
    </p>
   </div>
   <div class='ocr_carea' id='block_1_105' title="bbox 1858 4467 2515 4549">
    <p class='ocr_par' dir='ltr' id='par_1_105' title="bbox 1858 4467 2515 4549">
     <span class='ocr_line' id='line_1_105' title="bbox 1858 4467 2515 4549; baseline -0.003 -16"><span class='ocrx_word' id='word_1_803' title='bbox 1858 4467 1905 4521; x_wconf 72' lang='grc' dir='ltr'><strong>Β</strong></span> <span class='ocrx_word' id='word_1_804' title='bbox 1931 4481 2127 4545; x_wconf 86' lang='lat' dir='ltr'><strong>verint,</strong></span> <span class='ocrx_word' id='word_1_805' title='bbox 2150 4493 2515 4549; x_wconf 86' lang='lat' dir='ltr'><strong>nequaquam.</strong></span> 
     </span>
    </p>
   </div>
   <div class='ocr_carea' id='block_1_106' title="bbox 1932 4586 3496 4658">
    <p class='ocr_par' dir='ltr' id='par_1_106' title="bbox 1932 4586 3496 4658">
     <span class='ocr_line' id='line_1_106' title="bbox 1932 4586 3496 4658; baseline -0.002 -15"><span class='ocrx_word' id='word_1_806' title='bbox 1932 4589 2012 4643; x_wconf 85' lang='lat' dir='ltr'><strong><em>Ab</em></strong></span> <span class='ocrx_word' id='word_1_807' title='bbox 2056 4589 2224 4645; x_wconf 74' lang='lat' dir='ltr'><strong>Isaia.</strong></span> <span class='ocrx_word' id='word_1_808' title='bbox 2260 4619 2325 4630; x_wconf 90' lang='lat'><strong>—-</strong></span> <span class='ocrx_word' id='word_1_809' title='bbox 2370 4589 2446 4644; x_wconf 87' lang='lat' dir='ltr'><strong>De</strong></span> <span class='ocrx_word' id='word_1_810' title='bbox 2483 4588 2655 4649; x_wconf 74' lang='lat' dir='ltr'><strong>Iesse,</strong></span> <span class='ocrx_word' id='word_1_811' title='bbox 2697 4597 2746 4641; x_wconf 86' lang='lat' dir='ltr'><strong>et</strong></span> <span class='ocrx_word' id='word_1_812' title='bbox 2795 4604 2854 4641; x_wconf 91' lang='lat' dir='ltr'><strong>eo</strong></span> <span class='ocrx_word' id='word_1_813' title='bbox 2904 4588 2994 4658; x_wconf 79' lang='lat' dir='ltr'><strong>qui</strong></span> <span class='ocrx_word' id='word_1_814' title='bbox 3030 4602 3095 4641; x_wconf 79' lang='lat' dir='ltr'><strong>ea:</strong></span> <span class='ocrx_word' id='word_1_815' title='bbox 3140 4591 3335 4642; x_wconf 70' lang='lat' dir='ltr'><strong>semine</strong></span> <span class='ocrx_word' id='word_1_816' title='bbox 3383 4586 3496 4654; x_wconf 81' lang='lat' dir='ltr'><strong>ejus</strong></span> 
     </span>
    </p>
   </div>
   <div class='ocr_carea' id='block_1_107' title="bbox 2584 4667 2847 4711">
    <p class='ocr_par' dir='ltr' id='par_1_107' title="bbox 2584 4667 2847 4711">
     <span class='ocr_line' id='line_1_107' title="bbox 2584 4667 2847 4711; baseline -0.004 -1"><span class='ocrx_word' id='word_1_817' title='bbox 2584 4667 2847 4711; x_wconf 82' lang='lat' dir='ltr'><strong>nascetur.</strong></span> 
     </span>
    </p>
   </div>
   <div class='ocr_carea' id='block_1_108' title="bbox 2012 4762 3500 4839">
    <p class='ocr_par' dir='ltr' id='par_1_108' title="bbox 2012 4762 3500 4839">
     <span class='ocr_line' id='line_1_108' title="bbox 2012 4762 3500 4839; baseline 0.001 -19"><span class='ocrx_word' id='word_1_818' title='bbox 2012 4787 2030 4820; x_wconf 84' lang='grc'><em>‹</em></span> <span class='ocrx_word' id='word_1_819' title='bbox 2064 4766 2127 4822; x_wconf 86' lang='lat' dir='ltr'><strong>Et</strong></span> <span class='ocrx_word' id='word_1_820' title='bbox 2151 4768 2458 4839; x_wconf 86' lang='lat' dir='ltr'><strong>egredietur</strong></span> <span class='ocrx_word' id='word_1_821' title='bbox 2495 4765 2647 4837; x_wconf 87' lang='lat' dir='ltr'><strong>virga</strong></span> <span class='ocrx_word' id='word_1_822' title='bbox 2693 4765 2761 4820; x_wconf 91' lang='lat' dir='ltr'><strong>de</strong></span> <span class='ocrx_word' id='word_1_823' title='bbox 2802 4765 2984 4821; x_wconf 89' lang='lat' dir='ltr'><strong>radice</strong></span> <span class='ocrx_word' id='word_1_824' title='bbox 3010 4763 3185 4831; x_wconf 78' lang='lat' dir='ltr'><strong>Iesse,</strong></span> <span class='ocrx_word' id='word_1_825' title='bbox 3219 4772 3273 4820; x_wconf 92' lang='lat' dir='ltr'><strong>et</strong></span> <span class='ocrx_word' id='word_1_826' title='bbox 3302 4762 3403 4820; x_wconf 83' lang='lat' dir='ltr'><strong>llos</strong></span> <span class='ocrx_word' id='word_1_827' title='bbox 3431 4765 3500 4822; x_wconf 83' lang='lat' dir='ltr'><strong>de</strong></span> 
     </span>
    </p>
   </div>
   <div class='ocr_carea' id='block_1_109' title="bbox 1935 4856 3499 4930">
    <p class='ocr_par' dir='ltr' id='par_1_109' title="bbox 1935 4856 3499 4930">
     <span class='ocr_line' id='line_1_109' title="bbox 1935 4856 3499 4930; baseline -0.002 -15"><span class='ocrx_word' id='word_1_828' title='bbox 1935 4860 2120 4917; x_wconf 89' lang='lat' dir='ltr'><strong>radice</strong></span> <span class='ocrx_word' id='word_1_829' title='bbox 2153 4860 2275 4930; x_wconf 90' lang='lat' dir='ltr'><strong>ejus</strong></span> <span class='ocrx_word' id='word_1_830' title='bbox 2317 4858 2595 4922; x_wconf 90' lang='lat' dir='ltr'><strong>ascendet,</strong></span> <span class='ocrx_word' id='word_1_831' title='bbox 2628 4868 2681 4914; x_wconf 93' lang='lat' dir='ltr'><strong>et</strong></span> <span class='ocrx_word' id='word_1_832' title='bbox 2709 4860 3014 4930; x_wconf 84' lang='lat' dir='ltr'><strong>requiescet</strong></span> <span class='ocrx_word' id='word_1_833' title='bbox 3033 4872 3196 4928; x_wconf 89' lang='lat' dir='ltr'><strong>super</strong></span> <span class='ocrx_word' id='word_1_834' title='bbox 3223 4872 3348 4914; x_wconf 90' lang='lat' dir='ltr'><strong>eum</strong></span> <span class='ocrx_word' id='word_1_835' title='bbox 3376 4856 3499 4928; x_wconf 82' lang='lat' dir='ltr'><strong>Spi—</strong></span> 
     </span>
    </p>
   </div>
   <div class='ocr_carea' id='block_1_110' title="bbox 1936 4948 3501 5020">
    <p class='ocr_par' dir='ltr' id='par_1_110' title="bbox 1936 4948 3501 5020">
     <span class='ocr_line' id='line_1_110' title="bbox 1936 4948 3501 5020; baseline 0.001 -17"><span class='ocrx_word' id='word_1_836' title='bbox 1936 4950 2075 5006; x_wconf 85' lang='lat' dir='ltr'><strong>ritus</strong></span> <span class='ocrx_word' id='word_1_837' title='bbox 2096 4950 2214 5017; x_wconf 89' lang='lat' dir='ltr'><strong>Dei,</strong></span> <span class='ocrx_word' id='word_1_838' title='bbox 2242 4950 2467 5020; x_wconf 89' lang='lat' dir='ltr'><strong>spiritus</strong></span> <span class='ocrx_word' id='word_1_839' title='bbox 2496 4949 2777 5019; x_wconf 66' lang='lat' dir='ltr'><strong>sapientiae</strong></span> <span class='ocrx_word' id='word_1_840' title='bbox 2807 4956 2862 5005; x_wconf 92' lang='lat' dir='ltr'><strong>et</strong></span> <span class='ocrx_word' id='word_1_841' title='bbox 2904 4948 3232 5013; x_wconf 89' lang='lat' dir='ltr'><strong>intellectus,</strong></span> <span class='ocrx_word' id='word_1_842' title='bbox 3270 4948 3501 5019; x_wconf 78' lang='lat' dir='ltr'><strong>spiritus</strong></span> 
     </span>
    </p>
   </div>
   <div class='ocr_carea' id='block_1_111' title="bbox 1935 5039 3495 5110">
    <p class='ocr_par' dir='ltr' id='par_1_111' title="bbox 1935 5039 3495 5110">
     <span class='ocr_line' id='line_1_111' title="bbox 1935 5039 3495 5110; baseline 0.001 -16"><span class='ocrx_word' id='word_1_843' title='bbox 1935 5040 2153 5095; x_wconf 90' lang='lat' dir='ltr'><strong>consilii</strong></span> <span class='ocrx_word' id='word_1_844' title='bbox 2175 5049 2231 5096; x_wconf 91' lang='lat' dir='ltr'><strong>et</strong></span> <span class='ocrx_word' id='word_1_845' title='bbox 2260 5039 2619 5105; x_wconf 79' lang='lat' dir='ltr'><strong>fortitudinis,</strong></span> <span class='ocrx_word' id='word_1_846' title='bbox 2643 5039 2870 5109; x_wconf 89' lang='lat' dir='ltr'><strong>spiritus</strong></span> <span class='ocrx_word' id='word_1_847' title='bbox 2899 5040 3141 5096; x_wconf 69' lang='lat' dir='ltr'><strong>scientiae</strong></span> <span class='ocrx_word' id='word_1_848' title='bbox 3170 5049 3226 5095; x_wconf 91' lang='lat' dir='ltr'><strong>et</strong></span> <span class='ocrx_word' id='word_1_849' title='bbox 3257 5039 3495 5110; x_wconf 88' lang='lat' dir='ltr'><strong>pietatis;</strong></span> 
     </span>
    </p>
   </div>
   <div class='ocr_carea' id='block_1_112' title="bbox 1934 5132 3499 5203">
    <p class='ocr_par' dir='ltr' id='par_1_112' title="bbox 1934 5132 3499 5203">
     <span class='ocr_line' id='line_1_112' title="bbox 1934 5132 3499 5203; baseline 0 -16"><span class='ocrx_word' id='word_1_850' title='bbox 1934 5133 2165 5203; x_wconf 89' lang='lat' dir='ltr'><strong>replebit</strong></span> <span class='ocrx_word' id='word_1_851' title='bbox 2193 5148 2317 5188; x_wconf 92' lang='lat' dir='ltr'><strong>eum</strong></span> <span class='ocrx_word' id='word_1_852' title='bbox 2370 5133 2595 5203; x_wconf 87' lang='lat' dir='ltr'><strong>spiritus</strong></span> <span class='ocrx_word' id='word_1_853' title='bbox 2644 5134 2855 5189; x_wconf 82' lang='lat' dir='ltr'><strong>timoris</strong></span> <span class='ocrx_word' id='word_1_854' title='bbox 2893 5132 3011 5199; x_wconf 87' lang='lat' dir='ltr'><strong>Dei,</strong></span> <span class='ocrx_word' id='word_1_855' title='bbox 3054 5148 3166 5187; x_wconf 87' lang='lat' dir='ltr'><strong>nun</strong></span> <span class='ocrx_word' id='word_1_856' title='bbox 3197 5133 3499 5188; x_wconf 88' lang='lat' dir='ltr'><strong>secundum</strong></span> 
     </span>
    </p>
   </div>
   <div class='ocr_carea' id='block_1_113' title="bbox 1932 5223 3497 5296">
    <p class='ocr_par' dir='ltr' id='par_1_113' title="bbox 1932 5223 3497 5296">
     <span class='ocr_line' id='line_1_113' title="bbox 1932 5223 3497 5296; baseline -0.001 -16"><span class='ocrx_word' id='word_1_857' title='bbox 1932 5226 2243 5295; x_wconf 81' lang='lat' dir='ltr'><strong>Opinionem</strong></span> <span class='ocrx_word' id='word_1_858' title='bbox 2284 5225 2590 5295; x_wconf 88' lang='lat' dir='ltr'><strong>judicabit,</strong></span> <span class='ocrx_word' id='word_1_859' title='bbox 2639 5242 2814 5296; x_wconf 91' lang='lat' dir='ltr'><strong>neque</strong></span> <span class='ocrx_word' id='word_1_860' title='bbox 2871 5223 3171 5281; x_wconf 89' lang='lat' dir='ltr'><strong>secundum</strong></span> <span class='ocrx_word' id='word_1_861' title='bbox 3224 5225 3497 5294; x_wconf 88' lang='lat' dir='ltr'><strong>loquelam</strong></span> 
     </span>
    </p>
   </div>
   <div class='ocr_carea' id='block_1_114' title="bbox 1933 5310 3499 5386">
    <p class='ocr_par' dir='ltr' id='par_1_114' title="bbox 1933 5310 3499 5386">
     <span class='ocr_line' id='line_1_114' title="bbox 1933 5310 3499 5386; baseline -0.004 -16"><span class='ocrx_word' id='word_1_862' title='bbox 1933 5314 2246 5386; x_wconf 83' lang='lat' dir='ltr'><strong>redarguet,</strong></span> <span class='ocrx_word' id='word_1_863' title='bbox 2281 5316 2377 5371; x_wconf 89' lang='lat' dir='ltr'><strong>sed</strong></span> <span class='ocrx_word' id='word_1_864' title='bbox 2405 5314 2670 5385; x_wconf 84' lang='lat' dir='ltr'><strong>judicabit</strong></span> <span class='ocrx_word' id='word_1_865' title='bbox 2691 5315 2882 5369; x_wconf 86' lang='lat' dir='ltr'><strong>humili</strong></span> <span class='ocrx_word' id='word_1_866' title='bbox 2903 5314 3190 5384; x_wconf 82' lang='lat' dir='ltr'><strong>judicium,</strong></span> <span class='ocrx_word' id='word_1_867' title='bbox 3229 5320 3283 5368; x_wconf 91' lang='lat' dir='ltr'><strong>et</strong></span> <span class='ocrx_word' id='word_1_868' title='bbox 3312 5310 3499 5383; x_wconf 83' lang='lat' dir='ltr'><strong>redar-</strong></span> 
     </span>
    </p>
   </div>
   <div class='ocr_carea' id='block_1_115' title="bbox 1932 5405 3501 5478">
    <p class='ocr_par' dir='ltr' id='par_1_115' title="bbox 1932 5405 3501 5478">
     <span class='ocr_line' id='line_1_115' title="bbox 1932 5405 3501 5478; baseline -0.001 -18"><span class='ocrx_word' id='word_1_869' title='bbox 1932 5414 2062 5478; x_wconf 86' lang='lat' dir='ltr'><strong>guet</strong></span> <span class='ocrx_word' id='word_1_870' title='bbox 2088 5407 2322 5463; x_wconf 86' lang='lat' dir='ltr'><strong>humiles</strong></span> <span class='ocrx_word' id='word_1_871' title='bbox 2347 5414 2526 5473; x_wconf 65' lang='lat' dir='ltr'><strong>terrae,</strong></span> <span class='ocrx_word' id='word_1_872' title='bbox 2566 5417 2619 5463; x_wconf 88' lang='lat' dir='ltr'><strong>et</strong></span> <span class='ocrx_word' id='word_1_873' title='bbox 2650 5407 2754 5463; x_wconf 88' lang='lat' dir='ltr'><strong>erit</strong></span> <span class='ocrx_word' id='word_1_874' title='bbox 2787 5406 3002 5476; x_wconf 86' lang='lat' dir='ltr'><strong>justitia</strong></span> <span class='ocrx_word' id='word_1_875' title='bbox 3030 5405 3309 5476; x_wconf 89' lang='lat' dir='ltr'><strong>cingulum</strong></span> <span class='ocrx_word' id='word_1_876' title='bbox 3357 5405 3501 5460; x_wconf 80' lang='lat' dir='ltr'><strong>lum-</strong></span> 
     </span>
    </p>
   </div>
   <div class='ocr_carea' id='block_1_116' title="bbox 1934 5497 3498 5570">
    <p class='ocr_par' dir='ltr' id='par_1_116' title="bbox 1934 5497 3498 5570">
     <span class='ocr_line' id='line_1_116' title="bbox 1934 5497 3498 5570; baseline -0.001 -16"><span class='ocrx_word' id='word_1_877' title='bbox 1934 5499 2130 5555; x_wconf 88' lang='lat' dir='ltr'><strong>borum</strong></span> <span class='ocrx_word' id='word_1_878' title='bbox 2159 5501 2300 5570; x_wconf 91' lang='lat' dir='ltr'><strong>ejus,</strong></span> <span class='ocrx_word' id='word_1_879' title='bbox 2330 5509 2384 5555; x_wconf 90' lang='lat' dir='ltr'><strong>et</strong></span> <span class='ocrx_word' id='word_1_880' title='bbox 2421 5500 2622 5556; x_wconf 86' lang='lat' dir='ltr'><strong>veritas</strong></span> <span class='ocrx_word' id='word_1_881' title='bbox 2655 5501 3031 5556; x_wconf 89' lang='lat' dir='ltr'><strong>indumentum</strong></span> <span class='ocrx_word' id='word_1_882' title='bbox 3060 5498 3306 5562; x_wconf 75' lang='lat' dir='ltr'><strong>,laterum</strong></span> <span class='ocrx_word' id='word_1_883' title='bbox 3354 5497 3498 5564; x_wconf 81' lang='lat' dir='ltr'><strong>ejus,</strong></span> 
     </span>
    </p>
   </div>
   <div class='ocr_carea' id='block_1_117' title="bbox 1935 5588 3500 5662">
    <p class='ocr_par' dir='ltr' id='par_1_117' title="bbox 1935 5588 3500 5662">
     <span class='ocr_line' id='line_1_117' title="bbox 1935 5588 3500 5662; baseline -0.004 -15"><span class='ocrx_word' id='word_1_884' title='bbox 1935 5600 1989 5647; x_wconf 91' lang='lat' dir='ltr'><strong>et</strong></span> <span class='ocrx_word' id='word_1_885' title='bbox 2016 5600 2273 5662; x_wconf 71' lang='lat' dir='ltr'><strong>pascatur</strong></span> <span class='ocrx_word' id='word_1_886' title='bbox 2306 5591 2469 5647; x_wconf 90' lang='lat' dir='ltr'><strong>simul</strong></span> <span class='ocrx_word' id='word_1_887' title='bbox 2499 5591 2661 5662; x_wconf 86' lang='lat' dir='ltr'><strong>lupus</strong></span> <span class='ocrx_word' id='word_1_888' title='bbox 2687 5607 2812 5647; x_wconf 89' lang='lat' dir='ltr'><strong>cum</strong></span> <span class='ocrx_word' id='word_1_889' title='bbox 2840 5605 3000 5662; x_wconf 85' lang='lat' dir='ltr'><strong>agno,</strong></span> <span class='ocrx_word' id='word_1_890' title='bbox 3029 5599 3085 5645; x_wconf 87' lang='lat' dir='ltr'><strong>et</strong></span> <span class='ocrx_word' id='word_1_891' title='bbox 3104 5588 3308 5660; x_wconf 86' lang='lat' dir='ltr'><strong>pardus</strong></span> <span class='ocrx_word' id='word_1_892' title='bbox 3336 5588 3500 5657; x_wconf 72' lang='lat' dir='ltr'><strong>simul</strong></span> 
     </span>
    </p>
   </div>
   <div class='ocr_carea' id='block_1_118' title="bbox 1935 5682 3500 5756">
    <p class='ocr_par' dir='ltr' id='par_1_118' title="bbox 1935 5682 3500 5756">
     <span class='ocr_line' id='line_1_118' title="bbox 1935 5682 3500 5756; baseline -0.004 -17"><span class='ocrx_word' id='word_1_893' title='bbox 1935 5685 2186 5756; x_wconf 89' lang='lat' dir='ltr'><strong>quiescet</strong></span> <span class='ocrx_word' id='word_1_894' title='bbox 2214 5698 2339 5738; x_wconf 90' lang='lat' dir='ltr'><strong>cum</strong></span> <span class='ocrx_word' id='word_1_895' title='bbox 2373 5683 2557 5747; x_wconf 73' lang='lat' dir='ltr'><strong>haedo,</strong></span> <span class='ocrx_word' id='word_1_896' title='bbox 2590 5691 2644 5740; x_wconf 87' lang='lat' dir='ltr'><strong>et</strong></span> <span class='ocrx_word' id='word_1_897' title='bbox 2670 5683 2876 5738; x_wconf 89' lang='lat' dir='ltr'><strong>vitulus</strong></span> <span class='ocrx_word' id='word_1_898' title='bbox 2897 5693 2949 5738; x_wconf 88' lang='lat' dir='ltr'><strong>et</strong></span> <span class='ocrx_word' id='word_1_899' title='bbox 2978 5682 3063 5738; x_wconf 89' lang='lat' dir='ltr'><strong>leo</strong></span> <span class='ocrx_word' id='word_1_900' title='bbox 3083 5682 3245 5737; x_wconf 84' lang='lat' dir='ltr'><strong>simul</strong></span> <span class='ocrx_word' id='word_1_901' title='bbox 3274 5696 3500 5750; x_wconf 77' lang='lat' dir='ltr'><strong>pascen-</strong></span> 
     </span>
    </p>
   </div>
   <div class='ocr_carea' id='block_1_119' title="bbox 1934 5774 3498 5847">
    <p class='ocr_par' dir='ltr' id='par_1_119' title="bbox 1934 5774 3498 5847">
     <span class='ocr_line' id='line_1_119' title="bbox 1934 5774 3498 5847; baseline -0.004 -17"><span class='ocrx_word' id='word_1_902' title='bbox 1934 5784 2043 5846; x_wconf 89' lang='lat' dir='ltr'><strong>tur,</strong></span> <span class='ocrx_word' id='word_1_903' title='bbox 2078 5775 2243 5847; x_wconf 79' lang='lat'><strong>356</strong></span> <span class='ocrx_word' id='word_1_904' title='bbox 2276 5789 2328 5832; x_wconf 87' lang='lat' dir='ltr'><strong>et</strong></span> <span class='ocrx_word' id='word_1_905' title='bbox 2361 5777 2464 5832; x_wconf 85' lang='lat' dir='ltr'><strong>erit</strong></span> <span class='ocrx_word' id='word_1_906' title='bbox 2488 5776 2644 5831; x_wconf 78' lang='lat' dir='ltr'><strong>radix</strong></span> <span class='ocrx_word' id='word_1_907' title='bbox 2683 5775 2856 5842; x_wconf 81' lang='lat' dir='ltr'><strong>Jcsse,</strong></span> <span class='ocrx_word' id='word_1_908' title='bbox 2886 5782 2941 5831; x_wconf 90' lang='lat' dir='ltr'><strong>et</strong></span> <span class='ocrx_word' id='word_1_909' title='bbox 2984 5775 3075 5847; x_wconf 89' lang='lat' dir='ltr'><strong>qui</strong></span> <span class='ocrx_word' id='word_1_910' title='bbox 3117 5775 3290 5844; x_wconf 80' lang='lat' dir='ltr'><strong>surgit</strong></span> <span class='ocrx_word' id='word_1_911' title='bbox 3330 5774 3498 5841; x_wconf 73' lang='lat' dir='ltr'><strong>impe~</strong></span> 
     </span>
    </p>
   </div>
  </div>
