3908 6266
408 336 519 394 359

1086 329 1354 387 EUSEBII
1389 321 1869 382 CESARlENSIS
1904 319 2054 376 OPP.
2100 318 2280 377 PARS
2318 321 2380 378 ll.
2408 323 2985 382 —APOLOGETICA.

3549 320 3649 385 560

417 477 543 516 rare
575 459 858 531 gentibus,
902 456 954 510 in
1000 470 1062 510 eo
1100 462 1285 524 gentes
1328 451 1647 527 sperabunt,
1683 456 1737 503 et
1758 446 1863 503 erit
1898 459 1986 498 re-

2093 444 2125 514 ή
2155 444 2276 515 ῥίζα
2300 444 2392 498 τοῦ
2430 446 2645 511 Ἰεσσαὶ,
2679 448 2771 501 καὶ
2801 450 2829 501 ὁ
2857 447 3214 518 ἀνιστάμενος
3242 447 3428 519 ἄρχειν
3462 447 3650 512 ἐθνῶν,

416 555 574 625 quies
623 553 742 622 ejus
778 548 1036 604 honor“.
1077 567 1095 599 ι
1130 545 1229 600 Hic
1261 545 1445 611 Jesse,
1483 545 1574 617 qui
1622 545 1724 599 hoc
1764 543 1819 597 in
1866 543 1985 599 loco

417 644 710 710 indicatur,
755 648 909 711 pater
954 640 1053 693 fuit
1096 638 1285 693 David.
1327 637 1795 705 Quemadmodum
1838 636 1983 691 enim

419 739 473 793 in
495 738 562 791 iis
593 734 894 806 prophetiis
923 748 1043 803 quae
1080 733 1250 803 ipsam
1278 732 1421 786 hanc
1454 736 1885 794 antecesserunt,
1918 729 1987 783 de

419 831 598 884 fructu
622 842 676 884 et
708 827 917 881 semine
940 825 1112 880 David
1146 825 1462 895 proditurus
1491 824 1791 887 dicebatur,
1825 829 1987 893 atque

419 925 545 979 item
587 922 654 978 de
691 922 899 978 semine
931 919 1261 985 Salomonis,
1286 921 1475 975 eodem
1511 918 1672 975 modo
1702 920 1864 973 etiam
1898 918 1985 973 hic

418 1014 668 1086 plurimis
699 1013 857 1070 annis
897 1021 1020 1085 post
1054 1022 1281 1069 mortem
1310 1030 1417 1068 non
1461 1012 1640 1068 solum
1670 1011 1857 1077 David,
1890 1012 1985 1068 sed

418 1107 579 1162 etiam
611 1104 942 1169 Salomonis,
961 1105 1028 1161 de
1058 1104 1243 1159 radice
1268 1102 1443 1166 Jesse,
1473 1102 1575 1156 hoc
1602 1110 1684 1156 est
1711 1101 1778 1156 de
1802 1101 1985 1158 radice

419 1198 585 1255 David
609 1198 924 1270 proditurus
955 1197 1177 1268 quidam
1208 1196 1542 1268 praedicitur.
1579 1195 1828 1251 Prmsens
1886 1210 1985 1249 au-

415 1302 525 1348 tem
566 1293 707 1347 ratio
741 1308 803 1348 ea
843 1291 1125 1354 dissolvet,
1167 1306 1287 1362 qua:
1322 1290 1378 1344 in
1421 1288 1798 1360 superioribus
1840 1287 1980 1358 apud

414 1383 634 1440 Judaeos
659 1383 739 1439 'de
766 1380 1065 1437 Salomone
1094 1381 1477 1444 credebantur,
1514 1395 1637 1434 eum
1664 1379 1810 1434 illius
1838 1393 1984 1433 mor-

415 1479 486 1533 tis
519 1486 731 1547 tempus
762 1481 995 1539 constet,
1029 1482 1082 1529 et
1109 1474 1223 1528 hmc
1252 1472 1438 1528 eadem
1469 1471 1636 1528 Isaias
1658 1470 1724 1526 de
1749 1470 1980 1541 quodam

414 1568 523 1624 alio
549 1568 891 1632 vaticinetur,
920 1565 1010 1637 qui
1037 1565 1189 1620 sitde
1218 1564 1401 1619 radice
1428 1563 1582 1620 Jesse
1603 1571 1657 1619 et
1684 1564 1751 1620 de
1776 1564 1984 1620 semine

415 1659 586 1715 David
626 1659 961 1729 proditurus.
993 1655 1148 1724 Quod
1185 1672 1316 1713 vero
1354 1673 1462 1712 non
1504 1656 1571 1710 ad
1614 1657 1779 1710 alium
1819 1672 1982 1727 quam

414 1752 484 1807 ad
528 1760 774 1808 nostrum
817 1749 1152 1805 Salvatorem
1193 1749 1470 1804 Christum
1522 1747 1637 1814 Dei,
1674 1749 1766 1820 qui
1799 1747 1866 1803 de
1895 1765 1984 1803 ra—

415 1842 536 1898 dice
580 1840 750 1896 David
779 1846 833 1896 et
866 1837 1019 1895 Jesse
1056 1846 1211 1893 ortus
1256 1845 1361 1900 est,
1395 1837 1681 1893 referenda
1721 1837 1832 1893 sint
1862 1853 1984 1907 qua:

414 1933 659 2004 proxime
682 1932 993 1995 citavimus,
1017 1928 1391 1983 dubitaturum
1423 1929 1659 1984 arbitror
1689 1929 1981 1993 neminem,

414 2025 509 2095 qui
535 2034 590 2082 et
618 2025 946 2095 promissqu
971 2024 1177 2079 oraculi
1206 2022 1516 2086 attenderit,
1552 2021 1694 2093 quod
1726 2022 1839 2075 ait:
1871 2040 1887 2072 ι
1918 2019 1985 2075 Ει

414 2118 521 2174 erit
556 2116 708 2172 radix
737 2115 910 2183 Jesse,
939 2125 992 2171 et
1019 2117 1112 2188 qui
1150 2117 1322 2187 surgit
1353 2124 1410 2170 ut
1449 2115 1676 2186 imperet
1708 2114 1981 2185 gentibus,

417 2213 473 2267 in
501 2226 566 2267 eo
602 2218 791 2283 gentes
828 2210 1144 2281 sperabunt,
1177 2228 1195 2263 ι
1232 2217 1287 2264 et
1331 2224 1510 2263 rerum
1543 2218 1734 2264 eventa
1764 2225 1884 2279 quae
1915 2209 1985 2264 de

417 2306 698 2361 Salvatore
752 2312 943 2361 nostro
993 2304 1459 2359 demonstrantur.
1494 2300 1656 2359 Solus
1700 2304 1845 2357 enim
1896 2303 2023 2379 hic~

415 2399 508 2455 ubi
537 2414 568 2453 a
601 2405 776 2453 morte
806 2397 1066 2463 surrexit,
1099 2406 1319 2468 propter
1340 2395 1483 2467 quod
1500 2396 1661 2451 etiam
1685 2397 1834 2450 illum
1867 2412 1989 2452 sur-

415 2501 630 2563 gentem
648 2499 903 2546 vocatum
930 2505 1052 2546 esse
1081 2489 1339 2552 arbitror,
1362 2504 1474 2543 non
1503 2484 1732 2542 Judaico
1763 2488 1984 2559 populo,

415 2581 510 2638 sed
543 2574 816 2638 universis
850 2582 1103 2651 gentibus
1134 2581 1441 2653 imperavit,
1476 2580 1612 2637 adeo
1654 2581 1896 2652 quidem,
1928 2591 1988 2637 ut

416 2689 487 2729 ne
531 2674 643 2728 ulla
683 2672 905 2745 quidem
959 2674 1409 2744 interpretatione
1452 2673 1696 2744 indigere
1739 2674 1989 2729 videatur

415 2765 721 2831 oraculum,
763 2779 887 2820 cum
938 2764 1258 2835 planissime
1308 2772 1521 2819 constet
1574 2765 1628 2818 in
1680 2765 1773 2819 illo
1827 2765 1986 2820 ﬁnem

416 2856 696 2928 accepisse
719 2871 830 2912 una
854 2872 977 2911 cum
1001 2855 1125 2910 aliis
1149 2856 1281 2909 illud
1303 2872 1520 2928 quoque
1550 2872 1594 2909 ει
1625 2858 1683 2912 ln
1712 2872 1777 2912 eo
1800 2866 1988 2928 gentes

417 2947 735 3019 sperabunt.
774 2966 793 3000 ι
833 2945 965 3013 Qua:
998 2962 1127 3003 vero
1169 2956 1430 3018 tanquam
1467 2948 1534 3002 dc
1574 2948 1900 3003 animalibus
1933 2954 1990 3004 et

420 3037 551 3096 feris
575 3039 1089 3104 mansuefaciendis,
1125 3048 1179 3096 et
1218 3050 1460 3112 agrestes
1489 3056 1670 3096 mores
1704 3049 1865 3111 atque
1899 3041 1988 3095 in-

2091 538 2175 590 ἑπ’
2200 538 2346 609 αὐτῷ
2371 537 2495 609 ἔθνη
2527 538 2789 604 ἑλπιοῦσι,
2814 540 2905 593 καὶ
2924 539 3073 592 ἔσται
3105 539 3138 608 ἡ
3164 539 3465 603 ἀνάπαυσις
3490 538 3652 593 αὑτοῦ

2089 630 2246 701 τιμή.
2300 648 2317 680 ι
2372 630 2430 683 '0
2477 629 2797 702 δηλούμενος
2847 629 3077 684 ἐνταῦθα
3120 630 3314 684 Ἰεσσαὶ
3357 633 3541 704 πατὴρ
3587 628 3654 703 ἦν

2090 721 2182 774 τοῦ
2213 720 2393 776 Δαϐίδ.
2424 721 2632 794 ’Ὠσπερ
2677 718 2768 777 οὖν
2814 723 2872 776 ἐν
2916 726 3034 787 ταῖς
3063 724 3168 795 πρὸ
3207 724 3408 797 ταύτης
3443 740 3655 799 προφη-

2091 814 2257 877 τείαις
2278 815 2341 867 ἐκ
2365 814 2576 885 καρποῦ
2599 814 2690 867 καὶ
2715 815 3023 886 σπέρματος
3048 815 3209 869 Δαὸὶδ
3234 816 3654 888 προελεύσεσθαι

2091 907 2326 976 ἐλέγετο,
2372 908 2466 961 καὶ
2512 908 2672 962 πάλιν
2715 911 2777 961 ἐκ
2826 909 3137 980 σπέρματος
3177 908 3485 981 Σολομῶνος
3505 951 3520 973 ,
3563 911 3654 964 τὸν

2092 1000 2253 1054 αὐτὸν
2296 1000 2494 1072 τρόπον
2538 1000 2813 1055 κάνταῦθα
2859 1001 3129 1066 πλείστοις
3172 1001 3395 1075 ὕστερον
3435 1004 3534 1075 τῆς
3559 1001 3658 1055 τοῦ

2091 1092 2254 1146 Δαϐὶδ
2281 1093 2341 1145 ού
2385 1094 2571 1164 μόνον,
2598 1093 2733 1147 ἀλλά
2763 1094 2856 1147 καὶ
2886 1094 2984 1165 τῆς
3019 1093 3113 1146 τοῦ
3145 1094 3448 1165 Σολομῶνος
3474 1094 3656 1147 τελευ-

2089 1183 2191 1254 τῆς
2220 1185 2413 1249 ἔτεσιν,
2445 1187 2510 1239 ἐκ
2542 1185 2696 1255 ῥίζης
2739 1185 2961 1248 Ἰεσσαὶ,
2989 1186 3145 1257 δῆλον
3167 1185 3211 1238 δ’
3239 1187 3320 1240 ὄτι
3346 1188 3437 1241 καὶ
3466 1188 3530 1241 ἐκ
3557 1187 3661 1258 τῆς

2091 1275 2183 1330 τοῦ
2219 1277 2382 1331 Δαόὶδ
2410 1278 2828 1349 προελεύσεσθαί
2849 1296 2934 1342 τις
2967 1279 3300 1344 θεσπίζεται.
3336 1279 3498 1335 Λύσει
3529 1281 3587 1333 δὲ
3626 1283 3659 1335 ό

2091 1368 2281 1441 παρὼν
2306 1370 2461 1439 λόγος
2487 1372 2585 1441 τὴν
2614 1372 2671 1422 ἐν
2700 1373 2809 1434 τοῖς
2851 1370 3083 1445 πρόσθεν
3115 1370 3474 1444 νομιζομένην
3503 1372 3659 1443 παρά

2103 1461 2375 1525 Ἰουδαίοις
2432 1463 2559 1536 περὶ
2610 1462 2705 1516 τοῦ
2758 1464 3067 1535 Σολομῶνος
3126 1463 3384 1534 τελευτῆς
3437 1466 3657 1537 χρόνου.

2090 1556 2276 1610 Ταῦτα
2317 1555 2543 1621 Ἦσαῒας
2577 1558 2703 1629 περί
2744 1572 2885 1621 τινος
2916 1559 3101 1630 ἑτέρου
3132 1557 3484 1629 προφητεύει,
3529 1558 3661 1628 μέλ-

2090 1651 2270 1713 λοντος
2316 1652 2380 1704 ἐκ
2424 1649 2580 1723 ῥίζης
2633 1651 2829 1704 Ἰεσσαὶ
2877 1652 2970 1705 καὶ
3019 1653 3084 1705 ἐκ
3131 1653 3440 1723 σπέρματος
3490 1652 3660 1707 Δαεῖὶδ

2091 1744 2551 1816 ἀναφανήσεσθαι.
2589 1746 2707 1797 Ὅτι
2747 1745 2803 1797 δὲ
2850 1744 2956 1798 οὐδ’
3003 1746 3089 1813 ἐφ’
3131 1744 3315 1817 ἕτερον
3360 1746 3393 1817 ἦ
3430 1746 3521 1799 ἐπὶ
3565 1746 3659 1800 τὸν

2016 1810 2058 1865 Β
2089 1810 2349 1907 ἡμέτερον
2377 1837 2602 1909 Σωτῆρα
2622 1836 2715 1890 τὸν
2742 1836 2973 1910 Χριστὸν
3008 1810 3101 1889 τοῦ
3136 1810 3270 1891 Θεοῦ
3300 1810 3557 1907 ἀνάγεται
3588 1838 3661 1894 τά

2087 1928 2408 1999 δηλούμενα,
2439 1931 2503 1982 ἐκ
2535 1928 2686 2000 ῥίζης
2716 1929 3001 2000 γενόμενον
3026 1928 3189 1983 Δαὸίδ
3214 1947 3273 1982 τε
3304 1932 3397 1984 καὶ
3434 1932 3658 1996 Ἰεσσαὶ,

2088 2022 2186 2076 ούκ
2218 2021 2369 2093 οἶμαί
2392 2040 2512 2077 τινα
2536 2020 2915 2094 ἀμφιδάλλειν,
2935 2024 3300 2094 ἐπιστήσαντα
3314 2026 3380 2094 τῇ
3408 2041 3465 2078 τε
3488 2026 3661 2094 ἑπαγ-

2087 2115 2242 2187 γελίᾳ
2288 2115 2385 2186 τῆς
2435 2117 2789 2188 προρρήσεως
2840 2115 3155 2189 φασκούσῃ·
3202 2135 3222 2169 ι
3266 2118 3375 2171 Kal
3419 2117 3576 2171 ἔσται
3625 2119 3660 2189 ἠ

2089 2206 2213 2278 ῥίζα
2259 2208 2351 2261 τοῦ
2393 2209 2605 2273 Ἰεσσαὶ,
2649 2209 2743 2262 καὶ
2775 2210 2803 2262 ὁ
2844 2207 3197 2277 ἀνιστάμενος
3241 2208 3429 2280 ἄρχειν
3462 2209 3656 2273 ἐθνῶν,

2087 2302 2173 2353 ἐπ’
2206 2288 2353 2372 αὐτῷ
2382 2300 2507 2373 ἑθνη
2543 2301 2818 2366 ἐλπιοῦσι,
2854 2322 2872 2354 ι
2903 2304 2997 2356 καὶ
3022 2306 3132 2367 τοῖς
3165 2302 3257 2355 ἐπὶ
3280 2301 3373 2355 τοῦ
3406 2302 3661 2373 Σωτῆρος

2087 2390 2242 2460 ήμῶν
2281 2389 2645 2462 δεικνυμένοις
2682 2391 3099 2464 ἀποτελέσμασι.
3143 2392 3317 2455 Μόνος
3345 2390 3475 2461 γοῦν
3503 2385 3663 2457 οὗτος

2090 2481 2228 2552 μετά
2276 2482 2373 2555 τὴν
2406 2485 2471 2537 ἑκ
2517 2484 2725 2556 νεκρῶν
2760 2484 3083 2552 ἀνάστασιν,
3132 2485 3197 2539 δι’
3246 2484 3311 2557 ἢν
3361 2486 3457 2539 καὶ
3505 2482 3662 2557 οἶμαι

2087 2574 2248 2627 αὑτὸν
2295 2576 2643 2647 ἀνιστάμενον
2693 2576 3111 2648 ἐπικεκλῆσθαι,
3148 2579 3208 2632 ού
3258 2579 3350 2631 τοῦ
3390 2578 3664 2633 Ἰουδαίων

2087 2666 2237 2734 λαοῦ,
2262 2668 2397 2723 ἀλλά
2432 2669 2540 2723 τῶν
2572 2669 2739 2724 ἐθνῶν
2767 2670 3021 2725 ἀπάντων
3061 2667 3245 2743 ἦρξεν,
3271 2673 3345 2736 ὡς
3372 2671 3445 2744 μὴ
3476 2672 3663 2743 δεδεῆ-

2091 2761 2211 2815 σθαι
2243 2761 2304 2815 τὺ
2348 2762 2524 2831 λόγιον
2569 2763 2899 2835 ἑρμηνείας,
2953 2764 3138 2833 σαφῶς
3188 2763 3449 2835 προδήλου
3496 2763 3665 2818 καθε-

2091 2854 2320 2918 στῶτος,
2374 2856 2521 2920 ὅπως
2570 2858 2650 2921 είς
2704 2857 2864 2911 αὐτὸν
2917 2856 3066 2921 τέλος
3117 2857 3306 2929 είληφε
3356 2857 3493 2930 μετὰ
3546 2858 3663 2913 τῶν

2089 2946 2261 3001 ἄλλων
2282 2949 2374 3003 καὶ
2395 2948 2474 3015 τὸ,
2505 2968 2523 3000 ί
2565 2949 2680 3002 Ἐπ’
2704 2949 2849 3022 αύτῷ
2877 2950 3002 3022 ἔθνη
3027 2951 3320 3007 ἐλπιοῦσιν.
3353 2970 3372 3003 ι
3402 2952 3484 3006 Τά
3510 2952 3554 3006 δ’
3581 2954 3663 3019 ὡς

2092 3040 2218 3112 περὶ
2266 3039 2418 3105 ζώων
2465 3041 2560 3095 καὶ
2606 3041 2808 3114 θηρίων
2852 3042 3240 3115 ἡμερουμένων
3286 3044 3345 3098 ἐν
3392 3043 3665 3117 ἐπιδημίᾳ

418 3131 653 3189 domitos
684 3132 1036 3202 deposituris,
1068 3133 1123 3188 in
1149 3133 1269 3203 ejus
1303 3133 1537 3189 adventu
1569 3133 1637 3188 de
1670 3148 1778 3204 quo
1813 3133 1986 3204 loqui-

2093 3129 2355 3202 λεγόμενα
2397 3133 2731 3207 ἀλληγοροῖτ’
2764 3135 2829 3190 ἂν
2876 3136 2967 3189 ἐπὶ
3010 3137 3244 3208 τρόπους
3285 3136 3513 3208 ἀπηνεῖς
3562 3138 3667 3192 καὶ

418 3232 510 3278 tur
538 3224 841 3295 prophetia,
866 3222 1142 3289 dicuntur,
1162 3240 1256 3294 per
1275 3224 1496 3295 ﬁguram
1521 3225 1709 3281 referri
1735 3233 1989 3297 poterunt

420 3315 487 3370 ad
518 3331 700 3372 mores
725 3316 963 3372 immites
1006 3325 1168 3387 atque
1197 3328 1463 3389 agrestes,
1498 3327 1551 3376 et
1584 3320 1651 3374 ad
1685 3323 1863 3376 victus
1892 3320 1990 3374 ho-

419 3408 628 3464 minum
662 3408 825 3474 feros,
859 3411 952 3480 qui
997 3425 1093 3480 per
1122 3409 1326 3466 Christi
1360 3410 1688 3474 doctrinam,
1738 3411 1992 3466 immani-

417 3507 585 3555 tatem
638 3500 873 3571 priorem
922 3514 986 3555 ac
1024 3498 1295 3557 feritatem
1318 3502 1636 3571 abjecerint.
1665 3501 1989 3559 Planissime

418 3600 598 3649 autem
643 3593 837 3650 horum
884 3594 1144 3667 ﬁguratus
1194 3610 1390 3653 sensus
1439 3596 1732 3667 aperietur,
1787 3596 1834 3652 si
1863 3596 1987 3668 quis

417 3686 652 3741 radicem
680 3684 854 3754 Jcsse,
890 3704 1010 3759 qua:
1039 3688 1095 3744 in
1125 3689 1407 3760 prophetia
1438 3690 1768 3753 continetur,
1799 3695 1854 3744 et
1878 3689 1990 3743 vir-

414 3792 560 3849 gam,
584 3787 638 3835 et
662 3778 846 3836 ﬂorem
881 3781 948 3835 ad
979 3797 1200 3837 sensum
1230 3790 1554 3839 convertens
1579 3784 1984 3854 interpretetur,

414 3879 759 3942 exponatque
804 3888 911 3943 qua
949 3874 1163 3929 ratione
1206 3874 1540 3945 intelligatur
1571 3875 1783 3945 justitia
1815 3876 1988 3931 latera

416 3963 677 4028 cinxisse,
723 3970 777 4018 et
810 3964 1039 4019 veritate
1084 3964 1300 4021 lumbos
1334 3965 1597 4021 induisse.
1652 3963 1806 4019 Sicut
1840 3964 1987 4020 enim

417 4056 533 4108 haec
557 4070 666 4109 non
696 4055 852 4110 aliter
883 4071 1174 4125 possumus
1201 4071 1362 4127 quam
1388 4072 1483 4126 per
1505 4058 1789 4129 ﬁguratam
1820 4072 1987 4128 expo-

418 4146 673 4201 sitionem
717 4146 1088 4217 interpretari,
1120 4148 1195 4201 ita
1244 4151 1512 4220 sequitur,
1556 4160 1615 4203 ut
1660 4164 1724 4204 ea
1767 4164 1983 4219 quoque

418 4239 666 4308 accipere
686 4246 955 4311 Oporteat,
986 4255 1108 4311 quae
1130 4242 1297 4296 variis
1314 4243 1366 4296 in
1399 4242 1532 4298 locis
1548 4243 1651 4297 sub
1667 4241 1982 4296 animalium

418 4331 730 4387 nominibus
762 4331 1133 4403 proferuntur.

417 4464 578 4537 357
613 4465 690 4519 Ab
712 4466 966 4523 Jeremia.
994 4494 1063 4509 α·-
1103 4468 1264 4524 Ortus
1292 4467 1473 4537 justus
1495 4483 1559 4522 ex
1579 4470 1775 4523 semine
1811 4468 1982 4525 David

488 4514 792 4607 ἵεᾶιιίῖᾴεἶιὲζ
809 4514 1164 4592 ἕῖὶῶἠιίηιιῆί
1183 4514 1474 4601 ἓᾶἓιῖιῖὲὲζ
1495 4514 1770 4607 ἶοῖιίἑὲίὶίῖ
1786 4514 1983 4595 οἷιῖεἰέἶ

488 4608 679 4662 tuenda
701 4608 984 4672 appellatio
1002 4610 1088 4672 iis,
1106 4610 1196 4672 qui
1224 4607 1319 4662 sub
1344 4625 1402 4663 eo
1427 4609 1736 4672 regnabant,
1758 4612 1984 4672 itemque

2106 4514 2968 4672 "ﬁrb'c'aééiérdﬁc'rzgféﬁ",

2158 4608 2262 4672 τὸς
2277 4607 2593 4672 βασιλεὺς,
2616 4623 2752 4661 καιν
2811 4623 2875 4660 τε
2896 4622 2968 4672 πρ

487 4608 679 4662 tuenda
701 4608 984 4683 appellatio
1002 4610 1088 4672 iis,
1106 4610 1196 4679 qui
1224 4607 1319 4662 sub
1344 4625 1402 4663 eo
1427 4609 1736 4683 regnabant,
1758 4612 1984 4683 itemque

786 4680 1021 4748 priorum
1048 4690 1376 4749 peccatorum
1399 4681 1613 4736 solutio.

489 4875 508 4908 ι
539 4855 680 4912 Ecce
708 4856 826 4912 dies
867 4859 1112 4921 veniunt,
1137 4858 1271 4914 dicit
1292 4858 1580 4924 Dominus,
1614 4866 1668 4915 et
1702 4860 1982 4916 suscitabo

413 4949 515 5019 ipsi
557 4949 725 5005 David
751 4957 929 5005 ortum
956 4951 1188 5021 justum,
1217 4958 1271 5006 et
1310 4953 1559 5023 regnabit
1601 4968 1718 5017 rex,
1741 4960 1794 5008 et
1824 4952 1984 5008 intel-

413 5043 563 5114 liget,
614 5044 876 5100 et'faciet
901 5045 1189 5115 judicium,
1235 5053 1290 5101 et
1321 5046 1594 5117 justitiam
1635 5046 1690 5101 in
1721 5056 1888 5109 terra,
1926 5047 1985 5101 in

414 5137 607 5193 diebus
651 5138 772 5208 ejus
828 5138 1133 5193 servabitur
1173 5137 1364 5203 Judas,
1394 5145 1449 5194 et
1498 5139 1667 5195 Israel
1721 5139 1985 5203 habitabit

416 5228 716 5293 conﬁdens,
749 5234 804 5284 et
841 5228 945 5283 hoc
968 5242 1166 5284 nomen
1196 5245 1306 5300 quo
1335 5230 1552 5284 vocabit
1577 5230 1777 5300 ipsum,
1808 5230 1987 5284 Domi-

412 5335 537 5386 nus,
603 5318 908 5376 Josedecim
953 5321 1096 5376 inter
1145 5322 1441 5392 prophetas
1470 5322 1536 5378 “.
1601 5320 1660 5376 ιιι
1715 5321 1803 5376 die
1866 5322 1981 5387 illa,

414 5413 550 5468 dixit
579 5411 863 5479 Dominus,
888 5423 1166 5471 conteram
1191 5414 1383 5483 jugum
1418 5414 1487 5470 de
1518 5415 1661 5470 collo
1686 5429 1897 5479 eorum,
1931 5423 1987 5471 et

412 5506 629 5562 vincula
654 5521 843 5561 eorum
865 5505 1129 5577 frangam,
1151 5512 1207 5560 et
1224 5521 1336 5560 non
1360 5506 1730 5576 operabuntur
1752 5507 1987 5577 amplius

415 5596 522 5653 diis
550 5598 762 5667 alienis,
792 5599 888 5655 sed
916 5599 1289 5671 operabuntur
1315 5597 1547 5655 Domino
1578 5599 1687 5657 Deo
1719 5601 1985 5673 ipsorum,

489 5777 531 5810 “
558 5777 662 5833 lsa.
696 5793 772 5846 xl,
803 5779 889 5835 10.
969 5782 1012 5814 η
1040 5779 1131 5838 Jer
1186 5796 1357 5852 nul,
1395 5783 1452 5852 5,
1470 5783 1523 5838 6.

2090 3222 2331 3295 ἀγρίους,
2363 3227 2456 3278 καὶ
2488 3224 2591 3298 ήθη
2636 3227 2844 3301 ἀνδρῶν
2875 3227 3134 3300 θηριώδη,
3162 3226 3250 3282 διά
3275 3227 3374 3298 τῆς
3392 3226 3488 3282 τοῦ
3519 3229 3663 3300 Χρι-

2090 3314 2216 3367 στοῢ
2249 3315 2596 3382 διδασκαλίας
2627 3317 2723 3390 τῆς
2755 3318 2977 3386 ἀλογίας
3019 3320 3110 3373 καὶ
3156 3319 3443 3390 θηριωδίας
3492 3336 3666 3390 μεταο

2089 3408 2381 3481 θησόμενα.
2427 3411 2797 3483 Ἀλληγοροίτο
2843 3411 2886 3464 δ’
2925 3411 2992 3465 ἂν
3029 3410 3201 3466 ταῦτα
3251 3411 3432 3481 σαφῶς
3460 3411 3659 3478 οὕτως,

2086 3498 2152 3553 ἂν
2204 3499 2296 3553 καὶ
2339 3501 2437 3573 τὴν
2479 3501 2810 3573 δηλουμένην
2852 3501 2939 3556 διά
2984 3503 3080 3573 τῆς
3130 3503 3459 3575 προφητείας
3500 3502 3665 3571 ῥίζαν

2099 3590 2316 3655 Ἰεσσαὶ,
2369 3592 2460 3645 καὶ
2506 3593 2603 3664 τὴν
2645 3592 2859 3665 ῥάϐδον,
2897 3593 2990 3647 καὶ
3026 3593 3084 3647 τὸ
3116 3593 3273 3657 ἄνθος
3311 3592 3661 3666 τροπολογῶν

2084 3697 2167 3744 τις
2198 3680 2275 3735 ἔτι
2320 3682 2671 3755 ἑρμηνεύσειε
2700 3684 2793 3737 καὶ
2820 3684 2895 3749 ὡς
2923 3684 2989 3739 ἂν
3015 3685 3318 3757 ἐπινοηθείη
3343 3684 3663 3760 δικαιοσύνῃ

2089 3772 2188 3843 μὲν
2216 3772 2313 3837 τὰς
2343 3771 2580 3845 πλευρὰς
2612 3771 2966 3846 ζωννύμενος,
3001 3774 3227 3845 ἀληθείᾳ
3266 3774 3322 3827 δὲ
3350 3774 3450 3844 τὴν
3482 3773 3660 3842 ὀσφὺν

2086 3860 2386 3935 εἱλημένος,
2423 3864 2509 3927 Ὧς
2553 3864 2662 3936 γὰρ
2710 3865 2768 3917 οὐ
2809 3864 3029 3919 δυνατὸν
3069 3864 3268 3936 ἑτέρως
3293 3862 3469 3918 ταῦτα
3502 3864 3538 3936 ἢ
3565 3863 3661 3918 διὰ

2089 3954 2255 4026 μόνης
2276 3954 2638 4028 ἀλληγορικῆς
2674 3956 2979 4019 ἀποδόσεως
3004 3955 3343 4028 ἑρμηνεύειν,
3374 3955 3465 4010 τὸν
3491 3955 3660 4010 αὐτὸν

2084 4048 2284 4118 τρόπον
2327 4047 2517 4101 ἕπεται
2545 4049 2637 4101 καὶ
2678 4047 2747 4102 τά
2794 4048 2921 4120 περὶ
2964 4047 3071 4101 τῶν
3102 4046 3242 4103 κατά
3285 4048 3409 4111 τοὺς
3453 4047 3662 4112 τόπους

2085 4138 2497 4211 ὀνομαζομένων
2525 4139 2676 4205 ζώων
2702 4139 2897 4211 χρῆναι
2921 4139 3029 4194 δεῖν
3060 4137 3438 4211 ἐκλαμϐάνειν.

2101 4466 2233 4523 Ἀπὸ
2262 4465 2370 4521 τοῦ
2412 4467 2701 4535 Ἰερεμίου,
2736 4495 2806 4507 -
2843 4465 3120 4533 Ἀνατολὴ
3144 4465 3340 4535 δικαία
3368 4465 3437 4518 ἐκ
3467 4463 3659 4533 σἐτέρς⁵

3008 4537 3106 4590 καὶ
3139 4534 3461 4604 ἀνθρώπων
3489 4539 3524 4590 ό
3549 4539 3661 4588 αὑ-

2158 4604 2262 4675 τὸς
2277 4607 2593 4673 βασιλεὺς,
2609 4604 2793 4677 ,καινῆ
2811 4623 2875 4660 τε
2896 4607 3258 4677 προσηῃορία
3282 4604 3658 4677 τεθησομέτςη

2158 4674 2281 4745 τοῖς
2325 4678 2426 4734 ὑπ’
2478 4676 2636 4741 αὐτῷ
2677 4674 3337 4745 βασιλευθησομένοις,
3383 4676 3485 4730 καὶ
3537 4674 3659 4730 τῶνε

2160 4750 2460 4819 προτέρων
2490 4748 2918 4817 ἁμαρτημάτων
2952 4749 3155 4814 λύσις.

2164 4884 2182 4917 ι
2221 4865 2352 4919 Ἰδοὺ
2387 4865 2590 4936 ἡμέραι
2634 4863 2904 4933 ἔρχονται,
2944 4861 3092 4929 λέγει
3124 4859 3346 4930 Κύριος,
3382 4861 3479 4914 καὶ
3526 4862 3658 4915 ἀνα-

2091 4959 2272 5029 στήσω
2310 4957 2389 5028 τῷ
2428 4955 2591 5039 Δαόὶδ
2632 4953 2894 5024 ἀνατολὴν
2936 4951 3169 5020 δικαίαν,
3210 4952 3305 5005 καὶ
3350 4951 3659 5022 βασιλεύσει

2091 5049 2362 5121 βασιλεὺς,
2392 5049 2485 5103 καὶ
2509 5050 2744 5120 συνήσει,
2770 5048 2866 5102 καὶ
2896 5048 3110 5117 ποιήσει
3133 5046 3305 5116 κρῖμα
3333 5044 3429 5097 καὶ
3454 5042 3660 5098 δικαιο-

2092 5142 2257 5214 σύνην
2288 5141 2380 5195 ἐπὶ
2404 5141 2503 5211 τῆς
2529 5139 2651 5210 γῆς.
2688 5139 2777 5192 Ἔν
2807 5141 2927 5202 ταῖς
2959 5137 3193 5209 ἡμέραις
3225 5133 3393 5188 αὐτοῦ
3419 5132 3661 5205 σωθήσε-

2088 5252 2175 5290 ται
2226 5235 2454 5299 Ἰούδας,
2498 5233 2591 5287 καὶ
2644 5232 2856 5303 Ἰσραὴλ
2896 5226 3306 5301 κατασκηνώσει
3340 5224 3661 5294 πεποιθὼς,

2064 5329 2184 5383 'xal
2210 5328 2366 5383 τοῦτο
2402 5327 2463 5380 τὸ
2504 5325 2673 5395 ὄνομα
2696 5317 2741 5392 ᾧ
2770 5322 2987 5376 καλέσει
3020 5322 3182 5375 αὑτὸν
3208 5319 3412 5391 Κύριος
3430 5358 3447 5383 ,
3486 5320 3663 5373 Ἰωσε-

2087 5419 2280 5490 δεκεὶμ
2311 5420 2369 5473 ἐν
2398 5419 2509 5480 τοίς
2534 5415 2857 5488 προφήταις.
2896 5414 2983 5466 Ἐν
3003 5414 3068 5483 τῇ
3104 5411 3284 5482 ἡμέρᾳ
3308 5409 3518 5482 ἐκείνη,
3541 5405 3658 5461 εἷπε

2088 5513 2294 5584 Κύριος
2315 5552 2330 5576 ,
2363 5508 2635 5580 συντρίψω
2676 5507 2768 5560 τὸν
2800 5504 2960 5574 ζυγὸν
3004 5503 3113 5559 ἀπὸ
3141 5500 3410 5573 τραχὴθλου
3446 5500 3656 5563 αὐτῶν,

2090 5607 2184 5662 καὶ
2213 5606 2339 5670 τοὺς
2363 5604 2593 5675 δεσμοὺς
2619 5600 2796 5655 αὐτῶν
2824 5597 3116 5670 διαρῤήξω,
3140 5596 3233 5650 καὶ
3257 5594 3357 5647 οὐκ
3387 5594 3659 5666 emam:
