3908 6266
267 349 359 403 561

1103 345 1751 402 DEMONSTRATIONIS
1786 345 2236 400 EVANGELICA‘.
2269 344 2396 402 LIB.
2443 343 2548 400 VII.

3394 346 3498 401 562

264 467 345 520 ἔτι
373 465 515 530 θεοῖς
543 466 781 538 ἑτέροις,
809 467 942 520 ἀλλά
969 466 1236 535 ἐργῶνται
1267 469 1456 540 Κυρίῳ
1490 469 1566 540 τῷ
1589 469 1708 539 Θεῷ
1733 469 1819 522 αύ-

1929 476 1982 521 et
2015 483 2192 538 regem
2220 466 2386 521 David
2421 465 2701 521 suscitabo
2733 462 2813 520 eis
2840 464 2904 519 ι’.
2946 485 2964 517 ›
2993 465 3176 536 Longo
3206 465 3496 521 admodum

261 558 404 620 τῶν,
457 557 551 609 καὶ
597 557 688 610 τὸν
720 557 882 611 Δαὸὶδ
929 558 1152 628 βασιλέα
1186 559 1362 613 αὐτῶν
1398 561 1685 631 ἀναστήσω
1729 561 1829 612 αὐ-

1937 569 2177 630 tempore
2220 566 2341 630 post
2377 567 2605 613 mortem
2637 574 2742 613 non
2781 559 2956 614 solum
2988 557 3176 626 David,
3207 557 3301 615 sed
3332 559 3496 614 etiam

257 649 389 711 τοῖς.
421 667 440 698 ι
473 649 627 702 Μετά
663 649 908 703 πλεῖστον
937 651 1035 720 τῆς
1057 651 1311 722 τελευτῆς
1346 651 1440 705 τοῦ
1470 652 1633 705 Δαϐὶδ
1654 691 1668 714 ,
1696 651 1819 704 ἀλλά

1931 650 2257 714 Salomonis,
2284 650 2397 703 haec
2422 648 2685 704 Jeremias
2716 647 2782 704 de
2811 663 2874 703 eo
2904 663 3047 720 rege,
3077 648 3169 718 qui
3193 648 3260 703 de
3291 648 3497 703 semiuo

261 739 354 792 καὶ
379 739 473 792 τοῦ
499 740 810 811 Σολομῶνος
837 742 1045 812 χρόνον,
1070 743 1243 797 ταῦτα
1272 744 1367 796 καὶ
1405 743 1669 816 Ἱερεμίας
1701 743 1828 814 περὶ

1931 743 2097 798 David
2127 749 2272 798 esset
2299 742 2560 806 oriturus,
2593 739 2799 798 divinat
2830 759 2843 795 :
2873 755 3034 810 quem
3069 740 3244 810 primo
3275 738 3494 809 quidem

256 831 350 882 τοῦ
379 831 668 901 μέλλοντος
695 834 759 886 ἐκ
793 834 1103 905 σπέρματος
1129 835 1525 907 ἀναστήσεσθαι
1552 835 1715 890 Δαὸὶδ
1735 836 1819 906 βα·

1929 842 2108 889 ortum
2140 841 2318 899 vocat,
2366 848 2541 904 neque
2589 831 2912 901 simpliciter
2952 840 3153 897 ortum,
3186 832 3280 886 sed
3312 839 3520 898 ortum‘

258 923 451 987 σιλέως
482 924 727 989 θεσπίζει
751 943 766 959 ο
788 926 846 979 ὃν
883 927 1096 999 πρῶτον
1125 929 1222 999 μὲν
1249 929 1508 1000 ἀνατολὴν
1531 929 1700 993 καλεῖ,
1737 930 1828 983 καὶ

252 1016 352 1086 οὐχ
382 1015 591 1082 ἁπλῶς,
616 1017 751 1070 ἀλλά
777 1017 1012 1082 δικαίαν,
1037 1018 1112 1082 ὡς
1138 1019 1201 1072 ἂν
1225 1018 1282 1084 ἐξ
1311 1019 1460 1091 ἡλίου
1483 1020 1828 1092 δικαιοσύνης

253 1110 676 1180 συστησόμενον,
720 1112 846 1183 περὶ
879 1104 939 1164 οὗ
968 1110 1315 1184 διειλήφαμεν
1339 1116 1395 1166 ἐν
1422 1116 1541 1176 ταῖς
1576 1113 1702 1184 περὶ
1733 1113 1826 1167 τοῦ

248 1199 506 1270 δευτέρου
527 1202 700 1254 αἰτίου
729 1202 1087 1270 ἀποδείξεσιν,
1136 1205 1192 1256 ἐν
1224 1201 1310 1268 αἶς
1336 1205 1427 1257 τὸν
1458 1207 1690 1276 προόντα
1733 1205 1824 1258 τοῦ

248 1290 388 1344 Θεοῦ
423 1292 629 1361 Λόγον,
682 1295 902 1366 μυρίαις
947 1297 1284 1366 κεχρημένον
1332 1298 1696 1366 ἐπωνυμίαις,
1733 1299 1827 1351 καὶ

243 1380 404 1449 ἥλιον
451 1381 796 1454 δικαιοσύνης
838 1385 1199 1456 ὀνομάζεσθαι
1257 1388 1681 1458 ἀπεδείκνυμεν,
1728 1388 1825 1460 τὴν

244 1471 572 1538 ςτάσκουσαν
611 1477 980 1545 προφητείαν,
1035 1495 1053 1527 ι
1085 1477 1209 1541 Τοῖς
1253 1478 1308 1532 δέ
1358 1480 1708 1549 φοϐουμένοις
1758 1497 1823 1550 με

243 1562 504 1616 ἀνατελεῖ
531 1565 678 1634 ἦλιος
713 1566 1084 1640 δικαιοσύνης,
1130 1593 1147 1621 ι
1198 1571 1582 1642 παραθέμενοι.
1616 1575 1822 1646 Ὥσπερ

237 1647 336 1705 οὖν
374 1653 527 1722 ἥλιον
563 1655 939 1728 δικαιοσύνης,
976 1660 1116 1712 οὓτω
1150 1662 1242 1714 καὶ
1275 1662 1534 1734 ἀνατολὴν
1558 1665 1769 1718 δικαίαν
1797 1668 1824 1718 ὁ

240 1744 407 1811 λόγος
435 1747 530 1799 ἐπὶ
558 1747 649 1800 τοῦ
683 1749 947 1820 παρόντος
975 1753 1302 1822 ἀναστήσειν
1328 1753 1403 1824 τῷ
1429 1755 1590 1808 Δα6“ιδ
1615 1774 1824 1829 προφη-

1924 929 2158 999 justum,
2189 936 2446 998 tanquam
2478 942 2601 982 eum
2639 927 2730 995 qui
2757 941 2822 980 ex
2859 925 2972 980 sole
2996 925 3223 995 justitia:
3261 925 3331 980 sit
3361 939 3492 979 con-

1929 1020 2268 1083 stituendus,
2302 1019 2369 1074 de
2399 1033 2507 1089 quo
2547 1031 2679 1071 sane
2723 1016 3081 1071 disseruimus
3123 1018 3178 1070 in
3209 1015 3276 1071 iis
3309 1056 3322 1078 ,
3373 1029 3495 1086 qua:

1929 1121 2086 1167 antea
2124 1113 2191 1166 de
2223 1111 2332 1165 Deo
2373 1109 2552 1164 Verbo
2599 1107 3132 1172 demonstravimus,
3187 1109 3240 1161 in
3292 1108 3492 1178 quibus

1928 1205 2021 1260 Dei
2056 1203 2311 1270 Verbum,
2342 1206 2488 1274 quod
2519 1214 2676 1259 antea
2719 1209 2835 1258 erat
2876 1200 3363 1256 innumerabilibus
3393 1215 3491 1270 ap-

1928 1299 2183 1367 pellatum
2212 1299 2544 1362 nominibus,
2576 1297 2739 1352 etiam
2764 1294 2990 1364 justitia:
3023 1293 3192 1348 solem
3223 1291 3489 1347 nominari

1928 1390 2147 1460 planum
2179 1389 2427 1455 fecimus,
2459 1391 2546 1444 ubi
2580 1388 2915 1460 prophetiam
2963 1401 3084 1457 qua:
3113 1386 3184 1440 ita
3219 1386 3292 1438 ait
3320 1405 3331 1438 :
3367 1403 3384 1435 ι
3420 1383 3492 1441 lis

1926 1489 2104 1536 autem
2128 1483 2218 1552 qui
2244 1499 2328 1536 me
2360 1483 2574 1548 timent,
2605 1482 2810 1536 orietur
2838 1480 2919 1536 sol
2953 1478 3181 1549 justitia:
3211 1475 3276 1543 ιδ,
3313 1496 3331 1528 ›
3366 1477 3496 1531 cita-

1925 1573 2122 1628 vimus.
2163 1573 2315 1628 Sicut
2353 1588 2481 1644 ergo
2515 1575 2683 1630 solem
2729 1573 2973 1642 justitiaa,
3013 1571 3083 1624 ita
3121 1570 3282 1625 etiam
3312 1576 3492 1623 ortum

1919 1665 2129 1734 justum
2160 1681 2400 1736 praesens
2445 1666 2727 1720 oraculum
2774 1677 3146 1721 surrecturum
3194 1665 3293 1734 ipsi
3323 1663 3499 1736 David

1926 1759 2269 1814 vaticinatur.
2312 1759 2482 1814 Porro
2516 1758 2765 1814 eumdem
2800 1774 2978 1828 regem
3024 1757 3406 1828 intelligentem
3439 1765 3493 1811 et

237 1835 419 1889 τεύει.
461 1837 566 1890 Τὸν
605 1839 766 1892 αὑτὸν
805 1839 860 1893 δὲ
901 1841 1086 1894 τοῦτον
1129 1842 1352 1913 βασιλέα
1401 1845 1677 1912 συνιέντα,
1729 1849 1819 1900 καὶ

1927 1850 2211 1907 facientem
2254 1851 2522 1922 judicium
2557 1860 2611 1907 et
2639 1823 2910 1922 justitiam
2954 1852 3008 1905 in
3041 1823 3489 1920 terra'appellat.

241 1929 510 1983 ποιοῦντα
544 1934 714 2002 κρῖμα
761 1934 851 1986 καὶ
889 1933 1233 2007 δικαιοσύνην
1280 1937 1371 1990 ἐπὶ
1421 1937 1519 2008 τῆς
1555 1939 1660 2010 γῆς
1692 1960 1824 2013 προ-

238 2021 528 2092 αγορεύει.
561 2019 691 2076 Εἶτα
739 2025 830 2078 καὶ
869 2026 1172 2098 ὁμωνύμως
1214 2027 1304 2082 τὸν
1355 2031 1515 2084 αὑτὸν
1558 2033 1712 2086 καλεί
1746 2034 1823 2106 τῷ

241 2115 418 2168 παλαι
469 2117 731 2188 πρότερον
777 2119 1185 2190 τετελευτηκότι
1215 2121 1393 2175 Δαϐίδ.
1444 2125 1685 2195 Πρόσχες
1715 2127 1822 2200 γὰρ

234 2205 528 2275 ἐπιμελῶς
554 2207 629 2278 τῷ
662 2210 917 2282 ἀνωτέρω
953 2213 1079 2282 μὲν,
1118 2232 1135 2263 ι
1169 2215 1277 2268 Καὶ
1309 2215 1594 2289 ἀναστήσω
1613 2218 1689 2290 τῷ
1715 2221 1822 2272 Δα-

235 2297 321 2349 διδ
347 2298 618 2370 ἀνατολὴν
640 2298 874 2364 δικαίαν,
902 2319 920 2350 ι
948 2302 1040 2353 ἐπὶ
1062 2301 1203 2354 τέλει
1236 2302 1292 2355 δὲ
1321 2303 1698 2376 ἐπιφερομένῳ
1723 2306 1818 2377 τῷ,

241 2408 258 2438 ι
306 2389 429 2441 Καὶ
475 2389 565 2441 τὸν
597 2390 760 2443 Δαὸὶδ
807 2390 1028 2460 βασιλέα
1071 2391 1235 2445 αὑτοῦ
1278 2394 1564 2464 ἀναστήσω
1598 2396 1762 2467 αὐτῷ.
1798 2417 1816 2448 ι

234 2480 359 2533 Τίνι
396 2480 454 2532 δὲ
482 2480 630 2551 αὐτῷ
654 2480 686 2551 ἢ
707 2481 786 2551 τῷ
814 2482 1005 2546 Δαϐίδς
1027 2483 1202 2554 τούτῳ
1228 2484 1335 2556 γὰρ
1359 2485 1557 2556 ἔφησεν
1585 2488 1821 2558 ἀναστή-

235 2587 353 2624 σειν
401 2571 502 2642 τὴν
532 2570 795 2642 ἀνατολὴν
841 2571 938 2644 τὴν
972 2572 1204 2626 δικαίαν.
1244 2573 1352 2627 Καὶ
1396 2576 1424 2626 ὁ
1469 2577 1736 2648 Ζαχαρίας
1764 2579 1820 2630 δὲ

233 2665 369 2737 περὶ
402 2665 500 2718 τοῦ
535 2665 698 2718 αὐτοῦ
731 2666 1086 2738 προφητεύων
1124 2667 1324 2737 ὁμοίως
1370 2669 1632 2740 ἀνατολὴν
1661 2671 1820 2724 αὑτὸν

230 2759 416 2819 καλεῖ,
443 2757 617 2826 λέγων
638 2775 650 2787 ⁸
682 2777 700 2810 ι
743 2759 871 2811 Ἰδοὺ
900 2757 1058 2829 ἀνὴρ,
1089 2760 1322 2831 ἀνατολὴ
1348 2761 1515 2832 ὄνομα
1539 2763 1708 2832 αύτῷ,
1726 2764 1820 2816 καὶ

229 2848 598 2902 ὑποκάτωθεν
642 2848 806 2904 αὑτοῦ
847 2851 1094 2904 ἀνατελεῖ
1135 2852 1448 2924 δικαιοσύνη
1473 2872 1484 2883 ο
1529 2873 1548 2906 ι
1581 2856 1676 2909 καὶ
1714 2856 1820 2908 πά-

227 2945 310 2997 λιν
331 2962 348 2974 ⁸
413 2964 431 2995 ι
462 2944 692 2998 Καλέσω
723 2945 813 2997 τὸν
839 2945 1023 2998 δοῦλόν
1055 2963 1154 3016 μου
1182 2948 1464 3020 ἀνατολήν.
1498 2968 1514 3000 ι
1563 2949 1699 3002 Ἀλλ’
1731 2953 1820 3004 οὐ-

226 3034 339 3098 δείς
373 3052 442 3102 γε
477 3035 613 3105 μετὰ
638 3037 764 3098 τοὺς
803 3034 1064 3106 Ἱερεμίου
1094 3038 1320 3108 χρόνους
1342 3080 1357 3104 ,
1389 3040 1504 3093 ἀλλ’
1535 3041 1652 3094 οὐδὲ
1683 3043 1818 3112 μετά

1925 1943 2128 2000 Deinde
2173 1945 2422 2000 eumdem
2465 1953 2623 1998 vocat
2663 1960 2770 1999 uno
2811 1951 2862 1997 et
2895 1944 3084 1998 eodem
3117 1943 3336 1998 nomine
3366 1957 3490 1994 cum

1921 2053 2006 2102 eo,
2038 2037 2131 2107 qui
2180 2037 2350 2091 multo
2393 2044 2518 2092 ante
2547 2036 2802 2100 decessit,
2848 2034 3033 2090 David.
3070 2035 3301 2090 Attende
3344 2033 3487 2088 enim

1922 2131 2210 2202 diligenter
2258 2147 2381 2185 cum
2426 2130 2559 2184 illud
2590 2132 2842 2201 superius
2876 2151 2888 2184 :
2923 2148 2940 2181 ι
2984 2129 3048 2182 Ει
3077 2128 3353 2184 suscitabo
3387 2128 3491 2197 ipsi

1924 2224 2092 2278 David
2127 2233 2305 2280 ortum
2352 2225 2584 2295 justum,
2635 2245 2654 2276 ι
2691 2233 2803 2278 tum
2847 2223 2978 2278 illud
3014 2222 3158 2293 quod
3209 2221 3275 2276 ad
3307 2230 3488 2276 extre-

1923 2335 2068 2371 mum
2100 2317 2342 2372 additum
2366 2326 2450 2372 est
2482 2338 2494 2372 :
2530 2337 2548 2369 ‹
2581 2317 2645 2372 Ει
2675 2317 2844 2371 David
2881 2331 3058 2386 regem
3105 2330 3262 2371 suum
3315 2317 3492 2368 susci-

1923 2411 2048 2465 tabo
2070 2410 2142 2466 ci.
2191 2431 2209 2464 ι
2258 2411 2355 2466 Cui
2397 2427 2526 2465 vero
2555 2412 2630 2476 ei,
2667 2410 2772 2465 nisi
2807 2410 2910 2480 ipsi
2949 2407 3160 2462 David?
3187 2407 3314 2460 buic
3343 2405 3488 2460 enim

1920 2503 2055 2558 dixit
2089 2519 2148 2558 se
2197 2504 2584 2560 suscitaturum
2616 2515 2792 2558 ortum
2833 2502 3066 2572 justum.
3093 2498 3258 2569 358
3281 2497 3488 2551 Zacha-

1921 2594 2031 2648 rias
2059 2595 2186 2647 item
2217 2593 2282 2648 de
2320 2593 2508 2648 eodem
2538 2594 2876 2658 vaticinans,
2921 2599 3104 2646 ortum
3134 2589 3268 2644 illud
3298 2588 3488 2644 simili-

1919 2695 2000 2739 ter
2028 2693 2186 2740 vocat
2222 2704 2235 2740 :
2294 2705 2312 2736 ι
2354 2685 2493 2740 Ecce
2520 2685 2622 2752 vir,
2663 2693 2817 2741 ortus
2848 2699 3045 2740 nomen
3091 2684 3162 2747 ei,
3212 2689 3266 2737 et
3299 2681 3490 2737 subter

1917 2795 2041 2833 cum
2073 2780 2278 2833 orietur
2306 2779 2517 2848 justitia
2554 2779 2614 2832 ¹⁵.
2651 2799 2669 2830 ι
2695 2776 2759 2832 Ει
2790 2792 3024 2832 rursus:
3060 2795 3079 2828 ‹
3117 2773 3336 2830 Vocabo
3363 2789 3484 2829 ser-

1919 2887 2044 2925 vum
2090 2886 2291 2935 meum,
2346 2879 2526 2926 ortum
2568 2871 2612 2903 “
2651 2888 2664 2924 :
2708 2889 2726 2919 ι
2783 2868 2888 2924 Sed
2941 2869 3087 2923 enim
3137 2866 3321 2921 nullus
3367 2876 3489 2935 post

1916 2963 2162 3020 Jeremiaa
2203 2972 2465 3034 tempora,
2523 2979 2589 3018 ac
2633 2979 2702 3018 ne
2755 2969 2879 3032 post
2934 2961 3213 3016 Zachariae
3263 2957 3486 3029 quidem

1918 3057 2060 3127 apud
2089 3056 2302 3111 Judaeos
2326 3056 2448 3110 talis
2478 3055 2706 3120 exstitit,
2737 3063 2830 3108 ut:
2872 3054 3055 3109 oriens
3083 3054 3262 3122 justus
3289 3071 3307 3104 ι
3332 3065 3492 3105 voca-

225 3127 357 3190 τοὺξ
407 3125 507 3178 τοῦ
535 3126 804 3196 Ζαχαρίου
830 3126 1068 3190 τοιοῦτος
1097 3128 1293 3200 ἀνέστη
1332 3133 1444 3194 τοῖς
1485 3133 1549 3185 ἐκ
1600 3149 1815 3203 περιτο-

1921 3125 2069 3205 retur
2094 3157 2148 3205 et
2183 3168 2200 3201 ‹
2238 3147 2544 3218 intelligens
2571 3162 2685 3209 rex,
2717 3153 2770 3200 et
2791 3145 2996 3200 faciens
3024 3143 3289 3214 judicium
3320 3151 3373 3196 et
3393 3142 3491 3211 ju-

228 3217 341 3288 μῆς
363 3257 383 3282 ,
417 3216 497 3280 ὡς
527 3236 546 3269 ‹
579 3219 811 3292 ἀνατολὴ
836 3219 1018 3273 δικαία
1047 3241 1064 3272 ο
1103 3221 1395 3294 κληθῆναι,
1443 3225 1538 3278 καὶ⁵
1571 3245 1588 3275 ι
1617 3228 1816 3290 συνιεὶς

226 3308 500 3377 βασιλεὺς
523 3351 538 3374 ,
570 3310 663 3363 καὶ
693 3310 860 3364 ποιῶν
894 3315 1066 3383 κρῖμα
1099 3315 1192 3366 καὶ
1224 3314 1569 3387 δικαιοσύνην
1598 3318 1690 3370 ἐπὶ
1721 3318 1818 3388 τῆς

222 3403 352 3472 γῆς.
393 3422 413 3454 ι
465 3403 530 3456 Ei
578 3404 635 3457 δέ
678 3404 822 3473 λέγοι
865 3423 950 3468 τις
991 3406 1078 3460 διὰ
1126 3408 1332 3462 τούτων
1375 3410 1579 3481 Ἰησοῦν
1605 3411 1696 3465 τὸν
1724 3411 1818 3464 τοῦ

236 3495 500 3549 Ἰωσεδὲκ
531 3495 838 3567 δηλοῦσθαι,
865 3499 1204 3564 λεκτέον,ὅτι
1236 3501 1297 3554 ού
1330 3503 1658 3574 συνέστηκεν
1688 3506 1716 3556 ὁ
1735 3503 1819 3556 λό-

224 3605 318 3656 γος
353 3587 537 3658 αύτῷ.
564 3588 702 3642 Οὔτε
723 3592 828 3662 γὰρ
855 3592 961 3644 ἀπὸ
992 3592 1182 3660 γένους
1210 3593 1375 3646 Δαϐὶδ
1403 3587 1554 3657 οὗτος
1579 3591 1666 3666 ἦν,
1695 3594 1816 3648 οὔτε

221 3681 296 3744 ὡς
326 3680 596 3750 βασιλεὺς
615 3682 985 3740 ἐϐασίλευσεν.
1013 3684 1137 3748 Πῶς
1164 3685 1222 3738 δέ
1254 3686 1340 3737 ἐπ’
1373 3688 1573 3739 ἐκεῖνον
1597 3687 1817 3741 δύναται

221 3774 534 3845 ἁρμόττειν
558 3775 646 3838 τὸ,
680 3793 698 3825 ι
727 3777 835 3828 Καὶ
862 3777 952 3830 τὸν
977 3777 1142 3830 Δαϐὶδ
1169 3778 1390 3848 βασιλέα
1411 3780 1697 3850 ἀναστήσω
1723 3781 1820 3834 αύ-

219 3864 337 3935 τῷ;
375 3884 398 3916 ι
433 3864 601 3916 ὁπότε
634 3865 803 3937 φυλῆς
835 3867 936 3938 μὲν
965 3864 1032 3939 ἦν
1055 3869 1216 3933 Λευὶ,
1247 3869 1452 3936 τάξεως
1483 3870 1528 3922 δ’
1559 3871 1817 3942 ἀρχιερα-

221 3961 392 4032 τικῆς
413 4000 428 4023 ,
472 3961 568 4012 καὶ
608 3961 794 4028 γένους
838 3963 1024 4034 ἐτέρου
1055 3963 1204 4035 ποιρά
1232 3965 1319 4017 τὸν
1352 3965 1532 4028 Δαϐὶδ,
1567 3965 1818 4035 βασιλεὺς

220 4055 265 4109 δ’
296 4053 566 4125 οὐδαμῶς
600 4054 836 4123 γεγονὼς
863 4058 1160 4127 ίστορῆται.
1190 4059 1372 4122 Ὥστε,
1411 4060 1459 4110 εί
1495 4058 1682 4130 μηδεὶς
1712 4060 1819 4112 ’έτε-

226 4165 318 4219 ρος
365 4146 688 4217 εὑρίσκοιτο
734 4147 1012 4213 τοιοῦτος,
1060 4149 1176 4220 ὥρα
1209 4150 1298 4204 τὸν
1345 4151 1817 4223 προφητευόμενον

221 4243 320 4294 καὶ
358 4239 458 4294 διὰ
512 4239 716 4293 τούτων
755 4241 1034 4311 ὁμολογεῖν
1073 4243 1229 4312 μόνον
1270 4239 1406 4296 εἶναι
1455 4244 1545 4297 τὸν
1591 4243 1819 4315 Σωτῆρα

224 4334 318 4384 καὶ
377 4330 594 4404 Κύριον
642 4332 830 4403 ἡμῶν,
874 4333 963 4386 τὸν
1011 4333 1103 4387 καὶ
1158 4335 1214 4387 ἐν
1264 4336 1470 4406 ἐτέροις
1517 4355 1536 4388 r
1567 4336 1681 4406 φῶς
1722 4337 1814 4390 τοῦ

223 4425 442 4494 κόσμου
476 4424 571 4476 καὶ
605 4423 718 4491 φῶς
744 4425 852 4479 τῶν
887 4425 1057 4478 ἐθνῶν
1091 4446 1108 4478 ι
1151 4427 1605 4499 ἀνηγορευμένον.
1647 4429 1818 4491 Αὐτὸς

1921 3241 2128 3297 stitiam
2152 3242 2205 3295 in
2247 3249 2443 3296 terra.»
2483 3239 2638 3305 Quod
2669 3240 2712 3294 si
2744 3240 2872 3308 quis
2905 3239 3056 3291 dicat
3088 3237 3141 3290 in
3175 3236 3259 3290 his
3293 3232 3486 3290 Iesum

1921 3335 2087 3388 lilium
2122 3333 2350 3390 Josedec
2377 3333 2692 3404 signiﬁcari,
2725 3331 3012 3386 dicendum
3041 3330 3143 3385 erit
3170 3328 3314 3398 quod
3349 3326 3488 3381 ratio

1922 3425 2035 3480 haec
2089 3426 2167 3480 illi
2223 3435 2476 3481 constare
2527 3440 2634 3479 non
2671 3431 2866 3494 potest.
2919 3421 3053 3476 Nam
3098 3422 3184 3476 hic
3217 3435 3392 3490 neque
3421 3420 3490 3473 de

1921 3533 2114 3588 genere
2160 3517 2330 3572 David
2362 3516 2483 3580 fuit,
2533 3531 2708 3585 neque
2763 3524 3016 3583 tanquam
3071 3529 3164 3568 rex
3224 3511 3486 3581 regnavit.

1920 3609 2202 3675 Quomodo
2236 3616 2413 3664 autem
2445 3609 2518 3663 illi
2545 3616 2725 3682 potest
2759 3605 3160 3668 accommodari
3184 3603 3347 3663 illud,
3387 3620 3406 3652 ι
3436 3609 3492 3655 et

1922 3701 2090 3756 David
2117 3716 2296 3770 regem
2337 3701 2618 3756 suscitabo
2651 3700 2743 3754 ei?
2782 3719 2800 3750 ›
2839 3713 2962 3752 cum
2997 3707 3050 3752 et
3081 3711 3148 3750 ex
3182 3695 3327 3748 tribu
3359 3691 3488 3746 Levi

1919 3802 1973 3847 et
2021 3807 2088 3846 ex
2119 3791 2312 3845 ordine
2367 3790 2646 3860 pontificio
2689 3787 2871 3851 fuerit,
2903 3795 2955 3840 et
3008 3801 3204 3856 genere
3235 3799 3265 3837 a
3317 3781 3486 3836 David

1919 3884 2153 3945 alienus,
2206 3897 2383 3952 neque
2421 3897 2516 3935 rex
2569 3881 2680 3934 ullo
2720 3881 2880 3934 modo
2921 3878 3198 3934 exstitisse
3221 3891 3486 3930 memore-

1919 3976 2042 4030 tur?
2071 3989 2241 4045 quare
2274 3973 2320 4030 si
2357 3975 2538 4030 nullus
2569 3974 2710 4030 alius
2761 3973 3033 4027 invenitur
3076 3971 3200 4025 talis
3223 4009 3238 4032 ,
3271 3975 3486 4037 tempus

1914 4067 2026 4136 jam
2060 4066 2223 4121 fuerit
2248 4081 2370 4120 eum
2403 4065 2471 4121 de
2495 4081 2604 4135 quo
2642 4065 2694 4119 in
2733 4065 2818 4120 his
2848 4063 3085 4119 oraculis
3116 4060 3317 4116 mentio
3348 4059 3487 4113 facta

1918 4163 2021 4222 est,
2052 4163 2104 4210 et
2131 4155 2198 4211 de
2226 4172 2334 4228 quo
2363 4157 2452 4210 illa
2487 4157 2756 4226 praecipue
2814 4152 3293 4225 loquuntur,fateri
3319 4167 3484 4206 unum

1917 4263 2041 4304 esse
2077 4247 2414 4304 Salvatorem
2444 4264 2507 4302 ac
2531 4247 2819 4303 Dominum
2849 4255 3120 4311 nostrum,
3155 4245 3247 4315 qui
3281 4244 3406 4298 alibi
3437 4249 3492 4296 et

1925 4357 1942 4390 ‹
1974 4339 2062 4392 lux
2080 4339 2265 4394 mundi
2288 4346 2342 4395 et
2362 4340 2545 4394 lmnen
2573 4340 2811 4410 gentium
2845 4357 2862 4389 ι
2903 4345 3148 4392 vocatur.
3185 4337 3304 4405 Ipse
3325 4333 3492 4404 igitur

1920 4431 2080 4486 etiam
2118 4431 2223 4486 hoc
2255 4432 2376 4486 loco
2415 4431 2577 4486 fuerit
2607 4432 2673 4486 de
2702 4446 2812 4500 quo
2839 4429 3098 4499 propheta
3146 4427 3405 4497 loquitur,
3437 4431 3492 4478 et

222 4514 530 4584 τοιγαροῦν
573 4515 656 4586 εἴη
701 4515 768 4568 ἂν
809 4517 1086 4571 κάνταῦθα
1113 4520 1140 4571 ὁ
1177 4520 1681 4591 προφητευόμενος,
1723 4521 1813 4573 καὶ

1921 4537 2051 4577 sane
2086 4523 2290 4594 absque
2327 4523 2608 4579 mendacio
2653 4521 2900 4578 constitit
2952 4520 3290 4576 vaticinium.
3328 4517 3488 4570 Solus

225 4607 571 4675 συνέστηκεν
621 4606 856 4678 ἀψευδὴς
903 4611 934 4680 ή
984 4610 1306 4682 πρόρρησις.
1365 4613 1542 4676 Μόνος
1597 4612 1704 4683 γὰρ
1751 4613 1815 4664 ἐκ

225 4701 558 4772 σπέρματος
610 4699 772 4753 Δαῧὶδ
834 4701 1136 4771 ὁμωνύμως
1190 4701 1270 4772 τῷ
1324 4705 1627 4776 προπάτορι
1675 4705 1815 4758 κατά

221 4792 506 4855 διάνοιαν,
552 4792 673 4845 ἐπεὶ
708 4793 1067 4863 ἑρμηνεύεται
1113 4813 1132 4845 ι
1163 4794 1380 4860 δυνατὸς
1414 4799 1590 4867 χειρὶ,
1626 4817 1643 4848 ι
1682 4816 1816 4869 χρη-

225 4884 478 4953 ματίσας
503 4923 517 4945 ,
557 4903 575 4934 ι
607 4887 780 4956 κρῖμα
826 4886 917 4938 καὶ
959 4885 1303 4958 δικαιοσύνην
1333 4907 1350 4939 ι
1391 4889 1479 4941 διὰ
1517 4891 1614 4959 τῆς
1649 4889 1811 4942 αὑτοῦ

219 4973 587 5036 διδασκαλίας
616 4979 729 5038 τοῖς
760 4977 852 5029 ἐπὶ
871 4979 972 5048 γῆς
1001 4977 1203 5031 ἅπασιν
1235 4980 1464 5051 ἐκήρυξε
1483 5020 1498 5044 ,
1532 4982 1625 5034 καὶ
1654 4981 1814 5050 μόνος

221 5066 337 5120 τῶν
366 5065 594 5119 πώποτε
625 5067 725 5121 οὐκ
755 5070 846 5121 ἐπὶ
874 5069 1071 5141 μέρους
1099 5072 1409 5125 ἐϐασίλευσε
1439 5073 1538 5143 τῆς
1564 5073 1813 5143 οἰκουμέ-

221 5178 325 5229 νης
349 5201 364 5223 ,
394 5157 535 5218 ἀλλά
564 5159 657 5210 ἐπὶ
681 5161 858 5213 πᾶσαν
890 5161 986 5232 τὴν
1016 5163 1138 5233 γῆν,
1165 5164 1258 5217 καὶ
1291 5164 1448 5233 μόνος
1476 5163 1711 5216 ἀνέτειλε
1735 5163 1814 5216 δι-

221 5250 530 5321 καιοσύνην
550 5292 564 5316 ,
602 5240 908 5316 ἀκολούθως
949 5254 1042 5307 καὶ
1066 5254 1143 5326 τῷ
1171 5256 1229 5308 ἐν
1255 5253 1452 5326 ψαλμῷ
1489 5256 1616 5324 περὶ
1648 5255 1811 5309 αὑτοῦ

218 5343 512 5418 λεγομένῳ
536 5358 551 5372 ο
606 5362 624 5393 ι
667 5345 938 5398 ’Δνατελεί
971 5349 1028 5399 ἐν
1078 5349 1200 5410 ταῖς
1249 5347 1482 5418 ἡμέραις
1525 5347 1690 5401 αὑτοῦ
1731 5348 1812 5402 δι-

218 5435 518 5505 καιοσύνη,
560 5436 655 5488 καὶ
701 5436 902 5508 πλῆθος
939 5439 1180 5508 εἰρήνης.
1231 5458 1250 5490 ι
1300 5439 1498 5504 Ἰούδας
1543 5440 1600 5493 δὲ
1644 5440 1812 5510 σωθη-

220 5529 456 5599 σόμενος
490 5530 587 5582 καὶ
641 5529 857 5601 Ἰσραὴλ
887 5531 944 5583 ἐν
976 5534 1093 5595 ταῖς
1123 5533 1356 5603 ἡμέραις
1402 5530 1564 5586 αὑτοῦ
1611 5532 1811 5595 πάντες

217 5621 364 5672 εἰσὶν
393 5621 442 5674 οἱ
486 5621 555 5691 τῇ
587 5619 655 5674 δι’
691 5621 858 5674 αὐτοῦ
901 5621 1178 5693 θεοσεϐείᾳ
1217 5623 1678 5695 προσεληλυθότες
1714 5625 1808 5678 τοῦ

301 5797 346 5827 ⁸³
384 5795 497 5854 Jcr.
538 5813 680 5861 xxx,
717 5795 769 5860 8,
799 5800 830 5852 9
906 5799 947 5837 ιι
989 5797 1214 5854 Malacli.
1252 5815 1336 5864 tv,
1374 5799 1426 5856 ἓ.

1510 5801 1550 5832 ³⁵
1591 5799 1816 5856 Zachar.
1854 5816 1942 5862 γι,
1978 5798 2061 5854 12.

1921 4615 2064 4669 enim
2122 4617 2188 4670 de
2243 4617 2448 4670 semine
2493 4613 2662 4668 David
2716 4614 2809 4684 qui
2870 4614 3058 4668 eodem
3113 4612 3330 4666 nomine
3359 4623 3486 4663 cum

1922 4706 2104 4777 prisco
2143 4721 2244 4761 suo
2284 4716 2508 4778 parente
2539 4707 2605 4761 ad
2657 4720 2880 4762 sensum
2927 4703 2999 4758 sit
3027 4703 3230 4764 dictus,
3270 4699 3491 4771 quando

1923 4815 1990 4855 ex
2029 4800 2472 4869 interpretatione
2516 4799 2605 4854 ille
2632 4805 2717 4854 est
2763 4811 2924 4850 manu
2965 4803 3179 4865 potens,
3218 4791 3486 4862 judicium

1921 4899 1976 4947 et
2003 4891 2271 4962 justitiam
2324 4907 2420 4961 per
2463 4906 2617 4946 suam
2661 4890 2834 4961 ipsius
2881 4887 3184 4942 doctrinam
3234 4881 3492 4939 omnibus

1920 4985 2013 5054 qui
2059 4991 2243 5039 essent
2273 4983 2325 5037 in
2363 4991 2506 5039 terra
2537 4982 2838 5046 nuntiavit,
2869 4989 2924 5035 et
2949 4979 3098 5036 solus
3131 4975 3375 5031 omnium
3399 4989 3495 5028 eo-

1919 5093 2042 5133 rum
2089 5079 2181 5148 qui
2218 5094 2456 5148 unquam
2491 5075 2691 5131 fuerint
2719 5089 2827 5129 non
2867 5073 2921 5126 in
2945 5079 3100 5142 parte
3127 5069 3308 5139 aliqua
3339 5064 3494 5122 orbis

1919 5174 2187 5245 regnavit,
2221 5173 2315 5226 sed
2356 5172 2409 5225 in
2455 5171 2602 5225 omni
2659 5183 2888 5240 prorsus
2926 5175 3094 5229 terra,
3147 5171 3201 5218 et
3247 5160 3399 5216 solus
3433 5169 3492 5212 ut

1919 5263 2224 5319 exoriretur
2259 5262 2474 5331 justitia
2507 5270 2698 5314 auctor
2744 5257 2846 5312 fuit
2879 5299 2895 5322 ,
2932 5251 3389 5326 quemadmodum
3423 5247 3492 5302 de

1919 5351 2039 5421 ipso
2068 5334 2125 5404 in
2152 5349 2363 5420 psalmo
2393 5347 2599 5402 dictum
2627 5353 2732 5409 est,
2764 5363 2782 5396 ι
2815 5344 3024 5400 orietur
3051 5342 3108 5396 in
3141 5338 3336 5394 diebus
3368 5335 3491 5403 ejus

1912 5442 2124 5512 justitia
2147 5448 2202 5497 et
2223 5440 2556 5496 abundantia
2582 5440 2734 5509 pacis
2761 5439 2825 5494 ".
2865 5456 2884 5488 ι
2919 5434 3088 5490 Judas
3114 5440 3297 5488 autem
3325 5440 3490 5497 atque

1917 5535 2106 5598 Israel,
2140 5533 2233 5602 qui
2278 5533 2333 5587 in
2358 5533 2552 5588 diebus
2583 5531 2730 5586 illius
2786 5528 3040 5584 servandi
3096 5532 3245 5587 sunt.
3296 5536 3488 5578 omnes

1917 5631 2046 5679 sunt
2077 5624 2168 5695 qui
2206 5624 2351 5679 illius
2385 5623 2641 5694 pietatem
2679 5636 2742 5676 ac
2782 5620 2989 5675 cultum
3037 5634 3104 5674 cx
3130 5615 3359 5671 Iudaico
3392 5628 3487 5682 po--

2143 5800 2184 5831 ¹σ
2213 5796 2440 5854 Zacliar.
2478 5813 2572 5860 Ill,
2609 5796 2660 5851 8.
2742 5796 2780 5827 ³⁷
2822 5793 2966 5850 Psal.
3001 5809 3126 5847 mu
3151 5832 3163 5856 ,
3203 5793 3252 5846 7.
