3908 6266
414 350 517 410 565

1085 344 1350 402 EUSEBII
1390 342 1866 400 CxESAlilENSlS
1905 343 2054 399 OPP.
2100 342 2276 398 PARS
2316 341 2968 400 ll.—APOLOGETlCA.

3537 348 3639 406 εει

415 477 543 548 pulo
597 476 925 544 accepcrint,
980 471 1214 542 apostoli
1262 470 1507 540 ejusdem
1542 479 1594 526 et
1637 470 1885 540 discipuli
1925 479 1965 525 ei

2081 473 2142 523 ἐκ
2175 471 2470 542 περιτομῆς
2496 469 2646 532 λαοῦ,
2672 466 2955 523 ἀπόστολοί
2979 483 3038 520 τε
3065 467 3227 522 αὐτοῦ
3255 465 3347 522 καῖ⁹
3380 467 3640 540 μαθηταὶ,

412 567 778 638 evangelista,
829 572 921 618 aut
955 565 1115 617 etiam
1170 578 1359 617 omnes
1385 562 1476 632 qui
1551 563 1604 616 in
1639 565 1856 617 occulto
1881 562 1978 617 Ju-

413 659 609 719 daeum,
635 669 932 723 verumque
957 652 1124 707 lsrael
1154 662 1498 716 conservent,
1525 669 1646 708 eum
1673 655 1858 724 utique
1887 656 1977 723 qui

413 747 712 805 secundum
767 745 1088 801 sententiam
1147 744 1314 800 Deum
1365 743 1568 800 videat.
1605 764 1624 796 ε
1670 744 1788 800 Non
1835 747 1977 800 enim

409 841 502 912 qui
538 841 590 893 in
623 850 810 909 aperto
843 836 1066 892 Iudaeus
1103 849 1206 902 est,
1248 839 1424 907 inquit
1461 838 1776 908 Apostolus,
1804 854 1979 908 neque

413 945 532 1002 quae
563 930 616 983 in
650 936 839 996 aperto
873 929 927 982 in
961 943 1126 983 carne
1155 936 1241 983 cst
1271 928 1638 993 circumcisio,
1679 929 1772 984 sed
1802 930 1890 998 qui
1922 930 1974 982 in

409 1023 625 1078 occulto
645 1019 884 1082 Iudaeus.
914 1029 969 1076 et
998 1020 1345 1076 circumcisio
1371 1020 1551 1076 cordis
1573 1019 1628 1074 in
1647 1022 1974 1090 spiritu,non

409 1115 462 1167 in
490 1114 687 1178 littera,
722 1115 878 1184 cujus
905 1113 1024 1168 laus
1053 1129 1160 1167 non
1179 1128 1241 1167 ex
1275 1112 1612 1176 hominibus,
1649 1115 1741 1168 sed
1770 1129 1832 1168 ex
1869 1115 1975 1167 Deo

406 1214 490 1261 ost
514 1206 577 1270 "‘,
623 1226 641 1258 ι
673 1205 783 1260 llos
812 1205 981 1276 igitur
1009 1221 1074 1260 ex
1096 1203 1299 1258 Christi
1342 1204 1625 1259 vocatione
1654 1203 1897 1259 Judaeum
1919 1206 1972 1258 in

407 1297 621 1350 occulto
653 1306 702 1351 et
735 1311 919 1350 verum
941 1295 1106 1350 Israel
1136 1295 1434 1350 referentes
1463 1295 1572 1349 alio
1605 1296 1826 1351 nomine
1854 1312 1976 1351 esse

407 1388 683 1443 vocandos
706 1387 860 1450 dicit,
893 1402 1001 1440 non
1045 1386 1232 1456 utique
1273 1385 1490 1442 Iudaeos
1520 1395 1612 1440 aut
1658 1387 1843 1454 Israel,
1880 1389 1973 1443 sed

407 1495 548 1533 novo
595 1480 828 1550 quodam
871 1491 1066 1549 praeter
1125 1480 1258 1533 haec.
1299 1477 1463 1550 359
1502 1476 1613 1532 Hoc
1657 1478 1836 1537 enim.
1892 1479 1975 1533 in-

405 1571 543 1641 quit.
576 1587 793 1635 nomen,
837 1586 946 1641 quo
975 1570 1192 1625 vocabit
1219 1584 1314 1624 eos
1354 1568 1619 1624 Dominus
1646 1568 1971 1633 Josedecim,

405 1662 547 1731 quod
601 1679 666 1716 ex
706 1663 1150 1732 interpretatione
1203 1669 1333 1724 est,
1382 1660 1472 1729 qui
1510 1659 1646 1728 justi
1687 1671 1808 1714 sunt
1856 1659 1970 1716 Dei.

402 1753 700 1808 Considera
748 1762 933 1809 autem
994 1770 1124 1808 num
1183 1754 1412 1809 forsitan
1461 1768 1491 1806 a
1545 1753 1712 1808 Josue
1772 1754 1970 1808 factum

2081 563 2175 615 καὶ
2209 562 2606 630 εύαγγελισταὶ,
2639 561 2672 632 ἢ
2704 562 2796 615 καὶ
2837 561 3035 624 πάντες
3080 562 3128 613 οἱ
3177 561 3268 613 τὸν
3320 563 3378 613 ὲν
3416 559 3642 634 κρυπτῷ

2094 653 2340 706 Ἰουδαῖον
2367 653 2461 706 καὶ
2492 653 2582 705 τὸν
2603 651 2853 722 ἀληθινὸν
2882 651 3097 724 Ἰσραὴλ
3126 653 3214 706 τὸν
3239 653 3379 706 κατὰ
3405 653 3642 708 διάνοιαν

2079 749 2286 820 ὁρῶντα
2333 746 2463 800 Θεὸν
2505 745 2894 808 ἀποσώζοντες.
2935 765 2955 796 ι
2983 746 3057 799 Οὐ
3094 745 3201 815 γὰρ
3243 749 3272 799 6
3317 748 3375 798 ἐν
3426 743 3640 815 φανερῷ

2091 839 2336 901 Ἰουδαῖός
2368 841 2481 891 ἐστι
2501 878 2514 902 ,
2548 857 2565 888 ι
2597 838 2757 906 φησιν
2783 839 2810 891 6
2847 837 3190 900 Ἀπόστολος,
3225 856 3242 888 ι
3271 837 3389 890 οὐδὲ
3415 835 3446 902 ἡ
3475 839 3536 889 ἐν
3566 841 3643 908 τῷ

2081 930 2294 1002 φανερῷ
2323 933 2381 982 ὲν
2417 930 2578 1000 σαρκὶ
2625 929 2894 1000 περιτομὴ
2915 970 2932 995 ,
2979 929 3092 981 ἀλλ’
3124 932 3151 982 6
3200 931 3257 982 ὲν
3293 929 3372 998 τῷ
3415 927 3642 1000 κρυπτῷ

2091 1023 2373 1086 Ἰουδαῖος,
2415 1022 2509 1074 καὶ
2557 1020 2824 1092 περιτομὴ
2857 1020 3080 1092 καρδίας
3123 1021 3181 1072 ἐν
3228 1020 3525 1091 πνεύματι,
3578 1021 3640 1075 οὐ

2077 1116 2400 1188 γράμματι,
2437 1109 2497 1168 οὗ
2530 1113 2558 1165 6
2581 1114 2800 1176 ἔπαινος
2837 1114 2936 1166 οὒκ
2963 1111 3029 1177 ἐξ·
3047 1111 3375 1183 ἀνθρώπιον,
3408 1112 3544 1167 ἀλλὰ
3577 1115 3642 1168 ὲκ

2077 1206 2168 1259 τοῦ
2205 1205 2358 1258 Θεοῦ.
2397 1224 2414 1256 ι
2456 1205 2689 1268 Τούτους
2720 1201 2811 1258 οὖν
2838 1204 2923 1258 διὰ
2951 1205 3052 1274 τῆς
3091 1204 3189 1257 τοῦ
3223 1204 3457 1277 Χριστοῦ
3509 1205 3641 1275 κλή-

2079 1313 2212 1358 σεως
2239 1295 2329 1348 τὸν
2351 1297 2408 1348 ὲν
2429 1294 2654 1368 κρυπτῷ
2686 1295 2934 1348 Ἰουδαῖον
2962 1296 3054 1347 καὶ
3075 1293 3165 1346 τὸν
3188 1293 3399 1364 ἀληθῶς
3423 1295 3639 1365 Ἰσραὴλ

2078 1390 2335 1461 φέροντας
2378 1388 2546 1460 ἑτέρῳ
2575 1389 2706 1460 φησὶ
2749 1388 3110 1461 κληθήσεσθαι
3141 1389 3362 1459 ὀνόματι
3387 1430 3401 1454 ,
3433 1389 3554 1459 οὐχὶ
3584 1388 3640 1440 δὲ

2075 1479 2152 1549 τῷ
2183 1478 2276 1531 τοῦ
2307 1479 2586 1543 Ἰουδαίου,
2630 1479 2748 1532 οὐδὲ
2779 1479 2860 1550 τῷ
2889 1479 2982 1532 τοῦ
3035 1479 3282 1551 Ἰσραὴλ,
3325 1478 3460 1532 ἀλλὰ
3506 1478 3642 1552 ξένῳ

2074 1570 2181 1622 τινὶ
2210 1568 2361 1642 παρά
2401 1569 2592 1624 ταῦτα.
2620 1569 2794 1623 Τοῦτο
2824 1571 2929 1642 γάρ
2955 1586 3086 1640 φησι
3113 1569 3174 1623 τὸ
3204 1570 3392 1640 ὄνομα,
3423 1568 3453 1621 6
3478 1569 3644 1622 καλέ-

2077 1680 2158 1715 σει
2193 1662 2388 1725 αὐτοὺς
2425 1661 2629 1733 Κύριος
2665 1663 3003 1733 Ἰωσεδεκεὶμ
3025 1702 3040 1728 ,
3077 1662 3212 1733 ὅπερ
3242 1660 3645 1731 ἑρμηνεύεται,

2075 1759 2129 1807 οἱ
2155 1755 2259 1808 τοῦ
2282 1755 2427 1808 Θεοῦ
2454 1755 2666 1809 δίκαοι.
2723 1755 3012 1826 Ἐφίστημι
3043 1754 3099 1806 δὲ
3134 1754 3207 1825 μή
3243 1770 3371 1806 ποτε
3405 1769 3646 1822 πεποιη-

403 1845 474 1897 sit
521 1858 741 1907 nomen,
779 1852 833 1898 et
854 1843 1158 1898 Jusedecim
1205 1844 1456 1914 discipuli
1477 1843 1606 1900 Jesu
1635 1846 1965 1916 appellentur

2077 1845 2237 1916 μένον
2276 1845 2394 1897 ἐστὶ
2429 1844 2665 1916 τοῦνομα
2692 1845 2797 1898 ἀπὸ
2824 1842 2916 1897 τοῦ
2951 1844 3145 1897 Ἰοσουὲ
3194 1841 3532 1912 Ἰωσεδεκεὶμ
3553 1881 3570 1906 ,
3617 1841 3644 1893 6

401 1934 541 2005 apud
565 1934 756 1999 Deum,
770 1935 862 2005 qui
881 1935 1023 2004 apud
1041 1936 1286 1992 homines
1303 1936 1518 2006 quidem
1533 1937 1720 1992 Graeco
1737 1938 1970 2008 quodam

401 2042 554 2081 nmre
583 2041 613 2080 a
639 2025 856 2082 Christo
886 2025 1326 2090 denominentur,
1353 2027 1620 2084 llebraica
1653 2039 1832 2086 auten:
1871 2030 1972 2083 lin-

401 2135 506 2188 gua
534 2126 645 2172 tam
676 2119 818 2187 apud
850 2119 998 2188 ipsos
1023 2135 1187 2189 quam
1225 2121 1369 2190 apud
1407 2122 1722 2192 prophetas,
1756 2123 1826 2177 ab
1853 2123 1971 2193 ipso

400 2208 528 2264 Jesu
563 2217 818 2279 tanquam
855 2225 951 2279 per
999 2209 1150 2265 illum
1182 2212 1376 2266 servati
1403 2209 1721 2267 Josedecim.
1756 2212 1835 2267 Ex
1862 2231 1970 2284 quo

401 2301 532 2354 illud
561 2300 764 2354 dictum
795 2310 897 2367 est,
940 2319 958 2352 σ
1000 2311 1052 2358 et
1084 2302 1187 2356 hoc
1220 2319 1416 2359 nomen
1447 2319 1556 2374 quo
1613 2305 1830 2360 vocabit
1873 2321 1969 2361 eos

399 2391 662 2446 Dominus
708 2390 1008 2448 .Iosedecim
1063 2395 1208 2449 inter
1256 2396 1567 2468 prOphetas.
1609 2417 1627 2449 ι
1691 2394 1826 2450 Nam
1876 2400 1965 2467 qui

399 2483 520 2551 ejus
550 2483 626 2538 de
647 2499 755 2554 quo
787 2484 1069 2555 prophetia
1105 2487 1365 2557 loquitur,
1396 2488 1590 2558 inquit,
1622 2489 1854 2558 pepulus
1884 2488 1970 2542 fu-

399 2583 563 2630 turus
581 2583 685 2643 est,
717 2591 842 2630 cum
873 2576 939 2631 ad
974 2593 1196 2633 sensum
1219 2588 1475 2649 acceptus
1499 2578 1670 2634 Judas
1701 2581 1773 2635 sit
1802 2587 1968 2650 atque

395 2665 589 2732 Israel,
613 2667 682 2722 ab
703 2665 871 2724 Josue
894 2670 1266 2725 nominabitur
1286 2668 1613 2735 Josedecim,
1646 2681 1808 2742 atque
1841 2672 1962 2736 bac,

395 2761 596 2829 inquit,
630 2761 992 2831 appellatione
1019 2763 1361 2817 vocabuntur
1389 2779 1495 2818 non
1521 2764 1665 2832 apud
1692 2763 1962 2828 homines,

396 2852 492 2907 sed
536 2852 679 2922 apud
711 2850 878 2907 Deum
903 2892 916 2915 ,
949 2860 1004 2906 et
1046 2853 1187 2922 apud
1230 2853 1518 2923 prophetas
1563 2854 1703 2923 ejus.
1735 2852 1967 2909 Attende

394 2945 540 2996 enim
593 2943 882 3013 diligenter
911 2944 1088 3013 ipsum
1136 2945 1442 3008 oraculum,
1499 2945 1626 3000 dum
1670 2946 1747 2999 ait
1783 2965 1797 2998 :
1837 2963 1856 2994 ‹
1911 2952 1966 2999 et

396 3033 501 3086 hoc
543 3047 764 3097 nomen,
801 3048 910 3103 quo
951 3034 1172 3088 vocabit
1214 3049 1308 3089 eos
1345 3033 1628 3100 Dominus,
1658 3033 1961 3090 Josedecim

396 3125 541 3180 inter
562 3125 878 3195 prophetas,
921 3145 944 3178 ι
974 3126 1118 3196 quod
1143 3141 1361 3188 nomen.
1388 3135 1447 3181 ut
1473 3127 1604 3187 dixi.
1635 3129 1688 3182 in
1716 3135 1960 3183 nostram

395 3216 634 3286 linguam
665 3230 986 3272 conversum
1029 3217 1211 3286 justos
1244 3216 1338 3272 Dei
1368 3219 1656 3288 signiﬁcat.
1689 3219 1824 3273 Cum
1865 3233 1961 3272 au-
1989 3198 2033 3258 C

398 3315 506 3361 tem
539 3306 596 3360 hi
626 3307 708 3364 sic
737 3309 986 3364 servandi
1017 3309 1148 3375 sint,
1191 3312 1470 3380 antiquum
1517 3320 1570 3366 et
1614 3327 1776 3382 grave
1820 3326 1964 3367 acer-

395 3397 748 3454 bissimorum
791 3400 1097 3457 daemonum
1142 3418 1200 3458 se
1249 3404 1608 3458 contriturum
1652 3405 1877 3474 jugum,
1909 3413 1964 3460 et

396 3491 598 3559 quibus
629 3500 788 3548 antea
832 3493 1158 3548 tenebantur
1189 3495 1478 3564 impietatis
1519 3496 1773 3559 vinculis,
1801 3513 1864 3552 ea
1903 3513 1962 3553 se

400 3583 797 3652 perfracturum
856 3586 1144 3656 pollicetur
1189 3586 1350 3643 Deus.
1381 3588 1647 3653 Quocirca
1699 3605 1806 3644 non
1847 3606 1962 3644 am-

397 3677 539 3745 ptius
569 3677 762 3735 alienis
810 3679 1130 3741 inservient,
1170 3681 1264 3736 sed
1299 3682 1390 3736 uni
1426 3682 1528 3750 ipsi
1571 3682 1808 3737 fructum
1837 3697 1963 3752 gra-

397 3770 667 3826 tissimum
700 3769 948 3826 aﬂ'erent.
980 3770 1098 3826 Huc
1131 3775 1268 3830 adde
1305 3778 1435 3832 illud
1467 3779 1610 3848 quod
1633 3780 1687 3833 in
1723 3776 1964 3830 secundo

396 3861 603 3929 psalmo
623 3859 692 3916 de
711 3862 946 3919 adventu
967 3862 1590 3938 Christi,voeationeque
1610 3870 1849 3940 gentium
1879 3867 1962 3922 di-

395 3953 471 4006 cit
497 3953 780 4008 oraculum
819 3972 832 4006 :
882 3972 900 4004 ι
956 3954 1340 4024 Dirumpamus
1384 3957 1603 4014 vincula
1652 3975 1862 4023 eorum,
1907 3965 1962 4013 et

393 4044 748 4114 projiciamus
798 4060 829 4098 a
863 4045 1020 4100 nobis
1049 4045 1240 4116 jugum
1284 4047 1526 4117 ipsorum
1569 4049 1642 4105 ’9;
1687 4059 1716 4094 »ξ
1737 4049 1825 4104 cui
1875 4063 1962 4103 co-

392 4144 618 4206 gnatum
643 4144 698 4191 et
729 4137 908 4192 simile
933 4152 1055 4192 esse
1089 4138 1327 4193 arbitror
1352 4143 1496 4208 quod
1527 4153 1673 4194 nunc
1699 4143 1753 4193 in
1785 4141 1962 4195 mani-

392 4228 496 4282 bus
537 4235 642 4291 est,
665 4227 858 4285 dicens
887 4244 900 4280 :
943 4247 962 4279 ι
998 4229 1057 4283 ln
1089 4229 1177 4285 die
1206 4231 1318 4294 illa,
1353 4230 1488 4284 dixit
1513 4229 1796 4298 Dominus,
1829 4247 1960 4286 con-

391 4325 563 4372 teram
575 4317 764 4388 jugum
785 4318 852 4374 de
866 4319 1007 4375 collo
1037 4335 1246 4384 eorum,
1276 4329 1330 4375 et
1355 4320 1568 4394 vincula
1609 4335 1796 4375 eorum
1827 4336 1960 4376 con-

391 4410 645 4480 t‘ringam,
670 4426 845 4481 neque
863 4413 1232 4481 operabuntur
1249 4413 1479 4481 amplius
1501 4412 1611 4466 diis.
1625 4412 1838 4476 alienis,
1864 4413 1958 4468 sed

2075 1937 2224 2006 παρὰ
2246 1937 2324 2008 τῷ
2347 1937 2464 2008 Θεῷ
2489 1939 2540 1990 οἱ
2568 1935 2660 1990 τοῦ
2695 1935 2870 2006 Ἰησοῦ
2902 1935 3143 2008 μαθηταὶ
3167 1935 3478 2004 κέκληνται,
3504 1933 3644 2003 παρ’

2071 2028 2377 2100 ἀνθρώποις
2401 2031 2506 2100 μὴν
2532 2028 2951 2100 ἑλληνικώτερον
2979 2025 3504 2099 προσαγορευόμενοι
3530 2024 3642 2076 ἀπὲ

2069 2119 2170 2188 τῆς
2197 2118 2289 2172 τοῦ
2313 2119 2548 2190 Χριστοῦ
2573 2118 2949 2191 παρωνυμίας,
2981 2116 3122 2170 κατὰ
3151 2117 3208 2170 δὲ
3237 2117 3336 2187 τὴν
3370 2114 3647 2185 Ἐϐραίων

2072 2210 2253 2282 φωνήν
2279 2211 2369 2264 καὶ
2390 2210 2538 2283 παρὰ
2567 2211 2748 2274 αὐτοῖς
2773 2213 2882 2273 τοῖς
2909 2209 3239 2280 προφήταις,
3265 2207 3370 2260 ἀπὸ
3399 2205 3490 2258 τοῦ
3529 2207 3642 2275 Ἰη-

2072 2302 2185 2366 σοῦ,
2219 2302 2293 2366 ὡς
2322 2303 2388 2356 ἂν
2430 2302 2496 2355 δι’
2539 2301 2701 2356 αὑτοῦ
2743 2302 3092 2372 σεσωσμένοι,
3157 2298 3510 2368 Ἰωσεδεκείμ.
3544 2296 3639 2350 Διὸ

2069 2393 2343 2457 λέλεκται,
2381 2395 2502 2448 «καὶ
2529 2394 2684 2447 τοῦτο
2715 2395 2774 2447 τὸ
2805 2393 2973 2465 ὄνομα
3005 2392 3034 2446 ὃ
3060 2392 3274 2446 καλέσει
3301 2392 3494 2453 αὐτοὺς
3522 2389 3638 2441 Κύ-

2070 2503 2203 2557 ριος,
2239 2487 2577 2557 Ἰωσεδεκεὶμ
2609 2489 2666 2540 ὲν
2689 2491 2800 2551 τοῖς
2831 2487 3186 2559 προφήταις.»
3205 2487 3265 2539 '0
3295 2485 3359 2556 δὴ
3389 2480 3482 2537 οῦν
3509 2483 3642 2553 μέλ-

2068 2580 2194 2644 λων,
2234 2582 2386 2652 φησι,
2420 2581 2506 2634 διὰ
2523 2580 2617 2634 τοῦ
2651 2581 3124 2652 προφητευομένου
3161 2579 3310 2643 λαὸς,
3342 2577 3481 2632 κατὰ
3518 2578 3642 2630 διά.

2067 2689 2214 2728 νοιαν
2250 2673 2446 2738 Ἰούδας
2479 2674 2629 2737 ὄντες
2657 2674 2748 2727 καὶ
2780 2674 2992 2746 Ἰσραὴλ
3013 2714 3028 2737 ,
3050 2672 3502 2745 ὀνομασθήσονται
3525 2669 3640 2723 ἀπὸ

2066 2764 2160 2818 τοῦ
2198 2763 2394 2817 Ἰοσουὲ
2435 2762 2792 2833 Ἰωσεδεκεὶμ,
2817 2765 2912 2817 καὶ
2935 2763 3108 2834 τούτῳ
3136 2762 3200 2831 γέ
3229 2778 3390 2832 φησι,
3423 2757 3640 2830 κληθή-

2069 2871 2248 2908 σονται
2273 2853 2351 2923 τῷ
2373 2853 2720 2924 προσρήματι
2746 2853 2805 2905 οὐ
2836 2854 2965 2924 παρ’
2987 2851 3309 2924 ἀνθρώποις,
3334 2848 3467 2902 ἀλλὰ
3500 2849 3637 2919 παρ’

2066 2945 2214 3018 αὑτῷ
2245 2944 2322 3017 τῷ
2344 2946 2480 3017 Θεῷ,
2503 2946 2597 3000 καὶ
2623 2945 2775 3017 παρὰ
2805 2947 2916 3008 τοῖς
2949 2944 3250 3015 προφήταις
3277 2939 3460 2994 αὑτοῦ.
3478 2939 3639 2991 Ἐπι-

2071 3039 2246 3110 μελῶς
2279 3039 2386 3111 γὰρ
2420 3039 2655 3110 πρόσχες
2692 3036 2771 3108 τῷ
2799 3036 2942 3106 λόγῳ
2977 3037 3205 3106 φήσαντι
3226 3073 3240 3096 ,
3291 3052 3309 3084 ι
3341 3032 3432 3086 καὶ
3471 3031 3640 3084 τοῦτο

2063 3133 2124 3185 τὸ
2149 3133 2344 3203 ὄνομα,
2380 3132 2408 3184 ὃ
2439 3130 2653 3186 καλέσει
2683 3129 2876 3192 αὐτοὺς
2913 3129 3142 3200 Κύριος,
3195 3123 3528 3194 Ἰωσεδεκεὶμ
3575 3125 3643 3177 ὲν

2063 3228 2177 3289 τοῖς
2233 3226 2553 3296 προφήταις.
2589 3243 2606 3274 ι
2655 3221 3137 3293 Μεταλαμϐάνεται
3190 3219 3273 3282 δὲ,
3335 3218 3410 3280 ὡς
3461 3215 3636 3285 ἔφην,

2063 3314 2296 3386 τοῦνομα
2321 3316 2399 3378 είς
2425 3316 2522 3385 τὴν
2538 3315 2800 3384 Ἐλλήνων
2819 3311 3020 3382 φωνὴν,
3043 3312 3093 3362 οἱ
3123 3307 3214 3362 τοῦ
3247 3305 3380 3361 Θεοῦ
3408 3305 3637 3358 δίκαιον

2063 3407 2266 3460 τούτων
2289 3407 2346 3460 δὲ
2373 3407 2544 3470 οὕτως
2576 3405 2966 3476 σωθησομένων
2987 3445 3002 3467 ,
3029 3404 3120 3456 τὸν
3149 3400 3373 3455 παλαιὸν
3406 3399 3498 3452 καὶ
3533 3395 3639 3466 βα-

2068 3502 2162 3570 ρὺν
2190 3499 2298 3552 τῶν
2333 3499 2546 3571 πικρῶν
2573 3497 2843 3569 δαιμόνων
2865 3495 3026 3564 ζυγὸν
3054 3492 3360 3564 συντρίψειν
3381 3489 3476 3544 καὶ
3503 3490 3644 3552 τοὺς.

2062 3586 2143 3654 οἷς
2192 3591 2267 3644 τὸ.
2297 3593 2423 3662 πρὶν
2472 3589 2805 3661 συνείχοντο,
2850 3588 3079 3658 δεσμοὺς
3110 3587 3218 3640 τῶν
3268 3581 3650 3653 ἀσεϐημάτων¹

2062 3681 2370 3753 διαρῤήξειν
2421 3682 2450 3734 6
2486 3680 2618 3744 Θεὸς
2663 3678 3083 3747 ἐπαγγέλλεται,
3130 3675 3206 3737 ὡς
3245 3671 3441 3744 μηκέτι
3487 3670 3640 3733 θεοῖς

2064 3774 2361 3844 ἀλλοτρίοις
2391 3773 2658 3827 δουλεύειν
2701 3772 2929 3835 αὐτοὺς,
2976 3769 3120 3840 μόνῳ
3156 3767 3212 3820 δὲ
3241 3763 3388 3833 αύτῷ
3420 3779 3639 3832 καρπο-

2065 3869 2250 3938 φορεῖν
2281 3865 2642 3936 ἀρεσκόντως.
2682 3862 2934 3933 Παράθες
2977 3861 3034 3913 δὲ
3066 3859 3273 3921 τούτοις
3313 3855 3371 3909 τὸ
3408 3857 3465 3907 ὲν
3507 3856 3636 3906 δευ-

2062 3957 2206 4028 τέρῳ
2242 3953 2441 4025 ψαλμῷ
2476 3955 2571 4007 ἐπὶ
2593 3955 2658 4024 τῇ
2689 3951 2784 4014 τοῦ
2812 3949 3046 4023 Χριστοῦ
3089 3946 3389 4019 παρουσίᾳ,
3433 3943 3528 3998 καὶ
3560 3945 3635 4014 τῇ

2061 4047 2167 4102 τῶν
2223 4048 2390 4102 ἐθνῶν
2437 4047 2625 4118 κλήσει
2670 4043 2874 4114 φάσκον
2933 4042 3142 4111 λόγιον,
3193 4059 3210 4091 ι
3238 4034 3634 4109 Διαρρήξωμεν

2060 4140 2186 4204 τοὺς
2210 4140 2438 4210 δεσμοὺς
2470 4137 2668 4202 αὐτῶν,
2697 4138 2791 4190 καὶ
2816 4133 3206 4206 ἀπορρίψωμεν
3234 4129 3325 4198 ἀφ’
3354 4127 3513 4199 ἡμῶν
3536 4127 3634 4180 τὸν

2062 4231 2223 4301 ζυγὸν
2262 4231 2467 4295 αὐτῶν,
2501 4249 2529 4281 ι.
2563 4222 2608 4296 ᾧ
2640 4227 2919 4297 συγγενὲς,
2967 4223 3225 4296 ἡγοῦμαι,
3275 4219 3534 4290 τυγχάνει
3574 4219 3635 4271 τὸ

2065 4323 2202 4395 μετὰ
2243 4325 2430 4395 χεῖρας
2471 4321 2666 4388 λέγον)
2721 4340 2740 4370 ι
2783 4320 2870 4372 Ἐν
2895 4320 2962 4388 τῇ
3006 4316 3196 4387 ἡμέρᾳ.⁴
3237 4312 3443 4384 ἐκείνῃ,
3505 4308 3632 4364 εἷπε

2061 4417 2262 4488 Κύριος
2281 4455 2295 4478 ,
2328 4413 2598 4484 συντρίψω
2644 4410 2825 4480 ζυγὸν.
2849 4409 2955 4462 ἀπὸ
2981 4407 3260 4481 τραχήλου
3283 4405 3461 4458 αὐτῶν
3486 4445 3502 4470 ,
3537 4405 3633 4457 καὶ

390 4503 762 4572 oper-abuntur.
791 4505 1018 4560 Domino
1048 4505 1158 4561 Deo
1186 4521 1308 4560 suo.
1349 4526 1368 4558 ›
1405 4505 1695 4570 Caeterum,
1720 4505 1866 4574 quod
1890 4505 1958 4560 de

2069 4508 2185 4570 τοὺς
2212 4507 2442 4576 δεσμοὺς
2469 4503 2644 4558 αὐτῶν
2671 4501 2943 4576 διαρῥήξω
2961 4541 2975 4564 ,
3005 4502 3106 4554 καὶ.
3130 4501 3228 4553 οὐκ
3251 4497 3518 4569 ὲργῶνται
3550 4497 3635 4550 ἔτι

389 4595 571 4650 fructu
594 4596 812 4667 quidem
838 4599 1047 4652 ventris
1077 4597 1266 4661 David,
1297 4605 1352 4652 et
1370 4596 1438 4652 de
1471 4597 1680 4652 semine
1708 4595 1960 4651 Salomoo

386 4687 498 4752 nis,
537 4689 726 4759 deque,
760 4689 945 4744 radice
979 4688 1136 4745 Iesse
1173 4688 1427 4745 Christus
1465 4689 1558 4744 Dei
1601 4690 1846 4744 oriturus
1886 4691 1960 4746 sit

387 4785 594 4851 dictus,
614 4786 762 4856 quod
784 4786 948 4841 etiam
979 4785 1160 4856 ipsum
1194 4784 1395 4840 factum
1439 4793 1542 4848 est,
1587 4783 1805 4854 quando
1832 4799 1960 4838 cum

387 4878 888 4933 innumerabilibus
919 4878 1040 4934 aliis
1079 4876 1556 4948 appellationibus,
1589 4877 1754 4930 etiam
1791 4875 1964 4931 David-

385 4969 565 5039 ipsum
601 4969 788 5024 divina
821 4979 1022 5024 vocant
1049 4970 1293 5033 oracula,
1324 4969 1459 5025 satis
1494 4969 1708 5024 abunde
1754 4969 1958 5038 proba-

385 5061 562 5116 verint
591 5076 676 5125 ea,
709 5077 831 5131 quae
853 5061 966 5131 jam
999 5061 1142 5115 dicta
1175 5068 1321 5117 sunt.
1353 5059 1511 5126 Quod
1539 5075 1670 5115 vero
1695 5061 1858 5114 etiam
1891 5059 1960 5114 de

383 5153 530 5208 tribu
554 5151 693 5207 Iuda
728 5153 946 5207 dicatur
980 5153 1321 5224 proditurus,
1358 5169 1428 5208 ne
1445 5151 1797 5222 quaerendum
1827 5150 1955 5220 qui,-

385 5246 507 5298 clem
559 5245 746 5309 fuerit,
780 5261 905 5300 cum
933 5261 999 5300 ex
1031 5246 1135 5299 alia
1167 5245 1316 5299 nulla
1363 5243 1530 5308 tribu,
1565 5257 1726 5313 quam
1755 5258 1821 5296 ex
1853 5241 1956 5295 hac

387 5336 500 5402 ipsa
540 5347 692 5392 ortus
724 5337 796 5391 sit
825 5338 940 5406 ipse
974 5336 1162 5392 David.
1188 5337 1358 5390 Porro
1387 5336 1530 5390 idem
1560 5334 1664 5389 hoc
1694 5333 1954 5404 plenioris

384 5427 670 5494 cujusdam
705 5427 825 5482 ﬁdei
855 5429 1026 5498 gratia
1047 5429 1329 5483 oraculum
1356 5442 1572 5497 quoque
1607 5425 1737 5479 illud
1767 5431 1954 5478 osten-

383 5517 520 5571 (lerit
555 5518 700 5588 quod
744 5521 883 5590 apud
918 5519 1120 5574 Mosem
1153 5521 1210 5574 in
1251 5520 1396 5573 hunc
1427 5518 1647 5572 modum
1683 5532 1740 5573 se
1771 5516 1948 5572 habet.

457 5781 497 5809 "‘
542 5779 671 5834 limit
732 5800 803 5851 ll,
841 5786 1008 5841 28-29
1114 5789 1153 5818 ‘9
1196 5785 1342 5841 Psal.
1379 5802 1449 5855 ιι,
1491 5788 1542 5841 '5.

2061 4599 2202 4660 θεοῖς
2236 4595 2564 4666 ἀλλοτρίοις,
2595 4595 2711 4648 ἀλλ’
2752 4593 3016 4664 ὲργῶνται
3049 4591 3236 4664 Κυρίῳ
3276 4589 3500 4660 τῷΘεῷ
3536 4590 3635 4643 αὑ-

2061 4691 2186 4744 τῶν.
2221 4711 2238 4742 ι
2296 4689 2434 4743 Ἀλλ’
2477 4690 2568 4742 ὅτι.
2594 4689 2690 4759 μὲν
2724 4690 2788 4741 ἐκ
2838 4686 3048 4758 καρποῦ
3080 4685 3178 4755 τῆς
3218 4684 3422 4746 κοιλίας
3464 4682 3634 4735 Δασὶδ

2061 4783 2156 4836 καὶ
2183 4784 2246 4835 ὲκ
2276 4781 2586 4852 σπέρματος
2613 4778 2941 4850 Σολομῶνος,
2974 4778 3066 4831 καὶ
3099 4778 3164 4831 ὲκ
3189 4775 3344 4847 ῥίζης
3375 4775 3578 4831 Ἰεσσαὶ
3602 4774 3632 4825 6

2062 4872 2294 4943 Χριστὸς
2325 4871 2417 4924 τοῦ
2452 4869 2605 4924 Θεοῦ·
2635 4865 3060 4938 γεννηθήσεσθαι
3098 4864 3449 4938 προείρηται,
3493 4862 3634 4932 ὅπερ

2061 4967 2154 5020 καὶ
2185 4964 2440 5032 γέγονεν,
2484 4963 2566 5015 ὅτι
2611 4960 2757 5031 μετὰ.
2783 4959 2990 5031 μυρίων
3038 4958 3211 5015 ἄλλων
3246 4953 3631 5028 προσηγοριῶν

2065 5055 2158 5108 καὶ
2188 5054 2350 5108 Δαῢὶδ
2381 5053 2541 5107 αὐτὸν
2571 5049 2922 5121 ὀνομάζουσιν
2953 5051 3002 5102 οἱ
3035 5048 3166 5101 θεῖοι
3188 5046 3352 5114 λόγοι,
3376 5044 3629 5116 αὐτάρκη

2063 5145 2436 5201 πιστώσασθαι
2481 5145 2548 5197 τὰ
2599 5143 2882 5215 εἰρημένα.
2933 5143 3052 5194 Ὅτι
3096 5139 3152 5192 δὲ
3199 5138 3292 5191 καὶ
3335 5138 3400 5189 ἐκ
3453 5135 3630 5204 φυλῆς

2075 5238 2242 5291 Ἰούδα
2265 5237 2478 5305 λέγεται
2511 5233 2927 5308 προελεύσεσθαι
2947 5273 2960 5297 ,
2988 5231 3097 5284 οὐδ’
3126 5230 3192 5284 ἃν
3225 5227 3482 5300 ζητηθείη
3505 5266 3520 5287 ,
3550 5228 3636 5298 τῷ

2064 5329 2186 5401 μηδ’
2215 5329 2407 5400 ἐτέρας
2437 5330 2469 5400 ἢ
2497 5328 2597 5398 τῆς
2620 5325 2949 5398 δηλωθείσης
2991 5321 3162 5392 φυλῆς
3188 5319 3282 5373 καὶ
3303 5317 3467 5372 αὑτὸν
3492 5311 3643 5370 εἶναι

2059 5420 2150 5474 τὸν
2177 5421 2360 5474 Δαϐίδ.
2406 5421 2617 5473 Γένοιτο
2660 5419 2704 5471 δ’
2739 5417 2804 5472 ἂν
2851 5419 2915 5469 ὲκ
2957 5411 3269 5484 περιουσίας
3313 5409 3406 5463 καὶ
3437 5407 3634 5462 τούτου

2061 5515 2466 5586 παραστατικὸν
2502 5513 2560 5566 τὸ
2593 5511 2742 5583 παρὰ
2769 5510 2990 5565 Μωῦσεῖ
3019 5507 3228 5575 λόγιον,
3276 5500 3463 5555 τοῦτον
3504 5499 3633 5570 ἔχον

2059 5604 2148 5657 τδν
2182 5606 2398 5659 τρόπον.
