3908 6266
263 325 356 380 565
1099 329 1750 392 DEMONSTRATIONIS
1785 336 1806 390 l

1956 335 2238 392 aeruca:
2274 335 2400 390 LIB.
2441 335 2544 390 vn.
3378 337 3499 396 565.

272 442 406 528 Ἀετᾲ
433 442 545 512 τῆς
570 444 1079 528 Γενέοεῳςς-ςης
1099 452 1168 506 ἐκ
1188 452 1386 528 φυᾼῆς
1404 455 1606 528 ’Ἰούδα
1628 473 1815 528 rer-m-

1938 455 2089 528 360
2115 455 2155 508 Α
2189 454 2498 528 Genesi._7—_
2535 451 2984 528 Quemadmodum
3032 467 3096 507 ex
3146 451 3286 528 tribu
3335 451 3481 507 Iuda

323 513 571 594 θήσεται
590 557 615 594 1
637 518 732 569 καὶ
763 517 880 571 τῶν
907 513 1095 594 etEt-nbis
1121 513 1452 590 προσδοκία
1493 529 1524 578 ὁ
1565 513 1820 592 Χριστὸξδ
1857 513 1866 518 Ἰ

1941 513 2240 594 ’ἶτῖςεειιιι-
2263 525 2351 588 qui
2373 513 2614 594 Christus
2641 532 2717 578 est
2741 521 2858 592 Dei,
2882 522 3115 593 idemque
3140 524 3369 593 gentium
3389 539 3484 578 ex-

327 587 433 637 τοῦ
471 587 620 638 Θεοῦ
639 587 1175 656 κατασταθήσεταιξ
1608 587 1624 592 ⁷
1796 587 1809 592 ’

1079 587 1175 646 rat.
1608 587 1624 592 ⁷
1796 587 1809 592 ’
1985 591 2236 657 spectatio
2261 587 2622 646 Constituetur.

330 733 348 766 ι
390 715 593 782 Ἰούδα,
630 719 689 771 σὲ
721 721 1023 775 αίνέσουσιν
1053 725 1101 778 οξ
1137 724 1351 795 ἀδελφοί
1393 745 1484 781 σου
1505 769 1518 793 ,
1553 731 1607 782 αί
1644 730 1826 803 χεῖρές

1997 747 2014 778 ι
2067 725 2224 790 Iuda,
2251 736 2304 782 te
2341 726 2640 781 laudabunt
2693 724 2890 781 fratres
2935 726 3034 791 tui,
3065 739 3258 780 manus
3286 732 3394 780 tua:
3424 727 3480 781 in

259 823 350 859 σου
377 809 475 861 ἐπὶ
495 808 664 863 νώτου
687 811 796 867 τῶν
823 814 1030 886 ἐχθρῶν
1057 834 1170 883 σου,
1209 822 1640 893 προσκυνήσουσί
1669 841 1749 876 σοι
1771 841 1799 876 o

1937 837 2069 892 .ergo
2096 821 2439 876 inimicorum
2470 827 2713 884 tuorum,
2751 818 3055 874 adorabunt
3084 825 3138 872 te
3182 817 3278 871 ﬁlii
3312 818 3480 887 patris

256 900 359 952 ulo‘t
383 899 480 953 τοῦ
531 903 737 974 πατρός
786 921 898 959 σου.
942 907 1185 979 Σκύμνος
1223 909 1432 974 λέοντος
1455 951 1470 977 ,
1511 912 1708 980 Ἰούδα,
1756 917 1799 968 ἐι

1938 913 2018 967 ιιί.
2057 912 2288 966 Catulus
2341 909 2514 965 leonis
2539 908 2708 973 Iuda,
2749 907 2816 963 de
2857 908 3119 978 germine,
3160 906 3233 961 mi
3262 905 3358 973 ﬁli,
3393 921 3481 961 as-

257 990 486 1059 βλαστοῦ
516 1009 615 1061 μου
636 1033 650 1056 ,
676 994 758 1047 υιὲ
779 1037 794 1062 ,
826 997 1045 1070 ἁνὲὄης,
1087 1000 1394 1056 Ἀναπεσὼν
1427 1004 1720 1074 ἐκοιμήθης
1745 1005 1800 1065 ὡς

1939 1004 2173 1070 :endisti,
2215 1002 2539 1058 recumbens
2577 1000 2884 1055 dormivisti
2918 1007 2978 1054 ut
3014 1001 3118 1063 leo,
3151 1008 3205 1055 et
3237 1006 3298 1053 ut
3326 1005 3482 1052 catu-

253 1073 389 1128 λέων
406 1115 422 1140 ,
454 1077 547 1129 καὶ
567 1077 642 1142 ὡς
660 1080 914 1151 σκύμνος.
952 1085 1048 1149 Τίς
1087 1088 1268 1159 ἐγερεῖ
1297 1089 1486 1156 eam;
1514 1073 1627 1145 Ούκ
1652 1073 1794 1145 ἐκλεί

1944 1111 2026 1160 us,
2058 1095 2182 1166 quis
2231 1093 2487 1149 excitabit
2537 1092 2695 1148 eum?
2722 1106 2830 1145 non
2872 1090 3088 1146 deficiet
3126 1091 3378 1161 princeps
3413 1089 3481 1144 de

251 1167 340 1234 ψει
370 1169 554 1239 ἄρχων
581 1170 640 1236 ἐξ
670 1171 871 1239 Ἰούδα,
902 1175 1020 1228 οὐδὲ
1059 1178 1356 1250 ἡγούμενος
1394 1183 1458 1234 ἐκ
1495 1182 1602 1236 τῶν
1633 1184 1794 1256 μηρῶη

1940 1185 2080 1250 Iuda,
2118 1199 2291 1254 neque
2327 1184 2432 1239 dux
2475 1182 2542 1237 de
2593 1181 2891 1237 femoribus
2936 1179 3076 1249 ejus,
3104 1179 3275 1235 donec
3301 1180 3483 1235 veniat

250 1261 449 1324 αὐτοῦ,
498 1261 602 1326 ἕως
642 1263 708 1316 ἂν
742 1264 868 1337 ἔλθῃ
919 1260 962 1335 ᾧ
994 1269 1311 1338 ἀπόκειται,
1352 1273 1445 1326 καὶ
1476 1275 1636 1338 αὐτὸς
1670 1275 1793 1328 ἔστα

1939 1281 2011 1334 :ui
2063 1279 2361 1349 repositum
2410 1285 2515 1341 est,
2565 1285 2619 1331 et
2655 1275 2771 1346 ipse
2828 1274 2930 1329 erit
2977 1273 3307 1344 exspectatio
3353 1287 3482 1343 gen-

251 1352 549 1422 προσδοκία
583 1355 795 1438 ἐθνῶν.
831 1377 849 1408 ι
897 1357 1115 1415 Δώδεκα
1161 1363 1338 1431 φυλῶν
1384 1365 1512 1437 παρ’
1554 1367 1794 1438 Ἐϐραίοιη

1939 1371 2056 1425 ,ἰυῖιι
2085 1371 2152 1426 ³ο,
2194 1389 2212 1423 ›
2241 1368 2376 1424 Cum
2406 1367 2690 1424 duodecim
2744 1366 2883 1436 apud
2906 1364 3159 1420 Hebraeos
3191 1364 3365 1418 tribus
3396 1380 3482 1419 cs-

247 1441 447 1507 οὑσῶν,
478 1443 544 1496 δι’
571 1437 644 1522 ὧν
670 1445 729 1498 τὸ
762 1449 868 1501 πᾶν
899 1448 1048 1514 ἔθνος
1082 1455 1403 1525 συνεστήκει
1422 1496 1436 1520 ,
1467 1459 1595 1526 μιᾶς
1618 1437 1790 1511 τούτω

1940 1468 2064 1522 sent,
2095 1475 2161 1515 ex
2189 1459 2385 1530 quibus
2418 1472 2550 1528 gens
2578 1457 2830 1512 universa
2858 1455 3164 1519 constabat,
3195 1454 3358 1509 unius
3386 1453 3483 1506 ha-

248 1533 556 1606 προπέιτωρ
600 1536 791 1605 γέγονε
818 1541 912 1593 καὶ
944 1541 1238 1612 ἀρχίφυλος
1263 1547 1292 1598 ὁ
1331 1545 1561 1613 Ἰούδας,
1595 1549 1732 1618 πρὸς
1763 1549 1790 1602 ὃ

1940 1567 2041 1604 ιιιιιι
2087 1550 2294 1621 primus
2322 1563 2520 1619 parens
2559 1562 2622 1601 ac
2667 1547 2919 1618 princeps
2945 1545 3153 1601 exstitit
3193 1543 3382 1609 Judas,
3416 1543 3483 1597 ad

244 1622 600 1679 τεθέσπισται
641 1626 709 1680 τὰ
748 1631 1120 1702 προκείμενα,
1159 1633 1218 1700 ἐξ
1265 1637 1427 1690 αὐτοῦ
1458 1638 1549 1691 τὸν
1589 1641 1787 1711 Χριστὸ

1939 1656 2080 1711 luem
2109 1655 2194 1706 ea,
2246 1655 2366 1711 quae
2396 1637 2558 1693 modo
2589 1637 2875 1692 citavimus
2917 1636 2984 1690 ab
3029 1634 3250 1690 oraculo
3277 1635 3482 1689 directa

246 1715 673 1786 προελεύσεσθαι
705 1723 1056 1793 σημαίνοντα.
1103 1726 1166 1778 Εί
1204 1727 1334 1796 γοῦν
1372 1730 1697 1801 συναγάγοις
1729 1733 1789 1784 ἐπ

1937 1741 2069 1798 sunt,
2100 1748 2219 1804 qua;
2249 1731 2316 1787 de
2361 1731 2454 1787 illo
2483 1730 2601 1800 ipso
2629 1727 2906 1783 Christum
2939 1726 3278 1796 proditurum
3312 1725 3480 1796 signi-

244 1805 447 1870 ταύτὸ,
489 1809 580 1861 καὶ
610 1811 912 1884 παραθείης
947 1819 1012 1887 τῇ
1048 1817 1185 1887 μετὰ
1218 1794 1419 1891 Ἵχεῖρας
1459 1794 1557 1885 τας
1591 1794 1787 1876 *ἐνῗτοί

1937 1826 2104 1881 icent.
2142 1824 2294 1891 Quod
2348 1822 2396 1878 si
2437 1821 2626 1877 eodem
2672 1819 3036 1890 congesseris,
3069 1826 3123 1874 et
3165 1817 3294 1872 huic
3318 1831 3480 1888 quam

245 1895 488 1965 πρόσθεν
516 1898 761 1964 τεθείσας
786 1905 1138 1974 προφητείας,
1159 1905 1338 1978 εὕροις
1361 1908 1426 1962 ἂν
1453 1910 1650 1980 ὁμοίως
1679 1929 1788 1965 κατι

1941 1930 2066 1971 tunc
2105 1923 2430 1979 tractamus,
2461 1929 2556 1970 eas
2586 1914 2713 1968 item
2742 1927 2862 1982 quae
2901 1910 2957 1964 in
2997 1908 3368 1980 superioribus
3387 1923 3484 1978 po-

242 2001 300 2077 τι
333 1985 513 2077 κοινὸν
558 1992 779 2059 σημεῖον
819 1992 910 2046 τὸν
957 1995 1120 2049 αὐτὸν
1163 1999 1584 2070 κηρυττόμενον.
1623 2003 1686 2055 Ἡ
1721 2003 1785 2073 μὲ

1940 2009 2039 2063 ιίιω
2084 2016 2231 2073 sunt,
2281 2004 2594 2077 prophetias
2643 2003 2994 2075 apposueris,
3025 2001 3266 2056 invenies
3321 1999 3483 2055 simili

241 2075 357 2168 γαρ
387 2076 540 2146 ἔλεγε
569 2084 696 2152 περὶ
725 2084 820 2136 τοῦ
854 2086 918 2138 ἐκ
957 2087 1112 2157 ῥίζης
1150 2089 1344 2143 Ἰεσσαὶ⁹
1380 2093 1784 2166 ἀναστησομένο

1940 2100 2130 2155 atione
2159 2097 2228 2153 ad
2262 2075 2531 2168 quoddam
2580 2097 2795 2167 signum
2834 2108 3150 2158 commune,
3195 2106 3363 2147 unum
3400 2099 3483 2144 at-

242 2167 328 2262 τδ,
375 2189 392 2220 ι
425 2172 534 2262 Καὶ
564 2173 715 2228 ἔσται
737 2177 1092 2248 ἀνιστάμενος
1114 2180 1305 2252 ἄρχειν
1330 2184 1520 2251 ἐθνῶν,
1551 2187 1636 2239 ἐπ’
1671 2187 1785 2240 αύτι

1938 2205 2026 2262 lue
2063 2167 2313 2246 eumdem
2357 2187 2617 2243 nuntiari.
2650 2186 2744 2241 Illa
2775 2186 2991 2257 quidem
3024 2184 3092 2240 de
3139 2199 3202 2240 eo
3248 2182 3481 2248 dicebat,

243 2259 379 2332 ἔθνη
406 2261 679 2318 ἐλπιοῦσιν
699 2283 713 2296 ·
751 2287 769 2319 ι
809 2270 841 2339 ή
871 2269 927 2322 δὲ
956 2272 1083 2341 περὶ
1113 2273 1206 2326 τοῦ
1239 2274 1352 2328 υίοῦ
1388 2275 1697 2347 Σολομῶνος
1723 2279 1784 2332 τὸ

1940 2283 2013 2354 ιιιί
2044 2283 2112 2337 de
2138 2281 2321 2336 radice
2351 2280 2506 2336 Iesse
2535 2287 2678 2335 esset
2707 2285 3077 2340 surrecturus,
3119 2294 3137 2326 ι
3169 2283 3222 2329 et
3245 2273 3353 2328 erit
3389 2273 3483 2343 qui

249 2369 268 2446 ι
302 2356 729 2446 κατακυριεύσει
777 2360 885 2413 ἀπὸ
923 2361 1195 2436 Θαλάσσης
1232 2365 1337 2430 ἕως
1384 2367 1690 2440 θαλάσσης,
1726 2387 1792 2424 κα

1939 2374 2096 2446 :urgit
2143 2375 2411 2445 imperare
2453 2372 2743 2443 gentibus,
2790 2372 2846 2425 in
2900 2371 3019 2440 ipso
3053 2373 3240 2440 gentes
3292 2381 3482 2436 spera-

241 2443 359 2495 ἀπὺ
408 2447 655 2517 ποταμοῦ
710 2449 813 2514 ἕως
857 2454 1107 2524 περάτων
1162 2457 1261 2528 τῆς
1317 2459 1674 2531 οἰκουμένης,
1726 2480 1784 2516 κα

1938 2443 2057 2523 ιιιιιι
2088 2468 2154 2522 “.
2188 2443 2359 2520 i—Alia
2389 2479 2519 2521 vero
2549 2463 2617 2519 de
2650 2463 2761 2518 ﬁlio
2790 2460 3118 2525 Salomonis,
3155 2479 3174 2511 ι
3215 2466 3268 2514 et
3306 2459 3481 2512 domi-

242 2533 766 2608 ἐνευλογηθήσονται
810 2543 866 2595 ἐν
901 2545 1048 2616 αὐτῷ
1096 2547 1274 2602 πάντα
1319 2549 1388 2602 τὰ
1425 2549 1584 2623 ἔθνη·
1620 2570 1640 2604 ι
1687 2554 1721 2625 ή
1764 2553 1785 2606 ὃ

1938 2557 2141 2613 rabitur
2169 2570 2202 2611 a
2229 2557 2366 2612 mari
2396 2571 2568 2627 usque
2590 2557 2657 2611 ad
2695 2571 2866 2620 mare,
2909 2563 2962 2609 et
2988 2567 3019 2607 a
3059 2551 3279 2606 ﬂumine
3307 2564 3481 2619 usque

244 2627 393 2715 μετὰ
417 2631 604 2700 χεῖρας
630 2635 1044 2706 παραπλησίως,
1080 2656 1101 2690 ι
1128 2637 1233 2703 ἕως
1257 2640 1326 2695 ἂν
1367 2640 1494 2713 ἔλθῃ
1515 2682 1530 2707 ,
1569 2661 1589 2694 ι
1617 2645 1780 2715 φησὶν

1938 2648 1991 2704 ιιι
2022 2647 2162 2705 ﬁnes
2183 2648 2334 2704 orbis
2371 2655 2550 2712 terrm,
2584 2653 2640 2702 et
2680 2645 3070 2701 benedicentur
3102 2643 3158 2696 in
3184 2656 3248 2696 eo
3292 2654 3481 2696 omnes

247 2709 360 2810 «—
375 2716 662 2810 απόκειται
686 2761 702 2786 ,
748 2723 840 2776 καὶ
867 2725 1028 2790 αὐτὸς
1068 2725 1219 2782 ἔσται
1250 2709 1542 2800 προσδοκία
1567 2709 1753 2787 ἐθνῶν.

1938 2747 2106 2810 gentes
2122 2739 2190 2792 “.
2225 2756 2244 2789 ι
2270 2735 2347 2790 Ea
2367 2751 2498 2792 vero
2519 2749 2679 2806 quam
2708 2750 2853 2790 nunc
2900 2731 3239 2787 tractandam
3263 2743 3481 2783 assum-

241 2805 308 2898 Εὶ
331 2803 402 2898 δή
427 2802 521 2860 οὖν
553 2810 863 2881 συνᾴδουσιν
887 2815 944 2866 αἱ
973 2815 1099 2886 περὶ
1125 2816 1236 2871 τῶν
1267 2817 1435 2872 ἐθνῶν
1466 2823 1784 2892 προρρήσεις

1942 2827 2152 2892 ιθίωιιε,
2174 2826 2360 2882 itidem
2391 2844 2405 2880 :
2444 2845 2462 2879 ι
2493 2802 2672 2880 Donec
2712 2825 2908 2890 veniat,
2941 2822 3136 2894 inquit,
3165 2820 3252 2875 cui
3275 2817 3485 2889 reposi-

239 2896 650 2992 απεδείχθησαν
673 2901 731 2955 δὲ
757 2905 813 2956 αἱ
839 2904 944 2974 πρὸ
967 2906 1172 2961 τούτων
1202 2909 1405 2992 ὁρῶσαι
1435 2911 1525 2964 τὸν
1555 2913 1782 2986 ήμέτερο

1942 2934 2038 2973 ιιιη
2071 2925 2174 2983 est,
2205 2928 2260 2974 et
2289 2919 2404 2988 ipse
2434 2917 2538 2971 erit
2587 2914 2919 2986 exspectat-io
2961 2913 3222 2983 gentium.
3273 2929 3292 2962 ι
3327 2907 3485 2974 Quod

240 2989 520 3082 Σωτῆρα,
562 2993 713 3047 οὐδὲν
739 2994 805 3050 ἂν
835 2997 922 3068 εἴη
951 2999 1197 3069 ἐμποδὼν
1232 3001 1306 3073 μὴ
1332 2989 1469 3074 ὀὐχὶ
1521 3005 1614 3057 τὸν
1659 3005 1783 3058 αὐτὸ

1941 3011 1970 3067 εἰ
1996 3012 2112 3067 haec
2137 3011 2204 3066 de
2230 3009 2484 3082 gentibus
2508 3008 2727 3064 oracula
2753 3005 3108 3067 concordant,
3130 3012 3183 3058 et
3202 3009 3484 3057 ostensum

240 3081 596 3187 βλέπειν-καὶ
625 3087 723 3160 τήν
753 3091 1052 3161 παροῦσαν,
1075 3095 1230 3166 εἴπερ
1268 3096 1530 3168 σύμφωνα
1563 3099 1783 3173 ἀλλήλαι

1942 3111 2004 3159 :st
2043 3081 2499 3174 quemadmodum
2543 3113 2605 3154 ea
2635 3111 2851 3168 quoque
2881 3111 2999 3168 qua:
3026 3094 3142 3148 hazc
3174 3093 3291 3163 ipsa
3331 3096 3485 3144 ante-

237 3178 639 3247 ὁμολογοῦνται
663 3182 969 3249 θεσπίζειν·
999 3188 1232 3258 μάλιστα
1259 3191 1346 3243 ὅτε
1376 3191 1536 3263 μέχρι
1573 3194 1672 3264 μὲν
1709 3195 1780 3248 τῶ

1942 3202 2227 3260 :esserunt,
2260 3193 2328 3248 ad
2376 3191 2710 3248 Salvatorem
2744 3196 2993 3244 nostrum
3039 3194 3305 3258 spectant,
3348 3181 3485 3237 nihil

237 3268 459 3337 Χρόνων
507 3272 605 3342 τῆς
644 3273 738 3326 τοῦ
775 3276 1026 3348 Σωτῆρος
1060 3279 1220 3350 ήμῶν
1266 3282 1588 3351 ἐπιφανείας
1624 3287 1674 3338 οί
1721 3303 1780 3339 το

1943 3287 2160 3357 amplius
2189 3285 2354 3340 fuerit
2381 3283 2788 3355 impedimento,
2819 3282 2952 3353 quin
3009 3279 3115 3334 hoc
3144 3279 3319 3348 ipsum
3348 3290 3486 3346 quo-

250 3358 534 3414 Ἰουδαίων
575 3361 758 3428 ἔθνους
793 3367 1050 3438 ἄρχοντες
1088 3371 1182 3424 καὶ
1220 3373 1509 3445 ἡγούμενοι
1547 3375 1726 3430 αὐτῶν
1754 3378 1793 3430 ἐι

1936 3395 2025 3451 lue
2054 3377 2196 3449 quod
2226 3392 2371 3432 nunc
2393 3385 2710 3441 tractamus,
2737 3373 2986 3430 eumdem
3014 3371 3164 3428 illum
3187 3368 3440 3440 respiciat
3467 3387 3479 3421 :

237 3454 538 3523 προγόνων
582 3456 826 3528 διαδοχῆς
858 3464 1256 3534 συνεστήκεσαν
1279 3506 1292 3531 ,
1326 3466 1442 3536 ἅμα
1469 3467 1527 3520 δὲ
1556 3471 1620 3540 τῇ
1651 3470 1780 3522 αὐτο

1943 3468 2361 3540 luandoquidem
2405 3467 2518 3536 jam
2553 3479 2886 3522 .concessum
2928 3470 3013 3519 est
3045 3503 3059 3528 ,
3121 3466 3486 3514 consentanea

237 3547 528 3619 παρουσίᾳ
553 3547 976 3618 διελελοίπεσαν,
1002 3556 1138 3627 ὁμοῦ
1168 3575 1228 3611 τε
1261 3561 1294 3629 ή
1323 3559 1431 3613 τῶν
1461 3559 1630 3615 ἐθνῶν
1660 3579 1780 3633 προε

1943 3568 2061 3615 nter
2097 3575 2157 3615 se
2186 3559 2256 3614 ab
2280 3557 2535 3613 omnibus
2579 3556 2688 3612 illis
2718 3555 2951 3610 divinari
2985 3572 2998 3608 :
3031 3551 3330 3623 praesertim
3359 3564 3485 3603 cum

233 3634 402 3688 δοκία
423 3637 579 3702 τέλος
607 3641 780 3712 ἐπῆγε
812 3647 876 3717 τῇ
901 3644 993 3699 τοῦ
1035 3646 1227 3701 Ἰακὼὸ
1266 3651 1582 3721 προρρήσει.
1612 3652 1776 3704 υύκοῐ

1943 3667 2094 3722 usque
2138 3649 2206 3704 ad
2239 3659 2480 3720 tempora
2529 3647 2793 3702 adventus
2839 3642 3135 3724 Salvatoris
3165 3642 3360 3705 nostri,
3389 3639 3486 3694 Ju-

235 3728 532 3782 κὰνταῦθα
563 3733 591 3784 ὁ
627 3732 864 3804 Χριστὸς
889 3736 1044 3808 δηλού
1053 3756 1230 3808 μενος,
1275 3741 1370 3794 καὶ
1391 3741 1511 3794 οὐδὲ
1536 3741 1691 3806 ἄλλος
1714 3784 1728 3808 ,
1755 3745 1778 3795 ὲ

1944 3746 2089 3800 laicas
2138 3743 2315 3815 gentis
2357 3741 2631 3812 principes
2677 3738 3027 3810 ejusdemque
3053 3735 3219 3789 duces
3263 3749 3330 3788 ex
3368 3747 3487 3786 ma-

235 3819 421 3890 φυλῆς
462 3820 632 3876 Ἰούδα
672 3826 1113 3897 προελεύσεσθαι.
1154 3831 1266 3884 Καὶ
1310 3833 1398 3885 ὅτε
1443 3831 1500 3884 δὲ
1550 3833 1616 3886 ἐκ
1656 3835 1778 3888 Δαδῒ

1953 3851 2100 3892 orum
2132 3849 2356 3891 suorum
2389 3831 2737 3888 ειιοοεεείοῐιε
2764 3827 3182 3901 permanserint,
3217 3838 3323 3878 una
3354 3837 3496 3878 vero.

236 3911 335 3963 καὶ
387 3911 744 3984 Σολομῶνος,
783 3917 846 3970 ἐκ
884 3937 944 3972 τε
980 3921 1078 3992 τῆς
1127 3920 1280 3993 ῥίζης
1341 3924 1537 3978 Ἰεσσαὶ
1580 3925 1779 3994 γεγονὼ

1956 3943 2046 3982 um
2076 3926 2195 3996 ejus
2241 3927 2479 3980 adventu
2523 3919 2855 3984 defecerint,
2908 3917 3256 3989 gentiumque
3283 3914 3495 3984 pariter

236 4004 535 4075 ἐδηλοῦτο,
575 4009 645 4069 ἐκ¹
675 4005 776 4082 τῆς
816 4012 986 4084 αὐτῆς
1029 4013 1201 4084 φυλῆς
1243 4015 1318 4069 ὣν
1346 4015 1638 4074 ἐδείκνυτο.
1683 4019 1779 4072 Παῖ

1940 4017 2250 4090 ιιιερεειιιιὶο
2263 4017 2420 4072 ﬁnem
2447 4015 2620 4086 ipsius
2649 4011 2816 4068 Iacob
2853 4010 3115 4066 vaticinio
3146 4007 3483 4078 imposuerit.

240 4097 348 4166 μὲν
378 4097 492 4170 γὰρ
518 4096 586 4175 ἦν
605 4102 698 4154 τοῦ
733 4103 930 4159 Ἰεσσαὶ
955 4106 1137 4172 Δαϐὶδ,
1155 4109 1248 4161 τοῦ
1275 4108 1332 4162 δὲ
1353 4109 1515 4164 Δαϐὶδ
1546 4108 1783 4180 Σολομὼι

1944 4109 2088 4180 gitur
2115 4109 2219 4164 hoc
2239 4106 2400 4162 etiam
2425 4105 2480 4160 in
2505 4106 2624 4160 loco
2648 4105 2920 4166 Christus,
2947 4101 3040 4172 qui
3070 4100 3186 4171 ipse
3211 4113 3321 4154 non
3348 4097 3487 4153 alius

239 4190 548 4259 συστάντες
577 4196 639 4247 ἐκ
674 4194 846 4268 φυλῆς
875 4197 1063 4253 Ἰούδα.
1086 4199 1185 4270 Είη
1220 4199 1285 4254 ἂν
1318 4201 1604 4272 τοιγαροῦν
1631 4201 1691 4267 ἐξ
1719 4203 1782 4257 αὐ

1946 4202 1986 4257 le
2014 4201 2162 4258 tribu
2187 4198 2326 4255 Iuda
2344 4197 2658 4270 proditurus
2687 4197 3042 4268 signiﬁcatur,
3067 4194 3267 4263 quique
3289 4207 3356 4247 ex
3384 4190 3489 4244 Da-

236 4284 344 4354 τῆς
382 4286 412 4337 ὁ
443 4286 633 4360 Σωτὴρ
668 4292 763 4344 καὶ
812 4291 1016 4364 Κύριος
1062 4291 1252 4364 ἡμῶν,
1294 4293 1576 4365 ὡσπεροῦν
1627 4297 1656 4349 ὁ
1699 4295 1779 4348 θαι

1946 4293 2010 4348 'id
2040 4300 2095 4348 et
2127 4291 2438 4358 Salomone,
2479 4290 2636 4362 361
2672 4297 2833 4360 atque
2861 4303 2926 4342 ex
2969 4285 3153 4340 radice
3191 4283 3346 4340 Iesse
3373 4282 3489 4337 exi-

241 4375 447 4441 μάσιος
495 4378 882 4453 εὐαγγελιστὴς
927 4383 1234 4453 γενεαλογεῖ
1289 4386 1565 4450 Ματθαῖος
1609 4386 1781 4456 λέγων

1947 4400 2079 4441 urus
2107 4383 2403 4449 ferebatur,
2434 4398 2500 4438 ex
2545 4382 2733 4438 eadem
2765 4381 2908 4434 tribu
2939 4377 3216 4449 profectus
3246 4373 3489 4431 ostendi-

243 4485 262 4516 ι
294 4467 500 4532 Βίϐλος
525 4471 788 4538 γενέσεως
821 4475 992 4548 Ἰησοῦ
1015 4477 1280 4548 Χριστοῦ.
1326 4479 1444 4532 υἱοῦ
1473 4479 1667 4543 Δαϐὶδ,
1699 4482 1782 4533 uio

1950 4492 2033 4532 ur.
2059 4475 2192 4530 Nam
2219 4473 2373 4531 Iesse
2400 4475 2617 4545 quidem
2644 4473 2787 4528 ﬁlius
2813 4471 2912 4525 fuit
2945 4469 3111 4524 David
3149 4491 3161 4524 :
3191 4467 3366 4537 ipsius
3398 4481 3489 4520 au-

250 4557 531 4631 ’Δ6,ραάμ.
579 4563 825 4636 ’Λϐραὰμ
861 4567 1116 4638 ἐγέννησε
1145 4568 1235 4622 τὸν
1284 4570 1497 4623 Ἰσαάκ·
1540 4571 1723 4624 Ἰσαὰκ
1759 4572 1793 4624 δέ

1947 4583 2029 4623 em
2051 4566 2220 4623 David
2249 4565 2525 4632 Salomon,
2550 4565 2643 4636 qui
2663 4565 2731 4620 de
2757 4565 2898 4618 tribu
2927 4560 3065 4617 Iuda
3095 4559 3310 4614 oriundi
3338 4563 3487 4613 sunt.

239 4651 509 4724 ἐγέννησε
539 4653 629 4708 τὸν
663 4657 887 4710 Ἰακώϐ·
932 4659 1124 4713 Ἰακὼϐ
1165 4661 1221 4714 δὲ
1261 4661 1516 4732 ἐγέννησε
1546 4661 1639 4716 τὸν
1689 4662 1782 4716 Ἰού

1942 4661 2036 4716 Erit
2062 4675 2192 4732 ergo
2222 4677 2291 4716 ex
2337 4660 2524 4716 eadem
2570 4657 2820 4713 Salvator
2847 4671 2910 4711 ac
2954 4653 3217 4710 Dominus
3248 4658 3436 4705 noster
3472 4669 3485 4702 :

237 4740 370 4794 δαν’
409 4761 430 4794 ι
468 4745 562 4797 καὶ
593 4745 661 4798 τὰ
698 4744 842 4818 ἐξῆς.
891 4751 1048 4805 Ἀλλὰ
1091 4751 1200 4824 γὰρ
1232 4753 1326 4806 καὶ
1369 4753 1572 4806 τούτων
1606 4754 1704 4826 τὴν
1741 4757 1780 4808 oi

1946 4753 2064 4808 Licut
2105 4754 2271 4807 etiam
2311 4753 2527 4808 divinus
2558 4751 2892 4821 evangelista
2942 4746 3227 4802 Mattbaaus
3266 4744 3322 4798 in
3368 4742 3489 4812 ejus

241 4833 404 4886 κείαν
435 4834 705 4904 ἀπόδειξιν
732 4839 1106 4913 ἀπειληφότων
1126 4884 1139 4908 ,
1176 4844 1363 4914 καιρὸς
1397 4845 1488 4897 καὶ
1526 4845 1652 4907 τοὺς
1687 4843 1782 4915 χρό

1949 4859 2116 4907 :enere
2145 4845 2419 4898 narrando
2449 4843 2769 4898 testiﬁcatur
2796 4841 2985 4896 dicens
3023 4857 3036 4893 :
3077 4855 3095 4888 ι
3133 4833 3297 4890 Liber
3326 4847 3492 4904 gene-

237 4941 370 4988 νους
433 4927 665 4980 συνιδεῖν
722 4929 819 5002 τῆς
877 4931 986 4985 τῶν
1034 4933 1522 5006 προηγορευμένων
1565 4933 1780 5004 ἀποπλη

1944 4934 2156 4990 rationis
2202 4932 2332 4990 Iesu
2381 4934 2586 4989 Christi
2644 4932 2740 4986 ﬁlii
2791 4929 2998 4994 David,
3046 4927 3142 4983 ﬁlii
3189 4925 3487 4981 Abraham.

239 5012 492 5085 ρῶσεωςο
1926 5025 2198 5080 Abraham
2227 5025 2412 5098 genuit
2436 5024 2587 5081 Isaac
2621 5044 2634 5078 :
2663 5025 2813 5079 Isaac
2833 5031 3012 5078 autem
3063 5019 3249 5091 genuit
3275 5014 3442 5071 Iacob
3471 5032 3487 5069 :

236 5107 419 5164 Iacob
467 5119 646 5168 autem
736 5116 921 5186 genuit
977 5116 1169 5173 Iudam
1200 5119 1267 5187 ⁸³,
1343 5140 1361 5172 ι
1403 5127 1459 5176 et
1507 5129 1725 5178 caetera.
1780 5119 1888 5178 Sed
1927 5123 2144 5194 quando
2180 5122 2372 5177 barum
2421 5138 2602 5178 rerum
2646 5122 2921 5192 propriam
2973 5115 3490 5175 demonstrationem

239 5205 679 5276 explicavimus,
747 5220 961 5284 tempus
1009 5215 1123 5285 jam
1176 5215 1340 5272 fuerit
1395 5219 1591 5274 intueri
1648 5218 1848 5291 quibus
1921 5219 2256 5290 temporibus
2293 5234 2356 5274 ca
2408 5234 2530 5291 quae
2572 5217 2847 5290 prophetae
2903 5215 3282 5288 praedixerant,
3343 5222 3494 5264 εοιιι⁴

241 5297 390 5367 pleta
423 5300 553 5358 sint.

323 5478 366 5511 ³⁸
402 5479 536 5538 Gen.
573 5499 736 5550 xux,
771 5485 919 5542 8-l0.
1000 5493 1038 5521 ’τ
1084 5489 1186 5546 lsa.
1224 5507 1310 5557 χι,
1351 5493 1436 5550 l0.
1476 5497 1518 5526 ²¹
1548 5493 1690 5550 Psal.
1731 5508 1854 5548 LXXI
1883 5533 1896 5560 ,
1929 5493 1993 5562 8,
2035 5493 2118 5548 l7.
2196 5493 2238 5525 ³³
2279 5491 2464 5546 Matth.
2503 5505 2550 5556 1,
2586 5494 2635 5561 l,
2668 5495 2717 5548 Ξ.

1852 5723 1922 5737 Ἀ
