3908 6266
441 327 546 383 567

1105 290 1373 376 noscunt
1412 314 1890 372 cmssmcxsns
1922 313 2074 369 opp.
2117 310 2295 365 PARS
2334 309 2396 364 ιι.
2422 338 2492 348 -
2514 304 3012 366 APOLOGETICA'.
3567 303 3662 358 ses

1006 470 3650 499 Μ

1507 566 2587 804 ΕΥΣΕΒΙΟΥ

1620 916 1846 1002 ΤΟΥ
1908 910 2504 1002 ΠΑΜΦΙΛΟΥ

882 1108 2051 1245 ΕΥΑΓΓΕΑΙΚΗΣ
2123 1096 3211 1238 ΑΠΟΔΕΙΞΕΩΣ

1551 1352 1986 1439 ΒΙΒΛΙΟΝ
2049 1346 2530 1436 ΟΓΔΟΟΝ.

1008 1736 1040 1767 π
1157 1682 1913 1842 EUSEBII
1994 1671 2907 1831 PAMPHILI

729 1969 2224 2108 DEMONSTBATIONIS
2299 1965 3351 2100 EVANGELIC/E

1534 2227 1889 2315 LIBER
1943 2221 2525 2317 OCTAVUS.

402 2552 575 2611 H/EC
609 2547 900 2607 INSUNT
927 2548 1011 2602 IN
1045 2545 1227 2605 OCTA
1246 2545 1339 2603 νο
1374 2545 1594 2601 ιιιιειο
1631 2544 1963 2600 EVANGE-
1997 2553 2040 2611 Α

471 2621 666 2680 ΜΟΑΞ
724 2621 819 2678 DE
865 2617 1302 2676 SALVATORE
1334 2617 1627 2675 NOSTRO
1676 2615 1968 2671 ΗΕΜΟΝ-

470 2690 947 2751 STRATIONIS.

393 2805 477 2863 De
503 2805 819 2875 temporibus
850 2804 964 2875 ejus
997 2802 1067 2857 ad
1089 2804 1323 2875 homines
1373 2802 1629 2875 adventus
1674 2817 1737 2855 ea:
1772 2802 1966 2856 subna-

745 2877 870 2930 ιαεὶδ
918 2873 1105 2928 divini:
1130 2873 1419 2938 Scriptum
1463 2873 1611 2926 locis.

469 2994 518 3046 ί.
551 2991 593 3044 Α
628 2989 834 3045 Genesi.

466 3061 519 3116 2.
555 3062 599 3114 Α
638 3060 876 3117 Daniele.

467 3133 519 3185 3.
550 3131 594 3184 Α
625 3128 873 3185 Hic/mea.

464 3203 519 3257 4.
555 3203 594 3255 A
630 3199 674 3253 Ζ
677 3201 917 3255 acharia.

463 3273 516 3329 5.
554 3274 591 3325 Α
604 3272 632 3324 b
666 3271 837 3325 Isaia.

967 3381 1391 3440 PROOEMIUM.

460 3496 598 3552 Cum
643 3506 802 3554 antea
860 3498 1417 3557 demonstraverimus
1461 3500 1517 3555 in
1558 3514 1719 3571 quam
1775 3499 1961 3555 multis

393 3586 689 3659 Scriptura:
742 3590 939 3646 divinae
993 3591 1131 3648 locis
1168 3590 1266 3648 Dei
1301 3590 1536 3648 Verbum
1588 3591 1656 3646 ad
1707 3591 1961 3647 homines

390 3688 678 3735 venturum
713 3690 1021 3748 caneretur,
1079 3683 1331 3755 undeque
1362 3692 1417 3738 et
1447 3683 1561 3748 ubi,
1592 3690 1647 3739 et
1685 3681 1960 3754 quomodo

388 3772 459 3827 iis
482 3772 575 3842 qui
623 3774 678 3828 in
711 3782 857 3829 terra
895 3785 1246 3832 versarentur
1275 3775 1570 3832 videndum
1623 3775 1959 3847 propheticis

2073 2545 2256 2597 me
2317 2543 2514 2615 εΝξιΣ
2524 2543 2646 2615 my
2676 2544 2796 2615 AEN
2842 2541 2931 2613 T9
2986 2547 3120 2599 om
3128 2548 3219 2615 ορ
3269 2548 3647 2605 ΣΥΓΓΡΑΜ.

2136 2615 2322 2667 MATI
2359 2611 2502 2666 ΤΗΣ
2544 2612 2716 2666 ΠΕΡΙ
2758 2611 3242 2670 mr'zanmes
3268 2619 3483 2673 ΗΜΩΝ
3520 2623 3649 2675 ΕΥ-

2138 2684 2571 2738 ΑΓΓΕΛΙΚΗΣ
2603 2683 3078 2739 ΑΠΟΔΕΙΞΕΩΣ.

2066 2800 2211 2876 ΠερὶΔ
2243 2797 2362 2876 τῶν
2400 2795 2768 2876 χρόζωντῆς
2792 2801 2879 2865 εὶς
2912 2799 3263 2876 ἀνθρώπους
3292 2800 3645 2876 exigi-aretur;

2146 2869 2353 2934 αὑτοῦ,
2388 2869 2456 2922 ἐκ
2487 2869 2607 2921 τῶν
2633 2869 3249 2942 ὑποσεσημειωμένων
3276 2869 3559 2943 Γραφῶν.

2134 2980 2203 3034 α’.
2249 2972 2393 3035 Ἀπὸ
2424 2980 2536 3049 τῆς
2555 2980 2886 3050 Γενέσεως.

2138 3051 2203 3120 β’.
2250 3052 2391 3106 Ἀπὸ
2421 3051 2527 3105 τοῦ
2563 3053 2809 3117 Δανιήλ.

2135 3121 2206 3189 γ’.
2255 3122 2399 3176 Ἀπὸ
2432 3121 2540 3175 τοῦ
2572 3125 2814 3192 Μιχαία.

2134 3192 2196 3246 δ’.
2246 3192 2386 3246 Ἀπὸ
2413 3193 2521 3246 τοῦ
2557 3195 2869 3263 Ζαχαρίου.

2136 3268 2196 3315 ε’.
2238 3264 2381 3317 Ἀπὸ
2410 3264 2515 3317 τοῦ
2556 3265 2816 3318 Ἡσαΐου.

2654 3380 3057 3434 ΠΡΟΟΙΜΙΟΝ.

2141 3490 2539 3556 Ἀποδείξαντες
2573 3491 2640 3544 δι’
2673 3492 2810 3545 ὅσων
2840 3494 2869 3546 ὁ
2899 3493 2992 3547 τοῦ
3041 3493 3176 3549 Θεοῦ
3220 3497 3392 3567 Λόγος
3428 3501 3512 3564 είς
3548 3502 3618 3556 ἀν

2062 3573 2312 3659 θρώπους
2363 3585 2513 3656 ἥξειν
2560 3582 2895 3650 ἐθεσπίζετο,
2923 3586 3045 3641 ὅθεν
3086 3589 3179 3642 καὶ
3224 3590 3330 3662 ὅπη
3361 3592 3457 3645 καὶ
3488 3593 3640 3656 ὅπως

2059 3676 2386 3751 ὀφθήσεσθαι
2417 3679 2531 3740 τοῖς
2553 3676 2646 3729 ἐπὶ
2674 3677 2776 3747 γῆς
2803 3678 2860 3730 ὲν
2893 3681 3014 3743 ταῖς
3040 3682 3170 3753 παρ’
3206 3681 3479 3754 Ἑϐραίοις
3506 3701 3614 3755 προ

2060 3772 2313 3842 φητικαῖς
2345 3771 2546 3838 φωναῖς
2574 3771 2673 3839 ἐκη
2683 3769 2919 3840 ρύττετο,
2953 3770 3105 3824 ὅτιτε
3132 3773 3292 3837 αὐτὸς
3315 3776 3525 3841 ἐκεῖνος
3546 3773 3634 3849 ἦν,

388 3864 532 3933 apud
563 3863 818 3921 Hebraeos
843 3866 1065 3923 vocibus
1125 3868 1492 3956 nuntiaretur,
1547 3876 1605 3924 et
1633 3868 1779 3939 quod
1811 3868 1951 3923 idem

2060 3855 2153 3909 καὶ
2182 3857 2290 3909 οὐδ’
2320 3855 2500 3919 ἄλλος,
2527 3858 2556 3910 ὁ
2594 3856 2702 3910 τῶν
2733 3855 2944 3911 αἰώνων
2981 3862 3334 3930 προῦφεστὼς
3366 3863 3497 3929 Υἱὸς
3542 3867 3636 3920 τοῦ

386 3968 497 4007 non
528 3954 692 4019 alius,
722 3955 820 4011 sed
848 3956 966 4025 ipse
1010 3957 1102 4012 ille
1127 3965 1275 4013 esset
1306 3955 1400 4013 Dei
1427 3956 1619 4022 Filius,
1645 3958 1739 4028 qui
1772 3956 1951 4012 omnia

2060 3947 2216 4015 Θεοῦ,
2246 3949 2313 4003 ὃν·
2339 3950 2427 4003 διὰ
2463 3949 2571 4003 τῶν
2610 3951 2810 4022 ἐτέρων
2836 3951 2967 4006 Θεόν
2998 3970 3058 4006 τε
3093 3956 3188 4008 καὶ
3223 3955 3445 4030 Κύριον,
3474 3960 3636 4033 ἀρχι-

385 4047 590 4101 saecula
640 4047 934 4116 antecedit,
988 4064 1260 4121 quemque
1290 4049 1347 4104 in
1382 4050 1538 4121 aliis,
1574 4057 1632 4107 et
1681 4051 1871 4118 Deum,
1902 4057 1959 4105 et

384 4136 700 4203 Dominum,
724 4150 778 4195 et
804 4140 1042 4211 primum
1072 4141 1475 4212 imperatorem,
1516 4149 1572 4198 et
1609 4143 1792 4214 magni
1824 4158 1958 4198 con-

2060 4041 2362 4112 στράτηγον
2415 4042 2508 4094 καὶ
2557 4040 2799 4112 μεγάλης
2851 4041 3047 4115 βουλῆς
3096 4046 3343 4116 ἄγγελον,
3390 4049 3532 4104 Θεοῦ
3574 4067 3634 4104 τε

2057 4133 2317 4206 ἀρχιερέα
2379 4134 2665 4203 τυγχάνειν
2724 4138 3256 4210 προμεμαθήκαμεν,
3317 4140 3633 4206 ἀκολούθως

383 4230 496 4287 silii
528 4231 801 4303 angelum,
830 4243 884 4288 et
916 4232 1011 4289 Dei
1039 4234 1351 4304 pontiﬁcem
1385 4249 1511 4290 esse
1561 4243 1722 4290 antea
1762 4235 1951 4291 didici-

2060 4224 2197 4295 μετὰ
2228 4225 2299 4278 τὰ
2330 4226 2849 4300 προδιεξωδευμὲνα,
2889 4232 3013 4294 τοὺς
3043 4232 3266 4303 χρόνους
3292 4232 3393 4304 τῆς
3433 4234 3635 4304 ἐπιφα-

380 4336 543 4378 mus:
576 4322 826 4393 sequitur
857 4331 918 4397 ut
957 4329 1081 4393 post
1100 4323 1192 4378 illa
1219 4324 1541 4395 omniaquae
1572 4325 1827 4397 superius
1853 4341 1953 4382 ex-

379 4416 582 4486 plicata
633 4424 799 4479 sunt,
832 4414 1079 4485 ejusdem
1123 4416 1395 4473 adventus
1441 4426 1690 4489 tempora
1721 4435 1790 4474 ex
1819 4419 1953 4489 ipsis

378 4523 574 4565 rursus
629 4506 964 4580 prepheticis
1010 4509 1460 4578 praedictionibus
1515 4525 1581 4566 ac
1620 4512 1952 4568 testimoniis

375 4600 837 4669 demonstremus,
868 4604 1106 4677 indeque
1160 4605 1377 4661 initium
1408 4605 1570 4677 363
1600 4604 1833 4676 hujusce
1871 4606 1951 4662 rei

373 4694 678 4761 capiamus.
715 4692 1044 4766 Temporum
1093 4697 1241 4752 enim
1281 4697 1482 4769 quibus
1508 4697 1713 4753 Christi
1745 4697 1951 4753 adven-

371 4788 465 4839 tus
491 4781 711 4841 futurus
741 4793 909 4853 esset,
941 4788 1099 4860 signa
1126 4788 1403 4845 evidentia
1446 4789 1563 4845 haec
1592 4787 1709 4846 fore
1728 4830 1744 4855 ,
1778 4804 1951 4845 sacra:

374 4874 571 4929 littera:
596 4875 874 4931 nuntiant.
901 4875 1037 4931 Cum
1075 4877 1179 4932 tria
1205 4878 1507 4949 insigniora
1535 4877 1779 4950 vigerent
1803 4879 1949 4949 apud

373 4963 632 5022 Hebraeos
665 4968 1087 5039 magistratuum
1124 4985 1347 5041 genera,
1380 4987 1412 5026 a
1434 4971 1635 5042 quibus
1665 4986 1798 5042 gens
1830 4970 1949 5041 ipsa

371 5070 570 5112 nomen
599 5066 654 5114 et
685 5060 855 5116 decus
884 5061 1187 5126 obtinebat,
1214 5080 1385 5118 unum
1439 5065 1671 5135 regium,
1713 5065 1945 5119 alterum

370 5148 768 5217 propheticum,
788 5153 1012 5208 tertium
1039 5154 1401 5225 pontificium,
1426 5157 1622 5211 horum
1650 5156 1944 5222 simul-om-

2054 4317 2202 4383 νείας
2230 4319 2395 4373 αὐτοῦ
2427 4319 2587 4373 πάλιν
2621 4320 2681 4385 ἐξ
2720 4318 2896 4375 αὐτῶν
2934 4321 3041 4375 τῶν
3065 4325 3418 4397 προφητικῶν
3454 4330 3628 4399 προρ-

2055 4410 2262 4483 ῥήσεων
2294 4412 2813 4484 ἐπιμαρτυρῶμεθα,
2865 4412 3076 4467 ἐνθένδε
3131 4414 3447 4486 ἀρξάμενοι.
3506 4418 3629 4471 Τῶν

2053 4502 2259 4574 χρόνων
2286 4502 2384 4572 τῆς
2415 4502 2511 4556 τοῦ
2539 4503 2777 4575 Χριστοῦ
2826 4505 3126 4576 παρουσίας
3157 4506 3365 4577 ἐκφανῆ
3427 4511 3631 4578 σημεῖα

2052 4596 2178 4650 τάδε
2210 4593 2430 4649 ἔσεσθαι
2464 4595 2934 4670 προκηρύττουσιν
2968 4600 3024 4652 αἱ
3058 4599 3201 4670 ἱεραὶ
3237 4598 3471 4670 Γραφαί.
3499 4602 3629 4654 ’ον-

2050 4704 2158 4740 των
2220 4687 2386 4760 τριῶν
2439 4687 2503 4741 τὸ
2559 4690 2687 4761 πρὶν
2746 4690 3024 4760 ἐπιφανῶν
3095 4689 3416 4762 ἀξιωμάτων
3478 4691 3629 4763 παρὰ

2064 4778 2334 4851 Ἑϐραίοις
2351 4780 2777 4852 διαπρεπόντων,
2793 4781 2859 4835 δι’
2877 4775 2953 4836 ὧν
2975 4782 3035 4836 τδ
3054 4781 3204 4846 ἔθνος
3225 4785 3623 4854 συνεκροτεῖτο,

2052 4870 2170 4935 ἐνῦς
2204 4872 2300 4943 μὲν
2335 4871 2429 4925 τοῦ
2470 4871 2769 4944 βασιλικοῦ,
2801 4874 2988 4945 ἐτέρου
3028 4875 3087 4928 δὲ
3133 4873 3229 4928 τοῦ
3261 4874 3623 4946 προφητικοῦ,

2051 4966 2144 5019 καὶ
2180 4966 2274 5020 ἐπὶ
2308 4967 2518 5031 τούτοις
2544 4967 2638 5020 τοῦ
2674 4968 3082 5041 ἀρχιερατικοῦ,
3116 4968 3320 5022 τούτων
3357 4969 3495 5040 ὁμοῦ
3526 4970 3625 5041 τὴν

2049 5057 2344 5111 κατάλυσιν
2372 5059 2468 5112 καὶ
2504 5058 2603 5130 τὴν
2650 5060 2889 5131 παντελῆ
2936 5060 3252 5132 καθαίρεσιν
3291 5064 3494 5134 σημεῖα
3524 5062 3625 5133 τῆς

2047 5148 2141 5202 τοῦ
2173 5149 2406 5222 Χριστοῦ
2428 5151 2729 5222 παρουσίας
2752 5151 2970 5205 ἔσεσθαι
2996 5151 3328 5217 θεσπίζουσι.
3346 5153 3624 5224 Δεῖγματα

369 5238 522 5294 nium
552 5242 968 5314 dissipationem
1021 5256 1186 5317 atque
1237 5257 1536 5303 extremam
1577 5248 1938 5313 eversionem,

2060 5242 2101 5295 se
2115 5241 2225 5295 τῶν
2254 5243 2437 5298 αὐτῶν
2449 5239 2587 5297 εἶναι
2607 5245 2814 5316 χρόνων
2830 5246 2921 5298 καὶ
2945 5245 3043 5316 τῆς
3068 5245 3207 5299 κατὰ
3233 5246 3470 5300 Μωῦσέα
3495 5245 3625 5317 θρη-

370 5329 682 5399 signilicare
726 5334 1018 5390 adventum
1046 5335 1251 5392 Christi
1276 5337 1470 5393 adesse
1528 5338 1898 5393 vaticinantur
1928 5358 1942 5392 :

369 5430 690 5490 argumenta
718 5440 849 5479 vero
881 5433 1045 5497 atque
1066 5425 1269 5481 indicia
1294 5428 1610 5484 earumdem
1638 5444 1763 5485 esse
1804 5436 1944 5484 tem-

369 5524 587 5579 porum,
616 5526 741 5566 cum
763 5512 1002 5572 Mosaico
1038 5517 1165 5571 ritui
1195 5518 1359 5573 linem
1392 5518 1676 5589 injectum,
1708 5527 1822 5572 tum
1853 5518 1939 5589 ip-

367 5602 487 5657 sius
514 5598 817 5658 Jerusalem
859 5607 1177 5677 templique,
1201 5609 1348 5679 quod
1392 5611 1446 5662 in
1476 5624 1635 5664 saera
1663 5618 1781 5664 erat
1810 5610 1944 5664 soli-

364 5689 581 5752 tudine,
606 5696 724 5744 tum
766 5693 932 5749 etiam
980 5698 1251 5752 universa:
1279 5697 1523 5754 Judaicze
1551 5701 1699 5770 genti
1734 5701 1802 5755 ab
1829 5700 1940 5754 ini-

365 5783 523 5839 micis
561 5788 725 5850 atque
756 5783 1005 5845 hostibus
1030 5788 1221 5859 jugum
1276 5791 1557 5848 servitutis
1600 5792 1936 5865 impositum.

2054 5334 2240 5398 σκείας
2272 5335 2369 5407 τὴν
2398 5336 2764 5408 περιγραφὴν,
2797 5337 2898 5407 τῆς
2919 5353 2979 5389 τε
3022 5337 3373 5409 Ἰερουσαλὴμ
3402 5339 3494 5392 καὶ
3525 5337 3621 5390 τοῦ

2051 5424 2188 5497 πρὸς
2238 5425 2375 5498 αὐτῇ
2439 5427 2584 5499 ἱεροῦ
2628 5428 2728 5499 τὴν
2773 5428 3072 5499 ἐρήμωσιν,
3105 5429 3166 5481 οὐ
3211 5429 3316 5500 μὴν
3356 5427 3491 5484 ἀλλὰ
3530 5429 3622 5481 καὶ

2047 5515 2142 5569 τοῦ
2164 5518 2363 5581 παντὸς
2395 5519 2660 5573 Ἰουδαίων
2687 5520 2872 5583 ἔθνους
2890 5519 2989 5590 τὴν
3014 5520 3118 5573 ὑπὸ
3148 5523 3260 5584 τοῖς
3285 5520 3499 5593 ἐχθροῖς
3526 5521 3621 5573 καὶ

2042 5607 2321 5680 πολεμίοις
2351 5609 2616 5677 δουλείαν,
2653 5613 2746 5665 καὶ
2779 5611 2913 5665 ἄλλα
2947 5613 3006 5666 δὲ
3032 5611 3143 5666 τῶν
3174 5611 3351 5665 αὐτῶν
3386 5610 3621 5665 ὑποσάλ-

2041 5698 2191 5753 λουσι
2228 5704 2429 5772 σημεῖα
2462 5702 2694 5773 χρόνων,
2727 5703 2931 5774 πλῆθος
2963 5706 3202 5776 εἰρήνης,
3228 5703 3396 5755 ἐθνῶν
3428 5702 3526 5771 τῆς
3556 5698 3622 5758 ἐξ

2043 5793 2235 5859 αἰῶνος
2273 5795 2392 5847 κατ’
2444 5794 2594 5859 ἔθνος
2637 5799 2729 5851 καὶ
2787 5796 2926 5851 κατὰ
2980 5796 3131 5851 πῦλιν
3173 5796 3470 5865 τοπαρχίας
3520 5795 3616 5848 καὶ
