3908 6266
284 344 387 399 5ὖ9

1126 317 1775 386 DEMONSTRATIONIS
1808 307 2262 371 EVANGELlCE
2299 306 2425 363 LIB.
2466 304 2602 361 νιιι.

3406 295 3511 350 570

283 457 606 529 πολιαρχίας
657 455 953 527 ἀναίρεσιν,
983 452 1080 522 τῆς
1116 446 1374 502 πολυθέου
1408 443 1501 498 καί⁵
1530 436 1849 511 δαιμονικῑκ

1963 428 2058 486 Sed
2086 428 2191 483 alia
2215 433 2472 498 praeterea
2504 419 2820 479 eorumdem
2853 415 3149 485 subjiciunt
3186 413 3341 484 signa
3372 417 3510 465 tem-

282 549 725 620 εἰδωλολατρείας
783 543 1161 615 ἀποστροφὴν,
1220 539 1511 607 ἐπίγνωσιν
1572 531 1848 593 εὐσεϐείας

284 642 403 706 ἑνὸς
446 640 542 694 τοῦ
577 619 670 694 ἐπὶ
712 639 929 693 πάντων
972 631 1305 707 δημιουργοῦ
1350 628 1505 683 Θεοῦ.
1532 625 1717 680 Ταῦτα
1757 619 1850 678 οὖν

285 736 533 799 ᾶπαντα,
570 733 645 804 μή
698 731 823 785 ὄντα
868 729 1035 782 πάλαι
1077 724 1217 781 κατὰ
1258 724 1384 786 τοὺς
1412 718 1518 774 τῶν
1558 714 1851 788 προφητῶν

288 828 535 898 χρόνους,
581 825 675 877 ἐπὶ
714 823 814 894 τῆς
845 820 1077 892 Χριστοῦ
1122 814 1420 890 παρουσίας
1445 807 1764 880 γενήσεσθαι
1800 806 1851 859 oi

286 921 421 972 θεῖοι
465 917 703 989 χρησμοὶ
741 913 1125 988 προηγόρευον,
1158 910 1195 965 ἀ
1226 909 1319 964 καὶ
1346 908 1466 968 ταῖς
1490 902 1853 974 προρρήσεσιν

284 1006 597 1069 ἀκολούθως
624 1005 705 1070 είς
736 1005 905 1077 πέρας
930 1003 1148 1057 ἐλθόντα
1175 1002 1295 1055 ὅσον
1329 995 1480 1050 οὔπω
1511 991 1854 1064 παραστήσε-

285 1115 399 1152 ται.
456 1099 536 1154 Τά
586 1115 650 1167 γε
686 1097 791 1169 μὴν
811 1097 956 1151 αἴτια
1002 1095 1096 1149 τοῦ
1142 1093 1216 1165 μὴ
1263 1092 1548 1163 πρότερον,
1583 1084 1721 1139 ἀλλὰ
1759 1082 1854 1136 νῦν

287 1189 377 1241 ἐπ’
429 1187 672 1259 ἐσχάτων
724 1187 929 1260 καιρῶν
977 1186 1113 1258 μετά
1153 1185 1244 1238 τὸν
1297 1183 1504 1256 μακρὸν
1551 1182 1644 1236 καὶ
1689 1178 1856 1233 πολὺν

286 1278 465 1333 αἰῶνα
484 1279 577 1333 τὸν
606 1281 839 1352 Χριστὸν
867 1278 1080 1350 ἐμφανῆ
1102 1276 1348 1346 γενέσθαι
1372 1274 1450 1346 τῷ
1474 1274 1590 1345 βίῳ,
1612 1273 1856 1327 λέλεκται

286 1374 393 1446 μὲν
424 1373 526 1445 ήδη
552 1374 646 1427 καὶ
676 1371 926 1444 πρόσθεν,
960 1371 1020 1423 ού
1052 1368 1155 1440 μὴν
1190 1367 1323 1421 ἀλλά
1364 1367 1458 1420 καὶ
1503 1365 1597 1420 νῦν
1631 1369 1688 1419 ὲν
1714 1364 1857 1435 -βρα-

282 1464 442 1535 χέσιν
474 1465 769 1534 εἰρήσεται.
800 1460 973 1523 Πολὺς
1002 1455 1070 1529 ἦν
1099 1457 1266 1511 πάλαι
1320 1454 1584 1527 πρότερον
1622 1452 1718 1517 τὰς
1749 1450 1857 1504 τῶν

283 1552 596 1625 ἀνθρώπιον
637 1552 813 1622 ψυχας
866 1549 1166 1604 ἐπισκοτῶν
1223 1545 1531 1618 ἀφροσύνης
1582 1543 1677 1597 καὶ
1734 1543 1860 1597 ἀσε-

283 1646 446 1708 ϐείας
478 1645 710 1715 αὐχμὸς,
735 1643 879 1714 δεινή
924 1659 983 1695 τε
1023 1640 1251 1711 ἀθεότης
1296 1636 1713 1709 κατακρατοῦσα
1763 1634 1857 1688 τοῦ

280 1734 497 1797 παντὸς
534 1731 832 1805 ἀνθρώπων
874 1731 1010 1802 βίου,
1040 1731 1115 1794 ὡς
1165 1729 1328 1800 μηδὲν
1376 1726 1482 1780 τῶν
1526 1726 1732 1798 ἀγρίων
1766 1724 1860 1779 καὶ

1948 538 2162 594 porum,
2219 516 2609 575 abundantiam
2660 513 2832 584 pacis,
2867 510 3267 581 principatuum
3300 516 3513 558 rerum-

1950 593 2055 685 que
2086 609 2446 683 publicarum,
2481 620 2603 675 qua:
2638 619 2668 656 a
2710 600 2929 656 condito
2958 612 3073 651 aevo
3116 593 3383 653 fuissent,
3414 603 3511 660 per

1952 682 2196 773 singulas
2225 707 2414 772 gentes
2431 705 2593 766 atque
2613 694 2776 749 urbes
2802 688 3104 751 interitum,
3134 700 3165 739 a
3188 682 3512 741 simulacro-

1953 812 2072 853 rum
2104 794 2276 857 cultu,
2306 805 2415 861 quo
2438 788 2619 860 plures
2656 787 2770 842 sive
2810 783 2887 839 dii
2935 783 3051 839 sive
3082 778 3354 833 daemones
3374 773 3515 829 cole-

1952 886 2169 950 bantur,
2211 881 2572 942 aversionem,
2596 877 2759 932 unius
2793 874 3035 944 supremi
3065 870 3278 942 opificis
3305 868 3398 923 Dei
3426 882 3516 921 eo-

1953 974 2245 1048 gnitionem
2291 985 2355 1026 ac
2401 966 2825 1027 venerationem.
2871 961 2995 1017 Haec
3046 961 3209 1031 igitur
3254 957 3515 1012 universa

1954 1080 2183 1140 quorum
2230 1062 2367 1119 nihil
2417 1058 2689 1133 quondam
2732 1054 3069 1126 temporibus
3129 1051 3514 1122 prophetarum

1953 1139 2106 1221 erat,
2142 1157 2245 1212 sub
2292 1155 2466 1224 ipsius
2498 1148 2703 1206 Christi
2758 1148 3051 1202 adventum
3109 1144 3287 1197 futura
3332 1139 3515 1195 divina

1956 1252 2172 1329 oracula
2206 1245 2595 1318 praedicabant,
2633 1255 2755 1311 quae
2786 1239 2947 1293 etiam
2976 1250 3098 1290 cum
3126 1233 3259 1305 ipsis
3278 1230 3517 1285 oraculis

1956 1321 2345 1398 concordantia
2374 1352 2533 1393 suum
2560 1335 2720 1390 finem
2748 1329 3014 1399 attigisse,
3049 1325 3192 1379 hami
3240 1323 3313 1377 ita
3343 1321 3517 1375 multo

1955 1439 2078 1503 post
2108 1427 2645 1503 demonstrabuntur.
2672 1422 2937 1478 Caeterum
2960 1433 3057 1471 cur
3089 1430 3196 1469 non
3221 1412 3392 1484 prius,
3421 1410 3515 1465 sed

1956 1538 2103 1580 nunc
2133 1523 2397 1577 duntaxat
2426 1502 2578 1574 hisce
2600 1513 2861 1572 extremis
2892 1508 3225 1579 temporibus
3255 1511 3377 1575 post
3409 1503 3521 1556 lon-

1957 1631 2081 1687 gum
2100 1613 2443 1687 multumque
2474 1622 2647 1663 aevum
2676 1604 2930 1659 Christus
2950 1599 3239 1655 videndum
3276 1598 3517 1666 scipsum

1959 1707 2016 1762 in
2044 1708 2151 1762 vita
2202 1703 2525 1776 praebuerit,
2585 1714 2766 1755 causae
2813 1694 3031 1768 quidem
3086 1699 3245 1746 antea
3301 1701 3555 1759 quoque.

280 1781 600 1879 atteéa‘awv
636 1781 843 1896 θηρίων
874 1781 1349 1894 διαφερείνιδόκεῖν
1369 1836 1385 1853 ο
1428 1781 1732 1890 μήτε.ίγοῦν
1761 1815 1858 1869 πό-

1963 1797 2115 1852 όίυιαι
2151 1801 2298 1860 sunt,
2326 1799 2703 1848 verumtamen
2743 1788 2906 1842 etiam
2938 1798 3085 1838 nunc
3120 1781 3311 1854 paucis
3358 1786 3521 1848 atque

1963 1893 1970 1896 _
2442 1893 2450 1896 .
2534 1891 2544 1896 -
2679 1880 2715 1896 η
2764 1894 2805 1896 ηε
2846 1876 3042 1896 ήμηιι---
3078 1880 3208 1896 ---Α
3250 1871 3516 1896 ...η-...ιιιηη

278 1918 424 1982 λεις,
441 1918 583 1988 μήτε
603 1914 891 1979 πολιτείας,
914 1915 1047 1985 μήτε
1069 1912 1284 1983 νόμους,
1309 1912 1447 1983 μήτε
1471 1927 1522 1962 τι
1550 1907 1744 1980 σεμνὸν
1765 1908 1859 1961 καὶ

281 2008 559 2079 βιωφελὲς
588 2008 805 2072 εἰδότες,
832 2006 967 2077 μηδὲ
990 2005 1095 2076 μὴν
1124 2006 1426 2077 ἐπιστήμας
1461 2005 1554 2059 καὶ
1581 2003 1773 2074 τέχνας
1800 2005 1858 2058 ὲν

278 2101 359 2171 νῷ
398 2099 696 2171 τιθέμενοι,
724 2098 926 2169 ἀρετῆς
956 2116 1016 2152 τε
1055 2097 1153 2152 καὶ
1183 2097 1498 2167 φιλοσοφίας
1531 2097 1640 2150 οὐδ’
1668 2099 1747 2160 είς
1777 2097 1857 2150 ἔν-

278 2209 442 2245 νοιαν
489 2192 678 2254 ἰόντες,
717 2189 905 2261 μόναις
945 2190 1034 2241 ἐπ’
1073 2189 1351 2260 ἐρημίαις,
1382 2187 1439 2240 ἐν
1484 2205 1543 2239 τε
1587 2187 1736 2259 ὄρεσι
1765 2188 1858 2240 καὶ

281 2283 582 2355 σπηλαίοις
631 2283 724 2336 καὶ
762 2279 973 2351 κώμαις
1008 2279 1106 2344 τὰς
1148 2279 1424 2350 διατριϐὰς
1449 2278 1739 2344 ἐποιοῦντο,
1763 2278 1857 2351 λῃ-

280 2371 658 2446 στρικώτερον
691 2371 1050 2443 ἐπιτιθέμενοι
1079 2372 1189 2433 τοῖς
1214 2367 1587 2439 πλησιάζουσι,
1616 2366 1860 2438 πορίζον-

280 2482 379 2528 τες
426 2462 499 2516 τὰ
538 2462 674 2534 πρὸς
710 2462 771 2516 τὸ
816 2460 914 2533 ζῇν
955 2463 1053 2515 οὐκ
1091 2459 1311 2515 ἄλλοθεν
1337 2459 1449 2512 ἀλλ’
1474 2458 1506 2530 ἢ
1536 2460 1599 2512 ἐκ
1626 2458 1724 2529 τῆς
1751 2455 1860 2510 τῶν

283 2553 740 2625 καταδεεστέρων
777 2554 1249 2617 καταδυναστείας.
1287 2551 1443 2605 Ἀλλά
1481 2550 1585 2622 μὴν
1601 2549 1861 2603 ούδὲΘεὸν

281 2645 381 2700 τὸν
434 2646 532 2699 ἐπὶ
575 2645 789 2699 πάντων
825 2645 1039 2716 ᾔδεσαν,
1069 2644 1190 2697 οὐδέ.
1226 2659 1291 2713 γε
1328 2640 1605 2703 εὐσεϐείας
1634 2637 1863 2711 ἀληθοῦς

279 2738 520 2810 τρόπον,
565 2740 819 2807 φυσικαῖς
848 2736 906 2790 δὲ
941 2736 1170 2799 ἐννοίαις
1214 2732 1641 2804 ἀνακινούμενοι,
1673 2731 1733 2783 τὸ
1764 2730 1863 2801 μὲν

282 2830 569 2901 ὑπάρχειν
609 2833 666 2884 ἐν
705 2833 817 2893 τοῖς
844 2826 962 2884 οὖσι
1009 2828 1155 2882 θείαν
1182 2826 1304 2880 τινὰ
1342 2826 1568 2896 δύναμιν
1610 2824 1703 2877 καὶ
1732 2822 1863 2875 Θεὸν

280 2919 460 2989 εἶναι,
491 2924 586 2977 καὶ
608 2920 982 2994 ὀνομάζεσθαι,
1014 2919 1276 2991 σωτήριόν
1300 2936 1360 2971 τε
1394 2918 1489 2971 καὶ
1515 2914 1865 2988 εύεργετικὴν

278 3018 587 3088 τυγχάνειν
640 3015 740 3087 τὴν
805 3011 1174 3085 προσηγορίαν
1234 3012 1489 3080 αὕτοφυεῖ
1552 3006 1867 3078 διδασκαλίᾳ

281 3107 738 3179 συνωμολόγουν·
767 3106 829 3159 τὸ
864 3106 921 3160 δὲ
956 3104 1029 3176 μὴ
1061 3103 1189 3158 ἄλλο
1222 3120 1275 3155 τι
1297 3100 1536 3173 νομίζειν
1561 3101 1594 3171 ἢ
1618 3100 1709 3153 τὸν
1735 3097 1862 3151 ὲπέ-
1887 3132 1928 3187 c

278 3218 452 3257 κεινα
483 3200 701 3271 ἀπάσης
732 3197 831 3268 τῆς
859 3195 1139 3267 ὁρωμένης
1168 3193 1376 3257 οὐσίας,
1416 3193 1515 3246 οὐκ
1551 3190 1627 3244 ἔθ’
1659 3184 1761 3243 οἷοί
1801 3205 1862 3241 τε

276 3292 437 3365 ἦσαν
471 3290 845 3360 ἀποδέχεσθαι.
868 3289 1066 3359 Διόπερ
1100 3307 1118 3340 ι
1146 3288 1196 3340 oi
1233 3287 1329 3357 μὲν
1359 3283 1538 3339 αὐτῶν
1562 3280 1859 3352 ἐσεϐάσθη-

282 3402 417 3441 σαν.
452 3384 550 3437 καὶ
593 3381 919 3452 ἐλάτρευσαν
959 3381 1025 3449 τῇ
1057 3380 1230 3431 κτίσει
1271 3376 1421 3447 παρὰ
1450 3374 1541 3426 τὸν
1569 3372 1883 3426 κτίσαντα·-

278 3480 332 3532 οἰ
370 3477 436 3530 δὲ
475 3471 894 3546 ἐματαιώθησαν
923 3472 981 3523 ὲν
1013 3471 1124 3532 τοῖς
1153 3468 1518 3538 διαλογισμοῖς
1544 3464 1742 3527 αὐτῶν,
1771 3463 1866 3515 καὶ

280 3569 588 3637 ἐσκοτίσθη
620 3571 654 3638 ή
698 3563 951 3626 ἀσύνετος
993 3560 1170 3614 αὐτῶν
1202 3558 1420 3631 καρδία,
1468 3558 1544 3620 ὡς
1582 3554 1864 3619 ἐναλλάξαι

278 3667 391 3737 τὴν
419 3660 586 3726 δόξαν
613 3658 707 3712 τοῦ
740 3656 1014 3727 ἀφθάρτου
1058 3652 1192 3708 Θεοῦ
1223 3654 1281 3705 ὲν
1310 3648 1613 3721 ὁμοιώματι
1662 3646 1867 3709 εἰκόνος

284 3750 546 3825 φθαρτοῦ
597 3747 903 3819 ἀνθρώπου,
942 3746 1036 3800 καὶ
1078 3742 1336 3798 πετεινῶν
1374 3740 1467 3794 καὶ
1497 3737 1860 3810 τετραπόδων,

282 3846 389 3901 καὶ
423 3840 693 3914 ἑρπετῶν.
725 3859 745 3892 ι
776 3838 1001 3911 Νεκρῶν
1020 3837 1077 3890 δὲ
1105 3832 1196 3890 οῦν
1222 3835 1330 3889 οἵδε
1367 3830 1570 3904 ἀνδρῶν
1595 3827 1867 3883 δυναστῶν

282 3950 485 3999 τινων,
534 3931 568 4001 ἢ
623 3931 714 3985 καὶ
765 3930 1040 4001 τυράννων
1083 3925 1251 3980 πάλαι
1299 3920 1606 3991 γενομένων
1656 3918 1866 3979 εἰκόνας

285 4021 901 4092 ἀνειδωλοποιήσαντες,
937 4018 1033 4073 καὶ
1063 4014 1288 4078 ταύταις
1311 4012 1371 4066 τὸ
1401 4010 1543 4064 θεῖον
1571 4005 1869 4079 περιάψαν-

282 4136 383 4182 τες
419 4115 613 4177 σέϐας,
645 4112 741 4176 τάς
769 4128 831 4165 τε
869 4108 1128 4171 ἐκτύπους
1155 4106 1250 4161 καὶ
1280 4101 1609 4163 ἀκολάστους
1636 4097 1742 4152 τῶν
1775 4097 1870 4149 αύ-

283 4211 404 4265 τῶν
445 4205 695 4279 πράξεις,
721 4204 796 4268 ὼς
821 4202 956 4257 θεῶν
984 4198 1377 4272 κατορθώματα
1415 4192 1698 4266 σεμνύνειν
1726 4188 1871 4242 ὲθεο-

283 4304 567 4373 λόγησαν.
601 4297 727 4362 Πῶς
751 4292 843 4351 οὖν
876 4296 987 4357 τοῖς
1022 4291 1375 4363 τυγχάνουσιν
1407 4289 1465 4340 ὲν
1495 4284 1721 4357 τοιαύτῃ
1756 4282 1869 4353 βίου

285 4392 639 4450 καταστάσει
675 4392 704 4442 ό
733 4389 1003 4455 πάνσοφος
1032 4385 1126 4438 καὶ
1152 4380 1451 4452 πανάρετος
1493 4376 1586 4430 τοῦ
1632 4370 1867 4446 Χριστοῦ

284 4487 461 4555 λόγος
502 4482 602 4553 τὴν
646 4483 727 4544 εἰς
763 4480 930 4551 ἄκρον
969 4470 1356 4542 καταγγέλλων
1390 4466 1726 4538 φιλοσοφίαν,

285 4594 349 4631 τε
381 4579 450 4629 ὲν
477 4571 718 4642 τοσούτῳ
750 4569 902 4640 βάθει
936 4564 1134 4629 κακίας
1178 4560 1610 4631 καλινδουμένοις
1650 4555 1869 4611 δύναται

288 4666 633 4741 ἁρμόττεινς
661 4663 738 4717 διὸ
759 4661 824 4733 δή
851 4659 1087 4721 ἐκείνους
1111 4659 1145 4728 ή
1168 4654 1286 4709 θεία
1315 4653 1410 4708 καὶ
1434 4652 1647 4707 πάντων
1678 4648 1870 4720 ἔφορος

285 4738 544 4829 δίκη,ὡς
578 4752 771 4825 ἀγρίαν
798 4752 891 4805 καὶ
921 4746 1334 4819 βλαϐερωτάτην
1358 4742 1491 4813 ὓλην
1516 4738 1872 4812 περικόπτου-

290 4869 390 4911 σα,
446 4846 574 4900 τοτὲ
625 4844 721 4915 μὲν
773 4840 1192 4911 κατακλυσμοῖς,
1237 4835 1357 4889 τοτὲ
1399 4833 1456 4887 δὲ
1500 4829 1872 4903 πυρπολήσεσι

293 4938 534 5013 μετῄει·
566 4936 686 4989 τοτὲ
720 4932 779 4987 δὲ
815 4932 1009 4994 αὐτοὺς
1039 4932 1149 4992 τοῖς
1173 4927 1291 4980 κατ’
1320 4922 1563 4994 ἀλλήλων
1596 4919 1871 4989 πολέμοις,

290 5011 719 5103 ἀνδροκτασίαις
740 5042 799 5078 τε
828 5024 922 5077 καί⁹
950 5019 1280 5091 πολιορκίαις
1311 5015 1396 5068 ἐπ’
1420 5011 1681 5082 ἀλλήλους
1702 5024 1872 5080 παρε-

291 5124 472 5188 δίδου,
502 5118 639 5190 πρὸς
674 5115 852 5169 αὐτῶν
868 5112 976 5166 τῶν
1008 5109 1293 5182 δαιμόνων,
1317 5104 1424 5159 τῶν
1443 5102 1507 5175 δὴ
1533 5101 1671 5156 θεῶν
1698 5100 1875 5161 αὐτοῖς

292 5208 734 5282 νενομισμένων,
770 5205 862 5258 ἐπὶ
902 5204 993 5257 τὸν
1041 5201 1159 5256 κατ’
1184 5198 1424 5270 ἀλλήλων
1457 5194 1690 5264 πόλεμον
1732 5191 1872 5256 ἐξοι-

295 5299 672 5375 στρουμὲνους
694 5314 708 5328 ·
738 5296 877 5350 ῶστε
898 5294 1092 5350 ἄϐατον
1125 5288 1259 5346 εἶναι
1303 5293 1414 5353 τοῖς
1457 5282 1871 5357 πλησιοχώροις,

293 5389 665 5461 ἀνεπίμικτόν
688 5406 746 5441 τε
772 5387 866 5441 καὶ
890 5385 1248 5454 ἀκοινώνητον
1273 5381 1365 5434 τὸν
1391 5378 1511 5432 τότε
1538 5376 1645 5430 τῶν
1668 5371 1875 5445 ἀνθρώ-

296 5499 428 5537 πων
463 5479 599 5551 βίον.
625 5479 854 5550 Βραχείς
885 5475 941 5528 δέ
974 5490 1142 5537 τινας,
1164 5471 1239 5534 ὡς
1272 5473 1328 5524 ὲν
1364 5466 1586 5539 τοιαύτῃ
1613 5462 1876 5519 καταστά-

302 5591 417 5639 σει,
475 5572 569 5626 καὶ
619 5567 835 5640 ἀριθμῷ
885 5565 1141 5637 ληπτοὺς,
1177 5555 1253 5618 ὧν
1306 5562 1374 5616 τὰ
1419 5560 1547 5628 παρ’
1607 5554 1874 5626 Ἑϐραίοις

379 5748 432 5781 ιδ
476 5745 633 5802 Rom.
671 5761 725 5812 ι,
761 5743 867 5811 23,
901 5742 963 5798 21
999 5740 1090 5796 9.3.

1956 1893 2010 1946 in
2057 1902 2265 1945 summa
2310 1891 2640 1956 repetentur.
2677 1880 2813 1935 Cum
2844 1876 3045 1931 multus
3072 1880 3216 1929 esset
3245 1871 3518 1942 quondam

1956 1981 2049 2053 qui
2097 1980 2366 2035 humanas
2418 1974 2627 2029 animas
2686 1969 3070 2026 obtenebraret
3127 1964 3423 2035 impietatis
3466 1969 3520 2016 et

1957 2073 2205 2128 amentiae
2225 2070 2447 2141 squalor
2472 2107 2486 2131 ,
2517 2073 2573 2121 et
2597 2063 2778 2135 gravis
2794 2060 3037 2132 quaedam
3071 2074 3099 2110 a
3125 2056 3233 2111 Deo
3265 2053 3522 2108 alienatio

1957 2178 2171 2217 omnem
2197 2160 2361 2212 vitam
2390 2155 2673 2211 hominum
2719 2150 3026 2221 subegisset
3055 2159 3217 2216 atque
3258 2158 3525 2212 occupas-

1962 2262 2063 2315 set.
2097 2250 2232 2306 adeo
2264 2260 2321 2304 ut
2350 2250 2419 2304 ab
2452 2245 2759 2318 agrestibus
2794 2250 2848 2297 et
2891 2240 3188 2295 immitibus
3218 2236 3346 2290 feris
3386 2234 3523 2288 nihil

1963 2344 2177 2399 differre
2206 2340 2452 2411 homines
2504 2336 2848 2397 viderentur,
2877 2340 2990 2385 tum
3026 2331 3100 2384 illi
3129 2344 3304 2398 neque
3336 2327 3527 2380 civita-

1959 2448 2060 2500 tes,
2077 2449 2250 2504 neque
2273 2429 2628 2501 respublicas,
2649 2440 2825 2495 neque
2849 2425 3010 2492 leges,
3037 2436 3211 2491 neque
3234 2419 3523 2473 honestum

1960 2527 2252 2598 quidquam
2286 2530 2380 2576 aut
2421 2521 2544 2576 vita:
2596 2515 2941 2573 conducibile
2995 2518 3291 2573 noverant,
3350 2523 3527 2579 neque

1959 2633 2088 2674 vero
2118 2615 2377 2672 scientias
2412 2613 2548 2667 ullas
2573 2618 2665 2665 aut
2687 2619 2833 2662 artes
2866 2605 3047 2658 animo
3075 2600 3530 2671 complecteban—

1962 2719 2071 2774 tur,
2101 2705 2317 2761 virtutis
2334 2711 2514 2757 autem
2534 2715 2597 2753 ac
2630 2694 2992 2768 philosophia:
3014 2706 3084 2746 ne
3113 2692 3387 2746 minimam
3403 2686 3529 2757 qui.

1962 2800 2083 2855 dem
2112 2798 2388 2853 notionem
2420 2792 2698 2853 tenebant,
2723 2786 2819 2845 sed
2853 2786 2907 2840 in
2946 2783 3078 2841 solis
3108 2781 3342 2837 desertis
3367 2779 3525 2842 locis,

1965 2892 2020 2946 in
2055 2888 2332 2945 montibus
2361 2900 2424 2940 ac
2452 2881 2729 2953 speluncis
2772 2889 2826 2934 et
2867 2878 3007 2931 vicis
3060 2874 3318 2943 degentes
3341 2886 3529 2925 versa-

1966 2981 2184 3045 bantur,
2201 2978 2542 3033 etlatronum
2574 2973 2750 3026 instar
2775 2983 2871 3023 eos
2894 2966 2986 3036 qui
3020 2964 3245 3034 propius
3272 2963 3531 3016 accessis-

1965 3080 2085 3128 sent
2119 3068 2447 3125 invadebant
2486 3106 2501 3130 ,
2535 3080 2635 3120 nec
2680 3060 2898 3117 aliunde
2951 3058 3054 3115 sibi
3090 3058 3289 3111 victum
3318 3069 3526 3124 quaere-

1962 3165 2112 3227 bant,
2147 3176 2311 3233 quam
2351 3174 2418 3214 ex
2448 3170 2636 3211 eorum
2689 3150 3043 3223 oppressione
3091 3161 3230 3217 quos
3278 3142 3526 3198 imbecil-

1960 3257 2123 3311 liores
2153 3254 2294 3310 nacti
2330 3256 2514 3308 essent
2541 3270 2552 3303 :
2607 3247 2771 3302 iidem
2812 3258 2976 3315 porro
3007 3255 3184 3311 neque
3214 3252 3528 3309 supremum

1960 3349 2151 3413 Deum,
2183 3361 2360 3416 neque
2388 3344 2559 3398 ullum
2625 3338 2906 3410 religionis
2941 3352 3086 3390 verae
3116 3333 3339 3388 modum
3362 3349 3531 3387 nove-

1963 3451 2104 3505 rant,
2134 3437 2230 3495 sed
2259 3437 2391 3493 solis
2433 3431 2761 3504 quibusdam
2813 3426 3156 3482 naturalibus
3209 3421 3529 3477 notionibus

1961 3530 2228 3595 instincti,
2262 3526 2528 3583 exsistere
2558 3521 2779 3593 quidem
2812 3516 2974 3588 364
3008 3516 3059 3569 iu
3098 3515 3261 3569 rebus
3294 3512 3533 3566 divinam

1962 3621 2231 3694 quandam
2262 3621 2388 3682 vim,
2425 3615 2702 3683 Deumque
2746 3625 2869 3664 esse
2914 3622 2977 3661 ac
3007 3605 3299 3666 nominari,
3330 3610 3386 3656 et
3413 3616 3532 3654 eam

1963 3715 2255 3771 salutarem
2285 3723 2349 3763 ac
2370 3708 2667 3761 beneficam
2712 3700 2919 3756 sentire
2965 3695 3403 3766 appellationem,
3434 3705 3534 3745 ua-

1964 3805 2128 3861 turali
2178 3800 2415 3872 quadam
2476 3795 2729 3852 doctrina
2768 3792 3119 3853 fatebantur;
3175 3794 3234 3839 ut
3263 3798 3394 3838 vero
3424 3799 3534 3837 non

1965 3896 2111 3952 aliud
2141 3894 2438 3964 quidquam
2466 3895 2738 3958 putarent,
2773 3897 2934 3955 quam
2959 3896 3082 3936 eum
3114 3879 3207 3948 qui
3234 3884 3317 3931 est
3368 3888 3535 3943 supra

1965 4001 2180 4043 omnem
2209 3999 2330 4054 quae
2351 3981 2594 4036 cernitur
2625 3986 2899 4037 naturam,
2941 3984 3285 4041 nequaquam
3337 3966 3536 4021 adduci

1966 4086 2235 4154 poterant.
2265 4075 2497 4131 Proinde
2523 4092 2542 4124 ‹
2585 4069 2828 4126 nonnulli
2855 4067 3072 4138 quidem
3104 4076 3297 4141 eorum
3322 4061 3532 4114 cultum

1968 4189 2126 4230 suum
2146 4171 2469 4228 tribuerunt,
2491 4180 2554 4219 ae
2571 4163 2878 4219 servierunt
2891 4164 3153 4213 creaturae
3169 4154 3352 4229 potius
3369 4166 3537 4222 quam

1968 4261 2255 4325 Creatori:
2290 4258 2383 4312 alii
2441 4270 2569 4310 vero
2611 4254 2954 4306 evanuerunt
3001 4247 3057 4299 in
3108 4240 3539 4313 cogitationibus

1971 4356 2107 4418 suis,
2146 4361 2201 4409 et
2222 4352 2574 4406 obscuratum
2606 4354 2690 4399 est
2721 4339 2988 4410 insipiens
3014 4351 3112 4391 cor
3161 4348 3373 4397 eorum,
3401 4328 3546 4384 adeo

1760 4421 1871 4527 τοῖξ
1896 4473 1947 4533 D
1972 4446 2187 4518 quidem
2218 4451 2278 4498 ut
2310 4438 2642 4495 mutaverint
2679 4434 2908 4506 gloriam
2938 4424 3372 4495 incorruptibilis
3417 4421 3537 4484 Dei,

1972 4541 2028 4595 in
2053 4533 2468 4594 similitudinem
2503 4526 2755 4597 imaginis
2785 4518 3161 4592 corruptibilis
3196 4514 3455 4577 hominis,
3483 4519 3540 4567 et

1973 4630 2275 4690 volucrum,
2296 4631 2351 4678 et
2368 4617 2802 4691 quadrupedum,
2826 4619 2879 4667 et
2898 4608 3300 4679 serpentium".
3317 4625 3333 4656 ι
3354 4603 3541 4673 Itaque

1974 4730 2317 4777 mortuorum
2361 4716 2606 4770 virorum
2658 4706 3018 4779 quorumdam
3062 4702 3361 4773 potentium
3389 4737 3404 4762 ,
3447 4706 3542 4751 aut

1976 4813 2137 4868 etiam
2154 4819 2507 4882 tyrannorum
2536 4804 2628 4873 qui
2653 4800 2955 4869 antiquitus
2982 4796 3233 4856 fuissent,
3255 4807 3379 4846 cum
3405 4789 3542 4842 ima-

1977 4905 2131 4976 gines
2161 4880 2260 4972 pro
2290 4895 2603 4955 simulacris
2661 4891 2968 4947 erexisseut
2997 4927 3011 4950 ,
3052 4885 3245 4953 hisque
3296 4880 3549 4934 divinum.

1979 4967 2296 5052 tribuissent
2322 4990 2551 5052 cultum,
2584 4993 2699 5039 tum
2735 4979 2999 5038 deformia
3059 4983 3221 5044 atque
3269 4967 3547 5040 impudica.
3636 5036 3641 5041 ἱ

1980 5086 2293 5146 eorutndem
2348 5082 2491 5136 facta
2537 5076 2695 5149 quasi
2746 5074 2971 5128 deorum
3004 5074 3155 5137 gesta
3178 5061 3544 5134 pulcherrima

1980 5180 2248 5243 venerari,
2265 5173 2584 5244 theologicis
2599 5166 2926 5240 quibusdam
2946 5161 3141 5215 ritibus
3165 5157 3543 5211 instituerunt.

1980 5273 2084 5340 Qui
2119 5271 2282 5342 igitur
2316 5266 2432 5322 fieri
2484 5263 2753 5335 potuisset
2787 5266 2844 5313 ut
2896 5259 2948 5311 iu
2983 5253 3075 5308 tali
3108 5258 3254 5306 statu
3289 5248 3414 5303 vita:
3449 5245 3545 5299 de-

1978 5363 2250 5438 gentibus,
2286 5369 2449 5430 atque
2474 5357 2527 5410 in
2555 5364 2703 5409 tanta
2754 5348 3128 5421 profunditate
3167 5341 3388 5399 malitiae
3419 5352 3545 5392 ver—

1979 5455 2250 5519 santibus,
2282 5449 2743 5521 sapientissimum
2771 5451 2935 5513 atque
2969 5452 3185 5494 omnem
3207 5435 3461 5490 virtutem
3486 5430 3544 5483 in

1980 5563 2041 5605 se
2060 5546 2344 5603 continens
2371 5540 2577 5597 Christi
2607 5537 2865 5599 Verbum,
2889 5532 3018 5587 dum
3051 5541 3321 5587 summam
3354 5521 3536 5596 perfe-
