  <div class='ocr_page' id='page_1' title='image "/cluster/home/n/w/nwhite01/storage/ocr_20150623/22/mdp.39015078384388/303.png"; bbox 0 0 3908 6266; ppageno 0'>
   <div class='ocr_carea' id='block_1_1' title="bbox 360 285 458 342">
    <p class='ocr_par' dir='ltr' id='par_1_1' title="bbox 360 285 458 342">
     <span class='ocr_line' id='line_1_1' title="bbox 360 285 458 342; baseline -0.051 0"><span class='ocrx_word' id='word_1_1' title='bbox 360 285 458 342; x_wconf 74' lang='lat'><strong>571</strong></span> 
     </span>
    </p>
   </div>
   <div class='ocr_carea' id='block_1_2' title="bbox 1038 263 2947 332">
    <p class='ocr_par' dir='ltr' id='par_1_2' title="bbox 1038 263 2947 332">
     <span class='ocr_line' id='line_1_2' title="bbox 1038 263 2947 332; baseline -0.001 -4"><span class='ocrx_word' id='word_1_2' title='bbox 1038 277 1307 331; x_wconf 66' lang='lat' dir='ltr'><strong>LLSLBII</strong></span> <span class='ocrx_word' id='word_1_3' title='bbox 1339 273 1812 331; x_wconf 67' lang='lat' dir='ltr'><strong>CAESARIENSIS</strong></span> <span class='ocrx_word' id='word_1_4' title='bbox 1851 275 1998 332; x_wconf 85' lang='lat' dir='ltr'><strong>OPP.</strong></span> <span class='ocrx_word' id='word_1_5' title='bbox 2041 273 2221 330; x_wconf 80' lang='lat' dir='ltr'><strong>PARS</strong></span> <span class='ocrx_word' id='word_1_6' title='bbox 2255 271 2410 327; x_wconf 89' lang='grc'><strong>11.--</strong></span> <span class='ocrx_word' id='word_1_7' title='bbox 2445 263 2947 330; x_wconf 49' lang='lat' dir='ltr'><strong>APOLOGETICA,</strong></span> 
     </span>
    </p>
   </div>
   <div class='ocr_carea' id='block_1_3' title="bbox 3505 275 3603 332">
    <p class='ocr_par' dir='ltr' id='par_1_3' title="bbox 3505 275 3603 332">
     <span class='ocr_line' id='line_1_3' title="bbox 3505 275 3603 332; baseline 0.01 -2"><span class='ocrx_word' id='word_1_8' title='bbox 3505 275 3603 332; x_wconf 68' lang='lat'><strong>572</strong></span> 
     </span>
    </p>
   </div>
   <div class='ocr_carea' id='block_1_4' title="bbox 360 393 1937 470">
    <p class='ocr_par' dir='ltr' id='par_1_4' title="bbox 360 396 1937 470">
     <span class='ocr_line' id='line_1_4' title="bbox 360 396 1937 470; baseline -0.002 -16"><span class='ocrx_word' id='word_1_9' title='bbox 360 406 617 470; x_wconf 82' lang='lat' dir='ltr'><strong>ctamqne</strong></span> <span class='ocrx_word' id='word_1_10' title='bbox 645 400 862 454; x_wconf 78' lang='lat' dir='ltr'><strong>nuntiat</strong></span> <span class='ocrx_word' id='word_1_11' title='bbox 912 396 1334 468; x_wconf 88' lang='lat' dir='ltr'><strong>philos0phiam,</strong></span> <span class='ocrx_word' id='word_1_12' title='bbox 1374 397 1882 452; x_wconf 73' lang='lat' dir='ltr'><strong>accommodaretur</strong></span> <span class='ocrx_word' id='word_1_13' title='bbox 1913 398 1937 451; x_wconf 88' lang='lat'><strong>?</strong></span> 
     </span>
    </p>
   </div>
   <div class='ocr_carea' id='block_1_5' title="bbox 2039 393 3602 470">
    <p class='ocr_par' dir='ltr' id='par_1_5' title="bbox 2041 393 3602 466">
     <span class='ocr_line' id='line_1_5' title="bbox 2041 393 3602 466; baseline 0.004 -19"><span class='ocrx_word' id='word_1_14' title='bbox 2041 394 2365 466; x_wconf 83' lang='grc' dir='ltr'>μνημονεύει</span> <span class='ocrx_word' id='word_1_15' title='bbox 2414 395 2590 464; x_wconf 82' lang='grc' dir='ltr'>λόγια,</span> <span class='ocrx_word' id='word_1_16' title='bbox 2647 395 2909 466; x_wconf 78' lang='grc' dir='ltr'>θεοφιλεῖς</span> <span class='ocrx_word' id='word_1_17' title='bbox 2959 393 3214 466; x_wconf 77' lang='grc' dir='ltr'><strong>εὑροῦσα,</strong></span> <span class='ocrx_word' id='word_1_18' title='bbox 3263 393 3474 460; x_wconf 75' lang='grc' dir='ltr'><strong>τούτοις</strong></span> <span class='ocrx_word' id='word_1_19' title='bbox 3519 399 3602 455; x_wconf 86' lang='grc' dir='ltr'><strong>διά</strong></span> 
     </span>
    </p>
   </div>
   <div class='ocr_carea' id='block_1_6' title="bbox 363 488 1928 562">
    <p class='ocr_par' dir='ltr' id='par_1_6' title="bbox 363 488 1928 562">
     <span class='ocr_line' id='line_1_6' title="bbox 363 488 1928 562; baseline -0.002 -18"><span class='ocrx_word' id='word_1_20' title='bbox 363 491 708 562; x_wconf 82' lang='lat' dir='ltr'><strong>Quapmpter</strong></span> <span class='ocrx_word' id='word_1_21' title='bbox 733 491 853 544; x_wconf 88' lang='lat' dir='ltr'><strong>illos</strong></span> <span class='ocrx_word' id='word_1_22' title='bbox 887 490 1073 544; x_wconf 89' lang='lat' dir='ltr'><strong>divina</strong></span> <span class='ocrx_word' id='word_1_23' title='bbox 1128 488 1418 558; x_wconf 85' lang='lat' dir='ltr'><strong>omniaque</strong></span> <span class='ocrx_word' id='word_1_24' title='bbox 1470 503 1670 544; x_wconf 89' lang='lat' dir='ltr'><strong>curans</strong></span> <span class='ocrx_word' id='word_1_25' title='bbox 1694 488 1928 558; x_wconf 88' lang='lat' dir='ltr'><strong>justitia,</strong></span> 
     </span>
    </p>
   </div>
   <div class='ocr_carea' id='block_1_7' title="bbox 363 579 1933 654">
    <p class='ocr_par' dir='ltr' id='par_1_7' title="bbox 363 579 1933 654">
     <span class='ocr_line' id='line_1_7' title="bbox 363 579 1933 654; baseline 0.001 -18"><span class='ocrx_word' id='word_1_26' title='bbox 363 584 522 653; x_wconf 84' lang='lat' dir='ltr'><strong>quasi</strong></span> <span class='ocrx_word' id='word_1_27' title='bbox 556 591 824 654; x_wconf 79' lang='lat' dir='ltr'><strong>agrestem</strong></span> <span class='ocrx_word' id='word_1_28' title='bbox 855 588 908 636; x_wconf 88' lang='lat' dir='ltr'><strong>et</strong></span> <span class='ocrx_word' id='word_1_29' title='bbox 935 581 1381 637; x_wconf 91' lang='lat' dir='ltr'><strong>nocentissimam</strong></span> <span class='ocrx_word' id='word_1_30' title='bbox 1419 581 1614 636; x_wconf 85' lang='lat' dir='ltr'><strong>silvam</strong></span> <span class='ocrx_word' id='word_1_31' title='bbox 1645 579 1933 637; x_wconf 75' lang='lat' dir='ltr'><strong>attondens</strong></span> 
     </span>
    </p>
   </div>
   <div class='ocr_carea' id='block_1_8' title="bbox 364 671 1931 745">
    <p class='ocr_par' dir='ltr' id='par_1_8' title="bbox 364 671 1931 745">
     <span class='ocr_line' id='line_1_8' title="bbox 364 671 1931 745; baseline -0.001 -17"><span class='ocrx_word' id='word_1_32' title='bbox 364 683 527 745; x_wconf 87' lang='lat' dir='ltr'><strong>atque</strong></span> <span class='ocrx_word' id='word_1_33' title='bbox 557 681 868 743; x_wconf 82' lang='lat' dir='ltr'><strong>amputans,</strong></span> <span class='ocrx_word' id='word_1_34' title='bbox 890 687 1036 726; x_wconf 86' lang='lat' dir='ltr'><strong>nunc</strong></span> <span class='ocrx_word' id='word_1_35' title='bbox 1067 673 1285 742; x_wconf 88' lang='lat' dir='ltr'><strong>quidem</strong></span> <span class='ocrx_word' id='word_1_36' title='bbox 1307 671 1550 736; x_wconf 79' lang='lat' dir='ltr'><strong>diluviis,</strong></span> <span class='ocrx_word' id='word_1_37' title='bbox 1587 687 1733 726; x_wconf 90' lang='lat' dir='ltr'><strong>nunc</strong></span> <span class='ocrx_word' id='word_1_38' title='bbox 1752 679 1931 726; x_wconf 86' lang='lat' dir='ltr'><strong>autem</strong></span> 
     </span>
    </p>
   </div>
   <div class='ocr_carea' id='block_1_9' title="bbox 363 763 1933 833">
    <p class='ocr_par' dir='ltr' id='par_1_9' title="bbox 363 763 1933 833">
     <span class='ocr_line' id='line_1_9' title="bbox 363 763 1933 833; baseline -0.001 -13"><span class='ocrx_word' id='word_1_39' title='bbox 363 765 627 820; x_wconf 81' lang='lat' dir='ltr'><strong>incendiis</strong></span> <span class='ocrx_word' id='word_1_40' title='bbox 652 764 950 833; x_wconf 72' lang='lat' dir='ltr'><strong>castigabat</strong></span> <span class='ocrx_word' id='word_1_41' title='bbox 976 781 990 819; x_wconf 89' lang='lat'><strong>:</strong></span> <span class='ocrx_word' id='word_1_42' title='bbox 1025 763 1298 819; x_wconf 76' lang='lat' dir='ltr'><strong>interdum</strong></span> <span class='ocrx_word' id='word_1_43' title='bbox 1328 781 1457 820; x_wconf 86' lang='lat' dir='ltr'><strong>vero</strong></span> <span class='ocrx_word' id='word_1_44' title='bbox 1475 763 1696 819; x_wconf 88' lang='lat' dir='ltr'><strong>eosdem</strong></span> <span class='ocrx_word' id='word_1_45' title='bbox 1727 763 1933 819; x_wconf 88' lang='lat' dir='ltr'><strong>mutuis</strong></span> 
     </span>
    </p>
   </div>
   <div class='ocr_carea' id='block_1_10' title="bbox 364 855 1935 913">
    <p class='ocr_par' dir='ltr' id='par_1_10' title="bbox 364 855 1935 913">
     <span class='ocr_line' id='line_1_10' title="bbox 364 855 1935 913; baseline -0.001 -1"><span class='ocrx_word' id='word_1_46' title='bbox 364 857 523 912; x_wconf 89' lang='lat' dir='ltr'><strong>bellis</strong></span> <span class='ocrx_word' id='word_1_47' title='bbox 564 864 620 911; x_wconf 84' lang='lat' dir='ltr'><strong>et</strong></span> <span class='ocrx_word' id='word_1_48' title='bbox 670 857 913 913; x_wconf 81' lang='lat' dir='ltr'><strong>caedibus</strong></span> <span class='ocrx_word' id='word_1_49' title='bbox 944 867 998 912; x_wconf 90' lang='lat' dir='ltr'><strong>et</strong></span> <span class='ocrx_word' id='word_1_50' title='bbox 1031 857 1414 912; x_wconf 83' lang='lat' dir='ltr'><strong>obsidionibus</strong></span> <span class='ocrx_word' id='word_1_51' title='bbox 1461 856 1701 912; x_wconf 91' lang='lat' dir='ltr'><strong>assiduis</strong></span> <span class='ocrx_word' id='word_1_52' title='bbox 1749 855 1935 911; x_wconf 91' lang='lat' dir='ltr'><strong>trade-</strong></span> 
     </span>
    </p>
   </div>
   <div class='ocr_carea' id='block_1_11' title="bbox 364 949 1934 1020">
    <p class='ocr_par' dir='ltr' id='par_1_11' title="bbox 364 949 1934 1020">
     <span class='ocr_line' id='line_1_11' title="bbox 364 949 1934 1020; baseline -0.001 -16"><span class='ocrx_word' id='word_1_53' title='bbox 364 950 475 1014; x_wconf 89' lang='lat' dir='ltr'><strong>bat,</strong></span> <span class='ocrx_word' id='word_1_54' title='bbox 521 949 722 1020; x_wconf 86' lang='lat' dir='ltr'><strong>quippe</strong></span> <span class='ocrx_word' id='word_1_55' title='bbox 764 967 902 1020; x_wconf 88' lang='lat' dir='ltr'><strong>quos</strong></span> <span class='ocrx_word' id='word_1_56' title='bbox 932 951 1036 1020; x_wconf 84' lang='lat' dir='ltr'><strong>ipsi</strong></span> <span class='ocrx_word' id='word_1_57' title='bbox 1070 950 1364 1014; x_wconf 85' lang='lat' dir='ltr'><strong>daemones,</strong></span> <span class='ocrx_word' id='word_1_58' title='bbox 1403 952 1545 1020; x_wconf 92' lang='lat' dir='ltr'><strong>ipsi,</strong></span> <span class='ocrx_word' id='word_1_59' title='bbox 1577 951 1820 1020; x_wconf 90' lang='lat' dir='ltr'><strong>inquam,</strong></span> <span class='ocrx_word' id='word_1_60' title='bbox 1855 949 1934 1004; x_wconf 88' lang='lat' dir='ltr'><strong>illi</strong></span> 
     </span>
    </p>
   </div>
   <div class='ocr_carea' id='block_1_12' title="bbox 361 1041 1937 1112">
    <p class='ocr_par' dir='ltr' id='par_1_12' title="bbox 361 1041 1937 1112">
     <span class='ocr_line' id='line_1_12' title="bbox 361 1041 1937 1112; baseline 0.001 -18"><span class='ocrx_word' id='word_1_61' title='bbox 361 1057 501 1112; x_wconf 87' lang='lat' dir='ltr'><strong>quos</strong></span> <span class='ocrx_word' id='word_1_62' title='bbox 525 1043 657 1097; x_wconf 93' lang='lat' dir='ltr'><strong>deos</strong></span> <span class='ocrx_word' id='word_1_63' title='bbox 687 1058 818 1098; x_wconf 90' lang='lat' dir='ltr'><strong>suos</strong></span> <span class='ocrx_word' id='word_1_64' title='bbox 847 1044 1166 1108; x_wconf 85' lang='lat' dir='ltr'><strong>censebant,</strong></span> <span class='ocrx_word' id='word_1_65' title='bbox 1194 1043 1247 1096; x_wconf 91' lang='lat' dir='ltr'><strong>in</strong></span> <span class='ocrx_word' id='word_1_66' title='bbox 1267 1043 1480 1098; x_wconf 83' lang='lat' dir='ltr'><strong>furores</strong></span> <span class='ocrx_word' id='word_1_67' title='bbox 1507 1043 1794 1106; x_wconf 88' lang='lat' dir='ltr'><strong>bellorum,</strong></span> <span class='ocrx_word' id='word_1_68' title='bbox 1813 1041 1937 1112; x_wconf 91' lang='lat' dir='ltr'><strong>qui-</strong></span> 
     </span>
    </p>
   </div>
   <div class='ocr_carea' id='block_1_13' title="bbox 367 1132 1932 1203">
    <p class='ocr_par' dir='ltr' id='par_1_13' title="bbox 367 1132 1932 1203">
     <span class='ocr_line' id='line_1_13' title="bbox 367 1132 1932 1203; baseline 0.002 -17"><span class='ocrx_word' id='word_1_69' title='bbox 367 1138 467 1190; x_wconf 82' lang='lat' dir='ltr'><strong>bus</strong></span> <span class='ocrx_word' id='word_1_70' title='bbox 498 1141 690 1189; x_wconf 79' lang='lat' dir='ltr'><strong>contra</strong></span> <span class='ocrx_word' id='word_1_71' title='bbox 728 1150 788 1190; x_wconf 90' lang='lat' dir='ltr'><strong>se</strong></span> <span class='ocrx_word' id='word_1_72' title='bbox 821 1133 1052 1188; x_wconf 86' lang='lat' dir='ltr'><strong>invicem</strong></span> <span class='ocrx_word' id='word_1_73' title='bbox 1089 1140 1486 1203; x_wconf 78' lang='lat' dir='ltr'><strong>grassarentur,</strong></span> <span class='ocrx_word' id='word_1_74' title='bbox 1514 1132 1932 1190; x_wconf 84' lang='lat' dir='ltr'><strong>inﬂammarent.</strong></span> 
     </span>
    </p>
   </div>
   <div class='ocr_carea' id='block_1_14' title="bbox 366 1222 1937 1295">
    <p class='ocr_par' dir='ltr' id='par_1_14' title="bbox 366 1222 1937 1295">
     <span class='ocr_line' id='line_1_14' title="bbox 366 1222 1937 1295; baseline 0.001 -18"><span class='ocrx_word' id='word_1_75' title='bbox 366 1223 446 1280; x_wconf 79' lang='lat' dir='ltr'><strong>Ex</strong></span> <span class='ocrx_word' id='word_1_76' title='bbox 491 1239 602 1295; x_wconf 94' lang='lat' dir='ltr'><strong>quo</strong></span> <span class='ocrx_word' id='word_1_77' title='bbox 649 1223 812 1279; x_wconf 81' lang='lat' dir='ltr'><strong>ﬁebat</strong></span> <span class='ocrx_word' id='word_1_78' title='bbox 863 1233 922 1278; x_wconf 89' lang='lat' dir='ltr'><strong>ut</strong></span> <span class='ocrx_word' id='word_1_79' title='bbox 955 1225 1134 1279; x_wconf 91' lang='lat' dir='ltr'><strong>nullos</strong></span> <span class='ocrx_word' id='word_1_80' title='bbox 1165 1224 1304 1278; x_wconf 92' lang='lat' dir='ltr'><strong>inter</strong></span> <span class='ocrx_word' id='word_1_81' title='bbox 1347 1239 1406 1279; x_wconf 91' lang='lat' dir='ltr'><strong>se</strong></span> <span class='ocrx_word' id='word_1_82' title='bbox 1459 1222 1639 1279; x_wconf 91' lang='lat' dir='ltr'><strong>aditus</strong></span> <span class='ocrx_word' id='word_1_83' title='bbox 1674 1223 1937 1279; x_wconf 85' lang='lat' dir='ltr'><strong>haberent</strong></span> 
     </span>
    </p>
   </div>
   <div class='ocr_carea' id='block_1_15' title="bbox 368 1315 1938 1388">
    <p class='ocr_par' dir='ltr' id='par_1_15' title="bbox 368 1315 1938 1388">
     <span class='ocr_line' id='line_1_15' title="bbox 368 1315 1938 1388; baseline -0.001 -17"><span class='ocrx_word' id='word_1_84' title='bbox 368 1317 606 1382; x_wconf 82' lang='lat' dir='ltr'><strong>ﬁnitimi,</strong></span> <span class='ocrx_word' id='word_1_85' title='bbox 659 1317 754 1372; x_wconf 92' lang='lat' dir='ltr'><strong>sed</strong></span> <span class='ocrx_word' id='word_1_86' title='bbox 785 1317 1122 1388; x_wconf 91' lang='lat' dir='ltr'><strong>impermista</strong></span> <span class='ocrx_word' id='word_1_87' title='bbox 1158 1315 1802 1386; x_wconf 89' lang='lat' dir='ltr'><strong>incommunicabilisque</strong></span> <span class='ocrx_word' id='word_1_88' title='bbox 1835 1316 1938 1370; x_wconf 82' lang='lat' dir='ltr'><strong>ho-</strong></span> 
     </span>
    </p>
   </div>
   <div class='ocr_carea' id='block_1_16' title="bbox 369 1416 1936 1488">
    <p class='ocr_par' dir='ltr' id='par_1_16' title="bbox 369 1416 1936 1488">
     <span class='ocr_line' id='line_1_16' title="bbox 369 1416 1936 1488; baseline 0.003 -18"><span class='ocrx_word' id='word_1_89' title='bbox 369 1418 574 1471; x_wconf 90' lang='lat' dir='ltr'><strong>minum</strong></span> <span class='ocrx_word' id='word_1_90' title='bbox 608 1425 761 1474; x_wconf 90' lang='lat' dir='ltr'><strong>esset</strong></span> <span class='ocrx_word' id='word_1_91' title='bbox 796 1417 906 1474; x_wconf 91' lang='lat' dir='ltr'><strong>illis</strong></span> <span class='ocrx_word' id='word_1_92' title='bbox 944 1417 1283 1488; x_wconf 86' lang='lat' dir='ltr'><strong>temporibus</strong></span> <span class='ocrx_word' id='word_1_93' title='bbox 1324 1418 1457 1472; x_wconf 89' lang='lat' dir='ltr'><strong>vita.</strong></span> <span class='ocrx_word' id='word_1_94' title='bbox 1491 1416 1702 1473; x_wconf 91' lang='lat' dir='ltr'><strong>Paucos</strong></span> <span class='ocrx_word' id='word_1_95' title='bbox 1754 1425 1936 1474; x_wconf 90' lang='lat' dir='ltr'><strong>autem</strong></span> 
     </span>
    </p>
   </div>
   <div class='ocr_carea' id='block_1_17' title="bbox 367 1506 1932 1576">
    <p class='ocr_par' dir='ltr' id='par_1_17' title="bbox 367 1506 1932 1576">
     <span class='ocr_line' id='line_1_17' title="bbox 367 1506 1932 1576; baseline 0 -18"><span class='ocrx_word' id='word_1_96' title='bbox 367 1507 654 1575; x_wconf 89' lang='lat' dir='ltr'><strong>quosdam,</strong></span> <span class='ocrx_word' id='word_1_97' title='bbox 691 1514 750 1560; x_wconf 93' lang='lat' dir='ltr'><strong>ut</strong></span> <span class='ocrx_word' id='word_1_98' title='bbox 787 1508 842 1560; x_wconf 90' lang='lat' dir='ltr'><strong>in</strong></span> <span class='ocrx_word' id='word_1_99' title='bbox 872 1507 1141 1576; x_wconf 88' lang='lat' dir='ltr'><strong>ejusmodi</strong></span> <span class='ocrx_word' id='word_1_100' title='bbox 1177 1515 1344 1570; x_wconf 90' lang='lat' dir='ltr'><strong>statu,</strong></span> <span class='ocrx_word' id='word_1_101' title='bbox 1397 1514 1452 1562; x_wconf 89' lang='lat' dir='ltr'><strong>et</strong></span> <span class='ocrx_word' id='word_1_102' title='bbox 1495 1506 1651 1562; x_wconf 85' lang='lat' dir='ltr'><strong>facile</strong></span> <span class='ocrx_word' id='word_1_103' title='bbox 1681 1519 1932 1564; x_wconf 88' lang='lat' dir='ltr'><strong>numera-</strong></span> 
     </span>
    </p>
   </div>
   <div class='ocr_carea' id='block_1_18' title="bbox 368 1597 1935 1668">
    <p class='ocr_par' dir='ltr' id='par_1_18' title="bbox 368 1597 1935 1668">
     <span class='ocr_line' id='line_1_18' title="bbox 368 1597 1935 1668; baseline 0 -18"><span class='ocrx_word' id='word_1_104' title='bbox 368 1597 777 1666; x_wconf 83' lang='lat' dir='ltr'><strong>biles,quorum</strong></span> <span class='ocrx_word' id='word_1_105' title='bbox 827 1613 984 1654; x_wconf 90' lang='lat' dir='ltr'><strong>sacra</strong></span> <span class='ocrx_word' id='word_1_106' title='bbox 1015 1597 1160 1668; x_wconf 89' lang='lat' dir='ltr'><strong>apud</strong></span> <span class='ocrx_word' id='word_1_107' title='bbox 1185 1597 1442 1654; x_wconf 65' lang='lat' dir='ltr'><strong>Hebraeos</strong></span> <span class='ocrx_word' id='word_1_108' title='bbox 1487 1599 1709 1653; x_wconf 89' lang='lat' dir='ltr'><strong>oracula</strong></span> <span class='ocrx_word' id='word_1_109' title='bbox 1742 1597 1935 1653; x_wconf 91' lang='lat' dir='ltr'><strong>memi-</strong></span> 
     </span>
    </p>
   </div>
   <div class='ocr_carea' id='block_1_19' title="bbox 362 1685 1938 1760">
    <p class='ocr_par' dir='ltr' id='par_1_19' title="bbox 362 1685 1938 1760">
     <span class='ocr_line' id='line_1_19' title="bbox 362 1685 1938 1760; baseline 0.001 -20"><span class='ocrx_word' id='word_1_110' title='bbox 362 1695 585 1753; x_wconf 86' lang='lat' dir='ltr'><strong>nerunt,</strong></span> <span class='ocrx_word' id='word_1_111' title='bbox 603 1685 697 1742; x_wconf 91' lang='lat' dir='ltr'><strong>Dei</strong></span> <span class='ocrx_word' id='word_1_112' title='bbox 716 1688 994 1744; x_wconf 90' lang='lat' dir='ltr'><strong>studiosos</strong></span> <span class='ocrx_word' id='word_1_113' title='bbox 1029 1689 1344 1759; x_wconf 87' lang='lat' dir='ltr'><strong>amicosque</strong></span> <span class='ocrx_word' id='word_1_114' title='bbox 1375 1697 1557 1756; x_wconf 91' lang='lat' dir='ltr'><strong>nacta,</strong></span> <span class='ocrx_word' id='word_1_115' title='bbox 1585 1689 1688 1745; x_wconf 90' lang='lat' dir='ltr'><strong>bos</strong></span> <span class='ocrx_word' id='word_1_116' title='bbox 1718 1690 1868 1760; x_wconf 93' lang='lat' dir='ltr'><strong>ipsos</strong></span> <span class='ocrx_word' id='word_1_117' title='bbox 1883 1695 1938 1742; x_wconf 87' lang='lat' dir='ltr'><strong>et</strong></span> 
     </span>
    </p>
   </div>
   <div class='ocr_carea' id='block_1_20' title="bbox 2033 485 3604 559">
    <p class='ocr_par' dir='ltr' id='par_1_20' title="bbox 2033 485 3604 559">
     <span class='ocr_line' id='line_1_20' title="bbox 2033 485 3604 559; baseline -0.006 -18"><span class='ocrx_word' id='word_1_118' title='bbox 2033 486 2294 559; x_wconf 84' lang='grc' dir='ltr'><strong>χρησμῶν</strong></span> <span class='ocrx_word' id='word_1_119' title='bbox 2340 487 2434 540; x_wconf 78' lang='grc' dir='ltr'>καὶ</span> <span class='ocrx_word' id='word_1_120' title='bbox 2479 485 2758 558; x_wconf 81' lang='grc' dir='ltr'><strong>θειοτέρας</strong></span> <span class='ocrx_word' id='word_1_121' title='bbox 2789 486 3106 553; x_wconf 77' lang='grc' dir='ltr'><strong>ἐπιφανείας</strong></span> <span class='ocrx_word' id='word_1_122' title='bbox 3150 486 3366 557; x_wconf 82' lang='grc' dir='ltr'>ὡμίλει,</span> <span class='ocrx_word' id='word_1_123' title='bbox 3407 487 3604 554; x_wconf 81' lang='grc' dir='ltr'>δεξιου-</span> 
     </span>
    </p>
   </div>
   <div class='ocr_carea' id='block_1_21' title="bbox 2037 579 3604 654">
    <p class='ocr_par' dir='ltr' id='par_1_21' title="bbox 2037 579 3604 654">
     <span class='ocr_line' id='line_1_21' title="bbox 2037 579 3604 654; baseline 0.003 -22"><span class='ocrx_word' id='word_1_124' title='bbox 2037 580 2174 650; x_wconf 88' lang='grc' dir='ltr'>μένη</span> <span class='ocrx_word' id='word_1_125' title='bbox 2207 579 2331 644; x_wconf 77' lang='grc' dir='ltr'>τοὺς</span> <span class='ocrx_word' id='word_1_126' title='bbox 2370 579 2566 651; x_wconf 85' lang='grc' dir='ltr'>ἄνδρας</span> <span class='ocrx_word' id='word_1_127' title='bbox 2587 580 2680 632; x_wconf 76' lang='grc' dir='ltr'>καὶ</span> <span class='ocrx_word' id='word_1_128' title='bbox 2703 579 3075 650; x_wconf 87' lang='grc' dir='ltr'>θεραπεύουσα</span> <span class='ocrx_word' id='word_1_129' title='bbox 3101 579 3281 650; x_wconf 88' lang='grc' dir='ltr'>νόμοις</span> <span class='ocrx_word' id='word_1_130' title='bbox 3313 583 3425 645; x_wconf 84' lang='grc' dir='ltr'>τοῖς</span> <span class='ocrx_word' id='word_1_131' title='bbox 3458 584 3604 654; x_wconf 84' lang='grc' dir='ltr'><strong>παρά</strong></span> 
     </span>
    </p>
   </div>
   <div class='ocr_carea' id='block_1_22' title="bbox 2033 670 3602 746">
    <p class='ocr_par' dir='ltr' id='par_1_22' title="bbox 2033 670 3602 746">
     <span class='ocr_line' id='line_1_22' title="bbox 2033 670 3602 746; baseline 0.002 -23"><span class='ocrx_word' id='word_1_132' title='bbox 2033 671 2313 734; x_wconf 82' lang='grc' dir='ltr'>Μωῦσέως</span> <span class='ocrx_word' id='word_1_133' title='bbox 2343 673 2722 740; x_wconf 86' lang='grc' dir='ltr'>είσαγωγικοῖς</span> <span class='ocrx_word' id='word_1_134' title='bbox 2752 671 2846 724; x_wconf 80' lang='grc' dir='ltr'>καὶ</span> <span class='ocrx_word' id='word_1_135' title='bbox 2877 670 3211 740; x_wconf 83' lang='grc' dir='ltr'>βιωφελέσιν.</span> <span class='ocrx_word' id='word_1_136' title='bbox 3245 671 3384 724; x_wconf 78' lang='grc' dir='ltr'>Ἀλλ’</span> <span class='ocrx_word' id='word_1_137' title='bbox 3411 673 3499 726; x_wconf 79' lang='grc' dir='ltr'>ὅτε</span> <span class='ocrx_word' id='word_1_138' title='bbox 3538 673 3602 746; x_wconf 84' lang='grc' dir='ltr'>δὴ</span> 
     </span>
    </p>
   </div>
   <div class='ocr_carea' id='block_1_23' title="bbox 2035 762 3602 834">
    <p class='ocr_par' dir='ltr' id='par_1_23' title="bbox 2035 762 3602 834">
     <span class='ocr_line' id='line_1_23' title="bbox 2035 762 3602 834; baseline 0.003 -20"><span class='ocrx_word' id='word_1_139' title='bbox 2035 763 2100 814; x_wconf 85' lang='grc' dir='ltr'>ὲκ</span> <span class='ocrx_word' id='word_1_140' title='bbox 2152 763 2250 834; x_wconf 81' lang='grc' dir='ltr'>τῆς</span> <span class='ocrx_word' id='word_1_141' title='bbox 2306 762 2515 826; x_wconf 80' lang='grc' dir='ltr'>τούτοις</span> <span class='ocrx_word' id='word_1_142' title='bbox 2561 763 2909 833; x_wconf 87' lang='grc' dir='ltr'>διαταγείσης</span> <span class='ocrx_word' id='word_1_143' title='bbox 2958 762 3274 833; x_wconf 79' lang='grc' dir='ltr'><strong>νομοθεσίας</strong></span> <span class='ocrx_word' id='word_1_144' title='bbox 3304 764 3368 818; x_wconf 79' lang='grc' dir='ltr'>ἐκ</span> <span class='ocrx_word' id='word_1_145' title='bbox 3406 783 3466 818; x_wconf 87' lang='grc' dir='ltr'><strong>τε</strong></span> <span class='ocrx_word' id='word_1_146' title='bbox 3497 767 3602 820; x_wconf 85' lang='grc' dir='ltr'><strong>τῶν</strong></span> 
     </span>
    </p>
   </div>
   <div class='ocr_carea' id='block_1_24' title="bbox 2038 853 3604 926">
    <p class='ocr_par' dir='ltr' id='par_1_24' title="bbox 2038 853 3604 926">
     <span class='ocr_line' id='line_1_24' title="bbox 2038 853 3604 926; baseline 0.002 -20"><span class='ocrx_word' id='word_1_147' title='bbox 2038 853 2173 924; x_wconf 82' lang='grc' dir='ltr'>μετὰ</span> <span class='ocrx_word' id='word_1_148' title='bbox 2205 853 2376 908; x_wconf 90' lang='grc' dir='ltr'>ταῦτα</span> <span class='ocrx_word' id='word_1_149' title='bbox 2409 853 2759 926; x_wconf 82' lang='grc' dir='ltr'><strong>προφητικῶν</strong></span> <span class='ocrx_word' id='word_1_150' title='bbox 2795 854 3132 924; x_wconf 80' lang='grc' dir='ltr'><strong>μαθημάτων</strong></span> <span class='ocrx_word' id='word_1_151' title='bbox 3164 857 3243 918; x_wconf 89' lang='grc' dir='ltr'><strong>είς</strong></span> <span class='ocrx_word' id='word_1_152' title='bbox 3273 856 3482 919; x_wconf 79' lang='grc' dir='ltr'><strong>πάντας</strong></span> <span class='ocrx_word' id='word_1_153' title='bbox 3511 857 3604 910; x_wconf 86' lang='grc' dir='ltr'>ἀν-</span> 
     </span>
    </p>
   </div>
   <div class='ocr_carea' id='block_1_25' title="bbox 2035 944 3602 1018">
    <p class='ocr_par' dir='ltr' id='par_1_25' title="bbox 2035 944 3602 1018">
     <span class='ocr_line' id='line_1_25' title="bbox 2035 944 3602 1018; baseline 0.001 -20"><span class='ocrx_word' id='word_1_154' title='bbox 2035 944 2282 1018; x_wconf 88' lang='grc' dir='ltr'>θρώπους</span> <span class='ocrx_word' id='word_1_155' title='bbox 2330 946 2556 1010; x_wconf 81' lang='grc' dir='ltr'>εὐωδίας</span> <span class='ocrx_word' id='word_1_156' title='bbox 2603 945 2760 1017; x_wconf 86' lang='grc' dir='ltr'>δίκην</span> <span class='ocrx_word' id='word_1_157' title='bbox 2819 945 3219 1016; x_wconf 82' lang='grc' dir='ltr'>προχεομένων,</span> <span class='ocrx_word' id='word_1_158' title='bbox 3257 945 3356 1017; x_wconf 74' lang='grc' dir='ltr'>ήδη</span> <span class='ocrx_word' id='word_1_159' title='bbox 3416 946 3602 1000; x_wconf 76' lang='grc' dir='ltr'>λοιπὸν</span> 
     </span>
    </p>
   </div>
   <div class='ocr_carea' id='block_1_26' title="bbox 2035 1035 3602 1106">
    <p class='ocr_par' dir='ltr' id='par_1_26' title="bbox 2035 1035 3602 1106">
     <span class='ocr_line' id='line_1_26' title="bbox 2035 1035 3602 1106; baseline 0.001 -18"><span class='ocrx_word' id='word_1_160' title='bbox 2035 1035 2287 1106; x_wconf 80' lang='grc' dir='ltr'>ἡμέρωτο</span> <span class='ocrx_word' id='word_1_161' title='bbox 2315 1035 2418 1089; x_wconf 87' lang='grc' dir='ltr'><strong>τῶν</strong></span> <span class='ocrx_word' id='word_1_162' title='bbox 2443 1035 2650 1090; x_wconf 85' lang='grc' dir='ltr'>πολλῶν</span> <span class='ocrx_word' id='word_1_163' title='bbox 2681 1035 2749 1089; x_wconf 84' lang='grc' dir='ltr'><strong>τὰ</strong></span> <span class='ocrx_word' id='word_1_164' title='bbox 2781 1036 3122 1106; x_wconf 86' lang='grc' dir='ltr'>φρονήματα,</span> <span class='ocrx_word' id='word_1_165' title='bbox 3153 1038 3265 1099; x_wconf 89' lang='grc' dir='ltr'>τοῖς</span> <span class='ocrx_word' id='word_1_166' title='bbox 3298 1052 3353 1089; x_wconf 86' lang='grc' dir='ltr'><strong>τε</strong></span> <span class='ocrx_word' id='word_1_167' title='bbox 3388 1036 3602 1102; x_wconf 83' lang='grc' dir='ltr'>πολλοῖς</span> 
     </span>
    </p>
   </div>
   <div class='ocr_carea' id='block_1_27' title="bbox 2034 1127 3600 1201">
    <p class='ocr_par' dir='ltr' id='par_1_27' title="bbox 2034 1127 3600 1201">
     <span class='ocr_line' id='line_1_27' title="bbox 2034 1127 3600 1201; baseline 0.002 -20"><span class='ocrx_word' id='word_1_168' title='bbox 2034 1128 2210 1182; x_wconf 78' lang='grc' dir='ltr'>ἔθνεσι</span> <span class='ocrx_word' id='word_1_169' title='bbox 2253 1128 2516 1182; x_wconf 87' lang='grc' dir='ltr'>πολιτεῖαι</span> <span class='ocrx_word' id='word_1_170' title='bbox 2556 1130 2649 1182; x_wconf 77' lang='grc' dir='ltr'><strong>καὶ</strong></span> <span class='ocrx_word' id='word_1_171' title='bbox 2682 1127 2993 1200; x_wconf 89' lang='grc' dir='ltr'>νομοθεσίαι</span> <span class='ocrx_word' id='word_1_172' title='bbox 3040 1129 3373 1196; x_wconf 82' lang='grc' dir='ltr'>συνίσταντο,</span> <span class='ocrx_word' id='word_1_173' title='bbox 3401 1130 3600 1201; x_wconf 85' lang='grc' dir='ltr'>ἀρετῆς</span> 
     </span>
    </p>
   </div>
   <div class='ocr_carea' id='block_1_28' title="bbox 2035 1219 3598 1292">
    <p class='ocr_par' dir='ltr' id='par_1_28' title="bbox 2035 1219 3598 1292">
     <span class='ocr_line' id='line_1_28' title="bbox 2035 1219 3598 1292; baseline 0.003 -20"><span class='ocrx_word' id='word_1_174' title='bbox 2035 1237 2093 1272; x_wconf 92' lang='grc' dir='ltr'><strong>τε</strong></span> <span class='ocrx_word' id='word_1_175' title='bbox 2140 1221 2232 1273; x_wconf 81' lang='grc' dir='ltr'><strong>καὶ</strong></span> <span class='ocrx_word' id='word_1_176' title='bbox 2265 1221 2576 1289; x_wconf 79' lang='grc' dir='ltr'>φιλοσοφίας</span> <span class='ocrx_word' id='word_1_177' title='bbox 2619 1220 2790 1292; x_wconf 74' lang='grc' dir='ltr'>ὄνομα</span> <span class='ocrx_word' id='word_1_178' title='bbox 2837 1219 2986 1290; x_wconf 79' lang='grc' dir='ltr'>παρὰ</span> <span class='ocrx_word' id='word_1_179' title='bbox 3015 1225 3126 1285; x_wconf 80' lang='grc' dir='ltr'>τοῖς</span> <span class='ocrx_word' id='word_1_180' title='bbox 3150 1222 3362 1285; x_wconf 82' lang='grc' dir='ltr'>πολλοῖς</span> <span class='ocrx_word' id='word_1_181' title='bbox 3388 1223 3598 1290; x_wconf 71' lang='grc' dir='ltr'>ἐδρᾶτο,</span> 
     </span>
    </p>
   </div>
   <div class='ocr_carea' id='block_1_29' title="bbox 2035 1311 3589 1385">
    <p class='ocr_par' dir='ltr' id='par_1_29' title="bbox 2035 1311 3589 1385">
     <span class='ocr_line' id='line_1_29' title="bbox 2035 1311 3589 1385; baseline 0.003 -22"><span class='ocrx_word' id='word_1_182' title='bbox 2035 1311 2109 1374; x_wconf 78' lang='grc' dir='ltr'>ὡς</span> <span class='ocrx_word' id='word_1_183' title='bbox 2133 1311 2197 1366; x_wconf 82' lang='grc' dir='ltr'>ἂν</span> <span class='ocrx_word' id='word_1_184' title='bbox 2234 1312 2587 1383; x_wconf 76' lang='grc' dir='ltr'>πεπαυμένης</span> <span class='ocrx_word' id='word_1_185' title='bbox 2627 1313 2724 1383; x_wconf 80' lang='grc' dir='ltr'>τῆς</span> <span class='ocrx_word' id='word_1_186' title='bbox 2759 1313 2992 1377; x_wconf 81' lang='grc' dir='ltr'>παλαιᾶς</span> <span class='ocrx_word' id='word_1_187' title='bbox 3040 1313 3346 1385; x_wconf 79' lang='grc' dir='ltr'>θηριωδίας,</span> <span class='ocrx_word' id='word_1_188' title='bbox 3387 1332 3589 1385; x_wconf 73' lang='grc' dir='ltr'>μετατιυ</span> 
     </span>
    </p>
   </div>
   <div class='ocr_carea' id='block_1_30' title="bbox 2037 1404 3598 1477">
    <p class='ocr_par' dir='ltr' id='par_1_30' title="bbox 2037 1404 3598 1477">
     <span class='ocr_line' id='line_1_30' title="bbox 2037 1404 3598 1477; baseline 0.002 -19"><span class='ocrx_word' id='word_1_189' title='bbox 2037 1404 2270 1477; x_wconf 80' lang='grc' dir='ltr'>θεμένης</span> <span class='ocrx_word' id='word_1_190' title='bbox 2312 1404 2369 1458; x_wconf 83' lang='grc' dir='ltr'>δὲ</span> <span class='ocrx_word' id='word_1_191' title='bbox 2406 1406 2505 1476; x_wconf 83' lang='grc' dir='ltr'>τῆς</span> <span class='ocrx_word' id='word_1_192' title='bbox 2541 1404 2738 1476; x_wconf 84' lang='grc' dir='ltr'>ἀγρίας</span> <span class='ocrx_word' id='word_1_193' title='bbox 2775 1406 2868 1457; x_wconf 77' lang='grc' dir='ltr'>καὶ</span> <span class='ocrx_word' id='word_1_194' title='bbox 2901 1406 3140 1476; x_wconf 80' lang='grc' dir='ltr'>ἀπηνοῦς</span> <span class='ocrx_word' id='word_1_195' title='bbox 3169 1406 3378 1476; x_wconf 83' lang='grc' dir='ltr'>διαίτης</span> <span class='ocrx_word' id='word_1_196' title='bbox 3404 1407 3498 1458; x_wconf 72' lang='grc' dir='ltr'>ἐπὶ</span> <span class='ocrx_word' id='word_1_197' title='bbox 3540 1407 3598 1461; x_wconf 83' lang='grc' dir='ltr'>τὸ</span> 
     </span>
    </p>
   </div>
   <div class='ocr_carea' id='block_1_31' title="bbox 2038 1496 3586 1571">
    <p class='ocr_par' dir='ltr' id='par_1_31' title="bbox 2038 1496 3586 1571">
     <span class='ocr_line' id='line_1_31' title="bbox 2038 1496 3586 1571; baseline 0.003 -23"><span class='ocrx_word' id='word_1_198' title='bbox 2038 1497 2355 1566; x_wconf 81' lang='grc' dir='ltr'>πραότερον,</span> <span class='ocrx_word' id='word_1_199' title='bbox 2381 1496 2542 1560; x_wconf 84' lang='grc' dir='ltr'>αὐτὸς</span> <span class='ocrx_word' id='word_1_200' title='bbox 2574 1496 2672 1568; x_wconf 71' lang='grc' dir='ltr'>ἤδη</span> <span class='ocrx_word' id='word_1_201' title='bbox 2712 1497 2893 1550; x_wconf 78' lang='grc' dir='ltr'>λοιπὸν</span> <span class='ocrx_word' id='word_1_202' title='bbox 2926 1496 3066 1550; x_wconf 86' lang='grc' dir='ltr'>κατὰ</span> <span class='ocrx_word' id='word_1_203' title='bbox 3110 1497 3297 1570; x_wconf 84' lang='grc' dir='ltr'>καιρὸν</span> <span class='ocrx_word' id='word_1_204' title='bbox 3326 1498 3417 1551; x_wconf 82' lang='grc' dir='ltr'>τὸν</span> <span class='ocrx_word' id='word_1_205' title='bbox 3435 1516 3586 1571; x_wconf 80' lang='grc' dir='ltr'>προσ-</span> 
     </span>
    </p>
   </div>
   <div class='ocr_carea' id='block_1_32' title="bbox 2036 1589 3597 1662">
    <p class='ocr_par' dir='ltr' id='par_1_32' title="bbox 2036 1589 3597 1662">
     <span class='ocr_line' id='line_1_32' title="bbox 2036 1589 3597 1662; baseline 0.001 -20"><span class='ocrx_word' id='word_1_206' title='bbox 2036 1591 2235 1661; x_wconf 85' lang='grc' dir='ltr'>ήκοντα</span> <span class='ocrx_word' id='word_1_207' title='bbox 2274 1591 2302 1642; x_wconf 85' lang='grc' dir='ltr'>ὁ</span> <span class='ocrx_word' id='word_1_208' title='bbox 2342 1589 2450 1642; x_wconf 89' lang='grc' dir='ltr'><strong>τῶν</strong></span> <span class='ocrx_word' id='word_1_209' title='bbox 2480 1589 2698 1643; x_wconf 86' lang='grc' dir='ltr'>τελείων</span> <span class='ocrx_word' id='word_1_210' title='bbox 2725 1607 2786 1642; x_wconf 91' lang='grc' dir='ltr'><strong>τε</strong></span> <span class='ocrx_word' id='word_1_211' title='bbox 2808 1591 2899 1643; x_wconf 76' lang='grc' dir='ltr'>καὶ</span> <span class='ocrx_word' id='word_1_212' title='bbox 2923 1591 3186 1662; x_wconf 81' lang='grc' dir='ltr'>οὐρανίων</span> <span class='ocrx_word' id='word_1_213' title='bbox 3218 1591 3504 1661; x_wconf 80' lang='grc' dir='ltr'><strong>δογμάτων</strong></span> <span class='ocrx_word' id='word_1_214' title='bbox 3541 1609 3597 1644; x_wconf 86' lang='grc' dir='ltr'><strong>τε</strong></span> 
     </span>
    </p>
   </div>
   <div class='ocr_carea' id='block_1_33' title="bbox 2037 1680 3598 1753">
    <p class='ocr_par' dir='ltr' id='par_1_33' title="bbox 2037 1680 3598 1753">
     <span class='ocr_line' id='line_1_33' title="bbox 2037 1680 3598 1753; baseline 0.001 -18"><span class='ocrx_word' id='word_1_215' title='bbox 2037 1681 2129 1735; x_wconf 75' lang='grc' dir='ltr'><strong>καὶ</strong></span> <span class='ocrx_word' id='word_1_216' title='bbox 2163 1680 2494 1752; x_wconf 82' lang='grc' dir='ltr'>μαθημάτων</span> <span class='ocrx_word' id='word_1_217' title='bbox 2527 1681 2729 1746; x_wconf 89' lang='grc' dir='ltr'>τέλειος</span> <span class='ocrx_word' id='word_1_218' title='bbox 2776 1682 2870 1736; x_wconf 78' lang='grc' dir='ltr'>καὶ</span> <span class='ocrx_word' id='word_1_219' title='bbox 2917 1683 3163 1753; x_wconf 78' lang='grc' dir='ltr'>οὐράνιος</span> <span class='ocrx_word' id='word_1_220' title='bbox 3201 1681 3541 1746; x_wconf 87' lang='grc' dir='ltr'>διδάσκαλος,</span> <span class='ocrx_word' id='word_1_221' title='bbox 3573 1684 3598 1736; x_wconf 83' lang='grc' dir='ltr'>ὁ</span> 
     </span>
    </p>
   </div>
   <div class='ocr_carea' id='block_1_34' title="bbox 366 1762 1937 1850">
    <p class='ocr_par' dir='ltr' id='par_1_34' title="bbox 366 1779 1932 1850">
     <span class='ocr_line' id='line_1_34' title="bbox 366 1779 1932 1850; baseline 0.001 -19"><span class='ocrx_word' id='word_1_222' title='bbox 366 1779 648 1846; x_wconf 81' lang='lat' dir='ltr'><strong>responsis</strong></span> <span class='ocrx_word' id='word_1_223' title='bbox 679 1779 1082 1850; x_wconf 87' lang='lat' dir='ltr'><strong>alloquebatur,</strong></span> <span class='ocrx_word' id='word_1_224' title='bbox 1111 1786 1166 1835; x_wconf 91' lang='lat' dir='ltr'><strong>et</strong></span> <span class='ocrx_word' id='word_1_225' title='bbox 1196 1780 1273 1834; x_wconf 89' lang='lat' dir='ltr'><strong>ad</strong></span> <span class='ocrx_word' id='word_1_226' title='bbox 1298 1780 1515 1837; x_wconf 90' lang='lat' dir='ltr'><strong>divinas</strong></span> <span class='ocrx_word' id='word_1_227' title='bbox 1545 1781 1786 1837; x_wconf 83' lang='lat' dir='ltr'><strong>visiones</strong></span> <span class='ocrx_word' id='word_1_228' title='bbox 1834 1779 1932 1834; x_wconf 82' lang='lat' dir='ltr'><strong>ad-</strong></span> 
     </span>
    </p>
   </div>
   <div class='ocr_carea' id='block_1_35' title="bbox 2039 1762 3600 1850">
    <p class='ocr_par' dir='ltr' id='par_1_35' title="bbox 2039 1762 3600 1844">
     <span class='ocr_line' id='line_1_35' title="bbox 2039 1762 3600 1844; baseline 0.001 -19"><span class='ocrx_word' id='word_1_229' title='bbox 2039 1773 2132 1844; x_wconf 77' lang='grc' dir='ltr'>τῆς</span> <span class='ocrx_word' id='word_1_230' title='bbox 2162 1771 2394 1843; x_wconf 79' lang='grc' dir='ltr'><strong>ἀληθοῦς</strong></span> <span class='ocrx_word' id='word_1_231' title='bbox 2436 1762 2763 1842; x_wconf 89' lang='grc' dir='ltr'>θεογνωσίας</span> <span class='ocrx_word' id='word_1_232' title='bbox 2810 1775 3165 1844; x_wconf 83' lang='grc' dir='ltr'>είσαγωγεὺς,</span> <span class='ocrx_word' id='word_1_233' title='bbox 3198 1777 3227 1828; x_wconf 87' lang='grc' dir='ltr'>ὁ</span> <span class='ocrx_word' id='word_1_234' title='bbox 3261 1775 3394 1839; x_wconf 85' lang='grc' dir='ltr'>Θεὸς</span> <span class='ocrx_word' id='word_1_235' title='bbox 3433 1774 3600 1842; x_wconf 80' lang='grc' dir='ltr'>Λόγος</span> 
     </span>
    </p>
   </div>
   <div class='ocr_carea' id='block_1_36' title="bbox 367 1875 1937 1950">
    <p class='ocr_par' dir='ltr' id='par_1_36' title="bbox 367 1875 1937 1950">
     <span class='ocr_line' id='line_1_36' title="bbox 367 1875 1937 1950; baseline 0.004 -24"><span class='ocrx_word' id='word_1_236' title='bbox 367 1875 636 1940; x_wconf 89' lang='lat' dir='ltr'><strong>mittebat,</strong></span> <span class='ocrx_word' id='word_1_237' title='bbox 669 1878 1000 1949; x_wconf 83' lang='lat' dir='ltr'><strong>eosdemque</strong></span> <span class='ocrx_word' id='word_1_238' title='bbox 1051 1879 1268 1933; x_wconf 79' lang='lat' dir='ltr'><strong>interim</strong></span> <span class='ocrx_word' id='word_1_239' title='bbox 1299 1881 1456 1950; x_wconf 90' lang='lat' dir='ltr'><strong>quasi</strong></span> <span class='ocrx_word' id='word_1_240' title='bbox 1489 1893 1655 1934; x_wconf 89' lang='lat' dir='ltr'><strong>manu</strong></span> <span class='ocrx_word' id='word_1_241' title='bbox 1710 1888 1937 1949; x_wconf 73' lang='lat' dir='ltr'><strong>captans</strong></span> 
     </span>
    </p>
   </div>
   <div class='ocr_carea' id='block_1_37' title="bbox 365 1970 1940 2042">
    <p class='ocr_par' dir='ltr' id='par_1_37' title="bbox 365 1970 1940 2042">
     <span class='ocr_line' id='line_1_37' title="bbox 365 1970 1940 2042; baseline 0.002 -19"><span class='ocrx_word' id='word_1_242' title='bbox 365 1970 615 2034; x_wconf 88' lang='lat' dir='ltr'><strong>curabat,</strong></span> <span class='ocrx_word' id='word_1_243' title='bbox 647 1979 700 2026; x_wconf 89' lang='lat' dir='ltr'><strong>et</strong></span> <span class='ocrx_word' id='word_1_244' title='bbox 733 1971 965 2042; x_wconf 86' lang='lat' dir='ltr'><strong>legibus,</strong></span> <span class='ocrx_word' id='word_1_245' title='bbox 1009 1987 1148 2042; x_wconf 88' lang='lat' dir='ltr'><strong>quas</strong></span> <span class='ocrx_word' id='word_1_246' title='bbox 1189 1970 1367 2027; x_wconf 88' lang='lat' dir='ltr'><strong>Moses</strong></span> <span class='ocrx_word' id='word_1_247' title='bbox 1420 1973 1636 2037; x_wconf 81' lang='lat' dir='ltr'><strong>ﬁxerat,</strong></span> <span class='ocrx_word' id='word_1_248' title='bbox 1680 1972 1940 2026; x_wconf 87' lang='lat' dir='ltr'><strong>cultiores</strong></span> 
     </span>
    </p>
   </div>
   <div class='ocr_carea' id='block_1_38' title="bbox 367 2060 1938 2135">
    <p class='ocr_par' dir='ltr' id='par_1_38' title="bbox 367 2060 1938 2135">
     <span class='ocr_line' id='line_1_38' title="bbox 367 2060 1938 2135; baseline 0.003 -22"><span class='ocrx_word' id='word_1_249' title='bbox 367 2060 646 2116; x_wconf 88' lang='lat' dir='ltr'><strong>reddebat.</strong></span> <span class='ocrx_word' id='word_1_250' title='bbox 673 2060 778 2118; x_wconf 90' lang='lat' dir='ltr'><strong>Sed</strong></span> <span class='ocrx_word' id='word_1_251' title='bbox 803 2063 892 2117; x_wconf 91' lang='lat' dir='ltr'><strong>ubi</strong></span> <span class='ocrx_word' id='word_1_252' title='bbox 913 2063 1027 2133; x_wconf 90' lang='lat' dir='ltr'><strong>jam</strong></span> <span class='ocrx_word' id='word_1_253' title='bbox 1053 2079 1119 2119; x_wconf 81' lang='lat' dir='ltr'><strong>ex</strong></span> <span class='ocrx_word' id='word_1_254' title='bbox 1149 2064 1361 2134; x_wconf 80' lang='lat' dir='ltr'><strong>legibus</strong></span> <span class='ocrx_word' id='word_1_255' title='bbox 1377 2080 1498 2135; x_wconf 63' lang='lat' dir='ltr'><strong>quae</strong></span> <span class='ocrx_word' id='word_1_256' title='bbox 1516 2064 1601 2120; x_wconf 88' lang='lat' dir='ltr'><strong>bis</strong></span> <span class='ocrx_word' id='word_1_257' title='bbox 1631 2064 1763 2133; x_wconf 87' lang='lat' dir='ltr'><strong>ipsis</strong></span> <span class='ocrx_word' id='word_1_258' title='bbox 1800 2062 1938 2118; x_wconf 74' lang='lat' dir='ltr'><strong>datae</strong></span> 
     </span>
    </p>
   </div>
   <div class='ocr_carea' id='block_1_39' title="bbox 367 2152 1935 2226">
    <p class='ocr_par' dir='ltr' id='par_1_39' title="bbox 367 2152 1935 2226">
     <span class='ocr_line' id='line_1_39' title="bbox 367 2152 1935 2226; baseline 0.003 -21"><span class='ocrx_word' id='word_1_259' title='bbox 367 2152 605 2220; x_wconf 81' lang='lat' dir='ltr'><strong>fuerant,</strong></span> <span class='ocrx_word' id='word_1_260' title='bbox 651 2161 815 2225; x_wconf 89' lang='lat' dir='ltr'><strong>atque</strong></span> <span class='ocrx_word' id='word_1_261' title='bbox 846 2171 912 2210; x_wconf 79' lang='lat' dir='ltr'><strong>ex</strong></span> <span class='ocrx_word' id='word_1_262' title='bbox 944 2155 1280 2226; x_wconf 89' lang='lat' dir='ltr'><strong>propheticis</strong></span> <span class='ocrx_word' id='word_1_263' title='bbox 1334 2157 1563 2226; x_wconf 88' lang='lat' dir='ltr'><strong>posthac</strong></span> <span class='ocrx_word' id='word_1_264' title='bbox 1608 2153 1935 2224; x_wconf 89' lang='lat' dir='ltr'><strong>disciplinis,</strong></span> 
     </span>
    </p>
   </div>
   <div class='ocr_carea' id='block_1_40' title="bbox 364 2246 1936 2319">
    <p class='ocr_par' dir='ltr' id='par_1_40' title="bbox 364 2246 1936 2319">
     <span class='ocr_line' id='line_1_40' title="bbox 364 2246 1936 2319; baseline -0.001 -18"><span class='ocrx_word' id='word_1_265' title='bbox 364 2247 422 2301; x_wconf 91' lang='lat' dir='ltr'><strong>in</strong></span> <span class='ocrx_word' id='word_1_266' title='bbox 447 2262 635 2302; x_wconf 88' lang='lat' dir='ltr'><strong>omnes</strong></span> <span class='ocrx_word' id='word_1_267' title='bbox 665 2246 915 2303; x_wconf 87' lang='lat' dir='ltr'><strong>homines</strong></span> <span class='ocrx_word' id='word_1_268' title='bbox 948 2248 1260 2319; x_wconf 61' lang='lat' dir='ltr'><strong>fragrantia:</strong></span> <span class='ocrx_word' id='word_1_269' title='bbox 1292 2247 1580 2318; x_wconf 89' lang='lat' dir='ltr'><strong>cujusdam</strong></span> <span class='ocrx_word' id='word_1_270' title='bbox 1612 2248 1787 2302; x_wconf 89' lang='lat' dir='ltr'><strong>instar</strong></span> <span class='ocrx_word' id='word_1_271' title='bbox 1807 2261 1936 2316; x_wconf 88' lang='lat' dir='ltr'><strong>pro-</strong></span> 
     </span>
    </p>
   </div>
   <div class='ocr_carea' id='block_1_41' title="bbox 366 2341 1938 2412">
    <p class='ocr_par' dir='ltr' id='par_1_41' title="bbox 366 2341 1938 2412">
     <span class='ocr_line' id='line_1_41' title="bbox 366 2341 1938 2412; baseline 0.001 -18"><span class='ocrx_word' id='word_1_272' title='bbox 366 2341 524 2403; x_wconf 81' lang='lat' dir='ltr'><strong>fusis,</strong></span> <span class='ocrx_word' id='word_1_273' title='bbox 547 2341 689 2412; x_wconf 89' lang='lat' dir='ltr'><strong>quod</strong></span> <span class='ocrx_word' id='word_1_274' title='bbox 715 2350 1019 2411; x_wconf 89' lang='lat' dir='ltr'><strong>supererat,</strong></span> <span class='ocrx_word' id='word_1_275' title='bbox 1043 2343 1335 2398; x_wconf 84' lang='lat' dir='ltr'><strong>multorum</strong></span> <span class='ocrx_word' id='word_1_276' title='bbox 1351 2341 1517 2396; x_wconf 90' lang='lat' dir='ltr'><strong>animi</strong></span> <span class='ocrx_word' id='word_1_277' title='bbox 1544 2341 1938 2396; x_wconf 87' lang='lat' dir='ltr'><strong>mansuetiores</strong></span> 
     </span>
    </p>
   </div>
   <div class='ocr_carea' id='block_1_42' title="bbox 365 2438 1936 2518">
    <p class='ocr_par' dir='ltr' id='par_1_42' title="bbox 365 2438 1936 2518">
     <span class='ocr_line' id='line_1_42' title="bbox 365 2438 1936 2518; baseline 0.001 -18"><span class='ocrx_word' id='word_1_278' title='bbox 365 2455 673 2511; x_wconf 80' lang='lat' dir='ltr'><strong>evaserant,</strong></span> <span class='ocrx_word' id='word_1_279' title='bbox 691 2447 852 2517; x_wconf 77' lang='lat'><strong>365</strong></span> <span class='ocrx_word' id='word_1_280' title='bbox 869 2449 1163 2518; x_wconf 87' lang='lat' dir='ltr'><strong>multisque</strong></span> <span class='ocrx_word' id='word_1_281' title='bbox 1184 2447 1434 2518; x_wconf 82' lang='lat' dir='ltr'><strong>gentibus</strong></span> <span class='ocrx_word' id='word_1_282' title='bbox 1455 2455 1508 2503; x_wconf 92' lang='lat' dir='ltr'><strong>et</strong></span> <span class='ocrx_word' id='word_1_283' title='bbox 1524 2438 1713 2502; x_wconf 86' lang='lat' dir='ltr'><strong>civiles</strong></span> <span class='ocrx_word' id='word_1_284' title='bbox 1734 2461 1936 2512; x_wconf 92' lang='lat' dir='ltr'><strong>mores,</strong></span> 
     </span>
    </p>
   </div>
   <div class='ocr_carea' id='block_1_43' title="bbox 367 2537 1941 2610">
    <p class='ocr_par' dir='ltr' id='par_1_43' title="bbox 367 2537 1941 2610">
     <span class='ocr_line' id='line_1_43' title="bbox 367 2537 1941 2610; baseline 0.004 -20"><span class='ocrx_word' id='word_1_285' title='bbox 367 2547 418 2590; x_wconf 84' lang='lat' dir='ltr'><strong>et</strong></span> <span class='ocrx_word' id='word_1_286' title='bbox 463 2537 638 2607; x_wconf 87' lang='lat' dir='ltr'><strong>legum</strong></span> <span class='ocrx_word' id='word_1_287' title='bbox 686 2538 1061 2595; x_wconf 88' lang='lat' dir='ltr'><strong>institutiones</strong></span> <span class='ocrx_word' id='word_1_288' title='bbox 1117 2540 1486 2604; x_wconf 90' lang='lat' dir='ltr'><strong>constabant,</strong></span> <span class='ocrx_word' id='word_1_289' title='bbox 1519 2539 1847 2610; x_wconf 87' lang='lat' dir='ltr'><strong>virtutisque</strong></span> <span class='ocrx_word' id='word_1_290' title='bbox 1875 2553 1941 2596; x_wconf 85' lang='lat' dir='ltr'><strong>ac</strong></span> 
     </span>
    </p>
   </div>
   <div class='ocr_carea' id='block_1_44' title="bbox 366 2629 1936 2709">
    <p class='ocr_par' dir='ltr' id='par_1_44' title="bbox 366 2629 1936 2709">
     <span class='ocr_line' id='line_1_44' title="bbox 366 2629 1936 2709; baseline 0.002 -27"><span class='ocrx_word' id='word_1_291' title='bbox 366 2629 725 2700; x_wconf 75' lang='lat' dir='ltr'><strong>philosophia:</strong></span> <span class='ocrx_word' id='word_1_292' title='bbox 752 2645 953 2686; x_wconf 90' lang='lat' dir='ltr'><strong>nomen</strong></span> <span class='ocrx_word' id='word_1_293' title='bbox 981 2630 1126 2709; x_wconf 89' lang='lat' dir='ltr'><strong>apud</strong></span> <span class='ocrx_word' id='word_1_294' title='bbox 1162 2632 1363 2687; x_wconf 90' lang='lat' dir='ltr'><strong>multos</strong></span> <span class='ocrx_word' id='word_1_295' title='bbox 1390 2631 1735 2698; x_wconf 89' lang='lat' dir='ltr'><strong>audiebatur,</strong></span> <span class='ocrx_word' id='word_1_296' title='bbox 1772 2631 1936 2702; x_wconf 90' lang='lat' dir='ltr'><strong>quasi</strong></span> 
     </span>
    </p>
   </div>
   <div class='ocr_carea' id='block_1_45' title="bbox 365 2721 1941 2792">
    <p class='ocr_par' dir='ltr' id='par_1_45' title="bbox 365 2721 1941 2792">
     <span class='ocr_line' id='line_1_45' title="bbox 365 2721 1941 2792; baseline 0.001 -19"><span class='ocrx_word' id='word_1_297' title='bbox 365 2721 545 2789; x_wconf 90' lang='lat' dir='ltr'><strong>prisca</strong></span> <span class='ocrx_word' id='word_1_298' title='bbox 578 2722 666 2776; x_wconf 91' lang='lat' dir='ltr'><strong>illa</strong></span> <span class='ocrx_word' id='word_1_299' title='bbox 721 2721 936 2777; x_wconf 84' lang='lat' dir='ltr'><strong>feritate</strong></span> <span class='ocrx_word' id='word_1_300' title='bbox 957 2722 1262 2787; x_wconf 79' lang='lat' dir='ltr'><strong>desinente,</strong></span> <span class='ocrx_word' id='word_1_301' title='bbox 1293 2730 1346 2776; x_wconf 92' lang='lat' dir='ltr'><strong>et</strong></span> <span class='ocrx_word' id='word_1_302' title='bbox 1377 2721 1579 2792; x_wconf 79' lang='lat' dir='ltr'><strong>agresti</strong></span> <span class='ocrx_word' id='word_1_303' title='bbox 1607 2722 1941 2792; x_wconf 88' lang='lat' dir='ltr'><strong>immanique</strong></span> 
     </span>
    </p>
   </div>
   <div class='ocr_carea' id='block_1_46' title="bbox 367 2813 1938 2884">
    <p class='ocr_par' dir='ltr' id='par_1_46' title="bbox 367 2813 1938 2884">
     <span class='ocr_line' id='line_1_46' title="bbox 367 2813 1938 2884; baseline 0.003 -20"><span class='ocrx_word' id='word_1_304' title='bbox 367 2813 515 2867; x_wconf 86' lang='lat' dir='ltr'><strong>victu</strong></span> <span class='ocrx_word' id='word_1_305' title='bbox 577 2813 634 2868; x_wconf 89' lang='lat' dir='ltr'><strong>in</strong></span> <span class='ocrx_word' id='word_1_306' title='bbox 684 2814 954 2868; x_wconf 87' lang='lat' dir='ltr'><strong>mitiorem</strong></span> <span class='ocrx_word' id='word_1_307' title='bbox 980 2814 1094 2884; x_wconf 89' lang='lat' dir='ltr'><strong>jam</strong></span> <span class='ocrx_word' id='word_1_308' title='bbox 1138 2820 1493 2877; x_wconf 91' lang='lat' dir='ltr'><strong>commutato,</strong></span> <span class='ocrx_word' id='word_1_309' title='bbox 1528 2814 1646 2884; x_wconf 91' lang='lat' dir='ltr'><strong>ipse</strong></span> <span class='ocrx_word' id='word_1_310' title='bbox 1671 2814 1783 2884; x_wconf 93' lang='lat' dir='ltr'><strong>jam</strong></span> <span class='ocrx_word' id='word_1_311' title='bbox 1825 2823 1938 2868; x_wconf 83' lang='lat' dir='ltr'><strong>tum</strong></span> 
     </span>
    </p>
   </div>
   <div class='ocr_carea' id='block_1_47' title="bbox 369 2906 1942 2979">
    <p class='ocr_par' dir='ltr' id='par_1_47' title="bbox 369 2906 1942 2979">
     <span class='ocr_line' id='line_1_47' title="bbox 369 2906 1942 2979; baseline 0.005 -24"><span class='ocrx_word' id='word_1_312' title='bbox 369 2906 632 2974; x_wconf 90' lang='lat' dir='ltr'><strong>temporis</strong></span> <span class='ocrx_word' id='word_1_313' title='bbox 663 2907 1122 2975; x_wconf 89' lang='lat' dir='ltr'><strong>opportunitatem</strong></span> <span class='ocrx_word' id='word_1_314' title='bbox 1155 2917 1368 2970; x_wconf 91' lang='lat' dir='ltr'><strong>nactus,</strong></span> <span class='ocrx_word' id='word_1_315' title='bbox 1404 2907 1520 2978; x_wconf 91' lang='lat' dir='ltr'><strong>ipse</strong></span> <span class='ocrx_word' id='word_1_316' title='bbox 1553 2906 1776 2977; x_wconf 88' lang='lat' dir='ltr'><strong>inquam</strong></span> <span class='ocrx_word' id='word_1_317' title='bbox 1824 2923 1942 2979; x_wconf 90' lang='lat' dir='ltr'><strong>per-</strong></span> 
     </span>
    </p>
   </div>
   <div class='ocr_carea' id='block_1_48' title="bbox 315 2994 1941 3069">
    <p class='ocr_par' dir='ltr' id='par_1_48' title="bbox 315 2994 1941 3069">
     <span class='ocr_line' id='line_1_48' title="bbox 315 2994 1941 3069; baseline 0.004 -21"><span class='ocrx_word' id='word_1_318' title='bbox 315 3017 318 3020; x_wconf 52' lang='grc'><strong>’</strong></span> <span class='ocrx_word' id='word_1_319' title='bbox 369 2994 634 3051; x_wconf 85' lang='lat' dir='ltr'><strong>fectorum</strong></span> <span class='ocrx_word' id='word_1_320' title='bbox 661 2998 1075 3068; x_wconf 72' lang='lat' dir='ltr'><strong>ccelestiumque</strong></span> <span class='ocrx_word' id='word_1_321' title='bbox 1103 2999 1476 3054; x_wconf 90' lang='lat' dir='ltr'><strong>institutorum</strong></span> <span class='ocrx_word' id='word_1_322' title='bbox 1501 3000 1941 3069; x_wconf 85' lang='lat' dir='ltr'><strong>disciplinarum-</strong></span> 
     </span>
    </p>
   </div>
   <div class='ocr_carea' id='block_1_49' title="bbox 368 3087 2008 3164">
    <p class='ocr_par' dir='ltr' id='par_1_49' title="bbox 368 3087 2008 3164">
     <span class='ocr_line' id='line_1_49' title="bbox 368 3087 2008 3164; baseline 0.005 -25"><span class='ocrx_word' id='word_1_323' title='bbox 368 3104 474 3158; x_wconf 78' lang='lat' dir='ltr'><strong>que</strong></span> <span class='ocrx_word' id='word_1_324' title='bbox 502 3087 774 3159; x_wconf 84' lang='lat' dir='ltr'><strong>perfectus</strong></span> <span class='ocrx_word' id='word_1_325' title='bbox 791 3090 1138 3160; x_wconf 85' lang='lat' dir='ltr'><strong>coelestisque</strong></span> <span class='ocrx_word' id='word_1_326' title='bbox 1153 3091 1428 3161; x_wconf 79' lang='lat' dir='ltr'><strong>magister,</strong></span> <span class='ocrx_word' id='word_1_327' title='bbox 1455 3107 1695 3161; x_wconf 84' lang='lat' dir='ltr'><strong>veraeque</strong></span> <span class='ocrx_word' id='word_1_328' title='bbox 1715 3091 1808 3147; x_wconf 90' lang='lat' dir='ltr'><strong>Dei</strong></span> <span class='ocrx_word' id='word_1_329' title='bbox 1829 3108 1940 3147; x_wconf 85' lang='lat' dir='ltr'><strong>no—</strong></span> <span class='ocrx_word' id='word_1_330' title='bbox 1966 3107 2008 3164; x_wconf 70' lang='grc' dir='ltr'>α</span> 
     </span>
    </p>
   </div>
   <div class='ocr_carea' id='block_1_50' title="bbox 368 3179 1934 3253">
    <p class='ocr_par' dir='ltr' id='par_1_50' title="bbox 368 3179 1934 3253">
     <span class='ocr_line' id='line_1_50' title="bbox 368 3179 1934 3253; baseline 0.004 -22"><span class='ocrx_word' id='word_1_331' title='bbox 368 3181 502 3235; x_wconf 65' lang='lat' dir='ltr'><strong>tiliae</strong></span> <span class='ocrx_word' id='word_1_332' title='bbox 557 3179 898 3237; x_wconf 85' lang='lat' dir='ltr'><strong>introductor</strong></span> <span class='ocrx_word' id='word_1_333' title='bbox 933 3181 1075 3237; x_wconf 92' lang='lat' dir='ltr'><strong>Deus</strong></span> <span class='ocrx_word' id='word_1_334' title='bbox 1109 3180 1348 3238; x_wconf 78' lang='lat' dir='ltr'><strong>Verbum</strong></span> <span class='ocrx_word' id='word_1_335' title='bbox 1382 3182 1620 3253; x_wconf 90' lang='lat' dir='ltr'><strong>seipsum</strong></span> <span class='ocrx_word' id='word_1_336' title='bbox 1663 3184 1934 3248; x_wconf 78' lang='lat' dir='ltr'><strong>exhibuit,</strong></span> 
     </span>
    </p>
   </div>
   <div class='ocr_carea' id='block_1_51' title="bbox 368 3272 1941 3342">
    <p class='ocr_par' dir='ltr' id='par_1_51' title="bbox 368 3272 1941 3342">
     <span class='ocr_line' id='line_1_51' title="bbox 368 3272 1941 3342; baseline 0.004 -18"><span class='ocrx_word' id='word_1_337' title='bbox 368 3272 437 3326; x_wconf 83' lang='lat' dir='ltr'><strong>ad</strong></span> <span class='ocrx_word' id='word_1_338' title='bbox 483 3273 861 3342; x_wconf 64' lang='lat' dir='ltr'><strong>praescriptum</strong></span> <span class='ocrx_word' id='word_1_339' title='bbox 913 3275 1164 3329; x_wconf 65' lang='lat' dir='ltr'><strong>humanae</strong></span> <span class='ocrx_word' id='word_1_340' title='bbox 1195 3291 1226 3330; x_wconf 92' lang='lat' dir='ltr'><strong>a</strong></span> <span class='ocrx_word' id='word_1_341' title='bbox 1259 3291 1319 3331; x_wconf 89' lang='lat' dir='ltr'><strong>se</strong></span> <span class='ocrx_word' id='word_1_342' title='bbox 1343 3276 1686 3332; x_wconf 63' lang='lat' dir='ltr'><strong>assumenda!</strong></span> <span class='ocrx_word' id='word_1_343' title='bbox 1732 3284 1941 3331; x_wconf 69' lang='lat' dir='ltr'><strong>naturae</strong></span> 
     </span>
    </p>
   </div>
   <div class='ocr_carea' id='block_1_52' title="bbox 367 3375 1940 3446">
    <p class='ocr_par' dir='ltr' id='par_1_52' title="bbox 367 3375 1940 3446">
     <span class='ocr_line' id='line_1_52' title="bbox 367 3375 1940 3446; baseline 0.004 -21"><span class='ocrx_word' id='word_1_344' title='bbox 367 3381 603 3444; x_wconf 87' lang='lat' dir='ltr'><strong>tempus,</strong></span> <span class='ocrx_word' id='word_1_345' title='bbox 633 3390 905 3445; x_wconf 89' lang='lat' dir='ltr'><strong>unamque</strong></span> <span class='ocrx_word' id='word_1_346' title='bbox 959 3377 1212 3446; x_wconf 82' lang='lat' dir='ltr'><strong>gentibus</strong></span> <span class='ocrx_word' id='word_1_347' title='bbox 1269 3375 1541 3433; x_wconf 89' lang='lat' dir='ltr'><strong>universis</strong></span> <span class='ocrx_word' id='word_1_348' title='bbox 1576 3387 1685 3430; x_wconf 86' lang='lat' dir='ltr'><strong>tam</strong></span> <span class='ocrx_word' id='word_1_349' title='bbox 1739 3375 1940 3432; x_wconf 69' lang='lat' dir='ltr'><strong>Grazcis</strong></span> 
     </span>
    </p>
   </div>
   <div class='ocr_carea' id='block_1_53' title="bbox 369 3457 1941 3541">
    <p class='ocr_par' dir='ltr' id='par_1_53' title="bbox 369 3457 1941 3541">
     <span class='ocr_line' id='line_1_53' title="bbox 369 3457 1941 3541; baseline 0.004 -23"><span class='ocrx_word' id='word_1_350' title='bbox 369 3457 830 3535; x_wconf 73' lang='lat' dir='ltr'><strong>quam&#39;barbaris,</strong></span> <span class='ocrx_word' id='word_1_351' title='bbox 864 3469 1013 3523; x_wconf 88' lang='lat' dir='ltr'><strong>omni</strong></span> <span class='ocrx_word' id='word_1_352' title='bbox 1045 3469 1234 3540; x_wconf 85' lang='lat' dir='ltr'><strong>utique</strong></span> <span class='ocrx_word' id='word_1_353' title='bbox 1264 3470 1506 3525; x_wconf 89' lang='lat' dir='ltr'><strong>humano</strong></span> <span class='ocrx_word' id='word_1_354' title='bbox 1535 3470 1742 3541; x_wconf 81' lang='lat' dir='ltr'><strong>generi,</strong></span> <span class='ocrx_word' id='word_1_355' title='bbox 1762 3469 1941 3524; x_wconf 89' lang='lat' dir='ltr'><strong>Patris</strong></span> 
     </span>
    </p>
   </div>
   <div class='ocr_carea' id='block_1_54' title="bbox 369 3557 1942 3631">
    <p class='ocr_par' dir='ltr' id='par_1_54' title="bbox 369 3557 1942 3631">
     <span class='ocr_line' id='line_1_54' title="bbox 369 3557 1942 3631; baseline 0.001 -20"><span class='ocrx_word' id='word_1_356' title='bbox 369 3557 455 3611; x_wconf 85' lang='lat' dir='ltr'><strong>sui</strong></span> <span class='ocrx_word' id='word_1_357' title='bbox 485 3557 826 3612; x_wconf 87' lang='lat' dir='ltr'><strong>clementiam</strong></span> <span class='ocrx_word' id='word_1_358' title='bbox 854 3559 1216 3631; x_wconf 87' lang='lat' dir='ltr'><strong>pietatemque</strong></span> <span class='ocrx_word' id='word_1_359' title='bbox 1247 3561 1506 3615; x_wconf 91' lang='lat' dir='ltr'><strong>nuntiare</strong></span> <span class='ocrx_word' id='word_1_360' title='bbox 1530 3569 1646 3615; x_wconf 88' lang='lat' dir='ltr'><strong>tum</strong></span> <span class='ocrx_word' id='word_1_361' title='bbox 1675 3560 1862 3630; x_wconf 70' lang='lat' dir='ltr'><strong>coapit,</strong></span> <span class='ocrx_word' id='word_1_362' title='bbox 1887 3565 1942 3615; x_wconf 91' lang='lat' dir='ltr'><strong>et</strong></span> 
     </span>
    </p>
   </div>
   <div class='ocr_carea' id='block_1_55' title="bbox 369 3651 1942 3708">
    <p class='ocr_par' dir='ltr' id='par_1_55' title="bbox 369 3651 1942 3708">
     <span class='ocr_line' id='line_1_55' title="bbox 369 3651 1942 3708; baseline 0 -3"><span class='ocrx_word' id='word_1_363' title='bbox 369 3651 437 3705; x_wconf 88' lang='lat' dir='ltr'><strong>ad</strong></span> <span class='ocrx_word' id='word_1_364' title='bbox 467 3667 628 3705; x_wconf 90' lang='lat' dir='ltr'><strong>unam</strong></span> <span class='ocrx_word' id='word_1_365' title='bbox 657 3660 886 3708; x_wconf 88' lang='lat' dir='ltr'><strong>cunctos</strong></span> <span class='ocrx_word' id='word_1_366' title='bbox 920 3653 1169 3708; x_wconf 90' lang='lat' dir='ltr'><strong>homines</strong></span> <span class='ocrx_word' id='word_1_367' title='bbox 1221 3653 1275 3706; x_wconf 91' lang='lat' dir='ltr'><strong>in</strong></span> <span class='ocrx_word' id='word_1_368' title='bbox 1309 3652 1419 3708; x_wconf 89' lang='lat' dir='ltr'><strong>Deo</strong></span> <span class='ocrx_word' id='word_1_369' title='bbox 1448 3653 1727 3708; x_wconf 89' lang='lat' dir='ltr'><strong>adhortari</strong></span> <span class='ocrx_word' id='word_1_370' title='bbox 1779 3651 1942 3706; x_wconf 88' lang='lat' dir='ltr'><strong>salu—</strong></span> 
     </span>
    </p>
   </div>
   <div class='ocr_carea' id='block_1_56' title="bbox 368 3742 1938 3814">
    <p class='ocr_par' dir='ltr' id='par_1_56' title="bbox 368 3742 1938 3814">
     <span class='ocr_line' id='line_1_56' title="bbox 368 3742 1938 3814; baseline 0.001 -20"><span class='ocrx_word' id='word_1_371' title='bbox 368 3750 500 3806; x_wconf 83' lang='lat' dir='ltr'><strong>tent,</strong></span> <span class='ocrx_word' id='word_1_372' title='bbox 533 3743 814 3813; x_wconf 89' lang='lat' dir='ltr'><strong>ipsamque</strong></span> <span class='ocrx_word' id='word_1_373' title='bbox 844 3743 1128 3799; x_wconf 87' lang='lat' dir='ltr'><strong>veritatem</strong></span> <span class='ocrx_word' id='word_1_374' title='bbox 1158 3759 1408 3813; x_wconf 58' lang='lat' dir='ltr'><strong>veraeque</strong></span> <span class='ocrx_word' id='word_1_375' title='bbox 1439 3742 1938 3814; x_wconf 83' lang='lat' dir='ltr'><strong>religionislumen,</strong></span> 
     </span>
    </p>
   </div>
   <div class='ocr_carea' id='block_1_57' title="bbox 370 3834 1940 3907">
    <p class='ocr_par' dir='ltr' id='par_1_57' title="bbox 370 3834 1940 3907">
     <span class='ocr_line' id='line_1_57' title="bbox 370 3834 1940 3907; baseline -0.001 -17"><span class='ocrx_word' id='word_1_376' title='bbox 370 3853 471 3892; x_wconf 88' lang='lat' dir='ltr'><strong>nec</strong></span> <span class='ocrx_word' id='word_1_377' title='bbox 499 3851 609 3891; x_wconf 82' lang='lat' dir='ltr'><strong>non</strong></span> <span class='ocrx_word' id='word_1_378' title='bbox 641 3838 864 3894; x_wconf 78' lang='lat' dir='ltr'><strong>caeleste</strong></span> <span class='ocrx_word' id='word_1_379' title='bbox 925 3852 1153 3907; x_wconf 89' lang='lat' dir='ltr'><strong>regnum</strong></span> <span class='ocrx_word' id='word_1_380' title='bbox 1184 3850 1248 3889; x_wconf 93' lang='lat' dir='ltr'><strong>ac</strong></span> <span class='ocrx_word' id='word_1_381' title='bbox 1280 3835 1625 3904; x_wconf 67' lang='lat' dir='ltr'><strong>sempiternae</strong></span> <span class='ocrx_word' id='word_1_382' title='bbox 1657 3834 1782 3889; x_wconf 71' lang='lat' dir='ltr'><strong>vitae</strong></span> <span class='ocrx_word' id='word_1_383' title='bbox 1815 3849 1940 3902; x_wconf 85' lang='lat' dir='ltr'><strong>pro-</strong></span> 
     </span>
    </p>
   </div>
   <div class='ocr_carea' id='block_1_58' title="bbox 373 3924 1938 3996">
    <p class='ocr_par' dir='ltr' id='par_1_58' title="bbox 373 3924 1938 3996">
     <span class='ocr_line' id='line_1_58' title="bbox 373 3924 1938 3996; baseline -0.001 -19"><span class='ocrx_word' id='word_1_384' title='bbox 373 3926 710 3989; x_wconf 79' lang='lat' dir='ltr'><strong>missionem,</strong></span> <span class='ocrx_word' id='word_1_385' title='bbox 732 3926 987 3981; x_wconf 88' lang='lat' dir='ltr'><strong>omnibus</strong></span> <span class='ocrx_word' id='word_1_386' title='bbox 1012 3926 1126 3996; x_wconf 87' lang='lat' dir='ltr'><strong>ipse</strong></span> <span class='ocrx_word' id='word_1_387' title='bbox 1153 3925 1303 3995; x_wconf 90' lang='lat' dir='ltr'><strong>prior</strong></span> <span class='ocrx_word' id='word_1_388' title='bbox 1333 3924 1604 3995; x_wconf 90' lang='lat' dir='ltr'><strong>spondere</strong></span> <span class='ocrx_word' id='word_1_389' title='bbox 1633 3937 1697 3978; x_wconf 89' lang='lat' dir='ltr'><strong>ac</strong></span> <span class='ocrx_word' id='word_1_390' title='bbox 1726 3938 1938 3992; x_wconf 88' lang='lat' dir='ltr'><strong>parare.</strong></span> 
     </span>
    </p>
   </div>
   <div class='ocr_carea' id='block_1_59' title="bbox 376 4014 1940 4087">
    <p class='ocr_par' dir='ltr' id='par_1_59' title="bbox 376 4014 1940 4087">
     <span class='ocr_line' id='line_1_59' title="bbox 376 4014 1940 4087; baseline 0.001 -20"><span class='ocrx_word' id='word_1_391' title='bbox 376 4015 648 4071; x_wconf 85' lang='lat' dir='ltr'><strong>Hactenus</strong></span> <span class='ocrx_word' id='word_1_392' title='bbox 703 4017 868 4087; x_wconf 78' lang='lat' dir='ltr'><strong>igitur</strong></span> <span class='ocrx_word' id='word_1_393' title='bbox 924 4017 1039 4072; x_wconf 68' lang='lat' dir='ltr'><strong>haec</strong></span> <span class='ocrx_word' id='word_1_394' title='bbox 1095 4017 1241 4071; x_wconf 80' lang='lat' dir='ltr'><strong>dicta</strong></span> <span class='ocrx_word' id='word_1_395' title='bbox 1300 4016 1410 4071; x_wconf 89' lang='lat' dir='ltr'><strong>sint</strong></span> <span class='ocrx_word' id='word_1_396' title='bbox 1461 4016 1530 4070; x_wconf 90' lang='lat' dir='ltr'><strong>de</strong></span> <span class='ocrx_word' id='word_1_397' title='bbox 1587 4014 1940 4084; x_wconf 90' lang='lat' dir='ltr'><strong>temporibus,</strong></span> 
     </span>
    </p>
   </div>
   <div class='ocr_carea' id='block_1_60' title="bbox 373 4117 1942 4190">
    <p class='ocr_par' dir='ltr' id='par_1_60' title="bbox 373 4117 1942 4190">
     <span class='ocr_line' id='line_1_60' title="bbox 373 4117 1942 4190; baseline 0.003 -21"><span class='ocrx_word' id='word_1_398' title='bbox 373 4132 534 4185; x_wconf 85' lang='lat' dir='ltr'><strong>quam</strong></span> <span class='ocrx_word' id='word_1_399' title='bbox 594 4117 781 4187; x_wconf 88' lang='lat' dir='ltr'><strong>utique</strong></span> <span class='ocrx_word' id='word_1_400' title='bbox 809 4119 878 4173; x_wconf 90' lang='lat' dir='ltr'><strong>ob</strong></span> <span class='ocrx_word' id='word_1_401' title='bbox 907 4133 1129 4174; x_wconf 89' lang='lat' dir='ltr'><strong>causam</strong></span> <span class='ocrx_word' id='word_1_402' title='bbox 1174 4135 1286 4174; x_wconf 82' lang='lat' dir='ltr'><strong>non</strong></span> <span class='ocrx_word' id='word_1_403' title='bbox 1327 4120 1439 4190; x_wconf 90' lang='lat' dir='ltr'><strong>jam</strong></span> <span class='ocrx_word' id='word_1_404' title='bbox 1487 4119 1623 4184; x_wconf 89' lang='lat' dir='ltr'><strong>diu,</strong></span> <span class='ocrx_word' id='word_1_405' title='bbox 1666 4119 1763 4174; x_wconf 90' lang='lat' dir='ltr'><strong>sed</strong></span> <span class='ocrx_word' id='word_1_406' title='bbox 1795 4133 1942 4174; x_wconf 90' lang='lat' dir='ltr'><strong>nunc</strong></span> 
     </span>
    </p>
   </div>
   <div class='ocr_carea' id='block_1_61' title="bbox 372 4216 1944 4279">
    <p class='ocr_par' dir='ltr' id='par_1_61' title="bbox 372 4216 1944 4279">
     <span class='ocr_line' id='line_1_61' title="bbox 372 4216 1944 4279; baseline 0.003 -10"><span class='ocrx_word' id='word_1_407' title='bbox 372 4216 612 4279; x_wconf 87' lang='lat' dir='ltr'><strong>demum,</strong></span> <span class='ocrx_word' id='word_1_408' title='bbox 648 4217 902 4274; x_wconf 88' lang='lat' dir='ltr'><strong>Christus</strong></span> <span class='ocrx_word' id='word_1_409' title='bbox 940 4217 1032 4272; x_wconf 89' lang='lat' dir='ltr'><strong>Dei</strong></span> <span class='ocrx_word' id='word_1_410' title='bbox 1060 4219 1117 4272; x_wconf 89' lang='lat' dir='ltr'><strong>in</strong></span> <span class='ocrx_word' id='word_1_411' title='bbox 1147 4234 1338 4274; x_wconf 89' lang='lat' dir='ltr'><strong>omnes</strong></span> <span class='ocrx_word' id='word_1_412' title='bbox 1386 4219 1636 4274; x_wconf 91' lang='lat' dir='ltr'><strong>homines</strong></span> <span class='ocrx_word' id='word_1_413' title='bbox 1668 4234 1828 4273; x_wconf 87' lang='lat' dir='ltr'><strong>suum</strong></span> <span class='ocrx_word' id='word_1_414' title='bbox 1856 4220 1944 4273; x_wconf 92' lang='lat' dir='ltr'><strong>lu-</strong></span> 
     </span>
    </p>
   </div>
   <div class='ocr_carea' id='block_1_62' title="bbox 375 4314 1940 4384">
    <p class='ocr_par' dir='ltr' id='par_1_62' title="bbox 375 4314 1940 4384">
     <span class='ocr_line' id='line_1_62' title="bbox 375 4314 1940 4384; baseline 0.003 -17"><span class='ocrx_word' id='word_1_415' title='bbox 375 4331 500 4370; x_wconf 86' lang='lat' dir='ltr'><strong>men</strong></span> <span class='ocrx_word' id='word_1_416' title='bbox 559 4316 818 4371; x_wconf 89' lang='lat' dir='ltr'><strong>emiserit.</strong></span> <span class='ocrx_word' id='word_1_417' title='bbox 874 4315 1141 4370; x_wconf 86' lang='lat' dir='ltr'><strong>Caeterum</strong></span> <span class='ocrx_word' id='word_1_418' title='bbox 1189 4315 1256 4370; x_wconf 89' lang='lat' dir='ltr'><strong>ad</strong></span> <span class='ocrx_word' id='word_1_419' title='bbox 1297 4314 1580 4384; x_wconf 88' lang='lat' dir='ltr'><strong>superiora</strong></span> <span class='ocrx_word' id='word_1_420' title='bbox 1626 4315 1940 4377; x_wconf 87' lang='lat' dir='ltr'><strong>redeuntes,</strong></span> 
     </span>
    </p>
   </div>
   <div class='ocr_carea' id='block_1_63' title="bbox 2038 1864 3600 1938">
    <p class='ocr_par' dir='ltr' id='par_1_63' title="bbox 2038 1864 3600 1938">
     <span class='ocr_line' id='line_1_63' title="bbox 2038 1864 3600 1938; baseline 0.001 -19"><span class='ocrx_word' id='word_1_421' title='bbox 2038 1864 2300 1934; x_wconf 80' lang='grc' dir='ltr'>ὲπέφανεν</span> <span class='ocrx_word' id='word_1_422' title='bbox 2344 1865 2551 1928; x_wconf 76' lang='grc' dir='ltr'>ἑαυτὸν,</span> <span class='ocrx_word' id='word_1_423' title='bbox 2588 1866 2728 1920; x_wconf 87' lang='grc' dir='ltr'><strong>κατά</strong></span> <span class='ocrx_word' id='word_1_424' title='bbox 2758 1865 2849 1919; x_wconf 84' lang='grc' dir='ltr'>τὸν</span> <span class='ocrx_word' id='word_1_425' title='bbox 2883 1867 3266 1938; x_wconf 83' lang='grc' dir='ltr'>ὑπογραφέντα</span> <span class='ocrx_word' id='word_1_426' title='bbox 3317 1867 3420 1936; x_wconf 82' lang='grc' dir='ltr'>τῆς</span> <span class='ocrx_word' id='word_1_427' title='bbox 3450 1869 3600 1921; x_wconf 83' lang='grc' dir='ltr'>ἐναν-</span> 
     </span>
    </p>
   </div>
   <div class='ocr_carea' id='block_1_64' title="bbox 2039 1955 3602 2028">
    <p class='ocr_par' dir='ltr' id='par_1_64' title="bbox 2039 1955 3602 2028">
     <span class='ocr_line' id='line_1_64' title="bbox 2039 1955 3602 2028; baseline 0.002 -20"><span class='ocrx_word' id='word_1_428' title='bbox 2039 1955 2368 2028; x_wconf 83' lang='grc' dir='ltr'>θρωπήσεως</span> <span class='ocrx_word' id='word_1_429' title='bbox 2399 1957 2562 2010; x_wconf 74' lang='grc' dir='ltr'>αὑτοῦ</span> <span class='ocrx_word' id='word_1_430' title='bbox 2595 1956 2804 2028; x_wconf 91' lang='grc' dir='ltr'>χρόνον,</span> <span class='ocrx_word' id='word_1_431' title='bbox 2856 1956 2981 2028; x_wconf 88' lang='grc' dir='ltr'>μίαν</span> <span class='ocrx_word' id='word_1_432' title='bbox 3025 1960 3136 2022; x_wconf 89' lang='grc' dir='ltr'>τοῖς</span> <span class='ocrx_word' id='word_1_433' title='bbox 3177 1960 3341 2012; x_wconf 74' lang='grc' dir='ltr'>πᾶσιν</span> <span class='ocrx_word' id='word_1_434' title='bbox 3372 1957 3602 2022; x_wconf 80' lang='grc' dir='ltr'>ἔθνεσιν,</span> 
     </span>
    </p>
   </div>
   <div class='ocr_carea' id='block_1_65' title="bbox 2041 2045 3602 2120">
    <p class='ocr_par' dir='ltr' id='par_1_65' title="bbox 2041 2045 3602 2120">
     <span class='ocr_line' id='line_1_65' title="bbox 2041 2045 3602 2120; baseline 0.003 -22"><span class='ocrx_word' id='word_1_435' title='bbox 2041 2045 2261 2117; x_wconf 87' lang='grc' dir='ltr'>Ἕλλησί</span> <span class='ocrx_word' id='word_1_436' title='bbox 2308 2063 2366 2100; x_wconf 89' lang='grc' dir='ltr'><strong>τε</strong></span> <span class='ocrx_word' id='word_1_437' title='bbox 2420 2047 2513 2100; x_wconf 76' lang='grc' dir='ltr'><strong>καὶ</strong></span> <span class='ocrx_word' id='word_1_438' title='bbox 2569 2046 2880 2119; x_wconf 78' lang='grc' dir='ltr'>βαρϐάροις,</span> <span class='ocrx_word' id='word_1_439' title='bbox 2906 2047 2983 2120; x_wconf 78' lang='grc' dir='ltr'><strong>τῷ</strong></span> <span class='ocrx_word' id='word_1_440' title='bbox 3015 2065 3075 2101; x_wconf 88' lang='grc' dir='ltr'><strong>τε</strong></span> <span class='ocrx_word' id='word_1_441' title='bbox 3121 2049 3283 2102; x_wconf 79' lang='grc' dir='ltr'>παντὶ</span> <span class='ocrx_word' id='word_1_442' title='bbox 3320 2047 3464 2103; x_wconf 77' lang='grc' dir='ltr'>ἔθνει</span> <span class='ocrx_word' id='word_1_443' title='bbox 3497 2047 3602 2102; x_wconf 83' lang='grc' dir='ltr'><strong>τῶν</strong></span> 
     </span>
    </p>
   </div>
   <div class='ocr_carea' id='block_1_66' title="bbox 2038 2137 3603 2213">
    <p class='ocr_par' dir='ltr' id='par_1_66' title="bbox 2038 2137 3603 2213">
     <span class='ocr_line' id='line_1_66' title="bbox 2038 2137 3603 2213; baseline 0.001 -21"><span class='ocrx_word' id='word_1_444' title='bbox 2038 2137 2336 2210; x_wconf 86' lang='grc' dir='ltr'>ἀνθρώπων</span> <span class='ocrx_word' id='word_1_445' title='bbox 2383 2138 2481 2211; x_wconf 81' lang='grc' dir='ltr'><strong>τὴν</strong></span> <span class='ocrx_word' id='word_1_446' title='bbox 2517 2139 2613 2192; x_wconf 90' lang='grc' dir='ltr'><strong>τοῦ</strong></span> <span class='ocrx_word' id='word_1_447' title='bbox 2654 2139 2864 2212; x_wconf 85' lang='grc' dir='ltr'>Πατρὺς</span> <span class='ocrx_word' id='word_1_448' title='bbox 2897 2141 3299 2213; x_wconf 76' lang='grc' dir='ltr'>φιλανθρωπίαν</span> <span class='ocrx_word' id='word_1_449' title='bbox 3331 2141 3603 2210; x_wconf 80' lang='grc' dir='ltr'>εὐαγγελι-</span> 
     </span>
    </p>
   </div>
   <div class='ocr_carea' id='block_1_67' title="bbox 2039 2229 3604 2305">
    <p class='ocr_par' dir='ltr' id='par_1_67' title="bbox 2039 2229 3604 2305">
     <span class='ocr_line' id='line_1_67' title="bbox 2039 2229 3604 2305; baseline 0.003 -23"><span class='ocrx_word' id='word_1_450' title='bbox 2039 2229 2282 2301; x_wconf 81' lang='grc' dir='ltr'>ζόμενος,</span> <span class='ocrx_word' id='word_1_451' title='bbox 2314 2231 2406 2284; x_wconf 77' lang='grc' dir='ltr'><strong>ἐπὶ</strong></span> <span class='ocrx_word' id='word_1_452' title='bbox 2438 2231 2567 2301; x_wconf 87' lang='grc' dir='ltr'>μίαν</span> <span class='ocrx_word' id='word_1_453' title='bbox 2595 2249 2653 2284; x_wconf 89' lang='grc' dir='ltr'><strong>τε</strong></span> <span class='ocrx_word' id='word_1_454' title='bbox 2685 2233 2812 2295; x_wconf 80' lang='grc' dir='ltr'>τοὺς</span> <span class='ocrx_word' id='word_1_455' title='bbox 2853 2232 3058 2297; x_wconf 85' lang='grc' dir='ltr'>πάντας</span> <span class='ocrx_word' id='word_1_456' title='bbox 3079 2232 3376 2304; x_wconf 82' lang='grc' dir='ltr'>παρορμῶν</span> <span class='ocrx_word' id='word_1_457' title='bbox 3403 2235 3462 2286; x_wconf 85' lang='grc' dir='ltr'><strong>ἐν</strong></span> <span class='ocrx_word' id='word_1_458' title='bbox 3485 2234 3604 2305; x_wconf 84' lang='grc' dir='ltr'><strong>Θεῷ</strong></span> 
     </span>
    </p>
   </div>
   <div class='ocr_carea' id='block_1_68' title="bbox 2042 2320 3604 2394">
    <p class='ocr_par' dir='ltr' id='par_1_68' title="bbox 2042 2320 3604 2394">
     <span class='ocr_line' id='line_1_68' title="bbox 2042 2320 3604 2394; baseline 0.001 -21"><span class='ocrx_word' id='word_1_459' title='bbox 2042 2320 2330 2392; x_wconf 88' lang='grc' dir='ltr'>σωτηρίαν,</span> <span class='ocrx_word' id='word_1_460' title='bbox 2366 2321 2619 2392; x_wconf 84' lang='grc' dir='ltr'>ἀλήθειάν</span> <span class='ocrx_word' id='word_1_461' title='bbox 2645 2338 2704 2374; x_wconf 86' lang='grc' dir='ltr'><strong>τε</strong></span> <span class='ocrx_word' id='word_1_462' title='bbox 2737 2322 2904 2394; x_wconf 80' lang='grc' dir='ltr'>αὐτὴν</span> <span class='ocrx_word' id='word_1_463' title='bbox 2929 2323 3024 2376; x_wconf 77' lang='grc' dir='ltr'>καὶ</span> <span class='ocrx_word' id='word_1_464' title='bbox 3051 2323 3165 2392; x_wconf 90' lang='grc' dir='ltr'><strong>φῶς</strong></span> <span class='ocrx_word' id='word_1_465' title='bbox 3192 2321 3422 2394; x_wconf 80' lang='grc' dir='ltr'>ἀληθοῦς</span> <span class='ocrx_word' id='word_1_466' title='bbox 3454 2322 3604 2375; x_wconf 76' lang='grc' dir='ltr'>εὐσε-</span> 
     </span>
    </p>
   </div>
   <div class='ocr_carea' id='block_1_69' title="bbox 2041 2411 3606 2484">
    <p class='ocr_par' dir='ltr' id='par_1_69' title="bbox 2041 2411 3606 2484">
     <span class='ocr_line' id='line_1_69' title="bbox 2041 2411 3606 2484; baseline 0.002 -21"><span class='ocrx_word' id='word_1_467' title='bbox 2041 2411 2209 2476; x_wconf 79' lang='grc' dir='ltr'>ϐείας,</span> <span class='ocrx_word' id='word_1_468' title='bbox 2232 2411 2502 2482; x_wconf 87' lang='grc' dir='ltr'>βασιλείαν</span> <span class='ocrx_word' id='word_1_469' title='bbox 2532 2429 2589 2465; x_wconf 86' lang='grc' dir='ltr'><strong>τε</strong></span> <span class='ocrx_word' id='word_1_470' title='bbox 2621 2412 2885 2484; x_wconf 88' lang='grc' dir='ltr'>οὐρανῶν,</span> <span class='ocrx_word' id='word_1_471' title='bbox 2910 2414 3001 2466; x_wconf 72' lang='grc' dir='ltr'>καὶ</span> <span class='ocrx_word' id='word_1_472' title='bbox 3025 2414 3240 2468; x_wconf 81' lang='grc' dir='ltr'>αἰωνίου</span> <span class='ocrx_word' id='word_1_473' title='bbox 3266 2412 3410 2484; x_wconf 83' lang='grc' dir='ltr'>ζωῆς</span> <span class='ocrx_word' id='word_1_474' title='bbox 3433 2413 3606 2482; x_wconf 72' lang='grc' dir='ltr'>ἐπαγ-</span> 
     </span>
    </p>
   </div>
   <div class='ocr_carea' id='block_1_70' title="bbox 2039 2501 3606 2576">
    <p class='ocr_par' dir='ltr' id='par_1_70' title="bbox 2039 2501 3606 2576">
     <span class='ocr_line' id='line_1_70' title="bbox 2039 2501 3606 2576; baseline 0.002 -22"><span class='ocrx_word' id='word_1_475' title='bbox 2039 2501 2223 2572; x_wconf 87' lang='grc' dir='ltr'>γελίαν</span> <span class='ocrx_word' id='word_1_476' title='bbox 2253 2505 2365 2566; x_wconf 86' lang='grc' dir='ltr'>τοῖς</span> <span class='ocrx_word' id='word_1_477' title='bbox 2396 2503 2531 2556; x_wconf 84' lang='grc' dir='ltr'>πᾶσι</span> <span class='ocrx_word' id='word_1_478' title='bbox 2571 2503 2978 2575; x_wconf 86' lang='grc' dir='ltr'>προμνώμενος.</span> <span class='ocrx_word' id='word_1_479' title='bbox 3012 2504 3194 2558; x_wconf 82' lang='grc' dir='ltr'>Ταῦτα</span> <span class='ocrx_word' id='word_1_480' title='bbox 3228 2505 3324 2576; x_wconf 85' lang='grc' dir='ltr'><strong>μὲν</strong></span> <span class='ocrx_word' id='word_1_481' title='bbox 3351 2501 3443 2561; x_wconf 77' lang='grc' dir='ltr'>οὖν</span> <span class='ocrx_word' id='word_1_482' title='bbox 3478 2506 3606 2576; x_wconf 77' lang='grc' dir='ltr'>περὶ</span> 
     </span>
    </p>
   </div>
   <div class='ocr_carea' id='block_1_71' title="bbox 2038 2592 3604 2665">
    <p class='ocr_par' dir='ltr' id='par_1_71' title="bbox 2038 2592 3604 2665">
     <span class='ocr_line' id='line_1_71' title="bbox 2038 2592 3604 2665; baseline 0.001 -19"><span class='ocrx_word' id='word_1_483' title='bbox 2038 2592 2146 2646; x_wconf 88' lang='grc' dir='ltr'><strong>τῶν</strong></span> <span class='ocrx_word' id='word_1_484' title='bbox 2171 2593 2375 2664; x_wconf 79' lang='grc' dir='ltr'>χρόνων</span> <span class='ocrx_word' id='word_1_485' title='bbox 2404 2593 2659 2663; x_wconf 77' lang='grc' dir='ltr'>εἰρήσθω,</span> <span class='ocrx_word' id='word_1_486' title='bbox 2692 2593 2759 2645; x_wconf 85' lang='grc' dir='ltr'><strong>δι’</strong></span> <span class='ocrx_word' id='word_1_487' title='bbox 2785 2596 2850 2665; x_wconf 83' lang='grc' dir='ltr'>ἣν</span> <span class='ocrx_word' id='word_1_488' title='bbox 2874 2593 3051 2647; x_wconf 83' lang='grc' dir='ltr'>αἰτίαν</span> <span class='ocrx_word' id='word_1_489' title='bbox 3081 2593 3194 2659; x_wconf 85' lang='grc' dir='ltr'>νῦν,</span> <span class='ocrx_word' id='word_1_490' title='bbox 3213 2594 3326 2647; x_wconf 83' lang='grc' dir='ltr'>ἀλλ’</span> <span class='ocrx_word' id='word_1_491' title='bbox 3347 2596 3406 2647; x_wconf 84' lang='grc' dir='ltr'>ού</span> <span class='ocrx_word' id='word_1_492' title='bbox 3437 2595 3604 2649; x_wconf 84' lang='grc' dir='ltr'>πάλαι</span> 
     </span>
    </p>
   </div>
   <div class='ocr_carea' id='block_1_72' title="bbox 2041 2683 3606 2757">
    <p class='ocr_par' dir='ltr' id='par_1_72' title="bbox 2041 2683 3606 2757">
     <span class='ocr_line' id='line_1_72' title="bbox 2041 2683 3606 2757; baseline 0.001 -20"><span class='ocrx_word' id='word_1_493' title='bbox 2041 2685 2302 2757; x_wconf 87' lang='grc' dir='ltr'>πρότερον</span> <span class='ocrx_word' id='word_1_494' title='bbox 2348 2686 2376 2736; x_wconf 88' lang='grc' dir='ltr'>ὁ</span> <span class='ocrx_word' id='word_1_495' title='bbox 2409 2683 2636 2756; x_wconf 86' lang='grc' dir='ltr'>Χριστὸς</span> <span class='ocrx_word' id='word_1_496' title='bbox 2666 2683 2758 2737; x_wconf 88' lang='grc' dir='ltr'><strong>τοῦ</strong></span> <span class='ocrx_word' id='word_1_497' title='bbox 2787 2684 2920 2738; x_wconf 83' lang='grc' dir='ltr'>Θεοῦ</span> <span class='ocrx_word' id='word_1_498' title='bbox 2950 2687 3029 2749; x_wconf 86' lang='grc' dir='ltr'>εἰς</span> <span class='ocrx_word' id='word_1_499' title='bbox 3053 2686 3258 2750; x_wconf 88' lang='grc' dir='ltr'>πάντας</span> <span class='ocrx_word' id='word_1_500' title='bbox 3303 2685 3606 2756; x_wconf 62' lang='grc' dir='ltr'>ἐξέλαμψεν</span> 
     </span>
    </p>
   </div>
   <div class='ocr_carea' id='block_1_73' title="bbox 2042 2774 3606 2848">
    <p class='ocr_par' dir='ltr' id='par_1_73' title="bbox 2042 2774 3606 2848">
     <span class='ocr_line' id='line_1_73' title="bbox 2042 2774 3606 2848; baseline 0.001 -19"><span class='ocrx_word' id='word_1_501' title='bbox 2042 2775 2380 2846; x_wconf 82' lang='grc' dir='ltr'>ἀνθρώπους.</span> <span class='ocrx_word' id='word_1_502' title='bbox 2413 2775 2548 2847; x_wconf 84' lang='grc' dir='ltr'>Φέρε</span> <span class='ocrx_word' id='word_1_503' title='bbox 2594 2774 2652 2828; x_wconf 80' lang='grc' dir='ltr'>δὲ</span> <span class='ocrx_word' id='word_1_504' title='bbox 2696 2775 3077 2840; x_wconf 77' lang='grc' dir='ltr'>ἐπανελθόντες</span> <span class='ocrx_word' id='word_1_505' title='bbox 3113 2776 3220 2829; x_wconf 91' lang='grc' dir='ltr'><strong>τῶν</strong></span> <span class='ocrx_word' id='word_1_506' title='bbox 3263 2777 3467 2848; x_wconf 84' lang='grc' dir='ltr'>χρόνων</span> <span class='ocrx_word' id='word_1_507' title='bbox 3505 2777 3606 2846; x_wconf 79' lang='grc' dir='ltr'>τῆς</span> 
     </span>
    </p>
   </div>
   <div class='ocr_carea' id='block_1_74' title="bbox 2040 2865 3605 2940">
    <p class='ocr_par' dir='ltr' id='par_1_74' title="bbox 2040 2865 3605 2940">
     <span class='ocr_line' id='line_1_74' title="bbox 2040 2865 3605 2940; baseline 0 -20"><span class='ocrx_word' id='word_1_508' title='bbox 2040 2866 2272 2935; x_wconf 76' lang='grc' dir='ltr'>ἀφίξεως</span> <span class='ocrx_word' id='word_1_509' title='bbox 2302 2865 2464 2919; x_wconf 83' lang='grc' dir='ltr'>αὐτοῦ</span> <span class='ocrx_word' id='word_1_510' title='bbox 2492 2865 2560 2919; x_wconf 83' lang='grc' dir='ltr'><strong>τά</strong></span> <span class='ocrx_word' id='word_1_511' title='bbox 2590 2869 2790 2938; x_wconf 84' lang='grc' dir='ltr'>σημεῖα</span> <span class='ocrx_word' id='word_1_512' title='bbox 2811 2867 2951 2920; x_wconf 75' lang='grc' dir='ltr'>κατὰ</span> <span class='ocrx_word' id='word_1_513' title='bbox 2974 2867 3134 2940; x_wconf 81' lang='grc' dir='ltr'>μέρος</span> <span class='ocrx_word' id='word_1_514' title='bbox 3161 2867 3605 2938; x_wconf 76' lang='grc' dir='ltr'>ἐπισκεψώμεθα,</span> 
     </span>
    </p>
   </div>
   <div class='ocr_carea' id='block_1_75' title="bbox 2039 2957 3606 3031">
    <p class='ocr_par' dir='ltr' id='par_1_75' title="bbox 2039 2957 3606 3031">
     <span class='ocr_line' id='line_1_75' title="bbox 2039 2957 3606 3031; baseline 0.003 -22"><span class='ocrx_word' id='word_1_515' title='bbox 2039 2957 2137 3022; x_wconf 76' lang='grc' dir='ltr'><strong>τὰς</strong></span> <span class='ocrx_word' id='word_1_516' title='bbox 2182 2957 2538 3028; x_wconf 84' lang='grc' dir='ltr'>εὐαγγελικὰς</span> <span class='ocrx_word' id='word_1_517' title='bbox 2575 2959 2701 3031; x_wconf 74' lang='grc' dir='ltr'>περὶ</span> <span class='ocrx_word' id='word_1_518' title='bbox 2729 2959 2828 3031; x_wconf 83' lang='grc' dir='ltr'>τῆς</span> <span class='ocrx_word' id='word_1_519' title='bbox 2856 2961 3118 3028; x_wconf 88' lang='grc' dir='ltr'>γενέσεως</span> <span class='ocrx_word' id='word_1_520' title='bbox 3149 2959 3308 3013; x_wconf 89' lang='grc' dir='ltr'>αὐτοῦ</span> <span class='ocrx_word' id='word_1_521' title='bbox 3343 2959 3524 3029; x_wconf 70' lang='grc' dir='ltr'>φωνὰς</span> <span class='ocrx_word' id='word_1_522' title='bbox 3547 2962 3606 3013; x_wconf 76' lang='grc' dir='ltr'><strong>ὲν</strong></span> 
     </span>
    </p>
   </div>
   <div class='ocr_carea' id='block_1_76' title="bbox 2041 3047 3605 3122">
    <p class='ocr_par' dir='ltr' id='par_1_76' title="bbox 2041 3047 3605 3122">
     <span class='ocr_line' id='line_1_76' title="bbox 2041 3047 3605 3122; baseline 0.001 -20"><span class='ocrx_word' id='word_1_523' title='bbox 2041 3049 2274 3121; x_wconf 85' lang='grc' dir='ltr'>πρώτοις</span> <span class='ocrx_word' id='word_1_524' title='bbox 2299 3051 2854 3122; x_wconf 56' lang='grc' dir='ltr'>ἐπισημιωσάμενοι.</span> <span class='ocrx_word' id='word_1_525' title='bbox 2901 3053 2957 3105; x_wconf 84' lang='grc' dir='ltr'>Ὀ</span> <span class='ocrx_word' id='word_1_526' title='bbox 2989 3052 3086 3122; x_wconf 71' lang='grc' dir='ltr'><strong>μὲν</strong></span> <span class='ocrx_word' id='word_1_527' title='bbox 3112 3047 3204 3105; x_wconf 83' lang='grc' dir='ltr'>οὖν</span> <span class='ocrx_word' id='word_1_528' title='bbox 3223 3050 3496 3114; x_wconf 85' lang='grc' dir='ltr'>Ματθαίος</span> <span class='ocrx_word' id='word_1_529' title='bbox 3514 3052 3605 3105; x_wconf 60' lang='grc' dir='ltr'><strong>τὸν</strong></span> 
     </span>
    </p>
   </div>
   <div class='ocr_carea' id='block_1_77' title="bbox 2041 3135 3606 3213">
    <p class='ocr_par' dir='ltr' id='par_1_77' title="bbox 2041 3135 3606 3213">
     <span class='ocr_line' id='line_1_77' title="bbox 2041 3135 3606 3213; baseline 0 -19"><span class='ocrx_word' id='word_1_530' title='bbox 2041 3142 2227 3213; x_wconf 82' lang='grc' dir='ltr'>χρόνον</span> <span class='ocrx_word' id='word_1_531' title='bbox 2245 3141 2344 3211; x_wconf 85' lang='grc' dir='ltr'>τῆς</span> <span class='ocrx_word' id='word_1_532' title='bbox 2372 3141 2636 3213; x_wconf 86' lang='grc' dir='ltr'>ἐνσάρκου</span> <span class='ocrx_word' id='word_1_533' title='bbox 2669 3142 2834 3196; x_wconf 83' lang='grc' dir='ltr'>αὐτοῦ</span> <span class='ocrx_word' id='word_1_534' title='bbox 2864 3142 3178 3212; x_wconf 85' lang='grc' dir='ltr'>ἐπιφανείας</span> <span class='ocrx_word' id='word_1_535' title='bbox 3197 3135 3298 3195; x_wconf 82' lang='grc' dir='ltr'>ὧδέ</span> <span class='ocrx_word' id='word_1_536' title='bbox 3325 3159 3440 3205; x_wconf 85' lang='grc' dir='ltr'><strong>πως</strong></span> <span class='ocrx_word' id='word_1_537' title='bbox 3467 3144 3606 3194; x_wconf 78' lang='grc' dir='ltr'>ἱστο-</span> 
     </span>
    </p>
   </div>
   <div class='ocr_carea' id='block_1_78' title="bbox 2043 3233 3606 3308">
    <p class='ocr_par' dir='ltr' id='par_1_78' title="bbox 2043 3233 3606 3308">
     <span class='ocr_line' id='line_1_78' title="bbox 2043 3233 3606 3308; baseline 0.002 -23"><span class='ocrx_word' id='word_1_538' title='bbox 2043 3237 2127 3305; x_wconf 86' lang='grc' dir='ltr'>ρεῖ</span> <span class='ocrx_word' id='word_1_539' title='bbox 2155 3233 2354 3302; x_wconf 84' lang='grc' dir='ltr'>λέγων·</span> <span class='ocrx_word' id='word_1_540' title='bbox 2395 3253 2415 3286; x_wconf 87' lang='grc'><strong><em>‹</em></strong></span> <span class='ocrx_word' id='word_1_541' title='bbox 2457 3235 2564 3288; x_wconf 90' lang='grc' dir='ltr'>Τοῦ</span> <span class='ocrx_word' id='word_1_542' title='bbox 2595 3235 2652 3289; x_wconf 85' lang='grc' dir='ltr'>δὲ</span> <span class='ocrx_word' id='word_1_543' title='bbox 2694 3235 2865 3306; x_wconf 88' lang='grc' dir='ltr'>Ἰησοῦ</span> <span class='ocrx_word' id='word_1_544' title='bbox 2896 3235 3242 3306; x_wconf 84' lang='grc' dir='ltr'>γεννηθέντος</span> <span class='ocrx_word' id='word_1_545' title='bbox 3270 3237 3328 3288; x_wconf 84' lang='grc' dir='ltr'><strong>ἐν</strong></span> <span class='ocrx_word' id='word_1_546' title='bbox 3359 3234 3606 3308; x_wconf 82' lang='grc' dir='ltr'>Βηθλεὲμ</span> 
     </span>
    </p>
   </div>
   <div class='ocr_carea' id='block_1_79' title="bbox 2040 3325 3602 3400">
    <p class='ocr_par' dir='ltr' id='par_1_79' title="bbox 2040 3325 3602 3400">
     <span class='ocr_line' id='line_1_79' title="bbox 2040 3325 3602 3400; baseline 0.001 -22"><span class='ocrx_word' id='word_1_547' title='bbox 2040 3325 2140 3395; x_wconf 79' lang='grc' dir='ltr'>τῆς</span> <span class='ocrx_word' id='word_1_548' title='bbox 2185 3327 2462 3391; x_wconf 87' lang='grc' dir='ltr'>Ἰουδαίας,</span> <span class='ocrx_word' id='word_1_549' title='bbox 2496 3331 2556 3382; x_wconf 87' lang='grc' dir='ltr'>ἐν</span> <span class='ocrx_word' id='word_1_550' title='bbox 2601 3329 2835 3400; x_wconf 79' lang='grc' dir='ltr'>ἡμέραις</span> <span class='ocrx_word' id='word_1_551' title='bbox 2872 3326 3106 3399; x_wconf 84' lang='grc' dir='ltr'>Ἡρώδου</span> <span class='ocrx_word' id='word_1_552' title='bbox 3139 3328 3230 3382; x_wconf 87' lang='grc' dir='ltr'><strong>τοῦ</strong></span> <span class='ocrx_word' id='word_1_553' title='bbox 3266 3327 3560 3397; x_wconf 86' lang='grc' dir='ltr'>βασιλέως·</span> <span class='ocrx_word' id='word_1_554' title='bbox 3581 3345 3602 3380; x_wconf 72' lang='grc' dir='ltr'><strong>ι</strong></span> 
     </span>
    </p>
   </div>
   <div class='ocr_carea' id='block_1_80' title="bbox 2043 3419 3606 3492">
    <p class='ocr_par' dir='ltr' id='par_1_80' title="bbox 2043 3419 3606 3492">
     <span class='ocr_line' id='line_1_80' title="bbox 2043 3419 3606 3492; baseline 0 -20"><span class='ocrx_word' id='word_1_555' title='bbox 2043 3419 2134 3472; x_wconf 79' lang='grc' dir='ltr'><strong>καὶ</strong></span> <span class='ocrx_word' id='word_1_556' title='bbox 2167 3421 2281 3489; x_wconf 88' lang='grc' dir='ltr'>μετ’</span> <span class='ocrx_word' id='word_1_557' title='bbox 2313 3419 2468 3488; x_wconf 86' lang='grc' dir='ltr'>ὀλίγα</span> <span class='ocrx_word' id='word_1_558' title='bbox 2496 3421 2658 3492; x_wconf 89' lang='grc' dir='ltr'>φησίν</span> <span class='ocrx_word' id='word_1_559' title='bbox 2678 3437 2693 3451; x_wconf 78' lang='grc' dir='ltr'><strong>ο</strong></span> <span class='ocrx_word' id='word_1_560' title='bbox 2718 3438 2737 3471; x_wconf 74' lang='grc' dir='ltr'><strong>ι</strong></span> <span class='ocrx_word' id='word_1_561' title='bbox 2780 3422 3042 3485; x_wconf 85' lang='grc' dir='ltr'>Ἀκούσας</span> <span class='ocrx_word' id='word_1_562' title='bbox 3070 3421 3147 3486; x_wconf 86' lang='grc' dir='ltr'><strong>δέ,</strong></span> <span class='ocrx_word' id='word_1_563' title='bbox 3177 3421 3258 3474; x_wconf 82' lang='grc' dir='ltr'>ὅτι</span> <span class='ocrx_word' id='word_1_564' title='bbox 3321 3420 3606 3491; x_wconf 84' lang='grc' dir='ltr'>Ἀρχέλαος</span> 
     </span>
    </p>
   </div>
   <div class='ocr_carea' id='block_1_81' title="bbox 2043 3508 3606 3584">
    <p class='ocr_par' dir='ltr' id='par_1_81' title="bbox 2043 3508 3606 3584">
     <span class='ocr_line' id='line_1_81' title="bbox 2043 3508 3606 3584; baseline 0.001 -22"><span class='ocrx_word' id='word_1_565' title='bbox 2043 3508 2313 3579; x_wconf 82' lang='grc' dir='ltr'>βασιλεύει</span> <span class='ocrx_word' id='word_1_566' title='bbox 2355 3510 2455 3581; x_wconf 82' lang='grc' dir='ltr'>τῆς</span> <span class='ocrx_word' id='word_1_567' title='bbox 2499 3511 2754 3576; x_wconf 87' lang='grc' dir='ltr'>Ἰουδαίας</span> <span class='ocrx_word' id='word_1_568' title='bbox 2799 3512 2918 3566; x_wconf 76' lang='grc' dir='ltr'>ἀντὶ</span> <span class='ocrx_word' id='word_1_569' title='bbox 2963 3510 3198 3584; x_wconf 88' lang='grc' dir='ltr'>Ἡρώδου</span> <span class='ocrx_word' id='word_1_570' title='bbox 3251 3511 3345 3564; x_wconf 89' lang='grc' dir='ltr'><strong>τοῦ</strong></span> <span class='ocrx_word' id='word_1_571' title='bbox 3403 3510 3606 3581; x_wconf 84' lang='grc' dir='ltr'>πατρὸς</span> 
     </span>
    </p>
   </div>
   <div class='ocr_carea' id='block_1_82' title="bbox 2043 3600 3607 3674">
    <p class='ocr_par' dir='ltr' id='par_1_82' title="bbox 2043 3600 3607 3674">
     <span class='ocr_line' id='line_1_82' title="bbox 2043 3600 3607 3674; baseline 0.001 -21"><span class='ocrx_word' id='word_1_572' title='bbox 2043 3600 2229 3655; x_wconf 80' lang='grc' dir='ltr'>αὐτοῦ.</span> <span class='ocrx_word' id='word_1_573' title='bbox 2275 3621 2292 3653; x_wconf 79' lang='grc' dir='ltr'><strong>ι</strong></span> <span class='ocrx_word' id='word_1_574' title='bbox 2338 3602 2398 3655; x_wconf 85' lang='lat'><strong>&#39;0</strong></span> <span class='ocrx_word' id='word_1_575' title='bbox 2438 3601 2494 3655; x_wconf 85' lang='grc' dir='ltr'>δὲ</span> <span class='ocrx_word' id='word_1_576' title='bbox 2546 3603 2761 3666; x_wconf 83' lang='grc' dir='ltr'>Λουκᾶς</span> <span class='ocrx_word' id='word_1_577' title='bbox 2791 3603 2884 3656; x_wconf 81' lang='grc' dir='ltr'>τὸν</span> <span class='ocrx_word' id='word_1_578' title='bbox 2913 3603 3011 3674; x_wconf 86' lang='grc' dir='ltr'><strong>τῆς</strong></span> <span class='ocrx_word' id='word_1_579' title='bbox 3059 3601 3404 3665; x_wconf 88' lang='grc' dir='ltr'>διδασκαλίας</span> <span class='ocrx_word' id='word_1_580' title='bbox 3442 3601 3607 3654; x_wconf 77' lang='grc' dir='ltr'>αὐτοῦ</span> 
     </span>
    </p>
   </div>
   <div class='ocr_carea' id='block_1_83' title="bbox 2042 3692 3607 3766">
    <p class='ocr_par' dir='ltr' id='par_1_83' title="bbox 2042 3692 3607 3766">
     <span class='ocr_line' id='line_1_83' title="bbox 2042 3692 3607 3766; baseline 0 -20"><span class='ocrx_word' id='word_1_581' title='bbox 2042 3693 2137 3746; x_wconf 77' lang='grc' dir='ltr'>καὶ</span> <span class='ocrx_word' id='word_1_582' title='bbox 2163 3692 2476 3759; x_wconf 82' lang='grc' dir='ltr'>ἀναδείξεως</span> <span class='ocrx_word' id='word_1_583' title='bbox 2506 3693 2696 3764; x_wconf 91' lang='grc' dir='ltr'>χρόνον</span> <span class='ocrx_word' id='word_1_584' title='bbox 2729 3694 3039 3766; x_wconf 82' lang='grc' dir='ltr'>παρέστησε</span> <span class='ocrx_word' id='word_1_585' title='bbox 3067 3693 3241 3764; x_wconf 87' lang='grc' dir='ltr'>λέγων</span> <span class='ocrx_word' id='word_1_586' title='bbox 3262 3711 3276 3725; x_wconf 74' lang='grc' dir='ltr'>ο</span> <span class='ocrx_word' id='word_1_587' title='bbox 3317 3713 3336 3746; x_wconf 85' lang='grc'><strong>‹</strong></span> <span class='ocrx_word' id='word_1_588' title='bbox 3378 3695 3464 3746; x_wconf 90' lang='grc' dir='ltr'>Ἐν</span> <span class='ocrx_word' id='word_1_589' title='bbox 3500 3694 3607 3746; x_wconf 79' lang='grc' dir='ltr'>ἔτει</span> 
     </span>
    </p>
   </div>
   <div class='ocr_carea' id='block_1_84' title="bbox 2043 3785 3606 3858">
    <p class='ocr_par' dir='ltr' id='par_1_84' title="bbox 2043 3785 3606 3858">
     <span class='ocr_line' id='line_1_84' title="bbox 2043 3785 3606 3858; baseline 0.001 -21"><span class='ocrx_word' id='word_1_590' title='bbox 2043 3786 2508 3856; x_wconf 83' lang='grc' dir='ltr'>πεντεκαιδεκάτῳ</span> <span class='ocrx_word' id='word_1_591' title='bbox 2551 3787 2649 3856; x_wconf 84' lang='grc' dir='ltr'>τῆς</span> <span class='ocrx_word' id='word_1_592' title='bbox 2691 3785 2984 3857; x_wconf 85' lang='grc' dir='ltr'>ἡγεμονίας</span> <span class='ocrx_word' id='word_1_593' title='bbox 3023 3786 3272 3857; x_wconf 77' lang='grc' dir='ltr'>Τιϐερίου</span> <span class='ocrx_word' id='word_1_594' title='bbox 3311 3786 3606 3858; x_wconf 81' lang='grc' dir='ltr'>Καίσαρος,</span> 
     </span>
    </p>
   </div>
   <div class='ocr_carea' id='block_1_85' title="bbox 2042 3877 3608 3950">
    <p class='ocr_par' dir='ltr' id='par_1_85' title="bbox 2042 3877 3608 3950">
     <span class='ocr_line' id='line_1_85' title="bbox 2042 3877 3608 3950; baseline -0.001 -20"><span class='ocrx_word' id='word_1_595' title='bbox 2042 3879 2484 3950; x_wconf 89' lang='grc' dir='ltr'>ἐπιτροπεύοντος</span> <span class='ocrx_word' id='word_1_596' title='bbox 2528 3879 2749 3931; x_wconf 87' lang='grc' dir='ltr'>Ποντίου</span> <span class='ocrx_word' id='word_1_597' title='bbox 2783 3879 3014 3932; x_wconf 86' lang='grc' dir='ltr'>Πιλάτου</span> <span class='ocrx_word' id='word_1_598' title='bbox 3055 3879 3154 3949; x_wconf 82' lang='grc' dir='ltr'>τῆς</span> <span class='ocrx_word' id='word_1_599' title='bbox 3207 3877 3484 3941; x_wconf 87' lang='grc' dir='ltr'>Ἰουδαίας,</span> <span class='ocrx_word' id='word_1_600' title='bbox 3518 3894 3608 3929; x_wconf 90' lang='grc' dir='ltr'>τε-</span> 
     </span>
    </p>
   </div>
   <div class='ocr_carea' id='block_1_86' title="bbox 2041 3970 3610 4045">
    <p class='ocr_par' dir='ltr' id='par_1_86' title="bbox 2041 3970 3610 4045">
     <span class='ocr_line' id='line_1_86' title="bbox 2041 3970 3610 4045; baseline 0.001 -23"><span class='ocrx_word' id='word_1_601' title='bbox 2041 3971 2402 4042; x_wconf 88' lang='grc' dir='ltr'>τραρχοῦντος</span> <span class='ocrx_word' id='word_1_602' title='bbox 2426 3972 2482 4025; x_wconf 79' lang='grc' dir='ltr'>δὲ</span> <span class='ocrx_word' id='word_1_603' title='bbox 2505 3973 2603 4042; x_wconf 78' lang='grc' dir='ltr'>τῆς</span> <span class='ocrx_word' id='word_1_604' title='bbox 2635 3973 2919 4036; x_wconf 89' lang='grc' dir='ltr'>Γαλιλαίας</span> <span class='ocrx_word' id='word_1_605' title='bbox 2963 3972 3222 4045; x_wconf 83' lang='grc' dir='ltr'>Ἡρώδου,</span> <span class='ocrx_word' id='word_1_606' title='bbox 3257 3971 3520 4024; x_wconf 82' lang='grc' dir='ltr'>Φιλίππου</span> <span class='ocrx_word' id='word_1_607' title='bbox 3553 3970 3610 4023; x_wconf 77' lang='grc' dir='ltr'>δὲ</span> 
     </span>
    </p>
   </div>
   <div class='ocr_carea' id='block_1_87' title="bbox 2041 4063 3610 4138">
    <p class='ocr_par' dir='ltr' id='par_1_87' title="bbox 2041 4063 3610 4138">
     <span class='ocr_line' id='line_1_87' title="bbox 2041 4063 3610 4138; baseline 0 -22"><span class='ocrx_word' id='word_1_608' title='bbox 2041 4063 2132 4117; x_wconf 87' lang='grc' dir='ltr'><strong>τοῦ</strong></span> <span class='ocrx_word' id='word_1_609' title='bbox 2157 4065 2381 4134; x_wconf 82' lang='grc' dir='ltr'>ἀδελφοῦ</span> <span class='ocrx_word' id='word_1_610' title='bbox 2417 4064 2580 4119; x_wconf 80' lang='grc' dir='ltr'>αὑτοῦ</span> <span class='ocrx_word' id='word_1_611' title='bbox 2618 4065 3036 4137; x_wconf 86' lang='grc' dir='ltr'>τετραρχοῦντος</span> <span class='ocrx_word' id='word_1_612' title='bbox 3061 4067 3162 4137; x_wconf 82' lang='grc' dir='ltr'>τῆς</span> <span class='ocrx_word' id='word_1_613' title='bbox 3197 4065 3491 4138; x_wconf 88' lang='grc' dir='ltr'>Ἰτουραίας</span> <span class='ocrx_word' id='word_1_614' title='bbox 3518 4063 3610 4118; x_wconf 78' lang='grc' dir='ltr'><strong>καὶ</strong></span> 
     </span>
    </p>
   </div>
   <div class='ocr_carea' id='block_1_88' title="bbox 2043 4155 3610 4229">
    <p class='ocr_par' dir='ltr' id='par_1_88' title="bbox 2043 4155 3610 4229">
     <span class='ocr_line' id='line_1_88' title="bbox 2043 4155 3610 4229; baseline 0.001 -22"><span class='ocrx_word' id='word_1_615' title='bbox 2043 4157 2435 4228; x_wconf 84' lang='grc' dir='ltr'>Τραχωνίτιδος</span> <span class='ocrx_word' id='word_1_616' title='bbox 2479 4155 2680 4229; x_wconf 67' lang='grc' dir='ltr'>χώρας,</span> <span class='ocrx_word' id='word_1_617' title='bbox 2731 4157 2826 4210; x_wconf 81' lang='grc' dir='ltr'>καὶ</span> <span class='ocrx_word' id='word_1_618' title='bbox 2873 4157 3138 4209; x_wconf 88' lang='grc' dir='ltr'>Λυσανίου</span> <span class='ocrx_word' id='word_1_619' title='bbox 3183 4157 3284 4227; x_wconf 86' lang='grc' dir='ltr'>τῆς</span> <span class='ocrx_word' id='word_1_620' title='bbox 3324 4155 3610 4226; x_wconf 79' lang='grc' dir='ltr'>Ἀϐιληνῆς</span> 
     </span>
    </p>
   </div>
   <div class='ocr_carea' id='block_1_89' title="bbox 2044 4247 3605 4320">
    <p class='ocr_par' dir='ltr' id='par_1_89' title="bbox 2044 4247 3605 4320">
     <span class='ocr_line' id='line_1_89' title="bbox 2044 4247 3605 4320; baseline -0.001 -21"><span class='ocrx_word' id='word_1_621' title='bbox 2044 4247 2484 4320; x_wconf 80' lang='grc' dir='ltr'>τετραρχοῦντος,</span> <span class='ocrx_word' id='word_1_622' title='bbox 2527 4248 2619 4300; x_wconf 82' lang='grc' dir='ltr'>ἐπὶ</span> <span class='ocrx_word' id='word_1_623' title='bbox 2657 4248 2956 4320; x_wconf 86' lang='grc' dir='ltr'>ἀρχιερέως</span> <span class='ocrx_word' id='word_1_624' title='bbox 2988 4249 3154 4302; x_wconf 76' lang='grc' dir='ltr'>Ἀννα</span> <span class='ocrx_word' id='word_1_625' title='bbox 3195 4249 3287 4301; x_wconf 76' lang='grc' dir='ltr'>καὶ</span> <span class='ocrx_word' id='word_1_626' title='bbox 3317 4247 3561 4315; x_wconf 83' lang='grc' dir='ltr'>Καῖάφα.</span> <span class='ocrx_word' id='word_1_627' title='bbox 3585 4265 3605 4297; x_wconf 72' lang='grc' dir='ltr'><strong>ι</strong></span> 
     </span>
    </p>
   </div>
   <div class='ocr_carea' id='block_1_90' title="bbox 2044 4334 3610 4412">
    <p class='ocr_par' dir='ltr' id='par_1_90' title="bbox 2044 4334 3610 4412">
     <span class='ocr_line' id='line_1_90' title="bbox 2044 4334 3610 4412; baseline 0.001 -23"><span class='ocrx_word' id='word_1_628' title='bbox 2044 4339 2265 4401; x_wconf 89' lang='grc' dir='ltr'>Τούτοις</span> <span class='ocrx_word' id='word_1_629' title='bbox 2307 4339 2370 4410; x_wconf 84' lang='grc' dir='ltr'>δὴ</span> <span class='ocrx_word' id='word_1_630' title='bbox 2413 4334 2504 4393; x_wconf 85' lang='grc' dir='ltr'><strong>οῦν</strong></span> <span class='ocrx_word' id='word_1_631' title='bbox 2550 4339 2731 4403; x_wconf 86' lang='grc' dir='ltr'>καλῶς</span> <span class='ocrx_word' id='word_1_632' title='bbox 2787 4340 2898 4410; x_wconf 80' lang='grc' dir='ltr'>ἕχει</span> <span class='ocrx_word' id='word_1_633' title='bbox 2950 4341 3290 4412; x_wconf 86' lang='grc' dir='ltr'>παραθέσθαι</span> <span class='ocrx_word' id='word_1_634' title='bbox 3332 4339 3437 4411; x_wconf 82' lang='grc' dir='ltr'>τὴν</span> <span class='ocrx_word' id='word_1_635' title='bbox 3462 4335 3610 4409; x_wconf 87' lang='grc' dir='ltr'><strong>παρά</strong></span> 
     </span>
    </p>
   </div>
   <div class='ocr_carea' id='block_1_91' title="bbox 374 4415 1937 4503">
    <p class='ocr_par' dir='ltr' id='par_1_91' title="bbox 374 4415 1937 4487">
     <span class='ocr_line' id='line_1_91' title="bbox 374 4415 1937 4487; baseline 0.003 -21"><span class='ocrx_word' id='word_1_636' title='bbox 374 4421 678 4485; x_wconf 90' lang='lat' dir='ltr'><strong>temporum</strong></span> <span class='ocrx_word' id='word_1_637' title='bbox 706 4416 974 4471; x_wconf 89' lang='lat' dir='ltr'><strong>adventus</strong></span> <span class='ocrx_word' id='word_1_638' title='bbox 1018 4415 1166 4471; x_wconf 92' lang='lat' dir='ltr'><strong>illius</strong></span> <span class='ocrx_word' id='word_1_639' title='bbox 1195 4415 1561 4486; x_wconf 87' lang='lat' dir='ltr'><strong>particulatim</strong></span> <span class='ocrx_word' id='word_1_640' title='bbox 1617 4430 1738 4485; x_wconf 59' lang='lat' dir='ltr'><strong>quae</strong></span> <span class='ocrx_word' id='word_1_641' title='bbox 1785 4416 1937 4487; x_wconf 90' lang='lat' dir='ltr'><strong>signa</strong></span> 
     </span>
    </p>
   </div>
   <div class='ocr_carea' id='block_1_92' title="bbox 2039 4415 3611 4503">
    <p class='ocr_par' dir='ltr' id='par_1_92' title="bbox 2043 4429 3611 4503">
     <span class='ocr_line' id='line_1_92' title="bbox 2043 4429 3611 4503; baseline -0.001 -20"><span class='ocrx_word' id='word_1_642' title='bbox 2043 4431 2233 4484; x_wconf 80' lang='grc' dir='ltr'>Μωσεῖ</span> <span class='ocrx_word' id='word_1_643' title='bbox 2263 4430 2354 4482; x_wconf 90' lang='grc' dir='ltr'><strong>τοῦ</strong></span> <span class='ocrx_word' id='word_1_644' title='bbox 2404 4429 2596 4484; x_wconf 79' lang='grc' dir='ltr'>Ἰακὼϐ</span> <span class='ocrx_word' id='word_1_645' title='bbox 2628 4431 2982 4503; x_wconf 85' lang='grc' dir='ltr'>προφητείαν,</span> <span class='ocrx_word' id='word_1_646' title='bbox 3015 4431 3200 4485; x_wconf 90' lang='grc' dir='ltr'>τοῦτον</span> <span class='ocrx_word' id='word_1_647' title='bbox 3245 4432 3472 4503; x_wconf 76' lang='grc' dir='ltr'>ἔχουσαν</span> <span class='ocrx_word' id='word_1_648' title='bbox 3521 4429 3611 4483; x_wconf 81' lang='grc' dir='ltr'>τὸν</span> 
     </span>
    </p>
   </div>
   <div class='ocr_carea' id='block_1_93' title="bbox 373 4516 1938 4587">
    <p class='ocr_par' dir='ltr' id='par_1_93' title="bbox 373 4516 1938 4587">
     <span class='ocr_line' id='line_1_93' title="bbox 373 4516 1938 4587; baseline 0.003 -18"><span class='ocrx_word' id='word_1_649' title='bbox 373 4517 700 4582; x_wconf 83' lang='lat' dir='ltr'><strong>exstiterint,</strong></span> <span class='ocrx_word' id='word_1_650' title='bbox 731 4517 1162 4580; x_wconf 89' lang='lat' dir='ltr'><strong>consideremus,</strong></span> <span class='ocrx_word' id='word_1_651' title='bbox 1188 4516 1637 4587; x_wconf 87' lang='lat' dir='ltr'><strong>evangelicasque</strong></span> <span class='ocrx_word' id='word_1_652' title='bbox 1666 4517 1719 4570; x_wconf 94' lang='lat' dir='ltr'><strong>in</strong></span> <span class='ocrx_word' id='word_1_653' title='bbox 1745 4517 1938 4586; x_wconf 91' lang='lat' dir='ltr'><strong>primis</strong></span> 
     </span>
    </p>
   </div>
   <div class='ocr_carea' id='block_1_94' title="bbox 2044 4521 2262 4592">
    <p class='ocr_par' dir='ltr' id='par_1_94' title="bbox 2044 4521 2262 4592">
     <span class='ocr_line' id='line_1_94' title="bbox 2044 4521 2262 4592; baseline 0.005 -20"><span class='ocrx_word' id='word_1_654' title='bbox 2044 4521 2262 4592; x_wconf 90' lang='grc' dir='ltr'>τρόπον.</span> 
     </span>
    </p>
   </div>
   <div class='ocr_carea' id='block_1_95' title="bbox 372 4603 3612 4686">
    <p class='ocr_par' dir='ltr' id='par_1_95' title="bbox 372 4603 3612 4686">
     <span class='ocr_line' id='line_1_95' title="bbox 372 4603 3612 4686; baseline 0 -22"><span class='ocrx_word' id='word_1_655' title='bbox 372 4609 439 4664; x_wconf 90' lang='lat' dir='ltr'><strong>de</strong></span> <span class='ocrx_word' id='word_1_656' title='bbox 486 4617 608 4664; x_wconf 87' lang='lat' dir='ltr'><strong>ortu</strong></span> <span class='ocrx_word' id='word_1_657' title='bbox 648 4611 766 4680; x_wconf 89' lang='lat' dir='ltr'><strong>ejus</strong></span> <span class='ocrx_word' id='word_1_658' title='bbox 801 4628 962 4667; x_wconf 74' lang='lat' dir='ltr'><strong>voces</strong></span> <span class='ocrx_word' id='word_1_659' title='bbox 1019 4603 1362 4666; x_wconf 86' lang='lat' dir='ltr'><strong>adnotemus.</strong></span> <span class='ocrx_word' id='word_1_660' title='bbox 1423 4608 1706 4666; x_wconf 82' lang='lat' dir='ltr'><strong>Matthaeus</strong></span> <span class='ocrx_word' id='word_1_661' title='bbox 1767 4611 1932 4682; x_wconf 87' lang='lat' dir='ltr'><strong>igitur</strong></span> <span class='ocrx_word' id='word_1_662' title='bbox 1969 4621 2184 4683; x_wconf 81' lang='lat' dir='ltr'><strong>tempus</strong></span> <span class='ocrx_word' id='word_1_663' title='bbox 2211 4630 2321 4683; x_wconf 90' lang='lat' dir='ltr'><strong>quo</strong></span> <span class='ocrx_word' id='word_1_664' title='bbox 2353 4615 2443 4670; x_wconf 91' lang='lat' dir='ltr'><strong>ille</strong></span> <span class='ocrx_word' id='word_1_665' title='bbox 2466 4615 2521 4670; x_wconf 92' lang='lat' dir='ltr'><strong>in</strong></span> <span class='ocrx_word' id='word_1_666' title='bbox 2575 4630 2804 4686; x_wconf 88' lang='lat' dir='ltr'><strong>corpore</strong></span> <span class='ocrx_word' id='word_1_667' title='bbox 2835 4614 3074 4671; x_wconf 88' lang='lat' dir='ltr'><strong>humano</strong></span> <span class='ocrx_word' id='word_1_668' title='bbox 3101 4614 3275 4670; x_wconf 85' lang='lat' dir='ltr'><strong>videri</strong></span> <span class='ocrx_word' id='word_1_669' title='bbox 3314 4613 3503 4684; x_wconf 70' lang='lat' dir='ltr'><strong>erepit,</strong></span> <span class='ocrx_word' id='word_1_670' title='bbox 3557 4613 3612 4666; x_wconf 90' lang='lat' dir='ltr'><strong>in</strong></span> 
     </span>
    </p>
   </div>
   <div class='ocr_carea' id='block_1_96' title="bbox 376 4702 3613 4776">
    <p class='ocr_par' dir='ltr' id='par_1_96' title="bbox 376 4702 3613 4776">
     <span class='ocr_line' id='line_1_96' title="bbox 376 4702 3613 4776; baseline 0 -20"><span class='ocrx_word' id='word_1_671' title='bbox 376 4703 520 4757; x_wconf 89' lang='lat' dir='ltr'><strong>hunc</strong></span> <span class='ocrx_word' id='word_1_672' title='bbox 553 4705 770 4759; x_wconf 90' lang='lat' dir='ltr'><strong>modum</strong></span> <span class='ocrx_word' id='word_1_673' title='bbox 792 4715 977 4761; x_wconf 90' lang='lat' dir='ltr'><strong>narrat</strong></span> <span class='ocrx_word' id='word_1_674' title='bbox 1004 4723 1049 4760; x_wconf 75' lang='grc' dir='ltr'>ει</span> <span class='ocrx_word' id='word_1_675' title='bbox 1079 4704 1216 4760; x_wconf 91' lang='lat' dir='ltr'><strong>Cum</strong></span> <span class='ocrx_word' id='word_1_676' title='bbox 1247 4711 1411 4770; x_wconf 85' lang='lat' dir='ltr'><strong>esset,</strong></span> <span class='ocrx_word' id='word_1_677' title='bbox 1432 4703 1628 4774; x_wconf 87' lang='lat' dir='ltr'><strong>inquit,</strong></span> <span class='ocrx_word' id='word_1_678' title='bbox 1649 4712 1810 4760; x_wconf 89' lang='lat' dir='ltr'><strong>natus</strong></span> <span class='ocrx_word' id='word_1_679' title='bbox 1845 4703 2006 4762; x_wconf 81' lang='lat' dir='ltr'><strong>Jesus</strong></span> <span class='ocrx_word' id='word_1_680' title='bbox 2035 4707 2088 4760; x_wconf 89' lang='lat' dir='ltr'><strong>in</strong></span> <span class='ocrx_word' id='word_1_681' title='bbox 2108 4706 2417 4763; x_wconf 87' lang='lat' dir='ltr'><strong>Bethlehem</strong></span> <span class='ocrx_word' id='word_1_682' title='bbox 2445 4707 2643 4764; x_wconf 67' lang='lat' dir='ltr'><strong>Judaaa:</strong></span> <span class='ocrx_word' id='word_1_683' title='bbox 2677 4708 2732 4762; x_wconf 90' lang='lat' dir='ltr'><strong>in</strong></span> <span class='ocrx_word' id='word_1_684' title='bbox 2753 4709 2944 4764; x_wconf 91' lang='lat' dir='ltr'><strong>diebus</strong></span> <span class='ocrx_word' id='word_1_685' title='bbox 2975 4706 3204 4763; x_wconf 85' lang='lat' dir='ltr'><strong>Herodis</strong></span> <span class='ocrx_word' id='word_1_686' title='bbox 3221 4707 3363 4776; x_wconf 84' lang='lat' dir='ltr'><strong>regis</strong></span> <span class='ocrx_word' id='word_1_687' title='bbox 3390 4705 3459 4757; x_wconf 79' lang='grc'><strong>⁸⁸,</strong></span> <span class='ocrx_word' id='word_1_688' title='bbox 3497 4724 3517 4756; x_wconf 72' lang='grc' dir='ltr'><strong>ι</strong></span> <span class='ocrx_word' id='word_1_689' title='bbox 3549 4702 3613 4756; x_wconf 80' lang='lat' dir='ltr'><strong>El-</strong></span> 
     </span>
    </p>
   </div>
   <div class='ocr_carea' id='block_1_97' title="bbox 374 4796 3611 4872">
    <p class='ocr_par' dir='ltr' id='par_1_97' title="bbox 374 4796 3611 4872">
     <span class='ocr_line' id='line_1_97' title="bbox 374 4796 3611 4872; baseline -0 -23"><span class='ocrx_word' id='word_1_690' title='bbox 374 4797 532 4864; x_wconf 88' lang='lat' dir='ltr'><strong>paulo</strong></span> <span class='ocrx_word' id='word_1_691' title='bbox 567 4805 729 4866; x_wconf 91' lang='lat' dir='ltr'><strong>post:</strong></span> <span class='ocrx_word' id='word_1_692' title='bbox 766 4819 784 4850; x_wconf 87' lang='grc'><strong>‹</strong></span> <span class='ocrx_word' id='word_1_693' title='bbox 810 4799 1072 4863; x_wconf 80' lang='lat' dir='ltr'><strong>Audiens,</strong></span> <span class='ocrx_word' id='word_1_694' title='bbox 1103 4800 1300 4869; x_wconf 90' lang='lat' dir='ltr'><strong>inquit,</strong></span> <span class='ocrx_word' id='word_1_695' title='bbox 1334 4798 1481 4869; x_wconf 91' lang='lat' dir='ltr'><strong>quod</strong></span> <span class='ocrx_word' id='word_1_696' title='bbox 1501 4798 1803 4853; x_wconf 86' lang='lat' dir='ltr'><strong>Archelaus</strong></span> <span class='ocrx_word' id='word_1_697' title='bbox 1835 4808 2093 4870; x_wconf 84' lang='lat' dir='ltr'><strong>regnaret</strong></span> <span class='ocrx_word' id='word_1_698' title='bbox 2127 4801 2182 4854; x_wconf 88' lang='lat' dir='ltr'><strong>in</strong></span> <span class='ocrx_word' id='word_1_699' title='bbox 2218 4798 2405 4855; x_wconf 68' lang='lat' dir='ltr'><strong>Judaaa</strong></span> <span class='ocrx_word' id='word_1_700' title='bbox 2463 4817 2558 4872; x_wconf 91' lang='lat' dir='ltr'><strong>pro</strong></span> <span class='ocrx_word' id='word_1_701' title='bbox 2612 4800 2826 4856; x_wconf 87' lang='lat' dir='ltr'><strong>Herode</strong></span> <span class='ocrx_word' id='word_1_702' title='bbox 2880 4809 3034 4870; x_wconf 89' lang='lat' dir='ltr'><strong>patre</strong></span> <span class='ocrx_word' id='word_1_703' title='bbox 3096 4815 3197 4855; x_wconf 88' lang='lat' dir='ltr'><strong>suo</strong></span> <span class='ocrx_word' id='word_1_704' title='bbox 3233 4800 3301 4854; x_wconf 79' lang='lat'><strong>&quot;.</strong></span> <span class='ocrx_word' id='word_1_705' title='bbox 3359 4817 3378 4850; x_wconf 81' lang='grc' dir='ltr'><strong>ι</strong></span> <span class='ocrx_word' id='word_1_706' title='bbox 3435 4796 3611 4850; x_wconf 84' lang='lat' dir='ltr'><strong>Lucas</strong></span> 
     </span>
    </p>
   </div>
   <div class='ocr_carea' id='block_1_98' title="bbox 374 4888 3608 4964">
    <p class='ocr_par' dir='ltr' id='par_1_98' title="bbox 374 4888 3608 4964">
     <span class='ocr_line' id='line_1_98' title="bbox 374 4888 3608 4964; baseline -0.001 -21"><span class='ocrx_word' id='word_1_707' title='bbox 374 4898 555 4945; x_wconf 84' lang='lat' dir='ltr'><strong>autem</strong></span> <span class='ocrx_word' id='word_1_708' title='bbox 576 4908 682 4960; x_wconf 88' lang='lat' dir='ltr'><strong>quo</strong></span> <span class='ocrx_word' id='word_1_709' title='bbox 712 4898 955 4962; x_wconf 89' lang='lat' dir='ltr'><strong>tempore</strong></span> <span class='ocrx_word' id='word_1_710' title='bbox 980 4893 1068 4948; x_wconf 90' lang='lat' dir='ltr'><strong>ille</strong></span> <span class='ocrx_word' id='word_1_711' title='bbox 1096 4899 1150 4949; x_wconf 90' lang='lat' dir='ltr'><strong>et</strong></span> <span class='ocrx_word' id='word_1_712' title='bbox 1195 4893 1392 4947; x_wconf 89' lang='lat' dir='ltr'><strong>docere</strong></span> <span class='ocrx_word' id='word_1_713' title='bbox 1443 4899 1500 4948; x_wconf 86' lang='lat' dir='ltr'><strong>et</strong></span> <span class='ocrx_word' id='word_1_714' title='bbox 1569 4893 1814 4962; x_wconf 88' lang='lat' dir='ltr'><strong>seipsum</strong></span> <span class='ocrx_word' id='word_1_715' title='bbox 1851 4893 2141 4948; x_wconf 87' lang='lat' dir='ltr'><strong>ostendere</strong></span> <span class='ocrx_word' id='word_1_716' title='bbox 2189 4893 2436 4964; x_wconf 56' lang='lat' dir='ltr'><strong>coeperit,</strong></span> <span class='ocrx_word' id='word_1_717' title='bbox 2467 4893 2825 4956; x_wconf 86' lang='lat' dir='ltr'><strong>demonstrat,</strong></span> <span class='ocrx_word' id='word_1_718' title='bbox 2882 4892 2974 4946; x_wconf 89' lang='lat' dir='ltr'><strong>ubi</strong></span> <span class='ocrx_word' id='word_1_719' title='bbox 2997 4891 3114 4945; x_wconf 87' lang='lat' dir='ltr'><strong>ait:</strong></span> <span class='ocrx_word' id='word_1_720' title='bbox 3150 4908 3169 4940; x_wconf 87' lang='grc'><strong><em>‹</em></strong></span> <span class='ocrx_word' id='word_1_721' title='bbox 3210 4889 3365 4943; x_wconf 87' lang='lat' dir='ltr'><strong>Anno</strong></span> <span class='ocrx_word' id='word_1_722' title='bbox 3408 4904 3478 4943; x_wconf 78' lang='lat' dir='ltr'><strong>xv</strong></span> <span class='ocrx_word' id='word_1_723' title='bbox 3512 4888 3608 4939; x_wconf 72' lang='lat' dir='ltr'><strong>imo</strong></span> 
     </span>
    </p>
   </div>
   <div class='ocr_carea' id='block_1_99' title="bbox 375 4981 3609 5054">
    <p class='ocr_par' dir='ltr' id='par_1_99' title="bbox 375 4981 3609 5054">
     <span class='ocr_line' id='line_1_99' title="bbox 375 4981 3609 5054; baseline 0 -20"><span class='ocrx_word' id='word_1_724' title='bbox 375 4983 511 5049; x_wconf 90' lang='lat' dir='ltr'><strong>perii</strong></span> <span class='ocrx_word' id='word_1_725' title='bbox 564 4981 768 5038; x_wconf 88' lang='lat' dir='ltr'><strong>Tiberii</strong></span> <span class='ocrx_word' id='word_1_726' title='bbox 820 4983 1074 5045; x_wconf 62' lang='lat' dir='ltr'><strong>Cmsaris,</strong></span> <span class='ocrx_word' id='word_1_727' title='bbox 1124 4994 1452 5054; x_wconf 85' lang='lat' dir='ltr'><strong>procurante</strong></span> <span class='ocrx_word' id='word_1_728' title='bbox 1493 4984 1688 5039; x_wconf 87' lang='lat' dir='ltr'><strong>Pontio</strong></span> <span class='ocrx_word' id='word_1_729' title='bbox 1726 4983 1898 5039; x_wconf 84' lang='lat' dir='ltr'><strong>Pilato</strong></span> <span class='ocrx_word' id='word_1_730' title='bbox 1946 4983 2210 5049; x_wconf 71' lang='lat' dir='ltr'><strong>Judaaam,</strong></span> <span class='ocrx_word' id='word_1_731' title='bbox 2257 4987 2534 5042; x_wconf 89' lang='lat' dir='ltr'><strong>tetrarcha</strong></span> <span class='ocrx_word' id='word_1_732' title='bbox 2565 4994 2742 5040; x_wconf 90' lang='lat' dir='ltr'><strong>autem</strong></span> <span class='ocrx_word' id='word_1_733' title='bbox 2785 4984 3017 5039; x_wconf 71' lang='lat' dir='ltr'><strong>Galilaeze</strong></span> <span class='ocrx_word' id='word_1_734' title='bbox 3075 4982 3306 5047; x_wconf 82' lang='lat' dir='ltr'><strong>Herode,</strong></span> <span class='ocrx_word' id='word_1_735' title='bbox 3364 4981 3609 5050; x_wconf 84' lang='lat' dir='ltr'><strong>Philippo</strong></span> 
     </span>
    </p>
   </div>
   <div class='ocr_carea' id='block_1_100' title="bbox 376 5076 3591 5154">
    <p class='ocr_par' dir='ltr' id='par_1_100' title="bbox 376 5076 3591 5154">
     <span class='ocr_line' id='line_1_100' title="bbox 376 5076 3591 5154; baseline 0.001 -24"><span class='ocrx_word' id='word_1_736' title='bbox 376 5089 551 5132; x_wconf 86' lang='lat' dir='ltr'><strong>autem</strong></span> <span class='ocrx_word' id='word_1_737' title='bbox 592 5076 758 5135; x_wconf 81' lang='lat' dir='ltr'><strong>fratre</strong></span> <span class='ocrx_word' id='word_1_738' title='bbox 780 5081 899 5149; x_wconf 84' lang='lat' dir='ltr'><strong>ejus</strong></span> <span class='ocrx_word' id='word_1_739' title='bbox 948 5080 1221 5135; x_wconf 88' lang='lat' dir='ltr'><strong>tetrarcha</strong></span> <span class='ocrx_word' id='word_1_740' title='bbox 1249 5080 1428 5134; x_wconf 75' lang='lat' dir='ltr'><strong>lturia:</strong></span> <span class='ocrx_word' id='word_1_741' title='bbox 1447 5087 1501 5135; x_wconf 89' lang='lat' dir='ltr'><strong>et</strong></span> <span class='ocrx_word' id='word_1_742' title='bbox 1519 5078 1922 5135; x_wconf 90' lang='lat' dir='ltr'><strong>Trachonitidis</strong></span> <span class='ocrx_word' id='word_1_743' title='bbox 1961 5082 2221 5150; x_wconf 89' lang='lat' dir='ltr'><strong>regionis,</strong></span> <span class='ocrx_word' id='word_1_744' title='bbox 2281 5091 2335 5136; x_wconf 89' lang='lat' dir='ltr'><strong>et</strong></span> <span class='ocrx_word' id='word_1_745' title='bbox 2360 5082 2594 5154; x_wconf 88' lang='lat' dir='ltr'><strong>Lysania</strong></span> <span class='ocrx_word' id='word_1_746' title='bbox 2625 5083 2863 5139; x_wconf 82' lang='lat' dir='ltr'><strong>Abilenae</strong></span> <span class='ocrx_word' id='word_1_747' title='bbox 2903 5083 3198 5150; x_wconf 86' lang='lat' dir='ltr'><strong>tetrarcha,</strong></span> <span class='ocrx_word' id='word_1_748' title='bbox 3231 5082 3334 5138; x_wconf 87' lang='lat' dir='ltr'><strong>sub</strong></span> <span class='ocrx_word' id='word_1_749' title='bbox 3363 5079 3591 5152; x_wconf 78' lang='lat' dir='ltr'><strong>principi</strong></span> 
     </span>
    </p>
   </div>
   <div class='ocr_carea' id='block_1_101' title="bbox 374 5170 3607 5250">
    <p class='ocr_par' dir='ltr' id='par_1_101' title="bbox 374 5170 3607 5250">
     <span class='ocr_line' id='line_1_101' title="bbox 374 5170 3607 5250; baseline 0.002 -26"><span class='ocrx_word' id='word_1_750' title='bbox 374 5170 476 5226; x_wconf 84' lang='lat' dir='ltr'><strong>bus</strong></span> <span class='ocrx_word' id='word_1_751' title='bbox 504 5171 850 5228; x_wconf 87' lang='lat' dir='ltr'><strong>sacerdotum</strong></span> <span class='ocrx_word' id='word_1_752' title='bbox 885 5173 1040 5227; x_wconf 81' lang='lat' dir='ltr'><strong>Anna</strong></span> <span class='ocrx_word' id='word_1_753' title='bbox 1079 5182 1134 5228; x_wconf 89' lang='lat' dir='ltr'><strong>et</strong></span> <span class='ocrx_word' id='word_1_754' title='bbox 1163 5173 1370 5244; x_wconf 87' lang='lat' dir='ltr'><strong>Caipha</strong></span> <span class='ocrx_word' id='word_1_755' title='bbox 1404 5175 1468 5229; x_wconf 76' lang='grc'><strong>⁸⁷.</strong></span> <span class='ocrx_word' id='word_1_756' title='bbox 1515 5193 1535 5226; x_wconf 86' lang='grc'><strong>›</strong></span> <span class='ocrx_word' id='word_1_757' title='bbox 1578 5173 1674 5229; x_wconf 89' lang='lat' dir='ltr'><strong>llis</strong></span> <span class='ocrx_word' id='word_1_758' title='bbox 1705 5173 1870 5244; x_wconf 87' lang='lat' dir='ltr'><strong>igitur</strong></span> <span class='ocrx_word' id='word_1_759' title='bbox 1894 5173 1941 5228; x_wconf 86' lang='lat' dir='ltr'><strong>si</strong></span> <span class='ocrx_word' id='word_1_760' title='bbox 1978 5173 2150 5231; x_wconf 86' lang='lat' dir='ltr'><strong>Jacob</strong></span> <span class='ocrx_word' id='word_1_761' title='bbox 2176 5178 2515 5247; x_wconf 88' lang='lat' dir='ltr'><strong>prophetiam</strong></span> <span class='ocrx_word' id='word_1_762' title='bbox 2543 5194 2663 5248; x_wconf 63' lang='lat' dir='ltr'><strong>quae</strong></span> <span class='ocrx_word' id='word_1_763' title='bbox 2688 5186 2771 5234; x_wconf 87' lang='lat' dir='ltr'><strong>est</strong></span> <span class='ocrx_word' id='word_1_764' title='bbox 2825 5179 2966 5250; x_wconf 91' lang='lat' dir='ltr'><strong>apud</strong></span> <span class='ocrx_word' id='word_1_765' title='bbox 3025 5177 3228 5234; x_wconf 83' lang='lat' dir='ltr'><strong>Mosem</strong></span> <span class='ocrx_word' id='word_1_766' title='bbox 3252 5188 3607 5249; x_wconf 85' lang='lat' dir='ltr'><strong>apponamus,</strong></span> 
     </span>
    </p>
   </div>
   <div class='ocr_carea' id='block_1_102' title="bbox 373 5261 2156 5333">
    <p class='ocr_par' dir='ltr' id='par_1_102' title="bbox 373 5261 2156 5333">
     <span class='ocr_line' id='line_1_102' title="bbox 373 5261 2156 5333; baseline 0.002 -18"><span class='ocrx_word' id='word_1_767' title='bbox 373 5276 552 5331; x_wconf 80' lang='lat' dir='ltr'><strong>opera:</strong></span> <span class='ocrx_word' id='word_1_768' title='bbox 584 5263 813 5332; x_wconf 88' lang='lat' dir='ltr'><strong>pretium</strong></span> <span class='ocrx_word' id='word_1_769' title='bbox 843 5263 1158 5327; x_wconf 82' lang='lat' dir='ltr'><strong>fecerimus,</strong></span> <span class='ocrx_word' id='word_1_770' title='bbox 1213 5278 1334 5333; x_wconf 73' lang='lat' dir='ltr'><strong>qua:</strong></span> <span class='ocrx_word' id='word_1_771' title='bbox 1367 5261 1420 5316; x_wconf 91' lang='lat' dir='ltr'><strong>in</strong></span> <span class='ocrx_word' id='word_1_772' title='bbox 1453 5261 1598 5316; x_wconf 90' lang='lat' dir='ltr'><strong>hunc</strong></span> <span class='ocrx_word' id='word_1_773' title='bbox 1630 5262 1850 5317; x_wconf 92' lang='lat' dir='ltr'><strong>modum</strong></span> <span class='ocrx_word' id='word_1_774' title='bbox 1883 5277 1941 5318; x_wconf 89' lang='lat' dir='ltr'><strong>se</strong></span> <span class='ocrx_word' id='word_1_775' title='bbox 1973 5263 2156 5320; x_wconf 90' lang='lat' dir='ltr'><strong>habet.</strong></span> 
     </span>
    </p>
   </div>
   <div class='ocr_carea' id='block_1_103' title="bbox 447 5464 1859 5531">
    <p class='ocr_par' dir='ltr' id='par_1_103' title="bbox 447 5464 1859 5531">
     <span class='ocr_line' id='line_1_103' title="bbox 447 5464 1859 5531; baseline -0.002 -10"><span class='ocrx_word' id='word_1_776' title='bbox 447 5467 490 5498; x_wconf 81' lang='lat'><strong><em>“</em></strong></span> <span class='ocrx_word' id='word_1_777' title='bbox 537 5464 722 5522; x_wconf 80' lang='lat' dir='ltr'><strong>Matth.</strong></span> <span class='ocrx_word' id='word_1_778' title='bbox 765 5483 836 5531; x_wconf 88' lang='grc' dir='ltr'><strong>ιι,</strong></span> <span class='ocrx_word' id='word_1_779' title='bbox 873 5467 923 5521; x_wconf 76' lang='grc' dir='ltr'>ί.</span> <span class='ocrx_word' id='word_1_780' title='bbox 1002 5469 1047 5497; x_wconf 73' lang='grc'><strong>’⁵</strong></span> <span class='ocrx_word' id='word_1_781' title='bbox 1089 5465 1221 5520; x_wconf 87' lang='lat' dir='ltr'><strong>ibid.</strong></span> <span class='ocrx_word' id='word_1_782' title='bbox 1260 5464 1350 5519; x_wconf 72' lang='lat'><strong>26.</strong></span> <span class='ocrx_word' id='word_1_783' title='bbox 1429 5465 1469 5495; x_wconf 77' lang='grc'><strong>’⁷</strong></span> <span class='ocrx_word' id='word_1_784' title='bbox 1513 5479 1645 5519; x_wconf 67' lang='lat' dir='ltr'><strong>huc.</strong></span> <span class='ocrx_word' id='word_1_785' title='bbox 1678 5479 1772 5530; x_wconf 87' lang='grc' dir='ltr'>ιιι,</span> <span class='ocrx_word' id='word_1_786' title='bbox 1809 5465 1859 5518; x_wconf 83' lang='lat' dir='ltr'><strong>l.</strong></span> 
     </span>
    </p>
   </div>
  </div>
