3908 6266
273 310 370 368 575

328 497 664 614 ἓξὲξΐὲἓὲ

329 576 580 687 χὸυοιιους
597 580 627 614 τ

329 649 354 687 τ
414 647 624 687 τηνίκα

328 649 354 689 τ

684 564 818 630 παρ’
851 562 1141 631 Ἑϐραίοις
1164 563 1459 631 ἐπιλείψει
1476 562 1817 631 βασίλειον,

324 773 689 844 ἐπιφανείας.

326 926 346 958 ι
392 905 643 960 Ἐκάλεσε
692 904 748 958 δὲ
789 902 983 959 Ἰακὼὸ
1013 904 1140 969 τοὺς
1168 904 1320 969 υἱοὺς
1338 904 1503 958 αὐτοῦ
1537 906 1632 960 καὶ
1662 901 1813 959 εἶπεδ

263 999 549 1069 Συνάχθητε
582 997 667 1051 ‘t'va
699 996 1007 1067 ἐπαγγείλω
1039 1000 1168 1070 ὑμῖν
1208 998 1264 1052 τί
1296 998 1665 1070 ἀπαντήσεται
1688 999 1816 1070 ὑμῖν

263 1088 340 1142 ἐπ’
367 1086 591 1157 ἐσχάτου
618 1085 730 1141 τῶν
759 1089 791 1158 ή
801 1086 981 1159 μερῶν
999 1103 1013 1118 ο
1047 1086 1389 1159 ἀθροίσθητε,
1409 1088 1502 1141 καὶ
1524 1088 1814 1153 ἀκούσατε,

265 1180 363 1233 υἱοὶ
402 1178 617 1243 Ἰακὼϐ,
648 1177 936 1245 ἀκούσατε,
965 1178 1199 1251 Ἰσραὴλ,
1222 1178 1315 1232 τοῦ
1351 1179 1554 1251 πατρὸς
1586 1179 1757 1252 ὑμῶν.
1789 1199 1808 1232 ι

262 1267 379 1325 Εἶτα
432 1269 638 1334 τούτοις
687 1269 814 1341 ἑξῆς
869 1268 1316 1343 ἐπιμεμψάμενὸς
1371 1272 1492 1325 τινά
1537 1288 1647 1325 τισι
1702 1273 1814 1336 τοῖς

261 1361 527 1433 προτέροις
576 1362 730 1425 υἱοῖς,
763 1361 839 1424 ὡς
870 1360 959 1416 διά
997 1378 1119 1415 τινα
1156 1361 1334 1415 αὐτῶν
1368 1362 1814 1434 πλημμελήματα

257 1452 547 1523 γενομένοις
567 1450 805 1518 ἀναξίοις
823 1453 922 1523 τῆς
948 1450 1244 1525 μελλούσης
1272 1452 1617 1522 ἐπιλέγεσθαι
1643 1455 1814 1526 προρ-

261 1545 469 1615 ρήσεως,
507 1542 586 1614 τῷ
618 1543 863 1615 τετάρτῳ
889 1543 964 1607 ὡς
994 1542 1086 1597 τὸν
1113 1543 1225 1614 βίον
1258 1543 1541 1615 κρείττονα
1570 1543 1679 1599 τῶν
1703 1543 1812 1598 λοι-

259 1635 363 1689 πῶν
396 1635 639 1705 ἀδελφῶν
684 1635 1104 1707 ἐπιδεδειγμένῳ
1137 1636 1262 1691 τάδε
1296 1635 1541 1701 θεσπίζει
1562 1652 1581 1669 ο
1616 1655 1635 1689 ι
1676 1635 1811 1690 Ἰού-

257 1727 330 1791 δα,
362 1728 419 1781 σὲ
452 1728 759 1783 αίνέσουσιν
784 1730 833 1783 οε
867 1729 1080 1799 ἀδελφοί
1113 1745 1236 1783 σου⁹
1271 1730 1329 1782 αἱ
1357 1729 1535 1801 χεῖρές
1580 1746 1674 1782 σου
1717 1729 1810 1782 ἐπὶ

414 628 736 715 τηῖιααῇτα
758 628 796 702 ἧ
818 633 935 687 τῶν
1159 628 1543 715 ὲπισξῆ-ονεται
1567 628 1820 715 repanda?

327 703 453 779 κίαο
485 702 517 756 6
544 702 641 779 καὶ
671 702 919 773 γέγονεν
947 703 1047 757 ἐπὶ
1077 702 1186 772 τῆς
1216 703 1323 758 τοῦ
1353 702 1626 773 Σωτῆρος
1652 705 1820 779 ἡμῶν

1098 305 1752 364 DEMONSTRATIONIS
1790 306 2244 366 EVANGELICE
2284 305 2420 363 LIB.
2460 305 2595 362 Vill.

278 423 401 482 Ἀπὸ
430 421 540 491 τῆς
580 420 1154 498 Fumus-+1189!
1174 423 1305 498 ,τῶνε
1330 427 1563 498 χρόνων
1604 424 1711 498 τῆς
1738 429 1825 493 εις
1853 433 1895 490 Α
1926 427 1977 498 3

726 493 1075 564 ἐπιφανείας
1119 493 1324 564 αὐτοῦ.
1385 496 1479 560 Ὠς
1537 497 1663 550 καθ’
1714 498 1820 564 οὒς

3379 259 3484 365 svi

2119 430 2160 482 Α
2199 426 2404 483 Genesi.
2430 457 2501 467 —
2529 424 2732 493 Quibus
2773 422 3087 495 temporibus
3127 424 3369 481 Christus
3413 430 3486 481 ad

2014 495 2229 553 io'mines
2276 499 2557 552 advenerit.
2592 496 3041 565 Quemadmodum
3069 495 3253 565 quibus
3288 506 3476 565 tempo-

1993 569 2138 623 ribus
2169 586 2383 639 regnum
2412 566 2550 634 apud
2587 565 2834 620 Hebr-mos
2850 563 3112 689 defecerit.
3141 563 3327 619 iisdem
3361 563 3479 636 gen-

1995 640 2126 689 tium
2151 639 2368 689 instabit
2398 637 2716 689 exspectatio
2744 652 2760 689 :
2788 651 2889 689 auo
2947 652 3071 689 sane
3090 637 3248 689 etiam
3284 638 3479 689 factum

1995 640 2126 691 tium
2151 637 2368 693 instabit
2398 637 2716 706 exspectatio
2744 652 2760 689 :
2788 637 2925 704 quod
2947 652 3071 689 sane
3090 637 3248 689 etiam
3283 638 3480 706 factum

1988 718 2067 762 est
2106 712 2200 763 sub
2226 709 2399 777 ipsum
2423 705 2717 762 Saluatoris
2748 706 2917 761 nostri
2953 708 3249 761 adventum.

1992 928 2011 960 ι
2042 906 2270 965 V’ocavit
2301 914 2481 964 autem
2510 905 2681 964 Jacob
2709 907 2850 964 ﬁlios
2879 923 3011 964 suos
3039 916 3092 964 et
3119 906 3255 963 dixit
3287 926 3301 963 :
3334 906 3479 963 Con.

1916 999 2212 1070 gregamini
2250 1006 2310 1053 ut
2334 998 2652 1054 annuntiem
2700 998 2857 1053 vobis
2891 999 3022 1069 quid
3056 1006 3375 1055 eventurum
3407 997 3482 1052 sit

1914 1090 2071 1147 vobis
2104 1090 2160 1144 in
2189 1090 2381 1146 diebus
2425 1089 2745 1146 novissimis
2771 1107 2784 1144 :
2818 1091 3220 1161 congregamini
3252 1096 3307 1144 et
3329 1088 3485 1143 audi-

1912 1190 1990 1247 te,
2017 1181 2113 1236 ﬁlii
2144 1180 2332 1243 Iacob.
2362 1182 2568 1248 audite,
2602 1181 2788 1250 Israel,
2819 1190 3030 1253 patrem
3060 1191 3303 1238 vestrum
3352 1183 3417 1238 “.
3451 1200 3473 1234 ι

1914 1271 2118 1328 Deinde
2165 1273 2256 1328 ubi
2286 1274 2559 1344 prioribus
2590 1272 2716 1330 ﬁliis
2763 1274 2869 1328 alia
2898 1273 3021 1329 aliis
3053 1273 3283 1328 crimina
3326 1273 3480 1342 obje-

1912 1362 2018 1426 cit,
2072 1368 2330 1433 tanquam
2360 1363 2429 1420 iis
2452 1364 2544 1435 qui
2571 1365 2642 1419 ob
2674 1378 2830 1420 suam
2860 1364 3105 1434 ipsorum
3144 1364 3379 1434 culpam,
3412 1378 3480 1418 eo

1912 1453 2058 1524 quod
2085 1469 2233 1509 nunc
2287 1455 2577 1511 dicendum
2611 1463 2731 1521 est,
2767 1456 2991 1511 oraculo
3033 1455 3243 1527 indigni
3270 1455 3482 1510 evasis-

1912 1556 2052 1609 sent,
2088 1553 2287 1616 quarto
2311 1562 2499 1603 eorum
2532 1557 2790 1618 tanquam
2820 1548 2870 1603 ei
2899 1547 2991 1618 qui
3019 1546 3260 1617 reliquos
3284 1546 3480 1601 fratres

1909 1638 2180 1709 probitate
2194 1639 2318 1693 vitae
2341 1638 2593 1702 anteiret,
2617 1638 2734 1692 haec
2766 1637 2947 1692 futura
2994 1636 3242 1706 praedicit
3272 1655 3286 1690 :
3333 1654 3352 1688 ι
3389 1634 3485 1690 Ju-

1910 1730 1999 1794 da,
2025 1738 2079 1786 te
2104 1730 2400 1785 laudabunt
2416 1729 2609 1785 fratres
2630 1729 2709 1784 tui
2741 1747 2754 1783 :
2777 1743 2972 1784 manus
2992 1735 3101 1782 tua:
3129 1727 3185 1782 in
3212 1735 3365 1798 tergo
3394 1728 3484 1782 in-

257 1816 408 1869 νὼτου
430 1816 534 1870 τῶν
569 1817 781 1890 ἐχθρῶν
813 1836 906 1873 σου
926 1836 940 1850 ο
966 1819 1398 1892 προσκυνήσουσί
1417 1836 1474 1873 σε
1501 1819 1551 1872 oi
1582 1820 1690 1873 υἱοὶ
1712 1818 1805 1873 τοῦ

1912 1821 2195 1877 imicorum
2243 1829 2507 1875 tuorum:
2577 1820 2882 1875 adorabunt
2916 1827 2972 1875 te
3018 1818 3113 1873 ﬁlii
3169 1819 3341 1889 patris
3373 1819 3475 1875 tui.

257 1908 442 1981 πατρός
476 1925 590 1962 σου.
621 1909 868 1980 Σκύμνος
898 1910 1129 1974 λέοντος,
1158 1910 1345 1975 Ἰούδα,
1360 1911 1423 1964 ἐκ
1454 1909 1703 1982 βλαστοῦ,
1722 1911 1805 1965 υἱέ

260 2015 368 2069 μου,
398 2000 627 2071 ἀνέδης’
663 2000 949 2055 ἀναπεσὼν
982 2002 1279 2074 ἐκοιμήθης
1306 2003 1382 2067 ὡς
1424 2004 1559 2059 λέων
1606 2005 1701 2059 καὶ
1732 2005 1809 2070 ὡς

258 2086 488 2160 σκύμνος.
520 2088 618 2154 Τίς
668 2091 850 2162 ἐγερεῖ
891 2090 1084 2158 adadv;
1116 2093 1216 2144 οὐκ
1262 2092 1499 2163 ἐκλείψει
1535 2093 1718 2166 ἄρχων
1747 2096 1807 2163 ἐξ

266 2176 437 2242 Ἰούδα,
466 2177 585 2233 οἶδὲ
623 2178 925 2250 ἡγούμενος
944 2180 1008 2233 ἐκ
1039 2179 1146 2233 τῶν
1174 2180 1362 2252 μηρῶν
1387 2182 1573 2247 αὐτοῦ,
1603 2183 1706 2247 ἕως
1742 2183 1808 2237 ἂν

255 2269 365 2341 ἔλθῃ
408 2268 475 2323 τά
523 2270 863 2341 ἀποκείμενα
927 2270 1107 2341 αὐτῷ’
1151 2271 1246 2324 καὶ
1302 2271 1465 2336 αὐτὸς
1512 2272 1808 2345 προσδοκία

254 2360 419 2417 ἐθνῶν.
458 2380 476 2413 ι
514 2362 717 2415 Σκόπει
750 2361 814 2433 δὴ
844 2361 1059 2434 πρῶτον
1086 2362 1208 2416 τίνα
1238 2361 1346 2434 ἄρα
1372 2364 1534 2433 φησὶν
1566 2359 1706 2418 εἶναι
1741 2365 1809 2421 τά

253 2453 563 2524 ἀποκείμενα
614 2453 797 2525 αὐτῷ’
832 2457 929 2509 καὶ
967 2456 1070 2527 ὅρα
1101 2457 1149 2509 cl
1186 2454 1260 2527 μὴ
1293 2456 1432 2509 αὐτὰ
1475 2451 1567 2528 ἦν,
1616 2455 1654 2510 ἀ
1695 2459 1808 2520 τοῖς

254 2546 379 2615 αμφὶ
422 2545 511 2599 τὸν
545 2546 803 2618 ’Δὸραάμ
845 2547 1184 2617 προπάτορσι
1209 2549 1337 2618 περὶ
1367 2548 1465 2618 τῆς
1494 2548 1605 2601 τῶν
1638 2548 1808 2603 ἐθνῶν

252 2637 472 2709 κλήσεως
495 2640 524 2691 6
549 2637 688 2702 Θεθς
712 2638 989 2712 ἀνείρηκε,
1017 2638 1302 2705 θεσπίσας.
1325 2639 1640 2713 Γέγραπται
1656 2644 1803 2715 γοῦν,

251 2728 317 2791 ὡς
340 2729 439 2800 ἄρα
470 2729 626 2783 εἶπεν
656 2732 685 2784 6
708 2730 840 2794 Θεὸς
863 2730 942 2802 τῷ
971 2730 1252 2803 Ἀδραάμσ
1294 2750 1314 2784 ι
1360 2733 1470 2787 Καὶ
1502 2732 1603 2805 ἔσῃ
1658 2734 1805 2787 εὐλο-

250 2819 417 2892 γητὸς,
448 2823 541 2875 καὶ
564 2820 847 2893 εὐλογήσω
874 2821 1000 2885 τοὺς
1047 2821 1399 2890 εύλογοῦντάς
1431 2838 1512 2887 σε,
1563 2819 1659 2874 καὶ
1682 2818 1806 2884 τοὺς

255 2914 657 2984 καταρωμένους
703 2930 764 2966 σε
795 2912 1175 2985 καταράσομαι
1194 2931 1207 2944 ο
1244 2914 1338 2968 καὶ
1369 2913 1807 2984 ὲνευλογήσονται

250 3004 300 3058 ἐν
363 3006 441 3059 σοὶ
511 3008 687 3061 πᾶσαι
738 3006 796 3059 αἱ
853 3006 1018 3076 φυλαὶ
1058 3007 1159 3078 τῆς
1236 3006 1360 3076 γῆς.
1415 3024 1435 3058 ι
1474 3005 1584 3059 Καὶ
1650 2999 1807 3068 αὖθις

255 3114 273 3146 ι
318 3096 551 3170 Ἀϐραὰμ
600 3099 683 3162 δὲ,
732 3117 752 3151 ι
807 3100 961 3169 φησι,
994 3116 1014 3150 ‹
1050 3099 1331 3170 γινόμενος
1357 3097 1509 3154 ἔσται
1543 3099 1623 3161 εἰς
1655 3095 1806 3160 ἔθνος

254 3187 376 3257 μέγα
419 3190 510 3244 καὶ
549 3190 709 3259 πολὺ,
744 3192 839 3244 καὶ
877 3189 1317 3262 ἐνευλογήσονται
1349 3192 1407 3244 ἐν
1440 3188 1588 3260 αὑτῷ
1627 3189 1805 3244 πάντα

248 3281 307 3334 τὰ
334 3281 449 3354 ἔθνη
476 3284 574 3354 τῆς
604 3284 729 3355 γῆς.
757 3303 775 3335 ι
803 3283 883 3336 Ta
913 3283 1076 3353 ὅμοια
1100 3282 1159 3335 δὲ
1183 3281 1277 3336 καὶ
1305 3280 1383 3353 τῷ
1414 3281 1599 3335 Ἰσαὰκ
1622 3283 1650 3334 6
1670 3297 1805 3352 χρη-

250 3374 370 3443 σμὸς
411 3375 591 3429 τοῦτον
650 3376 887 3446 ἐκφωνεῖ
927 3376 1020 3429 τὸν
1069 3374 1296 3445 τρόπον’
1340 3392 1360 3427 ι
1401 3373 1510 3427 Καὶ
1554 3371 1805 3443 πληθυνῶ

250 3465 302 3517 τὸ
354 3467 565 3538 σπέρμα
629 3484 723 3521 σου
774 3467 850 3531 ὡς
901 3469 1028 3532 τοὺς
1097 3467 1337 3538 ἀστέρας
1386 3462 1481 3517 τοῦ
1551 3461 1801 3536 οὐρανοῦ,

249 3557 330 3610 καὶ
371 3557 804 3631 ἐνευλογήσονται
849 3560 907 3612 ἐν
947 3558 1026 3630 τῷ
1069 3557 1342 3629 σπέρματί
1392 3572 1486 3609 σου
1519 3556 1695 3609 πάντα
1735 3557 1806 3611 τὰ

248 3644 358 3718 ἔθνη
378 3648 471 3720 τῆς
504 3649 632 3721 γῆς.
677 3667 697 3702 ι
744 3650 865 3703 Ἔτι
907 3649 964 3703 δὲ
986 3650 1080 3703 καὶ
1119 3648 1198 3719 τῷ
1239 3647 1431 3702 Ἰακὼϐ
1477 3646 1704 3701 τοιαῦτα
1738 3647 1802 3720 δὴ

250 3735 465 3809 εἴρηται·
500 3758 520 3791 ι
561 3739 709 3810 Ἐγὼ
734 3740 936 3813 Κύριος
957 3743 987 3795 6
1028 3740 1161 3803 Θεὸς
1193 3738 1443 3810 Ἀϐραὰμ
1477 3738 1571 3792 τοῦ
1599 3739 1805 3811 πατρός

255 3842 352 3890 σου,
375 3830 463 3882 καὶ
491 3832 519 3884 6
540 3830 676 3894 Θεὸς
716 3830 916 3884 Ἰσαάκ·
957 3830 1031 3902 μὴ
1066 3827 1255 3899 φοϐοῦ,
1294 3847 1313 3881 ι
1343 3829 1438 3882 καὶ
1477 3828 1622 3900 ἐξῆςο
1649 3845 1670 3880 ι
1709 3830 1804 3882 καὶ

252 3919 742 3994 ἐνευλογηθήσονται
778 3924 838 3976 ἐν
877 3924 961 3977 σοὶ
1001 3924 1171 3976 πᾶσαι
1196 3923 1251 3975 αἱ
1290 3920 1456 3991 φυλαὶ
1481 3920 1583 3990 τῆς
1611 3921 1734 3991 γῆς.
1777 3939 1797 3973 I

253 4009 345 4063 Kal.
380 4011 560 4066 ἄλλοτε
600 4009 756 4066 εἶπεν
780 4012 927 4084 αὑτῷ
961 4016 991 4066 6
1028 4012 1189 4076 Θεός*
1228 4032 1250 4065 ι
1295 4009 1435 4080 Ἐγὼ
1472 4013 1501 4064 6
1525 4011 1657 4075 Θεὸς
1684 4027 1799 4075 σου,

251 4101 455 4168 αὑξάνου
498 4104 594 4159 καὶ
628 4103 919 4174 πληθύνουι
965 4103 1091 4176 ἔθνη
1138 4104 1234 4157 καὶ
1278 4103 1589 4172 συναγωγαὶ
1632 4101 1802 4156 ὲθνῶν

251 4192 592 4256 ἐξελεύσονται
627 4198 694 4250 ἐκ
721 4196 836 4261 σοῦ,
874 4197 968 4250 καὶ
1005 4196 1241 4268 βασιλεῖς
1274 4196 1340 4249 ἐκ
1361 4195 1462 4266 τῆς
1485 4194 1683 4266 ὀσφύος
1707 4211 1799 4248 σου

252 4284 611 4348 ἐξελεύσονται.
654 4311 673 4343 I
697 4289 974 4353 Τοσαύτας
1023 4290 1150 4361 περὶ
1188 4289 1287 4361 τῆς
1314 4288 1423 4343 τῶν
1461 4288 1629 4343 ἐθνῶν
1671 4288 1802 4359 κλή-

255 4390 373 4441 πως
398 4384 727 4455 προρρήσεις
752 4381 845 4436 τοῦ
871 4381 1005 4435 Θεοῦ
1035 4379 1477 4452 προμεμαθηκὼς
1503 4383 1533 4434 6
1575 4379 1794 4444 Ἰακὼϐ,

1831 3140 1876 3200 C

1906 1915 2132 1971 Catulus
2151 1914 2326 1969 leonis
2348 1912 2508 1975 Iuda,
2533 1913 2601 1969 de
2632 1912 2897 1983 germine,
2926 1910 3000 1965 ﬁli
3024 1911 3121 1975 mi,
3141 1911 3476 1978 ascendisti;

1904 2010 2230 2066 recumbens
2277 2005 2580 2063 dormivisti
2632 2011 2692 2059 ut
2742 2005 2827 2058 leo
2865 2011 2919 2058 et
2963 2012 3023 2058 ut
3053 2004 3287 2060 catulus.
3339 2002 3477 2070 Quis

1905 2100 2163 2156 excitabit
2195 2101 2376 2171 ipsum
2402 2098 2426 2151 ?
2456 2095 2571 2151 Non
2594 2095 2809 2151 deﬁciet
2832 2095 3087 2166 princeps
3108 2095 3175 2151 de
3190 2092 3350 2161 Iuda,
3374 2109 3477 2150 ne-

1904 2207 2011 2263 que
2026 2193 2135 2246 dux
2165 2188 2232 2246 de
2258 2189 2555 2246 femoribus
2599 2190 2741 2261 ejus,
2771 2189 2944 2244 donec
2970 2187 3191 2242 veniant
3218 2201 3338 2257 qua:
3368 2186 3476 2256 ipsi

1905 2283 2144 2353 reposita
2196 2290 2371 2337 sunt:
2424 2288 2478 2337 et
2526 2282 2644 2353 ipse
2689 2280 3025 2351 exspectatio
3072 2278 3312 2347 gentium
3341 2277 3411 2333 ”.
3449 2294 3473 2331 ο

1905 2372 2204 2429 Considera
2226 2411 2240 2438 ,
2277 2386 2481 2442 quaeso,
2514 2372 2750 2442 primum
2780 2385 3029 2442 quaenam
3065 2384 3130 2424 ea
3161 2382 3282 2423 esse
3330 2367 3477 2421 dicat

1906 2476 2024 2531 quae
2040 2460 2145 2531 ipsi
2163 2461 2405 2530 reposita
2427 2469 2590 2528 sunt;
2625 2467 2679 2515 et
2695 2460 2817 2515 vide
2831 2474 2963 2515 num
3007 2472 3071 2513 ea
3102 2457 3212 2513 sint
3259 2470 3381 2527 qua:
3405 2454 3476 2511 ad

1904 2553 2177 2607 Abraham
2202 2559 2258 2606 et
2284 2550 2349 2606 ad
2378 2559 2589 2607 veteres
2649 2551 2824 2607 eidem
2881 2549 3089 2606 similes
3149 2555 3355 2618 patres.
3406 2545 3478 2602 de

1904 2645 2189 2701 vocatione
2229 2643 2468 2714 gentium
2519 2643 2662 2699 Deus
2692 2642 2819 2699 olim
2852 2656 3058 2697 canens
3110 2638 3473 2710 responderit.

1907 2734 2182 2806 Scriptum
2222 2734 2391 2804 igitur
2421 2739 2528 2801 est,
2581 2731 3038 2806 quemadmodum
3092 2729 3161 2785 ad
3202 2729 3477 2784 Abraham

1907 2825 2047 2881 Deus
2072 2825 2309 2881 dixerit:
2359 2845 2378 2877 ι
2416 2824 2483 2879 Et
2522 2825 2633 2880 eris
2666 2823 3008 2888 benedictus,
3049 2829 3104 2878 et
3156 2820 3477 2877 benedicam

1903 2917 2353 2974 benedicentibus
2383 2917 2563 2977 tibi,et
2599 2915 3052 2971 maledicentihus
3100 2913 3197 2968 tibi
3242 2912 3475 2967 maledi-

1905 3022 2046 3072 cam,
2073 3015 2127 3063 et
2146 3006 2539 3062 benedicentur
2576 3004 2632 3059 in
2676 3011 2728 3061 te
2755 3017 2946 3058 omnes
2975 3001 3152 3055 tribus
3173 3009 3330 3055 terrae
3360 2999 3471 3068 ³⁰.;›

1906 3095 1972 3151 Et
1997 3112 2234 3153 rursus:
2283 3113 2302 3148 ι
2358 3093 2635 3149 Abraham
2689 3107 2845 3156 vero,
2896 3089 3094 3160 inquit,
3146 3086 3365 3141 futurus
3392 3094 3480 3141 est

1906 3189 1962 3244 in
1994 3196 2206 3260 gentem
2238 3201 2489 3258 magnam
2544 3192 2600 3240 et
2639 3184 2946 3246 multam,et
2979 3180 3376 3236 benedicentur
3420 3179 3478 3233 in

1904 3280 2025 3350 ipso
2065 3293 2255 3334 omnes
2289 3286 2479 3348 gentes
2510 3283 2671 3330 terra:
2689 3273 2755 3328 ".
2789 3291 2809 3325 I
2850 3269 2958 3326 Sed
2990 3270 3156 3326 etiam
3188 3268 3290 3339 ipsi
3323 3267 3478 3322 Isaac

1905 3364 2102 3422 similia
2155 3365 2212 3418 in
2268 3364 2414 3418 hunc
2483 3360 2704 3416 modum
2762 3358 3060 3431 respondet
3125 3356 3410 3412 oraculum
3455 3375 3474 3412 :

1909 3475 1929 3508 ι
1973 3455 2040 3509 Et
2081 3455 2456 3525 multiplicabo
2507 3468 2694 3509 semen
2724 3461 2880 3508 tuum
2913 3453 3056 3508 sicut
3102 3452 3289 3507 stellas
3322 3449 3474 3515 caeli,

1902 3548 2063 3619 367
2086 3557 2141 3603 et
2168 3547 2559 3602 benedicentur
2589 3544 2644 3597 in
2674 3544 2882 3599 semine
2913 3550 3009 3597 tuo
3042 3556 3236 3597 omnes
3280 3549 3475 3610 gentes

1904 3642 2140 3698 terrae“.
2181 3660 2200 3693 ›
2231 3640 2337 3711 Ipsi
2385 3640 2512 3695 item
2554 3636 2723 3692 Jacob
2754 3634 2882 3690 olim
2930 3635 3058 3689 talia
3099 3632 3245 3688 dicta
3289 3640 3418 3687 sunt
3456 3650 3471 3687 :

1909 3754 1928 3787 ι
1959 3734 2070 3807 Ego
2094 3732 2355 3789 Dominus
2386 3731 2526 3787 Deus
2573 3728 2849 3784 Abraham
2891 3726 3066 3798 patris
3115 3725 3218 3789 tui,
3248 3733 3303 3779 et
3333 3714 3474 3778 Deus

1902 3825 2054 3883 Isaac
2081 3843 2096 3880 :
2126 3840 2194 3880 ne
2226 3825 2416 3879 timeas
2435 3823 2500 3887 ³³,
2540 3841 2560 3874 ›
2597 3828 2648 3877 et
2674 3826 2890 3884 caetera,
2942 3836 2962 3869 ι
3002 3826 3058 3873 et
3083 3815 3476 3872 benedicentur

1902 3919 1959 3974 in
2008 3926 2063 3974 te
2106 3932 2296 3973 omnes
2346 3916 2524 3970 tribus
2574 3921 2735 3968 terra:
2752 3910 2880 3975 ⁸⁸.)
2929 3908 2997 3963 Ει
3034 3908 3170 3964 alias
3213 3905 3354 3961 dixit
3404 3904 3471 3959 ad

1902 4011 2081 4083 ipsum
2118 4008 2263 4065 Deus
2295 4024 2309 4061 :
2345 4027 2365 4060 ι
2396 4006 2509 4078 Ego
2537 4004 2682 4060 Deus
2716 4013 2866 4069 tuus,
2905 4009 3092 4057 cresce
3123 4009 3179 4055 et
3207 3996 3474 4068 multipli-

1901 4117 2049 4167 care,
2081 4107 2270 4172 gentes
2287 4107 2342 4155 et
2370 4095 2822 4169 congregationes
2853 4092 3097 4165 gentium
3126 4088 3474 4160 egredientur

1901 4194 1970 4251 de
1997 4203 2069 4261 te,
2092 4203 2148 4250 et
2178 4208 2336 4264 reges
2366 4192 2434 4248 de
2463 4190 2665 4245 lumbis
2686 4188 2798 4244 tuis
2812 4185 3158 4259 egredientur
3179 4182 3246 4237 ³⁸.
3284 4199 3305 4233 I
3334 4180 3472 4234 Cum

1902 4295 2012 4343 tam
2069 4286 2241 4341 multa
2285 4284 2354 4340 de
2404 4281 2693 4339 vocatione
2740 4279 2982 4350 gentium
3034 4273 3256 4331 oracula
3301 4269 3474 4325 Iacob

1905 4388 2067 4436 antea
2098 4378 2452 4449 percepisset,
2487 4382 2543 4431 et
2573 4376 2771 4430 liberos
2816 4383 2998 4425 mares
3038 4364 3325 4421 duodecim
3368 4377 3473 4415 nu-

253 4469 434 4523 παίδων
470 4473 619 4546 αὐτῷ
669 4473 761 4527 τὸν
810 4472 1040 4545 ἀριθμὸν
1086 4475 1495 4545 γεγεννημένων
1539 4473 1796 4537 δεκαδύο,

1912 4489 2058 4530 mero
2094 4474 2397 4543 genuisset,
2450 4468 2708 4522 omnibus
2748 4463 2860 4518 illis
2909 4466 3162 4516 extremo
3194 4470 3295 4510 suo
3341 4460 3473 4507 tem-

254 4557 372 4627 πρὸς
392 4564 454 4634 τῇ
475 4545 699 4636 τελευτῇ
729 4563 1066 4633 συγκαλέσας
1087 4564 1212 4627 τοὺς
1244 4563 1473 4629 πάντας,
1514 4564 1800 4635 περιεσκό-

1912 4584 2034 4639 pore
2059 4564 2397 4626 convocatis,
2430 4556 2929 4629 circumspiciebat,
2957 4553 3025 4608 de
3053 4548 3211 4619 cujus
3250 4545 3469 4600 illorum

253 4663 350 4714 πει,
373 4651 429 4718 ἐξ
466 4655 654 4710 ὁποίου
680 4656 788 4727 ἀρα
833 4656 1008 4710 αὐτῶν
1045 4657 1145 4727 τῆς
1181 4655 1428 4727 διαδοχῆς
1461 4656 1531 4710 τά
1576 4655 1683 4711 τῶν
1706 4656 1799 4710 τοῦ

1912 4658 2287 4731 propagatione
2306 4655 2490 4710 divina
2528 4649 2753 4706 oracula
2780 4646 2940 4700 ﬁnem
2972 4655 3134 4699 suum
3161 4645 3345 4695 essent
3380 4650 3473 4731 ac-

254 4739 371 4795 Θεοῦ
404 4748 753 4819 προρρήσεων
781 4747 875 4801 ἐπὶ
903 4748 1055 4811 τέλος
1093 4746 1231 4819 ἥξει.
1261 4743 1378 4800 Εἶτ’
1413 4747 1621 4812 ἐπιθεὶς
1657 4751 1803 4820 τρισὶ

259 4832 343 4900 μὲν
367 4840 472 4901 τοῖς
507 4838 741 4910 πρώτοις
785 4838 935 4910 αὑτῷ
978 4839 1292 4909 γενομένοις
1336 4839 1523 4895 παισὶν
1554 4838 1805 4911 ἐλέγχους

254 4916 320 4978 ὧν
339 4928 773 5003 ἐπλημμέλησαν,
794 4932 1041 5005 ἐπιφέρει
1063 4932 1347 4996 διδάσκων,
1380 4932 1463 4986 ὅτι
1493 4931 1602 4986 τῶν
1621 4932 1804 4986 τετολ-

259 5018 490 5087 μημένων
517 5024 699 5087 αὐτοῖς
736 5024 899 5079 ἕνεκα
926 5025 987 5079 οὐ
1028 5024 1094 5078 δι’
1119 5024 1295 5079 αὐτῶν
1319 5024 1801 5097 ἐκπληρωθήσεται

255 5106 314 5161 τὰ
330 5108 428 5164 τῶν
446 5116 794 5187 προρρήσεων
815 5116 1225 5188 ἀποτελέσματα
1244 5134 1261 5149 θ
1291 5116 1386 5170 ἐπὶ
1409 5116 1467 5170 δὲ
1485 5117 1577 5170 τὸν
1614 5117 1803 5190 τέταρ-

254 5212 333 5251 τον
354 5200 512 5258 ἐλθὼν
533 5207 626 5261 τὸν
655 5207 872 5273 Ἰούδαν,
898 5209 1033 5280 ὁμοῦ
1072 5209 1163 5262 τὸν
1193 5210 1442 5282 φήσαντα
1479 5209 1628 5280 αὐτῷ
1668 5227 1802 5282 χρη-

259 5291 397 5360 σμὸν,
420 5313 443 5346 ι
476 5297 720 5365 Βασιλεῖς
752 5301 817 5354 ὲκ
833 5300 1140 5373 τῆςὸσφύος
1156 5301 1318 5355 αὐτοῦ
1349 5301 1734 5367 ἐξελεύσονται,
1772 5323 1792 5355 ι

255 5380 331 5436 διὰ
364 5386 458 5457 τῆς
494 5390 682 5447 τούτου
728 5394 976 5466 διαδοχῆς
1007 5394 1160 5459 τέλος
1205 5393 1466 5465 λήψεσθαι
1515 5395 1792 5461 θεσπίζει·

258 5475 496 5549 πρόδηλον
518 5484 627 5557 γὰρ
669 5486 745 5550 ὡς
789 5489 853 5541 ἐκ
879 5488 979 5558 τῆς
1010 5486 1176 5541 Ἰούδα
1213 5486 1383 5557 φυλῆς
1417 5487 1479 5541 τὸ
1521 5487 1796 5559 βασιλικὸν

317 5673 359 5705 ﬂ
392 5675 516 5754 Gen:
552 5698 714 5742 xm.
755 5685 805 5754 ι,
913 5684 956 5727 ιθ
998 5685 1127 5740 ibid.
1165 5684 1314 5739 8-10.
1423 5686 1471 5716 ³ο
1508 5686 1641 5744 Gen.
1682 5700 1807 5754 χιι,-

260 5754 429 5811 XXVIII,
459 5750 538 5804 l3.
582 5754 658 5825 ‘5‘
696 5753 826 5809 ibid.
865 5753 948 5807 14.
1027 5756 1070 5787 ³⁵
1113 5755 1246 5811 Gen.
1283 5771 1459 5812 xxxv.
1498 5758 1584 5813 11.

1827 5706 1858 5744 ο)

1907 4730 2161 4823 ceptura;
2191 4748 2388 4806 deinde
2417 4759 2542 4801 cum
2575 4743 2752 4797 tribus
2781 4737 2973 4811 primis
2996 4733 3228 4790 crimina
3249 4730 3470 4802 propria

1905 4844 2219 4916 objecisset,
2255 4841 2442 4897 docuit
2472 4839 2729 4906 deinceps
2760 4826 3218 4905 quemadmodum
3248 4827 3470 4894 propter

1907 4937 2136 5001 scelera,
2171 4949 2292 5005 quae
2327 4932 2432 5004 ipsi
2479 4931 2601 4986 ausi
2633 4927 2872 4989 fuerant,
2913 4936 3025 4977 non
3056 4921 3112 4974 in
3153 4917 3289 4987 ipsis
3317 4928 3470 4968 com-

1904 5029 2100 5099 plenda
2152 5034 2356 5092 essent,
2395 5039 2515 5095 qua:
2566 5039 2623 5077 In
2667 5019 2938 5091 prioribus
2991 5011 3229 5070 oraculis
3275 5012 3467 5064 eventa

1904 5119 2339 5174 continebantur.
2384 5117 2520 5171 Cum
2569 5122 2747 5167 autem
2797 5109 3034 5164 venisset
3082 5102 3151 5157 ad
3187 5107 3466 5169 quartum,

1902 5210 1996 5280 qui
2021 5207 2190 5264 Judas
2218 5207 2345 5276 fuit,
2371 5215 2483 5261 tum
2517 5219 2648 5259 vero
2676 5200 2959 5257 oraculum
3006 5193 3149 5265 quod
3187 5189 3293 5261 ipsi
3334 5187 3466 5243 olim

1901 5279 2224 5372 responsum
2249 5300 2477 5365 fueram
2511 5297 2684 5368 Reges
2698 5295 2766 5350 de
2794 5289 2994 5348 lumbis
3025 5286 3147 5358 ejus
3169 5279 3458 5355 egredien-

1900 5401 2012 5459 tur,
2043 5411 2063 5445 ι
2095 5409 2163 5448 ει
2190 5392 2355 5463 hujus
2376 5389 2697 5461 posteritate
2729 5400 2888 5441 suum
2916 5381 3076 5436 linem
3108 5382 3464 5444 accepturum

1901 5485 2218 5557 planissime
2264 5484 2501 5542 cecinit:
2546 5487 2765 5537 constat
2813 5475 2959 5531 enim
3005 5465 3464 5543 quemadmodum

1986 5690 2026 5720 ³⁸
2069 5686 2201 5743 Gen.
2238 5702 2405 5751 xvm,
2462 5686 2544 5740 lS.
2653 5684 2695 5714 ³¹
2736 5682 2869 5737 Gen.
2910 5692 3070 5744 sxw,
3108 5675 3160 5731 4.
3237 5671 3282 5705 ³⁵
3319 5668 3456 5726 Gen.
