3908 6266
383 278 490 335 575
1048 276 1316 333 EUSEBII
1354 276 1830 333 CJESARIENSis
1857 276 2008 332 OPP.
2051 275 2230 332 PARS
2268 273 2936 336 IL—AFOLOGETICA.
3240 322 3253 328 -
3511 278 3610 335 576

383 393 452 450 de
482 395 628 449 tribu
655 391 795 448 Juda
824 391 1033 462 regium
1060 406 1232 461 genus
1262 392 1553 455 exstiterit,
1582 403 1637 448 et
1660 392 1823 447 simul
1854 390 1926 446 De

2064 390 2279 460 συνέστη
2314 390 2501 459 γένος·
2543 393 2677 464 ὁμοῦ
2722 391 2945 456 καὶτὰς
2972 391 3063 445 τοῦ
3107 390 3241 445 Θεοῦ
3285 392 3607 463 προρρήσεις

386 499 645 555 responsa
698 485 1048 555 gentiumque
1095 483 1368 552 promissa
1425 484 1626 555 quibus
1681 485 1922 538 instaren

2067 483 2140 534 cal
2165 480 2262 545 τὰς
2288 481 2396 535 τῶν
2422 482 2588 537 ἐθνῶν
2606 484 2942 554 ὑποσχέσεις,
2967 482 3087 537 καθ’
3102 484 3318 547 ὁποίους
3339 483 3610 554 ἐνστήσον-

385 576 739 646 temporibus,
764 575 1018 631 ostendit.
1055 574 1232 645 Atque
1257 591 1325 631 ex
1356 591 1421 631 eo
1458 577 1797 647 proditurum
1828 591 1928 632 esse

2066 588 2135 624 ται
2166 571 2389 643 χρόνους
2422 572 2764 645 παρίστησιν,
2809 572 2869 638 ἐξ
2893 574 3056 627 αὐτού
3095 590 3154 625 τε
3194 570 3609 644 προελεύσεσθαι

379 668 569 723 docuit
592 684 736 733 eum,
772 668 865 737 qui
898 676 1043 722 esset
1075 668 1327 723 omnibus
1350 669 1603 739 gentibus
1630 668 1922 738 cunctisqul

2065 663 2282 717 ῑιδάσκει
2303 664 2393 718 τὸν
2425 664 2682 735 μέλλοντα
2703 665 2870 719 αῖτιον
2893 664 3322 737 καταστήσεσθαι
3347 666 3481 718 πᾶσι
3504 668 3608 729 τοῖς

386 760 633 814 tribubus
661 769 819 815 terra:
847 758 1042 814 similis
1088 760 1194 828 ipsi
1237 759 1512 814 Abraham
1552 760 1929 815 benedictioni:

2066 755 2243 820 ἔθνεσι,
2273 758 2367 810 καὶ
2415 757 2613 821 πάσαις
2649 761 2766 823 ταῖς
2795 757 2985 827 φυλαῖς
3020 759 3118 829 τῆς
3161 758 3265 828 γῆς
3298 758 3399 828 τῆς
3432 774 3609 829 παρα-

385 861 575 904 auctor
618 850 861 906 futurus.
893 849 1019 906 Haec
1060 851 1228 922 igitur
1269 852 1526 907 universa
1563 850 1785 906 fuerunt
1831 868 1928 923 qua

2069 848 2280 917 πλησίας
2324 847 2401 919 τῷ
2446 848 2694 921 Ἀϐραάμ
2740 850 3005 919 εὐλογίας.
3044 851 3227 905 Ταῦτα
3266 846 3358 904 οὖν
3401 851 3612 905 ᾶπαντα

381 941 483 1011 ipsi
520 940 660 996 Juda
702 943 941 1011 reposita
970 950 1146 1006 erant,
1180 957 1246 997 ea
1288 941 1538 998 videlicet
1558 958 1679 1013 qua:
1727 943 1792 998 de
1815 944 1924 1015 ipsi;

2070 937 2114 1011 γν
2142 938 2208 992 τὰ
2234 939 2566 1011 ἀποκείμενα
2602 940 2678 1011 τῷ
2714 942 2900 1013 Ἰούδᾳ,
2927 942 3124 1013 δηλαδὴ
3165 942 3237 996 τὰ
3267 942 3434 997 πάλαι
3478 960 3613 1014 προ-

378 1034 632 1103 gentibus
662 1034 793 1088 olim
836 1048 1100 1104 responsa
1143 1032 1359 1088 fuerant
1388 1053 1400 1088 :
1428 1041 1482 1089 et
1523 1033 1681 1099 illud,
1720 1055 1739 1088 ι
1772 1034 1917 1106 Rege

2065 1028 2403 1083 ἰεσπισθέντα
2433 1030 2560 1101 περὶ
2600 1030 2702 1083 τῶν
2735 1030 2922 1095 ἐθνῶν,
2950 1032 3043 1085 καὶ
3088 1032 3168 1097 τὸ,
3199 1051 3217 1084 ι
3263 1032 3510 1096 Βασιλεῖς
3546 1034 3608 1086 ἐκ

372 1124 448 1179 de
476 1124 678 1181 lumbis
725 1126 833 1180 tuis
881 1124 1246 1194 egredientur,
1287 1144 1305 1177 ι
1345 1141 1516 1196 quare
1537 1126 1698 1182 etiam
1725 1127 1915 1197 reliqui

2061 1119 2146 1189 τῆς
2171 1121 2368 1189 ὀσφύος
2406 1137 2496 1174 σου
2526 1120 2911 1185 ἐξελεύσονται·
2944 1143 2962 1174 ›
2994 1123 3073 1177 διὸ
3118 1125 3211 1178 καὶ
3257 1124 3364 1179 τῶν
3406 1124 3604 1177 λοιπῶν

383 1214 643 1273 fratribus
700 1218 1043 1286 antepositus
1097 1218 1303 1288 regiam
1368 1218 1577 1289 ipsam,
1630 1219 1926 1289 exterisque

2062 1210 2287 1279 Ξιδελφῶν
2331 1211 2640 1284 προκριθεὶς
2668 1212 2948 1285 βασιλικῆς
2990 1214 3161 1285 φυλῆς
3191 1217 3284 1269 καὶ
3314 1216 3605 1288 διαπρεπε-

371 1309 730 1364 illustriorem
768 1311 967 1365 tribum
998 1310 1226 1366 sortitus
1272 1318 1378 1366 est.
1423 1311 1696 1366 Continuo
1719 1312 1862 1367 enim
1893 1316 1914 1366 i.

2062 1301 2245 1372 πέρας
2294 1302 2444 1372 παρὰ
2488 1304 2587 1367 τὰς
2618 1304 2805 1370 λοιπὰς
2848 1303 3071 1376 ἠξιώθη.
3123 1306 3330 1359 Αὐτίκα
3369 1307 3460 1359 ἐπὶ
3506 1308 3605 1377 τῆς

380 1401 551 1457 totius
581 1401 767 1471 populi
810 1402 1157 1458 ordinatione
1190 1402 1364 1471 ipsius
1402 1401 1568 1458 Mosis
1610 1403 1923 1474 temporibu:

2062 1390 2334 1457 Ξιατάξεως
2362 1393 2454 1446 τοῦ
2477 1395 2674 1458 παντὸς
2711 1394 2838 1448 λαοῦ
2873 1397 3012 1450 κατά
3033 1397 3158 1459 τοὺς
3179 1397 3454 1461 Μωῦσέως
3478 1398 3605 1468 χρό-

380 1490 606 1560 rcliquis
641 1491 892 1547 tribubus
927 1491 1067 1546 banc
1097 1506 1328 1561 praeesse
1351 1491 1580 1562 imperat
1603 1492 1764 1549 Deus.
1802 1493 1923 1548 Scri

2065 1500 2169 1547 mu;
2188 1485 2433 1555 ἡγεῖσθαι
2459 1486 2659 1557 ταύτην
2680 1491 2707 1540 ὁ
2729 1488 2860 1552 Θεὸς
2887 1487 2993 1541 τῶν
3015 1489 3214 1543 λοιπῶν
3244 1489 3420 1559 φυλῶν
3442 1508 3608 1562 προσ-

380 1586 529 1649 ptum
554 1591 638 1636 est
672 1581 840 1646 enim,
873 1600 892 1633 ι
927 1580 990 1635 Et
1014 1582 1229 1636 locutus
1254 1590 1338 1637 est
1363 1581 1624 1638 Dominus
1655 1582 1721 1637 ad
1745 1581 1923 1640 Mosen

2081 1577 2248 1631 άττει.
2285 1577 2597 1650 Γέγραπται
2627 1578 2756 1651 γάρ’
2798 1599 2817 1632 t
2853 1581 2962 1634 Kal
2981 1581 3206 1653 ἐλάλησε
3240 1583 3441 1654 Κύριος
3479 1584 3622 1653 πρὸς.

371 1678 432 1724 et
456 1671 639 1726 Aaron
670 1673 861 1727 dicens
891 1691 902 1725 :
937 1673 1146 1744 Singuli
1174 1689 1269 1744 per
1302 1681 1530 1741 turmas,
1565 1675 1742 1747 signa,
1783 1686 1913 1747 atqu

2070 1671 2286 1741 ηωῦσῆν
2336 1671 2429 1724 xal
2493 1672 2722 1743 Ἀαρὼν,
2775 1672 2975 1742 λέγων’
3027 1674 3308 1745 ἄνθρωπος
3358 1675 3613 1745 ἐχόμενος

380 1763 573 1818 vexilla
610 1771 662 1817 et
701 1762 896 1819 domus
934 1766 1317 1836 cognationum
1363 1783 1607 1832 suarum,
1654 1777 1922 1824 castrame

2071 1760 2192 1815 ιατά
2219 1762 2473 1832 τάγματα
2497 1764 2683 1828 αὑτοῦ,
2713 1763 2854 1818 κατά
2881 1766 3138 1836 σημαίας,
3169 1766 3286 1820 κατ’
3308 1767 3490 1829 οἴκους
3512 1782 3614 1818 πα-

377 1862 560 1909 tentur
590 1855 681 1909 lilii
727 1854 892 1912 Israel
926 1858 978 1911 in
1027 1868 1321 1928 conspectu
1374 1861 1584 1915 Domini
1627 1877 1723 1931 per
1758 1878 1920 1934 gyrun

2075 1852 2214 1924 :pul'w
2234 1853 2414 1906 αὐτῶν
2443 1854 2936 1925 παρεμϐαλέτωσαν
2966 1858 3012 1909 οἰ
3049 1858 3152 1910 υἱοὶ
3196 1857 3410 1928 Ἰσραὴλ
3438 1857 3618 1910 ἔναντι

377 1947 716 2004 tabernaculi
754 1950 1077 2017 testimonii,
1109 1963 1164 2007 et
1211 1961 1659 2010 castrametantes
1692 1956 1854 2026 primi
1883 1970 1920 2009 al

2073 1943 2277 2014 (upiou,
2310 1942 2492 2014 κύκλῳ
2536 1944 2635 2015 τῆς
2681 1944 2885 2015 σκηνῆς
2914 1944 3007 1997 τοῦ
3057 1946 3376 2017 μαρτυρίου,
3430 1946 3525 1999 καὶ
3567 1949 3616 1999 οἱ

379 2042 671 2103 orientem,
705 2040 851 2096 acies
898 2049 1202 2097 castrorum
1235 2044 1465 2099 ﬁliorum
1508 2044 1668 2109 Juda,
1701 2062 1824 2101 cum
1851 2062 1922 2101 co

2076 2034 2517 2106 παρεμϐάλλοντες
2550 2035 2755 2106 πρῶτοι
2786 2037 2926 2091 κατὰ
2954 2037 3232 2101 ἀνατολὰς,
3263 2037 3450 2109 τάγμα
3479 2055 3619 2110 παρ-

376 2130 482 2199 piis
516 2130 632 2185 suis
652 2131 719 2185 ³³.
758 2151 776 2182 ι
809 2133 887 2186 Ac
921 2132 1177 2204 deinceps
1214 2134 1268 2189 in
1299 2134 1366 2190 iis
1399 2151 1519 2205 quae
1549 2137 1616 2190 ad
1644 2137 1919 2192 innovatio

2081 2126 2282 2197 μϐολῆς
2328 2126 2459 2180 υἱῶν
2509 2127 2711 2189 Ἰούδα,
2768 2129 2863 2181 σὺν
2917 2128 3139 2199 δυνάμει
3186 2130 3383 2182 αὐτῶν.
3440 2148 3459 2181 ι
3506 2131 3617 2183 Kal

375 2236 499 2276 nem
549 2223 886 2278 tabernaculi
943 2224 1251 2280 referuntur
1280 2246 1292 2281 :
1324 2246 1343 2279 ι
1379 2226 1524 2282 Dixit
1571 2226 1832 2285 Dominus
1880 2244 1918 2283 al

2081 2217 2175 2288 ξῆς
2203 2218 2295 2271 ἐπὶ
2316 2216 2420 2270 τῶν
2439 2218 2517 2281 εἰς
2545 2218 2635 2271 τὸν
2661 2220 3010 2291 ἐγκαινισμὸν
3043 2221 3140 2290 τῆς
3184 2221 3385 2291 σκηνῆς
3418 2221 3624 2291 ἀναφε-

374 2310 576 2367 Μοεοηι
605 2333 618 2368 :
643 2311 903 2385 Princeps
931 2332 1070 2370 unus
1086 2332 1180 2386 per
1202 2317 1448 2388 singulos
1476 2318 1592 2375 dies
1622 2318 1808 2376 oﬁeret
1828 2336 1917 2375 mu

2079 2309 2291 2380 ομένων
2316 2326 2329 2339 ·
2366 2329 2384 2360 ι
2427 2305 2560 2363 Εῐπε
2589 2310 2790 2381 Κύριος
2836 2312 2973 2383 πρὸς
3012 2313 3280 2381 Μωῡσῆν-
3321 2313 3508 2383 ἅρχων
3543 2309 3622 2377 εἷς

371 2420 502 2460 nera
525 2419 624 2460 sua
653 2423 669 2473 ;
698 2412 752 2460 et
785 2405 888 2461 fuit
920 2406 1155 2463 oﬁ‘erens
1192 2409 1367 2478 primo
1398 2410 1485 2466 die
1531 2427 1730 2467 munus
1761 2427 1914 2467 suum

2079 2402 2167 2455 ,αθ’
2211 2404 2421 2475 ἡμέραν
2477 2404 2823 2475 προσοίσουσι
2877 2403 2947 2458 τά
2995 2404 3142 2478 δῶρα
3184 2405 3382 2459 αὐτῶν.
3418 2402 3622 2477 Καὶῆν

370 2496 613 2553 Naasson
651 2497 791 2555 ﬁlius
830 2499 1154 2568 Aminadab,
1196 2501 1637 2574 princepstribus
1652 2501 1878 2561 Juda”.

2095 2495 2416 2567 προσφέρων
2460 2498 2525 2566 τῇ
2573 2495 2753 2568 ἡμέρᾳ
2780 2499 2846 2569 τῇ
2892 2495 3082 2570 πρώτῃ
3128 2499 3189 2551 τὸ
3213 2498 3385 2570 δῶρον
3428 2499 3617 2565 αὐτοῦ,

369 2589 536 2661 368
571 2587 639 2643 Ει
672 2591 727 2644 in
761 2591 901 2646 libro
928 2589 1060 2647 Jesu
1096 2592 1241 2648 Nave
1288 2610 1413 2648 cum
1453 2602 1598 2650 terra
1629 2596 1912 2665 promissio

2071 2584 2312 2639 \‘aaact‘uv
2343 2586 2457 2649 υἱὸς
2492 2587 2805 2658 ’Δμιναδάϐ,
2837 2588 3016 2662 ἄρχων
3038 2588 3136 2659 τῆς
3166 2589 3338 2659 φυλῆς
3371 2584 3562 2644 Ἰούδα.
3595 2612 3614 2644 ι

368 2680 458 2734 nis
501 2686 649 2735 sorte
701 2680 913 2735 caeteris
964 2681 1217 2736 tribubus
1271 2681 1561 2738 distributa
1616 2692 1781 2749 esset,
1829 2686 1911 2740 sin

2077 2674 2152 2727 ἰαὶ
2179 2677 2235 2727 ἐν
2266 2677 2330 2746 τῇ
2385 2673 2548 2746 βίϐλῳ
2584 2675 2640 2728 δὲ
2682 2675 2774 2729 τοῦ
2822 2675 2994 2747 Ἰησοῦ
3044 2676 3137 2730 τοῦ
3170 2677 3324 2748 Ναυῆ
3373 2679 3471 2750 τῆς
3514 2679 3620 2751 γῆς

371 2778 519 2825 sorte
533 2771 888 2843 omniumque
914 2774 1087 2843 prima
1113 2775 1290 2830 tribus
1314 2772 1453 2830 Juda
1484 2778 1759 2846 propriam
1787 2786 1914 2833 terr:

2076 2764 2140 2835 ῆς
2166 2764 2498 2835 ἐπαγγελίας
2525 2766 2711 2838 κλήρῳ
2747 2769 2888 2822 κατὰ
2920 2769 3027 2822 τῶν
3061 2769 3257 2824 λοιπῶν
3290 2772 3470 2841 φυλῶν
3495 2773 3618 2829 δια-

370 2871 580 2932 partem
614 2864 846 2933 accepit.
880 2861 986 2919 Sed
1016 2866 1179 2920 etiam
1212 2873 1334 2935 post
1362 2875 1601 2922 mortem
1623 2867 1751 2924 Jesu
1786 2884 1913 2940 roga

2076 2857 2404 2930 εμηθείσης,
2460 2858 2738 2931 ἀκληρωτὶ
2795 2860 2888 2914 καὶ
2948 2860 3135 2915 πασῶν
3185 2861 3372 2935 πρώτη
3431 2866 3465 2936 ή
3520 2864 3619 2919 τοῦ

367 2956 566 3005 verunt
596 2950 691 3005 ﬁlii
720 2950 885 3007 israel
910 2953 963 3006 in
985 2952 1212 3008 Domino
1234 2955 1479 3011 dicentes
1509 2975 1522 3011 :
1547 2975 1566 3008 ι
1598 2956 1731 3025 Quis
1754 2973 1910 3015 ascen

2072 2951 2221 3004 Ιούδα
2271 2950 2409 3023 φυλὴ
2447 2951 2507 3003 τὸ
2534 2953 2730 3005 οἰκεῖον
2759 2951 2924 3024 μέρος
2953 2952 3053 3023 τῆς
3078 2952 3183 3023 γῆς
3219 2954 3615 3026 ἀπολαμϐάνει.

369 3043 461 3096 det
493 3050 620 3097 ante
663 3058 766 3098 nos
800 3054 992 3098 contra
1032 3044 1423 3112 Cbananaaum,
1454 3058 1507 3104 et
1546 3049 1649 3104 erit
1677 3050 1786 3106 dux
1816 3052 1912 3107 bell

2075 3042 2215 3096 Αλλά
2256 3044 2346 3097 καὶ
2382 3043 2519 3114 μετά
2563 3043 2662 3115 τὴν
2710 3040 2964 3116 τελευτὴν
3007 3045 3179 3116 Ἰησοῦ
3220 3046 3518 3118 ἐπηρώτων
3568 3052 3618 3102 οἱ

371 3132 427 3186 in
455 3134 616 3188 eum?
649 3132 715 3187 Et
747 3134 888 3189 dixit
932 3134 1215 3201 Dominus,
1263 3136 1432 3194 Judas
1479 3141 1773 3196 ascendet:
1815 3157 1914 3197 ece

2080 3135 2149 3188 iol
2193 3134 2406 3207 Ἰσραὴλ
2444 3136 2501 3188 ἐν
2531 3136 2741 3207 Κυρίῳ,
2782 3135 3029 3204 λέγοντες
3052 3153 3065 3167 ο
3107 3154 3126 3188 ι
3158 3138 3253 3201 Τίς
3286 3138 3622 3210 ἀναϐήσεται

369 3225 493 3281 rledi
540 3233 744 3281 terram
794 3227 851 3281 in
883 3242 1077 3285 manus
1102 3230 1221 3298 ejus
1244 3231 1308 3287 ³⁸.
1345 3250 1364 3283 ι
1401 3229 1567 3287 Plane
1597 3233 1762 3303 igitur
1794 3250 1912 3289 omn

2084 3229 2172 3298 μῖν
2201 3227 2336 3300 πρὸς
2361 3227 2451 3281 τὸν
2484 3227 2807 3295 Καναναῖον,
2845 3228 3221 3301 ἀφηγούμενος
3256 3229 3348 3285 τοῦ
3372 3232 3623 3302 ’πολεμῆ-

370 3317 536 3372 lsrael
570 3332 805 3387 praeesse
839 3319 1043 3374 tribum
1092 3319 1231 3375 Juda
1260 3320 1403 3378 Deus
1442 3322 1498 3377 in
1529 3322 1615 3378 his
1646 3323 1830 3380 verbis
1853 3324 1913 3395 ju

2080 3336 2131 3373 at
2182 3319 2239 3371 ἐν
2304 3317 2492 3390 esse;
2542 3320 2652 3371 Kal
2700 3315 2818 3372 εἷπε
2860 3319 3061 3393 Κύριος
3091 3337 3104 3350 ·
3173 3322 3368 3386 Ἰούδας
3417 3323 3623 3397 ἀναϐή-

369 3408 479 3465 bet.
509 3410 778 3475 Quocirca
807 3411 1067 3489 deinceps
1095 3413 1360 3483 scriptum
1385 3420 1472 3469 est
1505 3430 1517 3466 :
1551 3433 1571 3467 ‹
1602 3414 1666 3470 Et
1697 3417 1912 3473 ascendi

2073 3427 2210 3463 ἐται.
2259 3410 2386 3463 Ἰδοὺ
2436 3410 2640 3464 δέδωκα
2681 3411 2780 3482 τὴν
2834 3413 2934 3483 γῆν
2990 3413 3071 3477 εἰς
3126 3416 3312 3485 χεῖρας
3359 3413 3549 3467 αὐτοῦ.
3596 3432 3616 3465 ι

368 3498 562 3567 Judas,
593 3509 646 3555 et
676 3501 900 3557 tradidit
950 3501 1213 3559 Dominus
1244 3504 1610 3560 Chanameum
1651 3514 1705 3562 et
1742 3505 1911 3564 Phere

2076 3500 2237 3571 ιαιρῶς
2296 3496 2389 3554 οὖν
2437 3500 2528 3554 τοῦ
2574 3503 2774 3566 παντὸς
2822 3502 3035 3575 Ἰσραὴλ
3071 3503 3320 3575 ἡγεῖσθαι
3369 3506 3467 3577 τὴν
3520 3503 3619 3559 τοῦ

371 3608 544 3646 zaeum
574 3593 628 3646 in
655 3609 877 3649 manum
906 3595 1105 3664 ejus”.
1137 3615 1156 3648 ›
1194 3594 1260 3650 Et
1281 3612 1473 3653 rursus
1501 3614 1512 3649 :
1550 3617 1569 3650 ι
1606 3597 1672 3651 Et
1706 3598 1913 3662 bellave

2070 3594 2220 3648 Ιούδα
2247 3594 2415 3666 φυλὴν
2442 3597 2471 3648 ό
2512 3594 2642 3657 Θεὸς
2680 3594 2765 3648 διὰ
2809 3594 3009 3649 τούτων
3060 3597 3417 3668 προστάττει·
3485 3597 3612 3651 ὅθεν

369 3691 498 3739 runt
533 3684 628 3740 ﬁlii
672 3685 811 3741 Juda
840 3688 893 3743 in
932 3687 1271 3753 Jerusalem,
1320 3697 1375 3744 et
1413 3690 1912 3760 comprehenderun

2079 3687 2169 3758 ξῆς
2200 3688 2506 3759 γέγραπται
2533 3703 2546 3717 ’
2583 3705 2602 3738 ι
2629 3686 2739 3740 Καὶ
2763 3687 2929 3758 ἀνέϐη
2972 3687 3191 3751 Ἰούδας,
3216 3688 3310 3741 καὶ
3333 3689 3622 3761 παρέδωκε

365 3792 509 3842 eam,
539 3785 593 3832 et
624 3778 1024 3835 descenderunt
1054 3780 1146 3836 ﬁlii
1171 3781 1311 3836 Juda
1336 3783 1394 3837 in
1422 3782 1791 3839 Cbananasnm
1814 3785 1879 3841 *°.

2080 3778 2242 3851 Ltipto;
2261 3780 2350 3832 τὸν
2378 3779 2676 3832 Χαναναῖον
2704 3779 2795 3832 καὶ
2821 3778 2911 3833 τὸν
2936 3778 3221 3850 Φερεζαῖον
3257 3781 3315 3833 ἐν
3341 3782 3486 3852 χειρὶ
3519 3784 3623 3834 αὺ-

369 3868 436 3923 Εῑ
484 3886 720 3927 rursus:
769 3892 788 3924 ι
834 3872 899 3927 Et
932 3875 1065 3928 abiit
1107 3874 1277 3931 Judas
1327 3891 1450 3930 cum
1491 3875 1726 3949 Symeon
1771 3877 1912 3933 fratn

2076 3870 2151 3924 οὗ·
2190 3890 2207 3922 ι
2256 3871 2351 3925 καὶ
2393 3870 2573 3925 πάλιν·
2615 3889 2633 3921 ι
2683 3871 2792 3923 Kal
2831 3870 3172 3944 ἐπολέμησαν
3209 3874 3257 3926 οἰ
3299 3874 3405 3926 υἱοὶ
3440 3872 3619 3928 Ἰούδα

368 3978 471 4017 suo
493 3962 561 4017 ¹⁶¹.
595 3983 612 4016 ι
644 3963 710 4018 Et
738 3965 997 4034 deinceps
1022 3985 1037 4022 :
1066 3991 1085 4019 ι
1120 3966 1187 4022 Ει
1215 3966 1316 4022 fuit
1341 3968 1602 4027 Dominus
1624 3985 1747 4026 cum
1772 3970 1911 4027 Juda

2076 3984 2095 4015 ν
2141 3961 2513 4033 Ἰερουσαλὴμ,
2562 3961 2656 4015 καὶ
2699 3961 3058 4016 κατελάϐοντο
3098 3965 3287 4034 αὐτὴν,
3321 3965 3416 4019 καὶ
3481 3982 3619 4021 κατ-

365 4061 422 4108 et
450 4053 697 4122 possedit
717 4061 953 4110 montem
968 4055 1034 4110 ".
1055 4057 1159 4112 »Ει
1180 4068 1303 4130 post
1324 4061 1441 4117 haec
1475 4078 1489 4114 :
1522 4081 1542 4114 ι
1570 4062 1636 4117 Ει
1673 4065 1905 4120 ascende

2070 4055 2239 4126 ϐησαν
2289 4055 2396 4107 υἰοὶ
2440 4053 2631 4119 Ἰούδα,
2674 4053 2978 4125 πολεμῆσαι
3024 4056 3084 4109 ἐν
3128 4053 3207 4125 τῷ
3227 4056 3535 4127 Χαναναίῳ.
3590 4076 3613 4111 ι

368 4149 496 4199 runt
530 4141 625 4197 ﬁlii
664 4142 865 4217 Joseph
908 4148 1012 4217 ipsi
1058 4165 1275 4220 quoque
1321 4152 1378 4206 in
1420 4151 1622 4209 Βωιίιοί
1669 4163 1721 4211 et
1766 4154 1911 4211 Juda.

2073 4147 2148 4198 Lal
2201 4140 2381 4209 αὖθις
2421 4163 2439 4196 ι
2476 4146 2583 4199 Kal
2632 4143 2901 4217 ἐπορεύθη
2947 4145 3144 4209 Ἰούδας
3207 4145 3346 4215 μετὰ
3388 4146 3616 4217 Συμεὼν

365 4248 490 4287 cum
517 4234 653 4303 ipsis
675 4235 740 4291 “.
780 4256 799 4288 ›
827 4237 1012 4308 Itaque
1042 4256 1165 4296 eum
1191 4243 1248 4297 in
1276 4243 1419 4299 libro
1443 4242 1719 4311 Iudicum,
1750 4247 1908 4304 diver

2074 4241 2127 4294 οὗ
2174 4239 2401 4310 ἀδελφοῦ
2449 4239 2633 4294 αὑτοῦ.
2664 4290 2667 4293 λ
2696 4260 2714 4292 3
2765 4241 2874 4294 Kal
2922 4238 3076 4312 ἐξῆςο
3123 4240 3233 4293 Καὶ
3286 4235 3354 4312 ἦν
3410 4242 3617 4312 Κύριος

366 4327 445 4380 sis
468 4328 828 4396 temporibus
878 4330 1118 4402 (tametsi
1148 4333 1492 4390 diversarum
1538 4337 1782 4400 tribuum
1812 4355 1909 4396 ess

2076 4333 2177 4387 ετά
2205 4333 2391 4397 Ἰούδα,
2427 4333 2521 4386 καὶ
2564 4332 2968 4404 ἐκληρονόμησε
3000 4333 3059 4387 τὸ
3107 4333 3230 4404 ὅρος
3254 4351 3269 4365 ο
3311 4353 3330 4386 ι
3388 4336 3483 4389 καὶ
3519 4354 3619 4407 με-

363 4414 727 4487 videbantur),
748 4418 960 4487 judices
989 4423 1188 4493 populo
1210 4432 1530 4494 praeessent,
1555 4426 1731 4483 tribus
1750 4435 1906 4485 tame]

2091 4426 2331 4480 ιταῦτα’
2372 4444 2390 4477 ι
2420 4427 2528 4479 Kal
2559 4425 2825 4497 ἀνέϐησαν
2892 4427 2941 4478 οἰ
2986 4426 3091 4479 υἰοι
3134 4427 3362 4497 Ἰωσὴφ,
3411 4428 3505 4481 καί
3550 4446 3615 4497 γε

362 4503 502 4562 .‘uda
538 4508 594 4561 in
624 4510 938 4567 universum
977 4515 1144 4572 totius
1174 4517 1351 4588 gentis
1378 4517 1488 4572 dux
1515 4525 1633 4574 erat
1658 4535 1672 4572 :
1700 4520 1905 4591 idipsun

2072 4519 2193 4572 ,ὐτοὶ
2237 4520 2294 4571 ἐν
2336 4517 2556 4589 Βαιθὴλ,
2604 4519 2697 4571 καὶ
2747 4518 2944 4580 Ἰούδας
2973 4519 3086 4585 μετ²
3130 4518 3325 4572 αὐτῶν.
3363 4537 3381 4570 ι
3421 4521 3533 4574 Kal
3556 4523 3615 4576 ἐν

365 4615 494 4653 vero
524 4603 864 4673 temporibus
899 4605 1070 4662 David
1096 4623 1590 4681 successurumque
1619 4611 1738 4680 ejus
1767 4614 1908 4668 multi

2071 4614 2104 4682 ᾖ
2164 4608 2328 4680 βίϐλῳ
2364 4609 2422 4663 δὲ
2480 4608 2589 4664 τῶν
2632 4609 2848 4681 Κριτῶν
2893 4609 3160 4682 διαφόρων
3206 4611 3346 4665 κατὰ
3388 4611 3613 4685 χρόνους

364 4690 559 4759 magis,
585 4693 785 4763 quippe
815 4710 941 4750 cum
975 4699 1232 4766 plane-de
1257 4700 1404 4755 tribu
1436 4699 1577 4755 Juda
1612 4701 1689 4756 illi
1713 4705 1907 4761 exsiste

2068 4701 2446 4774 προϊσταμένων
2476 4700 2570 4754 τοῦ
2611 4700 2760 4764 λαοῦ,
2796 4702 2844 4753 εἰ
2876 4703 2968 4755 καὶ
2996 4703 3062 4755 ἐκ
3097 4703 3364 4775 διαφόρων
3391 4704 3611 4760 ἐδόκουν

365 4790 509 4845 rent,
554 4789 610 4837 et
654 4799 881 4856 regnum
926 4805 1099 4859 usque
1152 4791 1222 4846 ad
1272 4790 1658 4864 Babylonieam
1694 4795 1908 4865 ipsorun

2064 4788 2177 4845 ἷναι
2210 4791 2389 4862 φυλῶν
2421 4795 2469 4846 οἰ
2498 4792 2701 4864 κριταὶ,
2723 4792 2869 4863 ὅμως
2898 4792 2956 4845 δὲ
2987 4794 3210 4847 καθόλου
3245 4796 3278 4865 ἡ
3304 4795 3399 4847 τοῦ
3441 4797 3607 4850 Ἰούδα

366 4871 578 4947 cladem
619 4875 996 4944 produxerim,
1033 4887 1157 4950 post
1188 4896 1354 4951 quam
1391 4881 1603 4938 cladem
1634 4884 1702 4940 iis
1741 4885 1834 4956 qui
1867 4885 1909 4941 di

2064 4884 2181 4957 ρυλὴ
2211 4884 2305 4938 τοῦ
2336 4885 2535 4949 παντὸς
2566 4884 2750 4948 ἔθνους
2781 4886 2963 4954 ἡγεῖτο
2985 4902 2999 4915 ·
3032 4885 3207 4957 πολλῷ
3235 4886 3294 4938 δὲ
3328 4887 3489 4941 πλέον
3515 4890 3607 4943 ἐπὶ

364 4961 456 5015 illa
486 4966 748 5021 servitute
770 4967 825 5022 in
856 4970 1087 5038 patriam
1117 4981 1316 5028 terram
1333 4974 1539 5030 reversi
1566 4983 1715 5041 sunt,
1741 4992 1907 5033 rursu.

2065 4978 2146 5032 ίῶν
2177 4979 2382 5050 χρόνων
2413 4976 2507 5030 τοῦ
2541 4976 2723 5042 Δαϐὶδ,
2758 4977 2851 5043 καὶ
2883 4975 2990 5030 τῶν
3021 4976 3208 5031 τούτου
3239 4978 3518 5049 διαδόχων,
3541 4980 3608 5033 ὲκ

364 5052 585 5142 praefuit
613 5055 936 5125 Zorobabel,
986 5058 1245 5117 Salathiel
1290 5061 1434 5119 ﬁlius
1473 5063 1542 5120 de
1585 5065 1730 5120 tribu
1767 5064 1907 5120 Juda

2064 5071 2210 5142 >υλῆς
2250 5070 2347 5142 μὲν
2377 5070 2487 5124 τοῦ·
2513 5069 2681 5123 Ἰούδα
2729 5069 3046 5139 γεγονότων,
3083 5070 3244 5142 μέχρι
3292 5071 3351 5124 δὲ
3380 5072 3482 5142 τῆς
3527 5072 3607 5136 εἰς

364 5141 494 5198 Inde
538 5147 702 5201 etiam
747 5146 1031 5219 Scriptura
1061 5167 1183 5223 quae
1227 5152 1681 5225 Paralipomenon
1708 5156 1907 5212 dicitur

2060 5141 2330 5217 3a6uilﬁiva
2358 5161 2730 5234 αἰχμαλωσίας
2754 5162 2853 5233 τὴν
2888 5160 3160 5232 βασιλείαν
3190 5141 3603 5231 διενεγκάντων,

364 5234 649 5293 duodecim
683 5239 921 5295 tribuum
962 5240 1129 5298 Israel
1155 5246 1352 5300 seriem
1385 5248 1600 5316 generis
1644 5263 1907 5305 enarrans

2062 5254 2157 5309 ιεθ’
2188 5256 2253 5326 ἢν
2278 5254 2387 5308 τῶν
2418 5255 2483 5307 ἐκ
2512 5254 2610 5325 τῆς
2630 5253 3003 5325 αἰχμαλωσίας
3033 5255 3125 5308 ἐπὶ
3154 5254 3253 5325 τὴν
3276 5255 3482 5309 οἰκείαν
3502 5256 3605 5328 γῆν

365 5327 435 5381 ab
456 5344 520 5383 ea
553 5346 674 5400 quae
698 5341 782 5388 est
811 5333 984 5404 ipsius
1010 5334 1151 5391 Juda
1182 5335 1312 5393 fecit
1362 5338 1581 5394 initium
1611 5358 1625 5394 :
1659 5356 1788 5413 ergo
1813 5342 1908 5412 ipsr

2059 5345 2362 5399 μπανιόντων
2388 5341 2543 5408 αὖθις
2564 5347 2777 5417 ἡγεῖται
2801 5343 3125 5417 Ζοροϐάϐελ,
3154 5347 3183 5399 ό
3211 5345 3306 5400 τοῦ
3335 5327 3602 5420 Σαλαθιὴλ

364 5417 556 5477 ordine
586 5424 834 5495 sequitur
859 5435 919 5480 ut
955 5428 1118 5483 etiam
1169 5433 1562 5500 posterioribus
1594 5437 1907 5506 temporibu:

2058 5455 2102 5490 ;κ
2134 5437 2304 5506 φυλῆς
2349 5437 2534 5495 Ἰούδα,
2573 5440 2601 5491 ὀ
2634 5436 2840 5491 καὶτὸν
2860 5434 2994 5490 νεὼν
3029 5438 3265 5510 ἐγείρας.
3296 5438 3486 5492 Ἔνθεν
3507 5417 3601 5494 καὶ

364 5510 631 5569 fateamur
657 5519 900 5576 eamdem
933 5523 1135 5578 tribum
1158 5524 1383 5595 reliquis
1404 5528 1705 5600 praefuisse,
1737 5547 1899 5603 quam

2057 5531 2214 5602 ἡτῶν
2249 5530 2735 5603 Παραλειπομένων
2783 5530 2989 5602 γραφὴ,
3039 5530 3137 5595 τάς
3178 5530 3384 5586 δώδεκα
3430 5534 3600 5604 φυλάς

433 5629 485 5716 δέ.
513 5626 688 5716 ﬁnali;
717 5636 982 5716 It,_?.__§._
1043 5636 1290 5716 fiNum.
1330 5660 1428 5711 vzi,
1471 5646 1552 5712 ll,
1596 5648 1672 5702 l2.
1753 5650 1796 5682 ³⁸
1832 5647 1976 5705 ludit

2063 5665 2112 5715 t,
2150 5652 2200 5715 l,
2237 5651 2290 5705 2.
2368 5650 2408 5683 ³⁹
2447 5649 2575 5706 ibid.
2607 5650 2661 5710 4.
2735 5652 2780 5685 ⁸⁸
2820 5650 2950 5706 ibid‘.
3009 5649 3064 5716 8,
3095 5648 3145 5704 9.
3226 5650 3266 5682 “
3309 5650 3438 5706 ibid.
3508 5650 3592 5706 Π.

365 5700 409 5732 θ’
450 5699 585 5755 ibid.
624 5701 709 5757 19,
800 5708 844 5739 ἰδ
871 5707 1005 5762 η)ίώ
1040 5707 1127 5766 ρνὶ.
1414 5699 1428 5711 ι
1540 5699 1551 5712 .
1602 5699 1671 5702 ψ-
1834 5699 1897 5704 __

2100 5699 2112 5715 1
2154 5699 2200 5715 *1
2241 5699 2290 5705 —'
2447 5699 2575 5706 ""“‘
2614 5699 2661 5710 τ’
2820 5699 2950 5706 ’-⁷⁷⁷⁷
3014 5699 3064 5716 'I
3099 5699 3145 5704 ⁷⁷
3309 5699 3438 5706 ’-“““”
3510 5699 3527 5705 ⁵
3550 5699 3592 5706 ’⁷
