3908 6266
304 256 414 311 577

1153 246 1802 311 DEMONS'I‘RA'I‘IONIS
1821 245 2279 305 EVANGELICIE
2314 248 2442 304 LIB.
2478 249 2615 306 VIII.

3432 263 3539 321 578

301 377 400 433 τοῦ
449 375 661 448 Ἰσραὴλ
703 372 1116 444 γενεαλογοῦσα,
1150 374 1258 428 ἀπὸ
1301 374 1398 445 τῆς
1436 371 1530 426 τοῦ
1570 370 1739 425 Ἰούδα
1777 364 1843 436 τὴ

1944 407 1949 422 .
1977 364 2069 419 vis
2115 364 2172 421 in
2224 377 2376 437 parte
2408 369 2588 438 aliqua
2616 369 2752 423 varii
2781 368 3092 442 diversique
3126 375 3328 445 pepulo
3362 382 3539 447 praeli-

302 471 587 543 καταρχὴν
633 470 942 539 ἐποιήσατο.
981 469 1209 522 Ἔπεται
1253 467 1317 539 δὴ
1359 463 1452 521 οὖν
1501 464 1707 528 τούτοις
1745 464 1872 517 ἁκο-

299 562 510 625 λούθως
557 561 650 614 καὶ
679 563 737 614 ἐν
765 562 877 623 τοῖς
911 558 1047 630 μετὰ
1086 560 1257 614 ταῦτα
1302 558 1513 630 χρόνοις
1557 555 1655 627 τὴν
1705 553 1870 627 αὐτὴν

301 653 472 724 φυλὴν
531 652 640 707 τῶν
699 651 901 705 λοιπῶν
944 650 1221 721 ὁμολογεῖν
1270 649 1538 722 ἡγεῖσθαι,
1571 650 1619 701 εἰ
1663 648 1756 702 καὶ
1811 649 1868 701 ἐν

302 744 459 815 μέρει
490 742 738 815 διάφοροι
770 743 1216 815 προειστήκεισαν
1244 741 1339 795 τοῦ
1366 739 1495 795 λαοῦ
1514 758 1527 770 ·
1561 734 1636 795 ὧν
1664 740 1724 793 οὐ
1750 738 1867 793 καθ’

294 834 431 902 ἡμῖν
462 830 687 885 δυνατὸν
717 831 1161 903 ἐξακριϐάζεσθαι
1195 832 1263 886 τὰ
1303 832 1455 902 γένη,
1496 830 1575 902 τῷ
1606 830 1737 902 μηδὲ
1769 831 1866 901 φέ-

296 921 492 993 ρεσθαι
538 923 688 976 θείαν
724 922 902 994 βίϐλον
938 922 996 987 se
1045 925 1252 977 ἐκείνου
1284 925 1378 979 καὶ
1426 923 1585 995 μέχρι
1615 922 1723 976 τῶν
1769 922 1864 977 τοῦ

294 1015 549 1087 Σωτῆρος
581 1016 807 1088 χρόνων.
850 1015 994 1087 Πλὴν
1028 1018 1108 1080 είς
1133 1017 1382 1070 τοσοῦτον
1410 1016 1692 1089 διαρκέσαι
1713 1015 1865 1084 λόγος

292 1108 531 1179 φανερὸς
556 1109 703 1181 αίρεῖ
724 1110 823 1180 τὴν
853 1109 948 1163 τοῦ
984 1109 1150 1163 Ἰούδα
1181 1108 1372 1181 φυλὴν,
1404 1112 1484 1174 είς
1514 1111 1636 1163 ὅσον
1664 1107 1726 1163 τὸ
1758 1110 1865 1162 πᾶν

290 1200 446 1264 ἔθνος
472 1200 755 1273 ἐλευθερίᾳ
784 1202 876 1255 καὶ
898 1201 1189 1273 αὐτονομίᾳ
1216 1200 1490 1273 χρώμενον
1518 1200 1623 1255 ὐπὸ
1646 1201 1865 1264 οἰκείοις

288 1294 552 1363 ἄρχουσιν
578 1292 671 1347 καὶ
703 1292 1020 1363 ἡγουμένοις
1042 1291 1399 1359 ὲπολιτειῇτο.
1426 1290 1595 1345 Τοῦτο
1609 1291 1667 1345 δὲ
1684 1292 1862 1357 αὐτοῖς

285 1382 346 1450 ἐξ
365 1384 549 1455 ἀρχῆς
590 1381 820 1455 ὑπῆρξε,
854 1383 948 1436 καὶ
984 1382 1143 1454 μέχρι
1166 1381 1273 1435 τῶν
1299 1381 1605 1450 Αὐγούστου
1634 1382 1858 1453 χρόνων,

284 1474 411 1529 καθ’
445 1473 562 1538 οὓς,
609 1474 780 1545 Ἰησοῦ
811 1474 904 1527 τοῦ
943 1475 1192 1545 Σωτῆρος
1219 1472 1375 1544 ἡμῶν
1399 1473 1654 1542 φανέντος
1684 1475 1743 1529 ἐν
1765 1474 1860 1527 ἀν-

285 1563 551 1636 θρώποις,
584 1565 646 1619 τὸ
675 1566 786 1619 πᾶν
816 1564 975 1629 ἔθνος.
1004 1565 1187 1619 δοῦλον
1232 1566 1516 1637 Ῥωμαίοις
1544 1565 1859 1619 καθίσταται

282 1658 379 1711 καὶ
406 1659 534 1713 ἀντὶ
560 1658 672 1712 τῶν
699 1660 963 1731 πατρόθεν
993 1659 1174 1723 αὐτοῖς
1192 1661 1285 1714 καὶ
1312 1652 1665 1732 κατάνόμους
1689 1663 1856 1732 ἡγου-

1971 464 2246 522 cerentur,
2268 474 2500 528 quorum
2532 461 2845 531 singillatim
2879 478 3050 534 genus
3078 466 3236 520 solita
3256 468 3535 540 diligentia

1969 564 2223 606 enarrare
2243 568 2583 624 nequaquam
2610 570 2710 610 nos
2737 572 3050 626 possumus,
3072 568 3357 632 propterea
3387 566 3533 633 quod

1968 642 2150 699 nullus
2202 645 2433 714 amplius
2496 644 2667 700 fertur
2713 646 2932 703 divinus
2979 650 3136 717 liber,
3185 653 3280 722 qui
3325 669 3390 709 ex
3439 655 3534 711 illo

1968 750 2141 806 usque
2183 737 2250 791 ad
2297 746 2541 808 tempora
2595 737 2895 794 Salvatoris
2940 743 3115 796 nostri
3158 746 3533 801 narrationem

1967 829 2388 884 continuaverit.
2430 829 2817 886 Verumtamen
2847 840 2902 887 et
2929 832 3069 888 fama
3103 841 3157 889 et
3185 836 3326 891 ratio
3356 837 3534 892 dicta-

1964 917 2045 972 bit
2066 917 2295 974 durasse
2319 920 2506 975 tandiu
2534 920 2731 974 tribum
2760 919 2920 984 Iuda,
2973 925 3215 992 quandiu
3242 935 3354 980 tota
3396 944 3532 998 gens

1965 1008 2214 1065 libertate
2241 1017 2295 1065 et
2323 1011 2438 1067 suis
2470 1012 2678 1083 legibus
2704 1020 2883 1076 utens,
2911 1015 3013 1068 sub
3044 1014 3359 1073 domesticis
3386 1019 3534 1090 prin-

1964 1100 2178 1169 cipibus
2219 1100 2559 1173 ducibusque
2612 1104 2779 1157 vitam
2822 1104 3013 1174 egerit.
3065 1103 3235 1160 Porro
3273 1108 3378 1162 hoc
3419 1110 3530 1164 illis

1964 1192 2192 1263 contigit
2239 1194 2306 1247 ab
2356 1193 2515 1248 initio
2553 1210 2727 1264 usque
2767 1195 2834 1248 ad
2882 1205 3123 1265 tempora
3169 1197 3420 1269 Augusti,
3473 1201 3529 1255 in

1963 1286 2162 1356 quibus
2195 1301 2317 1341 cum
2349 1284 2598 1342 Salvator
2624 1297 2811 1343 noster
2838 1287 2999 1344 Jesus
3023 1290 3332 1347 hominibus
3365 1308 3424 1348 se
3444 1295 3530 1348 vi-

1961 1379 2196 1435 dendum
2223 1379 2531 1450 praebuerit,
2549 1388 2663 1435 tum
2688 1397 2816 1438 vero
2840 1382 2893 1435 in
2921 1383 3237 1438 servitutem
3268 1383 3530 1440 Romanis

1963 1472 2214 1527 universa
2240 1488 2371 1541 gens
2397 1474 2564 1529 cessit
2592 1490 2603 1525 :
2630 1474 2796 1545 369
2824 1483 2878 1529 et
2905 1491 3004 1545 pro
3030 1478 3223 1545 patriis
3256 1492 3320 1532 ac
3353 1478 3530 1547 legiti-

1960 1561 2065 1619 mis
2089 1562 2322 1618 ducibus
2357 1566 2566 1635 primus
2594 1564 2834 1621 Herodes
2857 1578 3115 1623 externus
3146 1569 3256 1624 illis
3286 1569 3526 1640 praefuit,

1960 1661 2015 1708 et
2054 1668 2150 1710 rex
2175 1655 2470 1725 Augustus.
2498 1656 2751 1723 Quandiu
2795 1657 2961 1727 igitur
2994 1675 3101 1714 non
3144 1660 3342 1717 defecit
3371 1661 3527 1731 prin-

284 1748 466 1819 μένων
494 1750 708 1822 πρῶτος
738 1723 981 1823 Ἡρώδης
1008 1748 1299 1819 ἀλλόφυλος
1321 1750 1497 1805 αὐτῶν
1527 1723 1845 1822 ἧγεῖταινκαῖ

1954 1761 2081 1816 ceps
2111 1746 2178 1803 de
2207 1723 2367 1813 Iuda,
2385 1764 2565 1819 neque
2586 1749 2696 1804 dux
2721 1749 2788 1805 de
2809 1723 3113 1809 femoribus
3132 1753 3276 1823 ejus,
3302 1723 3529 1824 prophe-

282 1839 546 1909 βασιλεὺς
580 1840 904 1910 Αὔγουστος.
930 1842 1075 1905 Ἕως
1119 1842 1216 1912 μὲν
1262 1837 1354 1896 οὖν
1397 1842 1517 1895 οὐδέ
1566 1860 1654 1896 πω
1685 1842 1854 1897 διελε-

279 1929 461 1984 λοίπει
492 1930 678 2003 ἄρχων
708 1932 767 1999 ἐξ
808 1931 995 2000 Ἰούδα,
1027 1932 1148 1985 οὐδὲ
1179 1932 1479 2005 ἡγούμενος
1507 1934 1571 1987 ἐκ
1603 1934 1710 1986 τῶν
1746 1952 1852 2006 μη-

281 2020 392 2091 ρῶν
428 2020 620 2087 αὐτοῦ,
659 2022 768 2076 τῶν
813 2022 1158 2095 προφητειῶν
1200 2026 1250 2077 oi
1298 2024 1476 2095 χρόνοι
1521 2024 1586 2077 ὲκ
1615 2026 1714 2097 τῆς
1744 2025 1852 2079 τῶν

279 2113 564 2184 ἀρχόντων
582 2114 677 2168 τοῦ
698 2114 882 2179 ἔθνους
905 2115 1252 2188 παραθέσεως
1270 2116 1653 2188 ἁνεγράφοντο.
1668 2117 1853 2181 Οὐτως

277 2201 371 2258 οὗν
427 2204 658 2268 Ἡσαΐας
698 2206 755 2259 ἐν
807 2204 1051 2277 βασιλείᾳ
1110 2205 1285 2270 Ὀζίου
1340 2208 1432 2262 καὶ
1465 2208 1685 2263 Ἰωάθαν
1709 2252 1723 2274 ,
1757 2211 1850 2262 καὶ

282 2295 484 2365 Ἀχαζ,
520 2297 614 2350 καὶ
664 2296 934 2363 Ἐζεκίου,
959 2298 1009 2352 οἳ
1055 2298 1404 2353 ἐϐασίλευσαν
1440 2301 1540 2371 τῆς
1577 2301 1845 2365 Ἰουδαίας,

277 2388 648 2459 ’προφητεύει⁸
684 2388 884 2460 ὁμοίως
931 2390 988 2443 δὲ
1036 2392 1129 2445 καὶ
1161 2390 1340 2463 Ὠσηέ.
1382 2392 1439 2445 '0
1479 2392 1534 2446 δὲ
1587 2391 1765 2463 Ἀμὼς
1790 2396 1848 2447 ἐν

275 2480 522 2552 ἡμέραις
560 2481 734 2545 Ὀξίου
788 2481 1052 2552 βασιλέως
1090 2483 1293 2548 Ἰούδα,
1360 2486 1453 2539 καὶ
1509 2486 1567 2538 ἐν
1617 2484 1849 2556 ἡμέραις

287 2572 575 2644 ἰεροϐοὰμ
613 2572 729 2627 υίοῦ
770 2573 939 2637 Ἰωάς,
978 2574 1238 2645 βασιλέως
1281 2577 1515 2648 Ἰσραὴλ,
1560 2578 1652 2630 καὶ
1685 2577 1848 2647 hepa-

273 2664 395 2728 νίας
454 2667 516 2719 ἐν
566 2665 800 2736 ἡμέραις
847 2666 1089 2730 Ἰωσίου,
1136 2666 1254 2721 υίοῦ
1312 2668 1527 2740 ’Ᾱμὼς,
1586 2667 1848 2739 βασιλέως

286 2755 478 2809 Ἰούδα.
530 2756 758 2827 Ὁμοίως
805 2755 860 2809 δὲ
908 2758 1001 2810 καὶ
1050 2757 1335 2830 Ἱερεμίας.
1388 2759 1525 2813 Ἀλλ’
1572 2760 1661 2813 ὅτε
1696 2758 1848 2812 ἐκλέ-

272 2843 459 2898 λοιπεν
498 2844 682 2917 ἄρχων
720 2844 780 2911 ἐξ
823 2847 1010 2910 Ἰούδα,
1039 2849 1133 2900 καὶ
1170 2848 1467 2919 ἡγούμενος
1499 2849 1563 2902 ὲκ
1602 2848 1709 2902 τῶν
1744 2863 1848 2919 μη-

275 2936 386 3007 ρῶν
419 2937 625 3003 αὐτοῦ,
675 2938 774 3009 τῆς
800 2938 887 2992 διὰ
940 2939 1032 2992 τοῦ
1083 2939 1316 3011 Χριστοῦ
1365 2940 1846 3013 προφητευομένης

1955 1839 2151 1893 tiarum
2188 1846 2432 1910 tempora
2470 1841 2739 1912 appositis
2780 1842 3091 1913 principum
3125 1846 3306 1915 gentis
3351 1847 3523 1902 nomi-

1952 1930 2114 1986 nibus
2142 1932 2473 1987 notabantur
2498 1951 2510 1989 :
2542 1932 2623 1988 sic
2649 1933 2793 1989 enim
2822 1934 2988 1991 Isaias
3012 1936 3115 1991 sub
3136 1938 3354 2007 regibus
3370 1937 3525 2005 Ozia,

1949 2016 2204 2085 Joathan,
2246 2020 2449 2085 Acbaz,
2484 2029 2539 2076 et
2577 2021 2833 2088 Ezechia,
2878 2025 2972 2094 qui
3019 2025 3073 2079 in
3098 2024 3284 2083 Judaza
3328 2044 3526 2099 regna-

1951 2119 2101 2175 runt,
2139 2113 2479 2183 prophetiam
2522 2130 2679 2171 suam
2738 2118 2978 2172 contexit
3014 2135 3026 2172 :
3071 2118 3328 2175 similiter
3363 2119 3520 2177 Osee.

1949 2204 2117 2260 Amos
2143 2219 2273 2259 vero
2305 2205 2358 2260 in
2393 2205 2585 2263 diebus
2615 2206 2762 2263 Ozias
2792 2210 2935 2279 regis
2966 2209 3126 2278 Juda,
3163 2222 3217 2267 et
3249 2213 3303 2267 in
3329 2213 3524 2270 diebus

1947 2294 2077 2350 Jesu
2109 2297 2201 2351 lilii
2225 2295 2358 2353 Joas
2415 2298 2558 2368 regis
2587 2300 2756 2356 Israel
2784 2319 2798 2356 :
2824 2312 2878 2357 et
2908 2300 3214 2371 Sophonias
3235 2304 3295 2357 in
3327 2304 3524 2361 diebus

1946 2386 2109 2443 Josia:
2159 2388 2253 2442 lilii
2303 2389 2468 2445 Amos
2511 2392 2656 2461 regis
2705 2389 2847 2447 Juda
2891 2410 2904 2445 :
2939 2393 3193 2449 similiter
3233 2392 3519 2451 Jeremias.

1950 2478 2054 2535 Sed
2082 2481 2174 2535 ubi
2202 2480 2400 2536 defecit
2432 2483 2684 2553 princeps
2712 2484 2781 2539 de
2805 2482 2943 2539 Juda
2972 2493 3027 2541 et
3057 2487 3167 2541 dux
3200 2489 3269 2543 de
3310 2487 3523 2543 femori-

1947 2569 2048 2625 bus
2073 2570 2216 2639 ejus.
2238 2585 2361 2627 cum
2385 2574 2719 2642 exspectatio
2741 2573 3002 2644 gentium,
3024 2575 3091 2630 de
3111 2589 3218 2646 qua
3244 2576 3522 2647 prophetae

1945 2660 2113 2715 locuti
2168 2661 2405 2726 fuerant,
2451 2662 2677 2731 jamjam
2708 2678 2805 2733 per
2843 2664 3126 2720 Christum
3182 2667 3345 2720 vitam
3374 2675 3521 2722 esset

1946 2751 2308 2817 illustratura,
2328 2766 2437 2807 non
2468 2754 2702 2824 amplius
2733 2770 2888 2825 reges
2903 2754 3042 2811 Juda
3075 2759 3313 2821 censeri,
3339 2774 3518 2829 neque

1945 2841 2299 2900 dnceslsrael
2329 2858 2563 2915 coepere,
2607 2845 2703 2901 sed
2746 2847 2833 2902 bis
2861 2847 3016 2916 ipsis,
3060 2848 3519 2917 quemadmodum

1946 2938 2244 3008 prophetiae
2291 2938 2759 3008 significaverant,
2796 2956 2899 2997 suo
2931 2949 3085 2996 certo
3114 2952 3167 2997 et
3200 2941 3350 2998 linito
3381 2950 3521 2998 tem-

274 3029 606 3101 προσδοκίας
653 3030 762 3083 τῶν
808 3029 976 3085 ἐθνῶν
1016 3033 1137 3087 ὅσον
1184 3032 1337 3087 οὔπω
1383 3034 1678 3106 μελλούσης
1726 3035 1845 3086 ἐπι-

1947 3044 2077 3098 pore
2120 3030 2517 3097 deficientibus,
2550 3033 2761 3102 primus
2809 3034 3030 3104 quidem
3082 3033 3384 3103 Augustus,
3440 3050 3521 3089 se-

271 3120 515 3191 λάμπειν
547 3121 626 3192 τῷ
660 3121 788 3193 βίῳ,
822 3123 1003 3177 οὐκέτι
1050 3130 1147 3196 μὲν
1195 3124 1430 3196 βασιλεῖς
1472 3127 1843 3197 ἐχρημάτισαν

283 3216 455 3270 Ἰούδα
475 3257 490 3280 ,
547 3216 668 3269 οὐδὲ
715 3215 1002 3287 ἡγούμενοι
1057 3218 1293 3290 Ἰσραήλ.
1347 3220 1562 3273 Τούτων
1619 3220 1676 3273 δὲ
1724 3223 1845 3284 ταῖς

267 3308 631 3380 προφητείαις
674 3308 978 3373 ἀκολούθως
1022 3309 1164 3363 κατὰ
1195 3312 1320 3374 τοὺς
1353 3311 1688 3382 ὡρισμένους
1719 3312 1844 3384 χρό-

267 3420 391 3468 νους
410 3402 843 3467 διαλελοιπότων,
868 3403 1082 3475 πρῶτος
1114 3405 1210 3475 μὲν
1240 3403 1564 3474 Αὔγουστος,
1594 3405 1843 3477 δεύτερος

265 3495 322 3549 δέ
368 3494 644 3566 Τιϐέριος,
704 3495 840 3566 μετὰ
881 3496 988 3549 τῶν
1031 3496 1206 3550 ἄλλων
1255 3498 1349 3550 καὶ
1413 3496 1506 3551 τοῦ
1574 3497 1842 3552 Ἰουδαίων

265 3585 456 3649 ἔθνους
490 3584 936 3658 ἀνηγορεύθησαν
970 3585 1226 3657 βασιλεῖς,
1258 3587 1312 3640 οῖ
1350 3604 1411 3640 τε
1444 3587 1586 3643 κατὰ
1619 3588 1841 3654 τούτους

266 3679 367 3748 τῆς
403 3678 677 3743 Ἰουδαίας·
700 3678 981 3751 ἐπίτροποι
1016 3681 1109 3734 καὶ
1138 3680 1455 3752 τετράρχαι,
1488 3681 1548 3734 οὐ
1575 3680 1679 3753 μὴν
1703 3682 1838 3736 ἀλλὰ

264 3772 361 3824 ναὶ
401 3770 670 3843 Ἡρώδης,
702 3770 777 3835 ὡς
812 3772 947 3843 ἔφην
980 3772 1078 3845 ἤδη
1122 3773 1215 3827 καὶ
1250 3773 1528 3845 πρότερον,
1571 3774 1632 3826 οὐ
1671 3791 1838 3845 προσ-

265 3864 418 3935 ήκων
466 3863 737 3926 Ἰουδαίοις
767 3864 827 3917 τὸ
867 3864 1040 3933 γένος,
1069 3864 1128 3927 ὃς
1173 3863 1267 3917 ml.
1309 3864 1470 3927 αὐτὸς
1502 3864 1652 3935 παρὰ
1707 3864 1837 3918 Ῥω-

271 3954 451 4024 μαίων
501 3954 600 4026 τὴν
625 3953 801 4026 ἀρχὴν
841 3954 939 4027 τὴν
972 3955 1112 4009 κατά
1157 3954 1424 4009 Ἰουδαίων
1452 3956 1830 4028 ἐγχειρίζεται.

1946 3123 2160 3178 cundus
2178 3136 2357 3181 autem
2386 3124 2655 3187 Tiberius.
2681 3132 2736 3180 et
2755 3125 2984 3180 aliarum
3009 3134 3064 3181 et
3082 3124 3320 3181 Iudaicae
3341 3127 3518 3195 gentis

1942 3215 2241 3285 nuncupati
2295 3223 2426 3271 sunt
2465 3230 2640 3286 reges,
2676 3231 2779 3272 nec
2811 3232 2920 3271 non
2960 3216 3051 3271 alii
3085 3216 3385 3273 secundum
3418 3217 3520 3271 bos

1940 3305 2091 3376 ipsos
2118 3304 2321 3362 Iudaeae
2348 3314 2735 3377 procuratores
2772 3315 2937 3375 atque
2965 3309 3277 3371 tetrarchae,
3313 3309 3517 3378 quibus

1940 3397 2329 3454 adnumeretur
2352 3397 2614 3460 Herodes,
2642 3414 2671 3452 a
2707 3397 3019 3454 Iudaeorum
3060 3414 3281 3468 genere,
3310 3406 3371 3453 ut
3396 3399 3514 3468 jam

1938 3497 2100 3544 antea
2130 3489 2263 3555 dixi,
2294 3490 2528 3553 alienus,
2558 3490 2650 3559 qui
2694 3490 2861 3545 etiam
2910 3490 3026 3559 ipse
3066 3504 3097 3543 a
3125 3488 3387 3544 Romanis
3416 3490 3516 3544 Ju-

1937 3581 2178 3636 daaorum
2217 3582 2583 3653 principatum
2634 3583 2867 3653 accepit.
2913 3582 3049 3638 Cum
3097 3582 3366 3638 hactenus
3395 3584 3513 3638 bare

1936 3673 2428 3740 observaverimus,
2462 3685 2678 3745 tempus
2721 3675 2836 3745 jam
2863 3674 3030 3729 fuerit
3074 3676 3248 3745 ipsius
3276 3672 3515 3746 prophe-

1936 3767 2026 3822 tiae
2066 3768 2583 3836 contemplationem
2619 3768 2908 3836 attingere,
2945 3786 2963 3819 ι
2994 3766 3167 3832 Juda,
3226 3778 3276 3824 Ie
3330 3770 3514 3824 lauda-

1935 3857 2072 3914 bunt
2122 3862 2317 3916 fratres
2360 3860 2475 3915 tui:
2514 3878 2536 3914 ι
2567 3875 2690 3915 cum
2731 3860 3020 3917 duodecim
3060 3862 3284 3917 omnino
3321 3871 3511 3918 essent

1922 3952 2029 4007 lilii
2059 3951 2252 4017 Jacob,
2291 3967 2479 4007 eorum
2522 3960 2753 4023 quartus
2805 3951 2906 4009 fuit
2948 3953 3111 4019 Juda,
3148 3954 3509 4037 quemadmo-

263 4047 484 4100 Τούτων
516 4048 648 4117 ἡμῖν
677 4047 1182 4119 προτετηρημένων,
1212 4047 1403 4119 καιρὸς
1431 4048 1531 4120 ἤδη
1557 4048 1711 4102 καλεῖ
1733 4049 1834 4120 τῆς

1944 4045 2061 4099 dum
2097 4053 2258 4099 antea
2301 4044 2562 4107 diximus.
2591 4060 2734 4101 unus
2759 4046 2922 4101 etiam
2973 4047 3091 4117 ipse
3143 4047 3211 4103 de
3244 4048 3510 4119 principi-

260 4139 345 4202 εἱς
365 4138 465 4209 τὴν
494 4137 831 4209 προφητείαν
863 4135 1093 4210 θεωρίας
1130 4137 1458 4208 ἐφάψασθαι,
1491 4158 1510 4191 ι
1546 4140 1734 4204 Ἰούδα,
1774 4140 1833 4193 σὲ

1944 4138 2034 4192 bus
2067 4137 2305 4191 tribuum
2327 4136 2504 4208 gentis
2531 4136 2807 4195 ilebraicae
2835 4138 2981 4195 :.sed
3011 4138 3156 4210 quod
3189 4154 3298 4194 non
3326 4142 3507 4211 ipsum

252 4230 572 4284 ‘aivécouatv
600 4231 648 4283 οἱ
670 4229 885 4300 ἀδελφοί
909 4246 1036 4284 σουο
1072 4248 1091 4282 ι
1124 4229 1328 4284 δώδεκα
1354 4230 1463 4283 τῶν
1486 4230 1623 4285 ὅλων
1658 4231 1834 4304 ὐπάρ-

1944 4228 2087 4283 illum
2118 4228 2456 4298 respicerent
2482 4243 2569 4293 ea,
2593 4246 2714 4300 qua:
2743 4232 2902 4301 quasi
2952 4232 3019 4287 ad
3071 4233 3247 4302 ipsum
3280 4246 3311 4286 a
3350 4244 3505 4303 patre

261 4322 468 4393 χόντων
492 4322 698 4376 παίδων
728 4321 806 4393 τῷ
849 4322 1061 4388 Ἰακὼϐ,
1100 4322 1357 4395 τέταρτος
1408 4322 1604 4387 Ἰούδας
1633 4318 1721 4394 ἦν,
1754 4324 1829 4386 ὼς

1944 4318 2077 4373 iicta
2109 4329 2258 4381 sunt,
2305 4318 2342 4373 ii
2380 4318 2698 4388 planissime
2758 4320 3144 4385 intellexerint,
3192 4321 3288 4392 qui
3339 4325 3504 4378 verba

262 4414 359 4467 καὶ
392 4413 700 4483 φθάσαντες
738 4414 1056 4487 εἰρήκαμεν,
1107 4412 1187 4478 εἷς
1220 4416 1312 4468 καὶ
1342 4415 1502 4478 αὐτὸς
1536 4415 1833 4487 ἀρχίφυλος

1944 4410 2131 4466 divinae
2161 4408 2458 4479 Scriptum
2500 4409 2790 4480 diligenter
2839 4413 3190 4474 attenderint,
3220 4422 3275 4466 et
3300 4412 3353 4466 in
3386 4414 3502 4482 pri~

259 4504 357 4558 τοῦ
396 4504 663 4576 Ἐϐραίων
696 4504 899 4569 ἔθνους.
942 4504 1080 4558 Ἀλλ’
1108 4506 1186 4559 ὅτι
1213 4522 1276 4574 γε
1308 4507 1409 4559 οὐκ
1436 4505 1595 4558 αὐτὸν
1627 4506 1831 4559 ἐκεῖνον

262 4596 410 4670 ἐώρα
437 4597 528 4651 τὸν
564 4597 736 4669 ἄνδρα
766 4596 835 4651 τὰ
874 4597 949 4661 ὡς
981 4598 1118 4669 πρὸς
1157 4596 1318 4651 αὐτὸν
1348 4597 1453 4651 ore
1487 4596 1580 4651 τοῦ
1627 4596 1833 4669 πατρὸς

263 4688 560 4760 εἰρημένα,
598 4688 767 4756 σαφὲς
809 4686 875 4741 ἂν
921 4685 1127 4757 γένοιτο
1179 4687 1292 4750 τοῖς
1337 4687 1660 4757 ἐπιστήσασι
1712 4689 1832 4749 ταῖς

261 4781 439 4849 λέξεσι
462 4779 562 4851 τῆς
595 4779 744 4843 θείας
784 4779 1025 4851 Γραφῆς,
1070 4777 1284 4851 πρῶτον
1323 4778 1417 4832 τοῦ
1470 4778 1663 4833 Ἰακὼϐ
1694 4780 1830 4851 πρὸς

260 4877 385 4940 τούς
439 4875 588 4938 υἱοὺς
638 4874 819 4945 φωνῆς
861 4874 1156 4947 λεγούσης·
1187 4894 1206 4927 ι
1243 4874 1496 4928 Ἐκάλεσε
1541 4872 1597 4927 δὲ
1636 4871 1831 4926 Ἰακὼϐ

260 4968 383 5032 τοὺς
404 4968 555 5031 υίούς
574 4966 760 5029 αὐτοῦ,
778 4968 871 5020 καὶ
895 4962 1015 5020 εἷπε
1034 4984 1049 4998 ο
1071 4966 1400 5039 Συνάχθητε,
1423 4966 1517 5020 καὶ⁵
1546 4963 1828 5034 ἀναγγελῶ

260 5055 406 5128 ὑμῖν,
434 5058 486 5111 τί
519 5060 646 5129 ὑμῖν
672 5060 1039 5131 ἀπαντήσεται
1063 5061 1149 5114 ἐπ’
1181 5061 1424 5130 ἐσχάτων
1449 5058 1558 5113 τῶν
1577 5058 1823 5131 ἡμερῶνο

262 5149 615 5222 ἁθροίσθητε,
657 5151 752 5204 καὶ
792 5150 1080 5217 ἀκούσατε,
1137 5153 1241 5205 υἱοὶ
1303 5150 1517 5215 Ἰακὼϐ,
1560 5150 1826 5205 ἀκούσατε

272 5239 506 5312 Ἰσραὴλ,
540 5237 638 5292 τοῦ
665 5241 868 5312 πατρδς
901 5240 1076 5312 ὐμῶν.
1099 5260 1118 5292 ι
1138 5240 1332 5310 Σαφῶς
1359 5241 1469 5311 γὰρ
1501 5238 1828 5307 ἐπαγγέλλε-

260 5345 346 5384 ται
369 5329 734 5404 προφητεύειν
766 5332 945 5396 αὐτοῖς
976 5331 1044 5384 τὰ
1079 5331 1340 5402 μέλλοντα
1373 5332 1553 5394 αὐτοῖς
1588 5332 1829 5403 ἀπαντή-

263 5423 447 5476 σεσθαι
476 5425 708 5495 μακροῖς
734 5421 859 5476 ὔστε
870 5440 958 5495 ρον
986 5424 1216 5494 χρόνοις,
1239 5425 1332 5476 καὶ
1355 5423 1430 5486 ὡς
1450 5422 1610 5487 αὐτός
1638 5440 1821 5494 φησιν,

262 5511 344 5566 ἐπ’
377 5515 606 5585 ἐσχάτου
642 5513 752 5568 τῶν
781 5514 1022 5587 ἡμερῶν.
1059 5517 1167 5569 Καὶ
1197 5515 1370 5579 ἄλλως
1391 5514 1451 5568 δέ
1483 5515 1551 5569 τὰ
1578 5515 1653 5579 ὡς
1689 5514 1825 5587 πρὸς

262 5603 353 5659 τὸν
392 5605 594 5660 Ἰούδαν
641 5606 906 5679 εἰρημένα
936 5607 1035 5660 οὐκ
1075 5607 1140 5661 ἂν
1184 5607 1418 5675 εὐλόγως
1457 5607 1826 5680 ἐφαρμόσαιεν

261 5695 341 5768 τῷ
368 5698 567 5772 πρώτῳ
598 5699 790 5769 ἐκείνῳ
820 5698 973 5769 ἀνδρί
993 5716 1007 5731 ’
1042 5699 1102 5753 οὐ
1129 5700 1236 5770 γὰρ
1260 5700 1465 5753 ἐκεῖνον
1494 5699 1583 5756 τὸν
1625 5697 1823 5755 Ἰούδαν

1931 4501 2039 4556 mis
2064 4514 2128 4555 ea
2159 4514 2280 4568 quae
2308 4501 2362 4554 in
2395 4515 2647 4556 sermone
2666 4499 2836 4556 Jacob
2868 4502 3239 4564 continentur,
3261 4501 3328 4555 ad
3361 4502 3503 4558 ﬁlios

1928 4591 2204 4648 dicentis:
2244 4608 2263 4641 ι
2303 4588 2530 4646 Vocavit
2561 4595 2742 4644 autem
2778 4588 2949 4644 Jacob
2995 4588 3135 4644 ﬁlios
3164 4603 3296 4644 suos
3330 4600 3386 4643 et
3412 4589 3501 4643 di-

1929 4686 2029 4749 xit,
2056 4683 2497 4756 Congregamini,
2532 4695 2586 4738 et
2617 4684 2953 4737 annuntiaho
2989 4682 3146 4737 vobis
3173 4681 3304 4752 quid
3330 4696 3501 4737 even-

1918 4786 2111 4833 turum
2160 4778 2232 4833 sit
2258 4776 2417 4832 vobis
2456 4774 2513 4830 in
2559 4773 2754 4830 diebus
2804 4774 3153 4839 novissimis;
3201 4788 3500 4844 congrega-

1928 4871 2061 4926 mini
2094 4877 2150 4925 et
2195 4869 2399 4933 audite,
2446 4868 2540 4923 ﬁlii
2590 4866 2781 4931 Iacob,
2839 4866 3022 4921 audite
3073 4866 3237 4921 Israel
3285 4874 3497 4935 patrem

1924 4973 2187 5020 vestrum.
2226 4981 2245 5014 ι
2278 4960 2448 5016 Plane
2480 4960 2625 5015 enim
2658 4959 2713 5013 in
2761 4959 2848 5013 his
2887 4957 3172 5029 pollicetur
3210 4972 3269 5012 se
3296 4957 3499 5026 pradi—

1922 5065 2141 5112 cturum
2176 5052 2259 5110 eis
2290 5068 2413 5124 quae
2434 5052 2570 5123 ipsis
2597 5060 2857 5107 eventura
2897 5050 3007 5106 sint
3027 5050 3188 5119 longo
3218 5058 3338 5118 post
3363 5056 3498 5103 tem-

1924 5163 2057 5220 pore
2082 5153 2158 5212 et,
2183 5153 2242 5200 ut
2275 5145 2391 5216 ipse
2417 5144 2515 5210 ait,
2537 5144 2593 5198 in
2623 5143 2939 5199 novissimis
2965 5141 3158 5196 diebus
3182 5159 3196 5194 :
3231 5150 3495 5209 praeterea

1924 5241 2018 5294 illa
2066 5240 2184 5309 ipsa
2232 5252 2355 5307 qua:
2390 5237 2549 5307 quasi
2598 5235 2664 5291 ad
2702 5233 2903 5290 ludam
2953 5233 3098 5287 dicta
3151 5242 3303 5295 sunt,
3340 5230 3496 5285 nullo

1922 5329 2087 5384 modo
2140 5330 2196 5383 in
2237 5328 2416 5399 primo
2463 5327 2584 5381 viro
2629 5324 3030 5381 accommodari
3069 5330 3322 5394 possunt.
3370 5320 3493 5375 Non

1923 5423 2070 5478 enim
2097 5421 2292 5476 fratres
2320 5421 2407 5475 sui
2447 5417 2646 5474 Iudam
2674 5418 2827 5473 illum
2860 5415 3213 5472 Iaudaverant
3240 5435 3254 5471 :
3287 5421 3491 5470 etenim

1923 5526 2023 5582 pro
2051 5511 2249 5580 quibus
2296 5509 2515 5564 tandem
2552 5508 2813 5577 praeclare
2845 5506 3012 5575 gestis
3041 5505 3351 5561 debuerunt
3384 5505 3492 5557 hoc.

1924 5602 2140 5659 facere?
2172 5600 2278 5658 Sed
2318 5617 2390 5656 ne
2422 5600 2725 5656 adorarunt
2764 5599 2985 5668 quidem
3018 5598 3170 5652 illum
3199 5596 3295 5651 lilii
3317 5594 3492 5665 patris

1924 5694 2032 5753 sui.
2060 5694 2223 5766 370
2253 5692 2436 5764 Longe
2465 5698 2647 5749 autem
2677 5692 2851 5763 magis
2893 5690 3177 5746 oraculum
3232 5684 3494 5744 conveni-
