3908 6266
464 310 569 360 δην

1132 301 1395 359 EUSEBII
1427 302 1900 357 CKESARIENSIS
1937 301 2087 357 OPP.
2138 299 2316 355 PARS
2356 301 2418 356 li.
2446 334 2514 343 —-
2551 301 3048 360 APOLOGETICA.

3587 313 3679 367 580

465 431 568 484 ret,
612 420 655 475 si
696 420 799 491 ipsi
851 420 1042 489 Ioseph
1095 421 1298 474 dictum
1350 431 1528 484 esset,
1576 418 2014 489 quandoquidem

2122 416 2314 486 ᾔνεσαν
2351 419 2400 469 οί
2451 418 2682 486 ἀδελφοί.
2717 419 2836 470 Ἐπὶ
2881 418 3017 488 ποίῳ
3066 417 3172 488 γὰρ
3205 420 3365 473 αύτοῦ
3421 427 3675 495 κατορθώ⁴

466 515 611 568 hunc
640 516 753 584 ipse
779 512 946 568 Judas
987 527 1092 566 una
1138 528 1260 566 cum
1311 514 1536 583 reliquis
1583 512 1843 566 fratribus
1898 509 2029 564 ado-

465 619 619 660 rasse
647 603 984 672 perhibetur,
1027 605 1242 658 tametsi
1275 604 1330 658 id
1361 605 1534 674 ipsum
1563 613 1684 658 ante
1718 603 1879 673 hujus
1901 619 2026 672 pro-

464 695 657 762 phetiae
679 694 843 748 verba
869 712 881 747 :
908 693 1137 763 posthac
1176 695 1320 748 enim
1354 709 1421 747 ne
1449 695 1552 763 ipsi
1581 692 1801 762 quidem
1827 690 2023 761 Ioseph

462 784 572 837 tale
614 783 911 852 quidquam
957 784 1277 854 contigisse,
1323 799 1387 838 ac
1425 784 1594 837 multo
1639 782 1801 836 etiam
1844 783 2025 836 minus

463 871 565 939 ipsi
591 869 747 933 Juda,
774 872 1002 928 historia
1023 872 1311 942 signiﬁcat.
1335 872 1398 926 Et
1427 873 1556 926 illud
1585 888 1597 922 :
1631 891 1648 922 ι
1685 871 2026 927 Recumbens

461 969 643 1016 autem
671 961 974 1018 dormivisti
1013 971 1072 1016 ut
1101 964 1206 1026 leo,
1235 971 1289 1018 et
1331 971 1390 1017 ut
1430 964 1663 1026 catulus,
1709 983 1726 1015 ι
1765 963 2024 1031 majorem

425 1067 596 1115 sane
645 1055 1006 1123 postulaverit
1050 1055 1592 1128 contemplationem,
1633 1069 1796 1124 quam
1847 1069 1910 1108 ea
1953 1054 2026 1107 sit

458 1160 583 1214 quae
603 1143 796 1199 Judam
827 1147 1102 1216 respiciat.
1124 1145 1265 1212 Quin
1289 1147 1450 1200 etiam
1481 1146 1612 1200 illud
1631 1145 1774 1216 quod
1809 1153 1932 1216 post
1960 1160 2022 1198 ea

453 1237 667 1290 dictum
697 1245 781 1292 est
814 1253 828 1287 :
857 1256 875 1288 ι
913 1237 1027 1291 Non
1053 1236 1266 1292 deﬁciet
1294 1238 1547 1306 princeps
1571 1235 1636 1290 de
1661 1233 1820 1297 Iuda,
1848 1250 2023 1304 neque

461 1330 571 1384 dux
601 1329 668 1383 de
701 1328 998 1383 femoribus
1031 1329 1171 1397 ejus,
1210 1329 1383 1382 donec
1412 1327 1632 1382 veniant
1659 1342 1778 1397 quae
1805 1326 1906 1396 ipsi
1937 1342 2024 1381 re-

457 1421 639 1491 posita
669 1429 818 1485 sunt,
846 1430 899 1475 et
927 1421 1045 1490 ipse
1072 1419 1405 1491 exspectatio
1432 1419 1694 1489 gentium,
1728 1438 1746 1469 i
1779 1425 2023 1487 tempora

462 1511 597 1564 mihi
639 1510 948 1580 signiﬁcare
978 1511 1190 1565 videtur
1216 1513 1356 1579 ejus,
1387 1511 1454 1565 de
1491 1525 1598 1579 quo
1630 1509 1912 1578 pr0pbetia
1938 1508 2020 1562 lo-

454 1601 667 1671 quitur,
700 1600 983 1655 adventus.
1020 1600 1130 1656 Hoc
1155 1602 1322 1665 enim,
1341 1600 1537 1670 inquit,
1561 1614 1668 1652 non
1696 1598 1818 1660 erit,
1850 1599 2022 1653 donec

456 1691 595 1746 illud
618 1692 864 1758 eveniat;
896 1707 1068 1762 neque
1095 1692 1238 1747 enim
1271 1692 1424 1761 prius
1441 1690 1690 1745 desinent
1720 1689 1774 1743 in
1796 1688 2020 1744 J-udaica

2137 526 2266 578 ματι
2294 507 2448 561 τοῦτο
2475 508 2732 580 ἐποίησαν
2763 510 2862 574 ἃν;
2903 511 3021 563 ούδέ
3063 510 3166 581 μὴν
3202 512 3394 584 ἐκείνῳ
3431 517 3676 584 προσεκύ-

2133 613 2300 667 νησαν
2337 599 2384 650 οἱ
2417 598 2520 649 υἱοὶ
2568 598 2662 651 τοῦ
2711 601 2932 671 πατρός.
2992 599 3208 653 Μᾶλλον
3239 601 3283 653 δ’
3333 602 3402 656 ἂν
3453 605 3482 656 ὁ
3539 604 3674 673 λόγος

2131 687 2401 758 ἥρμοσεν,
2437 691 2485 741 εί
2528 689 2605 759 τῷ
2647 692 2839 762 Ἰωσὴφ
2873 691 3094 763 εἴρητο·
3142 693 3325 765 ἐπειδὴ
3365 694 3551 748 τοῦτον
3575 698 3673 768 ἅμα

2131 783 2241 842 τοῖς
2272 779 2474 844 λοιποῖς
2501 781 2744 851 ἀδελφοῖς
2772 784 2864 835 καὶ
2893 783 3052 846 αὐτὸς
3092 783 3288 848 Ἰούδας
3315 790 3675 858 προσκυνήσας

2134 873 2378 942 φαίνεται
2399 891 2411 902 ·
2441 873 2580 943 πλὴν
2603 875 2736 928 ἀλλά
2759 875 2864 946 πρὸ
2887 875 2996 928 τῶν
3018 875 3188 944 λόγων
3217 877 3315 948 τῆς
3341 881 3672 948 προφητείας.

2132 964 2280 1017 Μετά
2314 965 2420 1035 γὰρ
2443 965 2663 1028 τούτους
2695 966 2845 1018 οὐδέν
2883 984 2935 1019 τι
2981 967 3250 1032 τοιοῦτον,
3283 967 3408 1021 οὐδὲ
3442 970 3564 1041 περὶ
3596 972 3674 1024 τὸν

2143 1055 2358 1126 Ἰωσὴφ,
2381 1057 2519 1126 ἦπου
2559 1073 2622 1123 γε
2649 1058 2776 1128 περὶ
2805 1058 2896 1110 τὸν
2927 1057 3124 1111 Ἰούδαν
3151 1061 3372 1128 γεγονὸς
3410 1063 3442 1131 ή
3487 1063 3672 1134 ἱστορία

2132 1147 2564 1217 παρίστησμΚαὶ
2590 1147 2670 1211 τὸ,
2691 1168 2708 1200 ι
2732 1147 3042 1202 Ἀναπεσὼν
3067 1150 3122 1202 δέ
3142 1151 3442 1223 ἐκοιμήθης
3461 1153 3533 1215 ὡς
3555 1153 3672 1207 λέων

2129 1237 2222 1288 καὶ
2241 1236 2314 1300 ὡς
2335 1236 2590 1307 σκύμνος,
2619 1256 2636 1288 ι
2650 1238 2887 1307 μείζονος
2907 1238 2972 1292 ἂν
2986 1240 3200 1312 δέοιτοῆ
3222 1241 3362 1296 κατὰ
3381 1247 3471 1296 τὸν
3496 1243 3672 1297 Ἰούδαν

2131 1327 2380 1400 θεωρίας.
2417 1329 2576 1382 Ἀλλὰ
2609 1331 2701 1394 κω.
2730 1330 2792 1383 τὸ
2833 1330 2968 1400 μετά
2999 1331 3169 1385 ταῦτα
3197 1332 3515 1404 εἰρημένον·
3538 1352 3554 1385 ι
3577 1334 3672 1388 οὐκ

2129 1419 2363 1489 ἐκλείψει
2413 1420 2593 1491 ἄρχων
2628 1421 2686 1487 ἐξ
2737 1421 2936 1488 Ἰούδα,
2985 1422 3105 1475 οὐδὲ
3147 1424 3451 1494 ἡγούμενος
3491 1425 3551 1476 ἐκ
3577 1424 3669 1476 τῶν

2132 1512 2318 1582 μηρῶν
2347 1513 2528 1576 αὐτοῦ,
2563 1513 2665 1576 ἕως
2690 1512 2753 1566 ἂν
2778 1514 2906 1588 ἔλθῃ
2935 1514 3004 1568 τὰ
3034 1515 3370 1586 ἀποκείμενα
3409 1515 3566 1586 αὐτῷ,
3591 1518 3669 1569 καὶ

2123 1602 2287 1664 αὑτὸς
2333 1601 2624 1673 προσδοκία
2657 1603 2851 1668 ἐθνῶν,
2883 1625 2903 1657 3
2947 1607 3072 1669 τοὺς
3103 1606 3330 1677 χρόνους
3365 1606 3668 1660 αἰνίττεσθαί

2132 1710 2218 1762 μοι
2240 1692 2385 1746 δοκεῖ
2405 1693 2503 1763 τῆς
2533 1693 2627 1746 τοῦ
2675 1697 3146 1768 προφητευομένου
3196 1698 3516 1769 παρουσίας.
3557 1698 3667 1751 Τόδε

458 1797 617 1854 gente
666 1785 942 1854 principes
993 1800 1057 1839 ac
1111 1785 1302 1849 duces,
1344 1799 1506 1854 quam
1561 1783 1801 1854 gentium
1843 1785 2020 1839 veniat

2122 1784 2248 1856 γὰρ,
2297 1787 2477 1856 φησὶν,
2517 1788 2617 1840 οὐκ
2665 1787 2839 1852 ἔσται,
2876 1789 2983 1842 ἔστ’
3025 1790 3090 1843 ἂν
3133 1791 3342 1858 γένοιτο
3372 1791 3519 1843 τόδε·
3565 1791 3666 1843 οὐδὲ

455 1877 814 1945 exspectatio,
844 1886 898 1931 et
925 1892 1046 1946 quae
1061 1877 1298 1946 reposita
1320 1882 1448 1931 sunt
1468 1875 1515 1930 ei
1540 1875 1608 1930 de
1633 1891 1741 1946 quo
1763 1876 2023 1946 propheta

457 1971 719 2039 loquitur.
754 1969 879 2025 Haec
927 1979 1110 2024 autem
1160 1970 1524 2040 interpretans
1558 1969 1914 2034 Theodotion,
1956 1970 2025 2024 ab

461 2064 594 2133 ipsis
619 2063 759 2116 LXX
793 2078 899 2116 non
923 2061 1120 2116 differt.
1157 2061 1352 2131 Aquila
1379 2076 1508 2116 vero
1537 2061 1592 2114 in
1625 2061 1768 2115 hunc
1805 2060 2022 2116 modum

459 2156 730 2225 exposuit,
763 2174 782 2206 ι
815 2171 922 2210 non
967 2154 1324 2209 suscitabitur
1370 2163 1642 2222 sceptrum
1679 2153 1745 2208 de
1787 2151 1946 2218 Juda,
1973 2161 2026 2207 et

454 2245 554 2313 qui
581 2244 851 2313 exquisite
891 2251 1186 2313 cognoscat
1217 2243 1286 2297 de
1315 2243 1496 2297 medio
1532 2245 1728 2312 pedum
1759 2246 1900 2314 ejus,
1928 2244 2026 2299 do-

460 2351 560 2390 nec
609 2337 794 2391 veniat
841 2347 896 2391 et
945 2337 1048 2405 ipsi
1095 2337 1442 2407 congregatio
1483 2338 1827 2406 populorum.
1867 2357 1886 2389 ι
1922 2337 2025 2392 Ubi

456 2443 583 2481 cum
605 2427 837 2489 dicatur,
877 2446 894 2477 ι
927 2443 1035 2480 non
1065 2427 1275 2481 deﬁciet
1302 2427 1554 2498 princeps
1579 2427 1646 2484 de
1673 2427 1831 2491 Juda,
1866 2449 1884 2480 ι
1924 2428 2027 2483 hoc

459 2518 588 2572 item
621 2517 690 2572 de
719 2518 840 2587 ipso
877 2516 970 2570 illo
1005 2516 1180 2585 primo
1205 2515 1344 2571 Juda
1371 2532 1479 2572 non
1515 2524 1726 2587 oportet
1754 2517 2018 2587 accipere,

454 2611 602 2666 sicut
633 2623 734 2664 nec
762 2607 916 2671 illud,
942 2626 960 2659 ι
987 2605 1146 2673 Juda,
1176 2617 1228 2662 te
1253 2607 1550 2662 laudabunt
1580 2607 1774 2664 fratres
1799 2609 1900 2668 tui,
1935 2627 1952 2660 ι
1971 2615 2028 2665 et

457 2715 580 2771 qua:
612 2707 938 2769 sequuntur,
981 2698 1046 2752 ad
1079 2698 1330 2753 eumdem
1363 2698 1514 2753 illum
1544 2699 1734 2753 referri
1763 2707 2021 2770 possunt:

460 2792 648 2847 multis
675 2791 822 2846 enim
861 2791 1076 2845 smeulis
1105 2790 1380 2859 principes
1405 2803 1470 2844 ac
1505 2789 1672 2845 duces
1703 2791 1758 2844 in
1800 2789 2025 2847 Iudaica

455 2893 614 2955 gente
647 2884 996 2946 exsuterunt,
1029 2883 1124 2952 qui
1154 2883 1222 2938 de
1249 2883 1394 2939 illius
1421 2883 1522 2938 viri
1556 2899 1752 2954 genere
1799 2883 2024 2953 profecti

461 2994 574 3033 non
602 2985 751 3034 sunt.
785 2977 1004 3031 Primus
1052 2992 1289 3047 namque
1337 2977 1453 3047 ipse
1485 2976 1663 3032 Moses
1695 2977 1802 3031 dux
1842 2976 2024 3046 populi

458 3069 583 3135 fuit,
616 3073 706 3140 qui
730 3086 838 3124 non
861 3070 928 3124 de
952 3069 1113 3134 Juda,
1147 3071 1242 3125 sed
1267 3069 1334 3124 de
1356 3068 1484 3125 Levi
1506 3077 1667 3123 natus
1695 3077 1805 3136 est;
1830 3069 2025 3125 deinde

2123 1877 2231 1948 γὰρ
2259 1879 2518 1949 πρότερον
2550 1879 2846 1935 παύσονται
2877 1881 2971 1934 τοῦ
3008 1882 3273 1935 Ἰουδαίων
3298 1881 3481 1945 ἔθνους
3501 1881 3666 1952 ἄρχον-

2121 1985 2213 2031 τες
2258 1970 2350 2022 καὶ
2404 1971 2781 2042 ήγούμενοι,ἢ
2830 1972 2929 2043 τὴν
2969 1972 3074 2025 τῶν
3137 1972 3307 2027 ἐθνῶν
3365 1973 3664 2046 προσδοκίαν

2123 2061 2328 2125 ἐλθεῖν,
2393 2062 2488 2116 καὶ
2557 2063 2626 2117 τὰ
2691 2065 3022 2135 ἀποκείμενα
3081 2064 3159 2135 τῷ
3210 2063 3660 2137 προφητευομένῳ.

2125 2152 2309 2206 Ταῦτα
2334 2153 2390 2206 δὲ
2415 2155 2615 2226 ὁμοίως
2645 2158 2754 2219 τοῖς
2797 2155 3189 2227 Ἑϐδομήκοντα
3218 2157 3314 2209 καὶ
3341 2159 3370 2209 ὁ
3401 2156 3662 2209 Θεοδοτίων

2125 2243 2482 2313 ήρμήνευσεν.
2521 2245 2576 2296 '0
2625 2245 2684 2298 δὲ
2723 2244 2952 2309 Ἀκύλας
2990 2246 3174 2300 τοῦτον
3219 2245 3448 2313 ἐξέδωκε
3478 2248 3563 2300 καὶ
3588 2247 3663 2299 τὸν

2125 2334 2349 2406 τρόπον·
2394 2353 2413 2386 ι
2450 2335 2562 2389 Οὐκ
2601 2337 2959 2407 ἀναστήσεται
2999 2337 3274 2410 σκῆπτρον
3329 2338 3436 2391 ἀπὸ
3494 2339 3660 2404 Ἰούδα,

2126 2426 2218 2477 καὶ
2243 2425 2669 2497 ἀκριϐαζόμενος
2699 2428 2805 2480 ἀπὸ
2839 2427 3036 2498 μεταξὺ
3071 2428 3244 2481 ποδῶν
3269 2428 3459 2492 αὐτοῦ,
3485 2429 3580 2492 ἔως
3607 2428 3662 2480 ἂν

2127 2515 2253 2588 ἔλθῃ
2279 2517 2370 2570 καὶ
2392 2517 2539 2588 αὐτῷ
2566 2518 2815 2589 σύστημα
2840 2519 3002 2572 λαῶν.
3023 2538 3040 2570 ι
3066 2519 3234 2573 Ἔνθα
3251 2519 3539 2591 λεγομένου
3561 2519 3658 2581 τοῦ,

2130 2625 2150 2657 ι
2171 2607 2286 2659 Οὐκ
2318 2607 2555 2676 ἐκλείψει
2585 2607 2766 2679 ἄρχων
2788 2608 2849 2673 ἐξ
2881 2606 3070 2672 Ἰούδα,
3099 2628 3117 2660 ›
3153 2609 3318 2662 πάλιν
3347 2610 3408 2663 οὐ
3439 2609 3558 2680 περὶ
3581 2607 3660 2660 106

2137 2700 2325 2764 Ἰούδα,
2353 2701 2514 2754 αὑτοῦ
2549 2701 2610 2772 δὴ
2642 2703 2848 2756 ἐκείνου
2873 2702 2966 2755 106
2995 2701 3213 2774 πρώτου
3238 2702 3433 2774 ἀνδρὸς
3472 2700 3662 2754 ἀκούειν

2119 2791 2340 2862 δεήσει,
2375 2791 2560 2864 ῶσπερ
2593 2794 2712 2846 οὐδὲ
2744 2794 2836 2859 τὸ,
2879 2812 2898 2844 ι
2948 2793 3135 2857 Ἰούδα,
3174 2794 3232 2846 σὲ
3283 2795 3574 2846 αἰνέσουσιν
3620 2793 3661 2844 οἱ

2123 2883 2342 2953 ἀδελφοί
2358 2901 2471 2947 σου,
2506 2903 2524 2935 ι
2558 2885 2651 2938 καὶ
2691 2885 2760 2939 τὰ
2792 2885 2940 2956 ἑξῆς,
2964 2885 3048 2938 ἐπ’
3096 2886 3308 2939 ἐκεῖνον
3347 2885 3658 2955 ἀναφέροιτο.

2125 2973 2403 3038 Πλείστοις
2437 2976 2480 3027 δ’
2507 2972 2598 3028 οὖν
2639 2977 2849 3047 χρόνοις
2875 2977 3132 3048 ἄρχοντες
3153 2978 3246 3030 καὶ
3277 2977 3560 3047 ἡγούμενοι
3582 2973 3658 3026 τοῦ

2141 3066 2406 3119 Ἰουδαίων
2439 3065 2622 3129 ἔθνους
2676 3067 3045 3138 κατέστησαν,
3095 3068 3194 3121 ούκ
3239 3069 3305 3121 ἐκ
3344 3067 3442 3138 τῆς
3479 3067 3660 3120 ἐκείνου

458 3159 590 3216 Jesu
625 3162 691 3216 de
734 3162 880 3215 tribu
915 3161 1169 3231 Ephrem,
1203 3169 1326 3232 post
1347 3177 1508 3232 quem
1537 3160 1749 3233 praefuit
1781 3160 2020 3215 Debbora

2122 3157 2216 3211 106
2246 3157 2434 3228 ἀνδρὸς
2458 3157 2726 3228 διαδοχῆς.
2754 3156 2974 3228 Πρῶτος
2999 3158 3096 3228 μὲν
3128 3157 3235 3229 γὰρ
3263 3157 3499 3227 Μωῦσῆς
3523 3157 3660 3218 αὐτὸς

458 3253 530 3306 de
564 3242 713 3306 tribu
738 3253 870 3306 item
899 3251 1157 3322 Ephrem,
1201 3261 1256 3306 et
1281 3251 1451 3307 Barac
1483 3252 1551 3307 de
1574 3253 1721 3308 tribu
1749 3251 2023 3321 Nephtha-

458 3347 576 3410 lim,
622 3355 746 3416 post
795 3361 932 3416 quos
971 3345 1192 3402 Gedeon
1224 3346 1290 3402 de
1318 3347 1462 3402 tribu
1511 3345 1780 3415 Manasse,
1828 3346 2024 3402 deinde

459 3437 604 3513 ﬁlius
643 3438 883 3504 Gedeon,
923 3449 978 3495 et
1013 3449 1134 3510 post
1163 3441 1309 3495 hunc
1338 3439 1510 3494 Thola
1545 3439 1612 3495 de
1635 3439 1822 3495 eadem
1855 3438 2018 3504 tribu,

459 3539 647 3599 postea
671 3530 884 3586 Esebon
907 3548 974 3587 ex
997 3532 1332 3596 Bethlehem,
1361 3539 1418 3587 et
1448 3538 1570 3602 post
1599 3531 1744 3585 hunc
1770 3531 1929 3585 Ailon
1955 3531 2024 3586 de

457 3624 602 3677 tribu
635 3623 916 3692 Zabulon;
951 3625 1096 3680 hunc
1135 3632 1356 3681 secutus
1404 3634 1486 3680 est
1519 3623 1743 3678 Labdon
1774 3623 1842 3678 de
1871 3623 2018 3677 tribu

458 3714 709 3784 Ephrem,
763 3717 958 3773 deinde
1013 3717 1282 3788 Sampson
1327 3717 1394 3773 de
1435 3719 1583 3772 tribu
1621 3715 1784 3784 Dan;
1832 3724 2021 3786 postea

455 3817 581 3857 cum
616 3806 733 3860 sine
760 3807 1001 3876 principe
1029 3815 1235 3872 essent,
1276 3807 1488 3877 praefuit
1516 3809 1649 3878 ipsis
1693 3808 1806 3862 Heli
1839 3823 2020 3863 sacer-

456 3895 557 3949 dos
587 3896 656 3951 de
685 3897 831 3950 tribu
860 3896 988 3952 Levi
1015 3915 1028 3951 :
1056 3898 1112 3951 hi
1141 3901 1323 3954 cuncti
1346 3899 1559 3968 judices
1588 3900 1681 3969 qui
1703 3899 2021 3968 judicabant

457 3988 626 4043 Israel
648 4005 757 4044 non
780 3989 846 4044 de
871 4006 1067 4059 genere
1096 3992 1267 4061 ipsius
1289 3991 1447 4057 Juda,
1473 3992 1567 4048 sed
1597 4007 1660 4046 ex
1679 3991 1908 4046 diversis
1930 3990 2022 4043 tri-

461 4081 638 4135 bubus
661 4097 727 4136 ex
751 4083 856 4136 alia
888 4085 1029 4137 alius
1057 4084 1299 4148 oriundi,
1331 4093 1386 4138 et
1408 4085 1501 4154 qui
1529 4090 1652 4155 post
1683 4083 1781 4138 hos
1809 4083 2017 4152 primus

458 4171 604 4239 apud
628 4187 723 4227 eos
757 4175 960 4243 regiam
991 4175 1308 4244 dignitatem
1353 4177 1561 4244 accepit
1595 4173 1747 4240 Saul,
1779 4173 1846 4228 de
1874 4173 2018 4227 tribu

460 4263 563 4316 fuit
611 4263 914 4334 Benjamin.
956 4266 1238 4333 Quomodo
1291 4267 1455 4338 igitur
1497 4267 1672 4323 illud:
1707 4285 1727 4318 ι
1766 4265 1885 4321 Non
1918 4266 2016 4322 de-

461 4351 604 4404 fit-iet
657 4353 908 4422 princeps
973 4357 1039 4411 de
1103 4355 1279 4422 Juda,
1327 4371 1504 4425 neque
1556 4357 1666 4410 dux
1716 4355 1784 4410 de
1848 4355 2016 4410 femo-

2121 3249 2362 3320 ἡγήσατο
2397 3248 2488 3301 106
2540 3248 2690 3312 λαοῦ,
2729 3249 2801 3319 μὴ
2843 3251 2906 3302 ἐκ
2948 3249 3044 3302 τοῦ
3096 3249 3301 3313 Ἰούδα,
3353 3249 3462 3302 ἀλλ’
3488 3251 3548 3302 ἐκ
3577 3246 3656 3301 106

2121 3339 2252 3394 Λευῖ
2283 3339 2539 3409 γεγονώς.
2574 3337 2706 3394 Εἶτα
2741 3340 2944 3412 Ἰησοῦς
2977 3342 3042 3394 ἐκ
3073 3340 3244 3411 φυλῆς
3281 3342 3533 3412 Ἐφραὶμ,
3558 3338 3656 3408 μεθ’

2118 3431 2177 3486 ὃν
2225 3429 2390 3504 ἦρξεν
2430 3433 2606 3487 αὐτῶν
2643 3431 2900 3505 Δεϐϐὡρα
2952 3436 3017 3487 ἐκ
3050 3433 3220 3504 φυλῆς
3285 3433 3549 3505 Ἐφραὶμ,
3579 3434 3656 3485 καὶ

2119 3524 2308 3596 Βαράκ
2344 3526 2408 3578 ἐκ
2450 3525 2622 3595 φυλῆς
2665 3524 3008 3595 Νεφθαλείμ·
3061 3525 3176 3596 μεθ’
3230 3524 3329 3588 οὒς
3375 3524 3564 3578 Γεδεὼν
3601 3525 3654 3576 ἐκ

2121 3614 2290 3685 φυλῆς
2347 3615 2645 3686 Μανασσῆ·
2702 3616 2888 3669 ἔπειτα
2931 3618 2959 3670 ὁ
3001 3616 3094 3670 106
3149 3616 3355 3670 Γεδεὼν
3397 3621 3535 3683 παῖς,
3577 3615 3654 3669 καὶ

2123 3708 2240 3775 μετ’
2274 3707 2434 3759 αὐτὸν
2459 3706 2614 3761 Θωλὰ
2638 3709 2702 3760 ἐκ
2741 3707 2910 3777 φυλῆς
2938 3709 3035 3778 τῆς
3073 3709 3272 3779 αὐτῆς·
3301 3709 3487 3762 ἔπειτα
3528 3709 3653 3759 Ἐσε-

2121 3798 2228 3851 6ὼν
2261 3801 2325 3852 ἐκ
2357 3799 2632 3870 Βηθλεέμ·
2674 3802 2766 3855 καὶ
2812 3799 2949 3871 μετὰ
2981 3799 3168 3855 τοῦτον
3195 3801 3370 3855 Αἰλὼν
3404 3803 3466 3855 ἐκ
3507 3799 3652 3870 φυλῆς

2120 3890 2426 3944 Ζαϐουλὼν·
2465 3890 2650 3944 ἔπειτα
2682 3891 2903 3946 Λαόδὼν
2959 3893 3024 3944 ἐκ
3053 3891 3224 3962 φυλῆς
3268 3893 3531 3964 Ἐφραίμ·
3573 3891 3650 3943 καὶ

2119 3980 2271 4047 αὖθις
2289 3981 2524 4053 Σαμψὼν
2551 3985 2614 4036 ἐκ
2645 3983 2815 4052 φυλῆς
2838 3983 2972 4036 Δάν·
2999 3982 3186 4037 ἔπειτα
3214 3985 3474 4056 ἀναρχίας
3497 3981 3649 4038 αὐτῶν

2117 4075 2429 4146 γενομένης,
2478 4075 2662 4145 ἠγεῖτο
2711 4073 2890 4126 αὐτῶν
2928 4073 3076 4128 Ἦλεῖ
3111 4078 3138 4128 ὁ
3189 4078 3370 4147 ἱερεὺς
3412 4079 3472 4130 ἐκ
3503 4076 3651 4146 φυλῆς

2116 4169 2248 4221 Λευῖ
2264 4184 2278 4198 ·
2313 4162 2454 4221 οὗτοι
2489 4167 2688 4229 πάντες
2711 4167 2892 4239 κριταὶ
2918 4168 3196 4239 κρίναντες
3219 4169 3312 4222 τὺν
3344 4169 3543 4238 Ἰσραὴλ
3566 4168 3649 4220 οὐκ

2115 4260 2180 4313 ἐκ
2219 4259 2460 4328 διαδοχῆς
2495 4259 2679 4323 Ἰούδα,
2721 4260 2786 4312 ἐκ
2829 4260 3096 4331 διαφόρων
3119 4261 3174 4312 δὲ
3214 4261 3416 4330 φυλῶν,
3457 4260 3648 4316 ἄλλοθεν

2114 4351 2270 4415 ἄλλος
2313 4351 2599 4421 γενόμενος
2619 4367 2633 4382 ·
2674 4352 2768 4404 καὶ
2813 4352 2841 4404 ὃ
2882 4369 2946 4421 γε
3012 4352 3148 4423 μετὰ
3194 4353 3417 4417 τούτους
3461 4353 3648 4423 πρῶτος

465 4442 615 4497 ribus
671 4443 812 4513 ejus,
866 4465 885 4498 ι
921 4456 979 4501 ut
1051 4449 1321 4518 quispiam
1387 4449 1617 4504 fortasse
1684 4449 2010 4517 putaverit,

2122 4444 2294 4497 αὐτῶν
2349 4443 2665 4514 βασιλεύσας
2726 4445 2896 4499 Σαοὺλ
2951 4446 3016 4499 ἐκ
3074 4445 3242 4517 φυλῆς
3282 4443 3350 4518 ἧν
3403 4444 3642 4514 Βενιαμίν.

456 4532 613 4602 371
645 4535 712 4588 ad
743 4537 1010 4607 principes
1039 4542 1106 4593 de
1138 4541 1284 4596 tribu
1334 4539 1474 4594 Iuda
1511 4555 1575 4594 ac
1614 4541 1780 4594 duces
1814 4540 2012 4597 refere-

457 4628 566 4688 tur,
592 4624 808 4692 quando
837 4627 1084 4682 videntur
1105 4646 1170 4683 ex
1221 4645 1329 4700 quo
1361 4638 1605 4700 tempore
1635 4639 1880 4686 mortuus
1930 4642 2014 4687 est

455 4711 624 4769 Jacob
665 4718 793 4771 totis
821 4721 1208 4788 propemodum
1267 4723 1414 4777 mille
1439 4723 1618 4787 annis,
1668 4739 1779 4778 non
1816 4740 1881 4779 ex
1906 4740 2014 4778 una

457 4805 601 4859 tribu
644 4807 815 4876 ipsius
853 4808 991 4864 Juda
1023 4811 1248 4880 profecti
1276 4851 1291 4876 ,
1319 4813 1413 4868 sed
1438 4828 1504 4868 ex
1536 4814 1639 4868 alia
1675 4815 1814 4870 alius
1844 4831 2016 4884 usque

457 4894 526 4948 ad
549 4902 790 4965 tempora
825 4898 1035 4954 David?
1058 4903 1204 4971 quod
1233 4903 1278 4957 si
1319 4913 1439 4974 post
1461 4912 1571 4957 tam
1605 4907 1806 4962 multos
1830 4914 1882 4961 et
1908 4905 2015 4959 Da-

456 4984 570 5048 vid,
602 4994 656 5039 et
688 4987 780 5056 qui
814 4989 914 5057 ipsi
943 4989 1107 5044 David
1135 4993 1188 5045 in
1209 5008 1378 5063 regno
1408 4995 1551 5064 apud
1581 4994 1860 5050 Judaicam
1885 5012 2015 5067 gen-

457 5083 562 5128 tem
588 5088 989 5147 successerunt,
1004 5081 1070 5136 de
1087 5084 1228 5137 tribu
1256 5083 1392 5138 Juda
1417 5086 1529 5140 nati
1558 5095 1702 5151 sunt,
1735 5087 2011 5142 sciendum

456 5173 636 5220 tamen
665 5169 762 5222 tibi
783 5177 886 5234 est,
924 5173 1068 5240 quod
1105 5174 1160 5228 hi
1201 5175 1305 5246 ipsi
1330 5193 1399 5231 ne
1426 5185 1570 5232 totos
1599 5179 1819 5248 quidem
1849 5180 2011 5249 quin-

455 5268 645 5325 gentos
675 5275 847 5316 annos
879 5262 1044 5317 totius
1074 5267 1249 5334 gentis
1281 5283 1505 5338 regnum
1559 5269 1803 5323 obtinere
1826 5276 2013 5338 potue-

459 5357 605 5412 runt,
637 5352 730 5405 sed
759 5353 924 5407 trium
999 5353 1262 5411 duntaxat
1313 5360 1583 5426 tribuum,
1614 5375 1678 5414 ac
1726 5376 1792 5414 ne
1822 5359 2009 5413 harum

456 5441 674 5510 quidem
706 5446 1000 5499 solidarum
1022 5487 1037 5511 ,
1067 5450 1265 5518 quippe
1293 5465 1417 5504 cum
1450 5452 1642 5507 iisdem
1676 5451 2011 5523 temporibus

457 5531 548 5583 alii
589 5534 807 5600 quidam
840 5537 892 5589 in
924 5551 1074 5606 parte
1127 5542 1329 5611 gentis;
1359 5543 1642 5611 ampliore,
1682 5551 1736 5598 et
1778 5544 1832 5597 in
1884 5544 2011 5598 totis

457 5637 647 5676 novem
709 5626 955 5682 tribubus
1006 5632 1386 5698 regnaverint:
1435 5650 1558 5688 nam
1604 5643 1725 5705 post
1783 5642 2010 5690 mortem

454 5710 785 5785 _Salomonis,
812 5732 930 5772 cum
965 5729 1074 5774 tota
1105 5736 1236 5789 gens
1261 5723 1325 5777 ab
1352 5722 1490 5780 Juda
1524 5725 1697 5782 divisa
1729 5726 1909 5794 fuerit,
1931 5726 2010 5797 ip—

2110 4536 2233 4600 Ιιῶς
2263 4533 2353 4590 οὖν
2394 4537 2475 4598 τὸ,
2511 4555 2530 4587 ι
2564 4537 2676 4590 Ούκ
2719 4536 2959 4606 ἐκλείψει
2999 4537 3179 4608 ἄρχων
3219 4537 3280 4602 ἐξ
3329 4537 3506 4601 Ἰούδα,
3543 4533 3643 4588 οὐδὲ

2108 4627 2406 4699 ἡγούμενος
2429 4629 2493 4680 ἐκ
2518 4627 2624 4680 τῶν
2657 4627 2844 4699 μηρῶν
2868 4628 3032 4680 αὐτοῦ
3062 4629 3156 4699 (ὡς
3184 4629 3247 4682 ἄν
3275 4626 3640 4699 τιςῇοίηθείη),ι

2111 4721 2203 4774 ἐπὶ
2231 4721 2356 4784 τοὺς
2395 4720 2459 4773 ἐκ
2488 4719 2658 4790 φυλῆς
2703 4719 2868 4776 Ἰούδα
2905 4720 3167 4790 ἄρχοντας
3197 4721 3290 4774 καὶ
3333 4717 3638 4790 ἡγουμένους

2111 4810 2544 4881 ἀνενεχθήσεται,
2583 4811 2670 4863 ὅτε
2706 4809 2983 4878 φαίνονται
3027 4810 3134 4864 ἀπὸ
3183 4811 3292 4864 τῶν
3323 4811 3519 4881 χρόνων
3559 4807 3642 4874 τῆς

2110 4903 2201 4957 τοῦ
2246 4902 2438 4956 Ἰακὼϐ
2471 4903 2725 4973 τελευτῆς
2750 4903 2890 4967 ὅλοις
2920 4902 3094 4956 ἔτεσιν
3131 4903 3297 4972 ἐγγύς
3337 4920 3436 4956 που
3478 4898 3642 4970 χιλίοις

2111 4995 2210 5047 ούκ
2255 4997 2317 5048 ἐκ
2362 4994 2526 5064 μόνης
2571 4995 2668 5065 τῆς
2713 4995 2882 5047 Ἰούδα
2924 4994 3096 5064 φυλῆς
3147 4994 3514 5066 προαχθέντες,
3545 4986 3639 5042 ἀλλ’

2111 5085 2296 5139 ἄλλοτε
2330 5085 2388 5150 ἐξ
2420 5086 2604 5156 ἄλλης,
2652 5085 2812 5156 μέχρι
2857 5086 2962 5139 τῶν
3010 5085 3174 5140 Δαδὶδ
3228 5086 3457 5155 χρόνων;
3500 5083 3556 5135 Εἰ
3593 5079 3639 5131 δὲ

2115 5177 2250 5246 μετά
2271 5177 2390 5240 τοὺς
2420 5176 2703 5238 τοσούτους
2729 5178 2758 5228 ὁ
2781 5176 2942 5229 Δαϐὶδ
2963 5178 3014 5230 οἵ
3035 5195 3095 5231 τε
3123 5179 3186 5232 ἐκ
3215 5177 3313 5246 τῆς
3347 5177 3524 5229 τούτου
3549 5171 3640 5224 διαο

2109 5267 2266 5338 δοχῆς
2297 5267 2707 5337 βασιλεύσαντες
2736 5267 2828 5320 τοῦ
2870 5268 3133 5321 Ἰουδαίων
3174 5268 3355 5329 ἔθνους
3390 5267 3450 5318 ἐκ
3490 5259 3638 5331 φυλῆς

2111 5360 2392 5428 γεγόνασιν
2433 5359 2620 5423 Ἰούδα,
2648 5358 2782 5411 ἀλλά
2819 5360 2920 5430 χρή
2955 5376 3014 5410 σε
3045 5359 3238 5412 εἰδέναι
3263 5359 3342 5412 ὅτι
3373 5356 3486 5410 οὐδὲ
3520 5352 3636 5409 ὅλοις

2114 5449 2484 5513 πεντακοσίοις
2506 5451 2648 5503 ἔτεσι
2671 5452 2960 5522 διήρκεσαν
2987 5442 3152 5514 οὗτοι,
3175 5449 3234 5502 οὐ
3263 5445 3454 5507 παντὸς
3476 5441 3636 5498 ἔθνους

2114 5540 2541 5610 βασιλεύσαντες,
2581 5539 2716 5592 ἀλλὰ
2763 5538 2935 5609 μόνων
2969 5538 3148 5608 φυλῶν
3187 5538 3368 5608 τριῶν,
3411 5532 3498 5586 καὶ
3532 5526 3633 5580 οὐδὲ

2111 5631 2243 5685 ὅλων
2268 5631 2496 5684 τούτων·
2540 5630 2660 5684 καθ’
2705 5629 2798 5693 οὓς
2841 5630 3015 5702 ἐτεροί
3065 5647 3205 5692 τινες
3245 5628 3518 5696 ἐτύγχανον
3553 5613 3633 5670 τοῦ

2102 5724 2350 5787 -πλείονος
2380 5724 2582 5789 ἔθνους,
2613 5724 2705 5776 καὶ⁵
2729 5723 2861 5778 ὅλων
2890 5739 2952 5791 γε
2985 5724 3140 5777 ἐννέα
3168 5720 3340 5792 φυλῶν
3378 5719 3468 5785 τὴν
3499 5712 3632 5782 βείω-⁸
