3908 6266
353 249 449 338 381

1200 281 1847 339 DEMONSTRATIONIS
1885 280 2337 341 EVANGELICAE
2373 287 2502 344 LIB.
2541 287 2673 344 VIII.

3475 301 3580 354 5252

353 399 500 453 λείαν
528 400 802 466 διέποντες
822 417 833 430 ·
866 400 1004 472 μετὰ
1028 401 1135 472 γάρ
1155 401 1250 472 τὴν
1278 401 1369 454 τοῦ
1402 402 1710 472 Σολομῶνος
1731 402 1904 454 τελευ-

2018 403 2134 458 sius
2157 402 2322 458 David
2353 420 2698 461 successores
2718 407 2904 472 trium,
2942 417 2999 463 ut
3025 410 3290 477 dicebam,
3311 412 3576 480 tribuum,

351 493 448 563 τὴν
494 491 857 560 διαιρεθέντος
903 493 997 546 τοῦ
1046 493 1244 556 παντὸς
1284 493 1468 558 ἔθνους
1491 495 1548 561 ἐξ
1590 495 1775 560 Ἰούδα,
1821 496 1917 548 τοῦ

351 584 517 640 Δαϐὶέ
547 586 778 655 διάδοχοι
815 586 1001 657 τριῶν,
1036 587 1112 650 ὡς
1143 586 1298 658 ἔφην,
1331 584 1437 641 οὐδ’
1460 589 1592 642 ὅλων
1623 589 1799 657 φυλῶν
1828 591 1919 644 ἐπὶ

353 676 451 745 τῆς
489 676 846 748 Ἰερουσαλὴμ
868 677 1175 730 ἐϐασίλευον
1206 678 1364 749 μέχρι
1387 678 1486 748 τῆς
1516 682 1595 744 είς
1627 679 1916 734 Βαϐυλῶνα

351 768 747 838 αἰχμαλωσίας.
779 770 912 822 Κατ’
935 771 1128 834 αὐτοὺς
1154 770 1210 822 δέ
1235 771 1324 823 ἐπὶ
1345 753 1551 834 τούτοις
1577 773 1667 824 ἐπὶ
1691 773 1790 842 τῆς
1811 773 1914 825 Σα-

354 857 586 928 μαρείας
616 856 762 910 οὕτω
786 858 1120 930 καλουμένης
1150 859 1374 924 πόλεως,
1402 861 1509 913 τῶν
1546 861 1700 915 ἐννέα
1737 861 1914 930 φυλῶν

349 948 642 1020 ἡγούμενοι
671 951 772 1004 ούκ
799 951 857 1017 ἐξ
899 951 1086 1014 Ἰούδα,
1115 952 1228 1005 ἀλλ’
1263 952 1322 1016 ἐξ
1362 953 1560 1025 ἐτέρων
1585 953 1762 1022 φυλῶν
1799 955 1915 1008 ἐτε-

351 1055 432 1106 ροι
470 1039 796 1105 διετέλεσαν,
842 1033 915 1094 ὧν
957 1041 1171 1113 πρῶτος
1214 1037 1282 1113 ἦν
1315 1043 1592 1114 Ἰεροϐοὰμ
1629 1046 1692 1098 ἐκ
1740 1047 1911 1116 φυλῆς

359 1127 617 1200 Ἐφραὶμ,
663 1131 754 1183 καὶ
787 1132 836 1184 οἰ
875 1131 1107 1201 καθεξῆς
1150 1134 1287 1203 μετὰ
1321 1133 1539 1188 τοῦτον·
1590 1135 1664 1199 ὠς
1696 1136 1813 1208 μηδ’
1853 1139 1910 1190 ἐν

343 1223 456 1282 τοῖς
489 1222 689 1292 μεταξὺ
722 1223 930 1294 χρόνοις
971 1228 1082 1288 τοῖς
1111 1225 1218 1278 ἀπὸ
1255 1227 1417 1280 Δαϐὶδ
1442 1229 1535 1280 ἐπὶ
1569 1227 1666 1299 τὴν
1694 1231 1772 1292 εἰς
1806 1230 1909 1284 Βα-

343 1311 556 1367 ϐυλῶνα
585 1317 959 1385 αἰχμαλωσίαν
995 1318 1120 1380 τοὺς
1146 1319 1208 1371 ἐκ
1235 1318 1404 1390 φυλῆς
1442 1319 1611 1374 ’ἰούδα
1639 1320 1731 1374 τοῦ
1776 1340 1908 1376 παν-

341 1407 432 1470 τὸς
463 1407 647 1471 ἔθνους
685 1408 1011 1478 ἡγήσασθαι.
1058 1409 1122 1462 Τί
1155 1410 1235 1463 δεῖ
1275 1410 1470 1480 λέγειν,
1511 1414 1585 1472 ὡς
1633 1414 1766 1484 μετὰ
1809 1415 1905 1486 τὴν

342 1498 452 1552 ἀπὸ
485 1499 801 1562 Βαϐυλῶνος
835 1499 1088 1553 ἐπάνοδον
1120 1496 1274 1566 αὖθις
1305 1503 1444 1574 ὑπὲρ
1479 1503 1545 1556 τὰ
1582 1507 1903 1562 πεντακόσια

341 1589 434 1659 ἔτη
473 1589 635 1661 μέχρι
665 1591 762 1662 τῆς
798 1588 894 1643 τοῦ
927 1591 1160 1662 Χριστοῦ
1191 1593 1452 1661 γενέσεως
1482 1594 1781 1652 διετέλεσαν
1808 1615 1903 1652 πο-

344 1681 520 1754 λιτείᾳ⁵
549 1682 818 1754 χρώμενοι
845 1684 1287 1757 ἀριστοκρατικῇ,
1319 1686 1428 1739 τῶν
1473 1689 1569 1758 μὲν
1601 1689 1738 1743 κατὰ
1771 1672 1899 1763 χρό-

2019 511 2083 549 ac
2113 511 2180 550 nc
2206 496 2396 550 harum
2429 499 2646 566 quidem
2695 500 2988 554 solidarum
3021 503 3070 556 iu
3094 502 3392 559 Jerusalem
3423 521 3579 576 reges

2019 583 2235 638 fuerunt
2263 601 2435 654 usque
2464 585 2530 640 ad
2550 585 2929 658 Babylonicam
2955 592 3184 648 cladem.
3221 592 3419 650 Iisdem
3448 612 3578 653 vero

2008 675 2350 745 temporibus
2397 677 2452 731 in
2485 677 2701 732 civitate
2748 694 2867 747 qum
2916 689 3147 736 vocatur
3174 681 3442 751 Samaria,
3473 705 3576 743 no-
3627 732 3633 752 .

2014 780 2132 818 vem
2158 765 2395 820 tribuum
2430 766 2597 822 duces
2621 783 2727 821 non
2768 768 2835 823 de
2858 771 3000 825 tribu
3033 771 3192 838 Juda,
3227 777 3320 830 sed
3352 792 3414 831 ex
3451 779 3574 833 aliis

2013 855 2104 908 alii
2136 857 2465 912 exstiterunt
2501 877 2513 912 :
2548 874 2776 928 quorum
2801 861 3006 930 primus
3053 863 3333 920 Jeroboam
3359 867 3479 931 l'uit,
3506 869 3574 924 de

2012 949 2158 1002 tribu
2191 948 2447 1020 Ephrem,
2480 966 2542 1006 ac
2573 952 2827 1021 deinceps
2854 955 2946 1021 qui
2983 955 3125 1010 hunc
3189 960 3360 1014 secuti
3418 971 3567 1025 sunt,

2011 1046 2071 1091 ut
2097 1055 2166 1094 ne
2187 1041 2378 1098 mediis
2425 1041 2645 1112 quidem
2681 1044 3014 1112 temporibus
3037 1061 3066 1098 a
3099 1045 3266 1102 David
3301 1066 3470 1120 usque
3499 1053 3567 1106 ad

2011 1138 2224 1200 tempus
2255 1147 2363 1202 quo
2394 1132 2449 1186 in
2487 1132 2816 1203 Babylonem
2845 1136 3045 1203 captivi
3098 1136 3246 1192 ducti
3289 1152 3438 1205 sunt,
3471 1142 3566 1195 ulli

2009 1221 2076 1276 de
2104 1223 2246 1277 tribu
2274 1224 2413 1278 Juda
2433 1225 2705 1278 universa:
2725 1225 2869 1294 genti
2903 1225 3235 1293 praafueriut.
3273 1230 3442 1285 Porro
3463 1247 3565 1286 au-

2007 1320 2114 1368 tem
2140 1314 2268 1384 quid
2301 1317 2588 1375 dicendum
2627 1327 2732 1386 εει,
2770 1324 3220 1394 quemadmodum
3275 1331 3396 1393 post
3427 1323 3568 1378 redi-

2006 1410 2120 1458 tum
2149 1405 2215 1461 de
2261 1405 2530 1478 Babylone
2573 1427 2764 1468 rursus
2801 1414 3112 1485 quingentis
3144 1413 3301 1469 annis
3331 1413 3566 1483 amplius

2005 1511 2177 1566 usque
2205 1497 2271 1553 ad
2295 1498 2499 1556 Christi
2547 1510 2724 1558 ortum
2759 1505 2991 1560 vixerint
3029 1522 3094 1560 eo
3130 1511 3274 1561 statu
3325 1504 3562 1559 civitatis

2004 1595 2237 1655 utentes,
2270 1590 2324 1644 in
2353 1607 2462 1661 quo
2507 1594 2608 1648 soli
2658 1595 2947 1665 optimates
2995 1612 3108 1651 rem
3147 1596 3564 1652 administrave-

2002 1679 2138 1744 rint,
2195 1682 2539 1751 pontilicibus
2569 1687 2754 1757 utique
2802 1689 2900 1742 toti
2947 1691 3093 1759 genti
3143 1689 3556 1759 imperantibus,

338 1789 462 1835 νους
492 1772 791 1843 ἀρχιερέων
829 1775 1145 1846 ἡγουμένων
1168 1776 1262 1829 τοῦ
1289 1775 1492 1842 ἔθνους,
1525 1778 1734 1844 οὐδενὸς
1759 1782 1816 1835 δὲ
1838 1784 1901 1835 ἐκ

2000 1786 2230 1841 quorum
2258 1775 2440 1830 nullus
2471 1777 2629 1846 plane
2664 1779 2732 1834 de
2775 1781 2919 1834 tribu
2980 1780 3119 1835 Juda
3145 1781 3468 1835 oriebatur?
3500 1788 3560 1834 ut

337 1864 434 1934 τῆς
482 1863 574 1917 τοῦ
629 1864 797 1920 Ἰούδα
846 1866 1058 1938 φυλῆς;
1098 1868 1238 1922 ὥστε
1287 1870 1345 1937 ἐξ
1391 1871 1643 1928 ἁπάντων
1699 1873 1900 1930 τούτων

335 1955 719 2026 παρίστασθαι,
771 1959 845 2029 μὴ
878 1961 970 2013 ἐπὶ
1001 1960 1091 2014 τὸν
1120 1963 1335 2034 πρῶτον
1373 1965 1575 2018 ἐκεῖνον
1612 1967 1777 2041 ἄνδρα
1809 1969 1900 2024 τὸν

346 2048 566 2113 Ἰούδαν,
597 2049 729 2121 μηδέ
761 2051 852 2103 ἐπὶ
880 2052 1007 2116 τοὺς
1049 2053 1319 2125 διαδόχους
1351 2057 1511 2111 αὐτοῦ
1537 2059 1899 2132 ἀναφέρεσθαι

327 2137 395 2190 τὸ
426 2139 634 2208 φάσκον
663 2141 871 2210 λόγιον·
912 2161 932 2194 ι
977 2145 1088 2198 Ούκ
1119 2146 1354 2217 ἐκλείψει
1382 2150 1563 2220 ἄρχων
1608 2149 1667 2215 ἐξ
1710 2152 1894 2216 Ἰούδα,

332 2229 452 2283 οὐδὲ
477 2231 778 2302 ἡγούμενος
803 2235 868 2287 ὲκ
895 2234 1000 2289 τῶν
1032 2237 1218 2308 μηρῶν
1258 2239 1452 2294 αὐτοῦ’
1485 2261 1504 2292 ι
1555 2243 1729 2311 μόνως
1757 2244 1802 2297 δ’
1832 2245 1898 2298 ἂν

333 2325 562 2396 συσταίη
593 2325 661 2378 τὰ
691 2327 830 2382 κατὰ
860 2328 952 2381 τὸν
979 2330 1158 2394 τόπον,
1189 2331 1237 2383 εί
1261 2331 1400 2385 κατὰ
1424 2334 1490 2387 τὰ
1513 2335 1742 2406 πρόσθεν
1765 2338 1896 2407 ἡμῖν

329 2416 719 2487 ἀποδεδομένα,
747 2419 872 2490 περὶ
897 2421 995 2491 τῆς
1018 2421 1189 2491 φυλῆς
1216 2423 1428 2494 ἁπάσης
1451 2424 1698 2494 λέγεσθαι
1725 2427 1895 2482 ταῦτα

327 2508 641 2578 νοήσαιμεν.
675 2507 823 2581 Αὕτη
852 2511 978 2580 γοῦν
1011 2513 1269 2584 ἀρχῆθεν,
1312 2513 1371 2579 ἐξ
1402 2516 1578 2569 αὐτῶν
1609 2517 1718 2571 τῶν
1756 2520 1896 2574 κατὰ

328 2600 569 2653 Μωῦσέα
596 2601 821 2671 χρόνων,
846 2603 940 2656 τοῦ
969 2605 1167 2669 παντὸς
1208 2605 1392 2670 ἔθνους
1430 2609 1672 2678 ἡγήσατο
1693 2625 1708 2642 ·
1755 2611 1894 2666 κατὰ

326 2692 459 2759 γοῦν
486 2693 586 2764 τὴν
609 2693 812 2764 ταύτης
846 2696 1215 2767 ἐπικράτειαν,
1249 2697 1323 2760 ὡς
1361 2698 1427 2751 ἂν
1468 2699 1705 2770 ἀρχῆθεν
1742 2702 1892 2772 ἡγεῖ-

326 2783 453 2838 σθαι
471 2786 988 2858 προκεχειρισμένης
1015 2787 1117 2840 ὑπὸ
1140 2787 1232 2841 τοῦ
1255 2789 1409 2854 Θεοῦ,
1446 2791 1670 2845 Ἰουδαία
1699 2810 1756 2846 τε
1784 2795 1894 2846 εἰσ-

329 2876 409 2929 έτι
472 2876 568 2930 νῦν
595 2877 704 2930 ἀπὸ
735 2879 832 2949 τῆς
861 2879 1030 2950 φυλῆς
1050 2880 1084 2949 ἦ
1115 2897 1177 2948 γε
1218 2879 1366 2952 χώρα
1407 2881 1775 2954 ἐπικέκληται,
1797 2885 1892 2939 καὶ

326 2965 389 3018 τὸ
423 2967 532 3019 πᾶν
573 2966 749 3020 αὐτῶν
798 2966 1050 3038 σύστημα
1101 2968 1364 3023 Ἰουδαίων
1408 2970 1889 3041 προσαγορεύεται.

325 3055 484 3110 Οὕτω
511 3058 687 3111 τοίνυν
719 3060 1010 3130 νοήσαιμεν
1038 3059 1098 3113 τὸ
1121 3059 1428 3130 λεγόμενον,
1461 3062 1534 3124 ὡς
1559 3064 1606 3115 εἰ
1634 3063 1892 3130 σαφέστε-

327 3167 420 3220 ρον
462 3134 674 3218 ἔλεγεν·
713 3152 826 3204 Ούκ
857 3152 1092 3220 ἐκλείψει
1133 3152 1227 3206 τοῦ
1262 3153 1458 3216 παντὸς
1501 3153 1685 3217 ἔθνους
1724 3157 1889 3226 ἡγου-

327 3241 464 3311 μένη
489 3244 522 3310 ἡ
544 3241 637 3294 τοῦ
654 3243 822 3296 Ἰούδα
844 3243 1003 3314 φυλή.
1022 3245 1080 3297 Ὁ
1098 3243 1226 3312 γοῦν
1249 3245 1563 3316 Σύμμαχος,
1588 3263 1607 3297 ι
1644 3248 1704 3299 ού
1733 3265 1888 3319 περι-

320 3333 688 3404 αιρεθήσεται,
739 3336 922 3406 φησὶν,
954 3335 1165 3400 ἐξουσία
1195 3336 1301 3389 ἀπὸ
1357 3335 1542 3400 Ἰούδα,
1571 3357 1591 3388 ι
1639 3337 1701 3392 τὸ
1736 3338 1887 3405 ἐξου-

323 3425 601 3480 σιαστικὺν
623 3425 794 3497 δήπου
828 3427 921 3481 καὶ
944 3427 1167 3499 ἀρχικὸν
1194 3427 1408 3500 ἀξίωμα
1433 3429 1532 3499 τῆς
1561 3429 1695 3500 μετὰ
1715 3429 1886 3484 ταῦτα

322 3517 634 3589 ὑποστάσης
659 3518 752 3572 τοῦ
791 3519 955 3573 Ἰούδα
996 3520 1166 3592 φυλῆς
1194 3520 1483 3592 παριστάς.
1514 3521 1727 3594 Ταύτης
1756 3523 1886 3592 γοῦν

319 3607 441 3661 οὔτε
481 3609 541 3662 τὸ
570 3609 862 3680 σκῆπτρον,
892 3609 967 3673 ὡς
993 3611 1022 3663 ὁ
1061 3610 1289 3676 Ἀκύλας
1312 3612 1442 3682 φησί
1491 3612 1806 3685 (βασιλικῆς
1830 3614 1885 3668 δὲ

321 3701 480 3753 τοῦτο
516 3700 780 3772 σύμϐολον
819 3697 887 3772 ἦν
911 3701 1127 3774 ἀρχῆς),
1157 3702 1278 3756 οὔτε
1316 3703 1413 3773 τὴν
1447 3703 1710 3770 ἐξουσίαν,
1745 3707 1885 3760 κατὰ

316 3792 409 3848 τὸν
447 3791 761 3864 Σύμμαχον,
795 3794 1302 3866 περιαιρεθήσεσθαι
1327 3793 1588 3860 θεσπίζει,
1625 3816 1644 3849 ι
1686 3796 1789 3861 ἔως
1817 3797 1883 3852 ἂν

317 3881 466 3954 ἔλθῃ,
509 3885 694 3955 φησὶν,
733 3876 778 3952 ᾧ
808 3884 1112 3950 ἀπόκειται,
1145 3904 1164 3936 ι
1201 3885 1294 3938 καὶ
1339 3886 1500 3939 αὑτὸν
1529 3886 1745 3941 ἔσεσθαι
1775 3888 1882 3942 τῶν

315 3975 485 4028 ἐθνῶν
519 3976 862 4046 προσδοκίαν.
909 3975 1075 4030 Ποίαν
1107 3975 1309 4047 ταύτην
1355 3977 1676 4048 προσδοκίαν
1710 3978 1743 4049 ἢ
1783 3978 1881 4049 τὴν

316 4067 482 4120 πάλαι
529 4066 610 4136 τῷ
647 4066 894 4138 Ἀϐραὰμ
927 4069 1020 4122 καὶ
1061 4071 1174 4133 τοῖς
1207 4069 1323 4138 μετ’
1359 4069 1518 4124 αὑτὸν
1547 4072 1880 4145 προπάτορσι

314 4156 855 4229 κεχρηματισμένην;
881 4157 1102 4229 Πρῶτον
1133 4158 1230 4229 μὲν
1257 4154 1348 4212 οὖν
1382 4158 1679 4231 θαυμάζειν
1709 4161 1876 4229 ἄξιον,

313 4249 481 4313 ὅπως,
513 4247 719 4302 δώδεκα
743 4249 919 4304 οὐσῶν
952 4249 1059 4304 τῶν
1098 4254 1226 4323 παρ’
1268 4252 1534 4324 Ἑϐραίοις
1577 4253 1779 4324 φυλῶν,
1819 4255 1878 4322 ἐξ

312 4340 569 4410 οὐδεμιᾶς
597 4339 759 4409 ἄλλης
786 4339 820 4411 ἢ
849 4340 955 4393 ἀπὸ
986 4341 1151 4412 μόνης
1179 4341 1275 4411 τῆς
1309 4342 1475 4395 Ἰούδα
1506 4346 1539 4415 ἡ
1569 4342 1662 4396 τοῦ
1695 4344 1877 4408 ἔθνους

1995 1862 2108 1931 jam
2138 1879 2204 1920 ex
2228 1863 2314 1920 his
2334 1867 2590 1923 omnibus
2616 1870 2853 1939 perspici
2881 1871 3073 1941 possit,
3101 1886 3208 1925 non
3234 1870 3299 1924 ad
3323 1872 3558 1941 primum

1999 1952 2150 2008 illum
2180 1952 2399 2020 Judam,
2453 1973 2629 2028 neque
2661 1959 2728 2013 ad
2755 1960 2902 2018 illius
2942 1977 3288 2018 successores
3316 1961 3560 2017 referen-

1997 2046 2125 2101 dum
2143 2063 2265 2104 esse
2283 2050 2562 2104 oraculum
2588 2051 2740 2119 illud,
2757 2052 2944 2110 dicens
2965 2073 2977 2108 :
3002 2071 3019 2104 ι
3045 2068 3153 2107 ηοη
3177 2053 3388 2108 deﬁciet
3405 2052 3558 2123 prin-

1996 2153 2124 2210 ceps
2151 2139 2218 2195 de
2239 2139 2397 2207 Juda,
2429 2159 2603 2214 neque
2637 2143 2746 2198 dux
2776 2145 2844 2200 de
2890 2144 3186 2201 femoribus
3217 2149 3336 2216 ejus
3357 2185 3372 2209 ,
3403 2163 3424 2197 ι
3463 2145 3558 2200 sed

1996 2245 2059 2285 ea
2085 2245 2206 2300 quae
2226 2230 2292 2283 ad
2314 2231 2647 2287 bunclocum
2671 2235 2964 2303 pertinent,
2981 2251 3090 2289 uno
3117 2235 3556 2290 duntaxatmodo

1995 2331 2248 2379 constare
2271 2339 2452 2393 posse,
2494 2325 2539 2380 si
2571 2326 2870 2380 secundum
2910 2343 2973 2382 ea
3007 2343 3126 2398 quae
3153 2328 3304 2398 prius
3338 2342 3367 2380 a
3396 2329 3556 2383 nobis

1994 2414 2060 2470 de
2089 2422 2202 2470 tota
2241 2417 2383 2470 tribu
2416 2419 2658 2487 exposita
2692 2427 2861 2485 sunt,
2919 2419 3033 2474 hare
3064 2421 3177 2490 ipsa
3211 2420 3553 2490 intelligenda

1992 2521 2114 2562 esse
2143 2501 2460 2564 dixerimus.
2509 2508 2634 2565 Haec
2683 2511 2827 2566 enim
2882 2511 3060 2566 tribus
3107 2511 3176 2565 ab
3221 2511 3377 2564 initio
3403 2519 3458 2566 et
3486 2511 3555 2566 ab

1991 2598 2166 2669 ipsius
2192 2614 2364 2669 usque
2393 2599 2558 2656 Mosis
2583 2601 2921 2672 temporibus
2957 2602 3225 2656 universas
3244 2604 3420 2672 gentis
3442 2601 3556 2656 dux

1992 2687 2096 2743 fuit
2129 2709 2142 2744 :
2177 2691 2695 2760 itaquesecundum
2731 2693 2895 2760 hujus
2934 2693 3320 2762 principatum,
3370 2701 3555 2764 utpote

1991 2797 2155 2852 quam
2187 2780 2328 2838 Deus
2358 2783 2569 2839 caeteris
2595 2783 2662 2836 ab
2689 2783 2842 2838 initio
2866 2782 3188 2853 praelecerit,
3221 2790 3275 2838 et
3304 2784 3422 2852 ipsa
3464 2799 3554 2837 re-

1990 2873 2080 2944 gio
2101 2873 2423 2929 etiamnunc
2452 2873 2521 2929 ab
2549 2890 2612 2930 ea
2645 2874 2763 2945 ipsa
2795 2875 2964 2938 tribu,
2996 2873 3194 2929 Judaeaa
3216 2873 3550 2928 vocabulum

1990 2963 2221 3030 obtinet,
2249 2972 2303 3018 et
2331 2963 2508 3019 omnis
2536 2963 2750 3019 illorum
2789 2972 3087 3019 conventus
3115 2963 3425 3020 Iudaeorum
3455 2979 3553 3034 ap-

1991 3055 2239 3124 pellatur.
2271 3053 2362 3110 Sic
2390 3055 2553 3125 igitur
2603 3056 2969 3127 intelligamus
3006 3055 3150 3126 quod
3193 3055 3397 3110 dictum
3443 3067 3548 3120 est,

1989 3152 2247 3216 tanquam
2303 3146 2350 3201 si
2400 3145 2745 3203 manifestius
2781 3147 3024 3212 dixisset,
3059 3164 3168 3203 non
3206 3147 3417 3202 desinet
3449 3148 3551 3202 toti

1987 3236 2132 3306 genti
2152 3250 2384 3305 praeesse
2400 3236 2578 3292 tribus
2592 3235 2620 3290 Ι
2627 3237 2752 3302 uda,
2773 3237 2936 3308 3'72
2951 3253 3016 3292 ex
3038 3253 3146 3308 quo
3166 3235 3548 3308 Symmachus,

1992 3345 2011 3378 ι
2047 3325 2167 3380 Non
2219 3326 2514 3392 auferetur,
2561 3328 2758 3398 inquit,
2813 3336 3055 3398 potcStas
3098 3328 3164 3382 de
3197 3326 3356 3391 Juda,
3390 3347 3412 3380 ι
3465 3328 3550 3381 sic

1985 3419 2174 3489 utique
2195 3418 2338 3488 juris
2363 3417 2643 3487 cujusdam
2667 3420 2964 3489 amplioris,
2995 3429 3048 3474 et
3080 3420 3417 3490 principatus
3446 3435 3548 3472 at;-

1985 3510 2290 3566 ctoritatem
2331 3511 2451 3582 ejus
2492 3526 2611 3581 quae
2641 3518 2828 3581 postea
2860 3515 3042 3566 futura
3069 3520 3213 3566 esset
3246 3511 3420 3567 tribus
3447 3510 3544 3565 Ju-

1984 3600 2074 3664 da,
2114 3602 2271 3657 nobis
2322 3601 2724 3674 intelligendam
2779 3617 3108 3674 proponens.
3167 3601 3342 3670 Iiujus
3398 3602 3544 3656 enim

1983 3709 2159 3765 neque
2180 3703 2474 3764 sceptrum,
2509 3703 2568 3748 ut
2585 3692 2776 3765 Aquila
2807 3693 2982 3765 inquit
3009 3694 3162 3767 (regii
3190 3708 3352 3763 porro
3392 3694 3513 3763 prin
3531 3722 3546 3732 -

1982 3789 2194 3858 cipatus
2226 3789 2439 3860 signum
2471 3789 2575 3844 hoc
2606 3789 2760 3860 erat)
2787 3829 2803 3855 ,
2859 3801 3036 3856 neque
3084 3794 3403 3856 potestatem
3435 3825 3448 3848 ,
3485 3792 3544 3838 ut

1985 3879 2362 3952 Symmachus,
2403 3882 2674 3938 sublatum
2708 3882 2775 3936 iri
2803 3881 3154 3944 vaticinatur,
3195 3897 3212 3930 ι
3247 3878 3420 3932 donec
3450 3891 3545 3931 ve-

1982 3974 2119 4038 niat,
2147 3974 2345 4044 inquit,
2369 3975 2457 4029 cui
2485 3974 2782 4044 repositum
2812 3977 2919 4035 est,
2951 3989 2971 4022 ι
3023 3979 3184 4038 atque
3216 3968 3391 4038 ipsum
3429 3965 3546 4021 fore

1979 4066 2438 4136 exspectationem
2460 4065 2718 4135 gentium.
2751 4062 2855 4118 Sed
2885 4077 3048 4133 quam
3077 4060 3296 4114 tandem
3318 4073 3546 4128 exspec-

1981 4155 2262 4221 tationem,
2291 4155 2397 4209 nisi
2442 4154 2510 4209 de
2540 4169 2648 4224 qua
2676 4154 2804 4208 olim
2846 4161 2900 4207 et
2937 4150 3042 4222 ipsi
3074 4149 3370 4214 Abraham,
3393 4159 3446 4204 et
3472 4149 3544 4202 iis

1979 4244 2075 4315 qui
2104 4245 2373 4300 Abraham
2407 4245 2578 4300 secuti
2612 4251 2739 4299 sunt
2783 4242 3049 4314 patribus,
3082 4241 3299 4295 oracula
3330 4240 3542 4295 reddita

1979 4337 2132 4391 sunt?
2155 4335 2396 4390 Primum
2424 4337 2588 4407 igitur
2613 4335 2868 4390 admirari
2884 4349 3061 4406 operae
3083 4333 3317 4402 pretium
3351 4331 3539 4396 fuerit,

313 4428 477 4482 εἰσέτι
505 4428 598 4481 νῦν
624 4429 1008 4499 ἀναγορεύεται
1038 4431 1402 4501 προσηγορία·
1436 4433 1496 4484 ού
1530 4434 1595 4486 δι’
1627 4433 1810 4504 ἓτερον
1839 4435 1872 4505 ἤ

1989 4428 2106 4498 quid
2140 4428 2233 4494 ita,
2263 4442 2384 4482 cum
2413 4427 2696 4483 duodecim
2722 4427 3068 4482 Hebraeorum
3087 4425 3264 4478 tribus
3287 4433 3490 4487 essent,
3507 4440 3538 4476 a

311 4518 397 4572 διὰ
427 4520 490 4572 τὸ
520 4518 621 4588 τῆς
653 4520 981 4590 προφητείας
1010 4520 1207 4588 λόγιον,
1236 4523 1301 4592 τῇ
1330 4521 1423 4574 τοῦ
1462 4521 1628 4575 Ἰούδα
1651 4523 1788 4594 φυλῇ
1818 4524 1877 4576 τὸ

311 4611 535 4683 ἀρχικὸν
591 4611 858 4681 περιάψαν
902 4611 1136 4682 ἀξίωμα.
1183 4610 1340 4664 Ἀλλὰ
1387 4612 1480 4666 καὶ
1522 4614 1622 4685 τὴν
1652 4615 1875 4685 πάτριον

311 4702 490 4754 αὐτῶν
523 4701 704 4773 χώραν
748 4702 1003 4756 Ἰουδαίαν
1047 4702 1133 4756 διὰ
1164 4702 1260 4774 τὴν
1286 4703 1451 4774 αὐτὴν
1489 4704 1877 4760 ἀποκαλεῖσθαι

314 4793 596 4864 συμϐαίνει
627 4794 822 4848 αἰτίαν.
877 4795 1028 4848 Ἐπεὶ
1063 4794 1150 4849 διὰ
1197 4795 1247 4846 τί
1283 4795 1356 4867 μὴ
1390 4795 1496 4848 ἀπὸ
1533 4795 1626 4849 τοῦ
1659 4796 1875 4869 πρώτου

310 4887 416 4939 τῶν
441 4884 667 4950 δώδεκα,
701 4885 842 4954 λέγω
876 4885 934 4940 δέ
965 4886 1072 4940 ἀπὸ
1109 4886 1201 4940 τοῦ
1235 4886 1476 4958 Ῥουϐὶμ,
1506 4887 1566 4939 τὸ
1601 4887 1748 4951 ἔθνος
1775 4890 1875 4942 αύ-

312 4977 415 5032 τῶν
461 4979 828 5050 ἐχρημάτισε;
863 4980 1055 5032 Καίτοι
1093 4979 1244 5051 παρὰ
1291 4980 1368 5051 τῷ
1416 4980 1543 5051 θείῳ
1587 4981 1735 5052 νόμῳ
1766 4980 1874 5035 τῶν

314 5070 667 5141 πρωτοτόκων
691 5070 1096 5141 τετιμημένων;
1124 5070 1223 5123 Διὰ
1253 5071 1304 5122 τί
1331 5071 1387 5123 δὲ
1420 5071 1494 5142 μὴ
1523 5071 1630 5124 ἀπὸ
1653 5072 1752 5142 τῆς
1777 5073 1871 5126 τοῦ

312 5159 457 5225 Acut,
492 5161 626 5232 ὁμοῦ
657 5163 750 5214 καὶ
777 5162 853 5232 τῷ
879 5162 1053 5233 χρόνῳ
1085 5161 1179 5216 καὶ
1203 5162 1282 5232 τῷ
1322 5163 1419 5232 τῆς
1464 5165 1756 5235 ἱερωσύνης
1793 5181 1872 5217 τι-

316 5251 518 5323 μήματι
547 5252 637 5305 τὸν
667 5252 862 5306 Ἰούδαν
895 5253 1328 5324 παρεξάγοντος;
1357 5254 1420 5305 Τί
1443 5254 1500 5307 δὲ
1522 5254 1641 5325 οὐχὶ
1673 5255 1870 5326 μᾶλλον

311 5341 412 5395 ἀπὸ
440 5343 531 5396 τοῦ
569 5343 764 5414 Ἰωσὴφ
790 5345 1123 5415 χρηματίσαι
1159 5343 1353 5414 συνέϐη
1382 5344 1442 5397 τὸ
1469 5347 1573 5399 πᾶν
1603 5346 1752 5411 ἔθνος
1775 5348 1869 5400 καὶ

311 5434 401 5503 τὴν
429 5434 635 5508 χώραν,
668 5434 757 5488 διὰ
789 5435 848 5487 τὸ
879 5436 974 5489 καὶ
1021 5435 1185 5491 πάλαι
1218 5436 1396 5508 πάσης
1432 5437 1491 5489 ού
1522 5437 1678 5508 μόνον
1703 5439 1870 5508 Αίγύ-

310 5541 456 5593 πτου,
500 5527 640 5581 ἀλλὰ
684 5526 778 5579 καὶ
814 5525 923 5581 τῶν
970 5527 1184 5582 οἰκείων
1221 5527 1280 5581 τὸ
1312 5527 1510 5598 κράτος
1561 5529 1868 5599 ἀνάψασθαι

305 5618 499 5686 τοῦτον,
532 5618 665 5684 τούς
691 5636 749 5672 τε
782 5619 840 5686 ἐξ
871 5619 1047 5674 αὐτῶν
1079 5621 1398 5692 γενομένους
1447 5624 1676 5692 μακροῖς
1723 5621 1869 5675 ὕστε-

303 5729 384 5784 ρον
414 5713 639 5786 χρόνοις
666 5711 760 5766 ἐπὶ
789 5711 1036 5767 πλεῖστον
1064 5713 1184 5768 ὅσον
1210 5713 1344 5770 ὅλων
1374 5712 1525 5769 ἐννέα
1565 5711 1743 5783 φυλῶν
1771 5714 1864 5769 τοῦ
1887 5761 1934 5787 ,τ

1977 4521 2124 4574 nulla
2145 4521 2248 4574 alia
2267 4521 2374 4574 nisi
2398 4521 2465 4575 ab
2494 4535 2602 4575 una
2631 4521 2803 4589 ipsius
2833 4517 2994 4581 Juda,
3011 4516 3188 4586 gentis
3211 4515 3372 4570 etiam
3390 4529 3536 4568 nunc

1977 4611 2270 4682 appellatio
2296 4619 2606 4680 usurpetur.
2628 4611 2780 4676 Quod
2811 4625 2911 4679 ego
2928 4607 3144 4677 quidem
3177 4620 3285 4659 non
3307 4604 3375 4658 ob
3389 4604 3535 4658 aliud

1976 4703 2270 4774 contigisse
2293 4704 2549 4765 arbitror,
2585 4717 2744 4772 quam
2769 4703 2838 4756 ob
2867 4701 3042 4770 ipsius
3073 4699 3368 4770 pr0pbetiac
3411 4713 3536 4753 ora-

1976 4797 2181 4858 culum,
2209 4794 2352 4864 quod
2385 4793 2476 4848 uni
2505 4794 2668 4849 tribui
2690 4791 2830 4848 Juda
2853 4792 3196 4863 principatus
3214 4789 3532 4860 dignitatem

1975 4889 2239 4943 attribuit.
2272 4885 2414 4952 Quin
2443 4887 2606 4940 etiam
2638 4886 2810 4954 patria
2856 4884 3096 4954 ipsorum
3147 4889 3314 4946 terra,
3347 4880 3536 4935 eadem

1973 4981 2040 5036 de
2065 4995 2228 5036 causa
2250 4978 2448 5033 Judam
2464 4977 2874 5048 appellationem
2909 4974 3099 5030 sortita
3131 4980 3234 5028 est.
3267 4971 3377 5028 Cur
3391 4971 3534 5026 enim

1973 5091 2158 5146 quaeso
2187 5090 2313 5129 cum
2337 5071 2624 5128 duodecim
2651 5070 2875 5135 fuerint,
2910 5085 3018 5124 non
3050 5069 3119 5124 ab
3138 5083 3326 5123 eorum
3359 5065 3536 5137 primo

1971 5163 2162 5220 Ruben
2192 5179 2325 5234 gens
2353 5161 2664 5218 eorumdem
2688 5161 2951 5230 appellata
2978 5164 3062 5212 est
3089 5159 3110 5210 ?
3135 5172 3257 5212 cum
3304 5169 3534 5225 praeser-

1973 5259 2070 5312 tim
2099 5263 2232 5310 natu
2253 5255 2473 5308 maximi
2496 5254 2734 5323 potiores
2749 5253 2802 5306 in
2826 5252 2942 5322 lege
2956 5251 3141 5305 divina
3170 5245 3537 5302 haberentur?

1969 5346 2082 5405 Cur
2099 5362 2206 5401 non
2228 5347 2355 5401 item
2387 5361 2415 5399 a
2430 5345 2578 5410 Levi,
2603 5345 2695 5415 qui
2712 5341 2777 5399 et‘
2793 5352 2951 5398 aetate
2965 5350 3018 5397 ει
3035 5356 3208 5396 sacrae
3235 5339 3258 5392 I‘
3257 5338 3534 5395 unctionis

1971 5440 2179 5496 honore
2215 5439 2410 5494 Judam
2463 5437 2751 5492 anteibat?
2814 5435 2949 5490 Cum
2995 5449 3124 5488 vero
3181 5433 3282 5502 ipsi
3328 5430 3530 5499 Joseph

1969 5531 2244 5604 quondam
2275 5547 2382 5586 non
2413 5531 2573 5585 modo
2618 5527 2838 5599 Egypti
2889 5527 3174 5589 universae,
3227 5522 3320 5580 sed
3365 5522 3529 5576 etiam

1969 5639 2192 5679 suorum
2221 5621 2504 5691 imperium
2539 5620 2814 5690 obtigerit,
2846 5633 3076 5688 cumque
3108 5617 3175 5672 ab
3201 5616 3291 5670 illo
3314 5613 3530 5670 oriundi

1968 5716 2156 5773 multis
2177 5721 2299 5784 post
2344 5712 2559 5770 saeculis
2591 5712 2682 5767 diu
2708 5709 3021 5778 admodum,
3061 5709 3189 5766 totis
3205 5708 3324 5779 ejus
3355 5702 3533 5777 gentis
