3908 6266
456 296 560 350 535

1047 296 1314 353 EUSEBII
1351 295 1826 353 CASSARIENSIS
1858 295 2005 352 OPP.
2047 293 2247 350 PARS.
2291 295 2353 349 ll.
2392 325 2464 338 -—-
2502 297 2994 356 APOLOGETICA.

3575 313 3665 368 58L

456 391 659 465 ηονοιιί
676 407 930 464 tribubus
966 409 1281 478 praefuerunt
1300 449 1316 473 ,
1340 425 1441 465 cur
1468 427 1579 466 non
1612 411 1681 465 ab
1704 425 1770 467 eo
1804 411 2019 481 potissi-

2130 407 2313 472 ἔθνους
2341 411 2666 480 ἡγήσασθαι,
2716 413 2784 466 δι’
2811 414 2906 478 οὓς
2949 416 3044 470 καὶ
3080 415 3278 487 μᾶλλον
3310 418 3452 483 εἰκὸς
3492 417 3557 494 ἦν
3582 428 3664 498 τήν

439 514 604 554 ιωιιηι
638 507 751 552 tota
782 515 935 569 gens,
971 498 1194 568 ipsaque
1217 501 1366 571 regio
1384 517 1583 558 nomen
1609 503 1839 573 accepit,
1859 518 2029 572 quan-

456 591 749 663 doquidem
796 592 869 646 ob
905 606 1002 647 eos
1051 591 1232 662 ipsos,
1259 609 1398 664 quos
1432 595 1500 649 ab
1525 594 1728 665 Joseph
1762 594 2027 650 oriundos

455 682 885 751 diximus,longe
908 681 1193 738 honest-ius
1223 685 1666 757 probabiliusque
1695 693 1833 749 erat,
1857 696 2026 742 totam

453 782 670 845 gentem
729 781 1008 844 totamque
1061 777 1336 846 regionem
1369 793 1399 831 a
1430 780 1606 848 primo
1652 780 1745 833 illo
1778 780 2022 849 ipsorum

453 872 680 933 parente
734 866 1118 921 denominari?
1167 869 1407 940 Denique
1439 880 1636 941 praeter
1683 872 1781 927 hos
1837 886 2028 928 omnes

455 958 579 1027 quis
631 972 743 1011 non
773 958 1058 1021 concedat,
1094 962 1286 1015 merito
1317 962 1440 1017 illos
1487 978 1517 1017 a
1547 962 1829 1033 Benjamin
1860 963 2029 1020 fuisse

453 1049 909 1114 denominandos,
940 1052 1100 1120 cujus
1127 1055 1432 1123 posteritati
1463 1070 1526 1110 ac
1556 1056 1754 1120 tribui,
1786 1057 2030 1113 celeber-

454 1140 591 1193 rima
619 1141 861 1210 ipsorum
890 1143 1082 1199 civitas
1106 1186 1120 1210 ,
1154 1161 1275 1215 quae
1333 1162 1520 1217 regum
1567 1148 1710 1218 apud
1747 1148 1898 1219 ipsos
1927 1149 2027 1205 do-

452 1233 718 1286 micilium
767 1234 903 1301 fuit,
945 1242 999 1291 et
1045 1237 1189 1307 quod
1249 1238 1305 1292 in
1357 1254 1419 1293 ea
1466 1240 1878 1296 sanctissimum
1931 1241 2024 1298 Dei

453 1326 716 1395 templum
745 1336 987 1382 erectum
1019 1336 1124 1394 est,
1160 1331 1213 1384 in
1248 1342 1454 1387 sortem
1505 1333 1828 1388 concessit?
1874 1333 2025 1388 Atta-

454 1432 578 1470 men
613 1433 787 1474 neque
824 1420 891 1473 ab
921 1420 1115 1474 harum
1152 1422 1358 1490 aliqua,
1407 1440 1583 1494 neque
1608 1439 1639 1478 a
1662 1426 2023 1497 reliquarum,

454 1516 546 1564 sed
573 1518 641 1563 ab
678 1528 787 1565 una
820 1513 993 1583 ipsius
1021 1512 1160 1569 Juda
1195 1517 1341 1571 tribu
1363 1518 1529 1574 totius
1560 1521 1736 1589 gentis
1760 1535 1824 1575 ac
1854 1523 2028 1592 regio-

456 1602 542 1657 nis
569 1604 860 1673 appellatio
884 1606 1046 1660 ducta
1064 1617 1167 1672 est,
1191 1608 1336 1663 sicut
1360 1610 1645 1680 prophetia
1680 1613 2022 1682 praedixerat.

457 1693 547 1749 Sic
576 1711 708 1751 sane
736 1688 879 1752 illud
910 1718 923 1753 τ
958 1717 977 1749 ‹
1016 1698 1135 1755 Νυη
1174 1701 1391 1758 deﬁciet
1422 1704 1678 1775 princeps
1709 1705 1777 1761 de
1808 1705 1969 1772 Juda,
2000 1727 2019 1760 ι

2130 498 2223 552 τοῦ
2265 502 2606 572 προπάτορος
2654 505 2967 576 ἐπωνυμίαν
3014 507 3075 560 τὸ
3126 510 3233 561 πᾶν
3277 508 3424 574 ἔθνος
3467 515 3553 566 καί
3582 519 3665 586 τὴν

2129 590 2312 663 χώραν
2365 594 2807 665 ἐπιγράψασθαη
2862 598 2957 661 Τίς
2996 599 3039 651 δ’
3095 601 3194 654 οὐκ
3249 600 3313 655 ἂν
3366 602 3663 678 ὁμολογήσαι

2129 683 2276 753 παρὰ
2318 683 2537 748 τούτους
2570 686 2815 751 ἅπαντας
2847 690 3081 759 εὐλόγως
3117 690 3183 744 ἂν
3211 692 3275 746 ἐκ
3314 692 3405 746 τοῦ
3436 695 3663 769 Βενιαμίν

2111 768 2225 840 ,τὴν
2258 772 2571 843 ἐπωνυμίαν
2602 777 2797 839 αὐτοὺς
2841 777 3043 843 λαϐεῖν,
3074 781 3366 855 ἐπειδήπερ
3392 787 3456 855 τῇ
3499 787 3662 844 τούτου

2127 863 2265 936 φυλῇ
2297 866 2328 936 ή
2358 867 2680 939 περιϐόητος
2703 869 2881 924 αὐτῶν
2910 871 3158 945 βασιλικὴ
3201 876 3540 946 μητρόπολις,
3563 881 3590 934 ὃ
3612 900 3662 936 τε

2128 951 2220 1004 ἐπὶ
2267 954 2468 1026 ταύτης
2509 956 2807 1025 ἁγιώτατος
2857 961 2950 1015 τοῦ
2995 962 3128 1016 Θεοῦ
3164 964 3299 1029 νεὼς
3337 967 3661 1042 κεκλήρωτο;

2141 1045 2275 1098 Ἀλλ’
2303 1048 2451 1119 ὅμως
2481 1049 2588 1102 οὐδ’
2631 1051 2696 1104 ἐκ
2728 1052 2954 1115 τούτων,
2988 1055 3096 1108 οὐδ’
3124 1056 3183 1122 ἐξ
3226 1058 3417 1130 ἐτέρας
3452 1062 3482 1132 ἦ
3519 1063 3658 1136 μόνη(⁸

2126 1137 2192 1188 ἐκ
2223 1136 2321 1207 τῆς
2367 1138 2535 1192 Ἰούδα
2576 1141 2747 1212 φυλῆς
2792 1145 2824 1213 ή
2866 1147 2963 1215 τῆς
3002 1145 3183 1218 χώρας
3224 1150 3317 1203 καὶ
3358 1150 3450 1205 τοῦ
3490 1156 3659 1220 παντὸ,

2127 1228 2310 1293 ἔθνους
2354 1233 2692 1306 προσηγορία
2732 1234 2989 1307 διέπρεψε
3020 1242 3085 1309 τῇ
3132 1241 3434 1314 προφητείᾳ
3463 1244 3657 1300 ἀκολού-

2127 1321 2252 1386 θως.
2277 1322 2430 1377 Οὕτω
2449 1326 2511 1393 γέ
2535 1343 2615 1380 τοι
2638 1328 2719 1392 τὸ,
2738 1347 2768 1401 ¹ι
2794 1331 2906 1382 Οὐκ
2928 1330 3164 1403 ἐκλείψει
3185 1333 3364 1405 ἄρχων
3385 1335 3442 1400 ἐξ
3468 1339 3655 1403 Ἰούδα,ι

2126 1417 2218 1468 ἐπὶ
2250 1416 2346 1488 τήν
2387 1418 2556 1491 φυλὴν
2590 1421 3116 1494 ήμίνεάνενήνεκται,
3163 1428 3256 1479 καὶ
3305 1428 3476 1492 μόνως
3512 1431 3659 1497 οὕτως

2125 1507 2338 1578 ἀληθῶς
2361 1511 2394 1580 ἡ
2422 1511 2723 1584 πρόρρησις
2740 1513 3076 1570 ἀποδέδοται.
3094 1518 3225 1571 Ἀπὸ
3251 1518 3383 1587 γοῦν
3408 1520 3508 1574 τῶν
3529 1524 3657 1579 Μωῠ-

2114 1600 2263 1665 σέως
2288 1602 2493 1672 χρόνων
2526 1603 2759 1675 καθεξῆς
2790 1608 2849 1660 ού
2877 1606 3113 1663 διέλιπον
3145 1614 3361 1682 μερικοὶ
3388 1614 3485 1683 μὲν
3506 1616 3658 1669 αὐτῶν

2125 1692 2401 1764 ἄρχοντες,
2421 1698 2487 1750 ἐκ
2526 1696 2815 1771 διαφόρων,
2836 1700 2912 1766 ὼς
2942 1702 3097 1774 ἔφην,
3130 1705 3309 1773 φυλῶν
3333 1709 3656 1779 ἡγησάμενοι,

453 1786 520 1841 ad
551 1787 723 1857 ipsam
768 1791 971 1845 tribum
998 1807 1029 1846 a
1056 1793 1216 1848 nobis
1263 1794 1495 1849 relatum
1540 1804 1646 1861 est,
1694 1804 1747 1852 et
1780 1799 1881 1853 hoc
1908 1814 2018 1853 uno

2124 1786 2349 1840 καθόλου
2374 1788 2430 1842 δὲ
2456 1791 2489 1860 ή
2523 1790 2612 1843 τοῦ
2660 1792 2827 1846 Ἰούδα
2857 1795 2996 1866 φυλὴ
3026 1798 3224 1863 παντὸς
3253 1800 3559 1871 προεστῶσα
3580 1799 3657 1857 τού

453 1876 721 1934 duntaxat
758 1882 919 1935 modo
951 1885 1156 1937 oraculi
1191 1885 1393 1941 veritas
1433 1886 1610 1940 locum
1645 1888 1829 1946 habet.
1852 1889 2021 1945 Nam-

453 1986 560 2042 que
582 1986 611 2025 a
635 1971 804 2029 Mosis
829 1990 1003 2044 usque
1038 1977 1399 2046 temporibus,
1435 1980 1695 2050 deinceps
1725 1997 1833 2036 non
1874 1982 2026 2039 defe-

453 2070 646 2118 cerunt
682 2066 1039 2133 particulares
1069 2067 1285 2137 quidem
1332 2069 1574 2138 ipsorum
1625 2070 1898 2142 principes
1928 2075 2022 2142 qui

452 2168 520 2208 ex
570 2152 827 2216 diversis,
861 2164 920 2208 ut
951 2154 1155 2209 dictum
1184 2166 1289 2221 est,
1327 2159 1600 2225 tribubus,
1625 2163 1772 2231 genti
1798 2164 2025 2233 praefue-

452 2245 583 2309 rint,
615 2246 777 2319 373
814 2248 870 2303 in
898 2250 1215 2306 universum
1270 2260 1446 2307 autem
1483 2254 1812 2311 tribusJuda
1838 2296 1855 2323 ,
1903 2272 2024 2328 quae

452 2341 620 2395 totius
641 2342 819 2412 gentis
868 2344 1234 2414 principatum
1260 2347 1519 2403 tenuerit.
1548 2347 1810 2420 Exemplo
1838 2357 2021 2406 autem

452 2433 509 2488 id
533 2435 678 2504 quod
730 2443 862 2489 tunc
892 2436 1097 2492 dictum
1140 2446 1243 2499 est,
1271 2441 1366 2493 tibi
1397 2442 1644 2511 apertius
1672 2442 1923 2512 liquebit.
1954 2443 2023 2499 Ut

451 2526 597 2580 enim
638 2526 694 2581 in
729 2525 975 2583 Romano
1016 2530 1242 2600 imperio
1267 2531 1603 2602 singularum
1632 2536 1872 2604 gentium
1896 2551 2024 2607 pro-

450 2628 756 2684 curatores,
808 2628 863 2674 et
908 2622 1166 2690 praesides
1198 2633 1569 2695 praetoresque
1615 2634 1669 2681 et
1713 2636 2022 2683 castrorum

450 2710 714 2780 pmfecti,
757 2720 811 2766 et
849 2715 942 2784 qui
993 2729 1183 2770 omnes
1216 2717 1482 2787 dignitate
1528 2726 1808 2788 anteeunt,
1840 2737 2019 2792 reges,

450 2814 561 2854 non
586 2801 809 2855 omnino
838 2818 1028 2858 omnes
1054 2804 1122 2859 de
1150 2806 1267 2874 ipsa
1292 2805 1534 2861 Romana
1569 2808 1701 2864 urbe
1729 2811 2021 2879 capiuntur

452 2907 626 2963 neque
648 2894 715 2949 de
740 2893 892 2949 Remi
923 2896 1038 2951 sive
1060 2895 1275 2952 Romuli
1305 2915 1522 2970 genere,
1551 2900 1647 2957 sed
1673 2918 1739 2959 ex
1767 2904 2021 2962 innume-

451 2986 737 3051 rabilibus,
769 2988 908 3042 alius
955 2988 1196 3056 aliunde,
1237 2992 1576 3057 nationibus,
1609 3010 1798 3051 omnes
1840 3004 2018 3053 tamen

452 3086 507 3132 et
537 3093 691 3149 reges
730 3087 784 3134 et
815 3081 906 3150 qui
951 3089 1074 3151 post
1111 3082 1258 3153 ipsos
1302 3085 1544 3140 secundo
1570 3087 1690 3143 loco
1716 3089 2015 3161 principes,

2122 1878 2327 1945 ἔθνους.
2357 1883 2767 1957 Παραδείγματι
2797 1887 2854 1940 δὲ
2886 1889 3150 1963 καταδέξῃ
3171 1890 3233 1944 τὸ
3252 1894 3549 1965 εἰρημένον.
3586 1897 3658 1960 Ὠς

2127 1970 2236 2041 γὰρ
2272 1972 2363 2027 ἐπὶ
2377 1973 2475 2043 τῆς
2516 1976 2798 2047 Ῥωμαίων
2830 1980 3002 2051 ἀρχῆς
3033 1983 3081 2035 οἰ
3110 1983 3208 2053 μὲν
3237 1985 3360 2038 κατ’
3393 1984 3534 2048 ἔθνος
3555 1988 3657 2040 ἐπί-

2120 2065 2310 2135 τροποί
2348 2083 2406 2119 τε
2441 2069 2534 2121 καὶ
2574 2070 2860 2140 ἡγούμενοι
2879 2111 2894 2136 ,
2925 2073 3152 2146 ἐπαρχοί
3176 2094 3235 2129 τε
3265 2079 3362 2130 καὶ
3394 2095 3657 2150 στρατοπεο

2121 2153 2312 2227 δάρχαι
2332 2195 2347 2220 ,
2379 2159 2434 2211 οῖ
2474 2176 2534 2212 τε
2570 2161 2782 2216 πάντων
2822 2164 3079 2220 ἀνωτάτω
3105 2168 3378 2237 βασιλεῖς,
3404 2171 3461 2223 ού
3486 2173 3656 2236 πάντες

2122 2250 2184 2301 ἐκ
2216 2249 2323 2303 τῶν
2376 2250 2657 2324 Ῥωμαίων
2701 2257 2971 2328 ὀρμῶνται
3016 2261 3256 2329 πόλεως,
3294 2264 3415 2316 οὐδε
3458 2264 3654 2320 ἀπὸτοῦ

2134 2340 2343 2413 Ῥώμου
2376 2345 2469 2399 καὶ
2506 2346 2781 2418 Ῥωμύλου
2811 2355 3034 2422 σπορᾶς,
3053 2354 3163 2407 ἀλλ’
3190 2356 3254 2409 ἐκ
3273 2359 3498 2428 μυρίων,
3522 2356 3655 2421 ἄλλος

2121 2433 2369 2502 ἄλλοθεν,
2402 2436 2588 2503 ἐθνῶν,
2623 2441 2771 2511 ὅμως
2793 2444 2851 2496 δὲ
2881 2447 2928 2497 οἱ
2962 2447 3161 2511 πάντες
3193 2447 3428 2518 βασιλεῖς
3463 2468 3547 2518 τε,
3577 2452 3655 2504 κει)⁸

2120 2525 2168 2577 οί
2201 2525 2317 2594 μετ’
2344 2526 2538 2587 αὐτοὺς
2552 2528 2809 2601 ἄρχοντες
2835 2534 2929 2586 καὶ
2945 2535 3233 2605 ἡγούμενοι
3255 2538 3366 2592 τῶν
3400 2538 3653 2610 Ῥωμαίων

2118 2614 2513 2687 ἐπιγράφονται
2544 2623 2940 2694 προσηγορίαν,
2990 2626 3275 2698 Ῥωμαίων
3305 2647 3368 2683 τε
3397 2631 3456 2684 τὸ
3482 2633 3654 2701 κράτος

2121 2708 2520 2779 ἐπωνόμασται,
2556 2714 2651 2765 καὶ
2677 2714 2878 2787 ταύτης
2906 2716 3136 2789 ἐξῆπται
3158 2721 3259 2791 τῆς
3302 2724 3598 2794 ἐπωνυμίας
3624 2725 3652 2793 ἡ

2121 2800 2239 2887 καθ’
2277 2801 2555 2874 Ἐϐραίους
2582 2808 2683 2879 χρὴ
2708 2812 2847 2862 νοεῖν
2884 2812 3217 2882 πραγμάτων
3239 2831 3255 2845 ·
3293 2816 3422 2885 μιᾶς
3455 2816 3544 2887 μὲν
3569 2833 3653 2869 κα-

2121 2885 2276 2941 θόλου
2310 2890 2408 2961 τῆς
2442 2891 2534 2945 τοῦ
2575 2894 2740 2949 Ἰούδα
2779 2896 2950 2968 φυλῆς
2977 2900 3117 2954 κατά
3148 2902 3240 2955 τοῦ
3270 2885 3470 2970 παντὸς
3494 2906 3653 2969 ἔθνους

2121 2980 2655 3056 ἐπιπεφημισμένης,
2687 2987 2795 3041 τῶν
2819 2989 2877 3042 δέ
2907 2991 3045 3045 κατά
3088 2993 3252 3065 μέρος
3273 2997 3577 3068 ἡγουμένων
3602 3014 3651 3049 τε

2122 3071 2215 3125 καὶ
2244 3070 2504 3141 βασιλέων
2535 3075 2599 3128 ἐκ
2629 3075 2895 3149 διαφόρων
2923 3080 3337 3154 καθισταμένων
3367 3086 3557 3155 φυλῶν,
3572 3105 3654 3140 κα-

453 3169 819 3241 praesidesque
869 3172 1138 3227 habentur
1171 3215 1186 3238 ,
1238 3173 1612 3232 Romanorum
1663 3159 2019 3250 appellatione

2122 3163 2272 3217 θόλου
2310 3165 2369 3218 δὲ
2393 3168 2459 3237 τῇ
2491 3167 2584 3220 τοῦ
2630 3168 2797 3222 Ἰούδα
2828 3172 3150 3243 τιμωμένων
3183 3180 3533 3250 προσηγορίᾳ.
3567 3181 3653 3232 Λε-

451 3272 730 3331 notantur,
764 3276 817 3320 et
850 3265 1219 3324 Romanorum
1253 3269 1641 3327 denominatur
1704 3274 2014 3346 imperium,

449 3366 503 3410 et
541 3371 659 3409 eam
709 3358 1205 3417 denominationem
1249 3362 1305 3418 in
1330 3366 1647 3419 universum
1677 3379 1867 3423 omnes
1904 3383 2021 3421 ma-

449 3448 709 3518 gistratus
737 3453 1008 3523 attingunt
1041 3470 1056 3519 ;
1084 3455 1164 3509 sic
1184 3456 1346 3510 etiam
1375 3457 1430 3511 in
1463 3456 1628 3512 rebus
1666 3455 2016 3513 Hebrazorum

448 3541 783 3599 constituere
830 3545 1239 3619 intelligereque
1301 3558 1557 3619 oportet,
1600 3555 1863 3620 tanquam
1907 3566 2019 3605 una

448 3633 664 3703 quidem
696 3636 751 3691 in
781 3639 1098 3694 universum
1128 3642 1304 3697 tribus
1326 3641 1487 3708 Juda,
1513 3652 1682 3698 totam
1716 3653 1932 3715 gentem
1950 3644 2019 3699 de

447 3742 548 3780 suo
574 3729 796 3784 nomine
824 3731 1093 3787 illustrem
1127 3734 1461 3803 reddiderit,
1494 3737 1856 3808 particulares
1889 3753 2019 3792 vero

446 3819 615 3875 duces
643 3837 706 3876 ac
730 3839 885 3893 reges
920 3842 986 3897 ex
1018 3827 1253 3882 diversis
1291 3831 1893 3896 exstiterinttribubus,
1926 3831 2020 3901 qui

448 3917 629 3965 tamen
656 3914 931 3967 communi
964 3915 1054 3968 illa
1080 3914 1231 3971 Iudae
1253 3919 1613 3988 appellatione
1635 3921 1895 3977 honorem
1923 3936 2017 3976 ac—

449 4003 712 4072 ceperint.
743 4003 862 4058 Non
894 4006 1001 4060 alio
1029 4022 1159 4078 ergo
1196 4024 1359 4079 quam
1396 4011 1463 4066 ad
1486 4020 1658 4068 totam
1697 4014 1900 4069 tribum
1929 4029 2005 4069 re-

449 4095 656 4151 feratur
677 4097 831 4161 illud,
854 4099 1002 4169 quod
1029 4115 1056 4152 a
1089 4102 1352 4171 prepheta
1376 4102 1583 4159 dictum
1622 4113 1707 4162 est
1744 4125 1759 4161 :
1801 4126 1820 4157 ι
1853 4106 2016 4177 Juda,

448 4196 501 4242 te
533 4188 832 4243 laudabunt
872 4189 1070 4248 fratres
1099 4194 1198 4247 tui.
1236 4213 1254 4245 ι
1286 4193 1525 4250 Noverat
1541 4197 1686 4252 enim
1713 4198 1862 4252 illam
1890 4207 2017 4255 tan-

450 4296 613 4350 quam
646 4274 1022 4353 prazrbgativze
1049 4300 1248 4341 munus
1272 4297 1645 4355 consecutam,
1674 4289 1880 4346 honore
1914 4307 2020 4347 cce-

448 4372 581 4427 teris
608 4373 861 4429 tribubus
887 4391 1011 4431 esse
1040 4379 1500 4449 anteponendam,
1522 4388 1576 4435 et
1596 4383 1850 4451 quoniam
1870 4385 2019 4453 prin-

2122 3255 2301 3324 γὲσθω
2325 3258 2503 3311 τοίνυν
2533 3258 2609 3322 ὡς
2642 3260 2777 3331 πρὸς
2807 3262 2905 3334 τὴν
2925 3264 3052 3334 ὅλην
3083 3266 3252 3340 φυλὴν
3284 3270 3391 3323 ὑπὸ
3426 3269 3513 3324 τοῦ
3541 3287 3654 3342 προ-

2122 3349 2289 3419 φήτου
2330 3350 2421 3406 τὸ.
2460 3369 2478 3401 ι
2531 3351 2716 3415 Ἰούδα,
2753 3354 2812 3406 σὲ
2836 3356 3145 3411 αίνέσουσιν
3172 3362 3219 3413 οἰ
3246 3361 3463 3431 ἀδελφοί
3497 3380 3597 3416 σου.
3631 3383 3645 3413 ι

2118 3435 2240 3492 Οἷδε
2265 3440 2373 3513 γὰρ
2404 3442 2594 3514 αὐτὴν,
2625 3442 2720 3497 ἆτε
2772 3448 3068 3518 προνομίας
3091 3450 3420 3525 ἠξιωμένην,
3444 3455 3544 3526 πρὸ
3561 3456 3652 3507 τῶν

2118 3532 2319 3587 λοιπῶν
2344 3535 2521 3605 φυλῶν
2552 3538 2871 3609 τετιμῆσθαι
2897 3557 2910 3571 ’
2945 3541 3037 3594 καὶ
3068 3544 3189 3596 ἐπεὶ
3219 3544 3446 3618 ἐξῆρχεν
3479 3549 3533 3601 ἐν
3562 3566 3653 3600 πο-

2117 3625 2335 3697 λέμοις,
2370 3630 2463 3683 καὶ
2507 3632 2643 3701 μόνη
2678 3632 2770 3685 τοῦ
2811 3634 3007 3698 παντὸς
3036 3634 3215 3699 ἔθνους
3246 3639 3431 3708 ἡγεῖτο
3465 3642 3518 3693 ἐν
3552 3642 3652 3700 ταῖς

2118 3718 2254 3791 πρὸς
2281 3723 2405 3785 τοὺς
2425 3722 2650 3794 ἐχθροὺς
2680 3726 3045 3796 παρατάξεσιν
3064 3768 3080 3792 ,
3120 3729 3347 3794 εἰκότως
3374 3731 3650 3799 ἐπιλέγεται

2119 3812 2253 3885 πρὸς
2277 3814 2442 3885 αὐτήν
2463 3832 2478 3846 ο
2527 3833 2546 3866 ι
2577 3818 2642 3869 Al
2675 3819 2853 3889 χεῖρές
2895 3837 2987 3872 σου
3021 3822 3114 3874 ἐπὶ
3139 3820 3312 3875 νώτου
3340 3822 3445 3877 τῶν
3470 3823 3651 3894 ἐχθρῶν

2119 3922 2233 3958 σου.
2272 3925 2291 3956 ι
2329 3903 2462 3960 Εἶτα
2495 3908 2585 3961 διὰ
2618 3909 2679 3962 τὸ
2717 3912 2937 3982 ἀρχικὸν
2973 3916 3067 3967 καὶ
3108 3914 3386 3984 βασιλικὸν
3430 3915 3647 3983 ἀξίωμα.

2124 4015 2143 4049 ι
2174 3998 2409 4068 σκύμνος
2436 4001 2643 4064 λέοντος
2664 4021 2682 4053 ι
2708 3996 2845 4057 εἶναι
2870 4003 3102 4074 λέγεται.
3133 4008 3525 4079 Σεμνυνόμενος
3557 4008 3605 4063 ει
3628 4007 3651 4059 ὁ

2119 4095 2416 4167 προπάτωρ
2443 4096 2578 4167 ὁμοῦ
2601 4098 2694 4151 καὶ
2710 4100 2990 4173 προφήτης
3009 4102 3101 4155 ἐπὶ
3112 4102 3189 4173 τῷ
3207 4102 3310 4175 τῆς
3330 4103 3496 4174 φυλῆς
3515 4101 3651 4168 ἀξιώ-

2120 4203 2281 4257 ματι,
2315 4188 2634 4260 προστίθησι
2667 4190 2872 4259 λέγων·
2912 4210 2930 4243 ι
2960 4195 3073 4246 ’Ἐκ
3113 4193 3341 4264 βλαστοῦ
3362 4234 3377 4259 ,
3417 4195 3494 4249 υίέ
3532 4211 3648 4266 μου,

2116 4280 2335 4352 ἀνέΰης.
2375 4301 2393 4333 ι
2428 4283 2499 4335 τὸ
2525 4281 2581 4336 δὲ
2603 4323 2618 4347 ,
2668 4301 2688 4334 ι
2737 4284 3037 4338 Ἀναπεσὼν
3074 4287 3373 4359 ἐκοιμήθης
3406 4288 3478 4350 ὡς
3514 4286 3648 4346 λέων.

2116 4372 2210 4425 καὶ
2244 4372 2319 4436 ὡς
2363 4372 2597 4443 σκύμνος
2632 4372 2869 4440 λέοντος,
2895 4394 2914 4427 ι
2951 4375 3011 4429 τὸ
3037 4375 3240 4448 γαῦρον
3262 4375 3395 4448 ὁμοῦ
3427 4376 3512 4430 καὶ
3540 4374 3650 4446 θαρ-

447 4478 577 4535 ceps
607 4464 710 4520 fuit
737 4467 791 4520 in
823 4468 998 4534 bellis,
1030 4477 1083 4523 et
1110 4472 1225 4524 sola
1248 4471 1302 4525 in
1328 4473 1680 4543 apparatibus
1706 4476 2013 4544 praeliorum

2121 4464 2308 4517 σαλέον
2326 4503 2341 4527 ,
2370 4464 2463 4517 καὶ
2499 4464 2560 4517 τὸ
2590 4466 2696 4520 τῶν
2732 4467 2926 4532 ἔξωθεν
2958 4469 3217 4524 ἐπιόντων
3240 4470 3647 4541 ἀκατάπληκτον,

448 4555 715 4611 adversus
762 4558 949 4615 hostes
986 4562 1130 4631 genti
1166 4577 1278 4618 suae
1319 4565 1588 4619 universae
1629 4565 1861 4635 prefuit,
1902 4582 2017 4624 me-

444 4648 554 4703 rito
617 4648 872 4720 deinceps
916 4651 983 4706 ad
1015 4654 1259 4710 eamdem
1311 4655 1443 4710 illud
1498 4673 1713 4728 quoque
1765 4659 2012 4714 dicitur:

455 4757 473 4789 ι
506 4736 699 4795 Manus
731 4749 835 4796 tuae,
853 4744 910 4797 in
937 4753 1089 4816 tergo
1119 4746 1460 4803 inimicorum
1485 4756 1723 4806 tuorum.
1768 4771 1785 4804 ι
1813 4750 2017 4809 Deinde

450 4842 669 4904 propter
684 4835 1069 4906 principatum,
1096 4847 1423 4911 propterque
1446 4842 1647 4912 regiam
1671 4843 2012 4914 dignitatem,

453 4943 474 4977 ί
516 4928 731 4983 catulus
779 4930 952 4985 leonis
994 4950 1013 4983 ι
1048 4947 1172 4987 esse
1216 4931 1439 4989 dicitur.
1472 4933 1671 4990 Gloria:
1719 4937 1884 5008 igitur
1910 4938 2014 4993 sibi

447 5020 697 5075 tribuens
725 5021 813 5077 hic
844 5031 957 5077 tum
999 5026 1211 5094 generis
1240 5027 1510 5097 princeps,
1546 5036 1660 5083 tum
1697 5031 1857 5084 etiam
1889 5048 2018 5103 pro-

447 5111 609 5184 pheta
638 5113 868 5184 hujusce
897 5117 1071 5172 tribus
1097 5117 1432 5189 dignitatem,
1471 5119 1714 5193 adjungit
1741 5126 1885 5193 quod
1915 5140 2016 5180 se-

447 5207 636 5276 quitur
668 5224 713 5261 :i
752 5205 827 5262 De
856 5210 1120 5279 germine,
1158 5210 1231 5265 ﬁli
1258 5212 1355 5279 mi,
1384 5213 1699 5281 ascendisti.
1737 5213 1899 5269 »ιιιυά
1923 5229 2016 5270 au-

448 5304 559 5351 tem
594 5316 609 5353 :
646 5315 666 5350 (
708 5300 1032 5356 recumbens
1065 5300 1370 5358 dormivisti
1399 5313 1457 5359 ut
1490 5306 1593 5373 leo,
1628 5316 1682 5361 et
1714 5314 1773 5360 ut
1801 5307 2012 5363 catulus

448 5388 651 5456 leonis,
690 5410 710 5443 ι
750 5391 995 5461 ejusdem
1031 5394 1208 5451 tribus
1246 5397 1592 5468 magniﬁcum
1642 5398 1807 5453 animi
1856 5400 2013 5471 inge-

448 5484 600 5540 nium
617 5494 671 5540 et
686 5485 981 5553 conﬁdens,
999 5489 1254 5553 ostendit,
1271 5490 1522 5562 quodque
1535 5492 1700 5548 nullis
1744 5495 2014 5550 extrinse-

447 5592 545 5632 cus
598 5578 977 5648 ingruentibus
1026 5582 1192 5638 rebus
1225 5585 1592 5649 concutiatur,
1625 5591 1679 5639 et
1719 5586 1864 5654 quod
1898 5594 2013 5639 tum

444 5671 776 5743 intrepidum
801 5690 861 5730 se
893 5674 1149 5746 praebeat,
1185 5685 1296 5730 tum
1325 5677 1657 5747 contemptui
1681 5677 1876 5734 habeat
1904 5677 2011 5730 ini-

445 5768 636 5824 micos.
683 5765 838 5821 Illum
874 5781 1003 5822 vero
1044 5766 1147 5823 hoc
1185 5767 1345 5825 modo
1376 5784 1435 5825 se
1478 5769 1785 5839 habentem,
1815 5785 1877 5825 ac
1913 5785 2012 5842 po-

2116 4558 2178 4612 τό
2211 4575 2269 4611 τε
2301 4559 2500 4628 ἄφοϐον
2545 4560 2639 4613 καὶ
2666 4559 2773 4613 τῶν
2802 4560 3009 4631 ἐχθρῶν
3036 4561 3493 4633 καταφρονητικὸν
3529 4574 3650 4629 παρ-

2119 4650 2313 4723 ίστησι.
2357 4651 2606 4707 Τοιοῦτον
2642 4651 2699 4706 δέ
2731 4653 2889 4706 αὐτὸν
2912 4653 3073 4719 ὄντα,
3107 4652 3302 4725 μᾶλλον
3331 4653 3389 4707 δὲ
3422 4650 3648 4720 τοιαύτην

2114 4740 2278 4799 οὖσαν
2302 4746 2399 4815 τὴν
2425 4745 2616 4817 φυλὴν,
2648 4762 2667 4796 ι
2694 4747 2822 4813 Τίς,
2852 4748 3036 4819 φησὶν,
3073 4748 3364 4818 ἀναστήσει
3389 4762 3403 4812 ;
3446 4765 3465 4797 ι
3502 4744 3648 4815 μέγαν

2114 4836 2234 4890 τινὰ
2280 4839 2375 4891 καὶ
2410 4836 2750 4910 θαυμαστὸν,
2803 4839 3028 4893 σπάνιόν
3066 4855 3125 4892 τε
3175 4839 3269 4891 καὶ
3309 4836 3648 4905 δυσθεώρητον

2114 4930 2328 4984 ἔσεσθαι
2354 4932 2443 4985 τὸν
2474 4932 2731 5003 μέλλοντα
2760 4931 3082 5002 ἀναστήσειν
3101 4930 3195 4984 τοῦ
3223 4930 3429 5001 θρόνου,
3464 4926 3549 4979 καὶ
3576 4938 3652 4991 με·

2113 5026 2400 5097 ταστήσειν
2446 5023 2539 5078 τοῦ
2584 5023 2807 5097 ἀρχικοῦ
2861 5023 3163 5095 ἀξιώματος
3200 5021 3298 5093 τὴν
3347 5017 3647 5091 δηλωθεῖσαν

2115 5120 2290 5191 φυλὴν
2320 5118 2682 5191 αἰνιξάμενος.
2726 5120 2821 5183 Τίς
2853 5118 2909 5170 δέ
2936 5118 3043 5190 ἄρα
3065 5110 3218 5180 οὗτος
3237 5111 3304 5188 ἦν
3323 5156 3338 5179 ,
3372 5114 3492 5183 ἑξῆς
3522 5109 3646 5181 ἡμᾶς

2113 5212 2402 5284 ἐφίστησι,
2434 5210 2620 5265 τοῦτον
2649 5205 2785 5264 εἶναι
2808 5210 3073 5264 διδάσκων
3103 5209 3195 5262 τὸν
3230 5206 3485 5280 μέλλοντα
3505 5214 3647 5272 προσ-

2112 5304 2294 5359 δοκίαν
2337 5304 2550 5358 ἔσεσθαι
2592 5303 2698 5359 τῶν
2735 5303 2934 5365 ἐθνῶν,
2960 5303 3018 5366 ὃς
3049 5302 3110 5356 οὐ
3147 5302 3407 5373 πρότερον
3436 5300 3643 5369 φανήσε-

2115 5402 2238 5452 σθαι
2277 5400 2335 5451 ἐν
2381 5396 2714 5471 ἀνθρώποις,
2747 5397 2778 5469 ἦ
2811 5395 3081 5451 ἐκλείπειν
3108 5394 3359 5467 ἄρχοντα,
3388 5388 3479 5485 xuii.
3505 5378 3645 5485 ἡγού-

2117 5484 2274 5564 μενον
2328 5490 2861 5563 μετασταθήσεσθαι,
2912 5489 3006 5543 καὶ
3058 5480 3523 5554 ἀπαναστήσεσθαι

2113 5561 2287 5658 ἀρχῆς
2331 5561 2428 5657 τήν
2472 5584 2565 5638 τοῦ
2621 5561 2789 5637 Ἰούδα
2832 5583 3000 5653 φυλὴν
3032 5576 3442 5669 προφητεύειαι.ζ

2312 5654 2456 5749 ἦνῆ
2507 5677 2535 5729 ό
2586 5676 2775 5748 Σωτὴρ
2817 5674 2909 5729 καὶ
2962 5672 3162 5743 Κύριος
3207 5666 3359 5739 ἡμῶν
3402 5658 3590 5733 Ἰησοῦς
3617 5654 3645 5708 δ

2110 5768 2377 5843 Χριστός;
2419 5761 2479 5822 οὗ
2518 5769 2608 5823 ἐπὶ
2648 5768 2746 5839 τῆς
2781 5768 3044 5839 γενέσεως
3063 5805 3077 5833 ,
3108 5759 3409 5824 ἀκολούθως
3436 5758 3497 5827 τῇ
3525 5762 3641 5820 πίσθ’
