3908 6266
307 328 404 383 585

1170 330 1819 389 DEMONSTRATIONIS
1857 333 2316 393 EVANGELICA‘I
2356 336 2480 392 LIB.
2525 337 2660 394 Vill.

3397 344 3500 399 556

303 440 516 513 κειμένῃ
541 443 857 514 προρρήσει,
876 441 1117 508 ἐξέλιπον
1147 447 1244 516 μὲν
1266 446 1524 518 ἄρχοντες
1552 450 1647 503 καὶ
1679 450 1842 520 ἡγού-

1949 454 2058 509 tius
2086 453 2258 523 ipsam
2285 453 2488 508 tribum
2519 469 2638 524 quae
2659 451 2968 523 hujusmodi
3001 453 3092 519 sit,
3123 454 3266 525 quis,
3304 454 3498 526 inquit,

304 547 444 600 μενοι
467 531 524 597 ἐξ
553 532 730 586 αὐτῶν
773 535 1038 588 Ἰουδαίων
1066 537 1157 589 ἐπὶ
1203 537 1263 590 τὸ
1306 539 1453 603 ἔθνος
1511 541 1689 595 αὐτῶν
1717 542 1849 595 καθα

303 618 596 688 ιστάμενοι,
622 623 656 692 ἡ
679 621 734 675 δὲ
764 622 856 676 τοῦ
907 623 1074 677 Ἰούδα
1120 625 1258 697 φυλὴ
1302 628 1450 693 αύτῷ
1481 629 1621 682 ἔθνει
1663 631 1844 696 παντὶ,

299 711 386 763 τοῦ
418 711 476 778 ἐξ
501 711 690 778 αίῶνος
720 714 944 785 ἀρχικοῦ
974 716 1068 768 καὶ
1101 717 1376 786 βασιλικοῦ
1411 720 1718 791 ἀξιώματος
1747 741 1845 776 κα-

300 801 615 875 θαιρεθεῖσα,
643 809 754 870 τοῖς
791 807 870 859 ἔτι
899 810 992 861 καὶ
1013 809 1106 862 νῦν
1133 811 1418 879 κρατοῦσιν
1439 813 1496 880 ἐξ
1518 815 1723 866 ἐκείνου
1754 817 1847 869 καὶ

297 897 369 957 είς
397 895 550 968 δεῦρο
580 896 814 950 δουλεύει
851 901 1137 972 Ῥωμαίοις
1159 944 1174 967 ,
1218 904 1354 974 μετά
1381 903 1490 957 τῶν
1523 905 1723 960 λοιπῶν
1754 909 1846 961 καὶ

293 987 348 1038 τὸ
389 987 650 1041 Ἰουδαίων
680 989 830 1053 ἔθνος
860 997 1297 1065 χειρωσαμένοις.
1326 998 1462 1070 Παρ’
1487 991 1560 1051 ὧν
1606 1000 1846 1072 Ἡρώδης

295 1080 496 1150 πρῶτος
519 1121 534 1142 ,
587 1083 646 1147 ἐξ
692 1083 984 1152 ἀλλοφύλου
1022 1088 1211 1155 γένους
1273 1091 1531 1160 ὑπάρχων
1571 1091 1714 1154 ἰδίως
1750 1094 1844 1147 τοῦ

291 1171 463 1237 ἔθνους
496 1175 694 1238 αὐτῶν,
729 1176 832 1230 ὑπό
869 1194 928 1230 τε
959 1179 1265 1247 Αὐγούστου
1296 1183 1387 1234 καὶ
1422 1185 1522 1252 τῆς
1566 1183 1844 1254 Ῥωμαίων

292 1266 581 1336 συγκλήτου
615 1267 807 1341 βουλῆς
850 1271 1102 1339 βασιλεὺς
1143 1272 1529 1328 ἀναδέδεικται.
1572 1271 1679 1330 Ἦν
1715 1276 1843 1344 γοῦν

288 1358 314 1410 ὁ
362 1357 603 1428 Ἡρώδης
665 1360 1016 1433 Ἀντιπάτρου
1069 1366 1226 1430 παίςη
1282 1364 1338 1415 Ὀ
1382 1365 1438 1417 δὲ
1496 1365 1844 1438 Ἀντίπατρος

300 1449 686 1521 Ἀσκαλωνίτης
711 1493 725 1515 ,
790 1452 852 1506 ἔκ
900 1472 1045 1518 τινος
1086 1451 1375 1527 τῶν’περὶ
1420 1455 1510 1508 τὸν
1562 1456 1696 1510 νεὼν
1747 1458 1840 1511 τοῦ

298 1540 615 1608 Ἀπόλλωνος
651 1546 960 1616 ἱεροδούλων
996 1548 1363 1618 καλουμένων,
1386 1548 1444 1612 ὃς
1473 1549 1536 1620 δὴ
1560 1549 1842 1620 Κυπρίνην

287 1634 530 1703 ὀνόματι,
569 1636 631 1688 τὸ
671 1637 827 1704 γένος
865 1637 974 1691 τῶν
1003 1638 1058 1704 ἐξ
1100 1639 1386 1709 Ἀραϐίας,
1436 1643 1666 1706 γυναῖκα
1707 1640 1841 1710 πρὸς

286 1725 449 1794 γάμον
481 1725 823 1796 ἀγαγόμενος
843 1767 856 1790 ,
891 1729 983 1781 τὸν
1021 1729 1261 1800 Ἡρώδην
1297 1733 1548 1784 ποιεῖται.
1581 1724 1747 1794 Οῦτος
1777 1732 1840 1803 δὴ

1948 545 2250 602 excitabit?
2288 565 2308 598 ι
2334 546 2427 600 ubi
2453 562 2574 600 cum
2604 561 2855 617 magnum
2878 547 3160 617 quemdam
3187 555 3241 602 et
3265 547 3500 603 admira-

1947 638 2108 693 bilem
2155 644 2211 692 et
2247 653 2454 701 rarum,
2489 646 2542 693 et
2572 645 2814 707 spectatu
2847 639 3114 694 didicilem
3152 638 3267 696 fore
3298 641 3503 711 signifi—

1947 731 2150 786 caverit
2184 745 2328 796 eum,
2374 732 2465 800 qui
2513 731 2583 785 sit
2623 731 2994 800 hujuscemodi
3030 732 3228 788 tribum
3259 734 3327 790 de
3374 735 3502 790 sede.

1947 822 2306 885 excitaturus,
2340 820 2512 892 deque
2557 822 2890 892 principatus
2920 823 3087 893 gradu
3129 839 3192 878 ac
3242 824 3502 895 dignitate

1945 913 2358 978 exturbaturus,
2383 921 2496 968 tum
2534 912 2750 969 demum
2766 914 3014 984 quisnam
3046 915 3134 970 hic
3161 916 3251 980 sit,
3283 933 3382 974 nos
3406 917 3502 971 ad-

1945 1012 2150 1070 monet,
2199 1005 2463 1074 docetque
2508 1005 2652 1060 hunc
2696 1005 2845 1059 illum
2874 1021 3025 1072 esse,
3055 1007 3145 1076 qui
3171 1010 3500 1078 exspectatio

1944 1098 2182 1166 gentium
2219 1099 2289 1153 sit
2317 1097 2555 1161 futurus.
2584 1098 2678 1168 qui
2712 1098 2965 1153 videlicet
3010 1113 3040 1151 a
3085 1100 3344 1170 propheta
3389 1117 3494 1156 non

1944 1187 2094 1257 prius
2137 1188 2278 1242 inter
2307 1189 2552 1245 homines
2594 1189 2860 1245 videndus
2888 1190 3218 1260 przedicitur,
3255 1208 3416 1262 quam
3443 1200 3496 1248 et

1943 1277 2194 1349 princeps
2234 1279 2469 1344 deﬁciat,
2504 1289 2558 1334 et
2581 1281 2691 1333 dux
2725 1288 3060 1344 amoveatur,
3095 1287 3149 1335 et
3199 1280 3265 1335 de
3295 1283 3499 1352 princi-

1941 1374 2068 1436 patu
2095 1369 2412 1424 exturbetur
2441 1370 2613 1426 tribus
2647 1368 2804 1424 Iuda.
2836 1369 3000 1442 374
3028 1369 3316 1437 Caeterum,
3347 1373 3495 1441 quis-

1942 1473 2089 1521 nam,
2131 1475 2336 1529 quaeso,
2371 1461 2511 1515 alius
2544 1461 2632 1515 hic
2665 1461 2737 1514 sit
2762 1476 2921 1530 quam
2951 1460 3198 1515 Salvator
3228 1469 3282 1517 et
3315 1460 3491 1515 Domi-

1941 1563 2046 1603 nus
2077 1557 2261 1605 noster
2279 1548 2437 1606 Iesus
2465 1550 2740 1614 Christus,
2767 1551 2820 1604 in
2844 1549 3002 1620 cujus
3033 1559 3179 1609 ortu.
3210 1551 3352 1606 sicut
3375 1567 3488 1620 pro-

1941 1640 2084 1695 xime
2112 1641 2356 1711 exposita
2386 1642 2667 1711 prophetia
2686 1641 2918 1706 volebat,
2950 1657 3016 1697 ex
3043 1640 3243 1696 Iudzeis
3280 1641 3496 1712 quidem

1941 1733 2256 1788 defecerunt
2286 1734 2560 1804 principes
2589 1749 2652 1788 ac
2701 1734 2891 1796 duces,
2921 1734 3012 1804 qui
3059 1734 3201 1804 genti
3242 1735 3499 1804 praeside-

281 1811 366 1867 οὖν
406 1815 622 1885 πρῶτος
662 1819 726 1870 ἐκ
772 1819 1010 1872 τοιούτου
1047 1821 1236 1888 γένους
1275 1821 1620 1892 ὁρμώμενος,
1655 1821 1744 1874 τὸν
1777 1824 1842 1877 ἐκ

1940 1833 2080 1886 rent,
2119 1825 2236 1895 ipsa
2282 1841 2412 1881 vero
2457 1826 2635 1882 tribus
2663 1825 2800 1880 Iuda
2834 1841 2940 1880 una
2993 1841 3116 1880 cum
3164 1831 3274 1880 tota
3317 1837 3495 1896 gente,

279 1904 514 1977 διαδοχῆς
536 1907 647 1961 τῶν
677 1909 973 1982 ἀρχιερέων
1015 1911 1239 1966 ὕστατον
1265 1915 1608 1984 ἡγησάμενον
1643 1915 1840 1986 ’Υρκα-

280 1998 396 2063 νὺν,
449 2000 534 2068 ἐφ’
578 1999 637 2052 ὃν
678 2000 748 2053 τὰ
795 2002 894 2072 τῆς
935 2004 1138 2066 οἰκείας
1180 2005 1354 2075 ἀρχῆς
1415 2005 1506 2058 τοῦ
1576 2006 1839 2060 Ἰουδαίων

279 2091 454 2154 ἔθνους
478 2092 798 2162 κατέληξεν,
825 2094 1067 2148 ἐκποδὼν
1091 2095 1404 2166 μεθίστησιν
1429 2096 1648 2163 ἀνελὼν,
1686 2099 1836 2170 πρῶ-

277 2184 360 2248 τός
385 2201 442 2238 τε
464 2185 651 2249 αὐτὸς,
678 2186 753 2249 ὡς
779 2185 933 2257 ἔφην,
959 2186 1016 2253 ἐξ
1036 2187 1332 2257 ἀλλοφύλου
1354 2189 1542 2258 γένους
1573 2191 1838 2245 Ἰουδαίων

278 2277 661 2349 ἀναγορεύεται
699 2278 949 2348 βασιλεύς
983 2297 996 2310 '
1044 2282 1166 2335 καθ’
1192 2283 1249 2335 ὃν
1273 2283 1620 2354 γεννηθέντος
1663 2284 1835 2353 Ἰησοῦ

276 2369 360 2422 τοῦ
405 2372 680 2442 Χριστοῦ,
731 2375 1005 2447 καθῄρητο
1051 2376 1150 2447 μὲν
1195 2376 1328 2446 ὁμοῦ
1379 2376 1607 2447 καὶτῆς
1669 2376 1837 2430 Ἰούδα

278 2460 436 2532 φυλῆς
465 2465 527 2516 τὸ
557 2462 776 2535 ἀξίωμα
796 2507 810 2530 ,
850 2467 1126 2538 καθῄρητο
1146 2468 1202 2521 δέ
1227 2468 1320 2520 καὶ
1355 2470 1387 2538 ἡ
1423 2469 1529 2520 τῶν
1572 2468 1834 2521 Ἰουδαίων

276 2553 401 2624 ἀρχή
435 2572 494 2607 τε
528 2557 628 2609 καὶ
665 2556 906 2626 βασιλεία
929 2600 943 2622 ,
974 2558 1296 2630 πεπλήρωτο
1332 2559 1388 2611 δὲ
1435 2559 1527 2612 καὶ
1571 2561 1603 2630 ἡ
1640 2575 1836 2631 προτε-

273 2648 503 2718 ταγμένη
522 2651 830 2720 προφητεία
856 2669 868 2680 ·
899 2660 915 2699 i
946 2652 1056 2704 υὺκ
1082 2650 1315 2720 ἐκλείψει
1346 2649 1528 2721 ἄρχων
1549 2649 1608 2715 ἐξ
1642 2651 1831 2713 Ἰούδα,

272 2739 381 2793 ούδέ
404 2741 538 2811 ἡγοῦ
550 2759 710 2812 μενος
735 2745 798 2794 ἐκ
815 2738 918 2794 τῶν
944 2741 1132 2812 μηρῶν
1158 2740 1344 2804 αὐτοῦ,
1377 2759 1394 2792 ι
1419 2741 1656 2811 φήσασα,
1688 2759 1707 2793 ι
1731 2741 1834 2805 ἔως

273 2830 332 2884 ἂν
361 2832 484 2906 ἔλθῃ
517 2833 590 2886 τά
618 2834 955 2904 ἀποκείμενα
985 2833 1130 2905 αὐτῷ
1153 2852 1164 2864 ·
1195 2855 1214 2886 ι
1235 2835 1292 2888 ὃν
1327 2835 1418 2888 καί
1451 2852 1581 2906 φησι
1612 2837 1834 2906 γενήσε-

275 2922 384 2976 σθαι
411 2925 472 2977 οὐ
499 2924 598 2978 τοῦ
637 2925 902 2978 Ἰουδαίων
930 2925 1112 2988 ἔθνους
1132 2965 1145 2988 ,
1181 2925 1313 2979 ἀλλά
1338 2926 1446 2980 τῶν
1472 2926 1636 2980 ἐθνῶν
1662 2943 1831 2998 προσ-

270 3013 460 3068 δοκίαν.
535 3015 756 3087 Ἐπειδὴ
810 3015 988 3068 τοίνυν
1043 3015 1298 3068 ἀπέκειτο
1347 3017 1378 3086 ἡ
1429 3017 1704 3088 πρόπαλαι
1753 3015 1832 3086 τῷ

283 3101 520 3175 Ἀϐραὰμ
543 3103 977 3175 χρηματισθείσα
996 3103 1103 3158 τῶν
1136 3108 1200 3158 ἐκ
1221 3105 1313 3158 τοῦ
1356 3105 1616 3159 Ἰουδαίων
1646 3104 1830 3169 ἔθνους

270 3194 532 3266 ἀρχόντων
586 3213 645 3248 τε
693 3197 785 3249 καὶ
824 3194 1141 3266 ἡγουμένων
1193 3199 1520 3268 μετάστασις
1563 3199 1662 3269 τῆς
1707 3201 1826 3254 κατ’

269 3285 450 3349 αὐτοὺς
481 3287 662 3357 ἀρχῆς
698 3286 788 3338 ἐπὶ
825 3287 1144 3356 Ῥωμαίους,
1166 3287 1259 3340 καὶ
1287 3289 1377 3341 τὸν
1401 3289 1460 3355 ἐξ
1489 3289 1655 3343 ἐθνῶν
1682 3289 1832 3360 δεδη-

269 3375 497 3448 λωμένον
551 3377 799 3450 Ἡρώδην
821 3419 834 3442 ,
865 3379 1084 3442 είκὸτως
1104 3382 1131 3432 ὁ
1163 3380 1259 3451 μὲν
1281 3381 1669 3452 εὐαγγελιστὴς
1691 3383 1829 3435 Λου-

269 3469 386 3531 κᾶς,
436 3469 936 3539 ἐπισημαινόμενος
981 3469 1104 3532 τοὺς
1141 3470 1362 3540 χρόνους
1395 3470 1494 3541 τῆς
1539 3471 1832 3541 ἐκλείψεως

268 3557 364 3609 τῶν
404 3559 676 3612 Ἰουδαίων
706 3558 998 3630 ἀρχόντων,
1027 3559 1123 3629 τὴν
1161 3562 1438 3632 καταρχὴν
1465 3562 1565 3632 τῆς
1592 3561 1828 3634 Χριστοῦ

263 3647 602 3713 διδασκαλίας
646 3651 845 3722 ἱστορεῖ
870 3651 1146 3721 γεγονέναι
1173 3654 1230 3704 ἐν
1269 3653 1376 3706 ἔτει
1412 3654 1829 3708 πεντεκαιδεκά-

266 3754 334 3807 τῳ
360 3739 456 3809 τῆς
489 3741 788 3812 ἡγεμονίας
829 3743 1076 3814 Τιϐερίου
1122 3744 1396 3814 Καίσαρος
1417 3785 1432 3807 ,
1468 3743 1827 3815 ἡγεμονεύον-

266 3845 346 3892 τος
377 3832 608 3883 Ποντίου
643 3831 872 3886 Πιλάτου
913 3833 1012 3903 τῆς
1069 3833 1324 3898 Ἰουδαίας
1349 3851 1362 3864 °
1413 3836 1505 3888 καὶ
1549 3835 1828 3900 Ματθαῖος

263 3917 314 3970 δὲ
351 3920 504 3974 τοῦτο
563 3922 694 3974 αὐτὸ
736 3924 1099 3996 αἰνιττόμενος
1158 3925 1428 3995 σημαίνει.
1476 3926 1829 3998 ’Υπογράψας

265 4009 381 4074 γοῦν
413 4011 514 4083 τὴν
559 4013 656 4066 τοῦ
705 4016 909 4084 Κυρίου
968 4016 1059 4070 καὶ
1112 4017 1360 4089 Σωτῆρος
1393 4017 1548 4088 ἡμῶν
1586 4019 1824 4087 γένεσιν,

263 4097 492 4169 ἐπιλέγει
524 4120 540 4134 ·
598 4121 616 4153 ι
654 4103 760 4156 Τοῦ
802 4105 859 4157 δὲ
899 4106 1072 4177 Ἰησοῦ
1109 4107 1457 4178 γεννηθέντος
1497 4110 1555 4162 ἐν
1582 4109 1827 4180 Βηθλεέμ

261 4187 351 4257 τῆς
389 4192 648 4256 Ἰουδαίας
683 4195 738 4247 ὲν
764 4196 995 4267 ἡμέραις
1033 4197 1266 4268 Ἡρώδου
1289 4198 1380 4252 τοῦ
1408 4198 1686 4270 βασιλέως,
1715 4200 1823 4252 ίδοὺ

264 4279 415 4346 μάγοι
431 4282 544 4335 ἀπὸ
560 4283 832 4336 ἀνατολῶν
848 4285 1206 4357 παρεγένοντο
1237 4290 1316 4351 είς
1341 4288 1707 4360 Ἰεροσόλυμα,
1737 4289 1824 4342 λέ-

266 4387 457 4437 γοντεςο
479 4374 596 4426 Ποῦ
615 4374 758 4428 ἔστιν
777 4379 805 4430 ὁ
822 4377 1030 4448 τεχθεὶς
1056 4378 1306 4448 βασιλεὺς
1323 4379 1433 4433 τῶν
1462 4380 1731 4435 Ἰουδαίων
1751 4399 1764 4446 ;
1795 4401 1814 4434 ι

1937 1915 2243 1985 principatu
2269 1932 2330 1971 ac
2354 1932 2540 1988 regno,
2564 1917 2710 1988 quod
2739 1917 2806 1971 ab
2839 1917 2992 1972 initio
3014 1918 3342 1982 obtinuerat,
3370 1932 3500 1988 spo-

1937 2005 2086 2072 liata,
2111 2005 2371 2064 Romanis
2403 2009 2566 2064 etiam
2595 2025 2741 2064 nunc
2769 2009 3177 2064 dominantibus
3206 2025 3274 2064 ex
3305 2011 3398 2064 illo
3429 2011 3493 2064 ad

1937 2095 2081 2150 hunc
2111 2113 2280 2168 usque
2319 2098 2461 2154 diem
2501 2097 2812 2162 famulatur,
2852 2099 2946 2168 qui
2974 2113 3080 2152 una
3109 2114 3231 2152 cum
3270 2099 3495 2168 reliquis

1933 2191 2188 2264 gentibus
2227 2191 2390 2247 etiam
2437 2189 2655 2248 Iudaeos
2695 2191 2997 2264 subegere?
3023 2193 3068 2247 A
3118 2194 3318 2264 quibus
3365 2195 3492 2248 item

1936 2281 2174 2336 Herodes
2203 2282 2410 2351 primus
2439 2289 2664 2337 externo
2708 2297 2904 2353 genere
2954 2292 3128 2347 ortus,
3161 2291 3214 2338 et
3260 2285 3494 2353 impera-

1933 2374 2068 2428 toris
2107 2373 2358 2443 Augusti,
2389 2381 2444 2428 et
2481 2370 2712 2428 Romani
2752 2381 2974 2429 senatus
3026 2375 3347 2429 auctoritate
3396 2391 3493 2430 rex

1934 2464 2240 2520 declaratus
2273 2475 2375 2520 est.
2406 2461 2532 2518 Fuit
2574 2464 2740 2535 igitur
2774 2465 3042 2536 Antipatri
3077 2465 3226 2521 ﬁlius
3269 2467 3357 2520 hic
3393 2465 3497 2521 lle-

1933 2557 2114 2613 rodes.
2135 2557 2256 2627 ipse
2278 2571 2404 2612 vero
2430 2554 2710 2627 Antipater
2729 2556 3041 2612 Ascalonita
3076 2558 3145 2612 ab
3177 2573 3365 2612 eorum
3397 2575 3494 2614 ne-

1934 2649 2049 2703 scio
2081 2663 2188 2718 quo
2210 2655 2387 2712 ortus,
2419 2648 2512 2718 qui
2564 2647 2620 2702 in
2653 2648 2853 2718 templo
2882 2647 3146 2718 Apollinis
3190 2657 3491 2714 versantes,

1935 2737 2078 2792 sacri
2106 2737 2248 2792 servi
2289 2736 2722 2806 appellabantur.
2753 2736 2857 2805 Qui
2887 2752 3010 2792 cum
3041 2753 3262 2793 uxorem
3304 2739 3495 2794 duxis—

1935 2839 2017 2884 set
2046 2828 2357 2898 quamdam,
2394 2828 2482 2882 cui
2531 2844 2728 2882 nomen
2764 2828 2980 2898 quidem
3007 2829 3275 2900 Cyprium,
3323 2846 3493 2900 genus

1931 2935 2061 2976 vero
2085 2935 2152 2976 ex
2175 2919 2396 2987 Arabia,
2425 2919 2690 2976 Herodem
2716 2920 2939 2975 creavit.
2964 2919 3064 2974 Hie
3088 2921 3253 2991 igitur
3284 2922 3492 2991 primus

1932 3014 2026 3067 tali
2060 3027 2258 3085 genere
2297 3022 2477 3079 natus,
2512 3011 2822 3084 Hyrcanum
2853 3012 2943 3083 qui
2992 3014 3214 3068 ultimus
3263 3031 3330 3069 ex
3362 3030 3491 3070 suc-

1933 3103 2184 3158 cessione
2217 3117 2282 3156 ac
2314 3102 2456 3158 serie
2509 3101 2823 3172 pontificum
2853 3101 3054 3158 Iudzeis
3084 3103 3318 3174 przefuit,
3353 3113 3404 3175 e_t
3438 3106 3490 3158 in

1931 3207 2041 3264 quo
2071 3193 2400 3250 domesticus
2434 3189 2674 3248 Iudaica:
2705 3194 2880 3264 gentis
2906 3195 3242 3267 principatus
3272 3194 3490 3259 defecit,

1932 3294 2185 3340 necatum
2217 3285 2358 3339 tollit
2384 3283 2451 3338 de
2480 3285 2678 3340 medio.
2705 3283 2863 3355 Isque
2887 3287 3112 3356 primus,
3138 3298 3196 3341 ut
3220 3287 3488 3350 dicebam,

1928 3383 2154 3430 externo
2183 3389 2378 3444 genere
2403 3381 2555 3428 ortus
2582 3373 2887 3431 Iudaeorum
2921 3393 3015 3432 rex
3057 3385 3141 3433 est
3167 3379 3487 3450 appellatus.

1929 3467 2104 3539 Hujus
2145 3485 2274 3540 ergo
2314 3469 2650 3541 temporibus
2694 3485 2816 3524 cum
2861 3467 3020 3525 Iesus
3048 3469 3294 3526 Christus
3345 3479 3492 3526 esset

1927 3566 2112 3622 natus,
2145 3558 2298 3615 Iuda:
2328 3559 2502 3613 tribus
2531 3558 2766 3629 dignitas
2797 3556 3008 3612 sublata
3040 3567 3123 3612 est
3159 3576 3172 3613 :
3212 3559 3487 3613 sublatum

1927 3659 2012 3706 est
2052 3647 2361 3706 Iudaeorum
2407 3650 2692 3720 imperium
2719 3656 2773 3702 et
2808 3662 3056 3716 regnum,
3101 3649 3365 3718 completa
3406 3658 3491 3702 est

1926 3743 2170 3812 proxime
2191 3741 2436 3811 exposita
2458 3741 2738 3812 prophetia
2766 3759 2778 3794 :
2805 3758 2822 3790 ι
2848 3739 2966 3794 Non
2995 3739 3204 3794 deﬁciet
3237 3739 3488 3809 princeps

1927 3833 1994 3889 de
2015 3829 2176 3900 Iuda,
2207 3849 2384 3903 neque
2421 3831 2533 3886 dux
2577 3833 2644 3887 de
2695 3831 2990 3887 femoribus
3020 3831 3160 3900 ejus,
3197 3831 3369 3886 donec
3396 3849 3487 3884 ve-

1927 3923 2081 3978 niant
2111 3939 2230 3994 qua:
2256 3925 2494 3992 reposita
2525 3932 2650 3978 sunt
2674 3923 2743 3977 ei.
2789 3942 2807 3975 ι
2840 3921 2996 3977 Hunc
3025 3930 3204 3976 autem
3234 3921 3365 3976 dicit
3404 3923 3489 3975 fu-

1927 4024 2108 4071 turum
2152 4032 2259 4070 non
2304 4014 2544 4071 Iudaicae
2576 4015 2774 4086 gentis,
2813 4015 2908 4070 sed
2941 4017 3178 4086 gentium
3209 4025 3488 4084 exspecta-

1925 4106 2149 4161 tionem.
2192 4105 2458 4172 Quoniam
2489 4106 2653 4175 igitur
2685 4105 2926 4174 reposita
2975 4111 3093 4158 erat
3123 4103 3213 4156 illa
3243 4103 3483 4173 gentium

1925 4195 2229 4250 vocationis
2266 4195 2620 4264 exspectatio,
2661 4209 2781 4263 qua:
2815 4208 2880 4247 ex
2917 4193 3138 4246 oraculo
3173 4193 3274 4262 ipsi
3308 4189 3484 4247 Abra—

1925 4285 2008 4340 ba:
2039 4286 2307 4356 promissa
2350 4293 2454 4350 est,
2483 4301 2604 4339 cum
2645 4301 2710 4340 ex
2739 4283 2969 4338 Iudaica
3013 4289 3169 4354 gente
3197 4284 3308 4353 jam
3338 4283 3486 4337 defe-

1924 4379 2125 4432 cissent
2150 4385 2204 4432 et
2254 4377 2526 4446 principes
2562 4384 2615 4430 et
2644 4374 2831 4438 duces,
2865 4375 3296 4442 translatumque
3329 4374 3395 4427 ab
3420 4390 3484 4426 ea

257 4459 318 4512 δι’
355 4457 428 4516 ὧν
475 4465 668 4534 σαφῶς
718 4468 1044 4539 παρίστησι,
1096 4470 1189 4523 καὶ
1247 4470 1341 4524 τοῦ
1386 4471 1679 4540 ἀλλοφύλου
1721 4472 1819 4544 τὴν

1931 4479 2065 4525 esset
2095 4469 2377 4539 imperium
2416 4469 2470 4521 in
2501 4466 2793 4530 Romanos,
2822 4473 2875 4520 et
2915 4466 2970 4519 in
2994 4465 3142 4518 illum
3193 4463 3480 4524 Herodem,

261 4554 368 4604 κατ’
395 4555 579 4610 αὐτῶν
625 4559 818 4629 ἀρχὴν,
853 4562 946 4612 καὶ
977 4560 1082 4612 τῶν
1112 4561 1171 4626 ἐξ
1205 4562 1466 4633 ἀνατολῆς
1511 4563 1820 4632 ἀλλοφύλων

263 4641 419 4698 ἐθνῶν
475 4647 580 4719 τὴν
631 4648 736 4701 ὑπὸ
783 4649 876 4703 τοῦ
908 4650 1041 4703 Θεοῦ
1099 4652 1306 4722 κλῆσιν.
1365 4651 1526 4723 Ὁμοῦ
1595 4671 1654 4705 τε
1711 4653 1820 4726 γὰρ

274 4733 528 4790 Ἰουδαίων
563 4736 849 4808 ἀλλύορυλοι
891 4740 1175 4811 ἐκράτουν,
1211 4743 1305 4795 καὶ
1347 4742 1438 4794 τὸν
1474 4743 1639 4796 πάλαι
1684 4761 1816 4814 προ-

258 4827 616 4896 φητευόμενον
659 4829 890 4900 Χριστὸν
927 4830 1020 4883 τοῦ
1059 4831 1192 4884 Θεοῦ
1238 4832 1566 4900 ἐγίγνωσκόν
1614 4850 1671 4885 τε
1723 4833 1817 4886 καὶ

260 4919 616 4985 προσεκύνουν
669 4919 966 4989 ἀλλόφυλοι,
1028 4921 1088 4987 ἐξ
1147 4922 1416 4976 ἀνατολῶν
1474 4923 1812 4986 ἐπιστάντες.

259 5007 456 5062 υύκοῦν
492 5010 682 5080 σαφῶς
715 5011 802 5064 διὰ
828 5011 1030 5067 τούτων
1071 5013 1222 5076 τέλος
1258 5013 1457 5083 ἔχουσα
1488 5014 1580 5065 τοῦ
1621 5012 1813 5065 Ἰακὼϐ

257 5096 288 5164 ἡ
315 5102 618 5170 προφητεία
657 5101 948 5167 δείκνυται,
977 5105 1062 5156 ἐπ’
1092 5105 1320 5175 ἐσχάτου
1360 5103 1460 5174 τῆς
1507 5103 1816 5167 συστάσεως

257 5189 340 5240 τοῦ
374 5192 648 5246 Ἰουδαίων
676 5193 857 5257 ἔθνους
883 5195 1316 5258 ἀποτελεσθεῖσα,
1349 5195 1630 5264 ὠσπεροῦν
1654 5195 1815 5258 αὐτὸς

256 5282 359 5342 τοῖς
373 5283 568 5336 ἐαυτοῦ
586 5285 767 5338 παισὶν
793 5286 1098 5352 ἐθέσπισεν,
1119 5288 1314 5342 εἰπών·
1351 5308 1369 5340 ι
1393 5289 1699 5360 Συνάχθητε
1725 5289 1813 5344 ἴνα

256 5369 568 5440 ἀπαγγείλω
618 5377 744 5446 ὑμῖν
795 5378 848 5430 τί
905 5377 1239 5448 συμϐήσεται
1286 5381 1412 5450 ὑμῖν
1455 5383 1540 5436 ἐπ’
1582 5383 1810 5452 ἐσχάτου

257 5461 355 5514 τῶν
383 5465 636 5536 ἡμερῶν·
663 5485 682 5518 ›
737 5470 968 5538 ἐσχάτας
1014 5471 1222 5541 ἡμέρας
1264 5473 1523 5526 νοούντων
1562 5475 1716 5545 ἡμῶν
1742 5474 1810 5526 τὰ

255 5549 450 5623 ἔσχατα
471 5558 574 5627 τῆς
601 5559 907 5623 συστάσεως
935 5561 1027 5613 τοῦ
1056 5562 1319 5618 Ἰουδαίων
1351 5565 1551 5630 ἔθνους,
1583 5565 1648 5618 Τί
1678 5566 1808 5640 δῆτα

321 5735 430 5767 ⁸³·⁶’⁵
473 5736 662 5792 Matth.
701 5754 774 5797 ιι,
811 5739 930 5799 1,2.

569 5832 838 5893 PATBOL.
885 5834 1000 5895 Gn.
1051 5836 1239 5899 XXII.

1925 4563 1993 4616 de
2033 4576 2141 4631 quo
2181 4559 2383 4614 dictum
2413 4565 2518 4621 est,
2542 4561 2734 4612 merito
2772 4568 3014 4626 tempora
3045 4556 3243 4625 quibus
3267 4555 3483 4609 Iudaeo-

1923 4671 2044 4710 rum
2086 4654 2362 4724 principes
2395 4649 2719 4707 defecissent
2749 4649 2923 4703 Lucas
2954 4647 3283 4717 evangelista
3313 4647 3482 4717 signi-

1925 4748 2114 4810 ﬁcans,
2148 4745 2361 4799 initium
2394 4742 2656 4796 doctrinae
2689 4740 2892 4795 Christi
2916 4747 3102 4793 narrat
3132 4737 3330 4792 factum
3362 4751 3481 4791 esse

1923 4838 1980 4890 in
2025 4849 2168 4889 anno
2207 4849 2277 4888 xv
2327 4832 2538 4901 imperii
2590 4830 2792 4885 Tiberii
2839 4829 3106 4892 Caesaris,
3153 4838 3481 4898 procurante

1921 4926 2115 4982 Pontio
2155 4925 2329 4978 Pilato
2371 4923 2632 4978 Iudaeam.
2663 4922 2947 4975 Matthaeus
2982 4935 3198 4989 quoque
3234 4917 3478 4973 eamdem

1923 5034 2035 5073 rem
2060 5017 2292 5071 innuens
2316 5022 2466 5069 netat
2499 5035 2513 5068 :
2548 5030 2672 5067 nam
2703 5021 2821 5067 ortu
2851 5012 3062 5066 Domini
3088 5026 3150 5065 ac
3183 5009 3479 5063 Salvatoris

1921 5109 2094 5163 nostri
2117 5107 2408 5175 descripto,
2429 5105 2682 5173 deinceps
2699 5103 2972 5173 adjungit:
2997 5120 3015 5151 ι
3036 5100 3169 5154 Cum
3197 5106 3374 5152 autem
3391 5095 3482 5150 Ie-

1921 5215 2016 5254 sus
2044 5206 2204 5254 natus
2230 5203 2375 5253 esset
2397 5196 2450 5250 in
2472 5195 2776 5250 Bethlehem
2801 5193 3016 5256 Iudaeae,
3043 5193 3096 5245 in
3114 5191 3304 5244 diebus
3317 5187 3485 5242 Hero-

1919 5293 2005 5347 dis
2030 5292 2190 5362 regis,
2223 5305 2348 5345 ecce
2379 5287 2513 5357 Magi
2549 5287 2615 5340 ab
2643 5287 2860 5340 Oriente
2885 5291 3147 5338 venerunt
3177 5280 3459 5350 llierosoly

1919 5397 2084 5445 mam,
2125 5381 2399 5435 dicentes:
2430 5377 2532 5433 Ubi
2580 5384 2664 5432 est
2692 5377 2783 5446 qui
2813 5385 2974 5429 natus
3000 5381 3083 5430 est
3125 5389 3221 5426 rex
3257 5370 3476 5425 Iudaeo-

1917 5490 2035 5528 rum
2050 5472 2187 5524 "-“?
2209 5471 2393 5542 »375
2407 5473 2458 5524 in
2477 5485 2583 5540 quo
2599 5469 2753 5536 plane
2770 5465 3006 5522 ostendit
3023 5475 3077 5520 et
3089 5463 3296 5519 externi
3312 5461 3482 5518 homi-

1914 5566 2000 5620 nis
2034 5565 2086 5618 in
2118 5565 2237 5619 illos
2269 5565 2642 5634 imperium,et
2659 5570 3000 5617 externarum
3021 5557 3088 5611 ab
3107 5555 3328 5612 Oriente
3349 5569 3482 5626 gen-

3091 5832 3166 5890 19
