3908 6266
414 339 518 395 587

1054 332 1320 391 EUSEBII
1357 325 1837 388 CIESARIENSIS
1887 323 2039 381 OPP.
2081 319 2264 378 PARS
2311 318 2377 373 ll.
2421 347 2490 359 -—
2527 308 3023 370 APOLOGETICA.

3543 303 3636 360 588

417 462 552 516 tium
588 473 618 516 a
657 459 770 516 Deo
816 456 1175 516 vocationem.
1218 454 1420 511 Eodem
1466 453 1612 509 enim
1657 459 1900 522 tempore
1941 457 1994 504 et

2117 446 2279 506 ιύτοῖς
2320 440 2563 510 ἀπαντᾷν
2607 436 2856 507 ἐμελλενς
2906 428 3144 499 ἔκλειψις
3191 427 3287 497 μὲν
3339 425 3436 496 τῆς
3481 424 3638 497 ἀρχῆς

418 553 631 612 externi
664 552 865 609 Iudaeis
893 548 1252 620 imperabant,
1276 554 1329 601 et
1349 545 1625 602 Christum
1651 543 1766 606 Dei,
1787 540 1854 597 de
1879 555 1988 611 quo

420 647 701 718 prophetae
715 644 879 700 locuti
894 642 1129 705 fuerant,
1152 640 1361 697 externi
1380 640 1447 693 ab
1474 636 1712 694 Orientis
1740 634 1989 706 partibus

418 736 675 809 profecti,
699 744 753 792 et
780 738 1170 806 cognoverunt,
1188 737 1242 786 et
1266 728 1648 784 adoraverunt.
1671 727 1811 796 Ergo
1833 724 1989 795 plane

419 832 477 885 in
520 829 606 885 his
635 827 795 883 ﬁnem
826 840 985 881 suum
1010 823 1328 892 contingens
1361 818 1645 892 prophetia
1682 815 1870 881 Jacob,
1895 830 1991 886 ap-

422 929 577 994 paret
621 917 1073 992 quemadmodum
1119 915 1381 984 completa
1417 914 1509 978 sit,
1535 926 1659 967 cum
1710 909 1776 963 ad
1814 914 2026 975 extre-_

422 1028 572 1068 mum
616 1012 702 1069 sui
746 1018 922 1066 status
952 1006 1177 1064 Iudaica
1227 1021 1359 1077 gens
1399 1004 1657 1066 venisset,
1688 1002 1830 1058 sicut
1876 1000 1993 1070 ipse

423 1121 647 1180 quoque
673 1104 741 1160 ad
775 1119 904 1159 suos
939 1101 1079 1158 ﬁlios
1111 1099 1309 1155 cecinit
1341 1113 1465 1152 cum
1487 1096 1654 1151 dixit:
1693 1112 1712 1144 ‹
1751 1093 1994 1164 Congre-

427 1199 635 1271 gamini
656 1206 715 1252 ut
733 1194 1050 1250 annuntiem
1077 1191 1251 1250 vobis.
1279 1189 1406 1261 quid
1436 1194 1756 1243 eventurum
1793 1176 1992 1240 sit'vo-

386 1288 394 1298 ’
426 1294 513 1349 bis
546 1292 604 1347 in
630 1298 871 1347 extremo
900 1287 1130 1342 dierum.
1170 1302 1188 1336 ι
1215 1281 1325 1338 Nos
1355 1280 1499 1336 enim
1534 1286 1805 1334 extremos
1834 1276 1996 1329 intel-

428 1384 650 1456 ligimus
698 1381 839 1443 dies,
891 1387 1132 1433 extrema
1160 1384 1336 1430 status
1383 1370 1623 1427 Judaica:
1665 1369 1841 1440 gentis
1859 1374 1997 1422 tem-

429 1490 583 1548 pora.
638 1473 928 1536 Caeterum,
983 1467 1113 1541 quid
1142 1465 1470 1521 tandem'illi
1503 1470 1823 1519 eventurum
1858 1459 1999 1514 fuit?

429 1567 634 1638 Nempe
674 1564 917 1621 defectus
965 1560 1188 1616 honoris
1231 1556 1402 1623 Judm,
1463 1564 1517 1612 et
1568 1555 1831 1608 universa:
1880 1553 1998 1621 ejus

432 1663 611 1733 gentis
644 1659 895 1723 sublatio,
927 1656 1082 1726 quies
1102 1660 1156 1707 et
1177 1649 1488 1706 terminatio
1516 1647 1713 1701 ducum
1731 1640 1997 1713 ejusdem,

434 1754 611 1809 tribus
627 1751 799 1822 ipsius
814 1745 1150 1818 principatus
1172 1784 1187 1809 ,
1216 1741 1485 1812 regiaeque
1512 1737 1796 1809 dignitatis
1837 1734 2001 1789 dissi-

437 1847 621 1917 patio,
646 1840 851 1898 Christi
885 1838 1171 1908 imperium
1231 1840 1283 1889 et
1306 1847 1556 1903 regnum,

434 1939 622 2005 Israel,
657 1934 751 1992 sed
786 1931 930 2004 quod
958 1933 1014 1986 in
1045 1927 1298 1984 omnibus
1329 1924 1579 1996 gentibus
1608 1921 2000 1986 dominaretur,

434 2032 590 2101 juxta
618 2027 787 2082 illud:
844 2044 863 2076 ι
896 2023 961 2077 Et
1008 2023 1125 2092 ipse
1177 2017 1508 2089 exspectatio
1538 2015 1799 2086 gentium.
1841 2032 1859 2063 ι
1897 2010 2003 2065 Sed

440 2124 565 2193 quis
623 2136 729 2175 non
764 2118 923 2189 plane
974 2113 1227 2176 fateatur,
1255 2109 1436 2165 omnia
1461 2108 1579 2162 hate
1613 2107 1668 2160 in
1700 2102 2004 2159 Salvatoris

442 2214 618 2271 nostri
644 2213 879 2267 adventu
912 2206 1179 2277 completa
1203 2202 1361 2259 esse?
1417 2199 1694 2271 Siquidem
1753 2198 1847 2269 qui
1883 2203 2007 2251 ante

442 2306 649 2364 Christi
700 2312 879 2360 ortum
911 2296 1223 2353 domesticis
1270 2292 1608 2364 principibus
1647 2305 1710 2343 ac
1755 2288 2006 2352 ducibus,

443 2389 496 2455 et
525 2394 815 2455 solertibus
839 2376 1143 2447 divinarum
1174 2386 1471 2441 lectionum
1501 2380 1864 2443 auditoribus,
1895 2378 2010 2434 suis

442 2495 573 2547 item
606 2487 843 2560 propriis
885 2482 1105 2553 regibus
1148 2486 1202 2534 et
1244 2475 1597 2548 pontiﬁcibus
1643 2482 1698 2529 et
1732 2471 2011 2544 prOphctis

444 2581 837 2655 gloriabantur,
876 2588 1103 2646 quaeque
1151 2571 1279 2625 olim
1312 2568 1509 2639 regalis
1541 2579 1665 2621 cum
1694 2572 1858 2628 esset,
1896 2573 2011 2615 tum

446 2690 575 2731 suos
600 2673 788 2728 hostes
822 2676 982 2738 atque
1004 2665 1255 2720 inimicos
1283 2660 1731 2732 superabat,th
1750 2671 1862 2712 sum
1882 2670 2014 2724 gen-

446 2769 516 2824 tis
576 2766 841 2820 universae
895 2760 1147 2832 princeps
1197 2765 1252 2811 et
1313 2755 1419 2809 dux
1471 2749 1788 2813 exsistebat,
1842 2747 2016 2802 tribus

446 2854 931 2916 Juda.Postremo,
957 2850 1267 2920 quicunque
1299 2846 1440 2899 inter
1462 2843 1584 2897 illos
1616 2839 1887 2910 quondam
1922 2854 2018 2894 ex-

450 2948 735 3010 cellebant,
763 2962 830 3000 ex
863 2943 957 2997 illo
987 2941 1053 2995 ad
1096 2940 1244 2993 hunc
1268 2950 1443 3006 usque
1474 2933 1616 2988 dicm
1645 2930 1904 2985 Romanis
1922 2930 2018 2983 tri-

449 3038 648 3096 butarii
681 3035 832 3093 facti,
862 3037 1054 3103 parent
1080 3045 1146 3083 ac
1175 3029 1436 3083 serviunt.
1464 3023 1633 3079 Plane
1674 3022 1819 3078 enim
1860 3021 2019 3076 Chri-

452 3140 572 3188 stus
596 3128 691 3184 Dei
714 3124 1004 3182 videndum
1047 3137 1107 3217 se
1141 3119 1390 3193 praebuit.
1430 3118 1609 3188 Atque
1653 3131 1718 3171 ex
1750 3116 1863 3179 illo,
1899 3128 2020 3185 quae
2044 3159 2086 3217 Ο

450 3220 734 3276 dicebatur
782 3212 1117 3286 exspectatio
1174 3212 1437 3282 gentium,
1472 3209 1728 3264 omnibus
1766 3206 2017 3278 gentibus

453 3312 631 3384 palam
662 3309 912 3364 nuntiata
955 3313 1058 3362 est.
1085 3311 1190 3359 aut
1221 3304 1367 3358 dicat
1410 3302 1541 3356 mihi
1568 3297 1787 3369 aliquis,
1836 3307 2017 3353 utrum

457 3405 513 3458 in
549 3402 781 3458 adventu
802 3399 931 3455 Jesu
958 3397 1255 3453 Salvatoris
1277 3395 1448 3451 nostri
1474 3434 1489 3457 ,
1518 3401 1855 3464 quaecunque
1878 3390 2020 3460 apud

455 3494 715 3551 Hebrmos
767 3492 1106 3563 majestatem
1169 3490 1404 3559 aliquam
1457 3485 1750 3548 haberent,
1808 3497 2021 3537 necnon

457 3594 628 3644 mater
660 3586 900 3656 ipsorum
934 3583 1129 3637 civitas
1163 3595 1270 3635 una
1300 3594 1423 3633 cum
1460 3577 1680 3646 templo,
1712 3582 1764 3630 et
1788 3588 1854 3629 eo
1878 3571 2022 3642 quod

457 3681 744 3753 intemplo
772 3677 1151 3734 celebrabatur
1186 3673 1456 3730 sacriﬁcio
1476 3713 1490 3738 ,
1523 3683 1755 3739 cumque
1772 3666 2026 3722 domesti-

456 3775 536 3831 cis
566 3771 796 3828 ducibus
830 3784 893 3823 ac
924 3765 1261 3839 principibus
1292 3778 1401 3818 non
1422 3760 1740 3822 defecerint,
1770 3764 1823 3812 et
1842 3764 2024 3811 utrum

458 3880 577 3941 qua:
604 3864 660 3918 in
689 3876 784 3933 spe
812 3859 989 3931 posita
1032 3862 1209 3921 erant,
1263 3854 1618 3925 gentiumque
1656 3863 1777 3920 quae
1818 3849 1873 3901 in
1910 3852 2026 3901 toto

458 3960 590 4014 orbe
647 3959 856 4016 essent,
901 3949 1273 4020 exspectatio,
1318 3962 1386 4002 ex
1434 3943 1528 3999 illo
1561 3951 1804 4012 tempore
1861 3953 2028 4009 appa-

460 4045 689 4109 ruerint,
751 4040 969 4112 quando
1029 4036 1195 4093 etiam
1217 4050 1304 4097 ea,
1346 4048 1465 4103 quae
1520 4030 1749 4087 Domino
1791 4026 2028 4098 reposita

461 4140 639 4200 erant,
663 4136 948 4188 venerunt.
979 4126 1085 4183 Sed
1101 4139 1221 4197 qua:
1236 4122 1452 4178 tandem
1475 4121 1592 4175 haec
1612 4117 1856 4173 habenda
1877 4124 2026 4178 sunt,

464 4224 568 4282 nisi
597 4237 660 4280 ea
687 4236 808 4293 quae
833 4219 1071 4276 continet
1093 4216 1373 4272 oraculum
1409 4212 1580 4268 illud?
1600 4228 1620 4263 ι
1647 4208 1808 4272 Juda,
1832 4215 1886 4263 te
1915 4207 2032 4261 lau-

465 4317 670 4374 dabunt
698 4314 893 4369 fratres
923 4311 1022 4374 tui,
1058 4323 1253 4364 manus
1283 4314 1389 4360 tuac
1423 4305 1477 4359 in
1493 4313 1647 4371 tergo
1680 4300 2031 4357 inimicorum

466 4418 707 4471 tuorum,
762 4403 976 4459 catulus
1026 4398 1203 4454 leonis
1250 4395 1413 4459 Juda,
1447 4394 1512 4449 de
1538 4392 1801 4463 germine,
1831 4390 1906 4445 ﬁli
1936 4390 2030 4455 mi,

467 4497 785 4563 ascendisti,
815 4493 1138 4550 recumbens
1163 4486 1468 4545 dormivisti
1497 4491 1567 4565 _ut
1614 4485 1718 4548 leo,
1767 4491 1821 4538 et
1852 4490 1910 4535 ut
1939 4497 2032 4535 ca-
2064 4518 2107 4572 Β

2058 533 2297 599 ,Ἰούδα,
2350 528 2444 581 καὶ
2483 523 2576 580 τοῦ
2626 523 2826 586 παντὸς
2866 520 3052 581 ἔθνους
3101 516 3278 569 αὐτῶν
3323 512 3637 586 καθαίρεσις,

2089 625 2271 681 παῦλά
2300 639 2359 677 τε
2389 621 2485 675 καὶ
2522 616 2673 690 λῆξις
2712 614 2820 668 τῶν
2860 609 3175 683 ἡγουμένων
3209 605 3407 665 αὐτῶν,
3440 603 3638 673 καὶτῆς

2090 720 2261 791 φυλῆς
2305 713 2467 771 αὐτοῦ
2500 711 2593 765 τοῦ
2636 705 2912 781 βασιλικοῦ
2951 703 3046 757 καὶ
3086 697 3312 772 ἀρχικοῦ
3351 694 3641 767 ἀξιώματος

2090 786 2404 871 κατάλυσις,
2447 802 2682 877 Χριστοῦ
2737 800 2793 852 δὲ
2840 796 2983 869 ἀρχὴ
3029 794 3122 847 καὶ
3169 789 3432 862 βασιλεία,
3460 789 3517 841 οὐ
3556 786 3640 841 τοῦ

2103 898 2337 972 Ἰσραὴλ,
2364 894 2501 951 ἀλλὰ
2528 892 2635 946 τῶν
2668 888 2835 943 ἐθνῶν
2861 887 3114 940 ἁπάντων
3130 882 3393 953 ἄρχουσα,
3418 878 3551 932 κατὰ
3568 878 3639 932 τό*

2100 968 2237 1045 «πάι
2263 968 2423 1050 αὐτὸς
2452 981 2741 1057 προσδοκία
2770 977 2960 1032 ἐθνῶν.
2993 993 3011 1027 ι
3060 974 3155 1037 Τίς
3193 973 3237 1025 δ’
3260 971 3359 1024 οὐκ
3384 970 3447 1023 ἂν
3469 968 3641 1040 ὁμολο-

2093 1086 2279 1154 γήσειε
2338 1078 2510 1132 ταῦτα
2566 1073 2707 1128 οὕτω
2761 1068 2948 1134 σαφῶς
3001 1065 3093 1118 ἐπὶ
3155 1066 3221 1133 τῇ
3272 1060 3365 1114 τοῦ
3416 1059 3644 1129 Σωτῆρος

2095 1172 2251 1245 ἡμῶν
2291 1166 2582 1238 ἐπιφανείᾳ
2633 1157 3060 1231 πεπληρό›σθαι;
3111 1156 3200 1208 ὅτε
3245 1154 3294 1206 οἱ
3345 1150 3505 1204 πάλαι
3550 1149 3642 1220 πρὸ

2096 1243 2194 1337 τῆς
2237 1263 2329 1317 τοῦ
2362 1258 2596 1333 Χριστοῦ
2644 1256 2908 1326 γενέσεως
2939 1251 3023 1304 ἐπ’
3055 1248 3276 1309 οἰκείοις
3307 1245 3526 1318 ἄρχουσι
3564 1243 3645 1297 καὶ

2096 1358 2445 1431 ἡγουμένοις,
2493 1352 2587 1405 καὶ
2629 1349 2864 1408 συνετοῖς
2894 1343 3000 1396 τῶν
3030 1341 3187 1394 θείων
3229 1334 3645 1406 ἀναγνωσμάτων

2098 1427 2411 1523 ἀκροαταῖς,
2460 1440 2734 1515 βασιλεῦσί
2779 1457 2838 1491 τε
2893 1436 3037 1498 ἰδίοις
3079 1433 3172 1487 καί
3217 1427 3526 1504 ἀρχιερεῦσι
3565 1427 3646 1480 καὶ

2100 1516 2403 1615 προφήταις
2456 1533 2926 1607 λαμπρυνόμενοι,
2989 1525 3126 1596 αὐτή
3189 1541 3246 1576 τε
3297 1524 3334 1593 ἡ
3372 1518 3464 1573 τοῦ
3499 1516 3648 1571 ’ἰούδα

2102 1609 2242 1705 φὸλὴ
2269 1609 2518 1703 βασιλικὴ
2560 1622 2715 1689 οὖσα,
2744 1622 2850 1675 τῶν
2884 1616 3092 1690 ἐχθρῶν
3124 1615 3217 1669 καὶ
3249 1609 3515 1681 πολεμίων
3545 1609 3647 1660 ἐπι-

2103 1699 2404 1797 κρατοῦσα,
2450 1699 2796 1790 κατάρχουσά
2824 1730 2883 1765 τε
2912 1710 3005 1765 καὶ
3036 1705 3311 1779 ἡγουμένη
3341 1700 3433 1755 τοῦ
3476 1699 3648 1761 παντὸς

1744 1826 1889 1899 quod
1946 1827 2002 1880 in
2031 1819 2074 1873 Β
2102 1790 2307 1881 ἔθνους,
2338 1815 2391 1869 οἴ
2421 1831 2479 1867 τε
2509 1813 2565 1865 ἐν
2598 1810 2781 1871 αὐτοῖς
2811 1805 2979 1859 πάλαι
3004 1799 3415 1870 διαπρέποντες,
3441 1793 3497 1859 ἐξ
3527 1790 3648 1845 ἐκεί-

2105 1929 2196 1966 νου
2227 1908 2320 1962 καὶ
2345 1907 2423 1970 εἰς
2449 1904 2606 1974 δεῦρο
2628 1897 2918 1968 Ῥωμαίοις
2947 1890 3221 1951 ὑποτελεῖς
3252 1884 3648 1955 καθεστήκασιν.

2119 1999 2390 2068 Ἐπεφάνη
2434 1972 2559 2065 γὰρ
2584 1990 2768 2059 σαφῶς
2816 1989 2844 2040 6
2871 1984 3104 2057 Χριστὸς
3149 1978 3243 2034 τοῦ
3288 1976 3444 2039 Θεοῦ,
3489 1973 3572 2027 καὶ
3599 1972 3650 2036 ἐξ

2106 2066 2314 2147 ἐκείνου
2353 2066 2676 2160 ἡλεγομένη
2723 2077 3016 2153 προσδοκία
3045 2075 3152 2128 τῶν
3189 2070 3358 2126 ἐθνῶν
3390 2070 3466 2132 εἰς
3498 2066 3651 2120 πάντα

2108 2185 2175 2238 τὰ
2207 2183 2332 2251 ἔθνη
2365 2155 2820 2248 ἀνακεκήρυκται.
2865 2172 2937 2223 Ἢ
2962 2166 3167 2236 λεγέτω
3206 2181 3313 2227 τις,
3344 2164 3392 2216 εἰ
3429 2160 3498 2232 μὴ
3533 2155 3654 2213 κατὰ

2110 2275 2206 2346 τὴν
2245 2248 2565 2341 ἐπιφάνειαν
2603 2263 2777 2336 Ἰησοῦ
2818 2260 2911 2316 τοῦ
2953 2260 3201 2330 Σωτῆρος
3249 2253 3427 2326 ἡμῶν,
3466 2249 3530 2304 τὰ
3572 2248 3653 2318 μὲν

2112 2341 2263 2438 παρὰ
2300 2363 2571 2424 Ἰουδαίοις
2606 2355 2797 2428 σεμνὰ,
2831 2354 2865 2424 ἦ
2895 2369 2953 2404 τε
2982 2348 3314 2422 μητρόπολις
3360 2342 3529 2398 αὐτῶν
3556 2341 3653 2411 ἅμα

2112 2457 2189 2528 τῷ
2232 2454 2389 2528 ἱερῷ,
2425 2454 2520 2506 καὶ¹
2561 2453 2627 2520 τῇ
2661 2451 2718 2502 ἐν
2757 2445 2929 2513 τούτῳ
2970 2438 3366 2510 συντελουμένῃ
3412 2433 3653 2502 ἁγιστείξ,

2119 2524 2253 2623 μετὰ
2286 2524 2388 2601 ’καὶ
2425 2544 2531 2598 τῶν
2565 2539 2778 2596 οἰκείων
2821 2534 3135 2607 ἡγουμένων
3176 2547 3235 2584 τε
3268 2529 3367 2583 καὶ
3413 2524 3657 2598 ἀρχόντων

2113 2615 2478 2696 διαλέλοιπενο
2536 2632 2903 2689 ἀναδέδεικται
2968 2626 3024 2679 δὲ
3086 2622 3147 2687 ἐξ
3212 2620 3423 2674 ἐκείνου
3473 2615 3536 2669 τὰ
3577 2615 3657 2683 τῆς

2117 2733 2347 2796 ἐλπίδος,
2378 2730 2471 2783 καὶ
2502 2724 2797 2798 προσδοκία
2820 2721 2926 2775 τῶν
2958 2717 3125 2771 ἐθνῶν
3154 2713 3260 2767 τῶν
3291 2711 3411 2765 καθ’
3440 2709 3555 2779 ὅλης
3576 2706 3658 2774 τῆς

2117 2794 2471 2893 οἰκουμένης,
2528 2794 2619 2872 δτε
2682 2817 2777 2870 καὶ
2826 2809 3049 2883 ἐλήλυθε
3110 2806 3179 2860 τὰ
3227 2802 3557 2871 ἀποκείμενα
3595 2794 3660 2865 τῷ

2118 2888 2326 2987 Κυρίιρ.
2352 2914 2394 2966 Τ
2396 2888 2484 2965 ίνα
2510 2911 2566 2964 δὲ
2601 2910 2633 2980 ἢ
2672 2907 2740 2961 τὰ
2780 2905 3079 2977 δηλούμενα
3106 2899 3193 2951 διὰ
3222 2895 3340 2949 τοῦ·
3374 2914 3391 2944 ι
3415 2891 3585 2951 Ἰούδα,
3611 2888 3660 2941 σε

2120 2979 2419 3063 αίνέσουσιν
2446 3004 2494 3055 οἱ
2524 2979 2740 3068 ἀδελφοί
2784 3014 2875 3050 σου
2894 3036 2909 3058 ,
2952 2995 3008 3046 αἱ
3035 2990 3213 3063 χεῖρές
3247 3003 3344 3041 σου
3397 2983 3485 3037 ἐπὶ
3516 2979 3658 3034 νώτου

2121 3099 2228 3153 τῶν
2248 3095 2455 3167 ἐχθρῶν
2480 3109 2592 3147 σου.
2617 3089 2860 3160 Σκύμνος
2882 3087 3091 3147 λέοντος
3115 3079 3307 3143 Ἰούδα,
3350 3080 3412 3131 ἐκ
3439 3068 3659 3146 βλαστοῦ,

2120 3191 2204 3244 υἱέ
2424 3186 2640 3256 ἀνὲὃης.
2688 3176 2998 3234 Ἀναπεσὼν
3061 3170 3361 3243 ἐκοιμήθης
3405 3167 3476 3229 ὡς
3526 3163 3660 3243 λέων,

2118 3281 2211 3335 καὶ
2240 3278 2316 3343 ὡς
2348 3275 2585 3346 σκύμνος
2627 3272 2858 3335 λέοντος.
2888 3269 2982 3332 Τίς
3020 3267 3200 3336 ἐγερεῖ
3229 3261 3424 3324 αὑτόν;
3450 3278 3468 3311 ι
3503 3254 3662 3310 Ταῦτα

2118 3372 2225 3444 γὰρ
2273 3342 2394 3425 καθ’
2429 3342 2620 3438 ἑτέραν
2676 3364 2912 3417 διάνοιαν
2956 3359 3025 3413 τὰ
3070 3355 3216 3427 αὐτῷ
3258 3351 3606 3420 ἀποκείμενα·
3634 3342 3663 3397 ἃ

2120 3467 2214 3521 κοιλ⁸
2241 3464 2400 3531 αὐτὰ,
2433 3462 2587 3533 φέρε,
2617 3458 3061 3528 κατανοήσωμεν,
3109 3448 3332 3521 πρῶτον
3360 3443 3527 3513 τούτῳ
3563 3439 3664 3491 ἐπι-

2123 3562 2437 3631 στήσαντες,
2472 3556 2548 3618 ὼς
2588 3552 2861 3624 διαφόροις
2880 3549 2969 3602 τὸν
3000 3543 3232 3617 Χριστὸν
3271 3540 3495 3611 ὀνόμασι
3521 3545 3663 3631 προσ·

2123 3619 2701 3720 αγόρεύεινήείώθασιν
2736 3619 2784 3694 οἱ
2844 3641 2973 3692 θεῖοι
3009 3631 3266 3706 χρησμοί.
3302 3628 3433 3683 Τοτὲ
3467 3619 3663 3696 μὲνγὰρ

2124 3743 2284 3797 αὐτὸν
2316 3739 2570 3794 καλοῦσιν
2610 3733 2823 3789 Ἰακώϐ·
2870 3751 2888 3784 ι
2911 3726 3104 3783 Ἰακὼϐ
3148 3729 3176 3779 6
3217 3726 3347 3786 παῖς
3391 3737 3508 3791 μου,
3536 3717 3664 3768 ἀντι-

2124 3834 2363 3905 λήψομαι
2395 3830 2582 3893 αὑτοῦ,
2612 3825 2827 3898 Ἰσραὴλ
2858 3826 2885 3877 6
2912 3819 3164 3882 ἐκλεκτός
3189 3834 3317 3888 μου,
3343 3806 3667 3885 προσεδέξατο

2125 3903 2284 3980 αύτὺν
2324 3926 2356 3995 ἡ
2391 3924 2535 3993 ψυχή
2588 3935 2708 3991 μου·
2762 3917 2941 3986 κρίσιν
2994 3916 3107 3975 τοῖς
3161 3909 3371 3963 ἔθνεσιν
3422 3903 3663 3970 egomt,»

2127 4019 2221 4071 καὶ
2236 4016 2302 4070 τὰ
2331 3985 2898 4084 ἐξηςῗοῗς-ὲπείρηται
2917 4024 2930 4037 ο
2961 4023 2979 4056 ι
3012 4005 3156 4064 Ἕως
3182 4000 3247 4054 ἂν
3273 4000 3338 4071 θῇ
3367 3994 3558 4061 ἐπἰτῆς
3580 3985 3666 4057 γῆς

2129 4112 2328 4183 κρίσιν,
2363 4083 2456 4162 καὶ
2489 4107 2582 4159 ἐπὶ
2609 4103 2688 4175 τῷ
2720 4103 2939 4171 ὀνόματι
2989 4095 3153 4150 αὑτοῦ
3204 4093 3332 4163 ἔθνη
3363 4083 3619 4142 ἐλπιοῦσιο
3644 4098 3661 4130 ι

2128 4172 2247 4257 τοτὲ
2282 4172 2340 4255 δέ
2376 4201 2537 4253 αὐτὸν
2565 4172 2853 4267 Σολομῶνα
2889 4191 2979 4245 καὶ
3009 4188 3172 4242 Δαϐὶδ
3219 4181 3564 4255 ὀνομάζουσι·

2130 4293 2345 4365 λομῶνα
2377 4292 2495 4362 μὲν,
2527 4291 2602 4352 ὡς
2643 4263 2806 4341 ἐν-οα’
2839 4280 3060 4353 ψαλμῷ,
3102 4270 3551 4347 ἐπιγεγραμμένῳ
3587 4263 3669 4334 μὲν

2132 4361 2236 4452 Είς
2256 4361 2595 4453 Σολομῶνα,
2626 4379 2808 4448 σαφῶς
2824 4378 2879 4430 δέ
2906 4374 2975 4429 τὰ
3006 4371 3132 4444 περὶ
3158 4370 3251 4423 τοῦ
3284 4361 3513 4438 Χριστοῦ
3540 4371 3669 4453 περι-

2133 4442 2308 4547 έχοντι
2327 4492 2340 4504 ·
2385 4442 2447 4526 τὸ
2477 4442 2607 4543 γὰρ,
2635 4489 2652 4520 ι
2678 4442 3109 4537 Κατακυριεύσει
3142 4457 3248 4512 ἀπὸ
3293 4453 3561 4547 θαλάσσης·
3582 4442 3671 4499 ἓως

467 4537 785 4563 “summa,
815 4537 1137 4550 .υν......,ν..-
1166 4537 1467 4545 _----__.---_
1517 4537 1526 4539 ε
1553 4537 1561 4538 ,
1644 4537 1652 4538 ,
1706 4537 1718 4548 ,
1782 4537 1787 4538 ,

466 4595 615 4649 tulus
645 4591 837 4655 leonis,
868 4586 992 4658 quis
1019 4583 1278 4641 excitabit
1300 4581 1463 4638 eum?
1490 4556 1508 4632 ὲ
1534 4580 1700 4650 376
1731 4578 1856 4632 llaec
1885 4576 2016 4631 enin

2136 4537 2428 4643 θαλάσσης,
2460 4537 2686 4617 statam?)
2717 4556 2957 4629 ποταμοῦ
2985 4555 3088 4617 ἓως
3109 4549 3359 4623 περάτων
3395 4542 3489 4612 τῆς
3520 4537 3670 4658 0:th-

466 4685 575 4741 alio
593 4697 758 4739 sensu
785 4695 848 4736 ea
874 4685 1022 4742 sunt,
1058 4691 1178 4746 quae
1210 4674 1285 4729 illi
1307 4673 1547 4745 reposita
1577 4679 1754 4736 erant,
1775 4684 1895 4740 quae
1918 4668 2033 4737 ipsa

469 4788 686 4845 quoque
732 4771 843 4841 jam
878 4776 1093 4837 tempus
1133 4772 1217 4820 est
1255 4771 1314 4818 ut
1352 4762 1804 4832 contemplemur,
1840 4758 1886 4814 si
1930 4758 2036 4812 hoc

471 4867 706 4938 primum
736 4859 1125 4918 attenderimus
1159 4856 1464 4928 diligenter,
1496 4855 1664 4908 variis
1696 4850 2035 4917 diversisque

471 4957 751 5015 Christum
795 4949 1108 5008 nominibus
1136 4948 1321 5003 divina
1349 4945 1570 5002 oracula
1601 4943 1872 5014 appellare
1898 4954 2033 4994 con-

472 5049 739 5108 suevisse.
775 5044 910 5099 Nam
954 5041 1117 5096 modo
1149 5040 1301 5094 illum
1340 5045 1537 5094 vocant
1563 5035 1730 5090 Jacob
1766 5053 1779 5088 :
1816 5051 1833 5084 ι
1869 5029 2037 5086 Iacob

472 5157 608 5215 puer
654 5153 831 5202 meus,
880 5132 1175 5204 suscipiam
1220 5146 1365 5195 eum,
1409 5129 1576 5185 Israel
1627 5128 1832 5182 electus
1862 5137 2035 5185 meus,

473 5231 717 5301 suscepit
751 5241 874 5284 eum
917 5225 1099 5280 anima
1150 5237 1293 5285 mea,
1315 5216 1581 5290 judicium
1615 5216 1868 5289 gentibus
1909 5228 2038 5284 pro-

476 5323 610 5382 feret
627 5321 695 5387 δ’,
732 5339 752 5373 ι
784 5326 840 5375 et
871 5332 991 5389 qua:
1035 5321 1361 5386 sequuntur;
1391 5311 1589 5383 quibus
1634 5310 1701 5362 ad
1739 5315 2038 5363 extremum

478 5412 611 5468 illud
646 5410 862 5465 additur
893 5428 905 5463 :
945 5426 962 5460 ι
1002 5409 1182 5462 Donec
1224 5414 1391 5478 ponat
1418 5404 1471 5457 in
1500 5411 1642 5457 terra
1664 5399 1952 5470 judicium,
1987 5403 2043 5451 et

478 5501 538 5556 in
569 5499 787 5555 nomine
806 5498 924 5567 ejus
941 5504 1129 5567 gentes
1146 5491 1528 5565 sperabunt“;
1549 5511 1567 5542 ι
1604 5489 1764 5544 modo
1792 5486 2042 5543 eumdem

480 5591 826 5650 Salomonem
867 5597 922 5645 et
958 5587 1130 5643 David
1175 5587 1489 5648 nominant,
1525 5582 1870 5638 Salomonem
1921 5577 2045 5649 qui-

546 5792 597 5829 “
635 5792 915 5862 lsa.-xm|,
953 5789 1003 5845 l.
1078 5789 1123 5821 “
1160 5786 1290 5843 ibid.
1326 5789 1378 5840 4.

2366 4624 2375 4643 9
2391 4624 2399 4629 “
2419 4624 2425 4627 ”
2860 4624 2870 4629 -

2138 4660 2324 4732 μένης,
2359 4659 2451 4711 καὶ
2479 4655 2654 4709 πάντα
2683 4653 2809 4720 ἔθνη
2846 4645 3216 4703 δουλεύσουσιν
3246 4635 3412 4707 αὐτῷ,
3437 4653 3452 4683 ι
3481 4628 3566 4684 καὶ
3588 4624 3669 4722 ὅσα

2134 4708 2516 4818 ’.τούτξιςηέξῆς
2565 4747 2593 4798 6
2632 4708 2844 4813 ψαλμός
2885 4736 3147 4809 περιέχει,
3195 4732 3339 4802 μόνῳ
3378 4723 3453 4793 τῷ
3482 4708 3669 4818 Χριστιῷ

2137 4804 2362 4916 ἁρμόζοι
2398 4804 2689 4895 aII-"Aeneia
2809 4804 2865 4887 ἐν
2892 4804 2980 4901 πη’
3003 4804 3200 4899 ψαλμῷ
3225 4823 3382 4916 πάλιν
3423 4804 3670 4916 ιξξρωτδς

2136 4900 2524 5004 ἀνηγόρευται·
2552 4926 2673 4980 ἐπεὶ
2705 4923 2778 4996 μὴ
2814 4921 2891 4992 τῷ
2924 4900 3105 4981 datm,
3142 4915 3286 4986 μόνῳ
3317 4910 3373 4963 δὲ
3396 4900 3533 5004 αὑτιΞ)
3560 4909 3670 5004 καῖ’

2142 4983 2442 5095 διλλίιλαᾶν
2476 5022 2558 5091 εἴη
2595 4983 2717 5072 καὶ.
2737 4983 2807 5068 τΙδι
2852 4983 2909 5066 ἐν
2945 5010 3118 5079 τούτῳ
3145 4983 3413 5073 λεγόμενα
3432 5037 3445 5061 ’
3477 4983 3669 5092 ΟἷονΪὟ

2150 5071 2359 5180 (Αὐτὸς
2403 5071 2783 5167 ἐπικαλέσεταί
2821 5122 2917 5178 με·
2961 5071 3148 5172 Πατηρ
3192 5071 3290 5169 μου
3329 5090 3378 5146 εἷ
3419 5089 3499 5149 σὺ,

2139 5172 2479 5281 πρωτότοκον
2506 5203 2742 5274 θήσομαι
2781 5172 2960 5261 αύτὸν,
2994 5192 3194 5264 ὑψηλὸν
3230 5183 3378 5256 παρά
3408 5181 3517 5281 τοῖς
3549 5172 3673 5281 Eia:-

2140 5256 2417 5369 harﬁbi
2437 5256 2572 5367 γῆς.Ι
2608 5256 2704 5356 Ei;
2735 5291 2825 5344 τὸν
2850 5256 3024 5341 αἰῶνα
3042 5256 3267 5353 ’φυλάξω
3300 5271 3445 5341 αὐτῷ
3472 5267 3528 5320 τὸ

2147 5352 2279 5465 μου·
2313 5410 2332 5443 ι
2369 5352 2463 5444 καί
2496 5352 2655 5440 Σπάλιν
2673 5352 2697 5416 ’ν
2732 5402 2751 5435 ι
2778 5382 2851 5435 Τὸ
2880 5378 3100 5449 σπέρμα
3122 5369 3284 5427 αὐτοῦ
3318 5368 3395 5428 είς
3423 5362 3506 5465 τὸν
3529 5352 3673 5409 αἰῶνα

2149 5449 2317 5555 μενεῖ,
2352 5480 2446 5534 καὶ
2488 5479 2517 5532 ὁ
2553 5477 2739 5550 θρόνος
2786 5468 2947 5526 αὐτοῦ
2977 5467 3053 5529 ὡς
3086 5466 3114 5517 6
3146 5462 3291 5533 ἥλιος
3321 5449 3544 5554 Eva-“if”:
3569 5452 3671 5513 μουν

2279 5534 2354 5637 ῶς
2397 5573 2432 5645 ἡ
2475 5534 2670 5640 σελήνη
2720 5534 3140 5633 ⁷κατηρτισμένη
3182 5553 3259 5614 εἰς
3320 5547 3408 5600 τὸν
3457 5534 3667 5595 αἰῶνα.)
