3908 6266
484 354 587 411 589

1370 348 2024 411 DEMONSTRATIONIS
2060 348 2519 411 EVANGELICAE
2560 353 2691 412 LIB.
2735 357 2873 415 Vill.

3631 358 3738 418 590

484 470 670 536 οὕτως
709 464 805 527 οὖν
835 472 975 544 μετά
1023 470 1232 544 μυρίων
1272 471 1448 527 ἄλλων
1490 474 1584 526 τοῦ
1614 473 1849 545 Χριστοῦ
1890 492 2059 547 προσ-

2168 477 2305 542 Llem,
2338 483 2399 531 ut
2427 476 2481 531 in
2516 493 2641 532 Lxxt
2674 480 2903 549 psalmo,
2936 478 3027 551 qui
3060 477 3126 533 In
3155 476 3490 534 Salomone»:
3520 481 3737 552 quidem

483 562 744 635 ηγοριιῖιν,
769 565 837 618 δι’
869 556 947 618 ὧν
974 564 1134 617 αὐτὸν
1166 566 1215 617 oi
1244 563 1394 617 θεῖοι·
1414 564 1560 633 λόγοι
1592 565 1939 636 σημαίνουσι,
1969 568 2062 620 καὶ

490 654 694 719 Ἰούδας
722 655 926 727 ὁμοίως
955 655 1042 710 διὰ
1073 654 1182 710 τῶν
1211 656 1588 729 προκειμένων
1610 657 1928 728 ἀνειρῆσθαι
1973 658 2064 712 δύ-

481 761 658 812 ναται,
671 749 754 802 ὅτι
770 747 866 801 καὶ
881 748 947 800 ὲκ
960 748 1061 819 τῆς
1076 748 1243 802 ’ἰούδα
1259 750 1447 819 γέγονε
1468 748 1658 819 φυλῆς.
1673 749 1942 821 Πρόδηλον
1956 750 2064 821 γὰρ

477 837 625 892 κατά
650 837 744 891 τὸν
778 838 1119 906 Ἀπόστολον,
1151 839 1232 892 ὅτι
1259 842 1324 893 ὲκ
1350 839 1518 912 φυλῆς
1558 839 1727 893 Ἰούδα
1767 840 2062 895 ἀνατέταλ-

474 943 575 979 κεν
609 929 639 981 ὁ
668 927 861 999 Σωτὴρ
906 929 1001 981 ῑιιαλ⁵
1028 927 1231 1000 Κύριος
1266 929 1442 1000 ἡμῶν.
1479 929 1664 1001 Τούτῳ
1689 929 1753 1002 δὴ
1792 925 1884 983 οὖν
1922 930 2063 984 κατά

467 1019 721 1075 διάνοιαν
745 1021 824 1092 τῷ
850 1022 1021 1077 Ἰούδα
1042 1023 1380 1094 ἀποκείμενα
1406 1017 1473 1094 ἦν
1497 1023 1565 1077 τά
1590 1024 2059 1095 προφητευόμενα.

467 1112 616 1168 Τίνα
646 1115 704 1167 δὲ
737 1111 806 1186 ἦν
830 1114 1040 1180 ταῦτα;
1090 1115 1306 1187 πρῶτον
1354 1116 1453 1187 μὲν
1484 1114 1545 1168 τὺ
1576 1115 1924 1189 ἐπαινεθῆναι
1956 1116 2063 1170 ὑπ’)

463 1203 585 1257 τῶν
649 1204 895 1274 ἀδελφῶν
955 1206 1151 1260 αὐτοῦ’
1227 1207 1478 1279 δεύτερον
1522 1210 1664 1264 κατά
1727 1209 1897 1264 νώτου
1956 1212 2064 1267 τῶν

463 1294 694 1368 ἐχθρῶν
718 1296 879 1350 αὐτοῦ
899 1297 999 1361 τὰς
1013 1300 1203 1369 χεῖρας
1230 1298 1504 1353 ἐπιϐαλεῖν
1520 1318 1533 1331 ·
1562 1300 1742 1373 τρίτον
1759 1319 2065 1373 προσκυνη-

459 1384 637 1455 θῆναι
659 1386 768 1439 om
783 1384 892 1439 τῶν
923 1385 1058 1440 υἱῶν
1077 1386 1170 1440 τοῦ
1195 1388 1400 1459 πατρὸς
1427 1388 1615 1445 αὑτοῦ.
1639 1391 1706 1443 Ἀ
1740 1391 1835 1444 καὶ
1879 1391 2063 1457 τέλους

458 1477 777 1548 ἐτύγχανεν
795 1479 1027 1551 ὁπηνίκα
1043 1480 1180 1543 τέως
1206 1479 1303 1551 μὲν
1318 1481 1417 1545 τὰς
1437 1482 1767 1554 παραδόξους
1782 1484 2060 1556 δυνάμεις,

458 1571 566 1622 καὶ
615 1570 689 1624 τὰ
742 1572 1003 1643 τεράστια
1071 1571 1327 1645 θαύματα
1388 1573 1651 1628 ἐπιτελῶν
1700 1574 2059 1648 ἐθαυμάζετο,

460 1664 566 1716 καὶ
605 1664 894 1735 ἐπῃνεῖτο,
951 1664 1046 1718 καὶ
1096 1669 1485 1735 προσεκυνεῖτο
1534 1667 1669 1739 πρὸς
1707 1666 1818 1721 τῶν
1869 1667 2061 1722 ἑαυτοῦ

462 1744 740 1823 μαθητῶν
773 1768 831 1807 τε
866 1755 962 1807 καὶ
984 1755 1314 1821 ἀποστόλων,
1365 1756 1459 1821 οὒς
1499 1758 1591 1811 καὶ
1632 1755 1894 1828 ἀδελφούς
1924 1761 2061 1814 ἀπο-

2170 568 2467 639 inscriptus
2497 578 2604 634 est,
2641 571 2800 642 plane
2830 580 3009 627 autem
3038 587 3159 643 quae
3187 573 3252 628 ad
3285 572 3567 629 Christum
3596 574 3740 631 refed

2167 660 2336 715 renda
2382 668 2532 729 sunt,
2579 666 2842 718 continet.
2873 664 3010 719 illud
3047 664 3193 720 enim
3224 684 3238 719 :
3284 684 3303 717 ι
3338 663 3404 718 Ει
3429 665 3738 721 dominabi-

2168 761 2258 804 tur
2287 766 2318 805 a
2339 753 2478 806 mari
2514 769 2687 824 usque
2716 754 2785 809 ad
2821 771 2989 819 mare,
3023 763 3075 810 et
3125 770 3155 809 a
3189 753 3415 811 ﬂumine
3462 772 3637 829 usque
3668 758 3740 812 ad

2169 846 2305 900 lines
2332 846 2483 901 orbis
2514 856 2692 912 terrm,
2733 856 2788 902 et
2815 864 3005 904 omnes
3035 856 3224 919 gentes
3253 849 3493 904 servient
3516 850 3567 905 ei
3599 850 3666 915 ⁸⁷,
3715 868 3735 904 ι

2166 947 2220 995 et
2240 955 2577 1012 quaecunque
2598 951 2721 1012 post
2750 942 2866 1012 ipsa
2896 943 3010 997 haec
3037 942 3294 1013 deinceps
3325 942 3578 1000 Psalmus
3607 958 3743 999 con-

2168 1030 2324 1095 tinet,
2353 1032 2448 1086 uni
2479 1033 2668 1102 utique
2697 1031 2919 1089 Christo
2948 1040 3077 1089 sunt
3109 1033 3594 1090 accommodanda.
3631 1034 3741 1090 Da-

2165 1121 2257 1175 vid
2286 1138 2416 1177 vero
2443 1139 2638 1180 rursus
2672 1124 2974 1195 appellatus
3013 1134 3098 1180 cst
3125 1123 3400 1191 Christus,
3433 1126 3490 1180 in
3527 1127 3741 1197 psalmo

2166 1231 2435 1281 Lxxxvm,
2489 1216 2931 1288 quandoquidem
2961 1231 3231 1287 nusquam
3274 1217 3375 1287 ipsi
3418 1215 3610 1283 David,
3644 1219 3740 1274 sed

2168 1307 2264 1361 uni
2295 1307 2393 1371 illi,
2426 1324 2545 1379 quae
2571 1309 2625 1362 in
2666 1309 2769 1363 hoc
2804 1310 2932 1363 item
2966 1306 3246 1378 dicuntur,
3279 1311 3579 1367 convenire
3612 1327 3742 1382 pos-

2167 1405 2315 1463 sunt,
2348 1400 2513 1454 veluti
2543 1400 2675 1454 illud
2714 1420 2726 1455 :
2770 1418 2788 1451 ι
2830 1401 2950 1470 lpse
2989 1402 3207 1457 vocabit
3236 1417 3359 1457 me:
3390 1401 3553 1458 Pater
3584 1418 3741 1460 meus

2165 1506 2225 1546 es
2256 1499 2335 1555 tu,
2371 1501 2425 1547 et
2452 1507 2553 1563 ego
2576 1492 2997 1563 primogenitum
3045 1508 3244 1564 ponam
3276 1508 3426 1559 eum,
3462 1495 3740 1550 excelsum

2166 1600 2277 1655 pra:
2301 1584 2518 1655 regibus
2557 1592 2735 1649 terrae,
2766 1585 2821 1638 in
2850 1591 3113 1640 aeternum
3154 1586 3385 1642 servabo
3409 1586 3485 1640 illi
3527 1587 3743 1643 miseri-

2166 1676 2409 1731 cordiam
2456 1691 2632 1731 meam
2659 1676 2726 1731 ⁸⁸.
2770 1694 2789 1728 ι
2835 1675 2900 1731 Ει
2951 1691 3185 1733 rursus:
3229 1696 3248 1730 ι
3287 1676 3484 1733 Semen
3533 1678 3655 1748 ejus
3684 1679 3742 1734 in

2165 1777 2427 1823 atternum
2460 1775 2662 1834 manet,
2694 1775 2749 1823 et
2781 1768 2938 1824 sedes
2970 1768 3092 1838 ejus
3133 1777 3193 1823 ut
3228 1769 3311 1823 sol
3352 1769 3406 1823 in
3439 1777 3741 1840 conspectu

459 1845 666 1899 καλεῖν
701 1847 800 1900 οὐκ
829 1844 990 1900 ὤκνει
1015 1887 1029 1913 ,
1064 1847 1152 1902 διὰ
1189 1847 1285 1919 μὲν
1319 1847 1408 1903 τοῦ
1436 1847 1534 1920 ea)
1548 1850 1649 1921 μοῦ
1679 1850 1872 1921 λέγων,
1904 1871 1923 1904 ι
1946 1853 2070 1908 ’Λπ-

2170 1870 2311 1920 meo,
2343 1864 2397 1911 et
2446 1864 2507 1909 ut
2550 1856 2678 1910 luna
2706 1856 2946 1926 perfecta
2977 1859 3033 1912 in
3064 1864 3330 1913 aeternum
3359 1858 3425 1914 ".
3465 1877 3486 1910 ι
3517 1858 3609 1913 Sic
3639 1860 3746 1931 igi-

461 1937 701 2007 αγγελῶ
751 1939 809 1992 τὸ
844 1939 1015 2011 ὄνομά
1046 1958 1139 1993 σου
1185 1945 1298 2006 τοῖς
1342 1941 1588 2011 ἀδελφοῖς
1639 1960 1773 2015 μου,
1820 1945 1879 1999 ὲν
1915 1946 2065 2017 μέσῳ

473 2029 824 2100 Ἐκκλησίας
855 2030 1082 2102 ὑμνήσω
1101 2047 1158 2084 σε
1185 2048 1198 2062 ·
1228 2049 1246 2082 ι
1290 2034 1410 2096 ταῖς
1445 2033 1500 2086 δὲ
1530 2034 1675 2104 ἀμφὶ
1705 2033 1805 2106 τὴν
1836 2032 2071 2109 Μαριὰμ

458 2120 836 2192 προστάττων
899 2120 1344 2191 εὐαγγελίζεσθαι
1418 2124 1600 2188 αὐτοῖς
1656 2122 1733 2188 ὡς
1791 2124 2058 2197 ἀδελφοῖς

461 2230 482 2261 ι
545 2211 957 2280 Ἀπαγγείλατε
978 2255 993 2280 ,
1034 2232 1049 2265 ι
1084 2213 1191 2285 γάρ
1222 2229 1386 2284 φησι,
1426 2232 1444 2264 t
1484 2216 1598 2278 τοῖς
1646 2215 1894 2285 ἀδελφοῖς
1943 2236 2065 2289 μου,

452 2305 543 2356 ὅτι
602 2302 908 2376 ἀνέρχομαι
951 2306 1089 2377 πρὸς
1132 2305 1224 2360 τὸν
1284 2303 1501 2379 Πατέρα
1550 2327 1672 2381 μου,
1719 2312 1815 2364 καὶ
1852 2313 2069 2386 Πατέρα

452 2396 655 2468 ὑμῶν,
686 2398 783 2452 καὶ
796 2398 927 2452 Θεόν
961 2416 1084 2470 μου,
1117 2399 1212 2453 καὶ
1227 2398 1359 2454 Θεὸν
1382 2402 1415 2471 ἡ
1426 2402 1539 2472 μῶν
1562 2402 1661 2473 (1).
1699 2422 1717 2455 ι
1748 2403 1905 2459 Οὕτω
1934 2405 2069 2477 δῆτα

451 2492 643 2545 αὑτὸν
661 2492 715 2544 οἱ
738 2492 954 2562 ἀδελφοὶ
973 2492 1042 2546 τὰ
1068 2494 1165 2565 μὲν
1192 2494 1383 2567 πρῶτα
1409 2496 1502 2549 ἐπὶ
1524 2498 1635 2560 τοῖς
1652 2499 1973 2570 παραδόξοις
1993 2501 2068 2566 ὼς

451 2577 787 2656 θαυμάσιον
818 2587 987 2658 ἀνδρα
1018 2589 1178 2657 μόνον
1207 2588 1440 2659 ἐπῄνουν
1460 2630 1474 2654 ,
1496 2588 1591 2642 ’ένα
1624 2590 1765 2657 τινὰ,
1796 2592 1872 2655 ὠς
1900 2594 2065 2659 εἰκὸς,

448 2678 576 2732 τῶν
607 2678 911 2751 προφητῶν
940 2674 1079 2733 εἶναι
1119 2679 1509 2751 ὑπειληφότες·
1543 2683 1666 2735 ἐπεὶ
1693 2683 1749 2737 δὲ
1782 2686 1839 2737 ὲν
1863 2684 1941 2756 τῷ
1973 2704 2069 2756 με·

446 2772 607 2839 ταξὺ
645 2770 749 2835 τὰς
783 2772 1120 2843 θαυμασίους
1148 2773 1604 2843 παραδοξοποιίας
1623 2774 1788 2828 αὑτοῦ
1813 2775 2065 2847 ὁρῶντες,

447 2865 560 2919 καὶ
590 2863 677 2927 ὡς
704 2862 948 2918 καθεῖλεν
981 2864 1174 2936 ἐχθρόν
1206 2882 1264 2919 τε
1296 2866 1389 2919 καὶ
1424 2866 1733 2938 ἐκδικητὴν,
1758 2866 1848 2921 τόν
1876 2884 1939 2937 γε
1975 2866 2069 2922 θά-

445 2974 640 3013 νατον
685 2956 921 3029 ἄρχοντα
944 2958 1038 3011 τοῦ
1074 2958 1268 3019 αἰῶνος
1311 2959 1501 3013 τούτου
1524 2999 1538 3025 ,
1566 2960 1682 3033 ἅμα
1704 2964 1825 3025 ταῖς
1853 2960 2068 3027 λοιπαῖς

446 3050 736 3123 ἀοράτοις
764 3049 858 3103 καὶ
873 3048 1093 3122 ἐχθραῖς
1120 3049 1412 3119 δυνάμεσι,
1432 3051 1495 3104 τὸ
1521 3052 1775 3123 τηνικάδε
1801 3052 1934 3107 Θεὸν
1964 3054 2066 3107 αὑ-

448 3142 554 3197 τὸν
592 3137 743 3195 εἶναι
784 3141 1194 3210 πιστεύσαντες,
1229 3144 1661 3217 προσεκύνησαν.
1694 3146 1761 3198 Al
1801 3145 1857 3198 δὲ
1886 3150 2066 3218 χεῖρες

447 3234 559 3288 τοῦ
589 3233 1026 3306 Σωτῆροςήμῶν
1049 3234 1190 3289 κατά
1209 3236 1378 3290 νώτου
1395 3236 1503 3290 τῶν
1529 3237 1739 3309 ἐχθρῶν
1761 3238 1924 3293 αὐτοῦ
1953 3241 2066 3309 ὲγί-
2091 3277 2134 3335 C

448 3343 652 3393 νοντο,
693 3325 782 3378 ὅτε
804 3326 981 3389 πάσας
1012 3327 1109 3391 τὰς
1134 3327 1359 3399 πράξεις
1389 3329 1579 3395 αὑτοῦ,
1599 3329 1699 3394 τάς
1722 3347 1779 3383 τε
1805 3331 2063 3402 δυνάμεις

448 3419 559 3472 γε).
578 3417 1066 3490 παραδοξοποιίας,
1092 3420 1181 3473 ἐπὶ
1202 3420 1515 3493 καθαιρέσει
1546 3420 1654 3475 τῶν
1674 3418 1941 3493 δαιμόνων
1967 3423 2061 3477 καὶ

448 3508 575 3562 τῶν
605 3507 864 3580 πονηρῶν
894 3510 1217 3580 πνευμάτων
1243 3511 1497 3563 ἐποιεῖτο.
1527 3509 1684 3563 Ἀλλὰ
1714 3510 1809 3563 καὶ
1828 3511 2061 3583 ὁπηνίκα

453 3598 780 3664 ἑξεπέτασε
831 3599 929 3664 τάς
968 3603 1156 3672 χεῖρας
1198 3600 1364 3655 αὐτοῦ
1401 3603 1493 3655 ἐπὶ
1519 3601 1611 3655 τοῦ
1674 3603 1929 3675 σταυροῦ,
1966 3604 2063 3657 καὶ

453 3691 658 3754 οὕτως
701 3691 759 3744 at
790 3694 971 3764 χεῖρες
1007 3690 1172 3745 αὐτοῦ
1194 3731 1209 3755 ,
1240 3693 1548 3761 φευγόντων
1585 3692 1694 3747 τῶν
1725 3692 1935 3766 ἐχθρῶν
1968 3695 2062 3748 καὶ

454 3782 532 3836 τὰ
585 3782 746 3836 νῶτα
799 3783 1269 3857 παραχωρούντων
1321 3782 1469 3854 αὐτῷ
1492 3825 1506 3846 ,
1552 3784 1692 3837 κατὰ
1744 3784 1914 3838 νώτου
1952 3784 2061 3838 τῶν

457 3877 562 3947 ὲχθ
573 3874 694 3947 ρῶν
726 3874 983 3944 ἐγίνοντο,
1003 3877 1097 3930 καὶ
1123 3875 1319 3948 μᾶλλον
1346 3877 1433 3929 ὅτε
1456 3876 1518 3928 τὸ
1552 3875 1766 3948 πνεῦμα
1791 3877 2063 3948 παραδοὺς

457 3967 545 4039 τῷ
568 3967 781 4040 Πατρὶ,
806 3968 1041 4042 ἄσαρκος
1059 3969 1152 4024 καὶ
1176 3986 1244 4039 γυ
1252 3968 1380 4041 μνός
1399 3961 1459 4022 οὗ
1486 3968 1763 4040 ἀνειλήφει
1791 3969 2059 4040 σώματος,

463 4063 566 4115 ἐπὶ
607 4060 673 4114 τὸ
708 4059 815 4114 τῶν
856 4060 1063 4132 ἐχθρῶν
1105 4061 1296 4133 κατῄει
1324 4060 1553 4132 χωρίον,
1582 4060 1827 4133 αὑτοζωὴ
1859 4063 2063 4132 τυγχά-

464 4172 606 4217 νων,
662 4152 892 4206 θάνατον
955 4150 1295 4215 καταλύσων,
1346 4152 1441 4205 καὶ
1482 4151 1580 4217 τὰς
1627 4153 2063 4224 ὲπανισταμένας

468 4245 633 4317 αὐτῷ
669 4244 947 4313 δυνάμεις,
978 4243 1043 4307 ἀς
1075 4242 1219 4308 εἰκὸς
1253 4246 1375 4298 κατ’
1412 4244 1581 4318 ἀρχὰς
1626 4246 1723 4317 μὲν
1756 4244 1932 4299 κοινὸν
1966 4245 2063 4301 ἄν-

472 4339 724 4411 θρωπον,
763 4336 858 4389 καὶ
887 4338 997 4399 τοῖς
1037 4333 1247 4399 πολλοῖς
1277 4336 1460 4406 ὅμοιον
1491 4336 1653 4391 αὑτὸν
1682 4337 2059 4408 ὑπειληφέναι,

473 4426 626 4483 οὕτω
648 4445 712 4481 τε
736 4425 1009 4480 κυκλῶσαι
1034 4425 1196 4481 αὐτὸν
1226 4428 1320 4480 καὶ
1354 4422 1503 4480 ώσάν
1552 4425 1630 4499 τῷ
1656 4426 1871 4498 τυχόντι
1898 4430 2061 4500 ἐφορ-

487 4522 659 4595 μῆσαι
679 4537 694 4550 °
734 4519 854 4572 ἐπεὶ
890 4518 946 4572 δὲ
981 4519 1223 4587 ἔγνωσαν
1249 4518 1529 4591 κρείττονα
1563 4519 1596 4592 ἢ
1631 4519 1749 4574 κατ’
1780 4519 2063 4592 ἄνθρωπον

2171 1953 2262 2000 tur
2288 1962 2397 2002 una
2424 1962 2552 2002 cum
2597 1948 2718 2003 aliis
2757 1949 3246 2005 innumerabilibus
3269 1949 3471 2007 Christi
3503 1953 3744 2023 appella-

2171 2037 2445 2104 tionibus,
2482 2037 2685 2107 quibus
2718 2038 2871 2093 illum
2912 2040 3096 2095 divina
3140 2041 3363 2096 oracula
3409 2043 3739 2113 signiﬁcant,

2169 2128 2360 2182 eadem
2384 2128 2594 2185 ratione
2617 2137 2674 2183 ut
2701 2128 2873 2186 Judas
2898 2145 3116 2201 quoque
3144 2131 3202 2186 in
3220 2131 3289 2187 iis
3317 2149 3438 2204 qua
3461 2134 3623 2189 modo
3645 2149 3743 2189 ex-

2171 2222 2528 2293 punebamus,
2551 2222 2622 2277 sit
2648 2223 2971 2293 appellatus,
2993 2222 3110 2279 ﬁeri
3142 2233 3340 2295 potest,
3361 2240 3484 2280 cum
3507 2226 3575 2280 de
3597 2227 3744 2280 tribu

2169 2311 2323 2368 Iudae
2345 2314 2416 2368 sit
2438 2320 2619 2370 natus.
2647 2312 2875 2369 Constat
2902 2314 3047 2369 enim
3079 2330 3148 2370 ex
3176 2315 3457 2386 Apostolo,
3492 2316 3743 2371 Salvato-

2170 2418 2285 2459 rem
2315 2418 2380 2458 ac
2402 2402 2691 2458 Dominum
2712 2412 2961 2459 nostrum
2980 2403 3046 2460 de
3068 2406 3211 2461 tribu
3226 2404 3380 2462 Iudae
3400 2419 3580 2461 ortum
3598 2421 3742 2461 esse.

2170 2495 2309 2551 Huic
2338 2496 2502 2568 igitur
2541 2492 2715 2559 Iudae,
2776 2497 2822 2551 si
2884 2497 3183 2552 secundum
3217 2502 3539 2554 sententiam
3575 2498 3747 2553 inter-

2168 2598 2464 2661 pretemur,
2523 2588 2761 2658 reposita
2819 2595 2977 2643 erant
3045 2589 3158 2656 illa,
3211 2605 3335 2660 qua:
3394 2590 3451 2644 in
3505 2589 3745 2660 prophe-

2169 2682 2242 2737 tia
2264 2680 2635 2735 continentur.
2665 2678 2771 2734 Sed
2800 2694 3049 2749 quaenam
3079 2680 3196 2735 haec
3216 2680 3477 2736 fuerunt?
3497 2679 3744 2736 Prinmm

2168 2772 2388 2844 quidem
2413 2806 2429 2836 ,
2459 2770 2604 2841 quod
2647 2785 2678 2823 a
2732 2770 2996 2826 fratribus
3042 2772 3162 2827 suis
3205 2780 3351 2829 esset
3400 2772 3744 2839 laudandus;

2169 2863 2365 2919 deinde
2396 2862 2545 2933 quod
2573 2875 2768 2916 manus
2801 2864 2857 2916 in
2887 2868 3099 2933 tergum
3134 2863 3483 2919 inimicorum
3517 2878 3743 2920 suorum

2168 2961 2315 3011 esset
2342 2953 2680 3024 injecturus;
2716 2960 2994 3023 postremo
3031 2954 3176 3025 quod
3208 2955 3522 3012 adorandus
3554 2972 3586 3011 a
3619 2957 3748 3014 ﬁliis

2169 3045 2343 3119 patris
2387 3045 2495 3103 sui.
2526 3044 2659 3112 Quae
2690 3045 2854 3101 etiam
2897 3062 3057 3102 suum
3094 3047 3255 3103 linem
3290 3057 3584 3104 consecuta
3617 3060 3748 3106 sunt

2169 3155 2278 3210 quo
2317 3145 2595 3209 tempore,
2638 3137 2770 3192 dum
2808 3137 3164 3195 admirabiles
3193 3139 3426 3197 virtutes
3455 3149 3506 3196 et
3556 3141 3712 3212 prodi
3735 3171 3749 3183 -

2168 3233 2322 3304 giosa
2366 3232 2629 3287 miracula
2668 3230 2872 3298 ederet,
2906 3231 3252 3288 admirationi
3300 3240 3442 3299 erat,
3474 3243 3530 3289 et
3557 3233 3750 3289 lauda-

2169 3326 2349 3391 batur,
2377 3332 2431 3379 et
2473 3323 2804 3378 adorabatur
2836 3339 2868 3377 a
2909 3325 3028 3380 suis
3059 3325 3344 3397 discipulis
3375 3338 3429 3381 et
3461 3328 3747 3398 apostolis,

2169 3430 2308 3484 quos
2333 3414 2496 3470 etiam
2526 3412 2725 3468 fratres
2753 3428 2949 3469 vocare
2977 3429 3088 3469 non
3118 3425 3377 3486 gravatus
3407 3426 3511 3482 est,
3537 3416 3668 3472 dum
3691 3418 3749 3471 in

2168 3507 2380 3578 psalmo
2398 3508 2476 3562 sic
2496 3505 2656 3561 dicit:
2686 3506 3070 3562 «Annuntiabo
3084 3521 3281 3562 nomen
3307 3515 3461 3563 tuum
3487 3508 3749 3564 fratribus

2168 3602 2337 3668 meis;
2364 3601 2421 3656 in
2442 3600 2623 3655 medio
2643 3599 2904 3657 Ecclesia!
2926 3600 3160 3655 laudabo
3180 3608 3232 3655 te
3256 3600 3325 3654 ".
3362 3620 3381 3652 ι
3407 3599 3542 3654 Dum
3566 3610 3748 3657 autem

2170 3691 2351 3748 Maria;
2378 3701 2431 3748 et
2458 3692 2686 3763 reliquis
2729 3692 3051 3747 mulieribus
3084 3692 3336 3762 imperat,
3369 3699 3430 3745 ut
3452 3708 3575 3762 qua:
3603 3692 3748 3748 bona

2169 3785 2406 3841 viderint
2433 3785 2704 3854 nuntient,
2733 3785 2892 3856 quasi
2917 3783 3178 3840 fratribus
3209 3785 3448 3839 nuntiari
3478 3785 3743 3856 imperat:

2167 3878 2329 3949 377
2359 3895 2378 3928 ‹
2413 3876 2689 3943 Nuntiate,
2732 3879 2927 3948 inquit,
2971 3876 3233 3931 fratribus
3282 3877 3440 3942 meis,
3478 3876 3626 3947 quod
3658 3892 3745 3933 as-

2168 3972 2343 4028 cendo
2377 3972 2445 4027 ad
2480 3970 2699 4026 Patrem
2721 3985 2923 4035 meum,
2943 3976 2998 4025 et
3027 3968 3241 4023 Patrem
3275 3976 3542 4033 vestrum,
3572 3966 3747 4024 Deum

2169 4079 2373 4131 meum,
2405 4072 2460 4119 et
2494 4063 2664 4118 Deum
2690 4071 2931 4119 vestrum
2982 4061 3049 4114 ⁸³.
3090 4080 3110 4112 ι
3165 4059 3257 4115 Sic
3282 4075 3415 4117 sane
3446 4060 3599 4115 illum
3628 4059 3745 4114 fra-

2170 4164 2282 4212 tres
2338 4156 2731 4211 miraculorum
2787 4155 2985 4227 gratia,
3036 4160 3298 4222 tanquam
3367 4151 3745 4207 admirabilem

2168 4250 2348 4303 virum
2400 4248 2667 4304 duntaxat
2723 4248 2791 4303 ab
2835 4246 2995 4302 initio
3052 4245 3372 4310 laudabant,
3407 4244 3608 4316 quippe
3649 4244 3744 4315 qui

2170 4358 2338 4397 unum
2364 4342 2600 4413 aliquem
2634 4342 2701 4397 de
2722 4339 3023 4412 prophetis,
3052 4346 3113 4392 ut
3143 4337 3440 4393 verisimile
3457 4345 3565 4402 est,
3590 4337 3745 4392 illum

2169 4448 2291 4489 esse
2338 4434 2775 4504 suspicarentur.
2810 4429 2919 4485 Sed
2958 4429 3050 4483 ubi
3100 4428 3318 4482 interim
3367 4425 3757 4493 admirabiles,

2170 4532 2224 4580 et
2253 4539 2470 4580 onmem
2505 4524 2664 4579 fidem
2708 4528 3034 4592 superantes
3073 4519 3223 4574 illius
3256 4520 3501 4572 actiones
3521 4517 3742 4571 intuen-

492 4614 575 4669 ιαὶ
594 4611 877 4682 θειοτέραν
905 4610 1085 4679 φύσιν,
1117 4610 1388 4681 τραπῆναι
1417 4612 1512 4665 καὶ
1531 4611 1599 4665 τὰ
1630 4611 1776 4666 νῶτα
1807 4629 2065 4684 παραχω-

2173 4624 2282 4681 tur,
2316 4624 2371 4672 et
2401 4614 2858 4687 quemadmodum
2893 4612 3175 4666 inimicum
3207 4617 3262 4665 et
3295 4610 3560 4674 ultorem,
3590 4622 3744 4663 mor-

488 4705 652 4778 ρῆσαι
682 4703 833 4775 αὐτῷ
855 4743 869 4766 ,
910 4703 1033 4757 καθ’
1059 4696 1134 4757 ὧν
1157 4703 1255 4767 τὰς
1285 4706 1471 4774 χεῖρας
1504 4704 1693 4773 ἀφεὶς,
1715 4708 1826 4769 τοῖς
1859 4704 2062 4770 ὲνθέοις

485 4794 651 4853 αὐτοῦ
682 4798 779 4852 καὶ
799 4797 1152 4868 ἡκονημένοις
1174 4796 1349 4867 βέλεσι
1384 4800 1681 4867 φεύγοντας
1708 4798 1957 4870 ἤλαυνεν,
1986 4801 2063 4864 ὡς

486 4891 571 4945 διὰ
604 4890 766 4944 τοῦτο
804 4890 1053 4962 εἰρῆσθαι
1077 4907 1090 4922 ·
1129 4909 1146 4941 ι
1179 4890 1241 4943 Αἱ
1284 4890 1463 4961 χεῖρές
1506 4906 1599 4943 σου
1637 4892 1729 4944 ἐπὶ
1752 4889 1921 4945 νώτου
1954 4892 2062 4946 τῶν

488 4982 696 5055 ἐχθρῶν
729 4999 845 5036 σου.
884 5001 903 5034 ι
931 4978 1081 5035 Είιδὲ
1114 4982 1210 5036 καὶ
1233 4980 1399 5036 εἰσέτι
1421 4979 1517 5035 νῦν
1551 4979 1734 5053 μυρίοι
1760 4981 2064 5054 τοῢΣωτῆ-

491 5089 579 5144 ρος
593 5072 753 5145 ἡμῶν
779 5070 984 5144 ἐχθροὶ,
1006 5072 1101 5144 τὴν
1134 5072 1458 5145 Ἐκκλησίαν
1489 5072 1653 5128 αὑτοῦ
1676 5073 1815 5127 κατά
1838 5074 2065 5143 καιροὺς

492 5167 742 5239 πολεμεῖν
794 5162 1160 5239 ἐπιχειροῦσιν
1183 5207 1198 5231 ,
1248 5166 1383 5220 ἀλλὰ
1440 5166 1537 5219 καὶ
1578 5160 1801 5229 τούτους
1848 5165 2065 5237 ἀοράτῳ

492 5258 630 5330 χειρὶ
661 5258 757 5313 καὶ
786 5255 956 5329 ὲνθέῳ
982 5256 1207 5326 δυνάμει
1232 5257 1556 5328 τροποῦται,
1584 5256 1661 5321 ὡς
1681 5259 1775 5311 καὶ¹
1802 5259 1932 5329 περὶ
1961 5258 2063 5312 αὑ-

491 5349 592 5404 τῶν
642 5348 898 5424 είρῆσθαι
952 5348 1033 5403 τό·
1073 5369 1092 5402 ι
1140 5346 1203 5403 Ai
1237 5348 1418 5421 χεῖρές
1464 5365 1556 5401 σου
1594 5348 1688 5402 ἐπὶ
1739 5346 1910 5402 νώτου
1952 5348 2061 5402 τῶν

488 5441 693 5515 ἐχθρῶν
736 5458 856 5496 σου.
899 5460 918 5493 ι
957 5440 1177 5514 Ἐπειδὴ
1209 5440 1265 5494 δὲ
1305 5442 1407 5513 ήδη
1431 5437 1616 5494 λοιπὸν
1656 5439 1725 5494 τὰ
1772 5439 1914 5494 κατά
1957 5438 2089 5519 τῶν.

2169 4715 2388 4778 temque
2418 4707 2604 4764 saeculi
2634 4705 2800 4775 hujus
2846 4703 3150 4767 dominum,
3185 4717 3296 4755 una
3344 4716 3472 4756 cum
3517 4699 3748 4770 reliquis

2170 4797 2542 4854 invisibilibus
2593 4805 2647 4853 et
2698 4795 2939 4851 inimicis
2979 4793 3345 4864 potestatibus
3369 4792 3745 4856 sustinuisset,

2171 4899 2289 4946 tum
2316 4905 2449 4947 vero
2479 4888 2648 4944 Deum
2675 4888 2828 4942 illum
2850 4902 2975 4942 esse
3001 4885 3310 4953 credentes,
3344 4884 3741 4939 adoraverunt:

2170 4997 2370 5037 manus
2397 4989 2578 5037 autem
2629 4977 2934 5034 Salvatoris
2981 4975 3154 5032 nostri
3191 4975 3247 5029 in
3290 4982 3448 5045 tergo
3487 4972 3742 5028 inimico-

2171 5090 2291 5130 rum
2338 5088 2565 5131 suorum
2613 5073 2786 5139 fuere,
2832 5085 2943 5141 quo
2976 5077 3221 5139 tempore
3266 5067 3524 5123 videlicet
3551 5080 3745 5121 omnes

2172 5168 2417 5225 actiones
2445 5182 2596 5230 suas,
2626 5175 2680 5221 et
2728 5166 2982 5228 virtutes,
3013 5153 3069 5218 et
3114 5169 3266 5232 gesta
3313 5159 3649 5232 prodigiosa,
3676 5158 3744 5213 ad

2172 5259 2436 5315 delendos
2484 5259 2760 5313 daemones
2795 5265 2850 5312 et
2887 5257 3157 5326 malignos
3208 5253 3438 5323 spiritus
3491 5250 3747 5306 intende-

2169 5350 2284 5406 bat.
2343 5349 2484 5417 Quin
2526 5350 2688 5405 etiam
2722 5363 2847 5404 cum
2898 5363 3092 5403 manus
3134 5361 3265 5401 suas
3308 5343 3660 5415 expandisset
3685 5342 3746 5399 in

2171 5454 2357 5501 cruce,
2389 5450 2502 5494 tum
2543 5454 2761 5511 quoque
2789 5453 2987 5493 manus
3016 5437 3156 5507 ejus,
3185 5434 3525 5506 fugientibus
3552 5433 3740 5488 inimi-

485 5535 692 5610 ἐχθρῶν
740 5532 1037 5606 νικητήρια
1076 5534 1401 5605 ἀπειλήφει,
1429 5532 1726 5605 τηνικαῦτα
1764 5532 2067 5607 ἐπληροῦτο

2172 5534 2253 5589 cis
2297 5540 2350 5588 et
2389 5532 2565 5588 eidem
2608 5539 2758 5605 terga
2807 5530 3090 5594 dantibus,
3122 5530 3180 5585 in
3206 5536 3362 5599 tergo
3395 5527 3744 5581 inimicorum

480 5632 674 5698 καὶτὸ,
698 5650 719 5683 ‹
757 5624 1207 5702 Προσκυνήσουσί
1239 5644 1299 5680 σε
1329 5627 1378 5680 οἱ
1407 5627 1512 5680 υἱοὶ
1535 5625 1627 5680 τοῦ
1653 5625 1867 5698 Πατρός
1895 5642 2010 5689 σου,
2042 5645 2061 5677 ι

542 5722 589 5757 ⁸⁷
628 5722 788 5780 Psal.
822 5736 973 5783 Lm,
1022 5719 1178 5775 8—H.
1254 5719 1299 5752 ⁸³
1335 5718 1485 5778 Psal.
1521 5733 1781 5781 lxxxviii,
1811 5718 1904 5788 28,
1928 5719 2021 5774 29.
2097 5719 2144 5751 ’⁸³
2183 5712 2315 5774 ibid.
2346 5719 2436 5781 57,
2463 5717 2551 5773 38.

2174 5626 2418 5689 fuerunt,
2454 5625 2740 5696 magisque
2768 5624 2931 5679 etiam
2965 5637 3089 5677 cum
3116 5620 3265 5676 Patri
3295 5619 3510 5675 reddito
3527 5618 3745 5688 spiritu,

2658 5718 2703 5752 ⁸ο
2744 5716 2891 5773 Psal.
2917 5731 3041 5783 ιιι,
3068 5715 3161 5771 9.5.
3235 5716 3279 5749 ἰ
3320 5712 3477 5770 Joan.
3514 5726 3624 5778 xx,
3655 5709 3743 5767 17.

535 5815 619 5892 (ι)
670 5809 904 5885 Ἦμῶν.
941 5811 1101 5870 Forte
1131 5812 1306 5885 ὑμῶν,
1335 5819 1395 5870 ιιι
1431 5819 1487 5869 et
1523 5814 1792 5886 interpres
1830 5812 2032 5885 legisse
2069 5830 2079 5855 π

2168 5819 2302 5870 stur.
2325 5810 2485 5868 Eutr.
