3908 6266
408 274 506 331 591

1041 267 1309 325 EUSLBll
1345 266 1826 323 CESARIENSIS
1865 267 1949 324 ΟΡ

2057 269 2238 325 mus
2272 269 2337 327 η.
2383 300 2448 312 -
2486 249 2987 329 APOLOGE'i‘lCA.

3555 274 3658 332 599.

407 399 463 449 et
486 405 599 448 sum
643 388 827 447 carnis
858 403 1074 458 expers,
1103 395 1157 441 et
1185 401 1252 442 co
1278 385 1421 456 quod
1456 391 1830 452 assumpserat
1860 372 1949 440 cor

2084 388 2284 450 πάντες
2312 388 2511 459 δηλαδὴ
2554 391 2602 442 οἱ
2632 388 2748 442 κατ’
2782 387 3009 458 οὐρανὸν
3038 387 3278 455 ἄγγελοι,
3304 388 3373 443 τά
3398 405 3457 441 τε
3492 390 3654 445 πνεύ-

406 502 539 559 pore
566 486 826 548 nudatus,
869 484 961 552 qui
998 483 1114 552 ipsa
1151 482 1255 537 vita
1287 488 1423 545 erat,
1459 478 1525 533 ad
1558 479 1677 533 loca
1721 478 1976 533 inimico-

406 593 527 635 rum
546 575 848 640 descendit,
871 567 997 629 utet
1018 584 1244 628 mortem
1261 571 1563 642 etreliquas
1577 586 1697 641 quae
1712 571 1974 627 adversus

405 672 582 742 ipsum
607 674 955 724 surrexerunt
984 673 1304 743 potestates,
1333 664 1660 736 dissiparet;
1689 681 1826 736 quas
1850 664 1974 735 qui-

403 764 527 818 dem
549 761 841 817 verisimile
870 768 954 815 est
973 774 1316 814 communem
1340 758 1628 829 quemdam
1666 759 1964 822 hominum,

400 870 464 910 ac
495 854 723 926 reliquis
754 853 987 909 similem
1023 861 1171 907 ratas
1204 867 1328 908 esse
1350 851 1524 917 illum,
1554 850 1740 921 itaque
1762 850 1970 904 circum

400 947 650 1002 eumdem
679 946 919 1011 stetisse,
952 954 1008 999 et
1031 944 1187 1015 quasi
1223 958 1389 998 unum
1408 941 1476 998 de
1510 942 1695 996 multis
1725 940 1967 1005 adortus,

399 1044 564 1109 atque
591 1037 685 1093 ubi
716 1038 1156 1108 praestantiorem
1187 1034 1528 1105 agnoverint,
1548 1050 1711 1105 quam
1731 1043 1789 1088 ut
1808 1034 1969 1088 homo

397 1130 700 1188 existimari
729 1141 935 1202 posset,
967 1146 1032 1186 ac
1058 1129 1316 1185 diviniori
1356 1136 1550 1184 natura
1579 1128 1884 1197 praeditum,
1917 1135 1971 1182 et

397 1238 694 1279 conversas
728 1238 850 1278 csse
898 1230 952 1277 et
979 1229 1134 1292 terga
1180 1220 1258 1274 illi
1302 1219 1543 1285 dedisse,
1583 1226 1777 1273 contra
1829 1232 1968 1289 quas

398 1313 661 1369 immissis
705 1313 979 1376 manibus,
1022 1311 1222 1367 divinis
1252 1310 1368 1365 suis
1407 1316 1462 1364 et
1507 1309 1683 1364 aeutis
1730 1308 1962 1379 sagittis,

398 1404 670 1477 fugientes
702 1404 905 1476 exegit,
935 1411 995 1459 ut
1025 1411 1315 1475 propterea
1345 1402 1550 1456 dictum
1579 1402 1684 1457 sit:
1724 1422 1741 1454 ‹
1774 1401 1966 1457 Manus

399 1503 505 1552 tute
536 1496 595 1551 in
644 1504 795 1567 tergo
827 1495 1177 1550 inimicorum
1207 1504 1452 1550 tuorum.
1481 1513 1500 1548 ι
1539 1494 1695 1561 Quod
1723 1494 1770 1551 si
1799 1494 1963 1550 etiam

398 1603 545 1643 nunc
578 1588 1011 1643 innumerabiles
1038 1586 1339 1642 Salvatoris
1384 1587 1561 1642 nostri
1593 1585 1825 1650 inimici,
1854 1583 1963 1639 Ec-

394 1680 617 1736 clesiam
643 1680 763 1749 ejus
793 1679 959 1734 variis
995 1678 1383 1733 occasionibus
1411 1692 1728 1748 Oppugnarc
1753 1692 1961 1731 conan-

2080 496 2224 548 ματα
2261 479 2328 531 τὰ
2362 477 2736 550 λειτουργικὰ,
2778 481 2869 531 καὶ
2907 481 2963 531 att
2995 477 3134 530 θεῖαι
3179 475 3478 549 δυνάμεις,
3522 479 3577 532 οἶ
3595 496 3654 534 τι

2076 572 2169 625 ἐπὶ
2196 571 2300 640 γῆς
2337 571 2620 624 ἀπόστολοι
2656 570 2749 625 καὶ
2781 569 3203 640 εύαγγελισταὶ,
3238 571 3333 624 καὶ
3367 571 3507 642 μετά
3531 573 3652 628 τού-

2073 677 2197 723 τους
2244 662 2483 724 ἆπαντες
2528 661 2579 713 οἱ
2619 660 2679 728 ἐξ
2725 660 2892 713 ἐθνῶν
2939 660 3005 713 δι’
3057 659 3253 725 αὑτοῦ,
3298 661 3391 715 τὸν
3427 663 3526 716 ἕνα
3559 664 3653 717 καὶ

2078 754 2235 824 μόνον
2277 751 2447 823 ἀληθῆ
2495 752 2714 823 Πατέρα
2755 752 2888 805 Θεὸν
2930 749 3391 824 ἐπιγραψάμενοι,
3423 754 3647 817 οἵτινες,

2072 843 2204 897 Θεὸν
2236 844 2407 911 Λόγον
2434 843 2560 897 ὄντα
2587 844 2678 896 τὸν
2707 842 2937 913 Χριστὸν
2971 843 3376 915 μεμαθηκότες,
3411 845 3486 908 ὠς
3520 845 3649 898 Θεὸν

2073 937 2395 1006 προσκυνεῖν
2420 933 2581 986 αὐτὸν
2608 930 3013 1004 ὁμολογοῦνται.
3047 933 3183 987 Ἀλλ’
3216 936 3340 987 ἐπεὶ
3361 935 3527 1006 ἐχρῆν
3554 935 3648 988 καὶ

2070 1028 2138 1082 τὰ
2165 1027 2262 1098 τῆς
2285 1026 2549 1096 γενέσεως
2577 1025 2740 1080 αὑτοῦ
2767 1026 2863 1080 καὶ
2887 1027 2955 1080 τὰ
2990 1027 3083 1080 τοῦ
3120 1026 3352 1081 θανάτου
3376 1028 3647 1099 μυστήρια

2069 1122 2134 1191 τῇ
2184 1119 2310 1190 περὶ
2358 1118 2524 1171 αὐτοῦ
2573 1119 2881 1190 προφητείᾳ
2927 1118 3385 1190 συμπεριλαϐεῖν,
3424 1120 3645 1184 εἰκότως

2073 1211 2209 1282 μετά
2244 1209 2313 1263 τά
2360 1210 2732 1281 προειρημένα
2762 1211 3029 1275 θεσπίζων
3062 1214 3090 1264 6
3136 1211 3327 1265 Ἰακὼό
3371 1212 3640 1281 ἐπιλέγει·

2073 1300 2347 1372 «Σκύμνος
2379 1300 2589 1366 λέοντος
2616 1300 2804 1366 Ἰούδα,
2824 1303 2888 1354 ἐκ
2904 1301 3155 1373 βλαστοῦ,
3179 1303 3260 1354 υίέ
3280 1318 3402 1372 μου,
3426 1301 3641 1372 ἀνέϐης,

2067 1392 2355 1447 ἀναπεσὼν
2390 1392 2689 1464 ἐκοιμήθης
2713 1393 2787 1457 ὡς
2815 1393 2973 1457 λέων,
3011 1395 3105 1447 καὶ
3140 1393 3214 1456 ὡς
3246 1393 3484 1465 σκύμνος
3518 1410 3531 1422 ο
3562 1395 3643 1457 τίς

2067 1479 2250 1548 ἐγερεῖ
2286 1477 2475 1541 αύτόν;
2515 1497 2532 1528 ›
2567 1477 2812 1548 Σκύμνον
2841 1477 2940 1548 μὲν
2977 1474 3068 1531 οὖν
3100 1477 3311 1541 λέοντος
3336 1478 3496 1531 αὑτὸν
3525 1478 3640 1531 ὀνο⁴

2069 1570 2230 1642 μάζει
2250 1612 2265 1636 ,
2291 1569 2376 1623 διὰ
2409 1570 2469 1623 τὸ
2505 1572 2569 1623 ἐκ
2611 1568 2893 1639 βασιλικῆς
2928 1568 3089 1622 αὐτὸν
3126 1568 3407 1636 γεγονέναι
3436 1568 3634 1639 φυλῆς·

2065 1659 2129 1711 ἐκ
2147 1657 2460 1728 σπέρματος
2492 1654 2621 1724 γοῦν
2653 1651 2720 1725 ἦν
2749 1653 2842 1707 τοῦ
2862 1653 3030 1707 Δαὸὶδ
3063 1654 3205 1706 κατά
3234 1654 3411 1725 σάρκα
3440 1670 3454 1683 ’
3487 1671 3505 1703 ι
3548 1653 3639 1705 Ἐκ

393 1779 504 1835 tur,
533 1744 775 1825 attamen
805 1771 907 1826 hos
953 1785 1173 1841 quoque
1214 1744 1740 1840 invisibili—quadam
1770 1783 1949 1831 manu,

2065 1748 2291 1820 βλαστοῦ
2336 1748 2392 1802 δὲ
2427 1747 2648 1818 ἀνέϐης,
2693 1746 2775 1799 υἱὲ
2823 1762 2943 1817 μου,
2986 1765 3004 1796 ι
3057 1746 3253 1816 φησὶν,
3299 1744 3530 1816 ἐπείπερ
3576 1748 3639 1797 ἐκ

389 1870 442 1918 et
465 1877 565 1918 sua
599 1864 783 1919 divina
809 1864 1009 1918 virtute
1032 1864 1085 1916 in
1119 1861 1299 1933 fugam
1325 1861 1504 1926 vertit,
1531 1868 1591 1915 ut
1622 1860 1691 1916 de
1721 1861 1808 1915 bis
1831 1861 1959 1915 item

389 1957 592 2013 dictum
620 1956 691 2011 sit
713 1955 846 2010 illud
880 1970 894 2008 :
933 1972 952 2006 ι
997 1953 1188 2008 Manus
1211 1961 1317 2007 tuae
1343 1953 1399 2007 in
1418 1960 1574 2024 tergo
1604 1952 1958 2007 inimicorum

388 2057 628 2103 tuorum.
675 2066 694 2099 ι
731 2044 831 2101 Ubi
865 2060 994 2101 vero
1019 2046 1157 2115 jam,
1207 2043 1353 2116 quod
1402 2044 1672 2114 reliquum
1718 2042 1839 2111 fuit,
1872 2045 1958 2098 in-

387 2140 564 2211 signia
600 2139 748 2194 illius
773 2138 1018 2194 victoriae
1049 2137 1309 2207 praeclara
1339 2135 1407 2191 de
1444 2137 1695 2191 hostibus
1727 2137 1953 2205 recepit,

384 2241 500 2287 tum
530 2234 662 2287 vero
685 2231 817 2285 illud
844 2230 1174 2299 completum
1206 2236 1292 2283 est
1325 2247 1337 2282 :
1371 2245 1390 2279 ‹
1423 2226 1744 2281 Adorabunt
1776 2235 1829 2282 te
1859 2227 1956 2282 lilii

383 2324 557 2394 patris
585 2324 688 2385 tui,
725 2340 744 2374 ι
780 2336 972 2376 omnes
1000 2319 1271 2386 videlicet,
1304 2319 1396 2391 qui
1430 2319 1486 2374 in
1517 2319 1657 2375 caelo
1704 2330 1832 2376 sunt
1858 2312 1956 2375 an-

381 2412 507 2485 geli,
540 2412 878 2483 spiritusque
911 2409 1294 2473 inservientes,
1328 2425 1392 2463 ac
1411 2409 1610 2465 divinae
1632 2417 1951 2480 potestates,

380 2519 596 2560 necnon
652 2503 910 2574 degentes
940 2503 995 2556 in
1040 2508 1183 2556 terra
1238 2501 1472 2571 apostoli
1502 2509 1556 2557 et
1582 2501 1951 2572 evangelista},

379 2602 505 2668 post
536 2610 674 2666 quos
702 2595 1016 2665 quicunque
1044 2609 1141 2664 per
1171 2594 1372 2665 ipsum,
1437 2594 1530 2648 uni
1579 2601 1633 2647 et
1676 2593 1780 2649 soli
1823 2609 1953 2649 vero

381 2685 529 2741 Patri
554 2685 664 2742 Deo
697 2686 906 2755 scipsos
937 2683 1282 2746 addixerunt,
1309 2684 1401 2753 qui
1422 2683 1643 2754 quidem
1671 2683 1761 2738 ubi
1780 2682 1948 2738 Deum

381 2777 618 2834 Verbum
651 2776 931 2833 Christum
972 2791 1094 2832 esse
1122 2775 1385 2839 didicere,
1433 2784 1550 2829 tum
1594 2790 1655 2831 se
1702 2774 1855 2829 illum
1890 2785 1951 2830 ut

380 2871 549 2926 Deum
584 2867 815 2924 adorare
841 2865 1078 2923 confessi
1101 2875 1252 2923 sunt.
1282 2867 1449 2937 378
1478 2865 1585 2923 Sed
1608 2868 1866 2937 quoniam
1896 2877 1950 2923 et

377 2971 532 3017 ortus
555 2960 799 3031 ejusdem
834 2969 888 3017 et
911 2959 1106 3014 mortis
1135 2959 1420 3029 mysteria,
1450 2959 1642 3014 eadem
1665 2960 1947 3031 prophetia

379 3052 664 3124 complecti
690 3052 997 3123 oportebat,
1023 3051 1219 3106 merito
1247 3061 1370 3120 post
1397 3052 1488 3105 illa
1519 3066 1642 3121 qua:
1666 3051 1779 3122 jam
1804 3052 1948 3107 dicta

379 3153 509 3202 sunt
542 3145 848 3199 vaticinans
879 3141 1071 3207 Jacob,
1124 3142 1371 3214 adjungit
1409 3162 1422 3198 :
1457 3161 1476 3194 ι
1516 3144 1744 3200 Catulus
1774 3143 1947 3199 leonis

376 3235 537 3302 Juda,
564 3235 630 3290 de
644 3235 906 3307 germine,
935 3234 1005 3287 fili
1034 3234 1127 3299 mi,
1145 3234 1460 3299 ascendisti,
1490 3236 1812 3291 recumbens
1828 3236 1949 3291 dor-

376 3328 579 3382 mivisti
607 3335 665 3380 ut
690 3326 793 3388 leo,
815 3333 871 3380 et
904 3333 964 3379 ut
985 3324 1200 3380 catulus
1235 3340 1251 3379 :
1281 3323 1406 3395 quis
1434 3325 1694 3381 excitabit
1722 3325 1883 3381 eum?
1922 3345 1940 3377 ι

374 3419 628 3476 Catulum
673 3420 857 3489 itaque
901 3418 1078 3473 leonis
1124 3417 1300 3487 ipsum
1344 3418 1614 3484 nominat,
1654 3427 1945 3490 propterea

220 3524 223 3525 '
329 3510 520 3603 equod
542 3510 610 3567 de
637 3511 787 3582 regia
818 3511 960 3565 tribu
989 3509 1061 3563 sit
1091 3516 1273 3565 natus.
1311 3508 1385 3565 De
1418 3511 1626 3567 semine
1651 3511 1818 3585 igitur
1840 3510 1947 3565 Da-

372 3600 462 3660 vid
497 3603 601 3660 fuit
631 3603 843 3659 ratione
884 3604 1153 3672 corporis,
1179 3619 1199 3653 ι
1224 3600 1293 3656 de
1307 3602 1552 3674 germine
1582 3622 1601 3656 ι
1624 3611 1828 3672 autem,
1858 3605 1945 3658 in-

370 3691 508 3761 quit,
539 3708 556 3742 ι
597 3690 671 3744 ﬁli
692 3692 787 3755 mi,
812 3690 1126 3754 ascendisti,
1144 3708 1165 3743 ι
1196 3691 1453 3761 quoniam
1474 3691 1542 3748 de
1566 3692 1774 3748 semine
1786 3700 1836 3748 et
1853 3709 1932 3747 ra-

371 3783 493 3838 dice
535 3783 677 3853 ejus,
723 3782 817 3854 qui
877 3783 992 3838 bzee
1044 3782 1372 3853 praedicebat
1408 3782 1599 3853 Jacob,
1629 3786 1940 3857 pullulavit,

370 3891 497 3929 cum
527 3875 681 3946 prius
710 3873 929 3945 quidem
955 3883 1103 3929 esset
1124 3874 1269 3930 Deus
1304 3874 1566 3942 Verbum,
1602 3888 1794 3947 postea
1813 3894 1943 3933 vero

369 3967 533 4020 etiam
568 3965 739 4021 Filius
769 3964 1005 4022 hominis
1036 3966 1106 4022 sit
1128 3964 1329 4034 factus,
1363 3977 1589 4040 propter
1625 3985 1746 4026 eam
1776 3986 1940 4042 quam

370 4071 471 4129 pro
498 4057 657 4113 nobis
682 4058 1001 4127 assumpsit,
1035 4058 1521 4128 dispensationem.
1556 4060 1743 4118 Potest
1771 4064 1939 4119 etiam

369 4151 600 4201 mortem
626 4144 869 4216 ejusdem
889 4145 1198 4218 signiﬁcare
1225 4148 1387 4204 illud:
1407 4168 1426 4200 ι
1451 4148 1796 4208 Recumbens
1811 4153 1941 4207 dor-

369 4237 571 4293 mivisti
622 4243 683 4292 ut
710 4237 815 4302 leo,
874 4245 929 4292 et
969 4246 1030 4293 ut
1074 4238 1309 4304 catulus,
1344 4259 1364 4291 ι
1400 4254 1466 4296 ex
1498 4241 1733 4311 quadam
1768 4243 1941 4313 ipsius

372 4325 669 4396 Scriptum
700 4327 1118 4395 consuetudine,
1164 4343 1287 4399 quae
1325 4344 1424 4385 sua
1453 4330 1689 4401 quadam
1720 4335 1941 4404 propria

367 4419 822 4485 consideratione,
848 4419 1013 4474 etiam
1052 4419 1200 4475 mille
1232 4419 1358 4477 aliis
1403 4421 1458 4476 in
1514 4423 1650 4478 locis
1681 4432 1936 4488 mortem,

2063 1833 2373 1904 σπέρματος
2422 1833 2516 1886 καὶ
2561 1831 2717 1903 ῥίζης
2757 1831 2850 1883 τοῦ
2907 1830 3080 1884 ταῦτα
3121 1829 3637 1902 προαναφωνοῦντος

2077 1916 2269 1972 Ἰακὼϐ
2307 1917 2477 1987 ἀνέφυ
2499 1956 2515 1981 ,
2551 1917 2813 1988 πρότερον
2854 1915 2951 1986 μὲν
2987 1914 3120 1978 Θεὸς
3147 1915 3316 1984 Λόγος
3345 1914 3421 1967 ῶν
3442 1954 3457 1979 ,
3488 1913 3638 1982 γενό-

2065 2025 2223 2079 μενος
2261 2009 2317 2062 δέ
2358 2008 2607 2080 δεύτερον
2646 2009 2758 2071 υίὸς
2804 2006 3110 2079 ἀνθρώπου,
3146 2007 3211 2060 δι’
3244 2008 3311 2079 ἢν
3354 2006 3638 2072 ἀνεδέξατο

2060 2099 2200 2171 ὑπὲρ
2245 2099 2402 2170 ήμῶν
2441 2100 2769 2170 οἰκονομίαν.
2802 2100 2902 2168 Εῖη
2948 2097 2992 2151 δ’
3031 2097 3095 2151 ἂν
3136 2099 3229 2151 καὶ
3266 2096 3359 2151 τοῦ
3407 2097 3635 2152 θανάτου

2059 2192 2222 2246 αὑτοῦ
2254 2191 2547 2264 δηλωτικὸν
2570 2192 2677 2256 τὸ,‹
2702 2189 3014 2245 Ἀναπεσὼν
3051 2190 3351 2264 ἐκοιμήθης
3376 2192 3453 2256 ὡς
3478 2192 3634 2253 λέων,

2058 2284 2151 2336 καὶ
2181 2283 2256 2346 ὡς
2284 2282 2540 2354 σκύμνος,
2581 2303 2598 2333 ι
2633 2281 2693 2347 ἐξ
2730 2282 2882 2347 ἔθους
2900 2283 2999 2353 τῆς
3032 2282 3271 2353 Γραφῆς,
3295 2283 3437 2336 κατά
3472 2299 3526 2336 τι
3557 2283 3633 2335 οἰ-

2056 2370 2202 2421 κεῖον
2243 2366 2538 2439 θεώρημα,
2567 2367 2658 2420 τὸν
2689 2366 2915 2422 θάνατον
2950 2367 3044 2420 καὶ
3079 2366 3173 2418 ἐπὶ
3215 2366 3423 2437 μυρίων
3463 2364 3636 2418 ἄλλων

2054 2457 2309 2529 κοίμησιν
2348 2455 2746 2528 ἀποκαλούσης.
2776 2456 2850 2509 Τὸ
2885 2456 2963 2522 δὲ,
3013 2476 3029 2509 ι
3058 2456 3154 2520 Τίς
3180 2458 3363 2527 ἐγερεῖ
3387 2455 3586 2519 αὐτόν,
3613 2474 3629 2504 ι

2055 2541 2184 2609 περὶ
2215 2540 2316 2611 τῆς
2349 2543 2411 2593 ἐκ
2443 2540 2647 2612 νεκρῶν
2680 2541 3030 2605 ἀναστάσεως
3056 2539 3219 2595 αὐτοῦ
3250 2539 3635 2611 θαυμαστικῶς

2053 2630 2287 2702 εἴρηται.
2343 2630 2801 2702 Ἐγερθησόμενον
2849 2616 2958 2702 γὰρ
3001 2629 3161 2683 αὐτὸν
3200 2629 3384 2700 σαφῶς
3423 2624 3565 2683 οἶδεν
3604 2632 3633 2682 6

2053 2722 2276 2791 φάσκων
2294 2760 2309 2785 ,
2358 2739 2377 2772 ‹
2397 2721 2492 2785 Τίς
2509 2723 2692 2793 ἐγερεῖ
2713 2720 2906 2786 αύτόν;
2941 2740 2958 2769 ι
2996 2718 3381 2791 θαυμαστικῶς
3401 2718 3460 2772 δὲ
3510 2720 3631 2772 ἐπιι

2049 2804 2195 2872 λέγει
2242 2805 2321 2868 τὸ,
2349 2803 2440 2868 Τίς
2485 2804 2591 2875 ἄρα
2634 2805 2663 2857 ὀ
2706 2803 2860 2858 τοῦτο
2899 2804 3137 2872 ποιήσων
3182 2802 3275 2857 καὶ
3314 2803 3632 2873 ἀναστήσων

2049 2889 2231 2954 αὑτὸν,
2263 2889 2409 2959 ἡμᾶς
2437 2888 2529 2941 ἐπὶ
2562 2888 2622 2942 τὸ
2642 2888 2824 2961 ζητεῖν
2851 2887 3151 2958 διεγείρων,
3171 2888 3254 2950 τίς
3278 2884 3344 2940 ἂν
3369 2884 3456 2957 εἴη
3487 2888 3518 2938 6
3544 2884 3632 2938 τὸν

2050 2981 2253 3052 Κύριον
2283 2979 2440 3051 ἡμῶν
2472 2980 2563 3034 τὸν
2602 2982 2741 3052 ὑπὲρ
2762 2978 2918 3051 ήμῶν
2947 2978 3175 3033 θάνατον
3207 2977 3628 3048 ἀναδεξάμενον,

2052 3069 2117 3120 ἐκ
2151 3064 2360 3135 νεκρῶν
2408 3065 2746 3136 ἀναστήσων.
2808 3065 2903 3128 Τίς
2925 3063 2968 3115 δ’
2991 3063 3057 3117 ἂν
3089 3065 3175 3135 εἴη
3207 3062 3362 3127 ἄλλος
3396 3062 3431 3132 ἢ
3466 3064 3496 3115 ὁ
3521 3061 3632 3115 τῶν

2051 3148 2351 3213 ὅλων-Θεὸς
2391 3151 2484 3202 καὶ
2528 3148 2718 3220 Πατὴρ
2752 3148 2937 3213 αὐτοῦ,
2963 3141 3006 3215 ᾧ
3042 3148 3187 3219 μόνῳ
3214 3145 3501 3200 ἀναθετέον
3532 3144 3632 3217 τὴν

2048 3240 2143 3294 τοῦ
2189 3241 2438 3312 Σωτῆρος
2480 3240 2634 3311 ήμῶν
2676 3240 2991 3303 ἀνάστασιν,
3044 3238 3183 3292 κατά
3221 3236 3321 3309 τὴν
3361 3236 3632 3305 λέγουσαν

2048 3332 2290 3405 Γραφὴν,
2313 3351 2331 3383 ι
2358 3334 2497 3386 Ὃνό
2517 3331 2704 3402 Πατὴρ
2731 3332 2948 3403 ἤγειρεν
2974 3331 3037 3383 ἐκ
3063 3329 3270 3400 νεκρῶν
3292 3344 3307 3394 ;
3343 3348 3361 3379 ι
3401 3328 3552 3380 Ἀντὶ
3573 3326 3631 3380 δὲ

2047 3426 2163 3491 τοῦ,
2194 3446 2212 3479 ι
2240 3425 2484 3498 Σκύμνος
2513 3426 2723 3489 λέοντος
2766 3424 2954 3489 Ἰούδα,
3000 3426 3065 3478 ἐκ
3109 3421 3359 3494 βλαστοῦ,
3387 3420 3473 3475 υἱέ
3501 3438 3628 3492 μου,

2047 3518 2265 3590 ἀνὲὗης,
2289 3516 2576 3573 ἀναπεσὼν
2599 3517 2921 3589 ἐκοιμήθης,
2951 3536 2969 3567 ι
2997 3513 3453 3588 ἐμφαντικώτατα
3476 3517 3507 3568 6
3528 3513 3631 3584 μὲν

2059 3608 2285 3671 Ἀκύλας
2324 3608 2455 3679 φησι
2494 3624 2509 3639 ’
2535 3627 2553 3658 ι
2585 3605 2794 3672 Σκύλαξ
2820 3605 3027 3668 λέοντος
3087 3603 3287 3668 Ἰούδα,
3327 3603 3438 3658 ἀπὸ
3484 3601 3630 3656 ἀλώ-

2049 3717 2218 3764 σεως,
2251 3700 2333 3752 υίέ
2364 3716 2467 3770 μου
2488 3738 2502 3764 ,
2535 3696 2733 3768 άνέϐης
2752 3737 2766 3763 ,
2803 3696 3026 3767 κάμψας
3047 3694 3371 3765 κατεκλίθης
3394 3712 3410 3726 ν
3452 3714 3474 3747 ι
3511 3695 3545 3747 6
3569 3694 3629 3747 δέ

2046 3789 2336 3861 Σύμμαχος
2372 3805 2536 3860 φησι·
2585 3806 2604 3839 ι
2640 3787 2883 3858 Σκύμνος
2912 3786 3125 3850 λέοντος
3164 3784 3367 3850 Ἰούδα,
3414 3785 3481 3838 ἐκ
3530 3783 3630 3855 θη-

2047 3880 2375 3953 ριαλώσεως,
2405 3880 2490 3933 υἱέ,
2513 3896 2634 3951 μου,
2664 3878 2881 3949 ἀνέδης,
2902 3879 3137 3941 ὀκλάσας
3165 3877 3468 3950 ήδράσθης·
3510 3896 3531 3929 ι
3559 3877 3629 3932 δι’

2043 3969 2119 4028 ὧν
2152 3974 2336 4044 σαφῶς
2364 3973 2691 4045 παρίσταται
2722 3974 2757 4043 ἡ
2790 3973 2855 4026 ἐκ
2875 3971 3080 4043 νεκρῶν
3104 3971 3396 4034 ἀνάστασις
3415 4012 3432 4035 ,
3463 3971 3563 4024 καὶ
3595 3972 3627 4042 ή

2044 4068 2102 4134 ἐξ
2133 4066 2285 4138 ᾅδου,
2316 4066 2504 4138 ὥσπερ
2535 4065 2599 4120 ἐκ
2621 4082 2767 4129 τινος
2797 4063 3180 4137 θηριαλώςεως
3203 4105 3217 4126 ,
3246 4063 3338 4116 τοῦ

2044 4159 2200 4230 ήμῶν
2228 4159 2504 4229 ἀποφυγή.
2532 4158 2606 4211 Τὸ
2631 4157 2688 4211 δέ
2716 4156 2965 4220 ὀκλάσαι,
2993 4157 3084 4209 καὶ
3104 4155 3450 4226 ἑδρασθῆναι,
3486 4154 3626 4208 ἀλλά

2045 4251 2120 4323 μὴ
2146 4253 2493 4314 καταπεσεῖν,
2525 4248 2661 4321 ὁμοῦ
2684 4250 2775 4303 τὸν
2800 4247 3027 4302 θάνατον
3047 4247 3212 4314 ἔδειξε
3233 4245 3318 4300 διὰ
3339 4244 3434 4298 τοῦ
3458 4246 3624 4300 ὀκλά-

2044 4352 2171 4389 σαι·
2217 4334 2403 4388 καὶτὸ
2447 4334 2521 4406 μὴ
2573 4332 2912 4405 ύποσυρῆναι
2956 4330 3157 4403 ὁμοίως
3195 4331 3314 4392 ταῖς
3360 4328 3469 4381 τῶν
3510 4327 3623 4381 λοι-

2042 4427 2160 4483 πῶν
2206 4426 2505 4499 ἀνθρώπων
2552 4426 2785 4497 ψυχαῖς,
2834 4424 2920 4477 διὰ
2963 4422 3054 4476 τοῦ
3098 4420 3384 4494 ήδράσθαι.
3432 4419 3620 4474 Ταῦτα

366 4508 752 4565 dormitionem
820 4524 1186 4581 somnumque
1237 4512 1492 4582 appellat.
1541 4511 1676 4568 lllud
1726 4522 1932 4581 autem,

2054 4521 2142 4592 usu
2208 4516 2301 4575 οὖν
2359 4518 2536 4573 πάντα
2598 4516 2961 4590 προαπέκειτο
3019 4512 3094 4585 τῷ
3156 4510 3376 4585 Χριστῷ
3398 4528 3413 4542 ο
3475 4511 3617 4581 πλὴν

371 4618 395 4654 r
425 4599 560 4668 Quis
589 4599 848 4657 excitabit
900 4602 1063 4656 eum?
1102 4622 1121 4655 ι
1150 4602 1217 4657 de
1252 4603 1427 4658 reditu
1457 4604 1577 4673 ejus
1606 4620 1636 4659 a
1670 4614 1846 4662 morte
1866 4606 1936 4661 ad

365 4693 533 4749 vitam
556 4707 681 4748 cum
708 4692 1068 4749 admiratione
1095 4693 1301 4749 dictum
1327 4703 1432 4752 est.
1463 4694 1519 4750 Si
1548 4696 1768 4767 quidem
1795 4700 1941 4754 exci-

364 4785 593 4839 tandum
623 4782 691 4838 ad
722 4784 887 4839 vitam
914 4785 1065 4840 illum
1092 4786 1252 4856 plane
1280 4788 1448 4854 novit,
1475 4788 1568 4861 qui
1598 4790 1673 4844 ait
1701 4807 1713 4843 :
1747 4809 1765 4842 ι
1800 4790 1935 4858 Quis

364 4881 623 4937 excitabit
663 4881 880 4952 ipsum?
921 4900 940 4934 ι
968 4897 1094 4937 cum
1127 4883 1482 4940 admiratione
1522 4900 1656 4941 vero
1703 4887 1939 4943 interro—

365 4985 475 5044 gat,
506 4977 759 5047 quisnam
791 4975 897 5030 hoc
926 4974 1175 5032 facturus
1206 4978 1279 5032 sit
1316 4986 1479 5048 atque
1526 4978 1681 5034 illum
1717 4980 1927 5036 excita-

361 5076 541 5133 turus,
583 5076 642 5123 ut
690 5069 773 5124 sic
812 5083 916 5124 nos
944 5064 1013 5123 ad
1050 5070 1401 5139 quaerendum
1436 5071 1647 5136 invitet,
1677 5075 1931 5144 quisnam

364 5159 451 5213 hic
479 5161 575 5223 sit,
597 5160 693 5230 qui
725 5157 1015 5214 Dominum
1060 5170 1311 5216 nostrum
1339 5172 1461 5231 post
1495 5173 1804 5235 susceptam
1833 5180 1935 5236 pro

362 5252 521 5308 nobis
570 5259 803 5307 mortem
845 5266 878 5306 a
923 5259 1099 5309 morte
1130 5253 1203 5309 sit
1243 5263 1599 5312 revocaturus
1628 5257 1696 5311 ad
1742 5258 1930 5313 vitam.

362 5341 498 5407 Quis
533 5357 695 5412 porro
718 5344 808 5399 hic
838 5344 913 5400 sit
938 5344 1079 5400 alius
1110 5361 1273 5416 quam
1306 5349 1549 5404 universi
1593 5348 1738 5405 Deus
1761 5360 1824 5406 ‘et
1858 5349 1928 5404 il-

363 5433 469 5487 lius
502 5435 677 5504 ipsius
701 5434 882 5502 Pater,
917 5435 1005 5491 cui
1034 5437 1139 5492 soli
1183 5438 1478 5494 tribuenda
1510 5449 1596 5497 est
1624 5441 1928 5498 Salvatoris

360 5527 535 5581 nostri
567 5528 622 5579 in
653 5528 811 5583 vitam
851 5529 1147 5593 restitutio,
1182 5530 1326 5586 sicut
1357 5531 1639 5604 Scriptura
1669 5534 1932 5592 testiﬁca-

358 5629 469 5679 tur,
498 5632 618 5685 qua:
639 5617 735 5683 ait,
764 5638 779 5671 ι
811 5618 980 5686 Quem
1013 5620 1175 5677 Pater
1198 5622 1481 5680 suscitavit
1510 5641 1540 5681 a
1568 5627 1930 5685 mortuis“?i

428 5727 477 5758 ι’
515 5722 614 5779 Gal
669 5741 718 5792 ι,
756 5729 804 5788 1.
862 5732 883 5787 1
917 5730 1110 5787 Thess.
1144 5747 1203 5799 ι,
1237 5732 1330 5792 10.

2041 4614 2147 4678 ἕως
2197 4612 2407 4667 οὐδέπω
2470 4611 2655 4675 τέλους
2708 4608 3001 4678 ἐτύγχανε,
3056 4605 3116 4658 τὸ
3181 4602 3447 4658 Ἰουδαίων
3494 4620 3618 4655 συν-

2041 4711 2281 4781 ειστήκει
2313 4706 2462 4764 ἔθνος
2485 4748 2500 4771 ,
2536 4706 2629 4759 καί⁴
2650 4705 2697 4757 οἱ
2732 4702 2790 4768 ἐξ
2815 4700 2994 4780 αὐτῶν
3032 4700 3288 4772 ἄρχοντες
3329 4698 3426 4750 καὶ
3454 4697 3621 4767 ἡγοί-

2044 4815 2214 4869 μενοι,
2264 4797 2320 4850 οῖ
2366 4813 2426 4850 τε
2482 4792 2959 4865 ἐξακριϐαζόμενοι
3019 4788 3119 4853 τὰς
3166 4786 3320 4863 ,θείας
3378 4785 3618 4848 συνετῶς

2040 4888 2282 4963 περὶτοῦ
2321 4885 2552 4959 Χριστοῦ
2589 4882 2923 4956 προφητείας
2967 4880 3259 4952 διέπρεπον
3305 4876 3617 4939 ἐν-αύτοῖς.

2053 4984 2202 5038 Ἐπεὶ
2225 4980 2283 5034 δέ
2310 4979 2536 5052 ἐλήλυθε
2562 4979 2632 5032 τὰ
2663 4975 2998 5051 ἀποκείμενα
3024 4972 3102 5044 τῷ
3139 4970 3326 5040 Ἰούδᾳ,
3355 4967 3534 5038 ἐφάνη
3556 4984 3619 5020 τε

2041 5076 2135 5129 ἐπὶ
2169 5076 2273 5145 γῆς
2300 5076 2329 5127 6
2364 5070 2833 5145 πῳφητευόμενος
2865 5069 2945 5129 ἐκ,
2978 5064 3293 5137 σπέρματος
3342 5060 3439 5114 καὶ
3492 5058 3622 5129 βλα-

2043 5166 2167 5219 στοῦ
2193 5165 2479 5236 γενόμενος
2510 5162 2602 5215 τοῦ
2630 5159 2803 5228 ταῦτα
2820 5154 3220 5216 τεθεσπικότος,
3244 5148 3536 5222 ἀναπεσὼν
3557 5165 3618 5202 τε

2040 5257 2136 5311 καὶ
2163 5256 2466 5328 κοιμηθεὶς,
2498 5255 2532 5327 ἣ
2567 5253 2800 5316 ὀκλάσας
2832 5247 2975 5304 κατά
3002 5245 3430 5327 τὸννΣύμμαχον,
3450 5242 3619 5313 ήδρά-

2043 5349 2145 5420 σθη
2175 5351 2269 5403 καὶ
2292 5347 2586 5420 ἀνηγέρθη,
2611 5347 2711 5409 τὰς
2736 5347 2922 5417 χεῖρας
2943 5338 3106 5395 αὑτοῦ
3136 5337 3277 5392 κατά
3302 5334 3620 5390 νώτου⁹τῶν

2033 5442 2280 5513 ἀοράτων
2312 5443 2406 5495 καὶ
2438 5439 2643 5512 νοητῶν
2676 5436 2884 5510 ἐχθρῶν
2914 5429 3185 5511 ἐπιξαλών
3203 5447 3217 5459 ·
3244 5429 3298 5482 οἵ
3316 5445 3377 5482 τε
3394 5424 3621 5496 ἀδελφοὶ

2035 5534 2199 5590 αὑτοῦ
2239 5536 2334 5589 καὶ
2369 5534 2610 5606 μαθηταὶ
2642 5532 2906 5605 πρότερον
2951 5523 3297 5586 ἐπαινοῦντες
3330 5522 3491 5593 αὑτὸν
3519 5519 3622 5573 καὶ

2037 5626 2425 5700 θαυμάζοντες,
2446 5626 2572 5680 ὕστε
2582 5642 2670 5697 ρον
2692 5624 2787 5678 καὶ
2810 5622 2885 5686 ὡς
2907 5619 3038 5673 Θεὸν
3063 5615 3420 5689 ὡμολόγησαν
3448 5608 3621 5674 εἶναι.
