3908 6266
252 336 361 394 ξιθὸ

1137 334 1790 392 DEMONSTRATIONIS
1828 336 2284 394 EVANGELICIE
2325 336 2452 393 LIB.
2495 335 2630 394 VIII.

3404 344 3506 399 596

251 454 347 508 καὶ
376 451 456 515 ὡς
484 452 617 506 θεὸν
643 451 1050 524 προσεκύνησαν
1071 467 1084 480 ·
1106 449 1404 522 τηνικαῦτα
1439 452 1739 524 ἐπληροῦτο
1767 453 1834 507 τά

1938 453 2044 507 Pro
2065 455 2157 508 illo
2182 461 2384 517 autem,
2419 468 2439 506 ι
2467 452 2698 513 Catulus
2729 454 2902 511 leonis
2936 454 3099 521 Juda,
3129 456 3195 512 de
3242 458 3506 527 genuine.

252 543 593 614 ἀποκείμενα
620 542 788 613 αὐτῷ,
819 541 894 606 ὡς
924 541 1009 595 διὰ
1028 542 1184 595 τοῦτο
1200 543 1516 615 ἀνειρῆσθαι
1548 544 1627 598 τό·
1657 545 1835 607 «Ἕως

252 637 317 693 ἂν
343 637 477 710 ἔλθῃ
508 636 580 690 τά
605 637 939 707 ἀποκείμενα
987 635 1153 706 αὐτῷ.
1187 656 1205 687 ι
1227 636 1314 702 Ἐξ
1357 637 1565 690 ἐκείνου
1612 638 1722 710 γάρ
1753 655 1836 692 τοι

251 729 347 782 καὶ
380 731 462 791 είς
492 728 653 799 δεῦρο
683 730 763 792 είς
788 728 962 800 πέρας
1004 726 1267 781 ἐλθόντων
1311 728 1417 781 τῶν
1461 730 1837 801 ἀποκειμένων

254 819 424 890 αύτῷ,
441 819 808 874 διαλελοίπασι
834 818 931 890 μὲν
950 820 1000 872 oi
1028 820 1287 890 ἄρχοντες
1308 820 1401 873 καὶ
1427 822 1560 891 ήγού
1570 839 1718 892 μενοι
1743 822 1835 875 τοῦ

263 909 534 964 Ἰουδαίων
560 910 766 974 ἔθνους,
796 910 1136 981 ωτέστησάν
1168 927 1227 962 τε
1263 911 1354 964 ὲπί
1383 910 1625 981 κεφαλῆς
1654 911 1835 966 αὐτῶν

251 1001 512 1071 ἄρχοντες
539 1001 728 1064 ἐθνῶν.
754 1000 986 1073 ἔμπαλιν
1019 1001 1077 1054 δὲ
1108 1000 1175 1055 τὰ
1202 1001 1328 1074 ἔθνη
1351 1003 1441 1057 τὸν
1462 1002 1694 1074 Χριστὸν
1714 1006 1837 1057 ὲπι-

250 1096 446 1164 γνόντα
496 1093 593 1147 τοῦ
642 1093 800 1157 Θεοῦ,
834 1094 994 1148 αὑτὸν
1047 1095 1424 1167 ἐπεγράψαντο
1473 1095 1701 1168 Σωτῆρα
1746 1096 1840 1150 καί⁵

251 1187 604 1258 προσδοκίαν.
639 1186 792 1241 Μετὰ
844 1186 1016 1240 ταῦτα
1071 1188 1246 1241 πάντα
1299 1187 1641 1257 ἑπιλέγεται’
1698 1207 1717 1239 ι
1743 1193 1839 1242 Δε-

251 1280 473 1350 σμεύων
507 1279 642 1351 πρὸς
666 1279 908 1350 ἄμπελον
934 1282 1027 1333 τὸν
1057 1281 1234 1334 πῶλον
1268 1279 1455 1345 αὑτοῦ,
1486 1280 1579 1334 καὶ
1604 1282 1669 1351 τῇ
1696 1280 1838 1334 ’ἐλικι

254 1372 314 1423 τὸ
345 1370 646 1438 ὑποζύγιον
671 1372 770 1441 τῆς
796 1372 917 1424 ὄνου
948 1372 1134 1439 αὑτοῦ,
1164 1372 1354 1425 πλυνεῖ
1375 1374 1431 1424 ὲν
1453 1371 1580 1442 οἴνῳ
1602 1371 1698 1443 τὴν
1721 1389 1839 1426 στο-

249 1463 344 1532 λὴν
376 1461 569 1526 αὑτοῦ,
603 1463 697 1515 καὶ
742 1463 798 1515 ὲν
839 1462 1031 1532 αἵματι
1082 1462 1358 1531 σταφυλῆς
1397 1463 1497 1533 τὴν
1544 1461 1837 1533 περιϐολὴν

248 1553 435 1607 αὑτοῦ.
476 1555 774 1625 Χαροποιοὶ
798 1557 846 1607 οί
875 1554 1142 1624 ὀφθαλμοὶ
1185 1554 1350 1609 αὐτοῦ
1399 1554 1507 1608 ἀπὸ
1550 1555 1714 1618 οίνου,
1743 1554 1838 1607 καὶ

248 1643 435 1696 λευκοὶ
481 1644 532 1695 oi
580 1643 789 1707 ὀδόντες
846 1644 1010 1697 αὐτοῦ
1139 1645 1300 1713 γάλα.
1335 1664 1353 1696 ι
1387 1645 1725 1698 Αίνίττεσθαι
1782 1645 1838 1698 δὲ

249 1734 494 1805 ἡγοῦμαι
549 1735 637 1790 διά
685 1735 889 1789 τούτων
919 1736 1009 1791 τὸν
1044 1737 1142 1807 μὲν
1162 1736 1363 1791 ,πῶλον
1404 1736 1566 1790 αὐτὸν
1597 1737 1689 1789 τὸν
1726 1735 1836 1789 τῶν

1950 547 2020 600 ﬁli
2055 546 2148 612 mi,
2178 544 2497 611 ascendisti,
2526 545 2852 603 recumbens
2898 546 3227 613 dormivisti,
3281 567 3300 601 ι
3337 548 3508 619 signi-

1938 635 2195 691 ficantins
2225 634 2419 705 Aquila
2467 637 2737 691 convertit
2770 654 2784 691 :
2828 654 2847 688 ι
2883 636 3109 693 Catulus
3144 637 3318 693 leonis
3344 636 3507 703 Juda,

1936 728 2005 783 de
2033 734 2287 797 captura,
2320 725 2391 781 fili
2422 726 2518 791 mi,
2547 728 2865 792 ascendisti,
2893 743 3018 782 cum
3041 726 3286 785 ﬂexisses
3314 728 3509 784 cubui-

1939 822 2041 885 sti;
2081 840 2099 872 ι
2131 819 2493 891 Symmachus
2523 828 2725 882 autem.
2771 838 2789 871 ι
2822 818 3071 885 Catulus,
3111 820 3308 891 inquit,
3337 818 3510 876 leonis

1941 910 2101 975 Juda,
2129 912 2196 966 de
2230 910 2465 966 ferarum
2498 919 2747 981 captura,
2773 910 2847 964 fili
2870 912 2964 973 mi,
3008 911 3325 978 ascendisti,
3361 912 3513 981 geni-

1940 1003 2044 1059 bus
2074 1003 2227 1059 ﬂexis
2258 1002 2613 1059 confirmatus
2644 1018 2740 1068 es;
2781 1022 2798 1055 ι
2842 1017 2906 1058 ex
2948 1004 3147 1072 quibus
3182 1003 3360 1057 verbis
3391 1002 3508 1072 pla-

1940 1094 2168 1149 nissime
2200 1102 2425 1165 apparet
2458 1095 2576 1165 ipsa
2603 1093 2672 1148 de
2701 1101 2877 1149 morte
2906 1093 2973 1148 ad
3011 1094 3179 1148 vitam
3210 1093 3508 1160 restitutio,

1936 1196 1991 1245 et
2028 1191 2098 1244 ab
2125 1190 2317 1246 inferis
2348 1191 2513 1246 veluti
2543 1204 2573 1243 a
2601 1190 2841 1260 quadam
2878 1187 3112 1244 ferarum
3144 1196 3369 1259 captura
3396 1186 3510 1243 Sal-

1939 1282 2148 1337 vatoris
2199 1282 2372 1337 nostri
2416 1282 2621 1338 evasio.
2653 1282 2810 1349 Quod
2855 1296 2986 1337 vero
3029 1281 3180 1336 illum
3226 1281 3424 1337 dixerit
3454 1290 3508 1337 et

1940 1386 2118 1441 genua
2151 1371 2366 1428 ﬂexisse
2405 1383 2459 1429 et
2492 1374 2875 1428 confirmatum
2905 1387 3045 1439 esse,
3077 1388 3184 1427 non
3209 1379 3388 1427 autem
3419 1387 3512 1428 ce—

1938 1465 2161 1528 cidisse,
2195 1464 2250 1518 in
2288 1479 2353 1519 eo
2383 1465 2600 1534 quidem
2629 1464 2771 1534 quod
2799 1477 2975 1534 genua
3014 1462 3242 1525 ﬂexerit,
3281 1472 3509 1517 mortem

1938 1558 2157 1612 interim
2184 1556 2613 1625 demonstravit;
2641 1556 2785 1627 quod
2825 1564 3003 1609 autem
3031 1554 3103 1609 sit
3131 1554 3510 1617 confirmatus,

1941 1664 2050 1702 non
2092 1653 2367 1717 raptatnm
2410 1661 2533 1701 esse
2566 1661 2718 1701 more
2753 1644 2984 1699 aliarum
3015 1643 3343 1698 animarum.
3384 1642 3511 1698 Haec

1941 1741 2103 1811 igitur
2131 1739 2315 1794 omnia
2350 1738 2569 1793 Christo
2596 1736 2747 1809 prius
2776 1736 3016 1806 reposita
3049 1741 3228 1799 erant,
3262 1750 3384 1804 quae
3434 1743 3514 1788 ta-

248 1826 569 1881 ἀποστόλων
598 1829 691 1882 καὶ
727 1827 982 1901 μαθητῶν
1023 1828 1116 1883 τοῦ
1151 1829 1404 1900 Σωτῆρος
1444 1827 1601 1899 ήμῶν
1639 1828 1831 1899 χορόν’

1942 1848 2063 1887 men
2089 1831 2350 1902 quamdiu
2374 1830 2535 1884 linem
2561 1844 2719 1885 suum
2738 1835 3031 1884 consecuta
3054 1843 3164 1881 non
3195 1833 3344 1891 sunt,
3369 1834 3511 1880 tam-

247 1919 344 1990 τὴν
378 1918 440 1972 δὲ
489 1920 731 1990 ἄμπελον
759 1922 817 1975 ὲν
905 1922 995 1975 τὸν
1025 1922 1203 1976 πῶλον
1249 1922 1571 1993 προσέδησε,
1603 1922 1700 1993 τὴν
1749 1920 1836 1976 ἒν-

249 2007 371 2061 θεον
421 2009 519 2061 καί
556 2009 787 2081 ἀόρατον
816 2011 981 2065 αὑτοῦ
1003 2012 1250 2083 δύναμιν,
1278 2013 1344 2084 ἣν
1376 2013 1538 2075 αὐτὸς
1570 2011 1838 2084 παριστὰς

249 2098 523 2165 ἐδίδασκε,
553 2101 726 2169 λέγων
746 2119 759 2131 ·
784 2121 802 2154 ε
827 2102 968 2172 Ἐγώ
1011 2106 1126 2175 είμι
1159 2106 1192 2176 ἡ
1225 2105 1467 2175 ἄμπελος
1508 2108 1540 2176 ἡ
1586 2102 1835 2175 ἀληθινὴ,

247 2196 276 2245 ό
298 2193 499 2265 Πατήρ
536 2212 636 2265 μου
663 2198 692 2249 ό
724 2198 968 2267 γεωργός
999 2198 1169 2250 ἐστιν.
1201 2197 1384 2265 »Ἔλιξ
1416 2198 1472 2251 δὲ
1517 2198 1618 2268 τῆς
1661 2197 1840 2269 ἀμπέ-

249 2284 341 2338 λου
383 2288 486 2357 τῆς
533 2288 885 2359 ἀποδοθείσης
916 2291 999 2361 εἴη
1032 2289 1098 2343 ἂν
1125 2292 1157 2361 ἡ
1183 2290 1275 2343 τοῦ
1308 2290 1442 2343 Θεοῦ
1476 2290 1648 2358 Λόγου
1693 2289 1836 2343 διδα-

252 2378 471 2441 σκαλία,
502 2380 563 2433 ἐν
688 2381 781 2435 τὸν
830 2383 1010 2436 πῶλον
1056 2384 1155 2453 τῆς
1196 2382 1317 2435 ὄνου
1366 2382 1716 2454 κατεδήσατο,
1746 2382 1838 2435 τὸν

247 2470 369 2523 νέον
402 2469 463 2535 ἐξ
493 2471 664 2525 ἐθνῶν
692 2473 838 2535 λαὸν.
860 2476 1103 2546 γέννημα
1123 2473 1458 2544 τυγχάνοντα
1478 2474 1585 2528 τῶν
1611 2474 1839 2528 ἀποστό-

248 2561 360 2615 λων
401 2563 590 2617 αύτοῦ.
626 2565 783 2619 Εἴποι
811 2566 858 2620 δ’
887 2566 953 2621 ἀν
977 2584 1062 2630 τις
1094 2568 1189 2620 καὶ
1214 2566 1349 2638 πρὸς
1385 2564 1530 2630 λέξιν
1554 2565 1725 2619 ταῦτα
1751 2565 1840 2618 τέ-

249 2654 376 2720 λους
417 2659 797 2728 τετυχηκέναι,
827 2660 915 2712 ὅτε
972 2658 1113 2712 κατὰ
1160 2660 1252 2713 τὸν
1308 2658 1587 2713 Ματθαίον
1632 2654 1783 2712 εἶπεν
1809 2660 1839 2712 6

249 2747 461 2819 Κύριος
490 2753 606 2813 τοῖς
643 2752 837 2804 ἑαυτοῦ
878 2752 1179 2824 μαθηταίς’
1229 2771 1248 2803 ι
1282 2750 1586 2824 Πορεύεσθε
1630 2752 1710 2815 είς
1739 2749 1838 2821 τὴν

251 2841 542 2895 κατέναντι
570 2844 601 2896 ὑ
610 2842 724 2913 μῶν
748 2842 961 2916 κώμην,
989 2846 1083 2898 καὶ
1108 2844 1309 2907 εὐθέως
1332 2845 1593 2916 εὑρήσετε
1612 2844 1731 2897 ὄνον
1752 2842 1839 2895 δε-

249 2931 509 3003 δεμένην,
543 2936 639 2988 καὶ
686 2934 863 2990 πῶλον
916 2938 1034 3007 μετ’
1057 2936 1226 3007 αὐτῆς
1246 2954 1260 2967 ο
1298 2936 1557 2999 λύσαντες
1604 2934 1839 3004 ἀγάγετέ

254 3042 368 3096 μοι.
402 3046 424 3079 ι
461 3028 574 3080 Καὶ
606 3027 722 3082 ἐστι
746 3045 810 3097 γε
830 3028 1045 3101 ἀληθῶς
1064 3028 1141 3100 τῷ
1160 3030 1302 3100 λόγῳ
1324 3030 1689 3100 ἐπιστήσαντα
1707 3028 1841 3081 ἀπο-

250 3118 535 3191 θαυμάσαι
586 3121 686 3192 τὴν
730 3120 823 3174 τοῦ
866 3124 1145 3194 προφήτου
1198 3123 1523 3195 πρόρρησιν,
1576 3119 1656 3191 τῷ
1711 3120 1839 3192 θείῳ

251 3209 533 3282 Πνεύματι
565 3213 1090 3284 προτεθεωρηκότος,
1131 3215 1212 3267 ὅτι
1257 3215 1319 3284 δὴ
1366 3213 1619 3285 μελλήσει
1648 3216 1676 3268 ό
1709 3230 1841 3285 προ-

254 3304 644 3374 φητευόμενος,
673 3306 771 3374 οὐχ
802 3300 891 3358 οἶά
922 3323 1004 3369 τις
1033 3305 1272 3371 ἐπίδοξος
1312 3309 1370 3359 ἐν
1403 3304 1710 3379 ἀνθρώποις
1745 3305 1840 3375 βα-

254 3394 457 3458 σιλεὺς,
491 3394 577 3463 ἐφ’
606 3396 865 3467 ἁρμάτων
896 3398 988 3449 καὶ
1016 3397 1197 3451 ἵππων
1226 3397 1545 3469 ὀχήσεσθαι,
1581 3396 1715 3450 ἀλλὰ
1749 3398 1841 3450 ἐπὶ

252 3485 374 3539 ὄνου
404 3487 503 3541 καὶ
530 3487 730 3553 πώλου,
762 3484 851 3543 οἷά
877 3507 959 3553 τις
989 3490 1099 3543 τῶν
1129 3489 1337 3543 πολλῶν
1367 3490 1543 3554 κοινὸς
1581 3490 1721 3560 ἀνὴρ
1746 3490 1840 3544 καὶ

254 3578 445 3649 πένης.
476 3579 648 3632 Τοῦτο
692 3580 802 3651 γὰρ
840 3582 933 3634 καὶ
985 3580 1143 3644 ἀλλος
1191 3581 1484 3653 προφητῶν
1535 3581 1836 3652 ἐθαύμασε,

254 3671 463 3740 φήσας·
502 3690 521 3722 ι
551 3672 723 3742 Χαῖρε
761 3673 982 3741 σφόδρα,
1025 3672 1262 3744 θύγατερ
1289 3671 1449 3736 Σιὼν,
1485 3673 1593 3726 ίδοὺ
1622 3673 1652 3724 ό
1686 3672 1838 3742 βασι-

255 3756 376 3822 λεύς
417 3774 512 3811 σου
554 3757 771 3830 ἔρχεταί
799 3777 880 3814 σοι
912 3763 1110 3833 πρᾶος,
1135 3761 1480 3831 ἐπιϐεϐηκὼς
1513 3764 1605 3815 ἐπὶ
1638 3762 1839 3826 ὑποζύ-

257 3867 372 3918 γιον
418 3852 514 3904 καὶ¹
562 3852 741 3906 πῶλον
770 3855 911 3908 νέον.
943 3874 960 3906 ι
1000 3855 1073 3908 Τὸ
1111 3855 1189 3920 δὲ,
1229 3872 1247 3905 ι
1280 3854 1477 3908 Πλυνεί
1505 3856 1562 3909 ὲν
1584 3853 1713 3924 οἴνῳ
1738 3855 1837 3924 τὴν

259 3944 446 4016 στολὴν
472 3944 658 4010 αὐτοῦ,
675 3946 789 4001 ’καὶ
826 3948 884 3999 ὲν
913 3946 1103 4017 αἵματι
1126 3948 1402 4018 σταφυλῆς
1423 3947 1520 4018 τὴν
1546 3947 1838 4019 περιϐολὴν

259 4037 442 4104 αὐτοῦ,
473 4058 492 4089 ι
534 4039 727 4107 σκέψαι
761 4040 856 4093 καὶ
881 4039 1041 4103 αὐτὸς
1076 4042 1286 4111 μήποτε
1320 4040 1396 4104 ὡς
1424 4041 1481 4093 ὲν
1505 4042 1839 4113 ἀπορρήτοις

258 4130 316 4183 τὸ
350 4132 612 4201 μυστικὸν
641 4130 936 4185 αἰνίττεται
966 4131 1139 4195 πάθος
1169 4131 1355 4198 αὑτοῦ,
1386 4135 1443 4185 ὲν
1462 4124 1507 4199 ᾧ
1526 4132 1622 4203 τὴν
1649 4132 1839 4203 στολὴν

259 4223 422 4276 αὑτοῦ
461 4224 557 4276 καὶ
600 4224 662 4276 τὸ
707 4223 1053 4294 περιϐόλαιον
1094 4223 1368 4277 ἀπέπλυνε
1411 4223 1639 4295 λουτρῷ,
1671 4224 1739 4278 δι’
1776 4219 1838 4279 οὗ

257 4314 360 4368 τῶν
389 4316 471 4378 είς
507 4315 669 4368 αὐτὸν
702 4315 1143 4369 πεπιστευκότων
1178 4316 1508 4371 ἀποπλύνειν
1536 4316 1605 4370 τὰ
1632 4317 1837 4371 παλαιά

260 4409 400 4481 ρύπη
424 4410 699 4480 δηλοῦται.
729 4410 827 4463 Διὰ
850 4410 959 4482 γὰρ
986 4408 1080 4462 τοῦ
1104 4408 1269 4473 οἴνου,
1291 4410 1427 4481 ὅπερ
1451 4405 1519 4480 ῆν
1544 4409 1638 4462 τοῦ
1674 4410 1839 4481 αἵμα-

1939 1925 2031 1980 diu
2055 1924 2285 1979 Judaica
2316 1940 2449 1994 gens
2483 1924 2652 1987 stetit,
2677 1920 3101 1991 Judaeorumque
3136 1919 3411 1991 principes
3446 1933 3511 1973 ac

1938 2019 2127 2077 duces.
2152 2017 2521 2088 exquisitique
2542 2031 2606 2070 ac
2630 2017 2905 2085 sapientes
2928 2012 3238 2067 divinorum
3266 2011 3331 2067 de
3352 2010 3513 2069 Chri-

1938 2121 2023 2165 sto
2058 2110 2409 2165 oraculorum
2455 2109 2784 2178 interpretes
2824 2105 2968 2178 apud
3006 2106 3157 2175 ipsos
3189 2102 3509 2158 ﬂoruerunt.

1936 2201 2101 2272 379
2120 2199 2415 2270 Postquam
2445 2208 2626 2254 autem
2663 2207 2932 2254 venerunt
2961 2211 3082 2266 qua:
3106 2194 3206 2266 ipsi
3228 2191 3381 2249 Iuda:
3426 2207 3512 2246 re-

1938 2296 2112 2365 posita
2142 2300 2322 2357 erant,
2358 2300 2471 2346 tum
2512 2292 2560 2347 is
2594 2292 2647 2346 in
2688 2296 2953 2350 terra.est
2982 2289 3156 2351 visus.
3188 2287 3281 2357 qui
3312 2302 3344 2340 a
3387 2299 3514 2355 pro-

1938 2388 2116 2459 phetis
2161 2386 2342 2442 dictus
2389 2394 2506 2440 erat
2545 2385 2612 2441 de
2662 2383 2871 2440 semine
2921 2396 2985 2436 ac
3030 2382 3201 2451 stirpe
3245 2379 3386 2449 ejus,
3417 2377 3515 2447 qui

1936 2480 2053 2533 lucc
2093 2477 2432 2533 divinaverat
2470 2476 2736 2538 oriturus,
2781 2472 3219 2541 recumbensque
3257 2484 3322 2523 ac
3360 2468 3511 2537 sopi-

1939 2579 2047 2634 tus,
2082 2570 2186 2635 vel,
2221 2576 2282 2625 ut
2309 2569 2386 2623 ait
2414 2567 2799 2640 Symmachus,
2833 2584 2852 2618 ι
2886 2564 3115 2635 genibus
3140 2562 3294 2618 ﬂexis
3326 2581 3346 2614 ι
3384 2575 3515 2614 con-

1940 2668 2188 2719 firmatus
2226 2673 2311 2719 est
2344 2672 2396 2718 et
2425 2663 2684 2725 surrexit,
2717 2660 2973 2715 manibus
3007 2659 3060 2713 in
3082 2667 3296 2727 tergum
3324 2652 3515 2709 invisi-

1939 2758 2127 2813 bilinm
2160 2765 2322 2827 atque
2351 2754 2773 2825 intelligib‘ilium
2804 2752 3045 2808 hostium
3079 2748 3318 2819 injectis,
3362 2746 3514 2816 ejus-

1939 2865 2044 2921 que
2075 2848 2273 2904 fratres
2299 2863 2362 2902 ac
2392 2845 2645 2916 discipuli
2670 2851 2829 2898 antea
2860 2842 3011 2897 illum
3037 2840 3321 2895 laudantes
3349 2845 3514 2907 atque

1941 2940 2296 3004 admirantes,
2351 2945 2476 3009 post
2502 2937 2594 2991 ubi
2658 2934 2830 2990 Deum
2877 2948 3000 2989 esse
3047 2930 3287 2986 confessi
3347 2937 3513 2991 sunt,

1940 3034 2104 3089 etiam
2158 3041 2216 3085 ut
2264 3030 2434 3085 Deum
2485 3029 2869 3088 adoraverunt,
2910 3032 3024 3078 tum
3074 3037 3202 3078 vero
3251 3020 3342 3075 illa
3393 3019 3513 3088 ipsa

1944 3127 2212 3196 completa
2243 3130 2391 3187 sunt,
2443 3135 2566 3191 quae
2603 3119 2708 3189 ipsi
2761 3116 3001 3187 reposita
3053 3123 3229 3177 erant,
3286 3122 3345 3166 ut
3384 3125 3516 3182 pro-

1942 3228 2058 3288 pter
2085 3218 2187 3272 hoc
2218 3215 2350 3270 illud
2389 3213 2662 3269 redditum
2693 3210 2764 3268 sit
2797 3208 3117 3265 oraculum:
3151 3226 3169 3259 ι
3201 3206 3383 3261 Donec
3429 3220 3513 3260 ve-

1938 3311 2094 3363 niant
2122 3322 2244 3379 quae
2276 3305 2516 3376 reposita
2562 3310 2690 3359 sunt
2736 3300 2861 3372 ipsi.
2899 3317 2919 3352 ι
2952 3297 3090 3352 Cum
3135 3296 3279 3351 enim
3320 3310 3385 3351 ex
3418 3294 3512 3350 illo

1940 3403 2008 3457 ad
2046 3402 2193 3456 hunc
2234 3413 2411 3470 usque
2442 3396 2609 3460 diem,
2652 3409 2717 3449 ea
2760 3408 2880 3463 quae
2904 3391 3008 3461 ipsi
3050 3387 3292 3457 reposita
3331 3396 3510 3449 erant,

1938 3494 2008 3550 ad
2049 3494 2208 3548 ﬁnem
2242 3486 2612 3562 pervenerint,
2644 3485 2960 3540 defecerunt
2987 3480 3205 3551 quidem
3234 3477 3511 3549 principes

1938 3601 2003 3641 ac
2046 3584 2215 3639 duces
2241 3580 2576 3642 Judreorum,
2611 3578 2801 3645 eisque
2852 3588 3019 3644 supra
3060 3578 3225 3641 caput
3267 3569 3507 3641 gentium

1938 3676 2215 3748 principes
2247 3672 2499 3729 collocati
2552 3676 2702 3725 sunt.
2746 3665 2790 3719 E
2821 3664 3100 3719 contrario
3143 3669 3327 3717 autem
3378 3663 3510 3731 ipsa:

1938 3779 2130 3841 gentes
2156 3767 2248 3822 ubi
2282 3765 2559 3823 Christum
2596 3762 2687 3817 Dei
2732 3765 3090 3830 agnoverunt,
3120 3756 3274 3810 illum
3309 3752 3416 3809 sibi
3451 3761 3510 3808 et

1940 3860 2275 3915 Salvatorem
2318 3864 2374 3913 et
2422 3855 2890 3926 exspectationem
2932 3849 3328 3920 ascripserunt.
3380 3843 3513 3901 Post

1938 3955 2054 4009 haec
2100 3951 2285 4007 omnia
2330 3948 2465 4005 illud
2518 3947 2877 4017 adjungitnr:
2917 3962 2936 3994 ι
2967 3942 3167 4014 Ligans
3218 3939 3288 3995 ad
3343 3940 3510 3995 vitem

1938 4046 2144 4116 pullum
2176 4057 2358 4106 suum,
2388 4048 2442 4097 et
2478 4041 2546 4095 ad
2590 4039 2905 4109 capreolum
2937 4037 3063 4092 vitis
3103 4034 3308 4102 pullum
3342 4033 3509 4089 asina:

1938 4149 2071 4197 suae,
2109 4131 2311 4186 lavabit
2343 4131 2397 4185 in
2437 4129 2566 4184 vino
2600 4129 2797 4184 stolam
2849 4140 3027 4190 suam,
3058 4133 3113 4180 et
3147 4124 3204 4177 in
3246 4121 3511 4192 sanguine

1939 4241 2057 4281 uvae
2100 4224 2323 4295 pallium
2358 4238 2540 4286 suum,
2590 4222 2817 4290 gratiosi
2848 4218 2993 4274 oculi
3025 4216 3148 4286 ejus
3190 4230 3221 4268 a
3263 4214 3415 4278 vino,
3456 4218 3511 4266 et

1940 4321 2049 4375 albi
2078 4320 2269 4375 dentes
2299 4317 2422 4387 ejus
2451 4326 2511 4371 ut
2536 4314 2709 4370 lac".
2741 4333 2760 4367 ι
2793 4316 2853 4367 In
2882 4313 2968 4368 his
2994 4320 3175 4366 autem
3209 4305 3510 4379 significari

1940 4412 2176 4467 arbitror
2232 4425 2329 4480 per
2376 4408 2587 4479 pullum
2631 4404 2870 4476 quidem,
2920 4404 3098 4473 ipsum
3140 4399 3509 4471 apostolorum

255 4517 343 4567 ’.ος
372 4502 541 4557 αὑτοῦ
582 4501 866 4573 σύμϐολον,
905 4502 1031 4566 τοὺς
1070 4503 1148 4565 είς
1174 4502 1267 4555 τὸν
1293 4502 1516 4555 θάνατον
1544 4502 1709 4556 αὑτοῦ
1742 4502 1834 4574 βα·

1939 4519 2003 4557 ac
2036 4502 2434 4573 discipulorum
2474 4496 2775 4552 Salvatoris
2804 4494 2984 4548 nostri
3018 4492 3271 4553 chorum,
3305 4502 3401 4558 per
3425 4485 3509 4541 vi-

257 4594 630 4665 πτιζομένους,
663 4595 759 4648 καὶ
801 4594 895 4647 ἐπὶ
937 4594 998 4647 τὸ
1030 4588 1170 4664 αἷμα
1212 4594 1375 4648 αὑτοῦ
1404 4595 1836 4660 πεπιστευκότας

255 4686 357 4739 τῶν
402 4686 572 4739 πάλαι
619 4685 803 4740 κακῶν
851 4685 1235 4757 ἀποκαθαίρει,
1279 4685 1604 4740 ἀποπλύνων
1658 4686 1835 4741 αὐτῶν

257 4778 348 4831 καὶ
383 4780 722 4850 ἀποσμήχων
754 4776 852 4849 τὴν
881 4777 1121 4832 παλαιὰν
1174 4776 1352 4830 αὐτῶν
1406 4779 1597 4850 στολὴν
1631 4781 1726 4833 καὶ
1772 4778 1835 4831 τὸ

260 4870 599 4943 περιϐόλαιον
621 4888 636 4901 ο
672 4869 813 4923 ὥστε
852 4870 1050 4933 αὐτοὺς
1082 4870 1159 4941 τῷ
1186 4870 1353 4939 τιμίῳ
1378 4870 1568 4941 αἵματι
1613 4872 1713 4941 τῆς
1748 4873 1833 4924 ἐν·

257 4962 373 5018 θέου
400 4965 497 5018 καὶ
529 4963 905 5034 πνευματικῆς
939 4962 1230 5034 σταφυλῆς,
1261 4964 1339 5035 τῷ
1374 4981 1435 5017 τε
1465 4967 1530 5017 ὲκ
1557 4965 1654 5035 τῆς
1699 4964 1835 5016 ἀπο-

256 5054 493 5126 δοθείσης
526 5056 769 5126 ἀμπέλου
814 5055 943 5126 οἴνῳ
988 5054 1422 5126 λελυτρωμένους
1461 5053 1832 5108 ἀποδύσασθαι

261 5146 350 5215 μὲν
380 5148 473 5202 τὸν
503 5148 734 5201 παλαιὸν
764 5146 1045 5218 ἄνθρωπον
1074 5147 1168 5200 σὺν
1194 5149 1314 5210 ταῖς
1355 5146 1617 5218 πράξεσιν
1645 5144 1829 5211 αὐτοῦ,

259 5238 573 5293 ἐνδύσασθαι
605 5239 663 5292 δὲ
694 5239 786 5292 τὸν
819 5239 958 5303 νέον,
991 5239 1081 5292 τὸν
1113 5238 1569 5309 ἀνακαινούμενον
1609 5240 1688 5302 εἰς
1714 5238 1833 5291 ὲπί-

257 5345 449 5394 γνωσιν
491 5331 613 5383 κατ’
642 5330 829 5385 εἰκόνα
873 5328 968 5383 τοῦ
1016 5330 1318 5395 κτίσαντος.
1346 5332 1453 5384 Καὶ
1484 5331 1565 5395 τὸ,
1607 5349 1625 5382 ι
1657 5332 1834 5402 Χαρο-

257 5422 390 5474 ποιοὶ
427 5420 592 5475 αὐτοῦ
623 5423 673 5474 οἱ
706 5421 969 5492 ὀφθαλμοὶ
996 5422 1103 5476 ἀπὸ
1127 5420 1269 5475 οἴνου
1290 5462 1307 5485 ,
1347 5441 1367 5473 ι
1408 5421 1607 5486 καὶτὸ,
1643 5442 1661 5473 ι
1694 5425 1831 5476 Λευ-

256 5513 335 5564 κοὶ
362 5513 408 5563 οἱ
439 5512 653 5574 ὀδόντες
689 5511 853 5565 αὐτοῦ
881 5512 914 5583 ᾖ
946 5512 1108 5581 γάλα,
1139 5532 1158 5564 ›
1191 5512 1351 5566 πάλιν
1385 5514 1710 5586 ἀπορῤήτως
1732 5514 1834 5584 τῆς

259 5601 452 5675 Καινῆς
497 5602 595 5657 τοῦ
639 5601 891 5674 Σωτῆρος
934 5602 1091 5674 ήμῶν
1129 5601 1398 5676 Διαθήκης
1446 5603 1515 5658 τά
1566 5607 1838 5678 μυστήρια

321 5783 365 5814 ’³
396 5782 511 5840 Gen
580 5798 744 5851 χιιι,
783 5781 868 5848 Η,
908 5782 992 5837 12.
1069 5781 1121 5815 ⁸⁸
1152 5781 1308 5840 Joan.
1347 5800 1435 5851 xv,
1474 5782 1525 5840 1.

1900 4608 1907 4615 ·
1939 4603 2049 4650 tem
2089 4600 2268 4648 autem
2297 4592 2366 4647 ad
2410 4606 2571 4661 quam
2601 4589 2783 4660 pullus
2813 4593 2898 4641 est
2931 4584 3208 4655 alligatus,
3268 4578 3510 4633 divinam

1939 4685 2383 4755 invisibilemque
2415 4682 2535 4751 ejus
2563 4682 2694 4744 vim,
2729 4693 2893 4750 quam
2934 4676 3051 4746 ipse
3080 4672 3210 4727 dum
3252 4668 3512 4726 ostende-

1936 4790 2040 4844 ret,
2085 4777 2316 4833 docebat
2361 4776 2445 4831 his
2488 4774 2710 4828 verbis:
2742 4790 2761 4823 ‹
2800 4768 2914 4841 Ego
2955 4782 3075 4823 sum
3123 4765 3247 4820 vitis
3279 4776 3427 4824 vera,
3455 4765 3511 4815 et

1936 4869 2099 4925 Pater
2146 4884 2301 4923 meus
2342 4865 2581 4937 agricola
2608 4862 2782 4931 est“.
2815 4881 2833 4913 ι
2878 4859 3135 4929 Ejusdem
3177 4869 3340 4927 porro
3384 4851 3512 4908 vitis

1939 4961 2225 5033 capreolus
2265 4959 2357 5012 Dei
2382 4956 2543 5012 Verbi
2577 4954 2827 5009 doctrina
2876 4951 3061 5014 fuerit,
3091 4948 3158 5003 ad
3197 4962 3357 5018 quem
3392 4945 3514 5015 pul-

1938 5054 2051 5108 lum
2085 5053 2251 5110 asinae
2282 5067 2395 5107 sute
2423 5050 2687 5119 alligavit,
2724 5045 2819 5118 qui
2847 5043 3065 5117 quidem
3098 5042 3278 5113 pullus
3311 5051 3511 5093 novum

1938 5145 2005 5201 de
2055 5144 2307 5217 gentibus
2352 5142 2631 5213 populum,
2663 5140 2821 5210 quasi
2862 5136 3167 5208 genituram
3216 5127 3510 5201 quamdam

1939 5239 2309 5310 apostolorum
2356 5235 2496 5305 cjus,
2542 5241 2596 5287 et
2621 5232 2829 5304 prolem
2872 5225 3277 5299 significaverit.
3309 5221 3513 5275 Possu-
3596 5268 3601 5271 ι

1938 5346 2062 5386 mus
2102 5331 2230 5384 item
2280 5330 2364 5381 vcl
2408 5328 2475 5381 ad
2516 5326 2745 5381 verbum
2780 5324 2961 5379 dicere
2994 5320 3109 5374 haec
3154 5331 3314 5373 suum
3351 5313 3511 5368 finem

1938 5420 2256 5487 contigisse,
2303 5433 2413 5489 quo
2450 5425 2715 5488 tempore,
2740 5422 2801 5470 ut
2847 5412 2991 5483 apud
3023 5410 3332 5465 Matthaenm
3381 5400 3514 5472 legio

1943 5520 2051 5577 tur,
2071 5512 2333 5567 Dominus
2350 5511 2487 5565 dixit
2509 5512 2576 5564 ad
2607 5524 2737 5565 suos
2754 5504 3053 5575 discipulos
3074 5519 3090 5554 :
3113 5519 3131 5552 ι
3154 5497 3297 5555 ltein
3322 5491 3516 5551 castel-

1942 5606 2055 5662 lum
2097 5605 2243 5678 quod
2275 5606 2465 5660 contra
2498 5617 2595 5659 vos
2624 5610 2732 5667 est,
2773 5606 2826 5655 et
2857 5596 3054 5654 statim
3071 5590 3361 5650 invenietis
3404 5585 3515 5640 asio
