3908 6266
380 309 486 372 595

1010 310 1282 369 EUSEBII
1321 299 1802 368 CESARIENSIS
1840 299 1989 356 OPP.
2030 293 2209 353 PARS
2242 292 2307 349 11.
2347 325 2416 335 -
2442 288 2938 349 APOLOGETICA.

3496 283 3594 340 596

379 442 507 487 nam
544 428 817 500 alligatam
847 439 901 484 et
934 429 1140 500 pullum
1173 445 1298 484 cum
1330 444 1415 493 ea,
1448 424 1641 482 solvite
1681 431 1736 477 et
1769 418 1940 474 addu-

2042 412 2276 486 ἡγοῦμαι
2309 408 2598 481 περιέχειν.
2617 406 2725 477 Τὴν
2753 402 2881 473 γοῦν
2904 394 3236 470 εὐφροσύνην
3254 395 3353 468 τὴν
3378 395 3487 451 ἀπὸ
3504 397 3594 451 τοῦ

383 517 488 574 cite
522 519 654 573 mihi
673 519 741 574 ".
778 539 796 572 ι
837 517 902 571 Ει
931 533 1064 574 sane
1098 520 1142 575 si
1173 521 1297 590 quis
1335 519 1503 574 verba
1534 515 1821 584 diligenter
1857 516 1936 562 at-

383 609 636 677 tendenit,
682 610 815 681 quin
856 609 1134 681 prophetae
1175 608 1579 682 praedictionem
1619 602 1933 663 admiretur,

383 698 561 755 facere
589 714 698 754 non
728 700 950 770 poterit,
976 701 1071 771 qui
1099 700 1284 757 divino
1309 700 1516 771 Spiritu
1552 694 1762 749 amatus
1786 697 1939 744 tanto

381 796 507 846 ante
542 792 875 861 cognoverit,
921 806 1046 847 eum
1097 792 1165 847 de
1211 807 1319 862 quo
1359 792 1475 862 ipse
1519 783 1937 847 vaticinabatur,

381 895 492 937 non
537 890 598 936 ut
627 882 864 953 aliquem
907 883 1176 941 illustrem
1218 883 1361 954 apud
1392 881 1641 937 homines
1670 889 1849 945 regem
1884 872 1939 925 in

381 974 635 1029 curribus
662 979 716 1031 et
743 974 899 1045 equis
940 990 1064 1031 esse
1100 974 1424 1038 vehendum,
1459 970 1554 1028 sed
1600 982 1762 1038 super
1787 967 1940 1020 asina

381 1072 439 1120 et
470 1065 619 1135 pullo
642 1065 942 1131 sedentem,
969 1066 1127 1135 quasi
1158 1081 1324 1121 unum
1362 1065 1429 1120 de
1461 1062 1646 1117 multis
1675 1068 1729 1114 et
1756 1056 1941 1125 vulga-

382 1172 495 1211 rem
544 1156 832 1227 quemdam
886 1157 1156 1213 hominem
1209 1166 1370 1227 atque
1416 1155 1651 1224 inopem.
1702 1149 1941 1218 ldipsum

382 1247 526 1302 alius
573 1263 792 1318 quoque
846 1250 1113 1320 propheta
1165 1256 1251 1305 est
1307 1247 1634 1309 admiratus,
1684 1241 1777 1296 ubi
1827 1239 1938 1293 ait:

381 1336 587 1408 380¢
617 1337 803 1395 Gaude
853 1341 1237 1406 vehementer,
1300 1340 1409 1395 ﬁlia
1459 1337 1627 1403 Sion,
1670 1348 1799 1391 ecce
1846 1346 1943 1386 rex

381 1434 512 1485 tuus
557 1431 702 1485 venit
732 1431 828 1486 tibi
870 1441 1209 1495 mansuetus,
1262 1432 1456 1489 sedens
1505 1445 1668 1500 super
1696 1427 1943 1496 jumenlo

382 1528 438 1576 ει
461 1522 609 1592 pullo
639 1524 985 1581 adolescente
1003 1526 1071 1580 ".
1109 1545 1128 1577 ι
1163 1523 1299 1578 Illud
1340 1530 1544 1587 autem,
1585 1539 1603 1570 ι
1634 1514 1862 1572 Lavahit
1889 1511 1946 1564 in

381 1611 510 1667 vino
568 1615 762 1669 stolam
814 1631 991 1680 suam,
1035 1626 1090 1673 et
1134 1618 1189 1672 in
1252 1614 1517 1687 sanguine
1562 1625 1680 1667 uvae
1723 1605 1945 1679 pallium

2040 502 2298 577 μυστικοῦ
2329 502 2492 565 οἴνου,
2521 492 2582 553 οῦ
2626 495 2999 567 παραδέδωκεν
3044 488 3204 553 αὐτὸς
3249 491 3363 552 τοῖς
3406 487 3591 543 ἑαυτοῦ

2043 594 2330 667 μαθηταῖς,
2360 591 2552 661 λέγων,
2586 609 2604 641 ι
2633 587 2859 653 Λάϐετε,
2900 582 3240 648 πίετε,τοῦτό
3268 600 3369 653 μου
3391 583 3509 635 ὲστι
3539 580 3595 634 τὸ

2037 685 2195 759 αἷμα,
2222 686 2283 740 τὸ
2328 686 2469 757 ὑπὲρ
2500 682 2651 754 ὑμῶν
2684 683 3059 752 ὲκχυνόμενον,
3093 679 3173 740 εἰς
3202 677 3393 746 ἄφεσιν
3424 675 3599 746 ἁμαρ-

2037 778 2188 832 τιῶν.
2215 775 2385 831 Τοῦτο
2413 777 2614 831 ποιεῖτε
2642 774 2721 835 εἰς
2749 770 2847 841 τὴν
2880 769 3018 839 ἐμὴν
3049 766 3366 837 ἀνάμνησιν,
3402 782 3422 816 ι
3460 762 3601 816 δοκεῖ

2042 887 2131 941 μοι
2164 867 2444 940 σημαίνειν
2474 866 2553 931 τὸ,
2592 884 2611 917 ι
2633 862 2925 935 Χαροποιοὶ
2946 862 2993 913 οἱ
3021 857 3285 929 ὀφθαλμοὶ
3308 854 3471 910 αὐτοῦ
3494 855 3601 909 ἀπὸ

2039 962 2181 1016 οἴνου
2198 979 2214 992 ·
2244 979 2263 1012 ι
2295 960 2389 1014 καὶ
2416 959 2497 1022 τὸ,
2531 956 2758 1010 «Λευκοὶ
2781 956 2828 1008 οί
2847 954 3053 1015 ὀδόντες
3076 949 3239 1005 αὑτοῦ
3256 949 3467 1021 ᾖγάΑα,
3496 965 3515 998 ι
3540 947 3602 1000 τὸ

2040 1055 2287 1127 λαμπρὸν
2316 1054 2409 1106 καὶ
2438 1050 2675 1122 καθαρὸν
2706 1048 2804 1119 τῆς
2827 1042 3227 1118 μυστηριώδους
3252 1040 3478 1113 τροφῆς.
3493 1040 3605 1093 na.

2040 1149 2124 1203 λιν
2153 1148 2260 1220 γὰρ
2287 1146 2447 1208 αὐτὸς
2474 1144 2542 1198 τὰ
2572 1141 2814 1213 σύμϐολα
2842 1140 2940 1211 τῆς
2959 1137 3143 1191 ἐνθέου
3168 1134 3473 1204 οἰκονομίας
3496 1134 3604 1196 τοῖς

2043 1239 2207 1295 αὑτοῦ
2242 1236 2524 1310 παρεδίδου
2560 1233 2845 1306 μαθηταῖς,
2878 1230 2977 1301 τὴν
3015 1227 3199 1281 εἰκόνα
3230 1224 3322 1277 τοῦ
3355 1223 3484 1277 ἰδίου
3508 1222 3606 1275 σώ-

2047 1348 2214 1402 ματος
2239 1326 2507 1382 ποιεῖσθαι
2562 1322 3084 1396 παρακελευόμενος.
3103 1316 3318 1387 Ἐπειδὴ
3350 1313 3458 1385 γὰρ
3490 1313 3606 1366 οὐκ·

2044 1421 2124 1472 ἐτι
2155 1418 2253 1482 τὰς
2280 1417 2344 1471 δι’
2374 1416 2618 1487 αἱμάτων
2650 1412 2859 1476 Θυσίας,
2879 1409 3001 1463 οὐδὲ
3041 1406 3137 1471 τὰς
3169 1405 3318 1476 παρὰ
3342 1405 3528 1458 Μωσεῖ
3551 1404 3606 1456 ὲν

2043 1510 2311 1581 διαφόρων
2346 1507 2502 1573 ζώων
2534 1506 2769 1574 σφαγαῖς
2811 1497 3303 1572 νενομοθετημένας
3337 1494 3604 1567 προσίετο,

2045 1605 2192 1677 ἄρτῳ
2215 1604 2271 1657 δὲ
2296 1601 2530 1674 χρῆσθαι
2559 1598 2810 1670 συμϐόλῳ
2831 1594 2927 1647 τοῦ
2956 1593 3084 1647 ἰδίου
3114 1589 3362 1661 σώματος
3394 1584 3609 1657 παρεδί-

384 1718 564 1771 suum,
600 1724 619 1757 ι
642 1705 785 1770 vide,
829 1722 1033 1777 quasso,
1064 1717 1121 1761 tu
1153 1721 1388 1777 quoque,
1432 1718 1501 1758 ne
1528 1700 1767 1772 quando.
1802 1702 1862 1749 ιιι
1891 1691 1940 1745 ίη

2047 1676 2158 1761 δου,
2191 1694 2416 1756 εἰκότως
2452 1691 2512 1744 τὸ
2556 1687 2802 1761 λαμπρὸν
2836 1687 2930 1739 καὶ
2978 1682 3214 1755 καθαρὸν
3256 1679 3472 1777 ᾐνίξατο
3513 1676 3610 1747 τῆς

384 1795 620 1858 arcanis,
669 1796 953 1868 mysticam
1002 1798 1150 1854 illius
1190 1796 1499 1867 passionem
1548 1789 1835 1862 signiﬁcet,
1884 1784 1940 1840 in

2042 1788 2264 1858 τροφῆς,
2295 1784 2462 1838 εἰπών
2480 1800 2494 1812 ·
2515 1802 2533 1833 ι
2564 1783 2671 1834 Καὶ
2684 1780 2865 1833 λευκοὶ
2879 1780 2927 1831 οἱ
2955 1777 3161 1838 ὀδόντες
3189 1764 3399 1843 αὐτοῦῇ
3416 1768 3572 1838 γάλα.
3586 1787 3605 1818 ι

383 1901 489 1956 qua
514 1888 706 1943 stolam
737 1906 891 1946 suam
916 1900 971 1947 et
1003 1891 1375 1947 indumentum
1400 1888 1652 1952 abluerit,
1685 1892 1941 1952 tanquam

384 1978 439 2032 in
468 1980 687 2036 lavacro
719 2001 733 2037 :
767 1983 859 2037 ubi
890 1999 1021 2039 sane
1050 1998 1259 2048 eorum,
1289 1982 1381 2054 qui
1410 1982 1463 2034 in
1493 1981 1670 2050 ipsum
1698 1972 1944 2030 credide-

385 2070 517 2133 rint,
571 2071 763 2127 sordes
787 2074 1038 2144 antiquas
1086 2073 1323 2129 abluisse
1362 2071 1688 2127 declaratur.
1725 2064 1828 2120 Per
1863 2063 1945 2116 vi-

384 2174 515 2215 num
545 2163 711 2228 enim,
737 2180 857 2237 quae
887 2166 1170 2236 sanguinis
1201 2165 1347 2220 illius
1370 2170 1498 2217 nota
1529 2170 1631 2224 est,
1656 2175 1751 2215 eos
1770 2157 1861 2228 qui
1886 2155 1942 2209 in

385 2258 561 2308 morte
615 2253 762 2312 illius
811 2256 1192 2327 haptizeatur,
1254 2256 1457 2326 quique
1509 2254 1566 2308 in
1618 2250 1940 2320 sanguinem

383 2340 629 2411 ejusdem
664 2346 909 2412 credant,
943 2362 973 2399 a
1018 2347 1299 2403 veteribus
1337 2346 1491 2401 malis
1535 2348 1821 2414 expurgat,
1857 2348 1944 2394 ut-

2014 1879 2243 1932 ’Τούτου
2290 1878 2384 1930 καὶ
2437 1875 2592 1938 ἄλλος
2642 1872 3010 1942 ἐμνημόνευσε
3053 1866 3335 1938 προφήτης
3349 1904 3364 1928 υ
3415 1863 3609 1932 (Mm?

2053 1989 2070 2021 ι
2091 1970 2289 2022 Θυσίαν
2322 1966 2417 2020 καὶ
2448 1962 2762 2037 προσφορὰν
2794 1963 2895 2015 οὐκ
2925 1958 3203 2027 ὲθέλησας,
3227 1955 3384 2025 σῶμα
3406 1952 3460 2005 δὲ
3482 1969 3613 2004 κατ-ι

2043 2058 2253 2130 ηρτίσω
2287 2073 2394 2127 μοι.
2432 2074 2449 2105 ι
2470 2052 2631 2106 Ἀλλὰ
2678 2049 2871 2114 ταῦτα,
2938 2046 3178 2108 πλείονος
3229 2042 3456 2115 βασάνου
3504 2040 3617 2093 δεόη

2052 2167 2207 2221 μενα,
2230 2148 2324 2203 καὶ
2364 2146 2705 2218 μακροτέρας
2730 2140 3042 2215 ἑρμηνείας,
3083 2137 3177 2190 ἐπὶ
3210 2134 3404 2206 σχολῆς
3435 2134 3499 2189 ἄν
3535 2149 3618 2194 τις

2055 2239 2376 2312 βασανίσειε,
2393 2237 2487 2291 τοῦ
2515 2236 2777 2308 παρόντος
2799 2232 2987 2305 καιροῦ
3009 2227 3243 2283 τοσαῦτα
3266 2228 3437 2280 εἰπεῖν
3461 2225 3620 2282 ἅπαις

2046 2334 2326 2404 τήσαντος,
2356 2333 2435 2394 εἰς
2453 2330 2513 2384 τὸ
2530 2328 2872 2400 παραστῆσαι
2894 2323 3029 2396 μετὰ
3054 2320 3160 2375 τῶν
3190 2317 3361 2373 ἄλλων
3384 2317 3478 2371 καὶ
3493 2316 3618 2379 τοὺς

384 2440 510 2501 pote
536 2434 629 2504 qui
665 2436 851 2491 abluat
878 2447 931 2492 et
960 2438 1236 2510 abstergat
1273 2438 1555 2508 antiquam
1607 2408 1797 2490 eorum
1831 2440 1940 2488 sto-

2049 2426 2271 2498 χρόνους
2312 2425 2412 2495 τῆς
2460 2422 2552 2476 τοῦ
2598 2421 2846 2492 Σωτῆρος
2895 2416 3050 2488 ήμῶν
3079 2412 3379 2485 παρουσίας
3417 2408 3620 2463 ἄνωθεν

383 2522 492 2577 lam
543 2532 597 2582 et
647 2527 891 2596 pallium.
944 2500 1423 2600 ltaquevpretioso-
1441 2526 1706 2596 sanguine
1751 2523 1940 2577 divinat

2052 2519 2157 2573 ὑπὸ
2198 2517 2306 2572 τῶν
2354 2516 2627 2589 πρόπαλαι
2658 2511 2950 2586 προφητῶν
2979 2506 3373 2580 ἐγνωσμένους,
3407 2504 3475 2574 τῇ
3503 2500 3622 2573 θείᾳ

384 2614 533 2671 illius
555 2624 610 2670 et
637 2617 706 2673 de
732 2619 930 2689 spiritu
965 2630 1104 2675 natae
1133 2635 1271 2686 uvae,
1300 2619 1528 2689 ejusque
1558 2617 1685 2671 vitis
1717 2616 1866 2678 vino,
1885 2614 1940 2671 dt

2056 2612 2239 2682 σαφῶς
2268 2609 2658 2683 παραδεδόσθαι
2687 2608 2897 2679 Γραφῇ.

384 2723 491 2777 qua
526 2709 730 2766 dictum
775 2723 859 2769 est
897 2730 1084 2784 supra,
1148 2714 1432 2784 redempti,
1480 2720 1715 2768 veterem
1784 2708 1999 2780 quidem
2072 2708 2343 2763 hominem
2391 2721 2516 2760 cum
2558 2703 2677 2773 ejus
2724 2697 3031 2755 actionibus
3079 2700 3365 2759 exuerunt,
3418 2703 3620 2746 novum

384 2808 563 2856 autem
592 2810 646 2857 et
669 2804 735 2858 ad
761 2805 1125 2875 cognitionem
1187 2778 1487 2861 secundum
1518 2778 1819 2874 imaginem
1867 2801 2008 2870 ejus,
2050 2801 2143 2871 qui
2201 2798 2424 2863 creavit,
2493 2797 2891 2855 instauratum,
2948 2787 3262 2843 induerunt.
3313 2784 3381 2839 At
3445 2778 3621 2837 illud.

391 2910 409 2941 ι
434 2889 670 2948 Gratiosi
697 2897 845 2950 oculi
882 2898 1003 2967 ejus
1046 2913 1076 2952 a
1110 2899 1257 2965 vino,
1292 2917 1310 2948 ι
1346 2905 1400 2952 et
1428 2898 1582 2960 illud,
1615 2915 1634 2948 ι
1664 2897 1784 2951 Albi
1850 2895 2040 2950 dentes
2104 2892 2224 2962 ejus
2254 2900 2312 2946 ut
2369 2893 2474 2955 lac,
2513 2909 2531 2941 ι
2563 2904 2758 2944 rursus
2787 2893 3043 2953 tanquam
3095 2881 3149 2935 in
3184 2878 3398 2933 arcanis
3445 2875 3623 2946 posita

385 2984 520 3040 Novi
552 2985 888 3045 Testamenti
916 2993 1176 3063 mysteria
1234 2991 1697 3063 comprehendere
1755 2989 2023 3053 arbitror,
2066 2986 2305 3041 laetitiam
2357 2983 2611 3039 videlicet
2658 2979 2873 3051 mystici
2933 2976 3080 3029 illius
3131 2971 3261 3037 vini,
3310 2968 3459 3040 quod
3509 2968 3628 3022 suis

387 3080 507 3146 ipse
538 3077 824 3150 discipulis
859 3060 1102 3153 porrexit
1134 3060 1402 3149 Salvator,
1440 3098 1563 3138 cum
1591 3082 1727 3137 dixit
1783 3100 1796 3135 :
1860 3099 1878 3130 ι
1932 3078 2196 3148 Accipite,
2241 3075 2428 3142 bibite,
2501 3074 2591 3129 hic
2620 3078 2704 3126 est
2753 3084 2906 3124 iueus
2944 3064 3186 3133 sanguis,
3218 3061 3311 3130 qui
3342 3075 3442 3131 pro
3469 3060 3628 3115 vobis

389 3169 635 3228 funditur
688 3177 745 3228 in
811 3177 1186 3233 remissionem
1228 3185 1594 3249 peccatorum.
1624 3174 1739 3229 Hoc
1780 3175 1942 3231 facite
1980 3176 2034 3230 in
2077 3190 2249 3230 meam
2311 3165 2878 3228 commemorationem
2914 3161 2979 3214 ⁵⁷.
3021 3178 3039 3210 ι
3106 3155 3380 3227 Siquidem
3441 3152 3580 3206 illud
3612 3190 3627 3215 ,

390 3282 412 3316 ι
448 3262 686 3321 Gratiosi
714 3263 859 3322 hculi
887 3268 1006 3338 ejus
1040 3284 1071 3323 a
1103 3245 1252 3333 vino,
1284 3289 1301 3322 ι
1339 3277 1393 3324 et
1427 3288 1445 3321 ι
1473 3268 1594 3323 Albi
1634 3269 1823 3323 dentes
1873 3268 1993 3336 ejus
2028 3277 2087 3321 nt
2152 3268 2258 3331 lac,
2289 3284 2308 3318 ι
2352 3260 2720 3333 splendorem,
2765 3254 3167 3326 puritatemque
3207 3245 3425 3318 mystici
3476 3245 3631 3299 illius

390 3358 631 3414 alimenti
659 3361 788 3415 mihi
852 3361 1158 3432 signiﬁcare
1217 3361 1450 3418 videtur.
1477 3360 1688 3416 Rursus
1708 3362 1850 3416 enim
1915 3361 2031 3430 ipse
2069 3356 2493 3429 dispensationis
2539 3351 2737 3406 divinae
2782 3355 2940 3401 notas
2977 3343 3092 3398 suis
3137 3338 3419 3408 discipulis
3458 3336 3633 3391 tradi-

388 3453 488 3519 (ιιι,
516 3452 644 3508 dum
679 3455 949 3521 hortatur,
973 3463 1034 3509 ut
1057 3456 1141 3511 sui
1176 3456 1348 3526 ipsius
1396 3457 1643 3526 corporis
1675 3455 1962 3526 imaginem
2001 3458 2409 3523 repraasentent.
2437 3452 2572 3501 Cum
2611 3444 2756 3499 enim
2820 3454 2928 3494 non
2993 3434 3235 3504 amplius,
3274 3437 3503 3486 cruenta
3534 3442 3631 3482 sa-

387 3544 614 3609 criﬁcia,
648 3563 823 3617 neque
878 3564 942 3604 ea
983 3565 1103 3620 quae
1135 3548 1278 3618 apud
1318 3548 1520 3603 Mosam
1565 3548 1619 3602 in
1659 3550 1794 3620 lege,
1839 3548 2179 3606 diversorum
2213 3545 2525 3603 animaii'um
2563 3532 2985 3596 mactationibus
3020 3527 3228 3582 saneita
3256 3530 3432 3585 erant.
3469 3529 3626 3591 graia

385 3641 532 3690 esset
580 3637 889 3702 habiturus,
935 3640 1030 3696 sed
1078 3648 1137 3695 ut
1186 3655 1324 3710 pane
1373 3641 1458 3695 sui
1507 3615 1757 3711 corporis
1807 3651 1936 3697 nota
1976 3628 2277 3705 uterentur,
2319 3639 2690 3697 instituturus,
2724 3632 2918 3686 merito
2959 3621 3230 3696 Propheta
3273 3615 3623 3691 splendorem

388 3741 463 3805 ac;
478 3729 769 3797 puritatem
798 3733 944 3788 illius
973 3733 1215 3789 alimenti
1248 3732 1598 3802 signiﬁcavit,
1623 3749 1748 3788 cum
1780 3736 1917 3789 dixit
1974 3755 1988 3790 :
2035 3756 2052 3785 ι
2083 3734 2150 3791 Et
2176 3733 2286 3789 albi
2335 3732 2527 3787 dentes
2561 3727 2681 3796 ejus
2705 3730 2764 3778 ut
2792 3723 2894 3777 lac.
2927 3738 2946 3772 ι
2976 3717 3126 3772 lianc
3176 3729 3290 3770 rem
3321 3712 3461 3766 alius
3485 3725 3628 3780 quo-

388 3834 497 3891 que
550 3824 810 3893 propheta
856 3832 1243 3880 commemorat
1288 3824 1373 3878 his
1421 3825 1601 3881 verbis
1634 3845 1647 3880 :
1686 3844 1705 3877 ι
1755 3823 2095 3881 Sacriﬁcium
2156 3836 2210 3881 et
2274 3822 2601 3880 oblationem
2647 3813 2890 3875 noluisti,
2958 3824 3157 3880 corpus
3196 3814 3375 3860 autem
3442 3802 3627 3874 perfe-

389 3918 516 3971 cisti
587 3915 720 3969 mihi
743 3915 811 3968 ³⁸.
844 3935 863 3967 ›
899 3914 1185 3979 Caeterum,
1253 3916 1368 3970 haec
1432 3931 1555 3970 cum
1624 3916 1831 3986 majore
1897 3917 2239 3987 indagatione
2292 3925 2346 3970 et
2406 3911 2649 3982 longiore
2708 3903 2942 3976 quadam
2984 3897 3427 3968 interpretatione
3477 3893 3627 3948 indi.

348 4012 572 4080 'geant,
618 4006 734 4077 'per
781 4008 949 4062 otium
994 4009 1264 4078 quispiam
1311 3995 1625 4079 diligentius
1690 4010 2053 4079 exploraverit
2121 4029 2133 4062 :
2200 4004 2643 4077 quandoquidem
2702 3999 2806 4054 hoc
2861 4004 3073 4064 tempus
3123 3993 3298 4063 plura-
3333 3987 3441 4044 diei
3508 4004 3625 4043 non

393 4100 654 4170 postulat,
705 4107 761 4152 ut
791 4099 948 4168 plane
983 4098 1141 4169 381
1173 4108 1452 4169 appareat,
1505 4116 1613 4154 una
1683 4114 1807 4154 cum
1846 4101 1989 4163 aliis,
2031 4107 2274 4168 tempora
2309 4110 2526 4167 quoque
2557 4088 2853 4146 Salvatoris
2910 4085 3080 4140 nostri
3119 4082 3381 4137 adventus
3406 4093 3437 4133 a
3475 4079 3627 4149 prio-

393 4191 546 4249 ribus
575 4188 857 4259 prophetis
897 4188 1196 4256 antiquitus
1226 4189 1462 4257 cognita,
1493 4188 1692 4242 divinae
1721 4188 1996 4243 evidenter
2015 4187 2390 4244 commendata
2417 4199 2540 4239 esse
2573 4181 2887 4249 Scripturae.

392 4306 435 4365 Α
472 4302 706 4384 Βαιιὶείε.
732 4331 801 4341 —-
820 4299 1411 4384 Quemadmodzmipost
1434 4317 1692 4355 annorum
1721 4301 1940 4368 spatium

2065 4299 2200 4383 Ἆπρ
2233 4297 2338 4352 τοῦ
2367 4295 2608 4384 Δαγέιέλ.
2638 4324 2707 4384 ῖς
2745 4288 3008 4384 Ὠςὲμεξὰ
3038 4287 3257 4384 χρόζον
3272 4282 3415 4337 ἐτῶν
3457 4281 3628 4370 H.560-

464 4373 781 4454 septieilurx
821 4354 937 4454 quae
968 4386 1174 4454 ειςηιιιια
1211 4354 1430 4454 επὶὲίιιιι·
1471 4387 1605 4454 cnxc
1647 4354 1940 4435 ann'urum,

2119 4369 2396 4439 μήκοντα
2438 4354 2795 4454 ἑϐδομάδωζ,
2814 4354 2876 4413 ’ίῖ
2892 4354 3243 4454 γίζεταιηὲτη
3271 4354 3629 4454 τετρακόσια

2136 4441 2146 4454 ς
2320 4437 2332 4454 1
2462 4453 2469 4454 ,
2512 4453 2517 4454 ,
2592 4433 2692 4454 ,Λᾶ
2787 4445 2985 4454 -._._..-.
3042 4428 3114 4454 Α..
3155 4425 3365 4454 ,χλι-ιρι..-
3450 4435 3627 4454 ..νημαι-γ

463 4423 855 4525 ινιῖηιῑσίιιίὶειιιῖς
885 4440 1180 4525 horninist
1214 4423 1275 4525 s‘é
1312 4423 1603 4525 videndum
1624 4423 1940 4510 prwbuerit;

2119 4423 2544 4525 ἓκιςὶρενήκοντα,
2572 4423 2985 4525 ’τοῦἿΧρέσξοῦ
3038 4425 3365 4504 ἀνθρώποις
3412 4423 3629 4525 amica";

463 4492 763 4580 mimi";
784 4492 898 4579 φης
925 4492 1078 4582 apud
1115 4492 1940 4582 sagacissimi',"a";,’.;.sa

2122 4492 2368 4582 κέντοςῖἱ
2402 4508 2461 4558 αἱ
2503 4492 2661 4582 παρὰ
2688 4492 2991 4582 Ἰοὺδαίοςς
3021 4494 3366 4582 προφητεῖαι
3389 4532 3404 4557 ,
3439 4492 3539 4547 καὶ
3588 4494 3626 4560 ἡ

465 4564 619 4663 laute/1
659 4564 807 4663 apud,
836 4564 1043 4663 eosdem
1079 4580 1306 4662 celebre,
1359 4564 1833 4662 clarmnque'erat'
1858 4598 1940 4635 sa-

2126 4564 2754 4663 εξιζέᾳίδιαπρέπὶρυίζα
2785 4570 2854 4663 er
2885 4566 3089 4663 αὐτοῖς
3122 4564 3411 4663 ἱερωσύνη
3443 4579 3627 4663 ξερτα-

469 4631 791 4733 ςεισίίοιὶιέιιι,
824 4648 1160 4733 άὶδεοίιςιῗιιίν,
1191 4661 1240 4733 ει
1397 4631 1827 4726 quidem:

2126 4631 2493 4733 ,μυθήςεζαιξ
2516 4645 2627 4733 καὶὴ
2652 4638 2821 4733 ai;th
2843 4633 3433 4733 yéyqagtauvaﬁog
3447 4631 3631 4716 δίκην

451 4723 673 4790 jusdam
704 4701 875 4801 ins’tar
906 4701 1160 4801 assiduis'
1177 4701 1543 4801 οὸεἰίίξοιῖἰὺιιέ
1790 4701 1940 4789 .

2127 4701 2498 4801 ἐσςαηέλήλοίέ
2513 4701 3630 4801 “94‘28???f§.§§939ff§?3333£527”

461 4771 676 4875 ἒςςιετυηι
708 4798 884 4870 autem
913 4790 1150 4858 ipsorum
1179 4771 1749 4859 ὶέιὶφιιὶὴἷέάὲιίέῆιᾱίιί
1780 4771 1940 4845 ibiibi

466 4873 658 4916 tionem
688 4867 940 4928 patietur.

2127 4771 2323 4842 αὐτῶν
2340 4771 2499 4857 ἱερὸῦ
2522 4782 2635 4850 τὴν
2661 4771 2926 4849 ἔσχάτῄν
2948 4775 3197 4845 ἐρημίαν
3215 4771 3517 4842 ὑπομενεῖ.

465 4993 485 5027 ι
513 4973 578 5029 Et
606 4987 731 5028 cum
747 4970 1194 5040 adhucloquerer
1220 4976 1274 5024 et
1302 4985 1513 5027 orarem
1546 4977 1599 5026 et
1614 4969 1940 5034 enuntiarem

2135 4992 2153 5023 ι
2187 4973 2296 5025 Καὶ
2333 4969 2414 5022 ἔτι
2456 4984 2554 5038 μου
2582 4963 2887 5026 λαλοῦντος,
2923 4962 3017 5015 καὶ
3038 4958 3499 5032 προσευχομένου,
3531 4957 3627 5010 καὶ

384 5076 768 5145 peccatamea
788 5103 804 5128 ,
833 5069 887 5126 et
912 5069 1133 5133 peccata
1162 5063 1347 5133 populi
1380 5062 1485 5117 mel
1516 5062 1680 5118 Israel
1699 5102 1714 5126 ,
1746 5070 1800 5117 et
1830 5077 1940 5133 pro-

2060 5062 2469 5135 ἐξαγορεύοντος
2503 5058 2600 5121 τὰς
2641 5055 2913 5127 ἁμαρτίας
2947 5070 3068 5123 μου,
3105 5050 3320 5114 καὶτὰς
3349 5049 3626 5122 ἁμαρτίας

390 5139 674 5211 i'underem
718 5139 1246 5209 commiserationem
1286 5167 1461 5207 meam
1501 5167 1683 5207 coram
1724 5151 1940 5207 Domint

2058 5154 2149 5208 τοῦ
2212 5152 2340 5207 λαοῦ
2392 5168 2491 5222 μου
2531 5146 2763 5219 Ἰσραὴλ,
2806 5145 2899 5199 καὶ
2960 5142 3274 5216 ῥιπτοῦντος
3340 5140 3433 5194 τὸν
3480 5139 3627 5192 ἔλεόν

350 5250 365 5257 ”
390 5245 503 5306 Deo
525 5259 648 5300 meo
679 5259 776 5315 pro
806 5252 988 5311 monte
1017 5251 1207 5301 sancto
1236 5242 1334 5298 Dei
1366 5244 1469 5299 mei
1493 5285 1508 5309 ,
1538 5254 1593 5301 et
1619 5259 1742 5316 cum
1773 5243 1940 5298 adhuc

2063 5256 2163 5316 μου
2195 5243 2372 5298 ἔναντι
2406 5240 2608 5312 Κυρίου
2636 5238 2729 5292 τοῦ
2761 5236 2894 5290 Θεοῦ
2926 5252 3046 5307 μου,
3088 5235 3182 5288 ἐπὶ
3224 5233 3317 5301 τοῦ
3344 5232 3507 5304 ὅρους
3532 5229 3627 5285 τοῦ

391 5332 644 5409 loquerer
668 5337 723 5390 in
752 5336 998 5391 oratione
1016 5375 1032 5401 ,
1060 5351 1188 5403 ecce
1216 5336 1299 5391 vir
1324 5334 1578 5401 Gabriel,
1605 5352 1767 5407 quem
1799 5336 1940 5391 vidc-

2061 5336 2216 5405 ἁγίου
2271 5334 2364 5387 τοῦ
2418 5331 2551 5386 Θεοῦ
2604 5347 2726 5400 μου,
2771 5329 2865 5384 καὶ
2900 5328 2978 5380 ἔτι
3013 5343 3113 5397 μου
3157 5323 3443 5388 λαλοῦντος
3476 5325 3533 5376 ὲν
3557 5324 3625 5394 τῇ

389 5443 511 5494 ram
541 5432 595 5485 in
629 5427 841 5483 visione
872 5428 940 5488 ab
973 5428 1128 5483 initio
1149 5468 1164 5493 ,
1192 5427 1383 5485 volans
1412 5430 1589 5500 tetigit
1620 5445 1708 5485 me
1736 5430 1940 5485 circite!

2062 5428 2357 5498 προσευχῇ,
2386 5424 2481 5478 καὶ
2539 5421 2644 5474 ἰδοὺ
2670 5422 2698 5472 ό
2736 5418 2873 5490 ἀνὴρ
2903 5417 3161 5489 Γαϐριὴλ,
3206 5415 3264 5469 ὃν
3308 5410 3448 5469 εἶδον
3477 5416 3535 5468 ὲν
3557 5414 3625 5485 τῇ

393 5519 586 5585 horam
618 5521 870 5579 sacriﬁcii
899 5520 1229 5590 vespertini,
1266 5528 1321 5576 et
1349 5522 1533 5576 docuit
1567 5537 1652 5577 me
1673 5561 1688 5588 ,
1717 5529 1770 5577 et
1806 5521 1940 5580 locu‘

2065 5519 2230 5590 ἀρχῇ,
2262 5516 2573 5587 πετόμενος,
2606 5513 2699 5581 καὶ
2739 5510 2915 5582 ἣψατό
2958 5526 3058 5581 μου
3101 5507 3231 5564 ὡσεί
3262 5505 3412 5585 ὥραν
3438 5502 3622 5572 θυσίας

462 5714 509 5758 ³³
542 5710 731 5774 Matth.
765 5728 885 5777 xxi.
923 5714 980 5776 2.
1055 5715 1100 5748 "
1130 5715 1361 5775 Zachar.
1401 5733 1453 5772 ix
1478 5758 1494 5785 ,
1529 5717 1582 5772 9.
1657 5718 1700 5750 ⁵⁷
1742 5713 1873 5773 Luc.
1910 5729 1937 5771 κ

2080 5710 2161 5780 i9,
2194 5711 2283 5769 20.
2362 5713 2404 5743 ³⁸
2441 5708 2585 5769 Psal.
2622 5718 2808 5775 xxxii;
2837 5706 2888 5767 Ἰ,
