3908 6266
279 340 385 398 597

1161 312 1811 376 DEMONSTRATIONIS
1858 305 2314 364 EVANGELICIE
2337 302 2464 359 LIB.
2505 300 2638 356 VIII.

3407 287 3512 344 598

279 448 594 524 ἑσπερινῆς,
644 447 738 502 καὶ
773 440 1015 498 συνέτισέ
1046 457 1135 510 με,
1164 437 1260 491 καὶ
1287 433 1513 505 ὲλάλησε
1556 432 1669 503 μετ’
1697 427 1851 500 ἐμοῦ,
1883 462 1892 486 λ

1982 440 2047 480 us
2084 430 2169 478 est
2206 435 2455 485 mecum,
2493 426 2547 473 et
2587 412 2722 470 dixit
2754 430 2767 466 :
2809 407 3032 473 Daniel,
3074 420 3221 461 nunc
3258 416 3513 475 egressus

2152 519 2163 524 Α
2237 509 2275 524 κ·
2461 508 2554 524 λοι*
2600 501 3010 524 ruma—un-..“
3046 514 3059 524 .
3092 495 3159 524 ..ις
3198 493 3353 524 anim.
3392 506 3513 524 mm.

280 547 374 603 καὶ
400 521 522 597 εἷπε
541 558 555 571 ·
576 537 792 609 Δανιὴλ,
816 534 908 589 νῦν
938 530 1155 603 ἐξῆλθον
1169 525 1500 599 συμϐιϐάσαι
1517 540 1578 576 σε
1602 521 1815 575 σύνεσιν
1834 533 1847 550 °

281 641 340 694 ἐν
369 636 516 707 ἀρχῇ
553 632 656 702 τῆς
691 608 926 699 δεήσεως
970 641 1063 677 σου
1112 620 1331 693 ἐξῆλθεν
1359 619 1387 671 ὁ
1418 617 1592 686 λόγος,
1627 613 1721 667 καὶ
1743 608 1853 679 ἐγὼ

275 700 805 800 ἦλθον-ἀναγγεῖλαί
834 735 938 780 σοι,
974 717 1056 769 ὅτι
1082 714 1219 785 ἀνὴρ
1249 707 1549 779 ἐπιθυμιῶν
1576 708 1639 759 σὺ
1666 700 1736 768 εἷ,
1761 703 1855 756 καὶ

277 796 566 890 έννοήθητι
605 816 663 867 ὲν
708 811 785 882 τῷ
830 812 1052 881 ῥήματι,
1083 808 1177 860 καὶ
1212 804 1370 867 σύνες
1403 802 1458 853 ὲν
1493 802 1556 869 τῇ
1596 796 1851 865 ὀπτασίᾳ,

275 888 525 983 ὅτι
557 904 860 979 ἐπιθυμιῶν
909 900 960 957 εἴ
1011 902 1095 955 σύ.
1140 898 1537 968 Ἐϐδομήκοντα
1565 888 1854 960 ὲὸδομάδες

280 982 705 1075 συνετμήθησαν
770 998 862 1053 ἐπὶ
901 997 990 1049 τὸν
1027 994 1153 1049 λαόν
1189 1009 1303 1053 σου,
1336 988 1430 1043 καὶ
1458 986 1550 1039 ἐπὶ
1575 984 1674 1055 τὴν
1702 982 1855 1037 πόλιν

277 1100 382 1168 τὴν
443 1096 628 1165 ἁγίαν,
682 1090 777 1146 τοῦ
820 1085 1232 1155 συντελεσθῆναι
1283 1080 1576 1152 ἁμαρτίαν,
1630 1083 1723 1129 καί
1762 1074 1855 1129 τοῦ

279 1167 588 1262 σῴραγίσαι
615 1182 909 1257 ἁμαρτίας,
928 1180 1022 1233 καὶ
1044 1178 1138 1231 τοῦ
1168 1174 1465 1244 ἀπαλεῖψαι
1485 1171 1584 1234 τάς
1607 1167 1855 1239 ἀνομίας,

405 1281 503 1335 τοῦ
546 1274 893 1344 ἐξιλάσασθαι
937 1271 1168 1331 ἀδικίας,
1217 1269 1311 1322 καὶ
1339 1267 1565 1336 ἀγαγεῖν
1586 1260 1858 1316 δικαιοσύ-

282 1391 387 1445 νην
436 1371 675 1432 αίώνιον,
733 1368 828 1421 καὶ
859 1363 952 1418 τοῦ
983 1361 1278 1433 σφραγίσαι
1304 1359 1490 1429 ὅρασιν
1523 1355 1616 1409 καὶ
1647 1370 1859 1425 προφη-

281 1464 463 1527 τείαν,
499 1458 713 1514 καὶτοῦ
742 1459 925 1527 χρῖσαι
964 1453 1116 1521 ἆγιον
1166 1450 1333 1517 ἁγίων
1354 1466 1366 1478 ·
1420 1447 1514 1500 καὶ
1555 1443 1736 1514 γνώσῃ
1770 1443 1863 1496 καὶ

287 1552 547 1622 συνήσεις
573 1547 679 1601 ἀπὸ
712 1545 891 1611 ἐξόδου
923 1542 1105 1612 λόγου,
1126 1538 1221 1593 τοῦ
1248 1536 1628 1618 ἀποκριθῆναι,
1661 1533 1861 1587 καὶτοῦ

282 1643 641 1712 οἰκοδομῆσαι
695 1636 1049 1710 Ἰερουσαλὴμ
1112 1633 1216 1696 ἓως
1258 1628 1489 1697 Χριστοῦ
1537 1626 1860 1699 ἡγουμένου.

297 1734 631 1803 Ἐϐδομάδες
692 1729 853 1795 ἑπτὰ,
910 1728 1006 1782 καὶ
1045 1724 1332 1796 ὲϐδομάδες
1374 1719 1748 1791 ἑξηκονταδύο,
1774 1719 1865 1772 καὶ

285 1824 611 1895 ἐπιστρέψει
634 1865 647 1884 ,
672 1824 767 1876 καὶ
785 1818 1265 1890 οἰκοδομηθήσεται
1295 1815 1521 1868 πλατεῖα
1553 1814 1645 1866 καὶ
1668 1812 1863 1880 τεῖχος,

286 1919 386 1972 καὶ
416 1916 817 1987 κενωθήσονται
850 1914 898 1965 οἱ
924 1911 1139 1983 καιροί·
1172 1908 1266 1963 καὶ
1287 1906 1421 1979 μετὰ
1443 1904 1537 1969 τὰς
1569 1903 1867 1975 ἑϐδομάδας

284 2012 388 2075 τὰς
410 2007 789 2082 ἑξηκονταδύο,
812 2003 1315 2075 ἐξολοθρευθήσεται
1336 1999 1563 2072 χρίσμα,
1582 1997 1674 2051 καὶ
1698 1999 1870 2068 κρῖμα

286 2104 392 2155 οὐκ
421 2101 570 2154 ἔστιν
625 2101 682 2152 έν
731 2095 899 2166 αὐτῷ,
934 2096 1029 2147 καὶ
1052 2094 1150 2164 τὴν
1185 2092 1337 2145 πόλιν
1366 2090 1459 2143 καὶ
1488 2089 1546 2142 τὸ
1574 2089 1726 2155 ἅγιον
1758 2087 1872 2139 δια-

287 2193 487 2265 φθερεῖ
518 2192 615 2246 σὺν
648 2188 724 2261 τῷ
777 2186 1063 2258 ἡγουμένῳ
1115 2183 1191 2254 τῷ
1227 2182 1525 2254 ἐρχομένῳ,
1586 2180 1680 2232 καὶ
1712 2180 1871 2231 ἐκκο-

290 2285 561 2355 πήσονται
589 2278 668 2334 ’ὲν
729 2275 1117 2347 κατακλυσμῷ,
1158 2274 1253 2327 καὶ
1290 2274 1393 2334 ἕως
1426 2272 1609 2335 τέλους
1639 2270 1870 2340 πολέμου

291 2374 740 2445 συντετμημένου
772 2371 1121 2440 ἀφανισμοῖς,
1153 2367 1249 2419 καὶ
1277 2364 1581 2435 δυναμώσει
1610 2362 1872 2433 διαθήκην

290 2466 515 2528 πολλοῖς
534 2463 766 2534 ἑϐδομὰς
799 2463 915 2532 μία,
947 2461 1041 2513 καὶ
1061 2460 1117 2512 ἐν
1143 2458 1219 2529 τῷ
1247 2457 1432 2528 ἡμίσει
1459 2456 1557 2526 τῆς
1586 2453 1874 2524 ἑϐδομάδος

289 2557 601 2629 ἀρθήσεται
652 2554 810 2607 θυσία
869 2553 962 2606 καὶ
993 2549 1211 2620 σπονδὴ,
1238 2550 1330 2603 καὶ
1372 2550 1465 2601 ἐπὶ
1492 2547 1552 2600 τὸ
1586 2546 1728 2617 ἱερὸν
1758 2543 1875 2614 βδέο

290 2651 484 2719 λυγμα
538 2648 643 2701 τῶν
686 2645 1019 2719 ὲρημώσεων
1063 2644 1233 2705 ἔσται,
1283 2640 1378 2693 καὶ
1429 2640 1534 2702 ἓως
1569 2636 1875 2699 συντελείας

293 2740 495 2813 καιροῦ
519 2740 791 2794 συντέλεια
824 2736 1104 2808 δοθήσεται
1138 2735 1231 2788 ἐπὶ
1254 2732 1348 2803 τὴν
1374 2734 1671 2803 ἐρήμωσιν.
1710 2749 1728 2780 ι
1766 2729 1876 2799 Τῆς

291 2832 391 2887 τοῦ
422 2831 694 2885 Ἰουδαίων
722 2831 905 2893 ἔθνους
921 2830 999 2891 είς
1030 2824 1322 2880 Βαϐυλῶνα
1355 2818 1877 2892 έϐδομηκονταετοῦς

293 2921 683 2993 αἰχμαλωσίας
704 2922 783 2984 είς
800 2919 971 2992 πέρας
992 2918 1093 2989 ἥδη
1118 2913 1559 2983 συνελαυνούσης,
1579 2911 1656 2982 τῷ
1682 2909 1877 2981 Δανιὴλ

267 3015 610 3086 εὐξαμένῳ,
642 3009 722 3078 εἷς
744 3013 852 3066 τῶν
898 3012 1068 3080 ἁγίων
1100 3007 1423 3078 λειτουργῶν
1456 3004 1549 3060 τοῦ
1583 3004 1739 3070 Θεοῦ,
1775 3003 1877 3056 Γα-

1954 528 2075 569 sum
2112 519 2171 566 ut
2199 509 2420 564 afferam
2460 508 2558 563 tibi
2598 501 3014 575 intelligentiam
3046 514 3060 552 :
3091 495 3160 551 ab
3198 493 3354 548 initio
3392 506 3516 562 pre-

1954 619 2079 660 cum
2120 610 2339 657 tuarum
2377 613 2633 670 egressus
2670 602 2754 651 est
2792 605 3008 657 sermo,
3056 599 3109 644 et
3151 600 3250 657 ego
3293 582 3418 639 veni
3456 587 3517 637 ut

1954 695 2252 750 indicarem
2302 691 2430 753 tibi,
2484 690 2626 759 quod
2670 686 2753 741 vir
2794 681 3187 738 desideriorum
3227 684 3287 747 tu
3325 689 3427 735 es,
3460 678 3517 727 et

1956 786 2326 843 animadverte
2362 783 2415 836 in
2443 780 2632 842 verbo,
2666 784 2721 833 et
2748 774 2988 843 intellige
3020 772 3073 825 in
3107 769 3341 832 visione,
3373 764 3516 835 quod

1954 876 2040 929 vir
2087 870 2484 928 desideriorum
2520 883 2579 923 es
2630 877 2708 921 tu.
2760 861 3114 933 Septuaginta
3156 854 3519 912 hebdomades

1958 963 2341 1036 compendium
2400 973 2661 1030 accepere
2712 970 2876 1024 super
2928 952 3185 1023 populum
3230 958 3417 1012 tuum,
3465 953 3521 1001 et

1959 1072 2123 1127 super
2154 1053 2431 1109 civitatem
2472 1056 2746 1112 sanctam,
2782 1056 2843 1099 ut
2883 1050 3294 1099 consummetur
3328 1052 3523 1111 pecca-

1959 1159 2108 1214 tum,
2139 1154 2193 1201 et
2224 1146 2509 1215 signentur
2540 1140 2697 1213 quasi
2741 1136 2944 1191 annulo
2982 1140 3205 1205 peccata
3227 1173 3243 1198 ,
3284 1140 3337 1187 et
3376 1131 3523 1186 dele-

1962 1251 2123 1296 antur
2155 1237 2473 1308 iniquitates
2493 1276 2507 1300 ,
2537 1241 2591 1290 et
2619 1232 2905 1302 expientur
2934 1226 3241 1297 iniustitiae,
3268 1232 3323 1279 et
3353 1223 3522 1278 addu-

1961 1343 2119 1388 catur
2146 1329 2362 1400 justitia
2394 1326 2719 1396 sempiterna
2739 1364 2753 1387 ,
2786 1330 2839 1391 et
2869 1320 3026 1393 quasi
3060 1319 3213 1389 signo
3259 1317 3526 1385 impresso

1962 1424 2249 1480 claudatur
2294 1419 2429 1476 visio
2451 1460 2466 1486 ,
2497 1426 2552 1473 et
2585 1415 2869 1487 prophetia
2891 1454 2905 1478 ,
2939 1420 2993 1469 et
3027 1417 3262 1480 ungatur
3302 1413 3525 1462 sanctus

1964 1522 2279 1570 sanctorum
2300 1553 2315 1577 ,
2345 1519 2395 1566 et
2427 1523 2725 1579 cognosces
2755 1512 2808 1561 et
2838 1504 3105 1574 intelliges
3129 1500 3198 1554 ab
3235 1497 3384 1553 exitu
3415 1511 3529 1551 ser-

1966 1606 2177 1669 monis,
2209 1611 2269 1659 ut
2304 1600 2733 1671 respondeatur,
2765 1607 2818 1653 et
2849 1595 3148 1651 aedificetur
3186 1588 3526 1645 Hierusalem

1966 1716 2141 1771 usque
2179 1700 2244 1754 ad
2292 1697 2571 1752 Christum
2621 1694 2836 1749 ducem.
2878 1688 3253 1745 Hebdomades
3291 1690 3528 1753 septem,

1968 1800 2021 1845 et
2043 1786 2408 1845 behdomades
2439 1785 2719 1854 sexaginta
2748 1780 2910 1852 382
2941 1780 3061 1833 duae
3081 1820 3096 1845 ,
3125 1784 3179 1832 et
3207 1780 3531 1835 revertetur,

1969 1895 2022 1940 et
2062 1880 2423 1938 aedificabitur
2456 1879 2636 1950 platea
2674 1882 2727 1929 et
2765 1888 2991 1937 murus,
3032 1877 3086 1925 et
3122 1864 3533 1924 evacuabuntur

1972 1985 2247 2046 tempora:
2272 1980 2325 2029 et
2356 1981 2479 2043 post
2497 1965 2866 2025 hebdomadas
2897 1960 3176 2031 sexaginta
3207 1958 3341 2012 duas
3365 1996 3380 2020 ,
3410 1969 3539 2025 per-

1972 2071 2069 2125 ibit
2108 2068 2293 2123 unctio
2320 2108 2338 2134 ,
2384 2074 2438 2121 et
2497 2062 2763 2135 judicium
2803 2072 2910 2111 non
2951 2063 3033 2110 est
3074 2054 3127 2108 in
3168 2067 3231 2107 ea
3255 2091 3273 2115 ,
3309 2057 3364 2105 et
3400 2047 3534 2103 ciri-

1972 2172 2138 2219 tatem
2173 2170 2227 2217 et
2259 2165 2509 2215 sanctum
2548 2150 2822 2225 disperdet
2858 2164 2982 2202 cum
3012 2145 3149 2199 duce
3186 2150 3449 2203 venturo,
3484 2143 3539 2192 et

1972 2255 2293 2312 excidentur
2332 2252 2387 2306 in
2428 2248 2665 2311 diluvio,
2706 2252 2760 2300 et
2798 2254 2972 2312 usque
3009 2237 3079 2291 ad
3117 2235 3278 2291 tinem
3318 2230 3441 2287 belli
3481 2229 3537 2282 in

1974 2345 2364 2418 compendium
2386 2340 2590 2398 redacti
2620 2332 3126 2396 internecionibus,
3157 2335 3212 2384 et
3245 2323 3539 2383 confirma-

1975 2442 2053 2497 bit
2096 2413 2312 2510 paetum
2350 2414 2537 2488 multis
2574 2426 2914 2486 hebdomada
2954 2437 3099 2486 una,
3160 2426 3216 2474 et
3264 2419 3321 2472 in
3358 2413 3541 2472 medio

1975 2507 2330 2588 hebdomadis
2358 2526 2633 2581 auferetur
2664 2517 2994 2577 sacrificium
3024 2520 3077 2569 et
3107 2507 3297 2564 Iibatio
3316 2547 3330 2575 ,
3363 2514 3416 2561 et
3447 2522 3539 2560 su—

1976 2642 2072 2697 per
2109 2622 2368 2692 templum
2409 2612 2743 2672 abominatio
2777 2606 3229 2666 desolationum,_
3264 2607 3319 2656 et
3365 2611 3538 2666 usque

1978 2717 2044 2771 ad
2069 2710 2594 2770 consummationem
2629 2700 2889 2772 temporis
2908 2741 2924 2765 ,
2950 2690 3353 2752 consummatio
3387 2684 3540 2739 dabi-

1980 2817 2067 2863 tur
2110 2807 2164 2861 in
2208 2801 2600 2860 desolationem
2631 2797 2699 2850 5’.
2736 2814 2754 2846 ι
2781 2792 2917 2846 Cum
2957 2786 3199 2843 Iudaicae
3237 2781 3412 2854 gentis
3453 2792 3542 2833 se-

1979 2896 2333 2971 ptuagenaria
2360 2891 2499 2965 apud
2526 2886 2853 2958 Babylonios
2886 2879 3119 2936 servitus
3147 2877 3259 2946 jam
3290 2871 3356 2927 ad
3382 2870 3544 2924 finem

1981 2989 2261 3055 tenderet,
2301 2982 2509 3039 Danieli
2546 2977 2721 3034 oranti
2772 2988 2916 3028 unus
2954 2986 3020 3026 ex
3064 2964 3268 3022 sanctis
3303 2960 3399 3014 Dei
3440 2957 3546 3012 mi-

297 3053 610 3086 ευςυιμέηγ,
642 3053 720 3078 -.ς
756 3053 849 3066 ην,
898 3053 1063 3080 ..μνη
1100 3053 1416 3078 ..-ηητρη
1776 3053 1795 3054 ί
1823 3053 1847 3056 γ

297 3109 466 3181 ϐριὴλ
509 3110 539 3160 ὁ
586 3105 940 3177 ἀρχάγγελος,
976 3100 1279 3169 ἐπιφανεὶς,
1316 3098 1412 3169 τὴν
1468 3097 1762 3151 ἀνανέωσιν
1781 3096 1877 3167 τῆς

1982 3083 2173 3139 nistris
2225 3080 2377 3134 visus
2429 3071 2645 3128 Gabriel
2694 3063 3080 3135 archangelus,
3136 3053 3543 3113 renovationent

2052 3177 2099 3181 “”
2178 3172 2239 3181 “·
2412 3169 2425 3181 “
2578 3162 2734 3181 η-εμ-
2792 3170 3002 3181 nun-nn
3043 3159 3287 3181 ιηηιηιιιηι
3328 3151 3378 3181 οι
3426 3142 3543 3181 cum

308 3200 677 3274 Ἰερουσαλὴμ
734 3199 933 3252 αὐτίκα
966 3213 1026 3250 τε
1052 3195 1146 3248 καῖ
1173 3194 1273 3246 οὐκ
1313 3193 1390 3254 εἰς
1417 3190 1631 3261 μακρὰν
1663 3188 1879 3241 ἔσεσθαι

298 3287 576 3351 θεσπίζει,
636 3286 729 3339 τόν
770 3302 829 3339 τε
858 3282 999 3337 κατά
1045 3282 1142 3352 τὴν
1173 3278 1468 3334 ἀνανέωσιν
1494 3278 1660 3348 αὐτῆς
1694 3278 1881 3351 χρόνον

301 3382 385 3444 είς
428 3377 566 3432 ἑτῶν
623 3377 851 3448 ἀριθμὸν
912 3372 1243 3445 περιορίζειο
1275 3370 1603 3443 προλέγειτε
1636 3370 1711 3433 ὡς
1742 3369 1883 3423 κατά

300 3473 408 3544 τὴν
470 3470 783 3542 ὡρισμένην
832 3465 1166 3539 προθεσμίαν
1208 3460 1360 3526 αὖθις
1409 3460 1881 3532 καθαιρεθήσεται,

302 3570 403 3620 καὶ
423 3568 521 3630 ὡς,
552 3564 652 3635 τὴν
673 3565 929 3635 δευτέραν
959 3561 1298 3633 ὑπομείνασα
1322 3559 1520 3612 ἅλωσιν
1545 3556 1639 3609 καὶ
1668 3555 1883 3624 πολιορ-

305 3659 459 3721 κίαν,
490 3654 672 3709 οὐκέτι
704 3656 802 3726 τῆς
830 3656 892 3708 ἐκ
927 3652 1061 3706 Θεοῦ
1093 3651 1337 3715 τεύξεται
1376 3646 1700 3716 ἐπισκοπῆς,
1736 3646 1887 3715 μενεῖ

306 3750 367 3803 δὲ
416 3749 647 3821 ἔρημος,
699 3743 1238 3817 συγκαθαιρουμένης
1284 3742 1419 3811 αὐτῇ
1461 3742 1560 3809 τῆς
1613 3736 1754 3790 κατά
1797 3736 1887 3788 τὸν

309 3840 561 3903 Μωσέως
616 3840 779 3909 νόμον
851 3838 1130 3909 λατρείας,
1187 3834 1377 3907 ἐτέρας
1417 3832 1473 3886 δὲ
1527 3831 1640 3884 ἀντ’
1675 3826 1886 3898 ἐκείνης

307 3931 389 4001 τῷ
424 3932 526 4002 βίῳ
552 3931 660 3984 τῶν
686 3928 987 4002 ἀνθρώπων
1014 3928 1222 3999 Καινῆς
1242 3926 1513 3997 Διαθήκης
1541 3919 1890 3990 ἁντεισαχθη-

314 4023 576 4095 σομένης.
628 4023 739 4076 Καὶ
769 4020 942 4075 ταῦτα
966 4022 995 4073 ὁ
1020 4018 1259 4091 Γαϐριὴλ
1289 4018 1363 4080 ὡς
1391 4018 1447 4069 έν
1480 4017 1744 4087 χρησμοῖς
1774 4014 1892 4065 ὲπι-

315 4114 720 4187 κεκρυμμένως
756 4112 1035 4183 ἐκφαίνειν
1067 4112 1317 4182 ὁμολογεῖ
1348 4107 1425 4179 τῷ
1460 4108 1731 4180 προφήτῃ.
1755 4104 1892 4176 Φησὶ

312 4205 450 4276 γοῦν
481 4205 560 4275 τῷ
584 4204 807 4276 Δανιήλ*
847 4222 867 4256 ι
906 4202 1019 4257 Νῦν
1052 4201 1271 4272 ἐξῆλθον
1306 4199 1636 4271 συμϐιϐάσαι
1663 4214 1721 4249 σε
1771 4195 1894 4249 σύν-

317 4317 469 4353 εσιν·
512 4301 569 4352 ὲν
622 4300 762 4370 ἀρχῇ
816 4299 916 4369 τῆς
977 4296 1213 4369 δεήσεώς
1263 4312 1355 4349 σου
1405 4293 1624 4365 ἐξῆλθεν
1660 4292 1890 4360 ὁλὸγος,

316 4390 479 4460 κάγὼ
509 4386 673 4463 ἦλθον
716 4389 1031 4461 ἀναγγεῖλαί
1061 4407 1162 4454 σοι,
1213 4390 1295 4442 ὅτι
1321 4388 1461 4459 ἀνὴρ
1495 4384 1797 4457 ἐπιθυμιῶν
1828 4385 1892 4437 σὺ

316 4480 390 4550 εἴ,
447 4483 548 4536 καὶ
612 4483 891 4553 ἐννοήθητι
933 4483 991 4535 ὲν
1045 4481 1122 4552 τῷ
1164 4481 1385 4552 ῥήματι,
1418 4479 1513 4533 καὶ
1561 4478 1717 4541 σύνες
1746 4479 1802 4531 ὲν
1827 4479 1892 4547 τῇ

321 4575 592 4646 ὀπτασίᾳ·
633 4595 652 4627 ι
693 4575 877 4644 σαφῶς
925 4576 1204 4646 διεγείρων
1261 4573 1421 4627 αὑτὸν
1460 4574 1538 4636 είς
1594 4570 1897 4642 βαθυτέραν

322 4666 537 4720 ἔννοιαν
595 4666 689 4719 καὶ
746 4665 958 4719 σύνεσιν
1022 4667 1119 4736 τῆς
1146 4663 1256 4718 τῶν
1299 4663 1605 4733 λεγομένων
1646 4661 1895 4731 θεωρίας.

337 4755 637 4811 ὐπτασίαν
693 4756 823 4826 γοῦν
885 4756 1026 4810 αὑτά
1070 4754 1133 4825 γέ
1186 4772 1316 4826 φησι
1361 4754 1448 4807 διὰ
1489 4754 1551 4807 τὸ
1601 4752 1899 4824 βαθυτέρας

327 4847 549 4919 ἔχεσθαι
574 4847 829 4912 διανοίας,
870 4847 964 4900 καὶ
986 4847 1046 4899 ού
1087 4845 1186 4915 τῆς
1215 4845 1482 4915 τυχούσης
1513 4842 1777 4906 συνέσεως
1797 4842 1901 4894 δεῖ-

331 4932 459 4993 σθαι
473 4953 487 4967 ·
505 4938 696 5011 διόπερ
714 4940 809 4992 καὶ
824 4938 978 4991 αὐτοὶ
994 4938 1084 4990 τὸν
1099 4935 1437 5007 δωρούμενον
1463 4934 1676 4986 σύνεσιν
1699 4932 1795 4985 ἀνθ
1802 4930 1906 5005 ρώ-

331 5044 477 5096 ποις,
524 5027 976 5098 ὲπικαλεσάμενοί
1010 5043 1069 5078 τε
1095 5027 1184 5079 ὑπ’
1210 5023 1373 5077 αὐτοῦ
1419 5020 1756 5091 φωτισθῆναι
1782 5023 1908 5084 τοὺς

331 5121 431 5192 τῆς
480 5120 720 5184 διανοίας
772 5118 1106 5189 ὀφθαλμοὺς,
1154 5115 1610 5186 ὲπιθαρῤήσωμεν
1657 5115 1725 5184 τῇ
1770 5112 1909 5166 κατά

332 5216 459 5279 τοὺς
487 5215 686 5277 τόπους
711 5213 933 5285 θεωρίᾳ·
958 5233 975 5263 ι
1015 5211 1434 5280 Ἐϐδομήκοντα,
1471 5226 1489 5258 ι
1535 5206 1720 5277 φησὶν,
1757 5224 1775 5257 ι
1820 5205 1910 5258 ἑϐ-

335 5304 560 5375 δομάδες
593 5301 1005 5373 συνετμήθησαν
1035 5299 1131 5353 ἐπὶ
1150 5298 1241 5351 τὸν
1272 5296 1397 5350 λαόν
1432 5312 1524 5348 σου
1558 5294 1652 5347 καὶ
1684 5291 1777 5345 ἐπὶ
1802 5291 1901 5362 τὴν

339 5396 490 5451 πόλιν
514 5397 612 5466 τὴν
634 5394 794 5464 ἁγίαν
814 5411 931 5457 σου,
947 5391 1040 5445 τοῦ
1064 5388 1477 5459 συντελεσθῆναι
1496 5384 1791 5459 ἁμαρτίαν,
1809 5382 1903 5435 καὶ

339 5487 631 5558 ἀπαλεῖψαι
657 5486 757 5549 τὰς
789 5483 1034 5555 ἀνομίας,
1063 5479 1268 5535 καὶτοῦ
1298 5476 1640 5542 ἐξιλάσασθαι
1671 5472 1900 5536 ἀδικίας,

343 5579 434 5631 καὶ
476 5579 707 5647 ἀγαγεῖν
739 5574 1083 5645 δικαιοσύνην
1106 5570 1338 5634 αἰώνιον,
1367 5568 1461 5625 καὶ
1489 5568 1582 5623 τοῦ
1611 5565 1903 5639 σφραγίσαι

417 5775 459 5807 ⁸³
495 5774 629 5831 Dan.
668 5789 744 5839 Ix,
778 5771 975 5827 20-27.

1982 3177 2136 3231 urbis
2178 3169 2516 3227 Hierusalem
2564 3162 2740 3234 primo
2787 3170 3003 3228 quoque
3043 3159 3287 3219 tempore
3328 3151 3382 3200 et
3426 3142 3546 3198 sine

1982 3283 2134 3323 mora
2170 3265 2410 3320 futuram
2455 3255 2639 3320 canit,
2671 3259 2726 3307 et
2753 3258 2969 3320 tempus
2997 3257 3171 3314 usque
3203 3238 3272 3294 ad
3304 3250 3425 3294 eam
3454 3248 3544 3287 re-

1984 3358 2327 3415 novationem
2368 3365 2596 3407 numero
2628 3361 2899 3401 annorum
2942 3339 3310 3399 determinat:
3349 3329 3548 3405 praedi-

1984 3452 2168 3522 citque
2208 3457 2268 3502 ut
2311 3454 2433 3516 post
2477 3439 2758 3496 definitum
2800 3434 2938 3515 illud
2974 3428 3237 3501 temporis
3268 3424 3504 3496 spatium
3529 3461 3546 3485 ,

1986 3559 2179 3598 rursus
2211 3545 2504 3598 evertetur,
2551 3540 2719 3600 utque
2758 3535 2882 3599 post
2930 3516 3226 3580 secundam
3272 3527 3552 3585 expugna-

1986 3634 2187 3687 tionem
2223 3637 2387 3699 atque
2431 3622 2808 3685 obsidionem,
2858 3632 2971 3671 non
3018 3614 3160 3668 ultra
3213 3609 3324 3663 Deo
3370 3612 3549 3658 tutore

1987 3723 2274 3797 gaudebit,
2308 3718 2401 3774 sed
2433 3717 2548 3772 sola
2579 3730 2643 3769 ac
2680 3713 2894 3767 deserta
2938 3720 3121 3763 secum
3158 3715 3263 3755 una
3299 3696 3549 3751 Mosaicae

1988 3786 2122 3887 legis
2150 3814 2257 3869 ritu
2285 3810 2529 3872 sublato,
2559 3802 2930 3878 permanebit,
2959 3796 3158 3868 quippe
3188 3806 3311 3846 cum
3343 3789 3399 3841 in
3430 3786 3549 3855 ejus

1990 3910 2129 3964 ritus
2159 3908 2370 3969 locum,
2401 3905 2453 3958 in
2490 3902 2655 3957 vitam
2689 3895 2972 3953 hominum
3009 3889 3239 3942 alterum
3272 3882 3343 3938 sit
3381 3880 3525 3933 intro

1991 3998 2297 4055 ducendum
2328 3966 2757 4052 Testamentum,
2794 3983 2940 4053 quod
2976 3977 3186 4032 Novum
3222 3974 3453 4031 dicatur.
3490 3966 3556 4021 Et

1992 4092 2136 4155 hate,
2169 4096 2227 4142 ut
2261 4088 2318 4140 in
2351 4081 2591 4139 oraculis
2620 4093 2739 4133 mos
2769 4070 2886 4136 est,
2923 4072 3157 4125 latenter
3188 4080 3247 4119 se
3285 4060 3390 4133 ipsi
3427 4073 3557 4129 pro-

1994 4150 2171 4253 phetae
2202 4179 2448 4233 indicare
2473 4171 2693 4229 Gabriel
2724 4165 3032 4241 profitetur.
3066 4159 3160 4213 Ait
3191 4156 3358 4228 igitur
3393 4151 3461 4207 ad
3492 4150 3559 4204 il-

1995 4241 2106 4331 Ium
2135 4293 2148 4329 :
2190 4292 2207 4324 t
2234 4271 2392 4325 Nune
2422 4280 2677 4338 egressus
2710 4275 2829 4333 sum
2868 4267 2926 4312 ut
2957 4254 3177 4309 atteram
3217 4248 3316 4303 tibi
3356 4241 3561 4300 intelli-

1996 4369 2273 4441 gentiam:
2302 4363 2369 4417 ab
2399 4359 2552 4415 initio
2579 4368 2799 4427 precum
2827 4359 3041 4404 tuarum
3064 4356 3318 4415 egressus
3343 4342 3426 4393 est
3447 4349 3564 4390 ser—

2000 4424 2126 4524 :no,
2167 4467 2222 4513 et
2266 4470 2367 4527 ego
2395 4453 2516 4507 veni
2564 4456 2624 4503 ut
2663 4444 2959 4500 indicarem
3005 4435 3137 4497 tibi,
3173 4426 3318 4502 quod
3349 4427 3433 4482 vir
3462 4424 3562 4479 de-

2001 4550 2327 4610 sideriorum
2383 4553 2439 4598 tu
2488 4558 2579 4606 es,
2632 4548 2685 4593 et
2733 4530 3108 4589 animadverte
3157 4525 3213 4578 in
3260 4519 3460 4583 verbo,
3512 4522 3568 4569 et

2002 4608 2242 4710 intellige
2294 4639 2353 4692 in
2396 4634 2628 4689 visione.
2661 4648 2679 4681 i
2708 4625 2919 4692 Quibus
2970 4617 3152 4675 verbis
3202 4614 3361 4684 plane
3412 4608 3567 4710 illum

2002 4698 2245 4798 excita},
2279 4737 2340 4785 ut
2372 4723 2697 4797 profundius
2739 4713 3171 4772 animadvertat,
3215 4698 3569 4776 profundius-

2003 4842 2110 4898 que
2148 4790 2413 4891 intelligat
2448 4831 2510 4872 ea
2548 4827 2669 4884 quae
2709 4811 2763 4864 in
2805 4804 2986 4862 verbis
3021 4801 3090 4855 ah
3129 4800 3249 4868 ipso
3287 4790 3570 4891 proferen-

2003 4880 2583 4981 discontemplatione
2637 4903 2798 4972 digna
2832 4904 2980 4953 sunt.
3030 4889 3308 4981 Siquidem
3350 4884 3441 4981 illa
3490 4880 3572 4934 vi-

2005 5010 2216 5065 sionem
2273 4974 2542 5074 appellat,
2607 5003 2896 5066 propterea
2952 4982 3098 5056 quod
3157 4974 3571 5074 profundiorem

2005 5098 2295 5173 quemdam
2335 5104 2554 5149 sensum
2602 5085 2907 5153 attingunt,
2957 5088 3135 5146 neque
3173 5066 3385 5141 vulgari
3436 5079 3574 5134 qua:

2174 5183 2457 5260 prudentia
2505 5177 2752 5246 indigent
2783 5191 2796 5224 :
2831 5165 3185 5240 quamobrem
3219 5156 3325 5260 ipsi
3356 5166 3601 5257 quoque,

2009 5300 2133 5341 eum
2174 5246 2533 5335 invocantes,
2579 5267 2674 5339 qui
2716 5264 2810 5319 dat
2848 5255 3168 5316 hominibus
3209 5246 3532 5320 sapientiam
3558 5281 3573 5306 ,

2009 5382 2375 5448 rogantesque
2403 5373 2463 5420 ut
2488 5362 2687 5417 mentis
2712 5355 2903 5413 oculos
2930 5349 3088 5407 nobis
3114 5342 3384 5402 illuminet
3402 5379 3418 5407 ,
3444 5350 3579 5392 con«

2014 5428 2242 5524 fidenter
2286 5428 2695 5532 aggrediamur,
2729 5463 2850 5521 quae
2883 5444 2951 5500 ad
2983 5444 3181 5497 horum
3213 5437 3462 5491 locorum
3492 5428 3579 5532 in-

2014 5516 2456 5629 terpretationem
2503 5516 2773 5618 pertinent
2807 5559 2825 5596 :
2866 5557 2884 5589 t
2922 5531 3304 5606 Septuaginta,
3364 5516 3585 5595 inquit.
