3908 6266
365 297 471 355 599

1032 298 1299 356 EUSEBII
1337 296 1816 358 CAESARIENSIS
1850 300 2002 361 OPP.
2042 304 2223 361 PARS
2257 303 2322 364 ll.
2362 336 2419 347 —
2451 304 2945 362 APOLOGETICA.

3488 307 3590 365 600

365 408 729 467 hebdomades
768 411 1145 480 compendium
1194 425 1450 481 accepere
1471 426 1634 481 super
1674 413 1925 482 populum

2031 418 2221 488 ὅρασιν
2240 418 2335 471 καὶ
2357 418 2713 490 προφητείαν,
2732 420 2826 472 καὶ
2850 417 2943 471 τοῦ
2975 421 3156 490 χρῖσαι
3183 419 3337 489 ἅγιον
3362 420 3585 488 ἁγίων.ι

365 510 520 556 tuum
542 542 557 566 ,
582 509 637 557 et
658 517 821 573 super
840 502 1109 557 civitatem
1132 512 1375 557 sanctam
1391 543 1407 569 ,
1434 510 1495 556 ut
1519 511 1929 558 consummetur

367 601 679 662 peccaturo,
717 602 769 648 et
806 593 965 663 quasi
1001 594 1206 649 annulo
1243 594 1527 665 signentur
1566 602 1787 664 peccata
1817 614 1830 649 :
1874 602 1928 650 et

368 684 653 739 deleantur
699 685 1017 754 iniquitates
1041 725 1055 747 ,
1100 694 1155 740 et
1197 686 1485 757 expientur
1524 685 1839 755 injustitiaa,
1875 693 1929 740 et

369 776 673 831 adducatur
699 776 915 846 justitia
955 778 1319 849 sempiterna,
1353 785 1408 834 et
1437 764 1593 849 quasi
1639 780 1794 850 signo
1829 778 1929 832 im-

369 881 560 936 presso
609 867 896 922 claudatur
948 870 1086 925 visio
1125 878 1179 924 et
1224 870 1548 940 prophetia,
1601 877 1656 925 et
1696 878 1929 940 ungatur

369 956 605 1013 Sanctus
655 968 992 1015 sanctorum.
1030 981 1047 1013 ι
1084 961 1244 1032 383
1277 961 1432 1027 Quod
1486 961 1656 1032 igitur
1708 968 1929 1031 septua-

367 1048 513 1118 ginta
544 1049 1008 1107 hebdomadarum
1044 1054 1278 1123 spatium
1304 1095 1320 1119 ,
1355 1053 1401 1107 si
1450 1053 1505 1107 in
1550 1067 1723 1107 annos
1754 1052 1930 1107 resol-

363 1146 546 1204 vatur,
599 1141 894 1213 nonaginta
954 1158 1119 1215 supra
1177 1143 1605 1214 quadringentos
1656 1158 1925 1198 summam

366 1230 644 1298 conficiat,
700 1235 936 1300 nemini,
968 1243 1100 1306 puto
1123 1277 1139 1303 ,
1170 1234 1395 1290 dubium
1423 1242 1526 1291 est.
1563 1234 1797 1290 Tantum
1829 1234 1929 1306 igi-

365 1330 457 1378 tur
485 1326 748 1396 temporis
780 1327 1160 1399 compendium
1208 1329 1418 1398 accepit
1466 1344 1633 1399 super
1669 1328 1928 1399 populum

366 1423 517 1468 tuum
538 1454 555 1481 ,
588 1416 677 1470 ubi
707 1431 839 1472 sane
870 1433 1083 1474 omnem
1116 1416 1354 1474 Judaicte
1382 1421 1559 1490 gentis
1590 1419 1931 1475 terminatio-

366 1522 491 1561 nem
539 1509 865 1565 concludit:
909 1526 1010 1566 nec
1057 1518 1241 1567 tamen
1296 1512 1419 1568 illos
1466 1512 1520 1566 in
1564 1512 1652 1567 bis
1696 1512 1929 1582 amplius

366 1596 462 1654 Dei
494 1601 752 1669 populum
783 1611 975 1667 vocat,
1017 1603 1113 1659 sed
1155 1605 1440 1675 alloquens
1486 1605 1663 1675 ipsum
1707 1603 1927 1670 Daniel,

371 1707 391 1738 α
417 1686 704 1759 Populum,
744 1710 764 1742 ι
785 1693 977 1764 inquit,
1005 1712 1023 1745 ι
1057 1701 1240 1749 tuum:
1263 1715 1282 1746 ι
1308 1697 1688 1766 uamquealias
1715 1710 1929 1767 quoque

2029 512 2148 564 Ὅτι
2176 510 2282 563 τῶν
2315 510 2681 584 ἑϐδομήκοντα
2701 511 3008 583 ἑϐδομάδων
3043 514 3072 566 6
3101 513 3309 584 χρόνος,
3333 514 3394 565 ὲν
3419 514 3592 568 ἔτεσιν

2026 603 2407 673 ἀναλυόμενος,
2461 605 2810 676 ἐννενήκοντα
2886 605 3023 678 πρὸς
3071 608 3183 669 τοῖς
3222 606 3592 678 τετρακοσίοις

2027 696 2254 767 ἀριθμὸν
2280 695 2518 764 συνάγει,
2550 695 2711 749 παντί
2738 712 2840 748 που
2858 695 3031 768 δῆλον.
3068 696 3329 760 Τοσοῦτος
3359 714 3441 751 τοι
3458 714 3593 769 γαρ-

2026 786 2118 841 οῦν
2169 786 2475 857 συνετμήθη
2529 786 2718 856 χρόνος
2764 787 2858 841 ὲπὶ
2907 785 2998 839 τὸν
3042 786 3167 840 λαόν
3221 803 3336 853 σου,
3378 786 3439 840 τὸ
3482 789 3590 841 πᾶν

2028 878 2403 951 συμπέρασμα
2445 878 2540 931 τοῦ
2581 877 2846 933 Ἰουδαίων
2879 878 3203 950 περιορίζων
3241 878 3462 943 ἔθνους·
3496 881 3593 934 καὶ

2026 970 2208 1025 οὐκέτι
2228 988 2292 1040 γε
2321 971 2518 1034 αὐτοὺς
2540 972 2597 1024 ὲν
2632 970 2841 1034 τούτοις
2867 970 3000 1024 Θεοῦ
3027 970 3151 1025 λαὸν
3179 972 3590 1044 προσαγορεύει,

2028 1062 2161 1116 ἀλλὰ
2190 1061 2267 1133 τῷ
2302 1062 2502 1134 Δανιήλ
2524 1080 2676 1134 φησι,
2710 1081 2729 1114 ι
2751 1062 2878 1116 λαόν
2910 1080 3023 1116 σου.
3050 1081 3068 1113 1
3099 1064 3306 1135 ’Ὠσπερ
3327 1062 3436 1136 γὰρ
3467 1064 3595 1117 ἀσε-

2029 1154 2094 1224 ϐή
2103 1153 2273 1207 σαντά
2297 1170 2425 1207 ποτε
2455 1154 2550 1207 καὶ
2577 1153 3102 1227 είδωλολατρήσαντα
3126 1156 3220 1208 ἐπὶ
3242 1155 3341 1226 τῆς
3360 1156 3458 1228 ὲρή
3468 1173 3591 1227 μου,

2026 1246 2210 1300 οὐκέτι
2254 1245 2384 1299 λαὸν
2423 1245 2614 1299 ἑαυτοῦ
2646 1248 2674 1299 6
2700 1245 2850 1314 Θεὸς,
2882 1246 3014 1301 ἀλλὰ
3041 1246 3135 1300 τοῦ
3160 1247 3401 1311 Μωσέως
3427 1266 3595 1320 προσ-

2027 1340 2146 1391 εἰπε
2171 1376 2187 1402 ,
2222 1337 2432 1408 φήσας·
2470 1355 2489 1388 t
2518 1337 2733 1402 Βάδιζε,
2766 1338 3067 1410 κατάϐηθι·
3122 1339 3362 1412 ὴνόμησε
3413 1342 3521 1413 γὰρ
3562 1343 3593 1396 6

2026 1427 2152 1490 λαός
2186 1444 2307 1480 σου·
2341 1445 2362 1480 ι
2399 1427 2490 1482 τὸν
2536 1426 2695 1481 αὑτὸν
2729 1430 2926 1500 τρόπον
2983 1429 3258 1484 κάνταῦθα
3292 1430 3389 1484 τοῦ
3440 1449 3593 1504 περι-

2026 1518 2255 1590 ωρίσθαι
2286 1519 2406 1572 κατ’
2437 1516 2616 1596 αδύτῶν
2664 1517 2754 1570 τὸν
2787 1517 3088 1587 δηλωθέντα
3119 1517 3307 1590 χρόνον
3332 1517 3394 1572 τὸ
3423 1517 3591 1573 αἴτιον

2028 1610 2358 1665 ἐκδιδάσκει·
2405 1609 2562 1664 τοῦτο
2607 1610 2650 1663 δ’
2691 1605 2759 1681 ἦν
2802 1610 2863 1663 τὸ
2912 1611 3107 1682 μηκέτι
3156 1610 3249 1664 τοῦ
3300 1611 3435 1665 Θεοῦ
3467 1611 3591 1665 λαὸν

2028 1701 2222 1766 αὐτοὺς
2251 1701 2632 1769 καταξιοῦσθαι
2655 1701 3027 1772 χρηματίζειν.
3058 1702 3325 1771 Ἐπιλέγει
3343 1703 3421 1766 δὲ,
3450 1704 3593 1756 «Kal

362 1789 622 1850 tanquam
654 1797 778 1838 eum
813 1785 907 1855 qui
943 1785 1106 1856 impie
1133 1786 1369 1856 egisset,
1411 1795 1465 1843 et
1508 1787 1817 1843 simulacris
1868 1803 1925 1843 se

2028 1793 2118 1846 ἐπὶ
2146 1791 2246 1863 τὴν
2271 1791 2422 1845 πόλιν
2439 1791 2539 1862 τὴν
2567 1770 2730 1859 ἁγίαν
2747 1770 2811 1842 λῇ»
2834 1790 2895 1844 τὸ
2924 1791 3017 1844 σοῦ
3044 1790 3205 1845 πάλιν
3231 1770 3593 1856 έξακουόντων

365 1872 697 1940 addixisset,
729 1890 840 1930 non
868 1876 1101 1948 amplius
1132 1891 1290 1932 suum
1327 1880 1585 1949 populum
1620 1878 1764 1933 Deus
1785 1918 1798 1943 ,
1831 1878 1926 1935 sed

365 1962 532 2019 .‘llosis
588 1966 907 2036 appellavit,
960 1984 1082 2023 cum
1132 1969 1305 2025 dixit:
1337 1990 1355 2021 ι
1385 1969 1567 2035 Vade,
1621 1971 1924 2037 descende,

365 2059 611 2128 peccavit
634 2059 777 2114 enim
805 2061 1038 2130 populus
1070 2070 1197 2118 tuus
1221 2063 1286 2117 ‘°.
1319 2083 1338 2114 ι
1362 2061 1517 2117 Nunc
1545 2063 1711 2133 igitur
1736 2062 1927 2119 eodem

365 2148 527 2204 modo
560 2164 816 2215 causam,
848 2167 948 2206 cur
979 2151 1109 2206 illud
1155 2153 1416 2223 temporis
1458 2153 1694 2223 spatium
1738 2160 1929 2209 contra

363 2241 486 2297 illos
538 2241 853 2312 praeﬁnierit
891 2244 1096 2299 docet:
1145 2246 1249 2299 hoc
1289 2252 1469 2299 autem
1510 2254 1629 2313 est,
1676 2261 1772 2302 eos
1817 2261 1929 2300 non

364 2333 605 2403 amplius,
628 2334 822 2405 dignos
855 2351 1009 2400 esse,
1045 2336 1137 2406 qui
1168 2338 1402 2407 populus
1437 2336 1531 2392 Dei
1563 2338 1924 2408 appellentur.

360 2422 567 2482 Deinde
610 2426 855 2498 adjungit
904 2426 1071 2494 illud,
1105 2447 1123 2480 ι
1156 2427 1221 2483 Et
1271 2427 1446 2501 Super
1478 2431 1751 2486 civitatem
1801 2446 1930 2486 san-

360 2524 503 2572 ctam
535 2536 551 2586 ;
582 2537 604 2571 ι
629 2518 719 2574 ubi
752 2519 884 2575 illud
933 2529 1077 2575 tuam
1110 2537 1305 2578 rursus
1335 2538 1366 2578 a
1410 2522 1678 2592 superiori
1726 2522 1931 2578 subau-

359 2611 599 2667 divimus
628 2630 641 2666 :
679 2621 739 2667 ut
769 2614 847 2668 ita
879 2613 1089 2669 dictum
1117 2629 1241 2670 esse
1272 2614 1547 2678 videatur,
1576 2631 1594 2666 ι
1627 2629 1793 2685 super
1830 2630 1929 2684 po-

361 2702 548 2772 pulum
590 2711 743 2760 tuum
788 2714 841 2760 et
879 2722 1044 2778 super
1084 2707 1362 2763 civitatem
1407 2714 1653 2763 sanctam
1686 2714 1871 2775 tuam,
1906 2726 1923 2758 ι

359 2810 470 2850 non
500 2811 661 2852 secus
695 2812 758 2852 ae
790 2799 836 2852 si
863 2799 1125 2855 dixisset:
1151 2798 1281 2865 Quae
1302 2807 1407 2855 ate
1437 2806 1625 2854 sancta
1652 2799 1930 2854 existima-

359 2894 470 2942 tur.
526 2886 661 2943 Nam
690 2898 744 2944 et
770 2888 1070 2946 Hebraicus
1117 2899 1424 2956 contextus,
1455 2899 1510 2945 et
1541 2890 1733 2961 reliqui
1764 2891 1931 2946 inter-

358 2988 544 3051 pretes
602 2996 713 3036 uno
767 2997 893 3046 ore,
944 2998 1056 3038 non
1107 2983 1285 3037 solum
1347 2983 1415 3038 ad
1475 2983 1735 3054 populum
1792 2983 1923 3038 illud

366 3089 385 3123 ι
418 3080 572 3127 tuum
593 3112 608 3137 ,
645 3092 662 3125 ι
692 3073 785 3129 sed
823 3076 986 3128 etiam
1034 3073 1102 3129 ad
1152 3075 1425 3130 civitatem
1446 3114 1461 3140 ,
1503 3076 1636 3130 illud
1669 3093 1689 3126 ι
1721 3084 1869 3130 tuam
1900 3094 1919 3126 ι

359 3160 678 3232 adjungunt.
707 3162 901 3233 Aquila
932 3162 1113 3233 igitur,
1136 3181 1157 3215 ι
1178 3162 1353 3234 Super
1376 3163 1658 3234 populum,
1684 3183 1703 3217 ι
1732 3163 1928 3233 inquit,

361 3270 383 3304 ι
416 3261 589 3318 tuum,
638 3261 694 3310 et
721 3270 884 3325 super
929 3256 1203 3311 civitatem
1254 3255 1648 3311 sanctiﬁcatam
1690 3265 1876 3311 tuam:
1906 3275 1926 3308 ι

359 3343 721 3417 Symmachus
749 3355 965 3403 autem:
992 3367 1011 3400 ι
1041 3347 1318 3403 Adversus
1356 3348 1621 3419 populum
1648 3355 1804 3403 tuum
1823 3388 1838 3413 ,
1875 3357 1929 3404 et

358 3437 634 3492 civitatem
671 3445 916 3494 sanctam
951 3447 1120 3494 tuam.
1156 3457 1176 3491 ι
1205 3437 1473 3505 Quocirca
1508 3438 1569 3493 in
1600 3439 1760 3496 bonis
1792 3455 1930 3510 quo-

356 3545 464 3598 que
516 3527 655 3586 LXX
696 3528 1057 3602 Interpretum
1101 3530 1418 3592 codicibus,
1452 3531 1585 3585 illud
1634 3548 1653 3582 ι
1684 3538 1868 3596 tuam,
1906 3551 1925 3583 ι

360 3621 577 3679 stellula
627 3622 874 3693 apposita
918 3620 1190 3694 adjectum
1240 3630 1325 3677 cst
1359 3642 1372 3677 :
1403 3637 1532 3676 nam
1589 3637 1712 3677 cum
1763 3636 1929 3679 orans

359 3713 548 3771 Daniel
594 3713 650 3769 in
693 3714 801 3770 illis
851 3730 966 3772 sua:
1013 3713 1431 3786 supplicationis
1476 3715 1694 3779 verbis,
1728 3715 1928 3785 saepius

356 3807 618 3877 pOpulum
640 3847 656 3872 ,
688 3806 786 3863 Dei
828 3807 1105 3878 populum
1130 3808 1508 3872 nominasset,
1541 3806 1783 3862 civitatis
1829 3822 1929 3860 au-

357 3906 464 3949 tem
500 3895 712 3958 locum,
749 3902 1000 3949 sanctum
1035 3891 1130 3948 Dei
1162 3895 1341 3949 locum
1366 3933 1383 3958 ,
1410 3901 1632 3950 vertens
1665 3893 1720 3948 in
1749 3894 1929 3949 diver-

357 3999 480 4039 sum
529 3984 624 4056 qui
652 3983 1069 4054 respondebat,
1124 3998 1301 4054 neque
1357 3985 1631 4040 civitatem
1682 3995 1926 4041 sanctam

355 4073 485 4139 Dei,
513 4089 691 4145 neque
718 4074 978 4145 populum
1005 4073 1104 4128 Dei
1130 4089 1253 4130 esse
1281 4075 1507 4140 fatetur,
1536 4076 1631 4132 sed
1651 4095 1669 4127 ‹
1689 4086 1842 4131 tuum
1865 4116 1880 4140 ,
1903 4095 1921 4126 ι

356 4167 568 4238 inquit,
597 4167 690 4237 qui
722 4181 880 4230 oras,
911 4173 965 4221 et
993 4165 1085 4237 qui
1121 4166 1252 4220 talia
1285 4167 1352 4222 de
1386 4168 1589 4237 populo
1619 4175 1674 4224 et
1700 4167 1768 4222 de
1806 4168 1929 4222 loco

358 4246 596 4313 civitatis
622 4256 832 4313 dixisti.
869 4255 1047 4312 Verba
1078 4256 1252 4327 ipsius
1298 4257 1485 4315 Daniel
1530 4260 1633 4313 hoc
1675 4259 1836 4315 modo
1867 4274 1927 4315 se

356 4349 559 4405 habent
588 4368 601 4405 :
637 4368 656 4401 ι
685 4350 978 4405 Avertatur
1019 4349 1174 4405 furor
1212 4359 1343 4406 tuus
1385 4358 1440 4406 et
1482 4351 1563 4405 ira
1606 4359 1702 4406 tua
1731 4366 1760 4405 a
1791 4352 1927 4407 civi-

354 4447 467 4494 tate
499 4448 594 4495 tua
623 4437 926 4495 Jerusalem
958 4447 1013 4496 et
1046 4448 1230 4496 monte
1263 4448 1453 4497 sancto
1478 4448 1574 4496 tuo
1600 4440 1665 4497 “.
1700 4461 1719 4494 ι
1744 4441 1877 4498 Item
1905 4462 1919 4499 :
1952 4474 2000 4530 Β

359 4551 379 4583 ε
409 4530 649 4609 Populus
687 4538 817 4588 tuus
845 4531 1021 4588 factus
1049 4542 1134 4588 est
1164 4533 1221 4588 in
1265 4533 1618 4604 opprobrium
1664 4534 1920 4591 omnibus

353 4623 412 4677 in
439 4623 671 4678 circuitu
702 4630 892 4678 nostro
921 4624 987 4676 ".
1014 4642 1033 4676 ι
1060 4622 1126 4676 Ει
1152 4638 1345 4680 rursus
1375 4643 1388 4679 :
1419 4641 1439 4676 ι
1463 4621 1701 4680 Ostende
1726 4623 1921 4680 faciem

350 4724 504 4771 tuam
560 4733 725 4787 super
769 4720 1144 4774 sanctuarium
1186 4729 1375 4783 tuum,
1435 4721 1582 4791 quod
1643 4719 1922 4776 desertum

351 4814 437 4863 est
468 4808 539 4861 ⁸³.
573 4827 593 4859 ι
624 4810 691 4863 Et
721 4825 912 4865 rursus
942 4828 957 4866 :
986 4829 1005 4861 ι
1040 4808 1177 4865 Vide
1216 4810 1497 4866 interitum
1537 4802 1776 4867 civitatis
1814 4819 1921 4867 tum

352 4916 519 4972 super
563 4916 726 4971 quam
775 4901 1086 4958 invocatum
1134 4913 1219 4959 est
1269 4918 1468 4959 nomen
1498 4912 1649 4958 tuum
1686 4904 1753 4962 ³⁸.
1792 4924 1811 4957 ι
1842 4905 1921 4961 Ac

352 4993 653 5064 deinceps:
685 5013 703 5045 ι
738 4992 876 5060 Quia
922 5008 1122 5048 nomen
1153 5001 1307 5050 tuum
1352 4996 1664 5051 invocatum
1700 5004 1784 5052 est
1821 5012 1917 5052 su-

352 5098 451 5152 per
480 5083 756 5138 civitatem
790 5092 940 5138 tuam
961 5121 977 5147 ,
1009 5090 1064 5138 et
1101 5097 1267 5154 super
1305 5085 1567 5155 populum
1601 5093 1754 5139 tuum
1792 5085 1858 5137 ⁸⁸.
1894 5105 1914 5138 ι

352 5175 583 5232 Talibus
626 5192 752 5231 cum
797 5183 1043 5241 orasset,
1077 5177 1329 5248 adjunxit
1358 5198 1372 5233 :
1403 5196 1422 5230 ι
1457 5177 1524 5232 Et
1571 5194 1697 5233 eum
1741 5177 1920 5233 adhuc

352 5267 607 5338 loquerer
641 5277 696 5324 et
736 5284 986 5335 orarem,
1028 5285 1158 5326 ecce
1207 5268 1426 5327 Gabriel
1471 5289 1631 5343 quem
1677 5272 1918 5327 videram

353 5358 411 5413 in
444 5361 654 5415 visione
683 5376 834 5426 mea,
866 5363 1058 5418 volans
1092 5362 1268 5433 tetigit
1298 5379 1384 5418 me
1407 5403 1423 5431 ,
1459 5373 1515 5419 et
1545 5364 1684 5419 dixit
1714 5379 1778 5418 ea
1813 5365 1922 5418 uti-

353 5462 461 5516 que
507 5464 628 5518 qua:
671 5451 922 5520 superius
959 5451 1233 5523 descripta
1277 5452 1468 5509 babes.
1502 5474 1521 5506 ι
1558 5452 1725 5525 385
1752 5452 1920 5510 Plane

354 5537 521 5607 igitur
553 5539 608 5592 in
640 5541 725 5594 his
782 5544 1045 5613 propheta
1084 5560 1197 5602 non
1237 5545 1561 5616 simpliciter
1602 5546 1912 5613 civitatem,

2026 1883 2181 1955 ἡμῶν
2210 1882 2351 1939 κατὰ
2384 1883 2585 1947 κοινοῦ,
2631 1883 2704 1947 ὡς
2736 1879 2872 1937 εἶναι
2918 1885 2978 1937 τὸ
3005 1884 3293 1956 λεγόμενον
3335 1883 3591 1948 τοιοῦτον,

2033 1995 2051 2028 ι
2076 1976 2196 2030 Ἐπὶ
2213 1976 2303 2030 τὸν
2321 1975 2447 2029 λαόν
2472 1992 2587 2042 σου,
2613 1977 2707 2030 καὶ
2734 1977 2826 2030 ἐπὶ
2852 1977 2951 2048 τὴν
2969 1977 3122 2031 πόλιν
3143 1977 3243 2048 τὴν
3260 1977 3418 2045 ἁγίαν
3444 1993 3589 2040 σου,ι

2027 2068 2104 2131 ὼς
2146 2070 2194 2121 εί
2234 2070 2465 2137 ἔφασκε·
2525 2066 2637 2140 Τὴν
2698 2071 2782 2123 σοὶ
2840 2070 3226 2141 νενομισμένην
3290 2068 3470 2138 ἁγίαν.
3522 2067 3596 2122 Τδ

2029 2158 2160 2229 γοῦν
2184 2158 2488 2231 Ἐϐραῖκδν,
2511 2159 2607 2214 καὶ
2633 2160 2684 2213 οἱ
2708 2160 2882 2214 λοιποὶ
2914 2159 3214 2232 συμφώνως
3243 2160 3597 2232 έρμηνευταὶ,

2029 2254 2091 2306 οὐ
2128 2252 2286 2324 μόνον
2314 2251 2406 2307 ἐπὶ
2437 2251 2531 2305 τοῦ
2563 2251 2717 2317 λαοῦ,
2752 2251 2886 2306 ἀλλά
2914 2253 3008 2306 καὶ
3041 2254 3132 2306 ἐπὶ
3159 2253 3257 2323 τῆς
3294 2251 3499 2309 πόλεως
3535 2251 3603 2305 τὸ

2028 2341 2142 2396 σοῦ
2176 2341 2563 2413 προσκείμενον
2584 2341 2941 2413 περιέχουσιν.
2976 2341 3033 2395 '0
3062 2340 3191 2411 γοῦν
3230 2340 3457 2404 Ἀκύλας
3491 2358 3602 2411 φη-

2031 2432 2134 2485 σίν·
2169 2451 2189 2483 ι
2226 2432 2350 2485 Ἐπὶ
2379 2431 2469 2485 τὸν
2510 2429 2637 2485 λαόν
2667 2449 2780 2496 σου,
2812 2431 2906 2486 καὶ
2936 2432 3029 2484 ἐπὶ
3071 2431 3223 2485 πόλιν
3259 2430 3604 2503 ἡγιασμένην

2031 2543 2147 2579 σου·
2178 2545 2196 2577 ι
2220 2527 2248 2579 6
2273 2526 2329 2580 δὲ
2358 2524 2670 2597 Σύμμαχος·
2699 2544 2716 2576 ι
2744 2524 2906 2579 Κατὰ
2952 2524 3046 2580 τοῦ
3074 2523 3204 2578 λαοῦ
3234 2540 3347 2586 σου,
3372 2525 3467 2577 καὶ
3499 2524 3601 2594 τῆς

2031 2617 2237 2681 πόλεως
2270 2617 2369 2689 τῆς
2393 2616 2555 2687 ἁγίας
2588 2632 2701 2670 σου.
2728 2636 2747 2667 ›
2775 2615 2934 2669 Ὅθεν
2967 2616 3061 2669 καὶ⁵
3093 2614 3242 2687 παρὰ
3281 2616 3395 2676 τοῖς
3437 2614 3600 2685 ἀκρι-

2029 2709 2180 2762 ϐέσιν
2216 2709 2567 2781 ἀντιγράφοις
2619 2707 2727 2762 τῶν
2767 2705 3159 2779 Ἐὁδομήκοντα
3207 2706 3267 2760 τὸ
3298 2705 3415 2761 σοῦ
3462 2705 3601 2777 μετὰ

2030 2800 2352 2873 ἀστερίσκου
2387 2799 2741 2872 παραθέσεως
2781 2799 3118 2871 πρόσκειται.
3168 2798 3319 2852 Ἐπεὶ
3363 2796 3475 2867 γὰρ
3511 2798 3602 2850 εὐ-

2032 2888 2258 2961 ξάμενος
2288 2888 2485 2960 Δανιὴλ
2524 2889 2582 2941 έν
2607 2890 2720 2951 τοῖς
2748 2887 2847 2958 τῆς
2900 2886 3107 2950 ἱκεσίας
3157 2885 3320 2940 αὑτοῦ
3365 2886 3598 2957 ῥήμασι,

2031 2979 2291 3044 πολλάκις
2315 2979 2407 3033 τὸν
2451 2978 2547 3050 μὲν
2578 2978 2725 3044 λαὸν,
2760 2978 2893 3031 Θεοῦ
2938 2978 3065 3031 λαὸν
3092 2978 3338 3049 ὠνόμασε
3357 3017 3373 3041 ,
3406 2976 3500 3031 τὸν
3541 2973 3603 3030 δὲ

2030 3074 2130 3145 τῆς
2163 3070 2369 3135 πόλεως
2403 3071 2587 3135 τόπον,
2626 3070 2780 3139 ’ἅγιον
2803 3068 2935 3122 Θεοῦ
2972 3069 3154 3132 τόπον,
3187 3066 3548 3139 ἀντιστρέψας
3572 3068 3604 3121 6

2036 3161 2407 3236 χρηματίζων,
2458 3159 2581 3214 οὔτε
2618 3161 2716 3230 τὴν
2760 3160 2912 3213 πόλιν
2960 3159 3116 3228 ἁγίαν
3140 3159 3234 3213 τοῦ
3267 3156 3400 3212 Θεοῦ
3421 3198 3436 3221 ,
3474 3158 3603 3212 οὔτε

2032 3255 2123 3308 τὸν
2153 3253 2279 3307 λαὸν
2308 3249 2402 3305 τοῦ
2425 3250 2558 3305 Θεοῦ
2590 3246 2728 3304 εἷναι
2754 3250 3020 3321 ὁμολογεῖ,
3048 3249 3183 3304 ἀλλὰ
3218 3267 3238 3301 ι
3267 3248 3359 3302 σοῦ
3400 3267 3419 3299 ι
3464 3266 3604 3320 φησι

2031 3345 2125 3399 τοῦ
2193 3343 2648 3416 προσευχομένου,
2718 3342 2812 3395 καὶ
2858 3341 3082 3396 τοιαῦτα
3135 3342 3264 3413 περὶ
3309 3339 3404 3394 τοῦ
3464 3340 3603 3394 λαοῦ

2033 3438 2126 3497 καὶ
2147 3434 2241 3488 τοῦ
2268 3435 2434 3492 τόπου
2461 3433 2554 3487 καὶ
2586 3433 2686 3504 τῆς
2708 3432 2916 3496 πόλεως
2950 3431 3250 3503 εἰρηκότος.
3283 3432 3508 3501 Ἔχουσι
3544 3431 3605 3484 δὲ

2030 3528 2123 3580 τοῦ
2171 3526 2368 3596 Δανιὴλ
2395 3525 2451 3580 αἱ
2501 3525 2674 3594 φωναὶ
2699 3522 2897 3587 οὕτως·
2925 3541 2944 3575 1
2980 3523 3410 3595 Ἀποστραφήτω
3464 3522 3531 3592 δὴ
3576 3525 3608 3577 6

2031 3617 2200 3689 θυμός
2233 3633 2359 3684 σου,
2409 3617 2570 3687 καὶὴ
2621 3616 2756 3687 ὀργή
2816 3631 2908 3667 σου
2943 3614 3050 3668 ἀπὸ
3094 3614 3195 3685 τῆς
3244 3612 3451 3677 πόλεώς
3503 3631 3603 3667 σου

2041 3704 2394 3778 Ἰερουσαλὴμ
2422 3703 2582 3776 ὅρους
2624 3703 2777 3772 ἁγίου
2831 3720 2959 3756 σου·
2985 3722 3004 3755 ι
3035 3704 3148 3757 καί·
3189 3723 3207 3755 ‹
3249 3704 3305 3757 '0
3342 3704 3470 3768 λαός
3504 3722 3602 3758 σου

2029 3796 2247 3863 ἐγένετο
2267 3796 2345 3857 είς
2365 3793 2664 3865 ὀνειδισμὸν
2684 3794 2741 3848 ὲν
2763 3795 2896 3846 πᾶσι
2917 3796 3028 3857 τοῖς
3049 3793 3358 3866 περικύκλῳ
3382 3796 3415 3866 ἡ
3423 3794 3563 3865 μῶν·
3577 3815 3596 3847 ι

2030 3887 2125 3940 καὶ
2156 3885 2348 3940 πάλιν·
2394 3905 2413 3937 t
2460 3886 2749 3956 Ἐπίφανον
2801 3886 2861 3939 τὸ
2913 3886 3200 3958 πρόσωπόν
3252 3903 3342 3939 σου
3391 3887 3486 3940 ἐπὶ
3537 3886 3602 3940 τὸ

2030 3977 2277 4049 ἁγίασμά
2303 3995 2396 4034 σου
2423 3977 2483 4031 τὸ
2510 3976 2714 4049 ἔρημον
2732 3994 2746 4007 ·
2785 3995 2804 4030 ι
2840 3978 2934 4031 καὶ
2960 3973 3111 4042 αὖθις
3129 3994 3142 4007 ·
3169 3997 3186 4029 t
3214 3977 3317 4031 Ἴδε
3339 3977 3429 4031 τὸν
3454 3978 3597 4047 ἁφα-

2030 4069 2219 4140 νισμδν
2251 4071 2351 4141 τῆς
2384 4068 2590 4130 πόλεώς
2619 4087 2734 4134 σου,
2758 4071 2842 4140 ἐφ’
2865 4065 2935 4143 ἧς
2960 4069 3311 4141 ἐπικέκληται
3336 4070 3398 4123 τὸ
3426 4069 3602 4141 ὄνομά

2031 4176 2124 4212 σου
2152 4162 2237 4213 ἐπ’
2269 4160 2469 4231 αὐτῆς·
2493 4179 2512 4211 ι
2551 4160 2646 4214 καὶ
2672 4159 2831 4232 ἑξῆς·
2860 4161 2981 4214 Ὅτι
3031 4162 3093 4214 τὸ
3134 4159 3304 4231 ὄνομά
3359 4178 3453 4213 σου
3498 4162 3601 4214 61:-

2027 4253 2227 4324 εκλήθη
2274 4253 2366 4306 ἐπὶ
2397 4253 2494 4324 τὴν
2547 4252 2698 4307 πόλιν
2749 4270 2840 4306 σου
2884 4253 2979 4306 καὶ
3008 4253 3100 4306 ἐπὶ
3140 4253 3230 4307 τὸν
3259 4253 3385 4307 λαόν
3428 4270 3543 4306 σου.
3573 4274 3594 4307 ι

2029 4343 2263 4400 Τοιαῦτα
2288 4343 2582 4414 εὐξάμενος
2601 4343 2839 4412 ἐπιλέγει
2862 4360 2876 4373 °
2907 4366 2924 4395 ι
2944 4345 3055 4399 Καὶ
3080 4343 3159 4398 ἔτι
3186 4361 3287 4414 μου
3312 4343 3601 4409 λαλοῦντος

2028 4439 2123 4492 και¹
2155 4436 2591 4509 προσευχομένου
2613 4476 2629 4502 ,
2668 4437 2775 4490 ἰδοὺ
2822 4436 3097 4508 Γαϐριὴλ,
3137 4437 3196 4491 ὃν
3227 4433 3364 4490 εἶδον
3418 4439 3478 4490 ὲν
3527 4440 3596 4510 τῇ

2026 4530 2213 4602 ὁράσει
2242 4546 2366 4600 μου,
2397 4529 2709 4599 πετόμενος,
2737 4528 2832 4583 καὶ
2861 4528 3035 4600 ἣψατό
3063 4546 3186 4600 μου,
3217 4531 3311 4583 καὶ
3340 4528 3462 4582 εἷπε
3486 4550 3505 4582 ι
3528 4530 3599 4582 τὰ

2028 4618 2508 4691 ἀναγεγραμμένα.
2554 4618 2748 4689 Σαφῶς
2777 4613 2869 4672 οῦν
2912 4617 3001 4673 διὰ
3045 4617 3248 4672 τούτων
3273 4618 3301 4671 6
3336 4618 3433 4689 μὲν
3461 4634 3599 4690 προ-

2028 4714 2203 4786 φήτης
2230 4712 2384 4766 πόλιν
2402 4713 2500 4783 οὐχ
2512 4710 2716 4777 ἁπλῶς,
2743 4710 2877 4765 ἀλλὰ
2911 4730 2930 4764 t
2953 4710 3048 4764 τοῦ
3080 4710 3214 4765 Θεοῦ
3238 4710 3392 4766 πόλιν
3423 4729 3443 4763 ι
3464 4710 3598 4764 ὠνό-

2030 4821 2188 4874 μασε,
2216 4802 2391 4857 καὶτὸ
2419 4803 2664 4874 ἁγίασμα
2695 4821 2714 4855 t
2741 4802 2834 4857 τοῦ
2862 4803 2996 4857 Θεοῦ
3020 4804 3287 4874 ἁγίασμα,
3313 4821 3332 4856 ι
3363 4802 3460 4856 καὶ
3508 4802 3599 4855 τὸν

2027 4895 2155 4950 λαὸν
2175 4915 2194 4947 ι
2216 4894 2311 4950 τοῦ
2332 4894 2466 4949 Θεοῦ
2484 4895 2627 4960 λαὸν,
2641 4915 2658 4948 ι
2676 4895 2905 4949 διαθέσει
2918 4899 2982 4968 τῇ
3001 4895 3235 4966 πρὺςτδν
3244 4893 3598 4949 λαόν.υὺκέτι

2031 4991 2138 5062 μὴν
2162 4989 2259 5044 καὶ
2286 4992 2315 5043 6
2345 4989 2586 5062 Γαόριὴλ
2609 4989 2811 5061 ὁμοίως
2834 4987 2984 5060 αὐτῷ
3004 4986 3157 5041 καλεῖ
3172 4985 3242 5041 τὰ
3268 4983 3594 5058 δηλούμενα,

2028 5082 2263 5154 ἔμπαλιν
2295 5083 2373 5147 δὲ,
2394 5103 2413 5135 ‹
2445 5083 2568 5136 Ἐπὶ
2602 5082 2693 5136 τὸν
2714 5081 2841 5136 λαόν
2874 5099 2987 5147 σου,
3010 5102 3028 5134 ι
3046 5083 3197 5154 φησὶ,
3222 5102 3242 5135 ι
3272 5083 3367 5137 καὶ
3382 5083 3473 5136 ἐπὶ
3500 5080 3596 5154 τὴν

2029 5176 2182 5231 πόλιν
2202 5177 2301 5249 τὴν
2323 5176 2483 5245 ἁγίαν
2510 5192 2624 5242 σου,
2637 5194 2656 5227 ι
2677 5175 2956 5245 μονονουχὶ
2974 5175 3066 5228 καὶ
3086 5175 3184 5243 τὴν
3200 5174 3373 5238 πόλιν,
3391 5173 3595 5228 καὶτὸν

2021 5267 2169 5336 λαὸν,
2185 5267 2360 5322 καὶτὸ
2382 5267 2628 5338 ἁγίασμα
2655 5265 2870 5331 ἀνάξιον
2888 5261 3024 5320 εἶναι
3047 5266 3145 5337 τῆς
3159 5263 3252 5318 τοῦ
3268 5263 3402 5317 Θεοῦ
3430 5280 3597 5336 προσ-

2019 5362 2247 5432 ηγορίας
2290 5362 2594 5432 ἀποφήνας.
2635 5359 2897 5413 Τοσοῦτον
2923 5358 2989 5431 δὴ
3017 5354 3109 5412 οὖν
3148 5358 3339 5431 χρόνον
3364 5357 3595 5430 ὡρίσθαι

2022 5452 2164 5506 κατὰ
2199 5452 2294 5506 τοῦ
2326 5452 2457 5506 λαοῦ
2482 5454 2717 5533 πρῶτον,
2749 5453 2939 5507 ἔπειτα
2971 5452 3065 5505 καὶ
3098 5450 3239 5506 κατὰ
3261 5450 3364 5522 τῆς
3390 5450 3595 5513 πόλεως

2019 5546 2259 5601 διδάσκει
2277 5587 2291 5613 ,
2326 5546 2421 5600 καὶ
2459 5545 2710 5611 τοσοῦτός
2737 5563 2799 5615 γε
2836 5544 2911 5598 ὢν
2961 5541 3335 5598 ἀποδείκνυται
3370 5540 3480 5597 ἀπὸ
3498 5539 3595 5612 τῆς

426 5695 470 5725 ⁸ο
512 5692 682 5747 Exod.
718 5712 899 5762 χχιιι,
933 5698 986 5754 7.
1065 5700 1107 5731 “
1149 5698 1283 5754 Dan.
1324 5717 1406 5766 Ix,
1444 5701 1526 5755 16.
1604 5703 1647 5733 ⁸³
1687 5700 1817 5757 ibid.
1896 5702 1925 5731 “

2028 5701 2108 5755 ιιι.
2146 5701 2231 5759 l7.
2308 5701 2352 5734 “
2393 5701 2523 5759 ibid.
2567 5703 2648 5758 i8.
2727 5704 2770 5735 ⁸⁵
2812 5700 2945 5756 ibid.
2980 5699 3062 5762 19.
