3908 6266
307 341 405 398 601

1165 328 1820 392 DEMONSTRATIONIS
1856 327 2318 385 EVANGELIC/E
2358 327 2486 384 LIB.
2529 325 2662 381 VIII.

3438 322 3544 380 603

307 456 659 520 ἀνανεώσεως
688 454 787 526 τῆς
822 451 1188 525 Ἰερουσαλὴμ,
1210 451 1240 505 6
1261 451 1480 520 γέγονεν
1512 452 1605 503 ἐπὶ
1653 446 1875 518 Δαρείου

1986 443 2074 500 sed
2105 462 2123 495 ι
2155 443 2250 499 Dei
2284 444 2564 500 civitatem
2586 484 2600 508 ,
2633 463 2652 497 ι
2686 442 3019 506 nominavit,
3048 448 3102 496 et
3130 441 3502 497 sanctuarium
3523 483 3541 510 ,

306 551 401 607 τοῦ
455 547 683 620 Περσιῖιν
720 545 980 617 βασιλέως
1000 585 1015 610 ,
1048 544 1207 616 μέχρι
1245 544 1344 614 τῆς
1390 541 1699 610 Αὐγούστου
1750 539 1877 591 Ῥω-

312 643 487 717 μαίων
518 641 964 711 ἐπικρατήσεως,
1015 637 1253 707 Ἡρώδου
1296 652 1356 689 τε
1407 633 1675 688 Ἰουδαίων
1727 632 1877 704 βασι-

306 733 465 800 λέως,
499 731 799 802 ἀλλοφύλου
832 731 893 784 τὸ
915 730 1093 799 γένος,
1127 728 1246 782 καθ’
1274 727 1367 791 οὓς
1396 726 1465 780 τὰ
1493 727 1592 796 τῆς
1615 725 1879 795 γενέσεως

310 827 604 897 ἱστορεῖται
646 824 740 876 τοῦ
783 822 1033 892 Σωτῆρος
1059 819 1216 891 ἡμῶν
1238 860 1252 884 ,
1303 819 1378 881 ὡς
1423 818 1451 871 6
1479 816 1634 884 λόγος
1674 813 1878 885 προῖὼν

309 916 583 980 ἐπιδείξει.
631 914 788 985 Ἑξῆς
832 914 889 967 δὲ
940 912 1213 982 ἐπιλέγει’
1268 931 1286 964 ι
1326 909 1434 963 Τοῦ
1471 905 1881 976 συντελεσθῆναι

305 1008 621 1080 ἁμαρτίαν,
668 1006 764 1061 καὶ
807 1005 901 1060 τοῦ
952 1005 1247 1078 σφραγίσαι
1296 1001 1596 1074 ἁμαρτίαν,
1626 1000 1718 1054 καὶ
1769 1000 1879 1053 ἁπ-

306 1100 525 1169 αλεῖψαι
572 1098 831 1169 ἀνομίας,
872 1096 1086 1151 καὶτοῦ
1111 1095 1456 1160 ἐξιλάσασθαι
1506 1092 1738 1156 ἀδικίας,
1785 1092 1881 1144 καὶ

307 1191 539 1260 ἀγαγεῖν
579 1188 927 1258 δικαιοσύνην
981 1187 1196 1241 αἰώνιον
1219 1226 1234 1251 ,
1285 1187 1381 1240 καὶ
1432 1182 1526 1237 τοῦ
1586 1182 1881 1253 σφραγίσαι

306 1279 521 1350 ὅρασιν,
551 1278 647 1332 καὶ
677 1278 986 1349 προφήτην,
1020 1277 1114 1330 καὶ
1142 1274 1237 1329 τοῦ
1260 1278 1442 1345 χρῖσαι
1467 1273 1620 1342 ἆγιον
1640 1273 1830 1342 ἁγίων.
1857 1291 1876 1324 ι

319 1370 467 1424 Ἀντὶ
503 1370 603 1441 μὲν
632 1365 724 1423 οὖν
753 1389 771 1420 ι
796 1368 889 1422 τοῦ
916 1367 1329 1437 συντελεσθῆναι
1355 1366 1648 1437 ἁμαρτίαν,
1679 1366 1771 1419 καὶ
1787 1363 1879 1418 τοῦ

307 1461 609 1533 σφραγίσαι
640 1461 943 1532 ἁμαρτίαν,
982 1478 1001 1511 ι
1036 1460 1066 1512 6
1103 1458 1328 1522 Ἀκύλας
1375 1458 1672 1529 πεποίηκε,
1724 1476 1741 1509 ι
1773 1455 1879 1509 Τοῦ

305 1554 622 1608 συντελέσαι
664 1551 765 1624 τὴν
814 1549 1065 1615 ἀθεσίαν,
1113 1548 1331 1603 καὶτοῦ
1375 1548 1657 1619 τελειῶσαι
1706 1549 1884 1619 ἁμαρ-

298 1649 444 1701 τίαν.
470 1666 489 1697 ι
521 1646 593 1699 Τὸ
616 1643 746 1715 γὰρ,
774 1662 792 1695 ι
816 1640 1146 1713 Πληρώσατε
1172 1641 1232 1694 τὺ
1270 1642 1463 1712 μέτρον
1490 1639 1597 1693 τῶν
1625 1640 1882 1709 ,πατέρων

302 1739 482 1811 ὑμῶν,
517 1758 536 1791 ι
566 1738 855 1810 εἰρημένον
883 1737 988 1791 ὑπὸ
1011 1735 1107 1789 τοῦ
1136 1734 1382 1805 Σωτῆρος
1408 1731 1562 1803 ήμῶν
1588 1731 1724 1803 πρὸς
1756 1731 1882 1793 τοὺς

300 1834 367 1885 ἐκ
402 1830 741 1902 περιτομῆς,
791 1829 884 1881 καὶ
930 1826 1017 1880 διὰ
1054 1825 1256 1879 τούτων
1300 1820 1452 1895 οἶμαι
1490 1821 1874 1894 παρίστασθαι.

311 1922 441 1975 Ἐπὶ
465 1921 577 1992 γὰρ
608 1921 707 1991 τῆς
736 1921 857 1973 κατ’
891 1917 1055 1971 αὐτοῦ
1080 1916 1442 1988 τολμηθείσ-ης
1480 1916 1573 1969 τοῦ
1612 1914 1880 1969 Ἰουδαίων

296 2012 490 2078 ἔθνους
512 2014 803 2086 ἐπιϐουλῆς
832 2013 1184 2083 συνετελέσθη
1216 2012 1394 2066 αὐτῶν
1433 2013 1466 2084 ἡ
1495 2011 1757 2083 ἁμαρτία,
1789 2010 1883 2063 καὶ

295 2108 332 2179 ἡ
367 2108 513 2180 πρὸς
537 2107 628 2160 τὸν
674 2106 839 2170 Θεὸν,
868 2104 1010 2160 κατά
1054 2106 1146 2159 τὸν
1184 2105 1446 2168 Ἀκύλαν,
1497 2103 1691 2158 ἁθεσία
1733 2102 1884 2166 τέλος

296 2201 517 2272 εἴληφε.
573 2200 748 2254 Πάλαι
794 2199 893 2271 μὲν
940 2198 1049 2271 γὰρ
1093 2198 1354 2270 πρότερον
1394 2197 1584 2268 ἐφερεν
1621 2196 1818 2258 αὐτοὺς
1846 2196 1880 2265 ἡ

294 2294 396 2347 τοῦ
419 2294 557 2347 Θεοῦ
587 2294 956 2365 μακροθυμία,
986 2293 1154 2364 μυρία
1180 2293 1280 2345 ὅσα
1306 2290 1753 2363 πλημμελοῦντας
1779 2291 1884 2359 πρὸ

293 2391 401 2461 τῆς
432 2387 529 2441 τοῦ
559 2387 813 2458 Σωτῆρος
835 2389 867 2457 ἡ
876 2385 991 2457 μῶν
1014 2384 1334 2456 παρουσίας,
1358 2382 1640 2455 ὡσπεροῦν
1662 2383 1751 2437 διά
1774 2382 1882 2437 τῶν

292 2480 663 2552 προφητικῶν
691 2478 1069 2533 ἀποδείκνυται
1100 2477 1301 2547 λόγωνο
1356 2476 1493 2548 πλὴν
1538 2475 1652 2530 ἀλλ’
1695 2475 1882 2547 ὥσπερ

292 2576 394 2628 ἐπὶ
426 2574 539 2627 τῶν
581 2572 750 2626 πάλαι
795 2571 893 2642 τὴν
935 2572 1036 2640 γῆν
1078 2570 1180 2640 τῆς
1216 2568 1548 2637 ἐπαγγελίας
1595 2565 1883 2620 οίκούντων

291 2665 621 2735 ἀλλοφύλων
654 2663 838 2735 εἴρητο
861 2662 938 2732 τῷ
978 2661 1229 2732 Ἀϐραάμ
1258 2676 1271 2690 ·
1306 2679 1322 2712 ι
1358 2658 1523 2713 Οῦπω
1549 2658 1658 2731 γὰρ
1683 2660 1885 2712 ἀναπε-

293 2757 624 2828 πλήρωνται
653 2756 708 2808 αἱ
749 2754 1012 2825 ἁμαρτίαι
1056 2752 1165 2806 τῶν
1205 2751 1545 2823 Ἀμορραίων
1565 2768 1579 2781 ο
1613 2770 1631 2802 ι
1660 2751 1755 2805 καὶ
1780 2748 1884 2814 ἕως

292 2848 537 2920 μηδέπω
560 2844 700 2919 ἦσαν
749 2845 1241 2917 ἐκπεπληρωμέναι
1264 2886 1278 2910 ,
1317 2845 1418 2898 οὐκ
1463 2842 1754 2913 ὴλαύνοντό
1798 2861 1885 2897 πω

288 2942 341 2993 οἱ
380 2940 709 3010 Ἀμορῤαῖοι
761 2941 861 3009 τῆς
895 2938 1151 3008 πατρῴας
1186 2938 1309 3007 γῆς.
1362 2935 1515 2987 Ἐπεὶ
1547 2934 1605 2987 δὲ
1637 2932 1886 3004 ἐπληρώ-

291 3030 483 3100 θησαν
536 3030 593 3082 αἱ
652 3028 921 3100 ἁμαρτίαι
957 3025 1154 3090 αὐτῶν,
1209 3024 1508 3092 τηνικαῦτα
1559 3022 1758 3086 πάντες
1801 3021 1887 3089 ἐξ·

289 3120 718 3191 ωλοθρεύθησαν
748 3121 840 3173 ἐπὶ
871 3118 979 3173 τῶν
1020 3117 1192 3190 Ἰησοῦ
1233 3116 1326 3170 τοῦ
1368 3116 1611 3181 Μωσέως
1643 3114 1884 3185 διαδόχου

288 3214 517 3286 χρόνων
542 3228 554 3242 ’
587 3210 729 3266 οῦτω
756 3213 852 3265 καὶ
895 3212 989 3264 ἐπὶ
1021 3210 1115 3263 τοῦ
1165 3208 1429 3281 προτέρου
1477 3209 1693 3277 νοήσεις
1732 3205 1882 3259 λαοῦ.

292 3307 454 3368 Ἕως
478 3305 578 3375 μὲν
606 3302 716 3375 γὰρ
747 3303 848 3356 οὐκ
875 3301 1210 3375 ἐπληροῦντο
1239 3299 1417 3354 αὐτῶν
1443 3302 1497 3354 αἱ
1525 3298 1810 3370 ἁμαρτίαι,
1850 3299 1883 3369 ἡ

287 3397 390 3452 τοῦ
423 3394 566 3449 Θεοῦ
600 3397 766 3466 ἀνοχὴ
795 3395 889 3448 καὶ
932 3393 1280 3466 μακροθυμία
1323 3391 1514 3462 ἔφερεν
1555 3392 1770 3457 αὐτοὺς,
1807 3392 1887 3454 είς

289 3484 644 3556 ἐπιστροφὴν
671 3485 927 3537 ἑκάστοτε
949 3481 1402 3555 προσκαλουμένη
1437 3478 1524 3533 διὰ
1546 3479 1653 3533 τῶν
1679 3495 1889 3551 προφη-

286 3579 431 3634 τῶν.
452 3577 607 3630 Ἐπεὶ
632 3576 688 3628 δέ
707 3574 848 3628 κατὰ
867 3574 966 3645 τὴν
988 3571 1256 3644 σωτηρίαν
1283 3571 1464 3640 φωνὴν
1489 3570 1808 3641 ἐπλήρωσαν
1827 3569 1888 3621 τὸ

292 3670 507 3744 μέτρον
554 3667 663 3721 τῶν
698 3666 946 3738 πατέρων
988 3648 1187 3728 αὐτῶν,
1222 3663 1364 3716 οὕτω
1389 3661 1434 3713 6‘
1460 3660 1524 3714 ἂν
1547 3661 1723 3714 πάντα
1761 3676 1884 3713 συν-

288 3762 546 3833 αχθέντα
575 3758 716 3813 κατὰ
741 3759 803 3812 τὺ
831 3759 961 3812 αὐτὸ
992 3757 1083 3810 τὸν
1127 3754 1350 3825 ἔσχατον
1378 3755 1562 3817 αὐτοῖς
1599 3752 1890 3824 κατειργά-

292 3871 437 3910 σατο
463 3852 706 3924 ὄλεθρον,
740 3848 1022 3922 ὡσπεροῦν
1055 3847 1215 3901 πάλιν
1242 3847 1402 3910 αὐτὸς
1437 3846 1466 3898 6
1497 3844 1700 3917 Κύριος
1734 3844 1889 3915 ἡμῶν

291 3949 552 4004 διδάσκει
582 3944 783 4013 λέγων·
820 3962 839 3995 ι
872 3943 985 3995 Πᾶν
1024 3936 1162 4011 αἷμα
1194 3938 1419 4009 ἐκχυθὲν
1450 3937 1557 3990 ἀπὸ
1587 3936 1891 4008 καταϐολῆς

293 4043 543 4111 κόσμου,
575 4037 682 4090 ἀπὸ
708 4036 938 4107 αἵματος
965 4032 1131 4086 Ἀϐελ
1167 4031 1262 4085 τοῦ
1290 4030 1497 4084 δικαίου
1526 4029 1632 4095 ἐως
1663 4029 1889 4100 αἵματος

292 4129 602 4201 Ζαχαρίου,
634 4126 785 4197 ἥξειν
835 4124 929 4177 ἐπὶ
974 4123 1074 4194 τὴν
1124 4120 1313 4191 γενεὰν
1344 4119 1563 4191 ταύτην.
1598 4137 1617 4171 ι
1655 4119 1729 4171 Τὸ
1759 4118 1889 4187 γοῦν

292 4224 538 4294 ἔσχατον
585 4219 838 4272 ἁπάντων
873 4215 973 4279 τὰς
1012 4216 1197 4287 χεῖρας
1229 4212 1503 4266 ἐπιϐαλεῖν
1543 4212 1622 4282 τῷ
1650 4211 1766 4282 Υίῷ
1797 4210 1888 4265 τοῦ

292 4312 443 4370 Θεοῦ
494 4311 883 4383 τολμήσαντες,
917 4306 1170 4361 ἐτέλεσαν
1218 4304 1316 4377 τὴν
1367 4304 1611 4370 ἀθεσίαν,
1642 4305 1736 4357 καὶ
1782 4306 1893 4356 ἐτε-

292 4409 544 4461 λείωσαν
571 4403 667 4474 τὴν
701 4401 904 4455 ἑαυτῶν
930 4398 1220 4471 ἁμαρτίαν,
1246 4397 1386 4451 κατά
1412 4397 1511 4467 τὴν
1544 4395 1768 4449 Ἀκύλου
1803 4397 1891 4467 ἐρ-

1985 558 2003 588 (
2036 537 2129 592 Dei
2155 539 2526 592 sanetuarium
2546 578 2562 603 ,
2583 557 2603 590 ι
2623 546 2675 599 et
2700 538 2955 608 populum
2978 576 2994 601 ,
3027 555 3045 587 ι
3078 534 3172 589 Dei
3200 535 3456 605 populum
3478 574 3492 597 ,
3519 554 3538 586 ι

1978 629 2056 682 ita
2086 628 2341 683 videlicet
2369 628 2553 682 animo
2594 643 2725 698 erga
2768 629 2921 681 illum
2972 626 3228 697 populum
3273 625 3542 681 allectus:

1980 732 2034 774 at
2068 734 2196 774 vero
2226 718 2444 774 Gabriel
2474 735 2587 774 non
2625 719 2753 774 item
2786 726 2846 773 ut
2877 719 2995 788 ipse
3019 758 3033 783 ,
3071 733 3135 772 ea
3164 733 3287 788 qua!
3314 715 3426 787 jam
3459 717 3546 772 di-

1978 823 2065 866 cta
2097 819 2226 866 sunt
2252 820 2441 875 vocat,
2473 810 2568 866 sed
2597 826 2665 865 ex
2693 813 3002 873 contrario,
3033 829 3051 862 ι
3083 807 3258 879 Super
3285 810 3543 879 populum

1978 914 2166 969 tuum,
2201 906 2412 975 inquit,
2445 913 2499 960 et
2531 920 2695 974 super
2727 903 3002 957 civitatem
3036 910 3279 957 sanctam
3313 909 3494 968 tuam,
3520 921 3540 956 ι

1982 999 2073 1054 ubi
2104 996 2495 1069 propemodum
2527 1006 2580 1052 et
2603 995 2880 1051 civitatem
2902 1036 2917 1062 ,
2947 1005 2997 1048 et
3022 996 3279 1065 populum
3301 1037 3316 1061 ,
3339 1005 3392 1049 et
3416 1011 3546 1050 san-

1980 1092 2250 1147 ctuarium
2284 1090 2376 1145 illa
2400 1089 2492 1144 Dei
2517 1088 2882 1159 appellatione
2914 1087 3137 1157 indigna
3168 1102 3291 1143 esse
3319 1087 3546 1142 demon-

1981 1191 2139 1239 strat.
2164 1182 2396 1236 Tantum
2422 1181 2588 1252 igitur
2609 1178 2871 1249 temporis
2891 1179 3122 1248 Spatium
3149 1177 3380 1247 primum
3411 1192 3545 1229 con-

1981 1280 2065 1326 tra
2105 1272 2397 1343 populum,
2436 1270 2634 1327 deinde
2666 1278 2858 1324 contra
2896 1269 3169 1323 civitatem
3217 1267 3545 1336 praeﬁnitum

1982 1378 2105 1421 esse
2132 1364 2291 1418 docet
2320 1381 2333 1417 :
2366 1371 2419 1418 et
2448 1361 2595 1432 quod
2629 1368 2844 1415 tantum
2877 1360 2978 1421 sit.
3011 1357 3250 1413 ostendit
3279 1374 3344 1411 ex
3378 1372 3542 1412 reno-

1985 1457 2200 1512 vatione
2245 1454 2569 1510 Jerusalem.
2628 1452 2687 1507 ld
2738 1467 2903 1522 porro
2956 1450 3270 1504 continetur
3309 1463 3338 1502 a
3383 1447 3546 1502 Dario

1983 1547 2274 1603 Persarum
2317 1560 2447 1615 rege
2494 1560 2667 1615 usque
2714 1542 2780 1597 ad
2826 1540 3056 1613 Augusti
3107 1541 3442 1595 dominatum
3490 1538 3547 1594 in

1983 1638 2281 1701 Romanos,
2306 1646 2360 1693 et
2384 1636 2649 1693 Herodem
2675 1635 2984 1690 Judmorum
3012 1647 3193 1703 regem
3212 1672 3228 1695 ,
3251 1632 3343 1702 qui
3370 1630 3551 1685 alieno

1983 1747 2182 1804 genere
2223 1737 2385 1785 natus
2419 1740 2534 1794 est,
2568 1742 2801 1799 quorum
2836 1725 3177 1797 temporibus
3218 1739 3281 1780 ea
3329 1740 3451 1794 quae
3480 1721 3550 1777 ad

1984 1835 2160 1881 ortum
2180 1823 2478 1879 Salvatoris
2492 1822 2664 1877 nostri
2680 1821 2967 1891 pertinent,
2991 1825 3336 1881 enarrantur,
3361 1831 3554 1885 quem-

1983 1918 2273 1973 admodum
2305 1914 2523 1986 longius
2577 1927 2864 1983 progressa
2910 1910 3084 1964 oratio
3130 1904 3548 1963 demonstrabit.

1982 2008 2186 2064 Ordine
2218 2006 2476 2075 deinceps
2525 2003 2774 2073 sequitur
2802 2020 2815 2056 ι
2847 1997 2956 2054 «Ut
2985 2004 3396 2053 consummetur
3426 2010 3553 2066 pec-

1983 2109 2164 2158 catum
2186 2140 2200 2164 ,
2232 2108 2288 2155 et
2325 2096 2482 2168 quasi
2523 2095 2728 2148 annulo
2773 2093 3061 2161 signentur
3090 2097 3310 2158 peccata
3332 2126 3346 2151 ,
3376 2094 3431 2141 et
3459 2085 3555 2139 de-

1982 2195 2200 2250 leantur
2237 2190 2590 2260 iniquitates,
2627 2193 2681 2241 et
2709 2184 3001 2252 expientur
3036 2179 3352 2250 injustitiae,
3384 2185 3439 2232 et
3468 2178 3554 2230 in-

1983 2287 2218 2342 ducatur
2237 2282 2451 2353 justitia
2473 2279 2826 2347 sempiterna,
2845 2284 2899 2329 et
2919 2272 3077 2345 quasi
3100 2271 3256 2341 signo
3282 2270 3553 2338 impresso

1985 2377 2276 2434 claudatur
2305 2374 2444 2429 visio
2474 2380 2528 2427 et
2572 2367 2892 2441 prophetia,
2938 2373 2992 2420 et.
3034 2370 3272 2434 ungatur
3316 2360 3557 2414 Sanctus

1985 2477 2322 2527 sanctorum.
2350 2484 2369 2518 ι
2398 2463 2507 2519 Pro
2534 2478 2599 2518 eo
2630 2469 2809 2515 autem
2839 2457 2984 2528 quod
3014 2463 3133 2518 est,
3163 2473 3181 2504 ι
3207 2452 3275 2507 Ut
3303 2466 3555 2506 consum-

1985 2572 2163 2619 inetur
2189 2567 2505 2632 peccatum,
2548 2562 2604 2610 et
2649 2551 2809 2624 quasi
2855 2549 3061 2604 annulo
3103 2547 3386 2616 signentur
3424 2557 3553 2614 pec-

1985 2668 2127 2722 cata,
2159 2675 2177 2707 ι
2206 2653 2402 2725 Aquila
2432 2650 2629 2711 vertit,
2661 2665 2680 2700 ι
2714 2646 2794 2700 Ad
2823 2639 3311 2698 consummandam
3346 2651 3559 2709 pracva-

1987 2749 2337 2809 ricationem,
2369 2751 2423 2798 et
2464 2742 2624 2796 linem
2667 2734 3059 2808 imponendum
3089 2736 3335 2802 peccato.
3367 2747 3388 2781 ι
3419 2726 3556 2781 Illud

1985 2842 2154 2904 enim,
2205 2856 2224 2890 ι
2253 2836 2480 2907 lmplete
2507 2845 2820 2889 mensuram
2850 2836 3065 2899 patrum
3093 2832 3401 2879 vestrorum
3432 2820 3499 2885 “,
3530 2838 3553 2871 ›

1986 2931 2132 3003 quod
2172 2947 2203 2983 a
2245 2927 2527 2983 Salvatore
2564 2931 2755 2979 nostro
2795 2920 2863 2974 ad
2908 2918 3127 2973 Iudaeos
3178 2914 3385 2969 dictum
3428 2918 3556 2975 est,

1988 3027 2150 3082 etiam
2183 3025 2240 3079 in
2270 3023 2357 3077 his
2385 3020 2623 3073 arbitror
2653 3013 2922 3071 contineri
2954 3027 3018 3067 ac
3050 3006 3347 3080 signiﬁcari
3376 3024 3390 3060 :
3421 3020 3548 3059 nam

1914 3138 1956 3196 ο
1990 3121 2119 3176 dum
2160 3117 2391 3173 insidias
2427 3114 2503 3169 illi
2534 3110 2763 3166 Iudaica
2794 3123 2930 3180 gens
2961 3105 3188 3160 mtditur
3216 3109 3271 3157 et
3300 3098 3556 3161 coniicit,

1990 3219 2271 3283 peccatum
2327 3221 2489 3263 suum
2557 3194 3004 3258 consummavit:
3057 3204 3112 3250 et
3163 3192 3445 3263 ejusdem,
3496 3195 3559 3241 ut

1986 3280 2184 3373 Aquila
2220 3302 2417 3364 vertit,
2459 3296 2727 3351 adversus
2768 3291 2937 3346 Deum
2977 3284 3357 3359 praevaricatio
3396 3280 3556 3335 linem

1988 3391 2221 3462 accepit.
2251 3385 2584 3457 Iampridem
2614 3385 2757 3438 enim
2790 3382 2913 3435 illos
2954 3377 3205 3448 quamvis
3247 3374 3560 3427 innumera~

1987 3483 2120 3538 bilia
2175 3487 2401 3550 peccata
2446 3482 2829 3547 perpetrantes
2870 3476 2996 3523 ante
3032 3464 3338 3521 Salvatoris
3382 3463 3558 3516 nostri

1989 3577 2278 3631 adventum
2301 3611 2317 3635 ,
2353 3569 2448 3624 Dei
2476 3577 2660 3622 tamen
2692 3563 2983 3619 clementia
3016 3557 3263 3619 ferebat,
3296 3552 3558 3625 quemad-

1988 3666 2207 3723 modum
2258 3661 2514 3715 videlicet
2563 3654 2883 3729 praphctica
2939 3651 3061 3720 ipsa
3109 3647 3276 3703 verba
3327 3645 3557 3699 demon-

1989 3767 2164 3819 strant
2198 3778 2212 3813 :
2263 3765 2638 3813 verumtamen
2689 3749 2831 3804 sicut
2883 3744 2950 3799 de
2995 3743 3105 3798 illis
3132 3741 3227 3810 qui
3258 3752 3455 3808 genere
3485 3737 3557 3790 ab

1988 3850 2233 3908 Hebraeis
2275 3845 2624 3903 dillerentes,
2688 3848 2890 3893 terram
2930 3830 3314 3904 promissionis
3354 3828 3561 3882 incole-

1988 3945 2121 4000 bant
2141 3940 2209 3994 ad
2238 3937 2509 3993 Abraham
2538 3932 2741 3986 dictum
2759 3933 2842 3981 est
2869 3943 2882 3978 :
2911 3944 2929 3975 ι
2958 3920 3207 3977 Nondum
3236 3920 3381 3975 enim
3403 3931 3558 3970 com-

1988 4037 2134 4109 pleta
2188 4038 2314 4088 sunt
2348 4033 2571 4100 peccata
2625 4018 3108 4076 Amorrbteorum:
3148 4033 3167 4063 ι
3198 4019 3252 4068 et
3301 4008 3561 4080 quamdiu

1990 4102 2260 4196 completa
2300 4136 2408 4176 non
2459 4118 2642 4181 fuere,
2671 4114 2739 4169 de
2776 4119 2921 4167 terra
2963 4110 3206 4179 ipsorum
3252 4102 3425 4174 patria
3464 4116 3561 4155 ex-

1990 4218 2130 4290 pulsi
2158 4231 2266 4270 non
2291 4219 2437 4269 sunt.
2464 4208 2568 4264 Ubi
2595 4215 2775 4261 autem
2804 4201 3072 4270 completa
3096 4204 3260 4259 sunt,
3287 4202 3402 4249 tum
3432 4206 3562 4248 vero

1990 4285 2180 4366 onmes
2220 4309 2274 4362 in
2321 4303 2600 4359 interitmn
2646 4297 2986 4355 inciderunt,
3027 4306 3150 4361 qua:
3201 4302 3334 4343 sane
3377 4285 3561 4340 clades

1993 4406 2114 4460 illos
2151 4401 2362 4469 excepit
2392 4394 2728 4464 temporibus
2777 4390 2923 4443 illius
2971 4385 3097 4441 Jesn
3136 4382 3229 4452 qui
3264 4379 3398 4433 Mosi
3432 4392 3559 4433 suc-

296 4498 543 4572 μηνείαν
564 4513 578 4526 ο
626 4472 768 4549 κατά
814 4493 870 4546 δὲ
921 4494 1046 4554 τοὺς
1082 4491 1494 4570 Ἐϐδομήκοντα,
1526 4488 1680 4559 ἐδέθη
1713 4488 1891 4542 αὐτῶν

1998 4498 2207 4555 cessit:
2240 4494 2315 4548 ita
2350 4491 2518 4546 etiam
2561 4488 2628 4541 de
2670 4483 2854 4554 priore
2888 4480 2988 4533 tibi
3029 4472 3439 4545 intelligendum
3474 4477 3561 4526 est

293 4592 400 4647 καὶ
433 4584 776 4659 ἐσφραγίσθη
810 4584 1128 4657 ἠάμαρτία.
1147 4582 1306 4636 Ἀλλὰ
1346 4583 1467 4635 ἐπεὶ
1499 4582 1572 4653 μὴ
1603 4581 1761 4652 μόνον
1809 4583 1889 4644 είς

293 4683 546 4745 πτῶσιν,
575 4679 714 4733 ἀλλὰ
739 4679 833 4731 καὶ
865 4680 944 4742 είς
978 4677 1271 4732 ἀνάστασιν
1303 4673 1510 4727 πολλῶν
1543 4672 1796 4744 ἐλήλυθεν
1829 4674 1888 4725 ἐν

294 4775 381 4846 τῷ
420 4771 662 4844 Ἰσραὴλ,
691 4769 833 4825 καθά
859 4787 986 4842 φησι
1013 4771 1141 4841 περὶ
1179 4764 1365 4829 αὐτοῦ,
1401 4783 1420 4817 ι
1443 4765 1572 4819 Ἰδοὺ
1597 4757 1751 4828 οὗτος
1776 4768 1888 4818 κεῖ-

293 4884 391 4920 ται
418 4866 507 4928 εἰς
529 4862 736 4917 πτῶσιν
761 4862 856 4915 καὶ
875 4862 1166 4915 ἀνάστασιν
1193 4858 1401 4912 πολλῶν
1430 4859 1487 4911 ἐν
1507 4856 1585 4927 τῷ
1613 4858 1881 4930 Ἰσραὴλ»

286 4957 540 5019 είκὸτως
586 4958 701 5019 τοῖς
744 4953 1053 5027 εἰρημένοις
1085 4951 1213 5021 ἑξῆς
1255 4949 1495 5016 ἐπιλέγει
1523 4950 1551 5002 6
1575 4947 1769 5019 Δανιὴλ
1806 4949 1888 5002 τόο

303 5071 323 5102 ε
356 5049 479 5104 Καὶ
514 5045 611 5099 τοῦ
640 5044 933 5113 ἀπαλεῖψαι
970 5042 1261 5115 ἁμαρτίας,
1293 5040 1386 5094 καὶ
1418 5037 1513 5091 τοῦ
1544 5038 1893 5103 ἐξιλάσασθαι

296 5139 547 5202 ἀδικίας.
580 5156 599 5189 ›
645 5136 742 5190 Διά
784 5135 893 5206 γὰρ
925 5135 986 5187 τὸ
1017 5134 1275 5187 ἀδύνατον
1315 5128 1453 5185 εἶναι
1494 5126 1631 5202 αἷμα
1676 5129 1892 5202 ταύρων

297 5234 403 5288 καὶ
426 5231 651 5303 τράγων
670 5230 922 5299 ἀφαιρεῖν
951 5226 1243 5299 ἁμαρτίας,
1267 5225 1470 5279 δεῖσθαι
1495 5226 1550 5279 δὲ
1580 5227 1687 5279 πᾶν
1707 5225 1765 5277 τὸ
1783 5225 1890 5279 τῶν

297 5322 617 5396 ἀνθρώπων
648 5321 803 5390 γένος
838 5319 1065 5391 ἱλασμοῦ
1122 5318 1321 5382 ζῶντος
1366 5318 1459 5371 καὶ
1500 5317 1753 5390 ἀληθινοῦ
1789 5311 1889 5390 (οὗ

296 5418 480 5474 τύπον
505 5416 668 5487 ἔφερε
694 5414 756 5467 τὸ
786 5413 935 5485 παρὰ
965 5414 1153 5466 Μωσεῖ
1178 5412 1618 5465 κατασκευασθὲν
1670 5411 1891 5483 ίλαστήα

300 5509 470 5584 ριον),
489 5504 644 5572 οὗτος
669 5506 725 5560 δέ
738 5502 809 5578 ῆν
827 5507 858 5558 6
877 5503 1067 5576 Συηὴρ
1093 5504 1184 5557 καὶ
1210 5503 1411 5575 Κύριος
1439 5503 1613 5575 ἡμῶν,
1638 5504 1667 5556 6
1699 5503 1894 5575 Ἀμνὸς

296 5601 405 5659 τοῦ
434 5600 593 5666 Θεοῦ,
622 5599 752 5670 περὶ
794 5592 854 5652 οὗ
898 5597 1109 5668 εἴρηται
1131 5612 1144 5625 ο
1182 5612 1200 5646 ι
1223 5594 1319 5647 Ἱδὲ
1354 5593 1547 5666 Ἀμνὺς
1576 5594 1670 5650 τοῦ
1702 5593 1838 5650 Θεοῦ
1865 5597 1893 5649 6

380 5785 424 5816 “
464 5781 655 5836 Matth.
697 5790 865 5838 XXIII,
897 5774 981 5828 52.
1064 5774 1106 5814 ‘7
1148 5770 1276 5828 ibid.
1315 5769 1403 5826 55.

1995 4590 2236 4662 populo:
2272 4581 2537 4657 quamdiu
2583 4578 2729 4635 enim
2775 4576 2992 4629 illorum
3033 4575 3253 4640 peccata
3290 4566 3558 4662 completa

1995 4652 2104 4736 non
2139 4652 2306 4738 sunt,
2338 4673 2433 4729 Dei
2464 4671 2586 4724 illos
2616 4664 2874 4737 patientia
2900 4668 2954 4715 et
2980 4657 3286 4727 benignitas
3316 4652 3473 4715 tulit,
3504 4658 3559 4705 et

1990 4788 2087 4843 per
2124 4768 2423 4841 prophetas
2460 4761 2704 4829 undique
2740 4755 2807 4810 ad
2838 4750 3248 4807 conversionem
3290 4744 3556 4800 invitavit.

1990 4832 2152 4934 .385-
2184 4832 2480 4927 Postquam
2511 4857 2720 4911 autem,
2754 4852 2810 4899 ut
2845 4842 3092 4897 Salvator
3119 4837 3185 4892 ad
3212 4835 3365 4906 ipsos
3399 4832 3557 4894 dixit,

1994 4953 2357 5023 impleverunt
2388 4954 2703 5001 mensuram
2742 4943 2958 5008 patrum
2988 4944 3246 4992 suorum,
3283 4934 3396 4980 tum
3430 4937 3563 4978 vero

1994 5014 2351 5100 inleumdem
2398 5039 2578 5091 locum
2622 5039 2811 5087 coacta
2868 5024 3074 5091 omnia,
3102 5017 3407 5077 extremum
3450 5014 3565 5068 illis

1993 5137 2404 5192 maturaverunt
2442 5127 2746 5185 interitum,
2777 5135 2908 5178 sane
2946 5110 3399 5187 quemadmodum
3431 5106 3561 5160 item

1992 5225 2255 5281 Dominus
2286 5227 2470 5275 noster
2499 5229 2601 5270 nos
2631 5212 2809 5276 docet,
2842 5207 2932 5263 ubi
2968 5206 3041 5259 ait
3077 5221 3090 5257 :
3123 5219 3143 5252 ι
3169 5197 3394 5254 Omnem
3429 5206 3557 5246 san-

1991 5319 2209 5391 guinem
2238 5312 2471 5370 ell'usum
2511 5323 2542 5361 a
2569 5301 2959 5361 constitutione
2990 5292 3200 5355 mundi,
3236 5304 3267 5343 a
3294 5283 3561 5355 sanguine

1993 5381 2129 5477 llbel
2170 5405 2308 5477 justi
2354 5416 2531 5473 usque
2577 5396 2643 5451 ad
2689 5392 3006 5464 sanguinem
3044 5381 3343 5477 Zachariae,
3366 5382 3561 5477 ventu-

1995 5470 2117 5555 rum
2166 5466 2331 5567 super
2375 5490 2781 5566 generationem
2823 5484 2981 5538 istam
3027 5477 3095 5532 ‘7.
3128 5495 3146 5526 ι
3203 5472 3340 5528 Cum
3393 5466 3561 5537 igitur

1999 5593 2064 5649 ad
2095 5562 2402 5649 extremum
2453 5598 2650 5640 manus
2700 5579 2923 5650 injicere
2957 5570 3091 5627 Fili)
3130 5566 3226 5622 Dei
3257 5562 3375 5620 ausi
3402 5563 3557 5623 sunt,
