3908 6266
381 332 490 392 503

1053 328 1323 384 EUSEBII
1355 326 1831 385 CAESARIENSIS
1867 328 2016 387 OPP.
2057 330 2236 387 PARS
2276 333 2339 389 II.
2384 364 2448 376 —
2477 330 2974 389 APOLOGETICA.

3506 334 3605 390 004

386 468 409 505 ι
443 454 961 505 consummaverunt
989 446 1514 517 prtevaricationem,
1538 456 1592 502 et
1633 448 1792 503 ﬁnem
1825 464 1942 519 pec-

2047 452 2217 525 αῖρων
2243 452 2339 523 τὴν
2367 452 2637 524 ἁμαρτίαν
2673 450 2764 504 τοῦ
2794 452 2997 521 κόσμου
3016 467 3030 481 ·
3057 468 3075 500 ι
3107 450 3199 503 καὶ
3226 448 3416 503 πάλιν·
3463 468 3483 501 ι
3512 451 3609 504 Αύ-

378 550 509 597 cato
535 554 637 597 suo
658 540 1055 607 imposuerunt,
1098 556 1116 588 ι
1155 538 1297 594 sicut
1334 540 1530 609 Aquila
1559 541 1947 611 interpretatus

378 640 489 697 est,
535 638 612 696 at,
660 632 801 686 sicut
855 628 1018 694 LXX,
1057 647 1075 679 ι
1111 645 1297 684 eorum
1329 640 1615 701 peccatum
1666 631 1947 701 alligatum

386 725 765 794 signatumque
795 728 897 776 est.
937 739 956 772 ι
988 720 1092 776 Sed
1114 723 1369 791 quoniam
1400 739 1511 778 non
1542 724 1715 778 solum
1745 724 1800 778 in
1834 726 1946 778 rui-

382 828 532 877 nam,
566 828 753 867 verum
783 813 946 867 etiam
980 813 1035 867 in
1059 815 1459 884 reparationem
1484 816 1777 869 multorum
1799 816 1946 871 venit

382 904 437 957 in
469 902 657 968 Israel,
696 905 838 959 sicut
871 903 939 959 de
970 904 1091 975 ipso
1156 905 1293 959 dixit
1344 904 1585 973 Simeon,
1629 928 1646 960 ι
1686 907 1827 964 Ecce
1856 909 1945 964 hic

382 994 594 1064 positus
625 1002 710 1050 est
740 995 794 1048 in
823 996 1037 1048 ruinam
1064 1003 1119 1050 et
1159 997 1215 1050 in
1258 999 1715 1054 resurrectionem
1747 1000 1946 1054 multo-

380 1101 504 1140 rum
551 1086 606 1141 in
646 1085 815 1141 Israel
844 1087 912 1155 ⁸⁸,
952 1106 971 1139 ι
1013 1089 1207 1143 merito
1236 1089 1425 1144 Daniel
1460 1090 1526 1144 ad
1552 1106 1613 1144 ea
1642 1108 1762 1162 qua:
1798 1092 1943 1147 dicta

382 1181 530 1240 sunt,
553 1175 800 1246 adjungit
824 1195 838 1230 :
860 1195 879 1227 ‹
908 1175 972 1229 Et
997 1185 1058 1231 ut
1088 1178 1369 1233 deleantur
1396 1189 1634 1250 peccata,
1653 1190 1705 1234 et
1725 1183 1944 1252 expien-

376 1275 473 1321 tur
526 1268 826 1336 injustitlm.
868 1288 886 1321 ι
919 1268 1055 1323 Cum
1111 1270 1253 1324 enim
1307 1272 1529 1341 sanguis
1581 1280 1859 1327 taurorum
1890 1283 1944 1329 et

382 1358 659 1412 hircorum
693 1358 910 1414 auferre
938 1368 1160 1428 peccata
1191 1377 1299 1415 non
1337 1369 1542 1431 posset,
1574 1370 1628 1417 et
1656 1379 1817 1419 omne
1848 1365 1944 1418 ho-

380 1451 588 1505 minum
611 1467 784 1522 genus
812 1453 1116 1522 expiatione
1144 1453 1265 1507 viva
1295 1456 1944 1528 veraqdeindigeret(cu-

378 1541 471 1611 jus
518 1542 747 1613 ﬁguram
803 1544 1025 1613 gerebat
1074 1543 1126 1597 id
1166 1544 1310 1615 quod
1366 1546 1507 1617 apud
1546 1546 1747 1602 Mosem
1809 1564 1942 1603 con—

382 1639 651 1688 structum
705 1642 930 1689 vocatur
996 1636 1499 1707 propitiatorium),
1556 1639 1703 1692 nulla
1764 1646 1943 1694 autem

379 1724 699 1793 propitiatio
728 1724 847 1778 viva
877 1740 1114 1795 veraque
1148 1734 1315 1793 esset,
1346 1728 1452 1782 nisi
1478 1728 1727 1783 Salvator
1751 1738 1804 1785 et
1834 1729 1938 1784 Do—

381 1814 560 1870 minus
592 1822 798 1879 noster,
838 1816 929 1871 ille
973 1817 1159 1888 Agnus
1199 1817 1314 1881 Dei,
1347 1818 1413 1873 de
1436 1835 1543 1890 quo
1572 1821 1775 1877 dictum
1809 1830 1893 1877 est
1925 1841 1937 1876 :
1975 1797 2019 1854 Β

385 1922 406 1953 ‹
439 1902 578 1960 Ecce
626 1905 813 1975 Agnus
855 1905 951 1961 Dei
1001 1908 1094 1978 qui
1150 1909 1290 1962 tollit
1347 1918 1570 1979 peccata
1607 1913 1875 1967 mundi".
1918 1932 1936 1966 ι

380 1993 514 2048 Nam
551 2011 767 2060 rursus,
822 2016 841 2049 ‹
888 1998 1035 2053 Idem
1073 2001 1386 2069 propitiatio
1418 2009 1503 2057 est
1554 2018 1655 2072 pro
1706 2005 1943 2073 peccatis

384 2087 605 2151 nostris,
646 2107 665 2140 ι
702 2102 803 2142 nec
832 2104 933 2159 pro
968 2091 1169 2145 nostris
1205 2098 1412 2145 tantum
1456 2093 1570 2162 ipse
1599 2102 1683 2149 est
1708 2096 1940 2163 pretium

381 2189 445 2229 ac
489 2175 806 2245 redemptio,
848 2179 943 2231 sed
988 2179 1149 2233 etiam
1196 2193 1295 2247 pro
1344 2181 1512 2235 totius
1541 2183 1747 2249 mundi,
1779 2192 1840 2237 ut
1868 2184 1944 2237 ait

379 2265 672 2336 Apostolus
700 2266 783 2299 ”‘
815 2285 828 2321 :
866 2285 885 2317 ι
924 2267 1025 2334 Qui
1082 2267 1260 2323 factus
1306 2277 1411 2337 est,
1474 2270 1671 2339 inquit,
1729 2273 1945 2342 sapien-

377 2358 454 2410 tia
496 2358 656 2413 nobis
696 2373 725 2411 a
765 2356 896 2422 Deo,
924 2360 1246 2430 justitiaque
1273 2367 1328 2415 et
1360 2361 1718 2417 sanctiﬁcatio
1767 2373 1819 2419 et
1857 2380 1944 2420 re-

378 2449 615 2519 demptio
642 2452 711 2506 "°.
752 2471 770 2504 ι
824 2451 1017 2506 Merito
1064 2453 1185 2521 ejus
1236 2453 1545 2519 adventum,
1578 2455 1739 2509 simul
1795 2470 1939 2511 com-

378 2539 707 2609 plementum
736 2542 1235 2614 perfectionemque
1263 2546 1472 2614 peccati
1517 2561 1640 2601 esse
1669 2546 1827 2602 docet
1854 2563 1944 2603 eo-

376 2646 524 2697 rum,
552 2632 644 2702 qui
680 2644 869 2689 contra
894 2635 1071 2705 ipsum
1101 2636 1252 2706 impii
1277 2636 1514 2700 fuerunt,
1548 2639 1709 2693 simul
1745 2639 1945 2695 abster-

379 2720 589 2776 sionem
631 2732 682 2778 et
714 2726 1093 2795 purgationem
1144 2736 1491 2797 peccatorum
1542 2736 1597 2784 et
1645 2729 1941 2799 iniustitia-

377 2824 501 2863 rum
534 2814 897 2882 expiationem
936 2831 1124 2870 eorum
1142 2816 1233 2886 qui
1255 2816 1309 2871 in
1344 2817 1520 2887 ipsum
1551 2819 1938 2875 crediderunt:

380 2916 506 2955 nam
546 2919 668 2959 cum
696 2905 909 2974 Aquila.
944 2923 963 2957 ι
992 2907 1074 2961 Ad
1102 2910 1588 2964 consummandam
1618 2914 1941 2980 praevarica-

381 2998 604 3061 tionem,
652 3005 705 3052 et
737 2998 897 3052 ﬁnem
931 3007 1154 3069 peccato
1208 3001 1616 3070 imponendum,
1658 3024 1677 3057 ι
1718 3005 1937 3071 dixerit,

382 3096 497 3141 tum
532 3086 664 3141 illud
699 3088 916 3158 adjecit,
956 3088 1056 3143 «Et
1089 3091 1155 3145 ad
1184 3091 1511 3161 expiandum
1542 3093 1933 3165 iniquitatem,»

378 3176 464 3231 sic
500 3176 661 3247 plane
716 3177 865 3231 illum
914 3180 1092 3235 omnis
1152 3180 1478 3252 iniquitatis,
1507 3200 1628 3255 qua:
1668 3188 1797 3242 olim
1849 3205 1945 3260 per

381 3268 745 3339 ignorantiam
796 3270 1037 3327 admissa
1087 3272 1179 3340 sit,
1228 3275 1592 3344 expiationem
1647 3294 1791 3345 esse,
1846 3296 1945 3351 pro

381 3375 646 3417 concesso
683 3376 925 3417 sumens.
980 3362 1110 3419 Post
1149 3365 1267 3435 ipsa
1318 3365 1454 3433 haec,
1479 3368 1614 3425 illud
1647 3372 1894 3442 sequitur
1929 3393 1941 3428 :
1994 3362 2001 3369 ’

388 3471 407 3505 ι
451 3451 522 3507 Ut
550 3452 843 3508 inducatur
873 3455 1089 3524 justitia
1114 3458 1462 3527 sempiterna.
1489 3478 1508 3511 ι
1545 3459 1642 3516 Est
1673 3478 1803 3518 sane
1830 3464 1946 3534 ipse

385 3543 480 3599 Dei
505 3542 742 3601 Verbum
788 3547 1004 3616 justitia
1057 3550 1411 3618 sempiterna,
1442 3569 1461 3604 ι
1489 3554 1583 3624 qui
1640 3555 1816 3612 factus
1863 3566 1947 3613 est

382 3634 543 3691 nobis
582 3636 847 3707 sapientia
897 3652 928 3691 a
979 3636 1111 3702 Deo,
1139 3638 1466 3710 justitiaque
1498 3650 1553 3698 et
1581 3646 1946 3701 sanctiﬁcatio

383 3734 437 3780 et
465 3725 787 3796 redemptio,
827 3746 847 3780 ι
876 3735 934 3781 ιιι
970 3729 1046 3782 ait
1094 3730 1411 3799 Apostolus,
1440 3742 1813 3791 verumtamen
1847 3737 1944 3791 ad-

382 3823 546 3872 ventu
576 3832 678 3872 suo
695 3819 951 3876 omnibus
980 3820 1294 3878 hominibus
1312 3824 1625 3879 conciliavit
1649 3826 1943 3895 justitiam,

384 3908 564 3979 reipsa
601 3910 917 3975 ostendens,
957 3912 1100 3981 quod
1135 3930 1154 3963 ι
1183 3928 1290 3968 non
1322 3914 1487 3986 386
1519 3917 1692 3971 solum
1730 3916 1943 3973 Iudaeo-

382 4015 503 4053 rum
530 4008 614 4056 est
647 4000 814 4069 Deus,
844 4003 939 4057 sed
960 4003 1122 4058 etiam
1153 4006 1416 4075 gentium.
1440 4026 1459 4058 ι
1497 4007 1943 4081 Quandoquidem

384 4104 526 4145 unus
557 4098 642 4144 est
691 4089 836 4146 Deus
876 4093 966 4161 qui
994 4093 1318 4162 justiﬁcabit
1349 4098 1825 4156 circumcisionem
1876 4117 1943 4156 ex

385 4177 508 4247 ﬁde,
541 4188 594 4234 et
627 4182 954 4251 praeputium
983 4198 1082 4253 per
1110 4184 1270 4241 ﬁdem
1295 4188 1363 4241 τ’.
1399 4207 1415 4238 ι
1449 4188 1529 4242 Ex
1562 4205 1672 4258 quo
1716 4207 1811 4247 eos
1850 4194 1942 4263 qui

381 4284 508 4323 cum
538 4269 795 4327 Cornelio
847 4273 1095 4338 aderant.
1125 4279 1326 4347 quique
1372 4280 1485 4349 jam
1522 4280 1784 4350 Spiritum
1818 4299 1946 4339 sana

379 4367 528 4415 ctum
560 4364 807 4434 accipere
826 4374 1157 4433 meruerant,
1194 4367 1469 4425 admirans
1492 4369 1706 4437 Petrus,
1740 4391 1758 4423 ι
1782 4372 1941 4444 Vere,

2045 544 2135 607 τὸς
2164 543 2387 613 ἱλασμός
2406 546 2519 596 ἐστι
2547 543 2675 614 περὶ
2701 543 2809 595 τῶν
2832 540 3110 613 ἁμαρτιῶν
3142 541 3317 612 ήμῶν,
3345 561 3363 592 ι
3392 542 3458 595 ού
3483 543 3607 612 περὶ

2046 635 2153 688 τῶν
2184 635 2465 706 ἡμετέρων
2488 633 2545 687 δὲ
2578 637 2755 705 μόνον,
2789 632 2925 687 ἀλλά
2955 633 3049 687 καὶ
3078 634 3206 704 περὶ
3237 633 3361 687 ὅλου
3390 632 3486 685 τοῦ
3515 632 3606 686 κὺ-

2050 742 2205 795 σμου,
2239 725 2402 788 αὐτὸς
2424 725 2497 778 ὢν
2535 725 2627 778 καὶ
2652 724 3042 796 ἀπολύτρωσις,
3083 722 3222 777 κατά
3251 724 3342 776 τὸν
3374 722 3601 789 Παῦλον,

2047 818 2349 886 φάσκοντα’
2386 818 2518 880 «Ὃς
2559 815 2789 887 ἐγενήθη
2830 814 2991 885 σοφία
3022 817 3151 885 ἡμῖν
3191 813 3299 868 ἀπὸ
3335 812 3491 877 Θεοῦ,
3528 813 3604 868 δι-

2046 908 2304 979 καιοσύνη
2315 925 2373 961 τε
2395 909 2489 961 καὶ
2502 908 2791 979 ἁγιασμὸς,
2809 908 2904 960 καὶ
2918 906 3312 978 ἀπολύτρωσις⁶
3342 926 3362 958 ι
3387 905 3604 972 εἰκότως

2043 1000 2141 1069 τὴν
2167 997 2464 1069 παρουσίαν
2492 996 2656 1050 αὑτοῦ
2687 995 2822 1066 ὁμοῦ
2854 997 2952 1066 μὲν
2981 995 3370 1066 συμπλήρωσιν
3395 995 3488 1048 καὶ
3516 1012 3603 1048 τε-

2045 1089 2257 1141 λείωσιν
2289 1088 2559 1159 ἁμαρτίας
2585 1084 2719 1139 εἶναι
2748 1087 2983 1139 διδάσκει
3030 1084 3139 1138 τῶν
3177 1087 3255 1148 είς
3289 1084 3449 1138 αὐτὸν
3476 1086 3601 1154 ήσε-

2045 1178 2307 1248 6ηκότων,
2339 1177 2474 1248 ὁμοῦ
2499 1177 2555 1229 δὲ
2587 1176 2875 1244 ἀπάλειψιν
2912 1176 3009 1229 καὶ
3052 1175 3386 1247 καθαρισμὸν
3431 1176 3602 1245 ἀμαρ-

2045 1270 2193 1336 τιῶν,
2227 1269 2323 1323 καὶ
2369 1269 2589 1321 ἀδικιῶν
2636 1267 2859 1338 ἱλασμὸν
2884 1266 2992 1320 τῶν
3017 1269 3096 1330 εἰς
3125 1266 3286 1319 αὐτὸν
3314 1282 3602 1320 πεπιστευ-

2045 1360 2234 1415 κότων.
2263 1361 2372 1413 Kal
2398 1360 2426 1411 6
2463 1358 2689 1423 Ἀκύλας
2713 1359 2790 1424 δὲ,
2822 1377 2839 1410 ι
2868 1357 2972 1411 Τοῦ
2999 1357 3215 1411 τελέσαι
3243 1356 3338 1428 τὴν
3366 1356 3600 1421 ἀθεσίαν,

2046 1452 2136 1504 καὶ
2159 1450 2252 1503 τοῦ
2279 1449 2559 1503 τελειῶσαι
2581 1450 2677 1519 τὴν
2688 1448 2979 1519 ἁμαρτίαν,
3010 1467 3029 1499 ι
3054 1446 3241 1511 εἰπὼν,
3263 1449 3508 1518 ἐπήγαγε
3528 1448 3600 1512 τὸ,

2053 1562 2070 1594 ι
2103 1542 2208 1595 Τοῦ
2251 1540 2595 1605 ἐξιλάσασθαι
2631 1540 2876 1610 ἀνομίαν,
2907 1558 2925 1590 ι
2965 1540 3148 1609 σαφῶς
3185 1539 3406 1610 ἱλασμὸν
3452 1540 3603 1594 αὑτὸν

2046 1629 2183 1686 εἶναι
2217 1633 2396 1703 πάσης
2429 1631 2654 1702 ἀνομίας
2686 1632 2787 1700 τῆς
2826 1631 2990 1685 πάλαι
3030 1631 3171 1685 κατά
3208 1632 3430 1699 ἄγνοιαν
3456 1648 3602 1700 γενο-

2052 1725 2217 1795 μένης
2263 1723 2660 1794 ὑποτιθέμενος.
2695 1723 2850 1793 Ἑξῆς
2900 1722 3103 1787 τούτοις
3157 1722 3406 1795 εἴρηται,
3458 1742 3476 1774 ι
3503 1722 3603 1777 Τοῦ

2046 1817 2271 1882 ἀγαγεῖν
2297 1814 2638 1885 δικαιοσύνην
2670 1815 2901 1868 αἰώνιον.
2938 1816 3123 1868 »Ἔστι
3158 1815 3254 1886 μὲν
3278 1811 3370 1868 οὖν
3397 1815 3554 1880 αὐτὸς
3578 1816 3606 1867 6

2046 1908 2137 1962 τοῦ
2167 1908 2299 1962 Θεοῦ
2332 1909 2502 1977 Λόγος
2529 1907 2742 1970 αἰώνιος
2763 1906 3094 1976 δικαιοσύνη,
3122 1924 3140 1955 ι
3175 1906 3232 1969 ὃς
3256 1906 3486 1977 ἐγενήθη
3523 1922 3608 1959 σο-

2047 2002 2144 2071 φία
2177 2002 2306 2072 ἡμῖν
2337 2001 2443 2054 ἀπὸ
2469 2000 2624 2063 Θεοῦ,
2652 1998 2963 2067 δικαιοσύνη
2990 2016 3047 2050 τε
3074 1998 3166 2050 καὶ
3200 1996 3485 2066 ἁγιασμὸς,
3518 1997 3609 2051 καὶ

2048 2093 2441 2160 ἀπολύτρωσις,
2473 2109 2493 2143 ι
2524 2090 2663 2144 κατά
2688 2090 2779 2143 τὸν
2806 2088 3145 2141 Ἀπόστολον.
3177 2088 3320 2159 Πλὴν
3353 2087 3487 2140 ἀλλά
3515 2087 3609 2141 σὺν

2046 2185 2111 2253 τῇ
2135 2182 2325 2234 ἑαυτοῦ
2350 2178 2621 2252 παρουσία
2645 2181 2741 2233 καὶ
2773 2180 2937 2231 πᾶσιν
2957 2176 3259 2249 ἀνθρώποις
3279 2175 3609 2247 προύξένησι

2046 2272 2408 2343 δικαιοσύνην,
2431 2271 2609 2343 ἔργοις
2624 2268 2910 2333 ἐπιδείξας,
2926 2268 3008 2320 ὅτι
3029 2285 3047 2317 ι
3070 2265 3315 2337 μὴμόνον
3347 2266 3609 2320 Ἰουδαίων

2048 2364 2193 2417 ἐστὶν
2224 2364 2253 2416 6
2287 2363 2437 2427 Θεὸς,
2461 2361 2595 2416 ἀλλά
2624 2361 2719 2415 καὶ
2747 2359 2935 2414 ἐθνῶν.
2963 2377 2981 2412 ι
3018 2358 3275 2428 Ἐπείπερ
3306 2352 3383 2421 εἷς
3406 2358 3436 2409 6
3460 2357 3608 2422 Θεὸς,

2046 2456 2103 2521 ὃς
2138 2455 2411 2510 δικαιώσει
2438 2453 2737 2526 περιτομὴν
2767 2455 2831 2505 ἐκ
2854 2452 3105 2515 πίστεως,
3128 2450 3222 2503 καὶ
3253 2448 3610 2522 ἀκροϐυστίαν

2046 2545 2133 2599 διὰ
2164 2546 2263 2615 τῆς
2315 2545 2565 2607 πίστεως.
2599 2543 2787 2596 »Ὅθεν
2819 2544 2943 2605 τοὺς
2992 2540 3133 2611 ἀμφὶ
3176 2539 3266 2592 τὸν
3315 2539 3611 2610 Κορνήλιον

2044 2637 2138 2691 τοῦ
2198 2636 2349 2706 ἁγίου
2402 2635 2717 2705 Πνεύματος
2770 2632 3099 2704 ἠξιωμένους
3147 2631 3541 2701 ἀποθαυμάσας
3585 2633 3612 2683 6

2047 2728 2268 2799 Πέτρος,
2309 2748 2327 2779 ι
2350 2728 2464 2781 Ἐπ’
2491 2726 2765 2798 ἀληθείας,
2798 2744 2817 2777 ι
2851 2727 3034 2797 φησὶν,
3063 2746 3081 2777 ι
3107 2719 3241 2787 οἶδα,
3265 2725 3346 2776 ὅτι
3370 2724 3473 2776 οὐκ
3498 2722 3610 2775 ἐστι

2047 2818 2513 2892 προσωπολήπτης
2537 2820 2565 2871 6
2601 2817 2751 2882 Θεὸς,
2787 2815 2899 2869 ἀλλ’
2934 2818 2990 2870 ὲν
3019 2815 3176 2869 παντὶ
3202 2814 3342 2868 ἔθνει
3361 2817 3389 2867 6
3418 2813 3613 2883 φοϐού-

2049 2928 2207 2982 μενος
2253 2911 2433 2973 αὐτὸν,
2464 2908 2824 2979 ἐργαζόμενος
2861 2908 3223 2978 δικαιοσύνην,
3250 2908 3439 2971 δεκτὸς
3467 2907 3612 2978 αὐτῷ

2044 3005 2180 3056 ἐστι.
2210 3022 2229 3053 ι
2258 3002 2367 3055 Kal
2411 3004 2440 3054 6
2479 3000 2689 3061 Παῦλος
2715 3000 2770 3052 δὲ
2804 3000 2861 3052 τὸ
2903 2999 3227 3068 Εὑαγγέλιον
3268 2998 3613 3070 δικαιοσύνης

2046 3092 2182 3150 εἷναί
2222 3112 2373 3166 φησι,
2403 3093 2573 3163 λέγων
2593 3110 2604 3123 ·
2632 3112 2649 3143 ι
2676 3092 2911 3163 Δύναμις
2936 3091 3044 3163 γὰρ
3065 3090 3198 3144 Θεοῦ
3227 3093 3371 3145 ἐστιν
3401 3092 3481 3154 είς
3512 3107 3614 3145 σω-

2044 3186 2238 3258 τηρίαν
2278 3185 2439 3239 παντὶ
2470 3184 2546 3254 τῷ
2578 3182 2903 3245 πιστεύοντι,
2922 3182 3153 3253 Ἰουδαίῳ
3182 3200 3241 3235 τε
3274 3180 3490 3254 πρῶτον
3522 3183 3614 3235 καὶ

2048 3278 2264 3349 Ἕλληνι
2284 3295 2296 3308 ·
2332 3276 2638 3347 δικαιοσύνη
2668 3275 2774 3347 γὰρ
2812 3274 2945 3327 Θεοῦ
2976 3277 3034 3327 ἐν
3066 3273 3211 3344 αὐτῷ
3236 3273 3612 3327 ἀποκαλύπτε-

2044 3387 2153 3422 ται.
2187 3388 2205 3421 ι
2240 3369 2350 3422 Kal
2377 3369 2435 3421 ἐν
2472 3366 2718 3437 Ψαλμοῖς
2745 3366 2801 3419 δὲ
2831 3365 3043 3437 εἴρηται
3071 3366 3197 3437 περὶ
3221 3365 3313 3418 τοῦ
3348 3363 3609 3437 Χριστοῦ

2051 3460 2360 3515 ιἈνατελεῖ
2401 3462 2459 3513 ἐν
2501 3461 2618 3523 ταῖς
2664 3459 2896 3530 ἡμέραις
2940 3458 3104 3512 αὐτοῦ
3137 3457 3471 3527 δικαιοσύνη,
3518 3456 3614 3509 καὶ

2047 3553 2247 3625 πλῆθος
2275 3554 2513 3624 εἰρήνης.
2545 3571 2563 3603 ι
2597 3552 2707 3604 Kal
2730 3552 2791 3603 τὸ
2817 3551 2975 3621 ἔργον
3004 3550 3061 3603 δὲ
3098 3549 3262 3603 αὐτοῦ
3294 3549 3370 3613 ὡς
3396 3547 3614 3620 ἀληθῶς

2045 3646 2179 3700 Θεοῦ
2200 3644 2544 3715 δικαιοσύνην
2570 3642 2882 3707 ἐνεδείξατο,
2906 3641 2967 3694 τὸ
2988 3643 3094 3695 πᾶν
3123 3642 3276 3710 γένος
3304 3638 3614 3711 ἀνθρώπων

2047 3739 2105 3802 ἐξ
2138 3739 2251 3791 ῐσου
2293 3736 2391 3807 τῆς
2432 3735 2580 3807 παρά
2609 3734 2686 3805 τῷ
2714 3732 2833 3803 Θεῷ
2865 3731 3295 3796 καταξιώσαντος
3339 3730 3608 3801 κλήσεως.

2059 3829 2215 3883 Ἀλλά
2239 3829 2298 3881 οὐ
2325 3827 2545 3881 τοιαῦτα
2568 3822 2635 3897 ἧν
2656 3825 2724 3879 τὰ
2749 3823 2835 3878 διὰ
2867 3824 3131 3889 Μωσέως,
3162 3823 3242 3876 ἐνὶ
3277 3822 3333 3875 δὲ
3358 3823 3505 3893 μόνῳ
3535 3820 3615 3892 τῷ

2058 3919 2320 3973 Ἰουδαίων
2362 3917 2502 3971 ἔθνει
2545 3916 2918 3987 δεδωρημένα’
2960 3914 3039 3967 διὸ
3084 3914 3176 3966 καὶ
3223 3913 3357 3983 πρὸς
3422 3912 3615 3983 καιρὸν

2047 4011 2279 4081 φανέντα
2326 4008 2712 4080 παρελήλυθεν.
2730 4008 2794 4059 Ἡ
2835 4006 2893 4059 δέ
2933 4006 3020 4059 διὰ
3048 4004 3141 4058 τοῦ
3175 4004 3422 4075 Σωτῆρος
3453 4002 3615 4074 ἡμῶν

2046 4098 2455 4172 κατηγγελμένη
2498 4097 2829 4170 δικαιοσύνη,
2870 4096 3194 4167 διαμένουσα
3239 4098 3315 4159 είς
3347 4096 3407 4148 τὸ
3438 4096 3617 4165 διηνε-

2046 4192 2156 4255 κὲς,
2189 4191 2411 4255 είκότως
2440 4190 2654 4253 αἰώνιος
2681 4190 3113 4261 προσηγόρευται
3144 4186 3477 4259 δικαιοσύνη,
3511 4204 3615 4241 κα-

2043 4282 2112 4335 τά
2142 4281 2234 4335 τὸν
2258 4280 2494 4352 Γαϐριὴλ
2532 4281 2795 4351 φήσαντα·
2834 4298 2851 4329 ι
2881 4279 2990 4332 Kal
3020 4278 3112 4332 τοῦ
3141 4279 3366 4347 ἀγαγεῖν
3408 4277 3613 4332 δικαιο-

2047 4372 2209 4443 σύνην
2238 4370 2469 4425 αἰώνιον·
2505 4391 2523 4423 ι
2548 4372 2668 4424 ἀντὶ
2692 4370 2769 4434 δὲ,
2801 4390 2819 4422 ι
2844 4371 2954 4424 Καὶ
2979 4370 3073 4423 τοῦ
3099 4372 3396 4439 σφραγῖσαι
3422 4370 3615 4441 ὅρασιν

380 4454 577 4525 inquit,
636 4457 761 4511 novi
803 4459 946 4528 quod
1000 4474 1111 4514 non
1165 4468 1249 4516 est
1289 4470 1545 4533 acceptor
1581 4480 1936 4534 personarum

2046 4465 2139 4518 καὶ
2165 4465 2463 4535 προφήτην,
2497 4483 2515 4514 ›
2545 4462 2873 4535 κυριώτερόν
2922 4479 3010 4533 μοι
3036 4461 3181 4514 δοκεῖ
3206 4462 3564 4531 πεποιηκέναι
3589 4465 3617 4516 ό

378 4545 545 4614 Deus,
576 4548 671 4604 sed
692 4549 747 4603 in
771 4550 920 4604 omni
945 4560 1126 4622 gente,
1159 4552 1252 4622 qui
1281 4554 1433 4610 timet
1465 4554 1614 4610 illum
1638 4564 1692 4612 et
1723 4568 1937 4614 exercet

374 4637 665 4706 justitiam,
693 4651 949 4712 acceptus
981 4650 1067 4699 est
1114 4645 1193 4698 illi
1222 4645 1290 4702 7’.
1324 4664 1343 4696 ι
1380 4645 1524 4712 Quin
1578 4646 1781 4705 Paulus
1810 4666 1942 4719 quo~

375 4744 485 4799 que
535 4730 890 4803 Evangelium
940 4735 1170 4804 iustitiae
1207 4737 1435 4793 aﬂirmat
1486 4754 1628 4805 esse,
1661 4742 1753 4795 ubi
1806 4743 1933 4798 ait:

382 4841 401 4873 ι
439 4821 629 4879 Virtus
670 4822 815 4880 énim
873 4827 968 4883 Dei
1017 4836 1099 4883 est
1133 4830 1200 4885 ad
1230 4831 1459 4886 salutem
1490 4833 1637 4886 omni
1669 4832 1934 4899 credenti,

372 4911 561 4969 Iudaeo
594 4916 828 4985 primum
871 4926 925 4973 et
974 4918 1165 4976 Graeco
1195 4938 1211 4978 :
1249 4920 1458 4991 jusﬁtia
1488 4924 1631 4978 enim
1662 4923 1759 4979 Dei
1786 4926 1843 4979 in
1875 4942 1941 4982 eo

374 5007 647 5063 revelatur
670 5009 736 5063 ⁷³.
767 5028 787 5062 ι
812 5007 872 5064 In
900 5009 1132 5067 Psalmis
1151 5029 1367 5084 quoque
1398 5015 1466 5070 de
1486 5015 1707 5071 Christo
1735 5017 1937 5073 dictum

372 5101 460 5148 est
491 5111 505 5148 :
531 5111 551 5144 ι
590 5092 808 5149 Orietur
829 5096 886 5149 in
906 5096 1100 5152 diebus
1126 5098 1245 5167 ejus
1272 5099 1488 5168 justitia
1519 5107 1574 5155 et
1601 5101 1936 5156 abundantia

378 5183 529 5252 pacis
555 5184 623 5240 ⁷⁵.
657 5204 677 5238 ι
712 5184 777 5239 Et
802 5201 934 5242 sane
971 5187 1119 5243 illius
1148 5204 1286 5259 opus
1316 5205 1374 5245 re
1402 5206 1526 5245 vera
1557 5189 1936 5260 Deijustitiam

375 5274 790 5346 demonstravit,
827 5286 1016 5348 utpote
1053 5281 1199 5350 quod
1225 5297 1386 5336 omne
1435 5298 1606 5353 genus
1655 5283 1937 5338 hominum

375 5367 496 5436 pari
528 5369 816 5426 vocatione
846 5370 1067 5442 dignum
1099 5372 1416 5429 reddiderit.
1434 5374 1504 5429 At
1532 5391 1651 5444 qua:
1689 5390 1784 5445 per
1833 5374 1941 5428 Mo-

377 5472 493 5515 sem
522 5459 669 5516 edita
701 5470 849 5532 sunt,
880 5480 1222 5536 nequaquam
1264 5467 1414 5532 talia,
1447 5466 1539 5523 sed
1583 5468 1677 5522 uni
1709 5467 1811 5523 soli
1841 5466 1938 5521 Ju-

451 5658 496 5691 ⁸³
532 5659 666 5713 Luc.
701 5677 772 5723 ιι,
807 5664 895 5718 54.
972 5666 1015 5697 ⁸³
1050 5665 1207 5719 Joan.
1243 5684 1295 5728 ι.
1330 5668 1416 5723 29.

378 5742 450 5792 ι.
484 5729 574 5797 δι,
600 5730 687 5785 55.
765 5733 808 5763 ⁷⁸
851 5734 1004 5790 llom.
1040 5752 1077 5800 ι,
1112 5737 1197 5801 I6,
1224 5738 1309 5795 I7.
1389 5740 1431 5773 ⁷⁸
1469 5738 1612 5794 Psal.
1653 5757 1811 5807 Lxxt,
1845 5742 1898 5798 7.

1516 5671 1580 5701 ⁶⁹⁶
1623 5672 1641 5722 I
1676 5669 1833 5726 Joan.
1871 5688 1943 5738 ιι,
1973 5672 2028 5729 2.
2103 5674 2148 5706 ⁷⁸
2188 5672 2209 5729 Ι
2240 5674 2364 5729 Cor.
2398 5689 2453 5738 ι,
2487 5673 2576 5728 '50.

2054 4555 2300 4619 Ἀκύλας,
2337 4554 2522 4608 εἰπών·
2566 4573 2582 4604 ι
2613 4555 2722 4607 Kal
2756 4553 2848 4607 τοῦ
2875 4552 3083 4607 τελέσαι
3115 4551 3493 4624 ὁραματισμὸν
3528 4550 3617 4605 καὶ

2045 4646 2349 4715 προφήτην.
2383 4663 2402 4695 ι
2434 4644 2509 4696 Ού
2536 4642 2643 4714 γὰρ
2664 4641 3001 4708 ἀποκλεῖσαι,
3033 4642 3125 4699 καὶ
3158 4641 3345 4712 ῶσπερ
3377 4641 3615 4712 σφραγίς

2047 4755 2134 4791 σαι
2183 4737 2280 4801 τὰς
2322 4737 2665 4808 πῳφητικάς
2694 4736 2912 4807 ὁράσεις
2946 4734 3336 4804 ἐπιδεδήμηκεν
3361 4734 3390 4786 6
3422 4734 3615 4807 Σωτήρ

2045 4830 2141 4883 καὶ¹
2166 4828 2368 4901 Κύριος
2396 4828 2573 4899 ἡμῶν,
2598 4829 2655 4893 ὃς
2671 4845 2746 4896 ,γε
2772 4828 2865 4882 καὶ
2894 4826 3059 4881 πάλαι
3082 4825 3243 4889 οὔσας
3263 4827 3496 4893 ἀσαφεῖς
3524 4826 3614 4880 καὶ

2047 4920 2591 4990 κατεσφραγισμένας
2619 4958 2633 4983 ,
2690 4918 2877 4989 ὥσπερ
2933 4906 3282 4988 ἐπικειμένας
3346 4916 3612 4987 περιελὼν

2044 5012 2362 5083 σφραγῖδας,
2403 5010 2601 5082 ἀνέῳξέ
2652 5028 2710 5064 τε
2758 5013 2851 5065 καὶ
2899 5009 3205 5081 ἀνήπλωσε,
3257 5010 3368 5072 τοῖς
3416 5008 3610 5062 ἐαυτοῦ

2046 5101 2310 5173 μαθηταῖς
2334 5102 2423 5154 τὸν
2446 5102 2568 5155 νοῦν
2591 5099 2697 5153 τῶν
2724 5101 2881 5155 θείων
2902 5100 3225 5172 παραδιδοὺς
3244 5099 3608 5170 γραμμάτων.

2045 5194 2231 5260 Ὅθεν,
2267 5214 2285 5246 ι
2311 5194 2463 5260 Ἰδοὺ,
2492 5214 2509 5245 ι
2549 5195 2731 5265 φησὶν,
2754 5213 2772 5245 ι
2803 5194 3048 5265 ἐνίκησεν
3074 5195 3103 5245 6
3130 5192 3264 5245 λέων
3292 5193 3321 5245 6
3348 5194 3412 5245 ἐκ
3441 5191 3612 5261 φυλῆς

2055 5285 2243 5339 Ἰούδα·
2270 5305 2290 5338 ι
2323 5287 2418 5338 καὶ
2457 5286 2616 5348 αὐτὸς
2637 5283 2811 5356 ἤνοιξε
2831 5285 2929 5349 τὰς
2961 5284 3256 5357 σφραγῖδας
3286 5282 3385 5347 τὰς
3407 5284 3612 5337 ἐπικει-

2020 5406 2025 5411 ι
2051 5377 2212 5447 μένας
2239 5378 2314 5447 τῷ
2344 5377 2552 5448 βιϐλίῳ,
2604 5376 2741 5431 κατά
2764 5378 2864 5450 τὴν
2921 5373 3279 5443 Ἀποκάλυψιν
3339 5374 3607 5428 Ἰωάννου.

2047 5469 2213 5533 Ποίας
2239 5469 2296 5523 δέ
2327 5470 2623 5542 σφραγῖδας
2662 5470 2696 5540 ἢ
2726 5469 2833 5524 τῶν
2865 5467 3153 5541 προφητῶν
3184 5466 3282 5529 τὰς
3306 5463 3609 5532 ἀσαφείας;

2681 5674 2721 5704 τι
2765 5670 2920 5726 Rom.
2962 5687 3057 5735 ιιι,
3088 5667 3286 5732 29,50.
3395 5669 3441 5700 "
3482 5665 3613 5722 Act.
