3908 6266
271 341 376 399 605
1126 341 1785 400 DEMONSTRATIONIS
1824 345 2285 403 EVANGELICJE
2325 348 2453 404 LIB.
2495 347 2630 405 Vill.
3404 355 3511 412 606

268 458 333 524 ἃς
358 453 422 514 εὖ
445 457 588 530 μάλα
621 456 979 529 ἐπιστάμενος
1009 456 1250 529 ἀκριϐῶς
1282 458 1375 511 καὶ
1406 458 1434 511 ό
1460 458 1696 524 ,Ἡσαΐας
1738 458 1851 512 ἔλε-

1974 461 2115 518 laica:
2137 462 2280 531 genti
2311 461 2511 517 donata
2541 479 2556 515 :
2585 461 2842 533 quocirca
2873 462 2939 516 ad
2988 469 3199 534 tempus
3244 464 3507 523 duntaxat

268 568 366 621 γε·
399 568 419 602 ι
446 551 558 604 Καὶ
584 549 798 603 ἔσονται
830 551 879 603 oi
924 549 1070 619 λόγοι
1100 544 1243 603 οῦτοι
1268 550 1343 613 ὡς
1375 550 1423 601 οἱ
1446 549 1592 618 λόγοι
1635 552 1730 602 τοῦ
1758 552 1841 621 βι-

1974 551 2162 608 ιτοιὶίιε
2193 554 2588 623 ρταξιθτίετιιηι.
2611 549 2681 606 Αι
2708 552 2851 607 enim
2884 568 3003 622 qua:
3034 569 3131 624 per
3173 554 3506 610 Salvatorem

270 641 417 696 ελίου
451 640 547 695 τοῦ
576 640 1035 713 ἐσφραγισμένου.
1068 658 1087 693 ι
1121 641 1236 693 Οὐκ
1263 639 1371 712 ἀρα
1398 639 1491 694 τοῦ
1525 641 1844 695 ἀποκλεῖσαι

1974 653 2195 699 nostrum
2217 644 2429 714 justitia
2456 644 2773 700 denuntiata
2808 654 2913 711 est,
2950 647 3004 700 in
3040 654 3359 716 perpetuum
3386 662 3515 717 per-

271 735 460 805 ὅρασιν
488 732 584 786 καὶ
614 733 898 804 προφήτην
931 730 1186 803 ἐλήλυθεν
1219 732 1248 785 ό
1281 731 1515 803 Χριστὸς
1550 729 1644 784 τοῦ
1686 731 1844 796 Θεοῦ,

1974 749 2196 802 nanens,
2257 735 2452 789 merito
2509 744 2713 791 aeterna
2774 737 2986 805 justitia
3039 746 3349 808 nuncupata
3402 745 3512 803 est,

275 824 478 897 μᾶλλον
514 824 570 878 δὲ
594 824 950 889 ἀναπετάσαι,
984 823 1079 879 καὶ
1127 824 1207 887 είς
1260 822 1375 893 φῶς
1430 824 1847 892 ἀγαγεῖν.Ὀθεν

1974 823 2398 893 [uemadmodum
2451 823 2588 879 dixit
2631 824 2903 882 Gabriel:
2941 845 2959 877 ι
2994 826 3059 882 Ει
3106 836 3164 881 ιιι
3208 828 3512 883 adducatur

273 913 418 966 δοκεῖ
450 929 541 983 μοι
573 910 902 985 κυριώτερον
934 915 962 966 ό
994 911 1222 975 Ἀκύλας
1239 911 1424 980 φάναι·
1453 932 1471 963 ι
1498 910 1604 966 Τοῦ
1633 913 1848 967 τελέσαι

1974 917 2154 971 ustitia
2177 920 2507 987 sempiterna
2540 936 2554 973 :
2606 936 2627 970 ›
2661 932 2760 988 pro
2788 933 2855 974 eo
2878 926 3057 973 autern
3090 919 3230 989 quod
3264 926 3371 983 est,
3398 938 3417 970 ι
3447 918 3513 972 Et

273 1005 652 1077 όραματισμὸν
704 1004 798 1061 καὶ
844 1006 1153 1076 προφήτην·
1200 1024 1218 1056 ι
1270 1005 1299 1059 ὃ
1343 1005 1436 1059 καὶ
1485 1005 1698 1075 συνᾴδει
1746 1004 1846 1075 τῷ,

282 1115 301 1153 ι
331 1097 447 1149 Ούκ
478 1092 647 1167 ἦλθον
689 1095 989 1151 καταλῦσαι
1014 1097 1105 1148 τὸν
1133 1095 1294 1168 νόμον
1327 1097 1359 1168 ἢ
1392 1097 1516 1161 τοὺς
1543 1097 1848 1167 προφήτας,

279 1187 414 1245 ἀλλά
444 1186 749 1260 πληρῶσαι,
776 1206 794 1240 ι
822 1186 957 1258 πρὸς
979 1186 1144 1241 αὐτοῦ
1165 1187 1257 1241 τοῦ
1282 1188 1532 1259 Σωτῆρος
1556 1188 1846 1260 εἰρημένῳ.

280 1280 443 1342 Τέλος
474 1280 583 1351 γὰρ
615 1279 779 1349 νόμου
807 1278 1061 1351 Χριστὸς,
1087 1279 1180 1331 καί
1208 1279 1378 1333 πᾶσαί
1405 1297 1468 1349 γε
1502 1282 1558 1334 αί
1592 1280 1718 1351 περὶ
1751 1279 1850 1334 αύ-

278 1372 367 1424 τοῦ
414 1373 743 1442 προφητεῖαι
786 1370 1096 1442 ἀπλήρωτοι
1140 1371 1232 1423 καὶ
1260 1370 1466 1435 ἀτελεῖς
1498 1371 1706 1442 έμενον,
1740 1372 1856 1425 εἱσ-

279 1465 354 1519 ότ’
383 1464 547 1528 αὐτὸς
572 1462 797 1527 ὲπιστάς
821 1461 1151 1517 ἐπιτέθεικεν
1194 1462 1363 1516 ἅπασι
1406 1463 1559 1527 τέλος
1582 1465 1695 1526 τοῖς
1724 1465 1852 1535 περὶ

282 1557 442 1612 αὑτοῦ
471 1553 1115 1628 προαναπεφωνημένοις.
1142 1554 1368 1608 Δύναται
1392 1554 1447 1607 δὲ
1469 1554 1563 1609 καὶ
1590 1554 1732 1608 κατὰ
1755 1555 1852 1626 τὴν

281 1649 386 1702 τῶν
415 1647 815 1719 Ἐϐδομήκοντα
834 1646 1148 1717 ἑρμηνείαν,
1169 1645 1421 1717 τοιαύτην
1448 1645 1591 1717 ἔχειν
1616 1645 1852 1699 διάνοιαν

282 1742 360 1807 τὸ,
394 1759 413 1792 ι
441 1739 538 1793 τοῦ
580 1740 874 1810 σφραγῖσαι
911 1737 1098 1809 ὅρασιν
1133 1737 1227 1792 καὶ
1260 1738 1574 1809 προφήτην·
1607 1755 1624 1789 ι
1660 1738 1780 1790 ἐπεὶ
1825 1739 1853 1790 ὁ

1954 1010 2109 1080 quasi
2137 1010 2295 1080 signo
2327 1012 2595 1079 impresso
2621 1009 2911 1065 claudatur
2934 1010 3072 1065 visio
3101 1016 3155 1065 et
3183 1009 3464 1079 propheta,
3486 1028 3507 1060 ι

1952 1105 2131 1172 magis
2154 1102 2436 1171 aliquanto
2466 1100 2682 1171 proprie
2715 1100 2849 1154 mihi
2875 1100 3091 1155 videtur
3109 1100 3302 1171 Aquila
3332 1099 3515 1155 reddi-

1954 1194 2103 1249 disse
2134 1213 2146 1247 :
2185 1211 2203 1244 ι
2240 1193 2308 1247 Ει
2336 1194 2404 1247 ad
2441 1193 2932 1249 consummandum
2956 1192 3184 1247 visionis
3216 1207 3415 1247 munus
3459 1198 3515 1245 et

1956 1285 2295 1355 prophetam.
2334 1303 2353 1335 ι
2401 1283 2519 1338 Non
2561 1284 2704 1338 enim
2746 1295 2805 1338 ut
2842 1282 3119 1338 clauderet
3140 1289 3194 1337 et
3225 1283 3382 1352 quasi
3415 1261 3534 1336 and.

1954 1376 2083 1430 nulo
2144 1375 2382 1445 signaret
2439 1374 2786 1445 propheticas
2839 1374 3099 1440 visiones,
3151 1371 3400 1427 Salvator
3452 1386 3517 1426 ac

1953 1461 2215 1517 Dominus
2248 1473 2433 1518 noster
2489 1463 2728 1525 advenit,
2760 1463 2851 1533 qui
2897 1463 3059 1517 etiam
3097 1462 3239 1524 illas,
3270 1477 3389 1530 qua:
3420 1476 3521 1515 an:-

1955 1568 2039 1613 tea
2066 1558 2315 1613 obscurae
2340 1565 2395 1611 et
2424 1558 2580 1628 quasi
2625 1558 2780 1629 signo
2816 1556 3084 1627 impresso
3113 1557 3313 1623 clausae
3340 1563 3518 1619 erant,

1953 1655 2008 1704 et
2041 1649 2253 1719 aperuit
2300 1658 2354 1702 et
2400 1649 2563 1704 latius
2625 1648 2932 1719 explicavit,
2959 1662 3066 1717 quo
3121 1653 3360 1716 tempore
3405 1646 3521 1701 suis

1957 1739 2243 1809 discipulis
2276 1753 2496 1793 sensum
2546 1738 2856 1793 divinarum
2904 1736 3309 1805 Scripturarum
3356 1750 3523 1805 expo-

283 1834 443 1905 νόμος
487 1833 581 1887 καὶ
622 1835 670 1886 οἱ
716 1831 993 1904 προφῆται
1025 1834 1217 1904 μέχρις
1262 1832 1504 1886 Ἰωάννου
1536 1830 1850 1903 διήρκεσαν,

1974 1834 2083 1888 suit.
2112 1831 2191 1886 Ex
2220 1846 2347 1903 quo,
2377 1850 2396 1882 ι
2428 1830 2585 1896 Ecce,
2616 1831 2811 1901 inquit,
2838 1830 2967 1884 vicit
3000 1829 3085 1883 leo
3134 1827 3202 1883 de
3243 1827 3384 1882 tribu
3424 1823 3525 1879 Ju-

284 1925 340 1992 ὲξ
385 1924 597 1979 ἐκείνου
628 1941 689 1977 τε
716 1925 1114 1979 διαλελοίπασιν
1151 1925 1199 1977 οἱ
1228 1923 1394 1977 πάλαι
1422 1921 1571 1995 παρά
1613 1922 1692 1993 τῷ
1732 1923 1860 1976 Ἰου-

281 2017 445 2072 δαίων
473 2016 615 2071 ἔθνει
650 2015 1272 2089 πνευματοφορούμενοι,
1311 2015 1404 2068 καὶ
1435 2014 1532 2077 τὰς
1563 2014 1691 2087 περὶ
1723 2015 1856 2085 Χρι-

285 2109 410 2163 στοῦ
443 2110 774 2181 προρρήσεις
799 2108 1282 2180 ἁνακηρύττοντες,
1318 2105 1531 2168 καὶτὰς
1560 2107 1618 2159 ἐν
1642 2108 1753 2169 τοῖς
1788 2107 1860 2158 ἱε-

287 2205 396 2275 ροῖς
436 2200 613 2270 λόγοις
656 2199 873 2271 ὁράσεις
907 2198 1073 2269 ὑγιῶς
1100 2197 1507 2263 ἐποπτεύοντες,
1536 2198 1585 2251 οἳ
1620 2198 1716 2251 καὶ
1765 2197 1859 2251 ἆτε

284 2290 735 2359 ἀποκλεισθείσης
763 2287 936 2358 αὐτῆς
963 2289 1062 2360 τῆς
1103 2287 1252 2352 θείας
1284 2287 1522 2359 χάριτος,
1557 2286 1653 2340 καὶ
1688 2303 1860 2358 σφρα-

287 2387 430 2452 γῖσιν
476 2382 665 2453 ῶσπερ
708 2381 1113 2452 καταδεθείσης,
1151 2378 1428 2446 ἐξέλιπον·
1461 2376 1542 2431 διὸ
1578 2376 1862 2448 συμϐαίνει

290 2475 345 2541 ἐξ
374 2475 582 2528 ἐκείνου
616 2474 810 2545 μηκέτι
856 2473 1137 2548 προφήτην
1182 2470 1444 2543 ἐνεργεῖν,
1482 2468 1615 2541 μηδὲ
1654 2468 1863 2539 ὁρῶντα

287 2567 647 2639 χρηματίζειν
674 2568 731 2620 ὲν
762 2566 968 2628 αὐτοῖς,
999 2563 1106 2621 ἀπὸ
1132 2561 1239 2615 τῶν
1270 2559 1613 2632 δηλουμένων
1659 2559 1863 2630 χρόνων

288 2662 379 2714 καὶ
411 2661 492 2723 είς
538 2659 684 2729 ἡμᾶς
733 2656 938 2713 τούτων
983 2655 1237 2710 ἀπάντων
1269 2651 1701 2707 διαλελοιπότων.
1731 2649 1866 2701 Τούη

286 2768 396 2814 τοις
427 2750 698 2822 ἐπιφέρει·
739 2767 757 2800 ι
790 2749 900 2809 Καὶ
927 2749 1109 2820 χρῖσαι
1141 2746 1293 2815 ἅγιον
1323 2744 1546 2814 ἁγίων.)
1571 2743 1682 2796 Καὶ
1708 2741 1866 2796 τοῦτο

288 2843 341 2896 δὲ
364 2841 590 2895 αὐτόθεν
610 2838 894 2912 πρόδηλον,
910 2838 986 2901 ὼς
1007 2837 1166 2909 μέχρι
1186 2836 1292 2890 τῶν
1313 2834 1408 2888 τοῦ
1433 2832 1686 2904 Σωτῆρος
1704 2831 1865 2903 ήμῶν

287 2934 491 3012 χρόνων
514 2933 659 3001 ἆγιοι
674 2931 843 3000 ἁγίων
854 2930 904 2983 οἱ
928 2930 1056 3000 παρ’
1073 2927 1339 2998 Ἑϐραίοις
1367 2926 1641 2997 ἀρχιερεῖς
1661 2923 1869 2995 ἐχρίον-

290 3043 367 3091 το,
394 3023 541 3078 κατά
575 3024 675 3095 τὴν
708 3021 847 3076 κατὰ
880 3021 970 3074 τὸν
1013 3021 1106 3074 τοῦ
1143 3018 1385 3081 Μωσέως
1407 3017 1567 3088 νόμον
1598 3014 1868 3067 ἐπιτελου-

294 3118 458 3189 μένην
488 3114 797 3186 ἀγιστείαν·
836 3112 895 3180 ἐξ
921 3112 1131 3165 ἐκείνου
1157 3110 1213 3163 δὲ
1242 3109 1337 3162 καὶ
1362 3100 1507 3161 οῦτοι
1533 3104 1868 3160 διαλελοίπα-

293 3164 357 3262 ἓξ
369 3164 819 3277 κὲιταὶλήᾴᾦξέεῇ
851 3164 1172 3276 προφητείᾳ.
1189 3200 1254 3252 Ἡ
1290 3200 1386 3270 μὲν
1413 3193 1506 3252 οῦν
1542 3197 1635 3250 τοῦ
1680 3194 1870 3249 Ἰακὼὸ
1897 3164 1940 3222 c

294 3296 428 3368 πρὸς
451 3295 544 3350 τὸν
588 3294 790 3348 Ἰούδαν
826 3290 1175 3361 ἀναφώνησις
1204 3289 1522 3361 ἡγουμένων
1556 3287 1650 3341 καὶ
1679 3285 1873 3357 ἀρχόν-

295 3404 398 3445 των
448 3386 544 3443 τοῦ
581 3384 848 3441 Ἰουδαίων
893 3382 1077 3445 ἔθνους
1129 3378 1369 3449 ἔκλειψιν
1400 3378 1609 3449 ἐδήλου,
1636 3376 1776 3437 κατά
1804 3374 1871 3428 τὰ

298 3478 737 3552 προτεταγμένα·
798 3474 984 3547 ἐπειδὴ
1029 3474 1086 3527 δὲ
1146 3472 1214 3527 τά
1261 3472 1362 3543 τῆς
1405 3470 1739 3543 προστασίας
1778 3468 1872 3522 τοῦ

297 3574 422 3627 λαοῦ
450 3571 743 3645 προφητῶν
784 3570 878 3624 καὶ
906 3568 1091 3640 ἱερέων
1136 3565 1304 3619 πάλαι
1350 3563 1613 3635 πρότερον
1649 3562 1872 3632 ήρτητο,

300 3663 603 3727 ἀκολούθως
638 3660 1007 3734 προθεσπίσας
1033 3661 1060 3712 ὁ
1089 3656 1246 3725 λόγος
1276 3656 1363 3709 διὰ
1390 3655 1491 3724 τῆς
1533 3668 1877 3727 προπαρατε-

302 3756 484 3825 θείσης
518 3749 855 3824 προφητείας
880 3749 979 3820 τὴν
999 3746 1106 3800 τῶν
1135 3744 1410 3816 ἀρχόντων
1439 3742 1534 3796 καὶ
1560 3740 1877 3813 ἡγουμένων

301 3848 391 3909 τοῦ
434 3844 704 3900 Ἰουδαίων
741 3841 927 3904 ἔθνους
958 3838 1277 3909 καθαίρεσιν
1309 3835 1401 3887 ἐπὶ
1423 3836 1489 3905 τῇ
1517 3832 1611 3886 τοῦ
1642 3830 1878 3903 Χριστοῦ

304 3937 594 4012 παρουσίᾳ,
624 3934 711 3988 διὰ
753 3931 854 4003 τῆς
902 3930 1036 4003 μετά
1076 3931 1263 4000 χεῖρας
1292 3923 1622 3996 προφητείας
1647 3923 1746 3994 τὴν
1774 3921 1881 3975 τῶν

307 4013 599 4105 προφητῶν
647 4027 742 4081 καὶ
778 4024 884 4078 τῶν
937 4020 1123 4094 ἱερέων
1157 4019 1264 4073 τῶν
1318 4020 1447 4088 παρ’
1477 4017 1659 4078 αὐτοῖς
1715 4015 1881 4069 πάλαι

306 4108 710 4196 διας-τρεπόντων
740 4116 976 4186 ἔκλειψιν
1009 4114 1309 4183 ἁναφωνεῖ,
1341 4110 1417 4173 ὡς
1443 4107 1762 4161 καὶτούτων
1791 4107 1884 4159 ἐπὶ

308 4220 371 4288 τῇ
400 4215 496 4270 τοῦ
524 4211 761 4287 Χριστοῦ
811 4207 1100 4279 ἐπιφανείᾳ
1144 4203 1549 4273 διαλειψόντων·
1580 4200 1608 4254 δ
1635 4201 1729 4254 καὶ
1756 4199 1885 4252 αὐτὸ

220 4348 225 4355 .
309 4312 418 4373 τοῖς
449 4307 631 4380 ἔργοις
666 4308 697 4376 ή
731 4301 1000 4375 παρουσία
1044 4300 1138 4354 τοῦ
1179 4299 1431 4370 Σωτῆρος
1464 4294 1622 4367 ήμῶν
1652 4290 1886 4345 ἐπιστώ-

314 4399 630 4456 σατο.Ἐπεὶ
670 4397 727 4451 δὲ
773 4398 801 4449 ό
843 4393 1093 4457 Ἀκύλας,
1129 4412 1146 4444 ι
1175 4390 1269 4446 τοῦ
1311 4388 1526 4457 ἀλεῖψαι
1557 4384 1887 4457 ἡγιασμένον

1960 1924 2030 1979 da
2050 1926 2096 1957 ⁷⁸
2135 1943 2148 1979 :
2185 1943 2203 1975 ι
2250 1930 2301 1977 et
2334 1923 2449 1992 ipse
2495 1923 2709 1992 aperuit
2757 1921 2931 1992 sigilla
2979 1919 3119 1974 libro
3162 1919 3431 1988 apposita,
3463 1926 3525 1970 ut

1960 2016 2103 2087 apud
2149 2014 2412 2069 Joannem
2470 2014 2699 2083 legimus
2752 2012 2811 2066 in
2862 2010 3203 2082 Apocalypsi.
3258 2010 3524 2066 Ceterum

1960 2124 2081 2179 qua:
2122 2107 2341 2162 tandem
2382 2106 2580 2177 sigilla,
2622 2104 2728 2160 nisi
2785 2103 3169 2174 prophetarum
3224 2101 3527 2156 obscurita-

1960 2178 2080 2256 tes?
2132 2214 2271 2270 quas
2316 2213 2440 2253 cum
2491 2197 2649 2267 plane
2698 2195 2837 2249 bene
2893 2202 3050 2249 notas
3104 2192 3327 2247 haberet
3363 2191 3526 2247 etiam
3583 2178 3586 2182 Α

1962 2292 2154 2356 Isaias,
2186 2289 2362 2344 dixit:
2405 2306 2423 2339 ι
2459 2287 2525 2341 Ει
2549 2295 2715 2350 erunt,
2732 2286 2898 2341 verba
2938 2285 3053 2342 haec
3078 2290 3333 2351 tanquam
3361 2283 3527 2337 verba

1963 2381 2086 2435 libri
2138 2378 2335 2449 signati
2359 2379 2405 2409 ⁷⁸
2437 2396 2450 2431 :
2485 2396 2504 2428 ι
2546 2392 2650 2430 non
2678 2390 2812 2448 ergo
2839 2383 2900 2428 ut
2944 2373 3220 2427 clauderet
3263 2371 3525 2426 visionem

1963 2479 2017 2527 et
2065 2470 2386 2541 prophetam
2420 2467 2567 2520 venit
2606 2464 2865 2520 Christus
2914 2461 3029 2526 Dei,
3063 2460 3154 2516 sed
3189 2467 3247 2513 ut
3295 2458 3530 2529 aperiret

1963 2562 2149 2631 potius
2195 2567 2248 2614 et
2305 2558 2360 2612 in
2409 2557 2582 2611 lucem
2640 2556 2929 2626 proferret.
2975 2553 3153 2619 Quare
3193 2551 3363 2621 magis
3397 2548 3530 2603 mihi

1967 2652 2186 2722 proprie
2210 2649 2425 2705 videtur
2447 2647 2639 2717 Aquila
2673 2646 2878 2701 dixisse
2908 2664 2921 2698 :
2963 2662 2981 2691 ι
3016 2643 3096 2697 Ad
3146 2655 3532 2697 consumman-

1967 2746 2095 2799 dum
2145 2742 2379 2798 visionis
2416 2752 2615 2792 munus
2668 2743 2721 2790 ct
2777 2735 3118 2805 prophetam,
3151 2752 3170 2783 ι
3205 2730 3350 2801 quod
3403 2744 3533 2785 sane

1967 2853 2091 2892 cum
2132 2836 2225 2889 illo
2254 2832 2547 2889 concordat
2581 2849 2593 2884 :
2633 2847 2651 2880 ι
2698 2827 2816 2881 Non
2848 2827 2971 2881 veni
3010 2826 3218 2879 solvere
3246 2823 3416 2892 legem
3441 2827 3535 2874 aut

1968 2926 2282 2997 prophetas,
2320 2921 2414 2978 sed
2452 2919 2727 2989 complere
2754 2917 2803 2948 '”
2843 2956 2858 2980 ,
2901 2936 2921 2966 ι
2955 2912 3101 2984 quod
3133 2927 3162 2964 a
3190 2917 3379 2964 nostro
3413 2906 3535 2961 Sal-

1968 3025 2155 3073 vatore
2190 3015 2393 3069 dictum
2439 3011 2810 3080 agnoscimus.
2856 3005 3017 3076 387
3050 3002 3200 3058 Finis
3229 3001 3375 3056 enim
3401 2998 3536 3068 legis

1972 3111 2245 3170 Christus,
2270 3114 2324 3161 et
2349 3120 2540 3160 omnes
2575 3103 2644 3156 de
2674 3101 2767 3154 illo
2813 3096 3108 3170 prephetia:
3141 3095 3333 3148 inanes
3377 3099 3538 3160 atque

1974 3199 2305 3272 imperfecta:
2336 3200 2675 3259 manserunt,
2706 3192 2878 3246 donec
2932 3189 3022 3242 ille
3074 3186 3314 3256 seipsum
3354 3189 3541 3238 osten-

1973 3270 2128 3359 dens,
2161 3288 2415 3345 omnibus
2443 3300 2563 3356 quae
2611 3282 2678 3337 de
2720 3282 2839 3351 ipso
2885 3294 2916 3333 a
2965 3276 3246 3349 prophetis
3285 3270 3539 3343 praedicta

1976 3381 2212 3445 fuerant,
2249 3376 2409 3432 finem
2447 3372 2725 3444 imposuit.
2761 3369 2949 3425 Potest
2972 3369 3135 3423 etiam
3172 3381 3235 3419 ex
3277 3365 3544 3431 interpre-

1975 3474 2184 3528 tatione
2238 3467 2594 3540 Septuaginta
2636 3463 2802 3518 talem
2858 3461 3060 3515 habere
3106 3471 3362 3520 sensum,
3407 3452 3542 3507 illud

1977 3564 2120 3637 quod
2149 3563 2354 3618 dictum
2398 3567 2481 3616 est
2511 3578 2521 3612 :
2558 3577 2575 3607 ι
2622 3555 2694 3611 Ut
2722 3554 2878 3624 quasi
2906 3552 3060 3621 signo
3091 3550 3359 3619 impresso
3390 3545 3543 3599 clau-

1976 3635 2137 3713 datur
2181 3653 2320 3709 visio
2352 3661 2406 3707 et
2459 3648 2720 3721 propheta
2755 3663 2767 3698 :
2824 3664 2843 3697 ›
2879 3657 3002 3696 cum
3042 3641 3125 3695 lex
3179 3648 3230 3693 et
3266 3635 3545 3706 propheta:

1978 3763 2153 3820 usque
2176 3745 2242 3800 ad
2279 3743 2542 3798 Joannem
2574 3733 2996 3808 permanserint,
3020 3739 3074 3786 et
3114 3744 3181 3783 ex
3213 3729 3303 3782 illo
3334 3726 3546 3781 defece-

1978 3819 2110 3900 rint,
2137 3839 2229 3909 qui
2278 3836 2431 3907 prius
2480 3831 2686 3903 Spiritu
2714 3827 2899 3882 divino
2926 3822 3089 3879 amati
3137 3819 3473 3883 divinabam,
3494 3824 3550 3872 et

1981 3932 2239 3990 vaticinia
2267 3931 2335 3984 de
2367 3927 2587 3983 Christo
2615 3920 2871 3978 omnibus
2893 3918 3070 3989 palam
3100 3911 3553 3986 prodebant,qui-

1982 4044 2088 4100 que
2127 4028 2183 4081 in
2224 4024 2399 4080 sacris
2433 4016 2718 4090 responsis
2747 4014 2988 4069 visiones
3014 4024 3180 4081 puras
3208 4015 3261 4063 et
3306 4008 3550 4062 sinceras

1984 4098 2520 4189 contemplabantur,
2553 4119 2809 4178 tanquam
2837 4106 2882 4160 si
2930 4104 3064 4174 ipsis
3089 4101 3271 4156 divina
3298 4098 3473 4170 gratia
3497 4104 3551 4151 et

1985 4211 2194 4273 clausa,
2220 4215 2274 4262 et
2316 4202 2474 4274 quasi
2526 4198 2698 4269 signis
2750 4191 3035 4264 impressis
3083 4189 3331 4257 colligata
3382 4190 3550 4246 esset,

1985 4301 2185 4357 merito
2213 4276 2389 4353 evenit
2415 4300 2475 4349 ut
2498 4293 2565 4347 ab
2594 4290 2709 4353 illo,
2728 4288 2793 4341 de
2823 4300 2932 4357 quo
2965 4283 3169 4337 dictum
3209 4283 3313 4343 est,
3342 4284 3551 4344 tempo-

1989 4408 2067 4457 re,
2100 4405 2210 4445 non
2239 4384 2477 4456 amplius
2509 4379 2650 4452 apud
2680 4378 2802 4432 illos
2837 4387 3063 4428 munere
3097 4383 3198 4424 suo
3241 4368 3554 4435 fungeretur

312 4491 677 4566 ήγιασμένων,
707 4509 725 4542 ι
758 4487 1037 4553 ἐξέδωκεν,
1069 4485 1309 4555 οἰήσεται
1344 4480 1441 4552 μέν
1471 4497 1556 4542 τις
1584 4456 1691 4531 τὸν
1724 4476 1868 4529 πάλα

1993 4483 2279 4559 propheta,
2308 4492 2487 4548 neque
2519 4473 2612 4544 qui
2649 4470 2719 4525 ab
2762 4468 2871 4523 illis
2910 4465 3103 4520 videns
3146 4456 3549 4514 nominabatur,

2756 4560 2770 4568 “
2921 4565 2930 4568 -
3136 4558 3293 4568 ιμι-η-
3343 4545 3548 4568 ---1-1ηιη

482 4545 773 4644 ιἸουδαίοις
799 4545 1068 4653 ἀρχιερέα
1107 4545 1416 4646 δηλοῦσθαι,
1446 4570 1555 4623 τῶν
1588 4569 1688 4641 μὲν
1718 4567 1871 4639 τούτιε

1992 4545 2297 4633 sed-omnia
2340 4545 2459 4625 haec
2494 4579 2666 4636 usque
2707 4560 2774 4615 ad
2810 4565 3056 4614 nostram
3086 4558 3299 4607 aetatem
3340 4545 3553 4602 sublata

2796 4651 2807 4657 -
3043 4643 3103 4657 ιη-
3265 4649 3383 4657 -.--_
3417 4635 3523 4657 ο--

316 4676 732 4748 ύποὸεὖηκότων
768 4671 979 4726 πολλῶν
1006 4668 1192 4741 ἱερέων
1224 4666 1391 4735 ἁγίων
1424 4661 1893 4737 προσαγορευομέ-

316 4790 440 4836 νων,
471 4770 624 4840 ἀγίου
665 4768 723 4822 δὲ
773 4766 941 4836 ἁγίων
974 4764 1133 4835 μόνου
1160 4760 1254 4814 τοῦ
1306 4759 1450 4836 ύπὲρ
1512 4756 1718 4818 πάντας
1762 4755 1895 4825 ἀρχ-

322 4865 528 4937 ιερέως.
546 4860 762 4931 Ἐπειδὴ
802 4858 960 4912 τοῦτο
987 4856 1080 4909 καὶ
1101 4853 1403 4927 προχείρως
1438 4846 1720 4918 νοούμενόν
1749 4847 1892 4898 ἐστιν

319 4956 533 5026 ἀληθές.
558 4954 736 5024 Μέχρι
762 4950 871 5022 γὰρ
900 4948 1010 5002 τῶν
1041 4947 1137 5000 τοῦ
1159 4945 1407 5014 Σωτῆρος
1431 4938 1589 5011 ήμῶν
1617 4937 1824 5009 χρόνων
1843 4937 1893 4989 οἱ

320 5048 581 5102 ἀνέκαθεν
610 5042 752 5100 κατά
778 5041 1027 5112 διαδοχὴν
1062 5039 1337 5111 ἀρχιερεῖς
1362 5032 1495 5104 ὁμοῦ
1514 5031 1609 5085 καὶ
1635 5028 1728 5083 τοῦ
1758 5045 1892 5081 παν-

320 5140 406 5203 τὸς
431 5137 662 5209 ήγοῦντο
688 5133 841 5199 λαοῦ,
874 5134 969 5187 καὶ
1009 5131 1078 5184 τὰ
1124 5131 1224 5200 τῆς
1266 5125 1358 5180 τοῦ
1408 5123 1543 5177 Θεοῦ
1575 5121 1890 5194 θεραπείας,

324 5230 626 5293 ἀκολούθως
667 5231 733 5299 τῇ
764 5226 914 5299 παρά
948 5225 1140 5280 Μωσεῖ
1172 5215 1635 5291 νενομοθετημένῃ
1672 5213 1896 5285 λατρείςι⁵

324 5322 557 5396 διαρκῶς
584 5320 889 5375 ἐπετέλουν.
909 5317 1040 5369 Ἀπὸ
1076 5314 1133 5371 δὲ
1165 5312 1272 5365 τῶν
1317 5309 1411 5364 τοῦ
1456 5308 1708 5378 Σωτῆρος
1734 5308 1767 5376 ή
1778 5304 1894 5376 μῶν

330 5418 532 5490 χρόνων
560 5414 774 5487 πρῶτον
806 5412 902 5483 μὲν
935 5406 1197 5479 συνεχύθη
1228 5404 1321 5458 καὶ
1340 5405 1377 5474 ἡ
1395 5399 1534 5455 κατά
1552 5399 1774 5461 τούτους
1801 5396 1895 5453 τά-

479 5507 673 5580 μικρδν
718 5504 775 5558 δὲ
818 5503 1041 5572 ὕστερον
1069 5499 1162 5552 καὶ
1201 5493 1479 5556 παντελῶς
1506 5490 1738 5563 ἀπέσϐη,
1760 5487 1895 5541 Ἀλλ’

333 5579 500 5673 ἔγωγε
545 5598 647 5669 τῆς
691 5596 841 5659 θείας
884 5591 1108 5665 Γραφῆς
1147 5586 1381 5661 οὐδαμοῦ
1410 5584 1582 5656 εὑρὼν
1622 5584 1713 5637 τὸν
1747 5579 1898 5657 παρὰ

402 5779 446 5811 ⁷⁸
487 5779 654 5849 Apoc.
688 5791 752 5840 ν,
788 5774 839 5827 5;

1988 4664 2327 4723 evanuerint.
2361 4635 2624 4725 Deinceps
2657 4651 2941 4726 sequitur:
2979 4666 2997 4699 ι
3043 4643 3110 4698 Ει
3149 4649 3384 4711 ungatur
3417 4635 3556 4690 San-

1988 4764 2112 4812 ctus
2166 4760 2502 4809 sanctorum.
2544 4767 2561 4799 ι
2599 4745 2713 4799 lloc
2772 4742 2901 4795 item
2948 4735 3107 4791 nobis
3162 4731 3352 4787 eodem
3397 4741 3556 4796 argu-

1992 4852 2177 4900 mento
2209 4840 2483 4897 constabit
2514 4856 2528 4892 :
2554 4850 2677 4890 nam
2714 4845 2888 4901 usque
2925 4827 2992 4881 ad
3023 4835 3268 4894 tempora
3319 4817 3559 4873 Salvato-

1991 4941 2069 4995 ris
2097 4936 2294 4999 nostri,
2333 4933 2427 5003 qui
2463 4928 2652 4984 Sancti
2691 4931 3007 4981 sanctorum
3066 4914 3350 4986 pontifices
3401 4915 3560 4963 erant

1996 5028 2140 5101 apud
2163 4997 2444 5089 llebrazos,
2473 5021 2511 5074 ii
2542 5014 2868 5073 ccremoniis
2900 5025 3038 5081 quas
3058 5023 3124 5063 ex
3161 5002 3397 5058 Mosaica
3442 4997 3561 5067 lege

1997 5095 2250 5191 acceptas
2293 5114 2600 5177 servabant,
2649 5107 3041 5177 ungebantur:
3086 5098 3182 5155 sed
3241 5095 3298 5150 hi
3343 5104 3561 5191 quoque

1996 5181 2240 5281 posthaec
2272 5205 2414 5260 sicut
2450 5198 2734 5272 prophetia
2763 5194 3113 5267 praedixerat,
3146 5185 3413 5243 defecere.
3449 5181 3561 5234 Ita-

1998 5275 2103 5374 que
2129 5298 2271 5369 quod
2302 5297 2371 5351 ab
2399 5294 2569 5350 Jacob
2599 5291 2666 5345 ad
2691 5288 2886 5344 Judam
2909 5283 3188 5339 oraculum
3221 5275 3561 5333 enuntiatum

1998 5369 2101 5457 est,
2135 5389 2435 5448 secundum
2458 5402 2522 5443 ea
2548 5398 2669 5455 qua:
2700 5381 2852 5452 prius
2886 5393 2917 5430 a
2947 5374 3105 5430 nobis
3131 5369 3377 5439 exposita
3411 5374 3560 5428 sunt,

2001 5485 2242 5541 Iudaica:
2274 5481 2451 5554 gentis
2492 5479 2690 5533 ducum
2732 5470 3147 5543 principumque
3177 5462 3446 5554 defectum
3476 5457 3563 5512 di—

2004 5576 2246 5631 vinabat.
2276 5551 2382 5630 Sed
2417 5570 2673 5650 quoniam
2705 5565 3091 5643 prophetarum
3114 5565 3169 5615 et
3197 5551 3566 5615 sacerdotum.

915 5770 962 5803 ⁷⁵
1003 5768 1083 5823 lsa
1142 5780 1304 5829 nix,
1344 5764 1432 5819 ll.
1504 5765 1549 5796 '"
1592 5760 1782 5816 Matth.
1817 5775 1878 5817 ν.
1920 5756 2004 5815 l7.
