3908 6266
355 337 456 393 607

1020 338 1286 395 EUSEBII
1326 337 1806 395 C/ESARIENSIS
1843 337 1993 395 OPP.
2038 335 2217 391 PARS
2254 336 2319 394 ιι.
2359 368 2432 381 -—
2460 336 2957 393 APOLOGETICA.
3495 338 3590 394 603

353 455 448 525 qui
482 458 682 528 populo
719 467 1006 528 praeerant,
1028 457 1354 527 jampridem
1388 458 1565 513 honor
1586 458 1787 514 dilatus
1812 457 1921 513 fue-

2036 455 2308 521 Ἱουδαίοις
2346 456 2606 528 ἀρχιερέα
2636 456 2790 526 ἅγιον
2818 456 2988 525 ἁγίων
3020 456 3423 528 ὠνομασμέναι,
3448 458 3598 527 ἠγοῦ-

357 554 465 614 rat,
493 547 686 603 ordine
714 547 974 617 deinceps
1027 564 1229 612 sermo,
1258 548 1349 602 ubi
1387 550 1663 604 interitum
1686 548 1927 605 Judaicze

360 638 539 708 gentis
562 638 758 693 ducum
809 648 856 691 et
905 638 1213 707 principum
1267 641 1370 696 sub
1401 641 1577 710 ipsum
1606 638 1805 696 Christi
1831 640 1927 694 ad-

360 739 605 791 ventum,
642 744 741 799 per
761 744 879 783 eam
907 745 1028 799 quae
1057 732 1210 800 prius
1249 732 1523 786 citabatur
1558 731 1924 801 prophetiam,

359 822 631 894 praedixit,
660 837 757 891 per
808 837 926 875 eam
968 838 1089 891 qua:
1133 839 1277 877 nunc
1324 823 1376 877 in
1431 823 1682 877 manibus
1732 833 1836 886 est,
1872 832 1925 877 et

340 915 743 988 “prophetarum
803 923 857 968 et
903 916 1273 980 sacerdotum,
1306 916 1398 987 qui
1446 916 1575 969 olim
1626 917 1767 986 apud
1801 918 1927 972 illos

350 1008 636 1070 ﬂorebant,
680 1006 954 1061 defectum
1010 1009 1172 1078 plane
1228 1008 1519 1080 signiﬁcat,
1562 1016 1818 1080 tanquam
1868 1011 1922 1065 bi

351 1115 570 1171 quoque
596 1100 689 1154 ubi
721 1099 979 1155 Christus
1026 1100 1339 1156 advenisset
1390 1100 1659 1156 defecturi
1717 1112 1921 1166 essent,

351 1193 497 1263 quod
526 1193 743 1263 quidem
760 1192 1104 1257 vaticinium,
1136 1191 1436 1246 Salvatoris
1462 1194 1637 1249 nostri
1660 1195 1924 1252 adventus

352 1279 409 1342 re
462 1286 580 1355 ipsa
628 1285 1025 1354 comprobavit.
1061 1284 1200 1349 Quia
1243 1301 1371 1340 vero
1397 1286 1615 1355 Aquila,
1657 1306 1675 1338 ι
1707 1286 1790 1341 Ad
1817 1305 1923 1342 un-

350 1378 589 1448 gendum
614 1375 1027 1431 Sanctiﬁcatum
1060 1375 1551 1440 sanctiﬁcatorum,
1597 1398 1615 1431 ›
1654 1378 1924 1448 interpre-

350 1477 499 1524 tatus
524 1476 627 1534 cst,
654 1486 718 1524 ex
742 1485 808 1524 eo
833 1469 1030 1539 aliquis
1054 1471 1420 1539 suspicabitur
1448 1480 1678 1528 veterem
1708 1470 1925 1527 Iudaeo-

352 1577 474 1616 rum
497 1563 811 1632 pontiﬁcem
844 1563 1120 1634 designari
1157 1580 1170 1617 :
1202 1564 1403 1634 quippe
1453 1579 1579 1618 cum
1615 1564 1770 1618 multi
1795 1565 1921 1634 qui-

352 1654 474 1709 dem
511 1656 604 1709 illo
637 1655 756 1725 ipso
789 1655 1076 1711 inferiores
1111 1656 1429 1713 sacerdotes
1462 1657 1638 1712 sancti
1683 1659 1924 1728 appella-

350 1753 563 1811 rentur,
594 1747 747 1802 solus
788 1755 969 1801 autem
1010 1746 1280 1816 pontifex,
1313 1747 1404 1818 qui
1436 1731 1627 1804 omnes
1658 1748 1922 1821 dignitate

348 1836 612 1901 anteibat,
638 1835 873 1893 Sanctus
903 1845 1237 1893 sanctorum.
1276 1837 1555 1907 Siquidem
1604 1839 1707 1894 hoc
1749 1840 1832 1895 vel
1857 1856 1922 1894 co

350 1941 515 1981 sensu
545 1934 825 1997 acceptum
858 1926 1001 1997 quod
1036 1928 1331 1998 unicuique
1371 1929 1425 1982 in
1450 1936 1700 1998 promptu
1726 1929 1924 1993 sit,ve-

351 2033 473 2072 rum
503 2024 610 2074 est.
642 2017 778 2071 Nam
810 2034 983 2088 usque
1015 2018 1083 2073 ad
1112 2028 1355 2090 tempora
1392 2017 1695 2075 Salvatoris
1726 2021 1918 2083 nostri,

346 2110 441 2182 qui
466 2126 497 2164 a
528 2109 703 2180 prima
729 2111 938 2181 origine
965 2125 1063 2180 per
1088 2111 1493 2166 successionem
1521 2118 1677 2166 erant
1701 2110 1922 2181 pontiﬁ-

347 2218 462 2266 ces,
497 2202 662 2257 iidem
720 2203 883 2257 etiam
934 2203 1034 2257 toti
1084 2202 1287 2273 populo
1344 2212 1628 2272 praeerant,
1664 2203 1831 2274 388
1869 2212 1924 2258 et

346 2306 467 2362 quae
498 2291 565 2346 ad
603 2292 811 2346 cultum
839 2290 934 2347 Dei
965 2292 1260 2361 pertinent,
1292 2291 1458 2345 ritum
1503 2291 1654 2344 illum
1705 2301 1925 2345 sectan-

346 2395 453 2448 tes,
482 2383 577 2455 qui
610 2384 663 2437 in
691 2384 808 2454 lege
839 2382 1005 2438 Mosis
1027 2383 1276 2437 sancitus
1307 2382 1505 2448 fuerat,
1537 2383 1754 2437 abunde
1786 2384 1921 2439 satis

346 2478 831 2534 administrabant.
868 2476 945 2530 Ex
981 2493 1090 2548 quo
1121 2484 1300 2533 autem
1329 2476 1583 2532 Salvator
1611 2485 1797 2533 noster
1827 2479 1925 2532 ad-

344 2571 515 2632 venit,
544 2570 781 2641 primum
815 2570 1030 2640 quidem
1081 2586 1269 2625 eorum
1300 2586 1520 2641 quoque
1563 2571 1699 2625 ordo
1730 2571 1922 2626 confu-

347 2678 443 2717 sus
471 2670 596 2718 est:
626 2678 733 2718 non
770 2663 943 2716 multo
974 2670 1156 2716 autem
1192 2669 1337 2732 post,
1374 2663 1536 2717 etiam
1575 2665 1789 2738 penitus
1825 2678 1922 2718 ex-

346 2755 605 2810 stinctus.
638 2752 932 2818 Caeterum,
981 2768 1105 2808 cum
1155 2769 1256 2824 ego
1300 2753 1518 2823 quidem
1568 2769 1837 2824 nusquam
1866 2743 1921 2808 in

346 2846 525 2900 sacris
582 2846 781 2900 litteris
830 2845 1168 2912 invenerim,
1220 2843 1530 2900 Judazorum
1609 2846 1918 2916 pontiﬁcem

348 2936 611 2992 Sanctum
647 2946 965 2990 sanctorum
1010 2936 1304 3001 nominari,
1328 2937 1567 2991 arbitror
1612 2937 1665 2992 in
1695 2938 1919 2992 unicum

345 3029 612 3084 duntaxat
636 3027 732 3083 Dei
774 3027 970 3081 Filium
1003 3027 1239 3083 Verbum
1269 3037 1324 3083 et
1367 3029 1584 3100 proprie
1616 3029 1916 3100 designari,

345 3130 400 3177 et
412 3137 537 3177 vere
553 3120 774 3189 dignum
794 3121 887 3173 tali
906 3121 1267 3191 appellatione
1282 3121 1561 3178 constitui.
1581 3122 1650 3178 lis
1664 3123 1808 3177 enim
1824 3124 1916 3193 qui
1946 3152 1989 3207 α

345 3229 413 3268 ex
434 3212 745 3268 hominibus
776 3212 1005 3282 profecti
1045 3213 1176 3276 sint,
1212 3222 1265 3269 et
1291 3213 1358 3268 ad
1386 3230 1510 3269 eum
1540 3216 1760 3272 virtutis
1791 3232 1915 3287 gra-

346 3305 475 3357 dum
508 3303 878 3374 pervenerint,
909 3320 1070 3374 quem
1099 3313 1295 3359 natura
1317 3306 1566 3361 mortalis
1599 3308 1916 3377 contingere

345 3400 546 3464 potest,
576 3392 710 3447 satis
741 3408 1014 3463 Superque
1044 3391 1231 3457 fuerit,
1265 3393 1310 3447 si
1341 3393 1559 3462 quando
1607 3394 1663 3448 in
1703 3402 1915 3464 partem

345 3493 399 3540 et
423 3485 975 3540 communicationem
1026 3485 1317 3556 quamdam
1365 3487 1629 3556 assumpti
1671 3488 1792 3558 ejus
1822 3487 1916 3558 qui

347 3577 505 3642 dixit,
542 3595 561 3628 ι
595 3574 783 3632 Sancti
819 3576 996 3641 eritis,
1031 3576 1289 3647 quoniam
1325 3586 1553 3634 sanctus
1602 3594 1701 3650 ego
1734 3579 1918 3634 Domi-

344 3685 451 3725 nus
481 3669 549 3733 ",
590 3689 608 3721 ι
645 3670 821 3723 sancti
852 3671 1214 3741 appellentur.
1237 3669 1473 3726 Sanctus
1501 3680 1680 3726 autem
1705 3680 1919 3727 sancto-

345 3776 489 3826 rum,
515 3761 638 3831 quis
667 3760 886 3816 tandem
936 3762 1010 3816 sit
1055 3760 1198 3832 apud
1231 3759 1482 3816 homines
1528 3763 1914 3831 nominandus,

344 3863 543 3926 praater
579 3871 743 3909 unum
786 3855 963 3909 sancti
992 3855 1248 3910 dilectum
1284 3854 1541 3920 Puerum,
1569 3856 1661 3926 qui
1712 3863 1771 3911 ut
1803 3857 1918 3913 Rex

346 3961 558 4015 regum,
597 3952 650 4000 et
679 3945 1026 4000 dominorum
1079 3944 1362 4012 Dominus,
1393 3946 1468 4000 ita
1498 3947 1662 4001 etiam
1696 3959 1915 4003 sancto-

345 4053 468 4091 rum
498 4035 732 4093 Sanctus
762 4048 846 4093 est
886 4038 1234 4108 appellatus?
1277 4038 1371 4093 uni
1403 4039 1572 4109 igitur
1615 4043 1685 4105 ei,
1735 4051 1920 4113 utpote

346 4130 439 4199 qui
474 4129 840 4199 praastantiori
894 4130 1127 4200 quodam
1173 4130 1334 4185 modo
1373 4131 1446 4184 sit
1494 4140 1713 4199 unctus,
1756 4151 1917 4204 quam

346 4233 537 4273 omnes
582 4219 676 4288 qui
729 4234 969 4289 unquam
1021 4228 1240 4275 terreno
1284 4222 1378 4276 illo
1427 4234 1592 4296 atque
1640 4225 1920 4281 elaborato

349 4307 515 4364 Mosis
563 4310 682 4364 oleo
741 4310 891 4364 uncti
934 4310 1157 4377 fuerint,
1191 4312 1393 4369 dictum
1439 4325 1525 4371 est
1559 4317 1691 4372 illud
1724 4338 1737 4373 :
1772 4338 1790 4369 ι
1827 4318 1921 4373 Di-

350 4400 535 4457 lexisti
566 4401 861 4472 justitiam,
895 4411 950 4457 et
995 4403 1158 4459 odisti
1208 4407 1552 4477 iniquitatem
1586 4428 1599 4464 :
1631 4418 1918 4481 prOpterea

351 4494 510 4548 unxit
555 4502 610 4549 te
665 4492 809 4550 Deus
863 4494 1005 4551 Deus
1040 4508 1165 4553 tuus
1202 4498 1322 4553 oleo
1379 4502 1764 4557 exsultationis
1808 4517 1919 4573 prze

351 4587 707 4657 participibus
736 4586 845 4642 tuis
873 4588 941 4643 ⁷⁸.
972 4607 991 4640 ι
1030 4588 1149 4654 Quo
1170 4590 1388 4660 quidem
1437 4593 1557 4647 oleo
1602 4604 1801 4649 unctus
1855 4611 1919 4648 ex

351 4679 572 4749 propria
619 4693 851 4748 persona
896 4680 1036 4751 apud
1081 4679 1277 4735 Isaiam
1328 4683 1444 4753 ipse
1474 4683 1589 4737 ait:
1623 4702 1641 4733 ι
1681 4682 1920 4753 Spiritus

350 4769 565 4824 Domini
616 4786 781 4840 super
822 4786 927 4837 me,
991 4779 1214 4842 propter
1262 4775 1404 4844 quod
1455 4775 1609 4828 unxit
1657 4791 1744 4829 me
1770 4776 1836 4830 ⁸ο.
1894 4795 1913 4828 ι

349 4860 616 4926 Quoniam
648 4860 813 4931 igitur
860 4863 1150 4917 excellenti
1199 4871 1253 4918 et
1304 4865 1575 4935 spirituali
1620 4880 1686 4921 ac
1735 4866 1918 4936 potius

350 4953 524 5023 ipsius
553 4952 861 5008 divinitatis
895 4962 1174 5025 unguento
1240 4957 1391 5012 solus
1452 4966 1649 5028 prazter
1702 4973 1916 5026 omnes,

349 5046 442 5113 qui
473 5059 711 5114 unquam
748 5044 970 5109 fuerint,
1009 5043 1258 5101 Salvator
1312 5058 1502 5103 noster
1561 5056 1761 5105 unctus
1795 5066 1917 5106 esse

350 5136 687 5204 perhibetur,
724 5136 918 5191 merito
952 5135 1186 5194 Sanctus
1214 5148 1550 5206 sanctorum,
1574 5150 1835 5213 tanquam
1871 5144 1918 5198 si

351 5225 645 5295 diceretur,
674 5226 927 5284 Pontifex
964 5230 1302 5300 pontiﬁcum,
1347 5240 1431 5287 est
1462 5234 1798 5298 nominatus,
1825 5243 1920 5289 aut

350 5317 512 5372 etiam
548 5315 934 5374 Sanctiﬁcatus
979 5321 1466 5387 sanctiﬁcatorum,
1500 5330 1560 5378 ut
1590 5331 1675 5380 est
1721 5326 1775 5379 in
1806 5323 1917 5380 Ga-

350 5408 537 5465 brielis
570 5412 813 5466 oraculo.
861 5412 987 5468 Hac
1044 5429 1208 5484 porro
1255 5415 1438 5470 omnia
1488 5418 1772 5488 completis
1822 5418 1913 5475 he-

352 5499 715 5557 bdomadibus
766 5505 1128 5576 septuaginta,
1182 5509 1341 5562 linem
1398 5525 1557 5565 suum
1613 5513 1911 5583 contigere,

353 5606 460 5644 non
487 5591 621 5645 alias
655 5608 787 5650 sane
813 5610 975 5666 quam
1009 5614 1117 5668 quo
1148 5607 1390 5671 tempore
1432 5601 1683 5658 Salvator
1729 5613 1914 5661 noster

425 5764 469 5795 ⁷⁸
508 5763 678 5821 Levit.
716 5783 820 5834 xx,
852 5772 941 5827 26.
1018 5773 1062 5805 "
1103 5772 1242 5830 Psal.
1279 5792 1420 5841 thv,
1459 5778 1509 5832 8.
1589 5780 1632 5812 “
1673 5779 1777 5836 lsa.
1811 5798 1922 5849 ωιι,
1962 5785 2012 5838 1.

2032 567 2128 620 μαι
2165 551 2222 602 ἑν
2255 549 2466 612 τούτοις
2498 549 2657 620 μόνον
2686 548 2847 603 αὑτὸν
2896 548 2987 601 τὸν
3036 550 3292 619 μονογενῆ
3340 548 3436 602 τοῦ
3468 549 3596 604 Θεοῦ

2027 640 2198 708 Λόγον
2224 640 2535 712 δηλοῦσθαι,
2563 642 2769 714 κυρίως
2795 658 2854 693 τε
2876 641 2970 695 καὶ
2991 640 3204 712 ἀληθῶς
3231 641 3434 712 ταύτης
3455 640 3597 708 ἀξιον

2026 734 2124 804 τῆς
2149 734 2480 803 ἐπωνυμίας.
2522 733 2647 797 Τοῖς
2681 734 2776 805 μὲν
2798 732 2905 806 γὰρ
2927 733 2984 800 ἑξ
3013 733 3312 805 ἀνθρώπων
3340 750 3601 804 προκεκο-

2028 825 2172 894 φόσι,
2204 826 2299 877 καὶ
2329 826 2408 889 εἰς
2444 824 2506 878 τὺ
2536 825 2756 894 ἐφικτὸν
2784 826 2983 898 ἀρετῆς
3030 827 3362 899 χωρήσασιν,
3391 828 3601 900 ἀγαπη-

2025 917 2116 994 τρν
2146 916 2321 985 ἁγίοις
2351 916 2479 970 ποτὲ
2508 918 2861 990 χρηματίσαι,
2888 917 3023 989 μετά
3048 919 3277 989 μετοχὴν
3296 918 3389 972 καὶ
3414 935 3600 989 μετου-

2029 1008 2147 1061 σίαν
2176 1007 2268 1060 τοῦ
2300 1010 2586 1080 φήσαντοςο
2610 1010 2818 1077 «Ἅγιοι
2852 1008 3060 1074 ἔσεσθε,
3083 1010 3162 1062 ὅτι
3191 1010 3344 1079 ἆγιος
3366 1008 3475 1079 ἑγὼ
3497 1010 3602 1063 Κύ-

2030 1117 2161 1172 ριος.
2196 1120 2213 1151 ι
2234 1100 2426 1168 Ἀγίων
2469 1101 2526 1155 δὲ
2566 1100 2717 1171 ἅγιος
2761 1103 2846 1166 τίς
2894 1101 2957 1155 ἂν
2988 1101 3187 1173 κυρίως
3213 1104 3269 1154 ἐν
3301 1100 3602 1173 ἀνθρώποις

2025 1192 2371 1262 ὀνομασθείη,
2482 1193 2641 1264 μόνος
2683 1195 2711 1247 6
2752 1193 3105 1265 ἠγαπημένος
3133 1193 3227 1246 τοῦ
3258 1193 3414 1261 ἁγίου
3445 1193 3599 1258 Παῖς,

2025 1283 2214 1356 ῶσπερ
2250 1283 2502 1355 βασιλεὺς
2535 1285 2820 1356 βασιλέων,
2851 1288 2943 1341 καὶ
2987 1285 3186 1357 κυρίων
3215 1285 3437 1357 Κύριος,
3463 1284 3603 1338 οὕτω

2026 1376 2119 1428 καὶ
2151 1377 2319 1444 ἁγίων
2349 1375 2501 1445 ἅγιος
2529 1362 3023 1447 ἀναγορευόμενος;
3076 1377 3220 1448 μόνῳ
3262 1376 3391 1445 γοῦν
3435 1377 3603 1449 αὐτῷ,

2027 1469 2123 1523 διτε
2152 1468 2516 1540 διαφερόντως
2548 1469 2696 1541 παρὰ
2737 1470 2863 1533 τοὺς
2920 1468 3137 1523 πώποτε
3170 1469 3409 1532 Μωσέως
3442 1468 3605 1540 ἑλαίῳ

2026 1559 2214 1629 γεώδει
2238 1561 2332 1613 καὶ
2361 1560 2641 1631 σκευαστῷ
2662 1561 3069 1631 κεχρισμένοιις,
3094 1562 3293 1632 εἴρητο*
3320 1580 3337 1611 ι
3361 1561 3606 1631 Ἠγάπη-

2027 1671 2124 1717 σας
2151 1653 2520 1725 δικαιοσύνην,
2553 1654 2645 1706 καὶ
2695 1654 2963 1725 ἐμίσησας
3014 1654 3241 1725 ἀνομίαν
3264 1669 3278 1682 ⁸
3318 1652 3408 1706 διά
3447 1653 3606 1708 τοῦτο

2025 1746 2207 1818 ἔχρισέ
2238 1763 2295 1799 σε
2328 1749 2356 1800 ό
2383 1746 2534 1810 Θεὸς,
2553 1748 2581 1802 ό
2599 1746 2731 1810 Θεός
2762 1763 2875 1810 σου,
2897 1746 3071 1800 ἔλαιον
3101 1746 3472 1816 ἀγαλλιάσεως
3500 1765 3604 1800 πα-

2031 1839 2099 1910 ρὰ
2126 1840 2252 1901 τοὺς
2282 1839 2541 1910 μετόχους
2576 1857 2668 1894 σου
2693 1857 2708 1871 ·
2734 1859 2753 1892 ›
2787 1832 3125 1911 ᾧίχρισθεὶς,
3157 1840 3216 1904 ἑξ
3262 1839 3392 1893 ίδίου
3438 1857 3606 1912 προσ-

2024 1929 2173 1983 ώπου
2219 1932 2314 1984 καὶ
2339 1932 2500 1995 αὑτός
2539 1949 2701 2003 φησιν
2735 1933 2794 1986 ἐν
2829 1933 3026 2003 Ἡσαΐᾳ
3049 1949 3061 1963 ·
3102 1951 3120 1983 ι
3149 1932 3372 2002 Πνεῦμα
3401 1932 3606 2004 Κυρίου

2025 2024 2110 2074 ἐπ’
2138 2021 2259 2093 ἐμὲ,
2281 2015 2342 2075 οὗ
2383 2023 2587 2077 εἵνεκεν
2618 2023 2801 2095 ἔχρισέ
2842 2041 2928 2096 με.
2958 2043 2977 2077 ι
2999 2025 3150 2078 Ἐπεὶ
3181 2021 3274 2078 οὖν
3297 2025 3605 2095 διαφέροντι

2025 2114 2118 2167 καὶ
2152 2115 2521 2185 πνευματικῷ,
2557 2115 2755 2186 μᾶλλον
2787 2115 2844 2169 δὲ
2876 2115 3126 2187 θεότητος
3153 2117 3417 2189 χρίσματι
3451 2116 3609 2187 μόνος

2026 2206 2178 2278 παρὰ
2209 2207 2335 2271 τοὺς
2369 2206 2587 2261 πώποτε
2617 2211 2645 2262 ό
2672 2209 2939 2281 ἡμέτερος
2963 2208 3152 2281 Σωτὴρ
3196 2208 3485 2280 κεχρίσθαι
3516 2227 3609 2281 με·

2027 2299 2392 2371 μαρτύρηται,
2420 2301 2647 2365 εἰκότως
2681 2320 2699 2352 ι
2727 2301 2881 2371 ἀγιος
2925 2301 3114 2370 ἁγίων,
3145 2323 3162 2354 ι
3193 2302 3269 2365 ὡς
3314 2303 3379 2356 ἄν
3418 2319 3504 2367 τις
3531 2303 3608 2356 εἴ·

2025 2406 2136 2453 ποι,
2176 2410 2195 2442 ‹
2221 2392 2513 2464 ἀρχιερεὺς
2539 2393 2838 2466 ἀρχιερέων
2867 2413 2885 2445 ›
2919 2393 3248 2466 ὠνόμασται,
3284 2396 3378 2447 καὶ
3414 2414 3432 2446 ι
3462 2397 3613 2465 ἡγια-

2027 2482 2224 2554 σμένος
2277 2484 2644 2556 ἡγιασμένων,
2680 2506 2697 2538 ι
2734 2485 2875 2540 κατὰ
2924 2486 3015 2540 τὸν
3067 2487 3161 2541 τοῦ
3205 2487 3448 2560 Γαϐριὴλ
3476 2507 3611 2561 χρη-

2026 2573 2178 2643 σμόν.
2209 2574 2394 2629 Ταῦτα
2427 2575 2484 2628 δὲ
2518 2576 2714 2640 πάντα,
2742 2579 3261 2650 συμπεραιουμὲνων
3307 2580 3416 2634 τῶν
3459 2581 3609 2636 ἑϐδο-

2028 2666 2272 2735 μήκοντα
2315 2666 2643 2738 ἑϐδομάδων,
2676 2669 2829 2732 τέλος
2874 2669 3174 2741 ἐλάμϐανεν
3215 2672 3315 2725 οὐκ
3361 2671 3609 2747 ἀλλοτεῆ

2024 2758 2116 2811 ἐπὶ
2152 2759 2262 2813 τῶν
2292 2761 2497 2831 χρόνων
2523 2761 2623 2833 τῆς
2663 2761 2758 2814 τοῦ
2793 2761 3043 2834 Σωτῆρος
3084 2763 3238 2835 ἡμῶν
3268 2766 3609 2834 ἐπιφανείας.

2037 2849 2256 2921 Ἐπειδὴ
2303 2851 2481 2905 τοίνυν
2528 2851 2681 2905 ταῦθ’
2714 2852 2887 2916 οῦτως
2938 2853 3156 2909 ἔσεσθαι
3190 2858 3217 2909 ό
3244 2855 3613 2928 προδηλωθεὶς

2025 2941 2254 3010 ἄγγελος
2306 2944 2695 3013 κεφαλαιωδῶς
2741 2946 2993 3011 ἐθέσπιζε
3036 2946 3114 3019 τῷ
3149 2951 3425 3022 προφήτῃ,
3456 2946 3615 3015 αὖθις

2025 3035 2467 3108 ἑπαναλαμϐάνει
2492 3039 2588 3092 τὸν
2620 3041 2746 3111 περὶ
2771 3039 2878 3092 τῶν
2907 3039 3271 3112 ἑϐδομήκοντα
3302 3040 3615 3112 ἑϐδομάδων

2023 3126 2200 3196 λόγον,
2230 3129 2497 3184 διδάσκων
2546 3131 2688 3184 κατὰ
2748 3131 2911 3204 μέρος
2955 3131 3160 3184 ’ἐκαστα
3194 3132 3455 3202 ἀκριϐῶς,
3488 3132 3615 3186 ὅθεν

2022 3221 2371 3293 ἀπάρχεσθαι
2400 3222 2481 3275 δεῖ
2516 3223 2620 3294 τῆς
2653 3222 2760 3276 τῶν
2793 3223 2999 3295 χρόνων
3038 3223 3483 3295 ἁπαριθμήσεως,
3517 3225 3615 3277 καὶ

2020 3314 2140 3367 τίνα
2180 3314 2322 3368 κατὰ
2371 3317 2498 3380 τοὺς
2544 3316 2904 3389 δηλουμένους
2949 3317 3172 3390 καιροὺς
3214 3317 3611 3393 ἀπαντήσεται.

2021 3408 2182 3476 Λέγει
2209 3408 2252 3462 δ’
2277 3404 2400 3462 οὖν·
2443 3429 2460 3460 ι
2491 3411 2601 3463 Καὶ
2634 3409 2837 3485 γνώσῃ,
2874 3413 2966 3466 καὶ
3005 3415 3256 3483 συνήσεις
3292 3414 3401 3466 ἀπὸ
3424 3413 3610 3479 ἐξόδου

2023 3499 2203 3569 λόγου,
2223 3500 2317 3554 τοῦ
2347 3502 2732 3574 ἀποκριθῆναι,
2749 3504 2841 3557 καὶ
2860 3503 2952 3557 τοῦ
2976 3507 3323 3578 οἰκοδομῆσαι
3353 3508 3615 3578 Ἰερουσα-

2022 3590 2135 3663 λήμ
2150 3609 2163 3622 ι
2212 3593 2506 3664 ἑϐδομάδες
2542 3594 2681 3648 ἑπτά
2703 3596 2795 3648 καὶ
2817 3596 3106 3667 ἑϐδομάδες
3126 3598 3497 3670 ἑξηκονταδύο,
3516 3600 3615 3653 καὶ

2023 3680 2358 3755 ἐπιστρέψει,
2375 3684 2468 3738 καὶ
2494 3686 2974 3758 οἰκοδομηθήσεται
2989 3688 3215 3743 πλατεῖα
3232 3691 3326 3744 καὶ
3352 3693 3554 3761 τεῖχος.
3587 3711 3608 3743 ι

2037 3776 2123 3828 Ἐν
2174 3772 2256 3840 οἷς
2305 3777 2452 3831 δοκεῖ
2503 3796 2594 3849 μοι
2650 3778 2827 3842 καλῶς
2870 3779 3013 3851 ἔχειν
3069 3783 3161 3835 καὶ
3206 3781 3301 3853 τὴν
3350 3783 3444 3836 τοῦ
3500 3781 3614 3853 πρὸ

2024 3868 2181 3938 ἡμῶν
2215 3871 2295 3932 είς
2347 3871 2472 3933 τοὺς
2523 3871 2720 3934 τόπους
2765 3871 2994 3942 θεωρίαν
3048 3873 3122 3945 μὴ
3166 3873 3610 3945 ἀποκρύψασθαι,

2026 3960 2347 4030 παραθεῖναι
2387 3961 2443 4014 δὲ
2494 3963 2585 4015 καὶ
2635 3962 2838 4035 ταύτην
2886 3964 2962 4027 ὡς
3007 3964 3212 4019 οἰκείαν
3259 3968 3371 4028 τοῖς
3428 3967 3612 4018 ἐντευ-

2028 4050 2289 4125 ξομιένοιςτ
2346 4054 2515 4108 Κοινὰ
2580 4055 2751 4123 γοῦν,
2810 4056 2986 4120 καλῶς
3047 4056 3300 4128 εἴρηται,
3373 4057 3443 4109 τὰ
3497 4057 3609 4110 τῶν

2027 4143 2194 4211 φίλων
2220 4160 2233 4174 ο
2268 4145 2362 4199 καὶ
2396 4145 2582 4217 ἐπειδὴ
2609 4148 2876 4218 προσήκει
2912 4148 3246 4220 συγχρῆσθαι
3281 4149 3382 4219 μὲν
3403 4151 3610 4219 εὐγνω-

2030 4235 2324 4307 μονοῦντας
2396 4239 2510 4302 τοῖς
2588 4238 2768 4303 καλῶς
2832 4241 2920 4310 ὑφ’
2980 4240 3179 4312 ἑτέρων
3254 4241 3607 4318 εἰρημένοις,

2030 4326 2104 4397 μὴ
2164 4326 2267 4397 μὴν
2326 4328 2645 4399 ἀποστερεῖν
2705 4331 2830 4394 τοὺς
2886 4331 3127 4403 πατέρας
3182 4331 3290 4385 τῶν
3344 4333 3608 4402 ἐγγόνων,

2031 4416 2165 4486 μηδὲ
2197 4416 2322 4480 τοὺς
2357 4419 2605 4489 πρώτους
2639 4420 3006 4490 φυτεύσαντας
3037 4420 3144 4475 τῶν
3189 4422 3404 4476 οἰκείων
3439 4440 3608 4495 σπερ-

1955 4537 1998 4592 D
2031 4507 2215 4576 μάτων
2243 4547 2257 4572 ,
2311 4508 2408 4572 τὰς
2454 4511 2617 4564 αὐτοῦ
2672 4513 3056 4585 παραθήσομαι
3116 4513 3308 4581 λέξεις.
3347 4514 3607 4586 Φέρονται

2024 4597 2080 4651 δὲ
2137 4594 2296 4653 αὗται
2360 4603 2687 4674 Ἀφρικανοῦ
2733 4607 2790 4659 ὲν
2841 4605 2918 4676 τῷ
2948 4606 3180 4678 πέμπτῳ
3219 4606 3329 4660 τῶν
3378 4610 3604 4676 Χρονο-

2025 4699 2286 4769 τραφιῶν
2310 4743 2325 4766 ,
2359 4702 2545 4758 τοῦτον
2568 4705 2787 4775 ἔχουσαι
2830 4707 2922 4760 τὸν
2949 4708 3180 4780 τρόπον’
3223 4726 3242 4759 ι
3267 4708 3330 4761 Ἡ
3381 4709 3480 4779 μὲν
3511 4704 3605 4762 οὖν

2024 4803 2294 4874 περικοπὴ
2343 4803 2485 4859 οὕτω
2523 4824 2639 4869 πως
2674 4806 2872 4878 ἔχουσα
2902 4807 3071 4863 πολλά
3101 4826 3163 4863 τε
3199 4810 3292 4863 καὶ
3324 4809 3604 4882 παράδοξα

2024 4904 2278 4975 σημαίνει
2302 4921 2317 4936 ⁸
2371 4905 2467 4960 νῦν
2503 4907 2559 4961 δὲ
2610 4900 2685 4962 ὧν
2717 4909 2872 4981 χρεία
2924 4912 3053 4983 περὶ
3100 4913 3224 4975 τοὺς
3255 4912 3480 4983 χρόνους
3511 4915 3603 4968 καὶ

2019 5005 2089 5060 τὰ
2120 5006 2328 5072 τούτοις
2370 5009 2711 5066 συντείνοντα
2739 5013 2831 5067 τὸν
2879 5013 3031 5084 λόγον
3067 5015 3424 5087 ποιησόμεθα.
3479 5015 3602 5071 Ὀτι

2024 5109 2123 5180 μὲν
2168 5104 2260 5164 οῦν
2294 5111 2422 5179 περὶ
2465 5111 2566 5182 τῆς
2613 5114 2981 5187 τοῦΧριστοῦ
3032 5118 3332 5189 παρουσίας
3380 5118 3597 5187 λέγεται

2019 5210 2193 5264 ταῦτα
2218 5251 2233 5274 ,
2270 5213 2406 5282 μετὰ
2441 5214 2738 5286 ἑϐδομάδας
2763 5217 3129 5290 ἑϐδομήκοντα
3163 5218 3448 5288 μέλλοντος
3481 5219 3600 5271 ἑπι-

2026 5315 2348 5384 φαίνεσθαι,
2406 5317 2580 5389 δῆλον.
2654 5320 2776 5374 Ἐπὶ
2830 5320 2937 5392 γὰρ
2966 5321 3060 5375 τοῦ
3093 5320 3344 5391 Σωτῆρος
3365 5360 3381 5385 ,
3426 5321 3459 5391 ἢ
3491 5316 3598 5373 ἀπὸ

2022 5416 2212 5468 τούτου
2237 5457 2251 5481 ,
2306 5418 2375 5472 τά
2419 5420 2952 5494 τε’παραπτῶματα
2997 5421 3359 5484 παλαιοῦται,
3419 5419 3511 5474 καὶ
3539 5419 3596 5472 αἱ

2024 5512 2285 5583 ἁμαρτίαι
2344 5518 2735 5575 συντελοῦνται.
2824 5522 2920 5575 Διά
3009 5521 3065 5574 δὲ
3133 5520 3230 5592 τὴν
3289 5520 3485 5590 ἄφεσιν
3537 5515 3600 5572 ατ

2021 5628 2079 5663 τε
2141 5612 2356 5685 ἀνομίαι
2428 5617 2700 5691 ἑξιλασμῷ
2756 5620 2893 5691 μετὰ
2953 5618 3061 5673 τῶν
3116 5618 3338 5674 ἀδικιῶν
3390 5614 3593 5683 ἐξαλείτ
