3908 6266
308 319 422 377 609

448 452 549 500 αι,

308 453 509 507 φονται
535 476 549 500 ,
642 453 951 508 οικαιοσυνη
1030 453 1088 489 τε
1172 453 1388 502 αιωνιος
1461 453 1884 507 καταγγέλλεται

306 526 466 598 παρὰ
515 525 611 598 τὴν
663 529 727 580 ἐκ
774 526 977 599 νόμου,
1037 527 1254 600 ὁράσεις
1307 545 1365 582 τε
1417 530 1510 583 καὶ
1559 531 1884 601 προφητεῖαι

309 620 512 691 μέχρις
580 618 864 685 Ἰωάννου,
926 620 1136 692 χρίεται
1192 620 1249 674 δέ
1304 622 1456 690 ἅγιος
1502 622 1695 690 ἁγίων.
1770 622 1885 694 Πρὸ

304 709 415 783 γάρ
468 710 568 782 τῆς
616 707 711 763 τοῦ
761 709 1010 780 Σωτῆρος
1059 708 1214 781 ήμῶν
1263 710 1563 781 παρουσίας
1609 712 1709 764 οὐκ
1757 711 1885 766 ὄντα

301 800 482 855 ταῦτα
566 800 931 874 προσεδοκᾶτο
1013 801 1187 871 μόνον.
1295 798 1592 873 Ἀρξασθαι
1652 800 1708 854 δέ
1774 802 1884 854 τῶν

299 891 595 966 ἀριθμῶν,
665 893 904 947 τουτέστι
965 893 1071 946 τῶν
1127 894 1495 966 ἐϐδομήκοντα
1555 895 1881 967 ἑϐδομάδων,

298 983 337 1040 ἃ
398 987 552 1040 ἐστιν
629 986 724 1056 ἔτη
793 985 1119 1058 τετρακόσια
1183 987 1536 1057 ἐννενήκοντα
1563 1028 1579 1052 ,
1632 989 1661 1041 ὁ
1721 989 1884 1057 ἄγγε-

297 1076 388 1140 λος
464 1078 780 1131 ὑποτίθεται
847 1077 954 1130 ἀπὸ
1029 1077 1207 1144 ἐξόδου
1267 1077 1427 1147 λόγου
1498 1077 1592 1133 τοῦ
1651 1079 1880 1150 ἀποκρι-

299 1168 456 1239 θῆναι
516 1169 609 1223 καὶ
665 1168 761 1224 τοῦ
823 1168 1171 1241 οἰκοδομῆσαι
1240 1169 1608 1242 Ἰερουσαλήμ.
1673 1172 1876 1244 Συνέϐη

294 1259 353 1312 δὲ
420 1261 603 1314 ταῦτα
656 1261 750 1314 ἐπὶ
830 1260 1180 1333 Ἀρταξέρξου
1259 1260 1353 1315 τοῦ
1418 1261 1644 1334 Περσῶν
1723 1261 1878 1333 βασι-

294 1350 551 1417 λεύοντος
606 1353 835 1425 είκοστῷ
892 1355 1020 1409 ἔτει.
1147 1356 1385 1427 Νεεμίας
1441 1357 1549 1428 γὰρ
1606 1358 1634 1410 ὁ
1688 1356 1877 1411 τούτου

294 1441 536 1514 οἰνοχόος
563 1484 576 1505 ,
635 1442 880 1512 δεηθεὶς,
959 1445 1298 1518 ἀποκρίσεως
1354 1447 1540 1518 ἔτυχεν
1594 1449 1877 1520 οἰκοδομη-

295 1531 455 1602 θῆναι
534 1533 887 1607 Ἰερουσαλὴμ
913 1574 927 1601 ,
1007 1536 1100 1589 καὶ
1176 1536 1328 1604 λόγος
1386 1536 1574 1607 ἐξῆλθε
1642 1537 1875 1592 κελεύων

291 1624 487 1677 ταῦτα.
606 1625 781 1697 Μέχρι
841 1625 940 1696 μὲν
991 1626 1097 1698 γὰρ
1152 1626 1359 1679 ἐκείνου
1417 1626 1512 1680 τοῦ
1574 1627 1765 1701 χρόνου
1837 1630 1871 1699 ή

293 1715 445 1779 πόλις
506 1717 787 1788 ἠρήμωτο.
841 1717 1023 1789 Κύρου
1083 1717 1210 1789 γὰρ,
1274 1717 1410 1789 μετὰ
1482 1720 1580 1787 τὴν
1639 1720 1870 1792 ἑϐδομη-

289 1811 613 1863 κονταετίαν
684 1810 783 1880 τῆς
870 1810 1261 1881 αἰχμαλωσίας,
1336 1810 1445 1865 τῶν
1534 1811 1870 1883 βουλομένων

287 1900 519 1955 ἕκαστον
571 1903 881 1956 ἐκουσιαστὶ
933 1902 1416 1973 καταπέμψαντος,
1470 1904 1520 1956 οἱ
1566 1904 1703 1976 μετὰ
1763 1907 1868 1978 Ἰη-

290 1987 381 2042 σοῦ
439 1990 544 2044 τοῦ
616 1993 853 2063 μεγάλου
925 1992 1113 2064 ἱερέως
1167 1994 1261 2046 καὶ
1324 1995 1626 2065 Ζοροϐάϐελ
1679 1995 1870 2049 κατελ-

286 2081 511 2149 θόντες,
598 2086 692 2139 καὶ
752 2087 802 2139 οί
861 2086 953 2139 ἐπὶ
1010 2086 1220 2150 τούτοις
1277 2087 1393 2158 ἅμα
1455 2090 1700 2161 Ἔσδρᾳ,
1776 2090 1868 2143 τὸν

286 2175 420 2229 νεὼν
493 2177 798 2249 οίκοδομεῖν
866 2176 1162 2232 ἐκωλύοντο
1213 2178 1282 2232 τὰ
1328 2179 1559 2251 πρῶτα,
1619 2182 1711 2235 καὶ
1761 2183 1869 2234 τεῖ-

285 2284 374 2339 χος
427 2270 497 2340 τῇ
559 2269 709 2322 πόλει
759 2270 1141 2342 περιϐάλλειν,
1208 2269 1284 2333 ὡς
1334 2272 1394 2324 ού
1445 2271 1866 2340 κεκελευσμένου

286 2359 494 2413 τούτου.
612 2362 864 2432 Ἔμεινεν
902 2356 995 2416 οὖν
1029 2364 1133 2428 ἓως
1177 2363 1412 2434 Νεεμίου
1454 2364 1545 2416 καὶ
1594 2362 1868 2433 βασιλείας

299 2448 656 2522 Ἀρταξέρξου
684 2491 700 2515 ,
768 2452 861 2506 καὶ
935 2454 1033 2524 τῆς
1092 2455 1317 2528 Περσῶν
1368 2454 1662 2525 ἡγεμονίας
1716 2453 1869 2517 ἔτους

288 2541 774 2595 πεντεκαιδεκάτου
809 2543 902 2596 καὶ
949 2544 1241 2599 ἐκατοστοῦ
1264 2561 1279 2577 ·
1337 2544 1444 2598 ἀπὸ
1494 2544 1551 2597 δὲ
1599 2545 1697 2616 τῆς
1730 2542 1868 2597 ἀλώ-

290 2650 422 2698 σεως
485 2634 845 2706 Ἰερουσαλὴμ
902 2636 1093 2690 ἑκατὸν
1151 2638 1477 2709 ὁγδοήκοντα
1556 2636 1718 2689 πέντε
1771 2635 1865 2702 ἐτη

287 2722 511 2793 γίνεται.
612 2725 720 2777 Καὶ
780 2725 901 2779 τότε
945 2725 1195 2797 βασιλεὺς
1236 2724 1593 2799 Ἀρταξέρξης
1650 2724 1866 2778 ἐκέλευ-

289 2832 374 2869 cev
433 2815 858 2888 οἰκοδομηθῆναι
908 2816 1004 2889 τὴν
1059 2816 1233 2871 πόλιν.
1311 2818 1550 2889 Νεεμίας
1595 2817 1652 2870 δὲ
1702 2833 1866 2871 κατα-

286 2907 578 2977 πεμφθεὶς,
637 2908 731 2962 τοῦ
777 2908 936 2980 ἔργου
995 2909 1272 2981 προέστησ
1343 2911 1377 2980 ή
1430 2910 1487 2962 δὲ
1541 2908 1861 2981 ᾠκοδομήθη

288 2994 508 3051 πλατεῖα
571 2996 665 3050 καὶ
714 2997 1057 3068 περίτειχος,
1125 2997 1201 3061 ὡς
1257 2998 1656 3071 προεφητεύθη.
1742 2999 1860 3051 Κά-

1136 317 1794 377 DEMONSTBATIONIS
1834 318 2296 377 EVANGELICE
2331 318 2457 374 LIB.
2496 318 2635 375 Vlll.

642 433 951 508 δικαιοσύνη
1030 452 1088 489 τε
1172 436 1388 502 αἰώνιος
1461 437 1873 507 καταγγέλλετα

1959 437 2307 499 ,ιιοηιίιιίδιιε
2340 452 2400 493 se
2443 434 2738 491 videndum
2771 435 3041 494 exhibuit.
3096 436 3238 509 Ergo
3270 453 3395 494 cum
3448 440 3562 496 haec

3462 327 3566 384 610

1988 530 2068 584 sic
2100 528 2214 585 fore
2243 529 2471 600 angelus
2502 529 2571 590 is,
2596 528 2664 583 de
2713 544 2824 598 quo
2873 528 3079 584 dictum
3110 539 3215 594 est,
3247 534 3562 587 summatim

1987 623 2091 692 ipsi
2118 622 2400 692 prophetae
2420 620 2705 686 cecinerit,
2750 636 2947 677 rursus
2987 638 3294 679 sermonem
3344 627 3413 682 de
3452 640 3562 683 ιιι

1988 714 2422 768 hebdomadibus
2474 721 2735 778 renovat,
2790 715 3218 785 exquisitissime
3276 733 3374 788 per
3444 720 3560 775 sin-

1984 805 2141 877 gulas
2175 815 2360 875 partes
2392 804 2616 867 docens,
2669 805 2815 860 unde
2858 807 3098 877 incipere
3155 815 3401 877 oporteat
3453 826 3560 864 nu--

1984 909 2197 949 merere
2215 903 2482 964 tempora,
2497 901 2548 949 et
2567 893 2826 965 quidnam
2842 896 3040 952 talibus
3053 899 3390 966 temporibus
3400 915 3562 955 even-

1982 990 2162 1038 turum
2179 985 2268 1039 sit.
2283 1004 2302 1036 ι
2323 984 2388 1038 Et
2412 1002 2711 1057 cognosces
2736 994 2790 1041 et
2806 987 3074 1057 intelliges
3097 989 3166 1044 ab
3180 989 3328 1044 exitu
3347 1006 3556 1047 sermo-

1979 1076 2070 1131 nis
2101 1116 2114 1141 ,
2167 1084 2227 1130 ut
2278 1079 2676 1149 respondeatur
2733 1086 2788 1134 et
2837 1078 3135 1134 aediﬁcetur
3191 1078 3492 1138 Jerusalem
3535 1102 3553 1140 :

1978 1166 2346 1224 hebdomades
2433 1178 2639 1242 septem
2667 1213 2684 1240 ,
2743 1180 2797 1227 et
2840 1170 3209 1226 hebdomades
3270 1176 3552 1245 sexaginta

1977 1257 2187 1319 dum,et
2216 1268 2522 1316 revertetur
2550 1272 2602 1317 et
2619 1263 2981 1319 ardiﬁcahitur
3003 1262 3181 1332 platea
3207 1275 3258 1318 et
3291 1280 3502 1320 murus.
3525 1285 3546 1318 ι

1975 1346 2141 1417 389
2165 1346 2294 1413 Qua:
2324 1364 2456 1405 sane
2483 1352 2647 1406 verba
2677 1360 2739 1407 ut
2766 1352 2987 1407 reddam
3025 1353 3294 1423 planiora,
3320 1355 3551 1423 pulchre

1974 1440 2108 1494 mihi
2138 1440 2313 1497 ollicio
2342 1442 2567 1500 functus
2608 1461 2732 1503 esse
2763 1446 3009 1513 videbor,
3046 1446 3092 1501 si
3129 1450 3550 1507 commentatio—

1972 1546 2095 1585 nem
2126 1532 2180 1586 in
2208 1532 2479 1602 ejusmodi
2509 1537 2661 1594 locos
2689 1537 2809 1608 ejus
2840 1537 2967 1601 viri,
2992 1539 3084 1608 qui
3113 1547 3242 1594 ante
3277 1555 3380 1595 nos
3404 1540 3549 1596 idem

1973 1623 2215 1678 studium
2236 1627 2490 1693 coluerit,
2525 1644 2633 1684 non
2666 1631 3040 1696 occultavcro,
3067 1631 3163 1687 sed
3190 1646 3310 1687 eam
3329 1648 3549 1703 quoque

1975 1724 2301 1781 apposuero,
2345 1725 2405 1770 ut
2450 1720 2862 1774 accommodata
2919 1718 3010 1783 iis,
3054 1720 3149 1789 qui
3199 1721 3392 1775 lecturi
3434 1722 3548 1778 sint

1904 1783 1948 1842 Β
1976 1802 2109 1857 haec.
2151 1802 2385 1860 Pulchre
2416 1807 2562 1862 enim
2597 1807 2731 1862 illud
2764 1802 2872 1862 diti
2904 1783 3218 1879 solea-quae
3240 1810 3543 1866 amicorum

1971 1902 2118 1959 sunt,
2146 1910 2209 1949 ea
2232 1910 2355 1950 esse
2382 1898 2693 1952 communia
2722 1913 2736 1949 :
2768 1906 2825 1953 et
2843 1897 2974 1968 quia
3010 1899 3089 1954 uti
3122 1899 3345 1971 quidem
3381 1900 3543 1971 quasi

1969 1992 2354 2048 communibus
2382 1995 2637 2049 convenit
2667 1995 2755 2060 iis,
2799 2010 2920 2065 qua:
2949 1995 3039 2049 alii
3075 1989 3245 2066 probe
3278 1996 3539 2065 dixerint,

1969 2081 2065 2137 sed
2098 2083 2173 2136 ita
2208 2089 2267 2137 ut
2293 2098 2661 2158 agnoscamus
2689 2076 2966 2153 auctores,
3003 2103 3181 2158 neque
3205 2099 3298 2144 aut
3327 2105 3426 2145 sua
3459 2106 3545 2148 so-

1967 2174 2088 2230 bole
2121 2184 2324 2245 patres,
2367 2186 2462 2232 aut
2491 2194 2607 2243 eos,
2637 2180 2730 2249 qui
2767 2181 2932 2250 primi
2971 2182 3379 2249 consueverint,
3409 2200 3541 2254 pro-

1966 2266 2103 2334 priis
2138 2267 2440 2324 seminibus
2470 2267 2879 2332 defraudemus,
2913 2270 3059 2326 illius
3090 2271 3253 2327 verba
3285 2288 3393 2327 non
3421 2288 3543 2343 gra-

1966 2358 2138 2413 vabor
2179 2373 2473 2429 apponere.
2517 2359 2592 2414 Ea
2635 2360 2891 2416 feruntur
2947 2361 3194 2417 Africani
3241 2364 3295 2418 in
3344 2366 3539 2434 quinto

1966 2462 2156 2503 eorum
2187 2465 2310 2520 qua:
2344 2448 2411 2507 de
2434 2451 2772 2521 temporibus
2802 2453 3043 2523 scripsit,
3085 2470 3205 2523 qua:
3233 2455 3451 2524 quidem
3482 2457 3539 2511 in

1967 2540 2113 2595 hunc
2140 2542 2358 2597 modum
2396 2559 2454 2599 se
2482 2542 2684 2598 habent
2717 2562 2730 2598 :
2776 2562 2795 2595 ‹
2835 2543 2956 2614 Ipsa
2985 2545 3204 2615 quidem
3247 2548 3534 2617 particula,

1965 2631 2160 2702 inquit,
2199 2647 2319 2704 quae
2351 2632 2462 2688 fere
2519 2634 2601 2689 sic
2631 2649 2690 2688 se
2720 2633 2904 2698 habet,
2946 2643 3061 2690 tum
3102 2638 3269 2693 multa
3301 2648 3413 2693 tum
3443 2639 3540 2694 ad-

1962 2724 2234 2779 mirabilia
2262 2725 2535 2797 signiﬁcat
2561 2745 2575 2780 :
2608 2734 2847 2782 attamen
2889 2744 3037 2783 nunc
3072 2729 3141 2785 de
3169 2731 3238 2786 iis
3268 2732 3538 2788 duntaxat

1961 2831 2084 2887 qua:
2133 2817 2291 2873 nobis
2316 2818 2383 2872 ad
2414 2818 2680 2874 rationem
2729 2828 3055 2889 temporum,
3086 2829 3141 2876 et
3181 2838 3375 2878 eorum
3414 2839 3539 2895 qua:

1962 2907 2029 2962 ad
2058 2915 2302 2977 tempora
2332 2909 2601 2979 pertinent
2632 2910 2972 2968 conductnra
3005 2913 3137 2979 sint,
3171 2915 3337 2971 verba
3367 2915 3538 2973 facie-

1961 3013 2105 3053 mus.
2136 2996 2289 3064 Quod
2314 2998 2481 3070 igitur
2506 3000 2621 3056 haec
2651 3001 2720 3057 de
2748 3003 2985 3059 adventu
3017 3003 3223 3061 Christi
3257 3006 3533 3075 dicantur,

285 3091 457 3145 κεῖθεν
530 3089 860 3163 ἀριθμοῦσιν
926 3092 1056 3162 ἡμῖν
1127 3091 1495 3163 ἐϐδομήκοντα
1569 3091 1861 3163 ἐϐδομάδες

1962 3087 2058 3157 qui
2100 3096 2224 3157 post
2268 3087 2643 3146 hebdomadas
2677 3106 2781 3146 Lxx
2838 3093 2907 3148 ab
2937 3093 3251 3152 hominibus
3278 3105 3424 3153 esset
3452 3100 3536 3154 vi-

284 3180 358 3243 είς
414 3179 508 3233 τὸν
572 3179 803 3251 Χριστόν
869 3179 1280 3236 συντελοῦνται⁸
1344 3183 1392 3235 εί
1471 3180 1580 3254 γὰρ
1637 3182 1860 3237 ἄλλοθέν

1966 3177 2199 3242 dandus,
2228 3179 2544 3249 neutiquam
2568 3179 2792 3236 dubium
2821 3189 2906 3237 est
2934 3201 2947 3239 :
2976 3190 3220 3255 tempore
3246 3186 3391 3242 enim
3424 3187 3536 3243 Sal-

285 3271 442 3325 ποθεν
503 3272 765 3345 ἀριθμεῖν
829 3271 1172 3343 ὰρξαίμεθα,
1256 3276 1351 3328 καὶ
1421 3275 1521 3328 οὐκ
1590 3273 1856 3349 ἐντεῦθεν,

284 3357 399 3414 οὒτε
456 3365 483 3415 ό
534 3364 725 3434 χρόνος
776 3363 1159 3435 συνδραμεῖται
1184 3406 1198 3430 ,
1261 3367 1356 3419 καὶ
1406 3366 1631 3419 πλεῖστα
1682 3367 1857 3421 ἄτοπα

286 3455 606 3528 ἀπαντήσει.
702 3456 826 3511 Ἐάν
878 3474 938 3510 τε
997 3457 1104 3531 γὰρ
1183 3458 1289 3511 ἀπὸ
1357 3458 1541 3531 Κύρου
1605 3459 1700 3513 καὶ
1760 3461 1858 3531 τῆς

284 3546 499 3621 πρώτης
560 3551 925 3622 καταπομπῆς
980 3549 1078 3622 τὴν
1136 3549 1308 3622 ἀρχὴν
1359 3549 1713 3621 ποιησώμεθα
1758 3552 1855 3623 τῆς

285 3640 634 3713 άριθμήσεως
711 3641 818 3695 τῶν
897 3641 1265 3713 ἐϐδομήκοντα
1342 3640 1648 3711 ἑϐδομάδων
1674 3679 1689 3703 ,
1776 3644 1855 3705 εἰς

286 3731 371 3802 ἔτη
442 3732 644 3785 ἑκατὸν
693 3731 788 3784 καὶ
839 3731 1059 3803 προσέτι
1111 3730 1426 3802 περισσεύει
1454 3770 1468 3789 .
1541 3730 1741 3786 πλείων
1797 3731 1853 3785 δὲ

286 3822 465 3892 χρόνος
488 3861 505 3887 ,
582 3823 632 3875 εί
684 3821 777 3892 ἀφ’
827 3816 897 3895 ἧς
934 3819 1146 3893 ἡμέρας
1220 3819 1298 3893 τῷ
1364 3821 1557 3892 Δανιὴλ
1606 3823 1634 3874 ό
1687 3826 1851 3891 ἄγγεα

285 3911 366 3976 λος
407 3900 823 3985 προεφήτευσε,
880 3913 1057 3985 πολλῷ
1109 3913 1166 3966 δὲ
1214 3913 1412 3968 πλείων
1441 3955 1455 3978 ,
1502 3915 1550 3967 εί
1597 3915 1691 3968 ἀπ’
1752 3916 1851 3982 ἀρ-

285 4005 379 4075 χῆς
417 4007 518 4077 τῆς
566 4005 959 4077 αἰχμαλωσίας.
1038 4005 1376 4077 Εὑρίσκομεν
1428 4003 1537 4074 γὰρ
1575 4002 1672 4075 τὴν
1716 4006 1851 4077 Περ-

287 4096 389 4149 σῶν
467 4097 748 4167 βασιλείαν
801 4095 945 4149 ἔτεσι
1009 4094 1303 4157 διακοσίοις
1358 4093 1648 4166 τριάκοντα
1695 4108 1849 4164 περι-

285 4189 668 4260 γραφομένην,
727 4188 826 4259 τήν
894 4175 979 4239 τέ’
1006 4186 1330 4242 Μακεδόνων
1394 4187 1474 4249 είς
1539 4185 1633 4256 ἔτη
1690 4203 1846 4256 τρια·-

284 4280 433 4335 κὸσια
481 4282 854 4353 ἐϐδομήκοντα
908 4278 1336 4351 παρατείνουσαν
1363 4319 1378 4343 ,
1447 4278 1701 4332 κάκεῖθεν
1756 4280 1847 4333 ἐπὶ

283 4370 339 4424 τό
382 4372 634 4444 Τιϐερίου
687 4372 964 4443 Καίσαρος
1024 4368 1404 4424 ἑκκαιδέκατον
1457 4369 1575 4432 ἔτος
1628 4371 1708 4432 εἰς
1749 4369 1843 4440 ἔτη

285 4461 555 4528 ἐξήκοντα.

283 4549 565 4623 ἐϐδομάδες
609 4554 689 4615 εἰς
743 4551 833 4606 τόν
892 4551 985 4604 ἐπὶ
1028 4550 1262 4620 Χριστὸν
1316 4550 1687 4605 συντελοῦνται
1728 4551 1846 4623 χρό-

285 4661 398 4710 νον,
472 4645 622 4700 κατὰ
687 4646 812 4709 τοὺς
873 4643 1140 4698 Ἰουδαίων
1188 4642 1474 4715 ἀριθμούς.
1543 4643 1676 4697 Ἀπὸ
1736 4641 1845 4714 γὰρ

283 4733 545 4807 Νεεμίου,
626 4735 685 4799 ὃς
770 4734 875 4788 ὑπὸ
958 4732 1311 4807 Ἀρταξέρξου
1397 4733 1497 4805 τὴν
1574 4734 1843 4805 Ἰερουσα-

280 4823 381 4897 λὴμ
427 4825 865 4898 ἅνοικοδομήσων
918 4823 1191 4915 ἐπέμφθην
1224 4823 1334 4915 ἔτει
1372 4822 1843 4915 πεντεκαιδεκάτη)

283 4917 367 4969 καὶ
417 4916 692 4987 ἑκατοστῷ
741 4916 843 4986 τῆς
891 4915 1116 4987 Περσῶν
1174 4912 1447 4985 βασιλείας
1476 4953 1492 4978 ,
1568 4912 1733 4966 αὐτοῦ
1785 4912 1843 4966 δὲ

293 5004 636 5080 Ἀρταξέρξου
690 5005 964 5079 βασιλείας
1010 5004 1240 5076 εἰκοστῷ
1286 5005 1396 5058 ἔτει
1422 5042 1437 5069 ,
1492 5004 1587 5058 καὶ
1643 5003 1839 5074 Ὀλυμ-

283 5095 456 5161 πιάδος
497 5090 859 5170 ὀγδοηκοστῆς
908 5097 1099 5168 τρίτης
1137 5095 1246 5150 ἔτει
1285 5096 1529 5166 τετάρτῳ
1551 5135 1565 5161 ,
1602 5094 1695 5148 ἐπὶ
1723 5095 1843 5149 τοῦ-

282 5203 363 5244 τον
414 5189 507 5244 τὸν
556 5191 744 5264 χρόνον
766 5231 781 5256 ,
846 5189 905 5253 ὃς
943 5185 1012 5261 ἦν
1069 5187 1422 5258 Ὀλυμπιάδος
1472 5186 1841 5259 διακοσιοστῆς

281 5276 524 5353 δευτέρας
591 5283 710 5347 ἔτος
781 5281 1030 5353 δεύτερον
1055 5319 1069 5343 ,
1149 5278 1397 5348 Τιϐερίου
1458 5276 1514 5330 δὲ
1565 5278 1839 5349 Καίσαρος

282 5365 562 5441 ἡγεμονίας
612 5371 730 5436 ἔτος
783 5370 1164 5424 ἑκκαιδέκατον
1188 5408 1203 5431 ,
1255 5368 1348 5439 ἐτη
1411 5368 1698 5435 συνάγεται
1751 5384 1840 5420 τε-

281 5462 532 5532 τρακόσια
603 5462 974 5534 ἐϐδομήκοντα
1054 5460 1212 5513 πέντε
1237 5499 1252 5523 ,
1348 5460 1491 5532 ἅπερ
1576 5460 1837 5531 Ἑϐραϊκὰ

281 5554 593 5623 τετρακόσια
655 5555 1009 5625 ἐννενήκοντα
1070 5553 1300 5622 γίνεται,
1348 5551 1492 5606 κατὰ
1537 5551 1627 5605 τὸν
1679 5553 1835 5622 σελη-

284 5646 438 5697 νιαῖον
492 5645 686 5717 δρόμον
732 5647 861 5709 τοὺς
903 5643 1179 5707 ἐνιαυτοὺς
1235 5642 1457 5696 ἐκείνων
1514 5642 1837 5717 ἐξαριθμου-

290 5733 485 5801 μένων,
542 5739 615 5801 ὼς
662 5737 777 5791 ἔστι
835 5737 1122 5807 πρόχειρον
1155 5735 1356 5801 εἰπεῖν,
1409 5735 1633 5807 ήμερῶν
1683 5753 1838 5806 τρια-

1961 3270 2168 3326 vatoris
2196 3271 2373 3325 nostri
2417 3281 2510 3325 aut
2538 3287 2605 3327 ex
2634 3272 2728 3328 illo
2767 3274 2908 3343 ipso,
2939 3284 2993 3330 et
3037 3276 3398 3347 antiquantur
3435 3279 3533 3335 de-

1959 3361 2112 3424 licta,
2140 3368 2195 3417 et
2233 3371 2459 3431 peccata
2485 3375 2942 3419 consummantur
2973 3382 2989 3421 :
3024 3382 3123 3436 per
3149 3369 3529 3426 remissionem

1959 3463 2161 3520 autem,
2187 3453 2504 3524 iniquitates
2531 3470 2657 3509 eum
2686 3454 2975 3525 injustitiis
3015 3459 3323 3528 expiatione
3343 3461 3531 3517 delen-

1958 3550 2067 3609 tur,
2119 3544 2444 3615 justitiaque
2495 3546 2831 3615 sempiterna
2877 3542 3269 3616 denuntiatur,
3330 3561 3530 3621 praeter

1954 3649 2073 3689 cam
2102 3650 2224 3704 qua:
2250 3650 2317 3690 ex
2366 3636 2483 3706 lege
2509 3636 2917 3706 acquirebatur.
2964 3637 3218 3696 Visiones
3259 3651 3437 3698 autem
3471 3652 3527 3700 et

1956 3726 2251 3796 prophetite
2288 3742 2462 3796 usque
2510 3726 2579 3780 ad
2624 3725 2912 3793 Joannem,
2944 3739 2998 3785 et
3039 3729 3274 3789 Sanctus
3304 3743 3526 3792 sancto-

1950 3832 2073 3873 rum
2105 3818 2327 3889 ungitur
2359 3836 2372 3871 :
2410 3832 2537 3871 nam
2570 3833 2696 3873 cum
2725 3828 2853 3875 ante
2889 3821 3188 3879 Salvatoris
3220 3826 3395 3882 nostri
3424 3826 3523 3882 ad—

1950 3919 2169 3965 ventum
2213 3910 2327 3966 haec
2367 3924 2479 3965 non
2522 3916 2748 3973 essent,
2795 3914 3258 3982 exspectabantur
3313 3926 3518 3976 tamen.

1948 4000 2171 4056 Numeri
2201 4018 2330 4057 vero
2363 4001 2580 4056 initium
2606 4001 2875 4071 accipere,
2908 4003 3012 4059 hac
3044 4013 3129 4060 est
3167 4022 3275 4061 Lxx
3314 4006 3523 4063 hebdo-

1948 4090 2253 4157 madarum,
2299 4092 2393 4162 qui
2430 4098 2560 4147 sunt
2608 4091 2738 4145 anni
2777 4093 3162 4165 quadringenti
3198 4097 3516 4169 nonaginta,

1947 4184 2173 4254 angelus
2203 4183 2449 4253 praacipit
2489 4183 2558 4238 ab
2589 4183 2737 4238 exitu
2783 4186 3052 4241 sermonis
3083 4195 3140 4241 ut
3187 4190 3518 4259 respondea-

1947 4282 2058 4337 tur,
2098 4285 2152 4329 et
2193 4274 2496 4330 aediﬁcetur
2542 4272 2868 4330 Jerusalem.
2909 4275 3081 4332 Porro
3125 4277 3243 4332 haec
3269 4280 3509 4351 contige-

1944 4377 2075 4422 runt
2095 4368 2248 4439 regni
2270 4367 2608 4435 Artaxerxis,
2632 4371 2724 4440 qui
2757 4369 3048 4425 Persarum
3079 4387 3172 4425 rex
3207 4371 3330 4437 fuit,
3370 4388 3515 4429 anno

656 4460 789 4514 Ἀπὸ
829 4461 887 4513 δὲ
950 4459 1302 4532 Ἀρταξέρξου
1364 4459 1421 4512 αἱ
1476 4459 1842 4530 ἐϐδομήκοντα

1959 4458 2207 4513 vicesimo
2233 4477 2246 4513 :
2276 4459 2440 4528 hujus
2462 4460 2605 4513 enim
2632 4461 2889 4530 pincerna
2917 4459 3206 4517 Nehemias
3236 4478 3361 4517 cum
3387 4479 3511 4529 eum

1940 4548 2123 4617 ipsum
2148 4557 2416 4618 rogasset,
2453 4564 2774 4619 responsum
2810 4551 3039 4620 accepit,
3069 4563 3127 4606 ut
3153 4553 3513 4612 aediﬁcaretur

1939 4637 2264 4694 Jerusalem.
2316 4638 2383 4693 Et
2434 4655 2615 4694 sermo
2644 4641 2813 4695 exivit
2841 4656 2951 4710 quo
3001 4643 3178 4712 ipsum
3209 4643 3314 4699 hoc
3351 4646 3515 4715 jube-

1942 4730 2140 4785 batur:
2176 4745 2302 4784 nam
2338 4730 2404 4783 ad
2435 4730 2570 4785 illud
2600 4746 2777 4802 usque
2819 4740 3036 4803 tempus
3066 4734 3264 4790 civitas
3295 4736 3512 4792 deserta

1944 4826 2238 4874 manserat.
2286 4818 2422 4876 Cum
2468 4820 2615 4874 enim
2655 4819 2833 4891 Cyrus
2874 4829 2999 4891 post
3040 4826 3511 4894 septuagenariam

1943 4912 2259 4966 servitutem
2285 4912 2555 4967 volentem
2574 4928 3016 4985 unumquemque
3044 4916 3348 4973 voluntarie
3378 4919 3513 4973 emi-

1941 5009 2124 5071 sisset,
2158 5008 2252 5077 qui
2287 5022 2411 5061 cum
2454 5005 2583 5062 Jcsu
2616 5023 2813 5078 magno
2847 5010 3132 5066 sacerdote
3159 5019 3214 5066 et
3263 5010 3513 5067 Zoroba-

1942 5099 2048 5164 hel,
2080 5099 2283 5169 quique
2308 5106 2433 5170 post
2460 5098 2560 5155 hos
2583 5100 2733 5170 ipsos
2753 5115 2878 5155 cum
2903 5100 3070 5156 Esdra
3092 5102 3509 5168 descenderant,

1938 5190 2206 5246 aediﬁcare
2257 5191 2518 5258 templum
2568 5200 2622 5246 et
2671 5206 2887 5246 murum
2928 5193 3135 5247 civitati
3172 5194 3512 5251 circumdare

1941 5279 2099 5334 initio
2134 5280 2585 5349 prohibebantur,
2611 5286 2874 5349 tanquam
2908 5282 3012 5336 hoc
3041 5282 3366 5352 imperatum
3398 5299 3512 5339 non

1940 5378 2106 5426 esset.
2138 5369 2336 5425 Mansit
2365 5370 2530 5441 igitur
2561 5385 2735 5440 usque
2763 5369 2831 5424 ad
2855 5368 3168 5426 Nehemiam
3206 5382 3260 5427 et
3282 5388 3511 5444 regnum

1941 5460 2280 5524 Artaxerxis,
2327 5476 2640 5531 annumque
2679 5460 2894 5530 imperii
2933 5459 3226 5516 Persarum
3272 5461 3511 5546 centesi-

1941 5565 2090 5604 mum
2126 5560 2178 5605 et
2215 5552 2467 5621 quintum
2494 5552 2768 5607 decimum
2803 5566 2967 5606 :cum
3002 5566 3131 5607 vero
3162 5567 3193 5606 a
3218 5560 3378 5625 capta
3421 5551 3512 5608 Je-

1943 5643 2180 5698 rusalem
2210 5658 2388 5700 annus
2418 5645 2748 5700 centesimus
2778 5649 2940 5713 athuc
2978 5645 3346 5717 octogesimus
3376 5661 3505 5717 age-

1942 5742 2112 5802 retur,
2155 5734 2320 5805 390
2362 5742 2478 5790 tum
2524 5752 2618 5793 rex
2660 5737 2990 5793 Artaxerxes
3027 5736 3197 5808 jussit
3247 5737 3508 5793 aediﬁcari
