3908 6266
398 248 497 303 6|!

1033 244 1305 304 EUSEBll
1338 241 1812 301 CAESARIENSIS
1849 241 1998 298 OPP.
2038 240 2218 296 PARS
2257 241 2317 297 ll.
2358 272 2428 282 —
2460 241 2959 303 APOLOGETICA.

3534 249 3635 306 612

397 363 694 427 civitatem,
726 369 779 416 et
807 359 1115 424 Nehemias,
1142 375 1287 414 unus
1301 374 1491 415 eorum
1520 359 1612 429 qui
1644 357 1831 414 emissi
1858 356 1936 410 tua

2039 385 2050 417 ι
2079 354 2277 408 κοσίων
2309 356 2640 428 πεντήκοντα
2686 362 2968 431 τεσσάρων
2988 399 3003 421 ,
3056 360 3149 413 τοῦ
3177 362 3400 431 ἡλιακοῦ
3438 367 3636 421 κύκλου

397 463 542 517 rant,
572 454 722 524 operi
747 452 964 522 praefuit
989 467 1002 502 :
1037 459 1092 507 et
1121 453 1300 521 platea
1334 458 1389 506 et
1412 451 1555 505 muri
1584 451 1822 506 ambitus
1843 448 1967 504 adi-

397 543 557 598 ﬁcata
585 554 731 609 sunt,
764 544 908 599 sicut
950 541 1194 597 futurum
1228 543 1515 614 prophetia
1543 543 1960 612 signiﬁcaverat.

395 631 525 689 Inde
557 635 721 704 igitur
746 633 906 687 nobis
946 648 1240 688 numerare
1270 634 1659 703 incipientibus
1691 649 1798 687 tu
1834 632 1966 685 heb-

395 724 653 779 domades
682 725 736 779 in
763 724 1042 781 Christum
1080 724 1485 779 terminantur:
1518 740 1642 779 nam
1675 726 1722 779 si
1769 724 1838 778 ab
1871 724 1964 778 illo

395 818 584 887 quovis
615 824 857 887 tempore
897 817 1222 872 numerandi
1271 817 1488 872 initiunt
1528 816 1839 879 fecerimus,
1867 831 1965 871 ne-

390 922 495 977 que
517 913 733 977 tempus
759 908 936 979 ipsum
976 908 1284 974 conveniet,
1315 916 1368 963 et
1400 908 1570 961 multa
1616 907 1961 962 incommoda

390 997 578 1052 subire
635 1012 865 1053 necesse
894 999 1018 1053 erit.
1054 996 1179 1053 Sive
1221 1000 1364 1053 enim
1400 1014 1429 1051 a
1472 998 1635 1069 Cyro,
1680 1001 1961 1069 primaque

387 1088 700 1151 emissione,
732 1090 1072 1160 septuaginta
1105 1088 1475 1146 hebdomadas
1515 1106 1801 1146 numerare
1847 1105 1961 1145 coe-

385 1181 649 1250 perimus,
683 1184 810 1235 anni
838 1190 1058 1237 centum
1096 1191 1149 1238 et
1178 1184 1413 1253 amplius
1462 1195 1810 1254 supererunt,
1843 1186 1958 1242 sive

385 1270 454 1325 ab
480 1286 545 1325 eo
568 1271 656 1326 die
686 1288 794 1342 quo
832 1274 1058 1343 angelus
1108 1273 1214 1344 ipsi
1245 1273 1435 1329 Daniel
1463 1274 1741 1328 oraculum
1776 1274 1958 1329 reddi-

383 1363 483 1430 dit,
515 1364 676 1418 etiam
707 1365 882 1434 major
926 1366 1016 1419 [iet
1056 1381 1324 1420 annorum
1355 1381 1635 1422 numerus.
1666 1364 1837 1422 Multo
1857 1382 1954 1422 au-

382 1463 491 1508 tem
541 1459 735 1526 major,
763 1457 809 1512 si
861 1458 931 1511 ab
986 1458 1142 1511 initio
1186 1467 1359 1527 captae
1407 1460 1581 1514 urbis.
1642 1457 1953 1517 Invenimus

380 1548 523 1600 enim
554 1562 782 1616 regnum
818 1547 1110 1603 Persarum
1163 1549 1306 1603 intra
1349 1565 1523 1604 annos
1562 1563 1624 1603 cc
1655 1557 1817 1620 atque
1842 1566 1955 1604 xxx

380 1635 668 1690 contineri.
699 1636 902 1692 Deinde
941 1637 1294 1692 Macedonum
1332 1641 1398 1692 ad
1451 1654 1723 1693 annorum
1759 1655 1952 1695 nume-

2068 446 2402 518 ὑπάρχοντος
2468 449 2690 522 ἡμερῶν
2750 452 3073 522 τριακοσίων
3138 453 3399 526 ἐξήκοντα
3477 458 3635 512 πέντε

2064 539 2342 609 τετάρτου.
2450 540 2561 611 Τὴν
2612 541 2720 613 γὰρ
2774 544 2914 598 κατά
2963 543 3187 617 σελήνην
3251 546 3629 620 δωδεκάμηνον

2064 628 2433 700 παραλλάσσει
2507 631 2742 704 ἡμέραις
2803 633 2991 688 ἕνδεκα
3057 636 3152 689 καὶ
3204 637 3466 709 τετάρτῳ.
3538 640 3632 694 Διά

2063 719 2223 773 τοῦτο
2287 722 2544 792 ’Έλληνες
2604 727 2698 777 καὶ
2779 726 3020 781 Ἰουδαῖοι
3088 730 3236 799 τρεῖς
3298 731 3474 802 μῆνας
3532 733 3629 804 ἐμ-

2063 812 2316 882 ϐολίμους
2353 814 2529 869 ἐτεσιν
2554 815 2696 869 ὀκτὼ
2736 818 3224 889 παρεμϐάλλουσιν
3265 822 3490 887 ὀκτάκις
3522 826 3626 898 γὰρ

2060 901 2131 955 τὰ
2173 903 2361 957 ἕνδεκα
2404 904 2661 977 τέταρτον
2710 909 2854 959 ποιεῖ
2881 908 3157 980 τρίμηνον.
3235 910 3319 963 Τά
3344 908 3518 967 τοίνυν
3547 930 3630 966 τε-

2060 996 2320 1067 τρακόσια
2346 996 2711 1067 ἐϐδομήκοντα
2732 999 2891 1053 πέντε
2915 999 3030 1071 ἐτη,
3056 1000 3283 1072 όκταετη
3293 1002 3431 1073 ρίδες
3458 1006 3626 1073 γίνον-

2061 1105 2148 1141 ται
2201 1089 2537 1159 πεντήκοντα
2582 1090 2736 1143 ἐννέα
2789 1092 2881 1145 καὶ
2931 1093 3096 1162 μῆνες
3150 1096 3339 1164 τρεῖςο
3390 1095 3467 1159 ὡς
3514 1114 3625 1169 τρι-

2063 1178 2232 1247 μὴνου
2292 1177 2349 1230 δὲ
2404 1178 2695 1248 ἐμϐολίμου
2745 1182 2811 1251 τῇ
2862 1180 3114 1253 όκταετίᾳ
3145 1184 3469 1255 γινομένης,
3531 1186 3619 1257 ἐτη

2060 1268 2442 1322 πεντεκαίδεκα
2489 1269 2682 1338 ὀλίγων
2713 1271 2935 1343 ἡμερῶν
2973 1272 3303 1327 ἀποδεόντων
3332 1274 3616 1345 γίγνονται.

2059 1357 2242 1411 Ταῦτα
2268 1358 2323 1411 δὲ
2353 1358 2487 1430 πρὸς
2512 1362 2625 1423 τοῖς
2665 1361 3032 1430 τετρακοσίοις
3069 1363 3437 1435 ἐϐδομήκοντα
3464 1367 3617 1420 πέντε

2057 1447 2253 1514 ἔτεσιν,
2305 1452 2361 1503 αἰ
2407 1451 2775 1523 ἑϐδομήκοντα
2822 1452 3110 1524 ἐϐδομάδες
3160 1456 3549 1513 συντελοῦνται.
3594 1480 3611 1511 ι

2056 1538 2240 1593 Ταῦτα
2271 1535 2368 1613 μὲν
2411 1538 2502 1595 οὖν
2542 1543 2884 1614 Ἀφρικανός.
2918 1546 2980 1598 Εἰ
3022 1546 3079 1599 δὲ
3114 1549 3218 1619 χρὴ
3250 1549 3344 1602 καὶ
3381 1551 3523 1621 ἡμᾶς
3546 1554 3617 1604 οἱ·

2055 1632 2210 1686 κείαν
2242 1636 2321 1697 είς
2363 1637 2488 1700 τοὺς
2526 1637 2724 1700 τόπους
2766 1637 3017 1691 ἀπόδοσιν
3052 1641 3130 1702 εἰς
3173 1639 3334 1708 μέσον
3374 1642 3613 1711 ἀγαγεῖν,

379 1739 500 1778 rum
544 1727 852 1781 continuari
903 1735 1269 1783 trecentorum
1318 1738 1372 1785 et
1406 1731 1767 1800 septuaginta.
1817 1730 1936 1786 Inde

2054 1722 2196 1792 φημὶ
2240 1724 2313 1793 μὴ
2360 1724 2553 1796 μάτην,
2602 1726 2736 1797 μηδὲ
2784 1726 2859 1790 ὡς
2899 1727 3052 1798 ἔτυχε
3224 1705 3614 1803 διαίρεσιν-πεέ-

378 1831 510 1871 vero
540 1820 605 1873 ad
642 1818 845 1875 Tiberii
893 1820 1128 1876 Caesaris
1159 1837 1359 1875 annum
1393 1831 1603 1877 sextum
1638 1820 1943 1889 decimum,

377 1926 552 1967 annos
588 1913 891 1981 sexaginta.
923 1912 1005 1966 Ab
1050 1913 1351 1969 Artaxerxe
1389 1923 1570 1971 autem
1606 1917 1946 1989 septuaginta

377 2003 742 2060 hebdomades
790 2004 857 2058 ad
884 2002 1088 2059 Christi
1134 2013 1347 2076 tempus
1380 2010 1722 2081 perveniunt,
1759 2010 1805 2063 si
1843 2009 1943 2065 Ju-

375 2093 614 2148 daaorum
648 2110 903 2151 numeros
937 2097 1237 2166 sequimur.
1282 2096 1561 2169 Siquidem
1597 2116 1628 2153 a
1662 2100 1940 2165 Nchemia,

375 2187 467 2255 qui
500 2194 558 2242 ut
580 2187 873 2244 aadiﬁcaret
921 2188 1226 2245 Jerusalem
1254 2199 1338 2246 est
1363 2192 1586 2257 missus,
1622 2208 1766 2247 anno
1788 2193 1942 2264 regni

373 2277 662 2334 Persarum
713 2281 1013 2335 centesimo
1045 2288 1098 2335 et
1129 2281 1320 2351 quinto
1341 2283 1573 2351 decimo,
1603 2284 1696 2354 qui
1727 2284 1828 2338 fuit
1856 2288 1940 2355 ip-

370 2371 489 2427 sius
534 2371 688 2441 regni
722 2371 1042 2428 Artaxerxis
1076 2373 1391 2440 vicesimus,
1423 2381 1584 2444 atque
1622 2375 1764 2430 idem
1787 2383 1939 2430 octo-

369 2463 586 2532 gesima:
620 2461 789 2516 tertiae
826 2462 1148 2533 Olympiadis
1185 2475 1431 2534 quartus,
1458 2464 1525 2518 ad
1558 2465 1690 2521 illud
1725 2459 1937 2537 tempus

369 2551 463 2620 qui
497 2550 600 2604 fuit
647 2551 974 2622 Olympiadis
1024 2552 1416 2608 ducentesima:
1468 2554 1723 2609 secundm
1761 2570 1937 2611 annus

369 2641 664 2706 secundus,
693 2643 905 2712 imperii
928 2651 1106 2697 autem
1139 2641 1343 2698 Tiberii
1367 2642 1598 2701 Caesaris
1632 2655 1820 2703 sextus
1842 2648 1938 2702 de-

367 2734 564 2799 cimus,
591 2734 720 2787 anni
766 2742 1124 2789 numerantur
1167 2735 1549 2806 quadringenti
1593 2739 1935 2810 septuaginta

367 2828 625 2898 quinque,
667 2827 760 2897 qui
804 2825 1071 2882 Hebraica
1113 2827 1324 2881 ratione
1372 2827 1506 2883 ﬁunt
1553 2830 1934 2902 quadringenti

366 2918 661 2986 nonaginta
691 2935 703 2970 :
733 2923 938 2987 utpote,
970 2931 1093 2970 cum
1134 2916 1212 2971 illi
1243 2917 1311 2971 ad
1334 2933 1555 2972 cursum
1587 2919 1729 2975 luna:
1760 2936 1933 2978 annos

365 3016 685 3077 computare
703 3009 1110 3072 consueverint,
1149 3016 1208 3061 ut
1239 3008 1342 3062 hac
1374 3010 1586 3065 ratione
1627 3026 1802 3067 annus
1829 3014 1931 3078 sit,

364 3101 509 3169 quod
536 3099 682 3154 dictu
719 3100 875 3154 facile
901 3107 1007 3164 est,
1044 3100 1254 3154 dierum
1284 3108 1649 3155 trecentorum
1674 3103 1934 3174 quinqua-

363 3194 512 3262 ginta
542 3198 801 3261 quatuor,
847 3208 971 3247 cum
1002 3199 1182 3247 tamen
1206 3192 1402 3246 solaris
1428 3208 1626 3249 cursus
1653 3193 1770 3249 dies
1797 3211 1933 3251 con-

364 3284 508 3339 ﬁciat
538 3291 810 3339 trecentos
854 3284 1135 3355 sexaginta
1173 3284 1416 3354 quinque
1445 3299 1571 3340 cum
1613 3285 1777 3342 unius
1820 3287 1929 3343 diei

360 3384 514 3446 parte
538 3385 754 3447 quarta.
786 3375 863 3429 Ex
901 3391 1010 3446 quo
1054 3383 1278 3446 apparet
1313 3377 1536 3432 lunares
1566 3392 1765 3433 cursus
1789 3379 1928 3433 duo--

358 3468 558 3533 decim,
613 3467 683 3522 ab
726 3483 836 3522 uno
886 3468 1054 3523 solari
1108 3482 1298 3531 cursu,
1349 3468 1604 3524 undecim
1641 3470 1833 3526 diebus
1873 3477 1929 3526 et

357 3569 554 3632 quarta
586 3561 751 3616 unius
766 3560 872 3615 diei
895 3559 1162 3630 superari.
1187 3558 1395 3615 Idcirco
1418 3569 1472 3615 et
1494 3559 1665 3616 Grazci
1689 3570 1742 3616 et
1755 3561 1926 3617 Judaei

355 3660 541 3708 ternos
578 3652 934 3707 intercalares
961 3666 1177 3708 menses
1199 3661 1393 3707 octavo
1423 3654 1624 3723 cuique
1655 3667 1800 3709 anno
1827 3653 1925 3708 ad-

352 3743 566 3807 iiciunt.
608 3741 818 3798 Etenim
847 3743 892 3797 si
923 3742 1172 3799 undenos
1205 3758 1330 3798 cum
1351 3745 1514 3800 unius
1544 3752 1697 3814 parte
1728 3753 1923 3815 quarta

353 3835 526 3889 octies
572 3834 923 3904 repetiveris,
971 3835 1136 3889 trium
1187 3835 1454 3891 mensium
1506 3836 1741 3906 spatium
1788 3852 1921 3891 con-

354 3924 524 3980 ﬁcies.
576 3925 970 3995 Quadringenti
1027 3926 1191 3997 igitur
1263 3927 1607 3998 septuaginta
1679 3928 1919 4000 quinque

352 4020 518 4083 anni,
572 4020 824 4073 octennia
883 4018 1116 4073 reddunt
1165 4020 1559 4091 quinquaginta
1616 4036 1813 4075 novem
1866 4030 1920 4077 et

354 4126 527 4165 annos
586 4119 847 4179 praeterea
907 4118 1037 4164 tres.
1100 4110 1236 4164 Cum
1284 4127 1414 4165 vero
1469 4121 1663 4166 octavo
1721 4113 1918 4183 cuique

351 4217 498 4257 anno
541 4203 683 4256 terni
739 4204 1130 4257 intercalentur
1179 4217 1430 4264 menses,
1483 4201 1770 4256 coniicitur
1821 4219 1918 4257 an-

348 4311 544 4350 norum
583 4312 651 4349 xv
686 4310 920 4359 summa,
966 4294 1156 4365 paucis
1197 4294 1452 4349 detractis
1497 4294 1708 4350 diebus.
1753 4294 1910 4365 391

2054 1816 2302 1888 ποιῆσθαι
2328 1818 2416 1872 τὸν
2441 1818 2594 1888 λόγον
2630 1819 2738 1872 τῶν
2776 1820 3139 1891 ἐϐδομήκοντα
3165 1822 3487 1893 ἑϐδομάδων.
3504 1828 3614 1878 Διε-

2050 1906 2158 1961 λὼν
2185 1908 2293 1980 γὰρ
2319 1908 2488 1972 αὐτάς
2517 1913 2596 1968 είς
2630 1909 2851 1981 πρώτας
2876 1910 3034 1972 ἑπτὰ,
3078 1911 3251 1965 ἔπειθ’
3279 1913 3472 1985 ἐτέρας
3495 1902 3613 1987 egra;

2051 2015 2212 2052 κοντα
2235 1998 2347 2063 δύο,
2374 2001 2467 2053 καὶ
2496 1999 2634 2071 μετὰ
2663 1999 2891 2053 πλεῖστα
2917 1999 2985 2053 τά
3012 2001 3210 2071 μεταξὺ
3237 2003 3610 2076 ἐπιλεγόμενα,

2048 2088 2144 2160 τὴν
2178 2091 2304 2159 μίαν
2328 2091 2554 2156 ἐπιθεὶς,
2580 2089 2721 2144 οῦτω
2750 2091 2840 2144 τὸν
2867 2092 3095 2163 ἀριθμὸν
3116 2092 3222 2147 τῶν
3250 2094 3613 2168 ἐϐδομήκοντα

2049 2181 2349 2252 ἑϐδομάδων
2393 2182 2723 2261 ἀφωρίσατιο.
2760 2183 2920 2251 Λέγει
2958 2184 3002 2236 δ’
3047 2180 3161 2238 οὖν·
3207 2205 3226 2237 ι
3261 2187 3370 2239 Καὶ
3409 2186 3609 2260 γνώσῃ,

2048 2274 2141 2325 καὶ
2171 2275 2418 2344 συνήσεις
2455 2272 2561 2328 ἀπὸ
2589 2273 2766 2340 ἐξόδου
2802 2274 2958 2343 λόγου
2990 2275 3084 2328 τοῦ
3124 2277 3481 2350 ἀποκριθῆναι
3521 2276 3610 2332 καὶ

2046 2361 2138 2414 τοῦ
2181 2363 2528 2434 οἰκοδομῆσαι
2570 2364 2916 2437 Ἰερουσαλὴμ
2959 2365 3062 2430 ἓως
3102 2368 3335 2437 Χριστοῦ
3375 2371 3609 2441 ἡγουμὲ-

2046 2470 2157 2517 νου,
2189 2454 2477 2526 ἐϐδομάδες
2518 2454 2678 2519 έπτά,
2721 2456 2815 2509 καὶ
2859 2457 3147 2527 ἐϐδομάδες
3175 2459 3548 2530 ἑξηκονταδύο.
3586 2481 3602 2512 ι

2045 2542 2157 2599 Εἶθ’
2203 2548 2367 2620 ἕτερά
2400 2566 2520 2602 τινα
2570 2546 2771 2619 μεταξὺ
2816 2549 3130 2619 ἐπαγαγὼν,
3166 2551 3262 2623 τὴν
3298 2552 3611 2608 τελευταίαν

2044 2639 2593 2712 προστίθησι,φὴσας·
2619 2659 2636 2691 ι
2657 2643 2766 2695 Καὶ
2788 2640 3094 2713 δυναμώσεί
3116 2643 3377 2717 διαθήκην
3397 2645 3609 2709 πολλοῖς

2042 2729 2274 2800 ἑϐδομὰς
2318 2731 2434 2801 μία.
2480 2750 2499 2782 ι
2557 2734 2678 2784 Ὅτι
2705 2731 2749 2785 δ’
2781 2732 2841 2784 οὑ
2886 2733 3062 2804 μάτην
3099 2731 3288 2799 ταῦτα,
3333 2736 3442 2789 οὐδ’
3482 2737 3607 2791 ἄνευ

2039 2821 2139 2891 τῆς
2188 2822 2336 2886 θείας
2382 2823 2668 2887 ἐπιπνοίας
2719 2824 3077 2894 ὲσχεδίασται,
3126 2825 3282 2880 πάνθ’
3332 2829 3606 2882 ὁντιναοῦν

2038 2912 2145 2965 τῶν
2170 2912 2245 2976 ὡς
2276 2912 2408 2966 Θεοῦ
2447 2915 2682 2985 ῥήμασιν
2719 2913 2901 2977 αὐτοῖς
2935 2914 3307 2987 προσεχόντων
3341 2919 3607 2990 ὁμολογὴ-

2040 3020 2153 3057 σειν
2200 3003 2455 3075 ἡγοῦμαι.
2500 3004 2669 3058 Τοῦτο
2718 3005 2816 3075 μὲν
2864 3001 2956 3059 οὖν
3005 3006 3217 3078 πρῶτον
3258 3011 3390 3079 ἡμῖν
3428 3010 3605 3075 καλῶς

2034 3096 2208 3163 ἔδοξεν
2238 3096 2697 3168 ἐπισημήνασθαι,
2737 3097 3055 3153 καταλιπεῖν
3090 3117 3149 3153 τε
3193 3103 3306 3164 τοῖς
3336 3102 3603 3174 ἐντυγχά-

2029 3205 2176 3241 νουσι
2197 3188 2294 3260 τὴν
2313 3188 2406 3241 τοῦ
2435 3189 2757 3261 ζητηθέντος
2780 3190 2980 3262 ἀκριϐῆ
3003 3191 3176 3245 λύσιν.
3202 3189 3265 3246 Εἰ
3289 3192 3346 3246 δὲ
3374 3196 3481 3266 χρὴ
3510 3193 3604 3249 καὶ

2029 3281 2175 3351 ἡμᾶς
2199 3278 2261 3333 τὸ
2301 3281 2538 3334 ἐπεισιὸν
2577 3282 2651 3353 μὴ
2695 3281 3300 3355 ἀποκρύψασθαι,.φημὶ
3335 3286 3459 3339 καθ’
3485 3288 3604 3341 ἐτέ-

2029 3389 2129 3444 ραν
2151 3372 2383 3426 διάνοιαν
2409 3373 2525 3444 ’ἡτοι
2549 3374 2774 3445 ἐκδοχὴν
2797 3373 2888 3427 τὸν
2912 3376 2971 3427 ἐν
2995 3377 3061 3447 τῇ
3089 3377 3428 3451 προκειμένῃ
3463 3394 3603 3450 γρα-

2026 3467 2099 3535 φῇ
2124 3464 2447 3537 δηλούμενον
2475 3466 2709 3539 Χριστὸν
2749 3466 3069 3538 ἡγούμενον,
3104 3468 3244 3523 κατά
3279 3469 3366 3532 τὰ,
3402 3488 3422 3522 ι
3464 3472 3600 3526 Ἀπὸ

2024 3552 2203 3619 ἐξόδου
2239 3555 2396 3625 λόγου
2434 3557 2530 3610 τοῦ
2574 3557 2935 3630 ἀποκριθῆναι
2983 3559 3074 3612 καὶ
3114 3558 3207 3612 τοῦ
3240 3559 3599 3632 οἰκοδομῆσαι

2036 3644 2384 3718 Ἰερουσαλὴμ
2412 3647 2516 3710 ἕως
2547 3647 2781 3717 Χριστοῦ
2807 3649 3127 3720 ἡγουμένου,
3160 3670 3179 3702 ι
3208 3651 3308 3704 ούκ
3331 3651 3490 3706 ἄλλον
3514 3650 3595 3707 εἷ-

2022 3754 2109 3791 ναι
2132 3737 2224 3791 τοῦ
2250 3739 2547 3809 καταλόγου
2574 3741 2680 3793 τῶν
2711 3740 2848 3811 μετὰ
2872 3742 2970 3813 τὴν
2996 3740 3351 3815 προφητείαν,
3376 3745 3471 3797 καὶ
3494 3745 3594 3817 τὴν

2021 3829 2127 3883 ἀπὸ
2158 3830 2470 3895 Βαϐυλῶνος
2495 3832 2773 3897 ἐπάνοδον,
2818 3834 3178 3905 ἡγησαμένων
3217 3833 3310 3887 τοῦ
3341 3834 3471 3889 λαοῦ
3500 3837 3594 3907 ἀρ-

2020 3921 2268 4001 χιερέων,
2310 3920 2402 3986 οὓς
2447 3924 2713 3993 Χριστοὺς
2767 3922 2886 3987 ἔθος
2932 3925 3223 3979 ἀποκαλεῖν
3264 3929 3329 3998 τῇ
3371 3927 3585 4000 Γραφῇ.

2019 4011 2227 4076 Μόνους
2247 4013 2356 4084 γὰρ
2379 4014 2600 4079 τούτους
2626 4015 3036 4087 καθηγήσασθαι
3070 4016 3164 4070 τοῦ
3190 4016 3393 4082 ἔθνους,
3420 4018 3590 4090 ἀρξα-

2021 4101 2214 4171 μένους
2240 4103 2348 4155 ἀπὸ
2381 4103 2554 4173 Ἰησοῦ
2593 4102 2687 4157 τοῦ
2722 4104 2985 4167 Ἰωσεδὲκ,
3022 4104 3116 4158 τοῦ
3142 4105 3333 4178 ἱερέως
3359 4106 3451 4160 τοῦ
3484 4126 3585 4179 με-

2017 4191 2201 4260 γάλου,
2240 4192 2377 4263 μετά
2420 4193 2517 4266 τὴν
2561 4193 2669 4247 ἀντὶ)
2706 4194 3025 4260 Βαϐυλῶνος
3053 4196 3326 4262 ἐπάνοδον,
3351 4198 3446 4252 καὶ
3488 4199 3585 4268 μὲ-

2018 4302 2107 4356 χρι
2136 4285 2244 4339 τῶν
2270 4287 2474 4358 χρόνων
2513 4287 2610 4359 τῆς
2636 4287 2728 4341 τοῦ
2770 4289 3019 4360 Σωτῆρος
3043 4289 3197 4360 ἡμῶν
3232 4291 3404 4363 Ἰησοῦ
3441 4294 3581 4364 Χρι-

348 4387 498 4453 Quos
528 4387 573 4442 si
605 4385 673 4440 ad
708 4386 1139 4457 quadringentos
1164 4385 1507 4456 septuaginta
1546 4384 1786 4455 quinque
1817 4386 1913 4440 ad-

2039 4378 2141 4431 ιτοῦ
2181 4379 2480 4450 παρουσίας
2512 4380 2946 4452 παρειλήφαμεν.
2987 4379 3152 4453 Οἶμαι
3192 4383 3319 4452 γοῦν
3350 4384 3443 4440 τὸν
3485 4404 3581 4456 με·

346 4479 570 4541 dideris,
604 4478 972 4533 hebdomadas
994 4492 1099 4531 Lxx
1125 4478 1404 4533 conﬁcies.
1440 4496 1459 4528 ›
1493 4475 1767 4532 Hactenus
1789 4477 1911 4547 qui-

2012 4467 2143 4535 ταξὺ
2183 4470 2372 4541 χρόνον
2412 4469 2510 4540 τῆς
2548 4470 2751 4522 τούτων
2790 4472 3143 4541 προστασίας,
3182 4472 3303 4526 καθ’
3337 4472 3395 4528 ὃν
3437 4476 3580 4546 ἡγὴ-

345 4571 467 4626 dem
516 4570 825 4626 Africanus.
890 4570 1048 4636 Quod
1090 4571 1136 4625 si
1176 4586 1277 4625 nos
1331 4584 1549 4640 quoque
1590 4577 1804 4638 oportet
1852 4569 1907 4623 in

2039 4577 2192 4625 ἀντο,
2228 4559 2516 4629 δηλοῦσθαι
2562 4560 2652 4614 διὰ
2691 4561 2806 4625 τοῦ,
2846 4580 2864 4613 ι
2913 4559 3043 4615 Ἀπὸ
3066 4563 3243 4628 ἐξόδου
3283 4564 3440 4633 λόγου
3477 4566 3574 4620 τοῦ

344 4660 615 4731 ejusmodi
674 4663 823 4715 locos
890 4660 1167 4730 propriam
1225 4658 1798 4714 commemOrationem
1847 4658 1905 4711 in

2039 4651 2368 4723 ιποκριθῆναι
2406 4650 2499 4703 καὶ
2533 4651 2627 4704 τοῦ
2669 4649 3017 4722 οἰκοδομῆσαι
3077 4652 3424 4726 Ἰερουσαλὴμ
3468 4655 3575 4721 ἕως

332 4746 571 4799 medium
626 4745 852 4811 aﬂ‘erre,
894 4747 1016 4801 dico
1075 4762 1182 4801 non
1239 4748 1439 4804 frustra
1492 4765 1669 4819 neque
1710 4763 1913 4804 temere

2039 4741 2242 4815 ἱριστοῦ
2273 4742 2593 4814 ἡγουμένου,
2630 4741 2919 4814 ἐϐδομάδες
2957 4742 3117 4808 ἐπτά,
3155 4746 3247 4799 καὶ
3281 4745 3573 4817 ἐϐδομάδες

331 4833 657 4891 divisionem
718 4838 787 4892 ab
847 4839 1070 4893 oraculo
1130 4854 1254 4895 esse
1312 4840 1513 4895 factam
1572 4840 1910 4912 septuaginta

2039 4838 2388 4910 ξηκονταδύοο
2425 4857 2441 4891 ι
2483 4839 2590 4891 τῶν
2614 4838 2749 4892 ἐτῶν
2773 4839 2830 4891 δὲ
2860 4839 2959 4905 τὰς
2987 4841 3306 4914 ἑϐδομάδας,
3343 4861 3575 4916 συναγο-

336 4928 821 4984 hebdomadarum.
853 4929 988 4984 Nam
1035 4948 1158 4987 cum
1206 4948 1299 4988 eas
1330 4934 1576 4988 diviserit
1607 4935 1661 4989 in
1701 4934 1908 5004 primas

2039 4931 2170 4995 ένας
2195 4931 2275 4994 εἰς
2306 4930 2399 5002 ἔτη
2428 4929 2752 5002 τετρακόσια
2794 4931 3118 5002 ὁγδοήκοντα
3145 4932 3292 5005 τρία,
3337 4937 3447 4991 ἀπὸ
3472 4940 3574 5010 τῆς

334 5031 559 5092 septem,
596 5038 660 5078 ac
697 5023 890 5078 deinde
938 5024 992 5078 in
1024 5027 1162 5081 alias
1204 5028 1481 5097 sexaginta
1512 5029 1671 5091 duas,
1702 5038 1756 5082 et
1786 5035 1910 5097 post

2039 5021 2183 5094 ὶύρου
2225 5021 2503 5093 βασιλείας
2542 5024 2633 5075 ἐπὶ
2664 5023 2762 5093 τὴν
2799 5023 3081 5094 Ῥωμαίων
3121 5027 3571 5097 παρεκτείνεσθαι

332 5113 563 5181 plurima
587 5153 601 5178 ,
626 5130 748 5184 qua:
769 5114 942 5169 media
969 5115 1405 5185 interponuntur,
1445 5134 1606 5172 unam
1635 5118 1903 5188 reliquam

2041 5116 2190 5187 ρχὴν,
2223 5114 2436 5186 καθ’ἥν
2478 5116 2755 5186 Πομπήϊος
2795 5116 3076 5186 Ῥωμαίων
3101 5120 3403 5189 στρατηγὸς
3442 5123 3567 5175 ἐπι-

331 5203 614 5271 adiecerit,
658 5220 725 5260 eo
759 5206 919 5260 modo
969 5223 1256 5261 numerum
1303 5209 1645 5278 septuaginta
1691 5207 1898 5264 hebdo-

2039 5205 2130 5268 τάς
2154 5208 2266 5268 τοῖς
2305 5203 2713 5275 Ἱεροσολύμοις,
2739 5197 2853 5257 εἷλε
2888 5203 2985 5274 μὲν
3025 5203 3311 5278 πολιορκίᾳ
3336 5207 3437 5279 τὴν
3472 5210 3569 5263 πό-

331 5295 549 5350 madum
573 5298 883 5366 complevit.
932 5297 1073 5353 Dicit
1109 5300 1275 5369 igitur
1308 5319 1320 5354 :
1360 5317 1380 5351 ι
1417 5300 1481 5353 Ει
1515 5315 1814 5371 cognosces
1841 5309 1895 5357 et

2039 5314 2096 5361 LV,
2129 5298 2191 5350 τὸ
2213 5297 2270 5350 δὲ
2300 5299 2408 5350 πᾶν
2447 5296 2598 5361 ἔθνος
2632 5296 2814 5350 δοῦλον
2850 5297 3137 5367 Ῥωμαίοις
3168 5302 3559 5373 κατεστήσατο,

329 5386 599 5457 intelliges
634 5389 703 5443 ab
746 5391 895 5444 exitu
943 5392 1233 5456 sermonis,
1275 5398 1335 5445 ut
1375 5395 1804 5461 respondeatur,
1839 5400 1891 5448 et

2042 5408 2069 5453 ς
2101 5390 2194 5443 καὶ
2225 5389 2422 5459 φόρους
2464 5389 2522 5452 ἐξ
2546 5388 2753 5442 ἐκείνου
2787 5386 2978 5454 τελεῖν,
3006 5390 3101 5442 καὶ
3126 5392 3238 5453 τοῖς
3275 5392 3561 5464 Ῥωμαίων

326 5477 625 5533 aediﬁcetur
669 5479 981 5537 Jerusalem
1026 5499 1201 5552 usque
1236 5484 1302 5537 ad
1346 5482 1626 5539 Christum
1669 5485 1886 5550 ducem,

326 5565 692 5624 hebdomades
708 5580 936 5639 septem,
954 5580 1010 5627 et
1028 5572 1394 5627 hebdomades
1414 5575 1693 5644 sexaginta
1708 5575 1849 5629 duae.
1865 5595 1883 5626 ι

323 5655 533 5711 Deinde
561 5657 684 5716 aliis
710 5661 1037 5731 quibusdam
1068 5664 1407 5736 interpositis
1435 5665 1620 5732 rebus,
1648 5665 1888 5722 novissi-

1992 5478 2304 5550 πειθαρχεῖν
2330 5478 2711 5549 ἐπιτάγμασιν.
2760 5474 2882 5530 Ἐπὶ⁹
2925 5476 3114 5531 τοῦτον
3147 5478 3276 5546 γοῦν
3316 5481 3407 5533 τὸν
3433 5480 3564 5554 χρό-

1990 5589 2079 5630 νον
2103 5574 2131 5625 ὁ
2152 5571 2257 5624 τῶν
2281 5571 2641 5643 τετρακοσίων
2663 5571 2985 5642 ὀγδοήκοντα
3036 5569 3202 5641 τριῶν
3225 5572 3362 5625 ἐτῶν
3402 5590 3562 5644 περι-

1989 5661 2227 5736 ορίζεται
2255 5661 2503 5734 ἀριθμὸς,
2538 5663 2622 5732 ἐφ’
2666 5661 2724 5714 ὃν
2750 5661 2844 5716 καὶ
2872 5658 3165 5732 κατέληξαν
3197 5661 3246 5713 ot
3291 5662 3433 5718 κατά
3460 5662 3558 5722 τὸν
