3908 6266
387 264 494 320 615

989 255 1259 315 EUSEBII
1297 251 1774 311 CIESARIENSIS
1810 253 1962 311 OPP.
2003 252 2183 309 PARS
2216 253 2284 311 ll.
2322 284 2393 294 —
2431 251 2934 314 APOLOGETICA.

3531 262 3632 320 616

386 381 526 445 dec,
569 384 624 434 et
669 373 972 432 Zorobabel
1028 373 1173 427 filius
1239 368 1538 436 Salatbiel,
1599 386 1727 425 cum
1778 371 1949 427 adhuc

2058 370 2166 424 ἀπὺ
2202 370 2303 440 τῆς
2342 370 2565 443 Δαρείου
2609 370 3064 442 καταριθμεῖσθαι
3098 371 3374 443 βασιλείας
3407 375 3633 447 συμϐαίο

386 471 546 542 393
569 469 838 531 viverent,
866 465 1026 520 ambo
1054 464 1440 519 instaurationi
1482 464 1669 534 templi
1723 462 1959 533 praefue-

386 568 538 627 runt,
572 556 870 630 prophetiae
922 569 1122 609 munus
1155 554 1373 609 interim
1423 555 1808 610 exercentibus
1848 554 1959 624 Ag-

385 668 502 724 gaso
529 659 583 708 ct
610 649 897 713 Zacharia,
925 657 1047 718 post
1069 663 1208 717 quos
1236 646 1439 704 Esdras
1480 654 1534 702 et
1571 646 1863 702 Nehemias
1892 647 1961 702 dc

386 746 659 816 Babylone
699 741 886 796 itidem
935 739 1165 799 reversi,
1200 754 1419 793 murum
1481 738 1960 793 circumdederunt

385 834 617 891 civitati.
678 831 834 886 Tunc
892 843 1073 886 autem
1120 830 1496 899 pontiﬁcatum
1544 829 1960 885 administrabat

382 923 655 989 Joachim,
685 922 778 986 qui
821 921 950 977 Jcsu
978 922 1072 977 ﬁlii
1119 922 1351 978 Josedec
1396 922 1551 985 filius
1608 922 1803 986 fuerat,
1834 932 1959 994 post

384 1034 545 1090 quem
579 1018 849 1074 successit
880 1017 1122 1085 Eliasib;
1160 1017 1357 1072 deinde
1385 1014 1577 1080 Jodae,
1609 1030 1770 1085 quem
1802 1029 1961 1068 secu-

385 1117 476 1165 tus
521 1116 607 1165 cst
646 1107 949 1175 Jonathas;
1002 1108 1148 1162 hunc
1206 1107 1420 1178 excepit
1465 1105 1693 1162 Jaddus.
1751 1105 1957 1161 Horum

385 1202 550 1257 etiam
584 1200 728 1271 apud
766 1199 993 1254 Esdram
1023 1201 1080 1253 ﬁt
1099 1200 1321 1260 mentio,
1349 1199 1434 1253 his
1461 1197 1682 1253 verbis:
1721 1216 1738 1249 ι
1776 1196 1842 1250 Ει
1867 1196 1960 1251 Je-

383 1306 481 1346 sus
519 1292 705 1360 genuit
730 1279 1002 1352 Joachim,
1036 1298 1090 1343 et
1141 1288 1389 1343 Joachim
1423 1288 1609 1359 genuit
1640 1287 1865 1355 Eliasib,
1905 1294 1959 1341 et

384 1381 590 1435 Eliasib
634 1381 822 1452 genuit
861 1378 1051 1443 Jodae,
1079 1391 1130 1435 et
1154 1379 1324 1435 Jodae
1367 1381 1554 1450 genuit
1579 1379 1874 1443 Jonatban,
1905 1387 1958 1434 et

380 1472 653 1529 Jonathan
683 1475 867 1544 genuit
892 1473 1124 1527 Jaddum
1139 1474 1206 1525 ⁸¹.
1241 1492 1260 1524 ι
1294 1471 1562 1542 Tempore
1582 1481 1761 1525 autem
1794 1471 1957 1540 hujus

380 1566 579 1631 Jaddu,
612 1568 918 1622 Alexander
940 1566 1163 1621 Macedo
1187 1566 1572 1620 Alexandriam
1602 1564 1864 1631 condidit,
1898 1570 1958 1618 ut

379 1659 656 1729 Josepbus
682 1660 949 1728 scriptum
989 1658 1232 1727 reliquit,
1261 1664 1314 1712 et
1345 1657 1720 1728 Hierosolyma
1743 1657 1956 1726 ingres—

383 1765 478 1805 sus
507 1750 673 1805 Deum
707 1750 977 1805 adoravit.
1012 1750 1258 1804 Mortuus
1292 1756 1378 1804 est
1416 1758 1596 1803 autem
1650 1747 1955 1803 Alexander

381 1839 603 1894 ineunte
652 1843 952 1893 centesima
1011 1847 1065 1893 et
1110 1847 1304 1908 quarta
1356 1837 1570 1892 decima
1626 1836 1951 1906 Olympiade,

381 1939 505 2000 post
536 1930 738 2001 Cyrum
770 1930 1023 1985 ducentis
1083 1930 1303 2000 triginta
1346 1944 1443 1983 sex
1474 1928 1656 1991 annis,
1687 1927 1779 1997 qui
1811 1924 1953 1995 apud

378 2020 577 2078 Persas
621 2037 853 2092 regnare
898 2022 1065 2092 coepit
1125 2024 1348 2077 ineunte
1402 2019 1709 2091 Olympiade
1763 2019 1954 2088 quinta

380 2128 547 2182 supra
577 2113 1071 2184 quadragesimani.
1097 2112 1225 2169 Post
1251 2120 1482 2168 mortem
1513 2126 1640 2165 vero
1661 2108 1953 2164 Alexandri

380 2205 717 2267 Macedonis,
737 2212 791 2259 et
829 2213 951 2274 post
991 2220 1156 2274 quem
1185 2205 1430 2274 proxime
1456 2201 1696 2272 diximus
1734 2199 1954 2270 pontiﬁ-

379 2313 520 2361 ccm,
550 2296 719 2351 Onias
761 2297 879 2366 ipse
902 2311 1120 2366 quoque
1164 2295 1512 2367 pontiﬁcatus
1534 2294 1739 2347 honore
1761 2307 1951 2348 susce-

377 2399 493 2459 pto,
520 2389 667 2458 genti
701 2387 917 2459 praefuit
947 2408 959 2443 :
984 2388 1145 2457 cujus
1168 2386 1506 2456 temporibus
1537 2400 1661 2440 cum
1690 2383 1951 2440 Seleucus

378 2480 706 2553 Babylonem
735 2481 993 2550 cepisset,
1022 2479 1166 2534 Asiae
1203 2478 1313 2534 sibi
1360 2477 1610 2533 diadema
1640 2476 1950 2532 circumde-

376 2571 477 2632 dit,
508 2587 651 2624 anno
679 2578 802 2640 post
844 2570 1143 2625 Alexandri
1188 2578 1416 2623 mortem
1466 2566 1811 2622 duodecimo.
1866 2566 1948 2619 Ad

375 2678 537 2732 quem
567 2679 597 2717 a
632 2663 776 2734 Cyro
801 2662 1216 2732 incipientibus,
1241 2661 1422 2716 omnis
1450 2661 1713 2730 temporis
1736 2673 1951 2713 summa

377 2771 643 2809 annorum
692 2755 1052 2809 ducentorqu
1096 2753 1457 2823 quadraginta
1484 2760 1613 2815 octo
1655 2752 1946 2822 colligitur.

299 2878 303 2883 τ
375 2844 460 2900 Ab
492 2847 595 2901 hoc
626 2846 745 2915 ipso
776 2855 1017 2916 tempore
1056 2842 1372 2899 Graecorum
1402 2859 1626 2913 regnum
1659 2856 1949 2896 numerare

376 2938 569 3008 incipit
643 2936 1076 2992 Macbabaeorum
1150 2937 1398 2990 historia.
1458 2935 1761 3001 Caeterum,
1826 2944 1950 3004 post

376 3027 570 3085 Oniam
619 3027 933 3082 Judmorum
988 3028 1234 3097 suscepit
1289 3028 1654 3097 principatum
1706 3029 1949 3098 pontifex

375 3120 691 3197 Eleazarus,
724 3121 826 3175 sub
857 3136 965 3190 quo
1008 3118 1152 3174 LXX
1192 3120 1296 3173 viri
1337 3119 1552 3175 divinas
1603 3121 1947 3190 interpretati

378 3211 724 3282 Scripturas,
770 3212 1154 3267 Alexandrinis
1205 3212 1551 3267 bibliothecis
1602 3211 1945 3267 dedicarunt.

374 3304 506 3360 Post
536 3306 681 3360 hunc
734 3312 958 3360 secutus
1005 3313 1089 3360 est
1141 3306 1279 3358 alter
1309 3302 1513 3359 Onias:
1544 3305 1632 3359 cui
1682 3304 1950 3360 successit

377 3391 590 3461 Simon,
616 3397 776 3466 cujus
810 3406 1136 3467 tempestate
1165 3396 1326 3453 Jesus
1363 3398 1506 3452 ﬁlius
1559 3396 1754 3452 Sirach
1805 3398 1949 3451 fama

373 3491 606 3547 celebris
635 3489 758 3555 fuit,
789 3492 883 3561 qui
919 3491 1248 3560 Sapientiam
1279 3491 1437 3545 titulo
1470 3492 1653 3545 omnia
1684 3492 1948 3546 virtutum

371 3598 573 3651 genera
604 3583 947 3653 profitentem
972 3585 1304 3653 composuit.
1338 3582 1469 3638 Post
1499 3598 1659 3653 quem
1692 3583 1833 3637 alius
1858 3597 1950 3637 eo-

372 3673 495 3729 dem
527 3691 651 3730 cum
700 3677 980 3746 prioribus
1026 3678 1247 3731 nomine
1287 3674 1458 3731 Onias
1500 3674 1737 3745 praefuit.
1773 3674 1949 3744 Hujus

372 3768 648 3838 pontificis
673 3776 922 3839 tempore
949 3769 1273 3829 Antiochus.
1305 3785 1430 3823 cum
1455 3769 1676 3825 .ludzeos
1708 3769 1944 3824 obsidio-

370 3876 441 3915 ne
471 3860 774 3931 fatigasset,
804 3860 1122 3915 Graecorum
1177 3861 1377 3917 ritibus
1428 3861 1507 3915 uti
1554 3861 1753 3931 coegit.
1789 3859 1948 3914 Hunc

373 3960 594 4005 secutus
624 3947 814 4012 Judas,
846 3958 1208 4018 cognomento
1238 3949 1601 4013 Machabaeus,
1627 3950 1756 4004 dum
1786 3948 1948 4004 rebus

367 4038 684 4097 Iudaeorum
733 4048 952 4112 praeest,
991 4040 1266 4111 regionem
1314 4044 1382 4096 ab
1415 4043 1598 4112 impiis
1625 4049 1679 4097 et
1703 4039 1948 4111 profanis

370 4144 722 4203 expurgatam
766 4133 1032 4188 liberavit.
1059 4133 1159 4187 Cui
1192 4133 1435 4188 succedit
1467 4134 1635 4190 frater
1662 4134 1945 4202 Jonathas,

369 4224 568 4279 deinde
603 4222 795 4279 Simon
825 4242 838 4279 :
877 4224 981 4278 sub
1011 4215 1172 4294 cujus
1203 4232 1430 4278 mortem
1461 4227 1614 4296 regni
1636 4227 1782 4297 quod
1804 4227 1947 4298 apud

372 4316 540 4388 Syros
555 4316 749 4386 viguit,
779 4331 960 4370 annus
993 4325 1322 4371 numeratur
1349 4317 1619 4386 septimus
1646 4325 1699 4374 et
1724 4328 1948 4392 septua-

2059 479 2159 525 νει,
2190 461 2310 516 καθ’
2343 461 2403 514 ὃν
2434 457 2590 525 αὖθις
2622 461 2829 533 Ἰησοῦς
2853 462 2881 515 ό
2912 461 3007 515 τοῦ
3047 463 3312 528 Ἰωσεδὲκ,
3346 466 3443 519 καὶ
3468 468 3631 539 Ζοροο

2060 552 2224 609 ϐάϐελ
2265 556 2294 608 6
2316 554 2411 607 τοῦ
2441 553 2709 626 Σαλαθιὴλ
2736 556 2816 618 είς
2839 555 3044 608 ἐκεῖνον
3075 557 3175 627 τὴν
3201 554 3345 628 ζωὴν
3370 559 3632 629 παρατείο

2058 658 2265 705 ναντες,
2286 643 2454 712 ἄμφω
2477 642 2816 715 προέστησαν
2837 644 2935 714 τῆς
2959 643 3053 696 τοῦ
3087 644 3232 716 ἱεροῦ
3261 646 3626 715 ἀνανεώσεως,

2059 731 2506 802 προφητευόντων
2552 731 2805 800 Ἀγγαίου
2858 733 2952 785 καὶ
3005 735 3271 805 Ζαχαρίου
3297 752 3311 765 ·
3367 735 3487 806 μεθ’
3537 736 3629 801 οὓς

2061 824 2298 894 Ἔσδρας
2339 824 2432 876 καὶ
2481 825 2741 895 Νεεμίας,
2773 824 2974 896 ὁμοίως
3020 826 3086 879 ἐκ
3118 824 3437 890 Βαϐυλῶνος
3472 828 3628 881 άνελ-

2059 916 2260 980 θόντες,
2293 915 2354 969 τὸ
2383 919 2558 986 τεῖχος
2589 916 2868 988 ἐδείμαντο
2901 920 2967 988 τῇ
3011 917 3184 981 πόλει,
3226 919 3325 988 τὴν
3365 919 3630 990 ἀρχιερω-

2060 1008 2224 1080 σύνην
2257 1007 2530 1071 διέποντος
2572 1009 2886 1080 Ἰωακείμου
2911 1027 2922 1039 ·
2965 1011 3094 1072 παῖς
3119 1010 3182 1062 δὲ
3221 1005 3377 1074 οὗτος
3416 1006 3486 1081 ἦν
3523 1012 3627 1083 Ἰη-

2061 1100 2153 1155 σοῦ
2185 1099 2278 1153 τοῦ
2325 1098 2564 1154 Ἱωσεδέκ
2585 1118 2599 1130 ’
2641 1101 2756 1171 μεθ’
2800 1101 2860 1154 ὃν
2891 1100 3190 1171 διαδέχεται
3221 1102 3320 1173 τὴν
3361 1103 3626 1175 ἀρχιερω-

2059 1190 2223 1261 σύνην
2268 1189 2640 1254 Ἐλιασοῦϐος·
2683 1191 2873 1245 ἔπειτα
2918 1191 3129 1245 Ἰωδαέ·
3171 1192 3288 1263 μεθ’
3329 1192 3389 1246 ὃν
3443 1194 3624 1248 Ἰωνά-

2057 1283 2189 1336 θαν·
2249 1282 2367 1354 μεθ’
2424 1283 2484 1336 ὃν
2534 1282 2776 1346 Ἰαδδοῦς.
2835 1282 3049 1336 Τούτων
3114 1283 3386 1356 μέμνηται
3445 1288 3539 1339 καὶ
3587 1288 3620 1359 ὴ

2061 1375 2265 1446 Ἔσδρα
2292 1375 2499 1447 γραφὴ,
2525 1375 2757 1444 λέγουσα
2776 1390 2788 1403 ·
2830 1394 2848 1426 ι
2880 1375 2989 1429 Καὶ
3028 1376 3231 1447 Ἰησοῦς
3254 1377 3510 1448 ἐγέννησε
3536 1380 3625 1432 τὸν

2070 1468 2345 1537 Ἰωακεὶμ,
2382 1469 2476 1520 καὶ
2516 1468 2768 1538 Ἰωακεὶμ
2807 1468 3061 1539 ἐγέννησε
3098 1470 3189 1522 τὸν
3239 1470 3499 1535 Ἑλιασὶϐ,
3532 1471 3624 1525 καὶ

2069 1558 2305 1612 Ἐλιασὶϐ
2345 1559 2597 1631 ἐγέννησε
2640 1559 2729 1613 τὸν
2771 1560 2971 1626 Ἰωδαέ,
3003 1564 3097 1617 καὶ
3141 1562 3320 1616 Ἰωδαὲ
3369 1564 3620 1636 ἐγέννησε

2055 1649 2145 1704 τὸν
2187 1650 2457 1715 Ἰωνάθαν,
2494 1653 2588 1705 καὶ
2628 1651 2882 1706 Ἰωνάθαν
2923 1654 3177 1723 ἐγέννησε
3222 1654 3313 1708 τὸν
3347 1654 3561 1708 Ἰαδδοῦ.
3594 1673 3615 1709 ›

1986 1734 2027 1788 Β
2057 1743 2212 1797 Κατά
2249 1743 2436 1797 τοῦτον
2485 1743 2575 1796 τὸν
2633 1743 2827 1798 Ἰαῶοῦ
2879 1747 2906 1798 ό
2950 1744 3214 1799 Μακεδὼν
3283 1746 3621 1819 Ἀλέξανδρος

2068 1834 2470 1905 Ἀλεξάνδρειαν
2506 1835 2698 1899 κτίζει,
2734 1836 2810 1900 ὡς
2854 1835 3112 1907 Ἰώσηπος
3155 1839 3374 1909 ἱστορεῖ,
3428 1839 3619 1906 ἀφικό-

2057 1926 2214 1998 μενός
2263 1945 2323 1980 τε
2365 1930 2444 1991 είς
2481 1928 2549 1982 τὰ
2603 1928 2966 1999 Ἰεροσόλυμα,
3019 1927 3097 1999 τῷ
3143 1928 3262 2001 Θεῷ
3307 1932 3616 2002 προσκυνεῖ.

2052 2020 2291 2092 Τελευτᾷ
2331 2021 2389 2074 δὲ
2420 2022 2510 2075 τὸν
2547 2020 2658 2092 βίον
2703 2020 3048 2092 Ἀλέξανδρος
3078 2022 3137 2073 ἐν
3172 2021 3313 2093 ἀρχῇ
3355 2022 3454 2094 τῆς
3492 2025 3617 2077 ἐκα-

2049 2110 2247 2180 τοστῆς
2290 2111 2384 2164 καὶ
2424 2109 3024 2184 τεσσαρεσκαιδεκάτης
3073 2109 3450 2181 Ὀλυμπιάδος,
3488 2111 3620 2183 μετὰ⁴

2051 2201 2144 2274 ἐτη
2193 2202 2439 2257 διακόσια
2485 2204 2775 2274 τριάκοντα
2827 2204 2891 2257 ἐκ
2942 2202 3146 2275 Κύρου,
3195 2202 3254 2267 ὃς
3308 2203 3619 2258 ἐϐασίλευσε

2052 2292 2277 2364 Περσῶν
2303 2293 2444 2348 κατὰ
2469 2296 2531 2349 τὸ
2565 2296 2777 2367 πρῶτον
2803 2295 2921 2359 ἔτος
2951 2296 3206 2367 πέμπτης
3235 2296 3330 2349 καὶ
3361 2314 3622 2367 πεντηκο-

2053 2386 2184 2457 στῆς
2226 2387 2605 2458 Ὀλυμπιάδος.
2642 2388 2796 2442 Μετὰ
2829 2388 2885 2441 δὲ
2932 2387 3031 2459 τὴν
3073 2387 3330 2459 τελευτὴν
3377 2387 3623 2453 Ἀλεξάν-

2050 2479 2174 2551 δρου
2207 2478 2301 2532 τοῦ
2334 2479 2660 2545 Μακεδόνος,
2723 2481 2814 2534 καὶ
2854 2480 2991 2551 μετὰ
3033 2479 3122 2533 τὸν
3160 2479 3463 2551 δηλωθέντα
3494 2481 3623 2551 ἁρχ-

2055 2571 2223 2642 ιερέα,
2261 2571 2436 2635 Ὀνίας
2471 2574 2682 2642 ἡγεῖται
2705 2571 2797 2625 τοῦ
2829 2571 3031 2636 ἔθνους,
3072 2572 3170 2643 τῆς
3201 2570 3309 2624 τῶν
3327 2571 3622 2642 ἀρχιερέων

2050 2664 2146 2717 καὶ
2189 2663 2350 2727 αὐτὸς
2396 2663 2792 2736 ἐπειλημμένος
2838 2664 3001 2735 τιμῆς
3023 2680 3037 2694 ⁸
3082 2663 3200 2717 καθ’
3238 2662 3298 2716 ὃν
3340 2664 3619 2728 Σέλευκος,

2050 2754 2344 2808 Βαϐυλῶνα
2371 2756 2671 2827 κρατήσας,
2703 2755 2763 2809 τὸ
2788 2756 2887 2824 τῆς
2932 2754 3114 2818 Ἀσίας
3147 2754 3486 2827 περιτίθεται
3510 2755 3623 2809 διὰ-

2049 2847 2197 2919 δημα
2221 2846 2329 2900 ἔτει
2357 2847 2642 2917 δωδεκάτῳ
2666 2845 2801 2916 μετὰ
2825 2846 2924 2917 τὴν
2963 2844 3310 2918 Ἀλεξάνδρου
3342 2845 3620 2918 τελευτὴν,

2052 2938 2172 2993 καθ’
2203 2939 2261 2992 ὃν
2289 2940 2578 3007 συνάγεται
2606 2941 2634 2992 ὁ
2658 2939 2766 3002 πᾶς
2796 2937 2986 3008 χρόνος
3007 2939 3035 2991 6
3063 2937 3171 2991 ἀπὸ
3196 2937 3377 3011 Κύρου
3410 2939 3489 3001 είς
3528 2938 3622 3009 ἐτη

2051 3032 2294 3085 διακόσια
2326 3030 2898 3102 τεσσαρακονταοκτώ.
2950 3031 3228 3085 Ἐντεῦθεν
3277 3029 3374 3102 τὴν
3433 3030 3623 3102 Ἐλλή-

2052 3140 2157 3176 νων
2190 3122 2463 3193 βασιλείαν
2494 3126 2527 3194 ὴ
2551 3122 2656 3176 τῶν
2680 3122 3054 3177 Μακκαϐαίων
3077 3121 3261 3194 γραφὴ
3281 3122 3627 3195 καταριθμεῖ·

2053 3215 2175 3269 σθαι
2205 3215 2449 3287 ἄρχεται.
2494 3215 2647 3269 Μετὰ
2679 3215 2736 3268 δὲ
2769 3216 2859 3269 τὸν
2903 3216 3078 3269 Ὀνίαν
3109 3218 3321 3285 ἡγεῖται
3345 3215 3455 3268 τῶν
3498 3218 3628 3269 Ἰου-

2049 3307 2211 3362 δαίων
2260 3308 2551 3379 ἀρχιερεὺς
2601 3308 2941 3380 Ἐλεάζαρος,
2986 3308 3107 3362 καθ’
3150 3308 3209 3361 ὃν
3255 3309 3304 3361 οί
3358 3308 3622 3379 Ἑϐδομή-

2050 3416 2234 3461 κοντα,
2279 3400 2377 3462 τὰς
2415 3398 2563 3462 θείας
2590 3398 3023 3470 ὲρμηνεύσκντες
3054 3398 3291 3470 Γραφὰς,
3327 3402 3448 3462 ταῖς
3481 3400 3621 3453 κατὰ

2063 3489 2463 3562 Ἀλεξάνδρειαν
2513 3489 2879 3561 βιϐλιοθήκαις
2925 3490 3335 3544 ἀνατεθείκασι’
3397 3491 3517 3562 μεθ’
3567 3490 3625 3544 δν

2048 3581 2235 3652 ἕτερος
2276 3583 2470 3645 Ὀνίας,
2505 3582 2564 3635 ὃν
2597 3582 2899 3652 διαδέχεται
2942 3583 3141 3654 Σίμων,
3174 3582 3295 3638 καθ’
3324 3583 3383 3637 ὃν
3422 3583 3628 3654 Ἰησοῦς

2048 3675 2077 3726 ὁ
2108 3673 2202 3727 τοῦ
2252 3673 2419 3745 Σιρὰχ
2452 3674 2796 3745 ἐγνωρίζετο,
2828 3677 2855 3728 ὁ
2886 3676 2984 3746 τὴν
3013 3675 3353 3748 καλουμένην
3384 3677 3627 3749 πανάρε-

2048 3789 2140 3825 τον
2165 3771 2391 3840 Σοφίαν
2423 3768 2687 3835 συντάξας
2709 3788 2723 3800 ·
2754 3770 2870 3841 μεθ’
2894 3771 2953 3823 ὃν
2985 3771 3171 3842 ἕτερος
3196 3770 3486 3842 ὁμώνυμος
3518 3774 3628 3834 τοῖς

2049 3862 2283 3933 πρόσθεν
2322 3861 2497 3925 Ὀνίας
2522 3864 2753 3932 ἡγεῖται,
2789 3861 2909 3914 καθ’
2933 3862 2992 3915 ὃν
3028 3860 3314 3932 Ἀντίοχος,
3339 3860 3467 3924 τοὺς
3498 3862 3628 3914 Ἰου-

2049 3955 2231 4018 δαίους
2284 3953 2665 4024 πολιορκήσας,
2706 3951 3032 4022 Ἐλληνίζειν
3061 3951 3465 4022 κατηνάγκαζε·
3510 3949 3625 4020 μεθ’

2047 4045 2106 4099 δν
2153 4046 2394 4117 προστὰς
2440 4045 2549 4098 τῶν
2597 4045 2937 4117 πραγμάτων
2980 4045 3198 4107 Ἰούδας,
3234 4044 3274 4105 ,ό
3315 4043 3629 4115 ἐπικληθεὶς

2047 4139 2423 4202 Μακκαϐαῖος,
2454 4137 2749 4208 ἐξεκὰθηρε
2784 4135 2894 4188 τῶν
2926 4136 3138 4189 ἀσεϐῶν
3171 4135 3269 4206 τὴν
3315 4134 3503 4207 χώραν
3525 4151 3540 4166 ’
3569 4136 3628 4189 ὃν

2048 4229 2075 4280 6
2108 4228 2334 4298 ἁδελφὸς
2374 4228 2625 4299 Ἰωνάθης
2647 4226 2984 4296 διαδέχεται·
3020 4227 3112 4280 καὶ
3145 4226 3305 4278 πάλιν
3333 4226 3539 4296 Σίμων,
3565 4220 3626 4279 οῦ

2049 4319 2191 4373 κατὰ
2224 4320 2323 4391 τὴν
2367 4319 2621 4389 τελευτὴν
2673 4318 2899 4388 ἕϐδομον
2943 4319 3038 4371 καὶ
3089 4316 3489 4389 ἑϐδομηκοστὸν
3537 4318 3629 4371 καὶ

368 4407 607 4478 gcsimus
654 4421 819 4476 supra
867 4407 1254 4469 centesimum,
1282 4409 1348 4463 ad
1380 4409 1525 4479 quod
1576 4424 1710 4465 sane
1732 4418 1947 4480 tempus

2052 4411 2335 4466 ἑκατοστὸν
2362 4410 2481 4473 ἔτος
2504 4409 2878 4481 ἐξαριθμεῖται
2904 4410 3003 4480 τῆς
3030 4409 3170 4462 κατὰ
3199 4408 3399 4480 Συρίαν
3430 4410 3625 4481 ἀρχῆς,

369 4499 601 4569 primus,
633 4500 725 4569 qui
760 4497 1189 4554 Machabworum
1220 4507 1448 4555 vocatur
1474 4501 1633 4563 liber,
1661 4502 1945 4557 historiam

369 4588 613 4653 deducit,
675 4604 740 4642 ac
800 4588 1086 4644 deductam
1149 4591 1431 4660 relinquit.
1470 4590 1635 4664 394
1683 4593 1869 4661 Itaque
1915 4608 1945 4646 a

366 4680 548 4748 primo
568 4695 712 4733 anno
735 4678 883 4751 Cyri,
915 4681 1176 4750 regnique
1198 4679 1514 4744 Persarum,
1545 4686 1612 4738 ad
1636 4692 1940 4738 extremum

367 4771 610 4826 historia:
640 4769 1074 4824 Machabzeorum
1116 4770 1298 4834 finem,
1335 4769 1684 4843 Simonisque
1723 4775 1942 4844 pontifi-

368 4859 449 4914 cis
491 4866 756 4922 mortem,
806 4859 936 4913 anni
962 4860 1296 4929 colliguntur
1327 4862 1712 4933 quadringenti
1744 4863 1939 4935 viginti

367 4951 630 5021 quinque.
662 4950 900 5006 Posthac
949 4966 1082 5007 vero
1121 4936 1410 5018 Jonathas,
1438 4962 1498 5009 ut
1543 4956 1734 5011 scribit
1781 4955 1940 5013 Jose-

369 5044 532 5112 phus,
559 5043 934 5113 pontificatum
973 5050 1263 5114 exceptum
1295 5061 1391 5115 per
1420 5061 1595 5103 annos
1624 5047 1815 5116 viginti
1842 5065 1942 5103 no-

367 5149 489 5190 rem
524 5135 889 5190 administrat.
914 5133 1070 5190 Hunc
1089 5149 1310 5194 secutus
1339 5137 1706 5206 Aristobulus,
1733 5155 1939 5196 annum

370 5243 540 5283 unum
566 5235 783 5298 praeest.
816 5227 915 5284 Hic
948 5230 1162 5300 primus
1193 5237 1317 5300 post
1340 5231 1576 5286 reditum
1608 5231 1676 5287 de
1708 5231 1941 5304 Babylo-

369 5333 447 5374 ne
469 5318 537 5373 ad
575 5319 906 5390 pontiﬁciam
953 5320 1275 5391 dignitatem
1319 5322 1554 5391 amplius
1587 5322 1797 5394 regium
1821 5324 1940 5377 dia-

370 5409 527 5467 dema
558 5412 802 5467 additum
826 5412 931 5467 sibi
972 5412 1252 5484 imposuit.
1289 5411 1430 5468 Huic
1469 5415 1715 5470 succedit
1740 5424 1795 5471 et
1841 5432 1937 5472 rex

371 5499 514 5556 idem
557 5510 611 5558 et
650 5502 896 5571 pontifex
948 5503 1255 5562 Alexander
1284 5545 1301 5572 ,
1355 5507 1450 5577 qui
1498 5514 1555 5563 et
1600 5508 1719 5578 ipse
1759 5523 1936 5564 annos

452 5670 500 5702 ⁸³
532 5673 576 5726 ΙΙ
609 5676 770 5735 Esdr.
801 5696 901 5750 xu,
932 5682 1019 5751 10,
1051 5685 1137 5750 ii.

2048 4507 2083 4577 ἥ
2110 4521 2170 4557 τε
2196 4501 2385 4575 πρώτη
2413 4502 2717 4572 καλουμένη
2752 4501 2860 4554 τῶν
2895 4496 3293 4555 Μακκαϐαἶων
3326 4499 3510 4569 βίϐλος
3548 4503 3629 4563 είς

2046 4595 2204 4650 τοῦτο
2231 4595 2325 4648 τοῦ
2357 4594 2548 4666 χρόνου
2581 4594 2846 4647 κατέλυσε
2878 4591 2977 4663 τὴν
3007 4593 3265 4664 ἱστορίαν.
3305 4592 3470 4646 Ὥστε
3499 4609 3625 4645 συν-

2048 4686 2275 4757 άγεσθαι
2299 4687 2407 4740 ἀπὸ
2446 4685 2658 4757 πρώτου
2689 4686 2840 4749 ἔτους
2870 4686 3055 4757 Κύρου
3080 4686 3172 4738 καὶ
3212 4683 3438 4756 Περσῶν
3468 4683 3625 4754 βασι-

2048 4780 2194 4843 λείας
2222 4780 2314 4832 ἐπὶ
2338 4779 2398 4832 τὸ
2421 4778 2570 4841 τέλος
2599 4778 2698 4849 τῆς
2728 4778 2838 4831 τῶν
2862 4776 3236 4831 Μακκαϐαίων
3261 4776 3504 4847 γραφῆς,
3533 4776 3627 4830 καὶ

2047 4870 2139 4922 ἐπὶ
2158 4869 2257 4941 τὴν
2286 4869 2527 4940 Σίμωνος
2557 4865 2653 4920 τοῦ
2678 4866 2976 4938 ἀρχιερέως
3005 4864 3277 4935 τελευτὴν,
3302 4863 3398 4935 ἐτη
3432 4880 3628 4935 τετρα-

2044 4962 2201 5016 κόσια
2243 4961 2578 5015 εἰκοσιπέντε
2600 4976 2614 4990 ο
2647 4960 2762 5031 μεθ’
2791 4958 2828 5013 ἃ
2862 4956 3118 5029 Ἰωνάθης
3149 4958 3246 5028 τὴν
3279 4955 3623 5026 ἀρχιερωσύ-

2045 5074 2164 5128 νην,
2188 5055 2264 5119 ὼς
2284 5055 2313 5106 6
2346 5052 2605 5124 Ἰώσηπός
2633 5068 2785 5122 φησι,
2818 5050 3116 5120 διαδέχεται
3139 5049 3231 5101 ἐπὶ
3257 5047 3432 5101 ἐτεσιν
3464 5049 3621 5102 ἐννέα

2046 5148 2141 5201 καὶ
2165 5146 2338 5200 εἴκοσι
2362 5162 2375 5176 ·
2413 5143 2530 5216 μεθ’
2563 5144 2620 5197 δν
2657 5142 3060 5214 Ἀριστόϐουλος
3100 5139 3344 5196 ἐνιαυτὸν
3382 5142 3617 5211 ἡγεῖται,

2045 5239 2105 5302 ὃς
2136 5237 2350 5310 πρῶτος
2396 5234 2534 5308 μετὰ
2569 5235 2666 5307 τὴν
2704 5235 2813 5288 ἀπὸ
2854 5233 3171 5297 Βαϐυλῶνος
3211 5231 3470 5286 ἐπάνοδον
3504 5231 3618 5287 διά-

2045 5331 2191 5400 δημα
2238 5328 2514 5400 βασιλικὸν
2558 5327 2895 5399 περιτίθεται
2940 5326 3077 5398 πρὸς
3117 5328 3183 5396 τῇ
3214 5324 3611 5398 ἀρχιερωσύνη.

2043 5419 2243 5474 Τοῦτον
2290 5419 2591 5490 διαδέχεται
2635 5418 3000 5489 Ἀλέξανδρος,
3053 5417 3302 5488 βασιλεὺς
3357 5417 3475 5489 ἅμα
3524 5415 3616 5469 καὶ

2043 5508 2350 5580 ἀρχιερεὺς,
2385 5508 2528 5561 ἔτεσι
2558 5508 2652 5561 καὶ
2691 5507 2850 5571 αὐτὸς
2884 5508 3024 5563 ἑπτὰ
3054 5507 3147 5562 καὶ
3169 5505 3344 5571 εἴκοσι
3372 5504 3617 5578 προστὰς
