  <div class='ocr_page' id='page_1' title='image "/cluster/home/n/w/nwhite01/storage/ocr_20150623/22/mdp.39015078384388/326.png"; bbox 0 0 3908 6266; ppageno 0'>
   <div class='ocr_carea' id='block_1_1' title="bbox 201 370 302 426">
    <p class='ocr_par' dir='ltr' id='par_1_1' title="bbox 201 370 302 426">
     <span class='ocr_line' id='line_1_1' title="bbox 201 370 302 426; baseline 0 -1"><span class='ocrx_word' id='word_1_1' title='bbox 201 370 302 426; x_wconf 74' lang='grc'><strong>617</strong></span> 
     </span>
    </p>
   </div>
   <div class='ocr_carea' id='block_1_2' title="bbox 1075 351 2556 432">
    <p class='ocr_par' dir='ltr' id='par_1_2' title="bbox 1075 351 2556 432">
     <span class='ocr_line' id='line_1_2' title="bbox 1075 351 2556 432; baseline 0.001 -6"><span class='ocrx_word' id='word_1_2' title='bbox 1075 351 1726 430; x_wconf 65' lang='lat' dir='ltr'><strong>neueasinartoms</strong></span> <span class='ocrx_word' id='word_1_3' title='bbox 1764 372 2217 431; x_wconf 64' lang='lat' dir='ltr'><strong>svaacsucaz</strong></span> <span class='ocrx_word' id='word_1_4' title='bbox 2257 374 2384 432; x_wconf 81' lang='lat' dir='ltr'><strong>Lm.</strong></span> <span class='ocrx_word' id='word_1_5' title='bbox 2420 373 2556 431; x_wconf 83' lang='lat' dir='ltr'><strong>vm.</strong></span> 
     </span>
    </p>
   </div>
   <div class='ocr_carea' id='block_1_3' title="bbox 3324 379 3426 434">
    <p class='ocr_par' dir='ltr' id='par_1_3' title="bbox 3324 379 3426 434">
     <span class='ocr_line' id='line_1_3' title="bbox 3324 379 3426 434; baseline 0 -1"><span class='ocrx_word' id='word_1_6' title='bbox 3324 379 3426 434; x_wconf 76' lang='grc'><strong>618</strong></span> 
     </span>
    </p>
   </div>
   <div class='ocr_carea' id='block_1_4' title="bbox 198 484 1773 567">
    <p class='ocr_par' dir='ltr' id='par_1_4' title="bbox 198 484 1769 558">
     <span class='ocr_line' id='line_1_4' title="bbox 198 484 1769 558; baseline 0.001 -19"><span class='ocrx_word' id='word_1_7' title='bbox 198 484 306 539; x_wconf 81' lang='grc' dir='ltr'>τῶν</span> <span class='ocrx_word' id='word_1_8' title='bbox 353 486 720 558; x_wconf 86' lang='grc' dir='ltr'>πραγμάτων·</span> <span class='ocrx_word' id='word_1_9' title='bbox 763 485 843 548; x_wconf 87' lang='grc' dir='ltr'><strong>είς</strong></span> <span class='ocrx_word' id='word_1_10' title='bbox 889 485 947 540; x_wconf 85' lang='grc' dir='ltr'>ὃν</span> <span class='ocrx_word' id='word_1_11' title='bbox 991 488 1279 557; x_wconf 79' lang='grc' dir='ltr'><strong>συνάγεται</strong></span> <span class='ocrx_word' id='word_1_12' title='bbox 1324 487 1393 543; x_wconf 75' lang='grc' dir='ltr'>τὰ</span> <span class='ocrx_word' id='word_1_13' title='bbox 1440 489 1616 543; x_wconf 84' lang='grc' dir='ltr'>πάντα</span> <span class='ocrx_word' id='word_1_14' title='bbox 1661 487 1769 543; x_wconf 76' lang='grc' dir='ltr'><strong>άπὸ</strong></span> 
     </span>
    </p>
   </div>
   <div class='ocr_carea' id='block_1_5' title="bbox 1859 484 3428 567">
    <p class='ocr_par' dir='ltr' id='par_1_5' title="bbox 1870 488 3428 567">
     <span class='ocr_line' id='line_1_5' title="bbox 1870 488 3428 567; baseline 0.003 -21"><span class='ocrx_word' id='word_1_15' title='bbox 1870 500 2072 560; x_wconf 79' lang='lat' dir='ltr'><strong>septem</strong></span> <span class='ocrx_word' id='word_1_16' title='bbox 2098 498 2152 545; x_wconf 91' lang='lat' dir='ltr'><strong>et</strong></span> <span class='ocrx_word' id='word_1_17' title='bbox 2168 488 2358 562; x_wconf 85' lang='lat' dir='ltr'><strong>viginti</strong></span> <span class='ocrx_word' id='word_1_18' title='bbox 2379 490 2539 567; x_wconf 87' lang='lat' dir='ltr'><strong>rebus</strong></span> <span class='ocrx_word' id='word_1_19' title='bbox 2567 488 2877 545; x_wconf 65' lang='lat' dir='ltr'><strong>Iudaeorum</strong></span> <span class='ocrx_word' id='word_1_20' title='bbox 2911 497 3124 562; x_wconf 66' lang='lat' dir='ltr'><strong>praeest.</strong></span> <span class='ocrx_word' id='word_1_21' title='bbox 3156 490 3236 547; x_wconf 87' lang='lat' dir='ltr'><strong>Ad</strong></span> <span class='ocrx_word' id='word_1_22' title='bbox 3267 493 3428 561; x_wconf 83' lang='lat' dir='ltr'><strong>cujus</strong></span> 
     </span>
    </p>
   </div>
   <div class='ocr_carea' id='block_1_6' title="bbox 198 577 1767 652">
    <p class='ocr_par' dir='ltr' id='par_1_6' title="bbox 198 577 1767 652">
     <span class='ocr_line' id='line_1_6' title="bbox 198 577 1767 652; baseline 0.001 -20"><span class='ocrx_word' id='word_1_23' title='bbox 198 577 420 650; x_wconf 85' lang='grc' dir='ltr'>πρώτου</span> <span class='ocrx_word' id='word_1_24' title='bbox 449 577 601 641; x_wconf 80' lang='grc' dir='ltr'><strong>ἔτους</strong></span> <span class='ocrx_word' id='word_1_25' title='bbox 622 577 896 647; x_wconf 79' lang='grc' dir='ltr'><strong>βασιλείας</strong></span> <span class='ocrx_word' id='word_1_26' title='bbox 929 580 1109 651; x_wconf 83' lang='grc' dir='ltr'>Κύρου</span> <span class='ocrx_word' id='word_1_27' title='bbox 1140 582 1231 635; x_wconf 73' lang='grc' dir='ltr'><strong>καὶ</strong></span> <span class='ocrx_word' id='word_1_28' title='bbox 1255 581 1354 652; x_wconf 88' lang='grc' dir='ltr'><strong>τῆς</strong></span> <span class='ocrx_word' id='word_1_29' title='bbox 1377 582 1484 634; x_wconf 82' lang='grc' dir='ltr'><strong>ἀπὸ</strong></span> <span class='ocrx_word' id='word_1_30' title='bbox 1516 580 1767 635; x_wconf 84' lang='grc' dir='ltr'>Βαϐυλῶ-</span> 
     </span>
    </p>
   </div>
   <div class='ocr_carea' id='block_1_7' title="bbox 197 669 1765 745">
    <p class='ocr_par' dir='ltr' id='par_1_7' title="bbox 197 669 1765 745">
     <span class='ocr_line' id='line_1_7' title="bbox 197 669 1765 745; baseline 0.001 -22"><span class='ocrx_word' id='word_1_31' title='bbox 197 686 283 731; x_wconf 86' lang='grc' dir='ltr'><strong>νος</strong></span> <span class='ocrx_word' id='word_1_32' title='bbox 330 670 593 724; x_wconf 77' lang='grc' dir='ltr'><strong>ἐπανόδου</strong></span> <span class='ocrx_word' id='word_1_33' title='bbox 637 669 732 724; x_wconf 89' lang='grc' dir='ltr'><strong>τοῦ</strong></span> <span class='ocrx_word' id='word_1_34' title='bbox 780 671 1047 725; x_wconf 81' lang='grc' dir='ltr'><strong>Ἰουδαίων</strong></span> <span class='ocrx_word' id='word_1_35' title='bbox 1086 672 1270 736; x_wconf 81' lang='grc' dir='ltr'>ἔθνους</span> <span class='ocrx_word' id='word_1_36' title='bbox 1316 672 1408 745; x_wconf 81' lang='grc' dir='ltr'><strong>ἔτη</strong></span> <span class='ocrx_word' id='word_1_37' title='bbox 1442 672 1765 743; x_wconf 84' lang='grc' dir='ltr'>τετρακόσια</span> 
     </span>
    </p>
   </div>
   <div class='ocr_carea' id='block_1_8' title="bbox 195 756 1766 836">
    <p class='ocr_par' dir='ltr' id='par_1_8' title="bbox 195 756 1766 836">
     <span class='ocr_line' id='line_1_8' title="bbox 195 756 1766 836; baseline 0.003 -23"><span class='ocrx_word' id='word_1_38' title='bbox 195 761 635 830; x_wconf 84' lang='grc' dir='ltr'>ὀγδοηκονταδύο,</span> <span class='ocrx_word' id='word_1_39' title='bbox 676 756 735 817; x_wconf 77' lang='grc' dir='ltr'>οὗ</span> <span class='ocrx_word' id='word_1_40' title='bbox 780 762 1119 833; x_wconf 82' lang='grc' dir='ltr'>προέστησαν</span> <span class='ocrx_word' id='word_1_41' title='bbox 1151 763 1443 836; x_wconf 85' lang='grc' dir='ltr'>ἀρχιερεῖς,</span> <span class='ocrx_word' id='word_1_42' title='bbox 1476 763 1570 827; x_wconf 75' lang='grc' dir='ltr'><strong>οὓς</strong></span> <span class='ocrx_word' id='word_1_43' title='bbox 1600 763 1766 835; x_wconf 81' lang='grc' dir='ltr'>ἡγοῦ-</span> 
     </span>
    </p>
   </div>
   <div class='ocr_carea' id='block_1_9' title="bbox 198 851 1767 928">
    <p class='ocr_par' dir='ltr' id='par_1_9' title="bbox 198 851 1767 928">
     <span class='ocr_line' id='line_1_9' title="bbox 198 851 1767 928; baseline 0.003 -24"><span class='ocrx_word' id='word_1_44' title='bbox 198 869 293 923; x_wconf 83' lang='grc' dir='ltr'><strong>μαι</strong></span> <span class='ocrx_word' id='word_1_45' title='bbox 322 851 557 924; x_wconf 73' lang='grc' dir='ltr'>Χριστὸν</span> <span class='ocrx_word' id='word_1_46' title='bbox 581 853 877 925; x_wconf 77' lang='grc' dir='ltr'>ἡγούμενον</span> <span class='ocrx_word' id='word_1_47' title='bbox 907 854 1011 908; x_wconf 81' lang='grc' dir='ltr'><strong>ὑπὸ</strong></span> <span class='ocrx_word' id='word_1_48' title='bbox 1034 855 1132 926; x_wconf 89' lang='grc' dir='ltr'><strong>τῆς</strong></span> <span class='ocrx_word' id='word_1_49' title='bbox 1158 855 1488 927; x_wconf 79' lang='grc' dir='ltr'>προφητείας</span> <span class='ocrx_word' id='word_1_50' title='bbox 1508 854 1767 928; x_wconf 75' lang='grc' dir='ltr'>ὀνομάζε-</span> 
     </span>
    </p>
   </div>
   <div class='ocr_carea' id='block_1_10' title="bbox 197 943 1764 1015">
    <p class='ocr_par' dir='ltr' id='par_1_10' title="bbox 197 943 1764 1015">
     <span class='ocr_line' id='line_1_10' title="bbox 197 943 1764 1015; baseline 0.004 -19"><span class='ocrx_word' id='word_1_51' title='bbox 197 944 353 997; x_wconf 83' lang='grc' dir='ltr'>σθαι·</span> <span class='ocrx_word' id='word_1_52' title='bbox 398 943 522 1015; x_wconf 83' lang='grc' dir='ltr'>μεθ’</span> <span class='ocrx_word' id='word_1_53' title='bbox 566 943 678 1010; x_wconf 90' lang='grc' dir='ltr'>οὒς,</span> <span class='ocrx_word' id='word_1_54' title='bbox 712 945 1129 1015; x_wconf 85' lang='grc' dir='ltr'>τελευτήσαντος</span> <span class='ocrx_word' id='word_1_55' title='bbox 1172 946 1267 1001; x_wconf 91' lang='grc' dir='ltr'><strong>τοῦ</strong></span> <span class='ocrx_word' id='word_1_56' title='bbox 1310 948 1538 1001; x_wconf 80' lang='grc' dir='ltr'>ὑστάτου</span> <span class='ocrx_word' id='word_1_57' title='bbox 1585 948 1764 1004; x_wconf 84' lang='grc' dir='ltr'>αὐτῶν</span> 
     </span>
    </p>
   </div>
   <div class='ocr_carea' id='block_1_11' title="bbox 195 1034 1764 1112">
    <p class='ocr_par' dir='ltr' id='par_1_11' title="bbox 195 1034 1764 1112">
     <span class='ocr_line' id='line_1_11' title="bbox 195 1034 1764 1112; baseline 0.004 -26"><span class='ocrx_word' id='word_1_58' title='bbox 195 1034 497 1106; x_wconf 79' lang='grc' dir='ltr'>ἀρχιερέως</span> <span class='ocrx_word' id='word_1_59' title='bbox 554 1036 920 1108; x_wconf 76' lang='grc' dir='ltr'>Ἀλεξάνδρου,</span> <span class='ocrx_word' id='word_1_60' title='bbox 967 1037 1176 1110; x_wconf 83' lang='grc' dir='ltr'>ἀναρχα</span> <span class='ocrx_word' id='word_1_61' title='bbox 1230 1040 1323 1092; x_wconf 75' lang='grc' dir='ltr'><strong>καὶ</strong></span> <span class='ocrx_word' id='word_1_62' title='bbox 1380 1039 1764 1112; x_wconf 87' lang='grc' dir='ltr'>ἀπροστάτητα</span> 
     </span>
    </p>
   </div>
   <div class='ocr_carea' id='block_1_12' title="bbox 195 1125 1765 1201">
    <p class='ocr_par' dir='ltr' id='par_1_12' title="bbox 195 1125 1765 1201">
     <span class='ocr_line' id='line_1_12' title="bbox 195 1125 1765 1201; baseline 0.004 -22"><span class='ocrx_word' id='word_1_63' title='bbox 195 1125 257 1179; x_wconf 83' lang='grc' dir='ltr'><strong>τά</strong></span> <span class='ocrx_word' id='word_1_64' title='bbox 284 1126 384 1181; x_wconf 87' lang='grc' dir='ltr'><strong>τοῦ</strong></span> <span class='ocrx_word' id='word_1_65' title='bbox 422 1126 692 1181; x_wconf 84' lang='grc' dir='ltr'>Ἰουδαίων</span> <span class='ocrx_word' id='word_1_66' title='bbox 728 1127 912 1192; x_wconf 77' lang='grc' dir='ltr'>ἔθνους</span> <span class='ocrx_word' id='word_1_67' title='bbox 952 1129 1324 1197; x_wconf 86' lang='grc' dir='ltr'>ἀπολείπεται,</span> <span class='ocrx_word' id='word_1_68' title='bbox 1363 1130 1503 1184; x_wconf 79' lang='grc' dir='ltr'>ὥστε</span> <span class='ocrx_word' id='word_1_69' title='bbox 1543 1134 1622 1195; x_wconf 86' lang='grc' dir='ltr'><strong>είς</strong></span> <span class='ocrx_word' id='word_1_70' title='bbox 1668 1149 1765 1201; x_wconf 88' lang='grc' dir='ltr'>γυ-</span> 
     </span>
    </p>
   </div>
   <div class='ocr_carea' id='block_1_13' title="bbox 194 1218 1765 1291">
    <p class='ocr_par' dir='ltr' id='par_1_13' title="bbox 194 1218 1765 1291">
     <span class='ocr_line' id='line_1_13' title="bbox 194 1218 1765 1291; baseline 0.008 -23"><span class='ocrx_word' id='word_1_71' title='bbox 194 1219 355 1270; x_wconf 80' lang='grc' dir='ltr'>ναῖκα</span> <span class='ocrx_word' id='word_1_72' title='bbox 392 1218 714 1289; x_wconf 71' lang='grc' dir='ltr'>περιστῆναι</span> <span class='ocrx_word' id='word_1_73' title='bbox 744 1220 844 1291; x_wconf 80' lang='grc' dir='ltr'><strong>τὴν</strong></span> <span class='ocrx_word' id='word_1_74' title='bbox 873 1220 1146 1291; x_wconf 89' lang='grc' dir='ltr'>βασιλείαν</span> <span class='ocrx_word' id='word_1_75' title='bbox 1181 1223 1376 1277; x_wconf 83' lang='grc' dir='ltr'>αὑτῶν.</span> <span class='ocrx_word' id='word_1_76' title='bbox 1418 1224 1538 1278; x_wconf 85' lang='grc' dir='ltr'>Τῶν</span> <span class='ocrx_word' id='word_1_77' title='bbox 1581 1225 1638 1279; x_wconf 87' lang='grc' dir='ltr'><strong>δέ</strong></span> <span class='ocrx_word' id='word_1_78' title='bbox 1672 1225 1765 1281; x_wconf 89' lang='grc' dir='ltr'><strong>δύο</strong></span> 
     </span>
    </p>
   </div>
   <div class='ocr_carea' id='block_1_14' title="bbox 195 1306 1762 1383">
    <p class='ocr_par' dir='ltr' id='par_1_14' title="bbox 195 1306 1762 1383">
     <span class='ocr_line' id='line_1_14' title="bbox 195 1306 1762 1383; baseline 0.008 -25"><span class='ocrx_word' id='word_1_79' title='bbox 195 1306 422 1370; x_wconf 80' lang='grc' dir='ltr'>παίδων,</span> <span class='ocrx_word' id='word_1_80' title='bbox 459 1307 866 1380; x_wconf 84' lang='grc' dir='ltr'>Ἀριστοϐούλου</span> <span class='ocrx_word' id='word_1_81' title='bbox 905 1312 999 1363; x_wconf 73' lang='grc' dir='ltr'>καὶ</span> <span class='ocrx_word' id='word_1_82' title='bbox 1039 1311 1325 1383; x_wconf 79' lang='grc' dir='ltr'>Ὑρκανοῦ,</span> <span class='ocrx_word' id='word_1_83' title='bbox 1362 1316 1762 1370; x_wconf 78' lang='grc' dir='ltr'>στασιασάντων</span> 
     </span>
    </p>
   </div>
   <div class='ocr_carea' id='block_1_15' title="bbox 195 1396 1759 1478">
    <p class='ocr_par' dir='ltr' id='par_1_15' title="bbox 195 1396 1759 1478">
     <span class='ocr_line' id='line_1_15' title="bbox 195 1396 1759 1478; baseline 0.006 -28"><span class='ocrx_word' id='word_1_84' title='bbox 195 1396 332 1469; x_wconf 74' lang='grc' dir='ltr'>πρὸς</span> <span class='ocrx_word' id='word_1_85' title='bbox 357 1398 640 1470; x_wconf 88' lang='grc' dir='ltr'>ἀλλήλους,</span> <span class='ocrx_word' id='word_1_86' title='bbox 663 1399 889 1465; x_wconf 79' lang='grc' dir='ltr'>ἐπιστὰς</span> <span class='ocrx_word' id='word_1_87' title='bbox 908 1403 1019 1464; x_wconf 87' lang='grc' dir='ltr'>τοῖς</span> <span class='ocrx_word' id='word_1_88' title='bbox 1053 1402 1310 1474; x_wconf 85' lang='grc' dir='ltr'>Ἱεροσολύ</span> <span class='ocrx_word' id='word_1_89' title='bbox 1319 1422 1438 1475; x_wconf 83' lang='grc' dir='ltr'>μοις</span> <span class='ocrx_word' id='word_1_90' title='bbox 1461 1406 1759 1478; x_wconf 84' lang='grc' dir='ltr'>Πομπήϊος,</span> 
     </span>
    </p>
   </div>
   <div class='ocr_carea' id='block_1_16' title="bbox 204 1490 1762 1569">
    <p class='ocr_par' dir='ltr' id='par_1_16' title="bbox 204 1490 1762 1569">
     <span class='ocr_line' id='line_1_16' title="bbox 204 1490 1762 1569; baseline 0.005 -27"><span class='ocrx_word' id='word_1_91' title='bbox 204 1490 493 1561; x_wconf 89' lang='grc' dir='ltr'>Ῥωμαίων</span> <span class='ocrx_word' id='word_1_92' title='bbox 528 1492 830 1562; x_wconf 81' lang='grc' dir='ltr'>στρατηγὸς</span> <span class='ocrx_word' id='word_1_93' title='bbox 857 1490 953 1555; x_wconf 84' lang='grc' dir='ltr'>ὣν,</span> <span class='ocrx_word' id='word_1_94' title='bbox 1000 1494 1147 1565; x_wconf 86' lang='grc' dir='ltr'>αίρεί</span> <span class='ocrx_word' id='word_1_95' title='bbox 1196 1494 1294 1565; x_wconf 88' lang='grc' dir='ltr'>μὲν</span> <span class='ocrx_word' id='word_1_96' title='bbox 1340 1494 1621 1568; x_wconf 80' lang='grc' dir='ltr'>πολιορκίᾳ</span> <span class='ocrx_word' id='word_1_97' title='bbox 1663 1498 1762 1569; x_wconf 88' lang='grc' dir='ltr'>τὴν</span> 
     </span>
    </p>
   </div>
   <div class='ocr_carea' id='block_1_17' title="bbox 194 1582 1760 1658">
    <p class='ocr_par' dir='ltr' id='par_1_17' title="bbox 194 1582 1760 1658">
     <span class='ocr_line' id='line_1_17' title="bbox 194 1582 1760 1658; baseline 0.005 -23"><span class='ocrx_word' id='word_1_98' title='bbox 194 1582 367 1649; x_wconf 82' lang='grc' dir='ltr'>πόλιν,</span> <span class='ocrx_word' id='word_1_99' title='bbox 407 1584 607 1654; x_wconf 76' lang='grc' dir='ltr'>μιαίνει</span> <span class='ocrx_word' id='word_1_100' title='bbox 626 1601 687 1637; x_wconf 88' lang='grc' dir='ltr'><strong>τε</strong></span> <span class='ocrx_word' id='word_1_101' title='bbox 706 1584 778 1638; x_wconf 81' lang='grc' dir='ltr'><strong>τά</strong></span> <span class='ocrx_word' id='word_1_102' title='bbox 811 1585 961 1655; x_wconf 83' lang='grc' dir='ltr'>ἆγια,</span> <span class='ocrx_word' id='word_1_103' title='bbox 991 1588 1152 1658; x_wconf 83' lang='grc' dir='ltr'>μέχρι</span> <span class='ocrx_word' id='word_1_104' title='bbox 1183 1587 1291 1642; x_wconf 86' lang='grc' dir='ltr'><strong>τῷν</strong></span> <span class='ocrx_word' id='word_1_105' title='bbox 1318 1586 1524 1643; x_wconf 84' lang='grc' dir='ltr'>ἀδύτων</span> <span class='ocrx_word' id='word_1_106' title='bbox 1543 1589 1650 1643; x_wconf 84' lang='grc' dir='ltr'><strong>τῶν</strong></span> <span class='ocrx_word' id='word_1_107' title='bbox 1684 1592 1760 1643; x_wconf 84' lang='grc' dir='ltr'><strong>ἰε-</strong></span> 
     </span>
    </p>
   </div>
   <div class='ocr_carea' id='block_1_18' title="bbox 196 1673 1761 1753">
    <p class='ocr_par' dir='ltr' id='par_1_18' title="bbox 196 1673 1761 1753">
     <span class='ocr_line' id='line_1_18' title="bbox 196 1673 1761 1753; baseline 0.009 -30"><span class='ocrx_word' id='word_1_108' title='bbox 196 1673 288 1746; x_wconf 78' lang='grc' dir='ltr'>ρηῦ</span> <span class='ocrx_word' id='word_1_109' title='bbox 325 1673 622 1744; x_wconf 85' lang='grc' dir='ltr'>προελθών.</span> <span class='ocrx_word' id='word_1_110' title='bbox 668 1676 777 1729; x_wconf 81' lang='grc' dir='ltr'>Καὶ</span> <span class='ocrx_word' id='word_1_111' title='bbox 816 1676 984 1730; x_wconf 89' lang='grc' dir='ltr'>ταῦτα</span> <span class='ocrx_word' id='word_1_112' title='bbox 1029 1678 1312 1749; x_wconf 88' lang='grc' dir='ltr'>συμϐαίνει</span> <span class='ocrx_word' id='word_1_113' title='bbox 1356 1679 1508 1745; x_wconf 77' lang='grc' dir='ltr'>ἔτους</span> <span class='ocrx_word' id='word_1_114' title='bbox 1545 1681 1761 1753; x_wconf 85' lang='grc' dir='ltr'>πρώτου</span> 
     </span>
    </p>
   </div>
   <div class='ocr_carea' id='block_1_19' title="bbox 191 1767 1757 1845">
    <p class='ocr_par' dir='ltr' id='par_1_19' title="bbox 191 1767 1757 1845">
     <span class='ocr_line' id='line_1_19' title="bbox 191 1767 1757 1845; baseline 0.007 -28"><span class='ocrx_word' id='word_1_115' title='bbox 191 1767 286 1839; x_wconf 83' lang='grc' dir='ltr'><strong>τῆς</strong></span> <span class='ocrx_word' id='word_1_116' title='bbox 332 1767 635 1837; x_wconf 79' lang='grc' dir='ltr'>ἑκατοστῆς</span> <span class='ocrx_word' id='word_1_117' title='bbox 674 1767 1080 1841; x_wconf 83' lang='grc' dir='ltr'>ἑϐδομηκοστῆς</span> <span class='ocrx_word' id='word_1_118' title='bbox 1117 1771 1344 1843; x_wconf 83' lang='grc' dir='ltr'>ἐννάτης</span> <span class='ocrx_word' id='word_1_119' title='bbox 1380 1771 1757 1845; x_wconf 79' lang='grc' dir='ltr'>Ὀλυμπιάδος,</span> 
     </span>
    </p>
   </div>
   <div class='ocr_carea' id='block_1_20' title="bbox 195 1845 1834 1940">
    <p class='ocr_par' dir='ltr' id='par_1_20' title="bbox 195 1845 1834 1940">
     <span class='ocr_line' id='line_1_20' title="bbox 195 1845 1834 1940; baseline 0.007 -30"><span class='ocrx_word' id='word_1_120' title='bbox 195 1857 330 1928; x_wconf 86' lang='grc' dir='ltr'><strong>μετά</strong></span> <span class='ocrx_word' id='word_1_121' title='bbox 371 1859 700 1931; x_wconf 86' lang='grc' dir='ltr'>τετρακόσια</span> <span class='ocrx_word' id='word_1_122' title='bbox 728 1861 1079 1933; x_wconf 78' lang='grc' dir='ltr'>ἐννενήκοντα</span> <span class='ocrx_word' id='word_1_123' title='bbox 1119 1864 1280 1917; x_wconf 89' lang='grc' dir='ltr'>πέντε</span> <span class='ocrx_word' id='word_1_124' title='bbox 1313 1864 1407 1937; x_wconf 80' lang='grc' dir='ltr'><strong>ἐτη</strong></span> <span class='ocrx_word' id='word_1_125' title='bbox 1441 1867 1539 1937; x_wconf 86' lang='grc' dir='ltr'><strong>τῆς</strong></span> <span class='ocrx_word' id='word_1_126' title='bbox 1578 1866 1760 1940; x_wconf 82' lang='grc' dir='ltr'>Κύρου</span> <span class='ocrx_word' id='word_1_127' title='bbox 1794 1845 1834 1899; x_wconf 75' lang='grc' dir='ltr'><strong><em>Β</em></strong></span> 
     </span>
    </p>
   </div>
   <div class='ocr_carea' id='block_1_21' title="bbox 192 1948 1763 2031">
    <p class='ocr_par' dir='ltr' id='par_1_21' title="bbox 192 1948 1763 2031">
     <span class='ocr_line' id='line_1_21' title="bbox 192 1948 1763 2031; baseline 0.008 -30"><span class='ocrx_word' id='word_1_128' title='bbox 192 1948 487 2019; x_wconf 79' lang='grc' dir='ltr'>βασιλείας,</span> <span class='ocrx_word' id='word_1_129' title='bbox 520 1952 641 2023; x_wconf 81' lang='grc' dir='ltr'>ήτις</span> <span class='ocrx_word' id='word_1_130' title='bbox 687 1950 891 2024; x_wconf 75' lang='grc' dir='ltr'>ἤρξατο</span> <span class='ocrx_word' id='word_1_131' title='bbox 928 1956 1022 2009; x_wconf 77' lang='grc' dir='ltr'>ἐπὶ</span> <span class='ocrx_word' id='word_1_132' title='bbox 1066 1954 1167 2025; x_wconf 86' lang='grc' dir='ltr'><strong>τῆς</strong></span> <span class='ocrx_word' id='word_1_133' title='bbox 1211 1960 1579 2031; x_wconf 77' lang='grc' dir='ltr'>πεντηκοστῆς</span> <span class='ocrx_word' id='word_1_134' title='bbox 1624 1959 1763 2031; x_wconf 88' lang='grc' dir='ltr'>πέμ-</span> 
     </span>
    </p>
   </div>
   <div class='ocr_carea' id='block_1_22' title="bbox 192 2044 1762 2124">
    <p class='ocr_par' dir='ltr' id='par_1_22' title="bbox 192 2044 1762 2124">
     <span class='ocr_line' id='line_1_22' title="bbox 192 2044 1762 2124; baseline 0.006 -28"><span class='ocrx_word' id='word_1_135' title='bbox 192 2059 332 2114; x_wconf 79' lang='grc' dir='ltr'>πτης</span> <span class='ocrx_word' id='word_1_136' title='bbox 377 2044 756 2115; x_wconf 84' lang='grc' dir='ltr'>Ὀλυμπιάδος.</span> <span class='ocrx_word' id='word_1_137' title='bbox 806 2046 940 2101; x_wconf 85' lang='grc' dir='ltr'>Τότε</span> <span class='ocrx_word' id='word_1_138' title='bbox 988 2048 1032 2101; x_wconf 87' lang='grc' dir='ltr'>δ’</span> <span class='ocrx_word' id='word_1_139' title='bbox 1073 2045 1165 2103; x_wconf 86' lang='grc' dir='ltr'><strong>οῦν</strong></span> <span class='ocrx_word' id='word_1_140' title='bbox 1204 2051 1232 2103; x_wconf 85' lang='grc' dir='ltr'>ὁ</span> <span class='ocrx_word' id='word_1_141' title='bbox 1277 2051 1576 2124; x_wconf 85' lang='grc' dir='ltr'>Πομπήϊος,</span> <span class='ocrx_word' id='word_1_142' title='bbox 1628 2051 1762 2105; x_wconf 87' lang='grc' dir='ltr'>ἐλὼν</span> 
     </span>
    </p>
   </div>
   <div class='ocr_carea' id='block_1_23' title="bbox 192 2133 1761 2215">
    <p class='ocr_par' dir='ltr' id='par_1_23' title="bbox 192 2133 1761 2215">
     <span class='ocr_line' id='line_1_23' title="bbox 192 2133 1761 2215; baseline 0.006 -29"><span class='ocrx_word' id='word_1_143' title='bbox 192 2133 331 2187; x_wconf 86' lang='grc' dir='ltr'><strong>κατά</strong></span> <span class='ocrx_word' id='word_1_144' title='bbox 384 2135 586 2206; x_wconf 82' lang='grc' dir='ltr'>κράτος</span> <span class='ocrx_word' id='word_1_145' title='bbox 642 2135 740 2208; x_wconf 76' lang='grc' dir='ltr'>τὴν</span> <span class='ocrx_word' id='word_1_146' title='bbox 789 2137 1162 2211; x_wconf 85' lang='grc' dir='ltr'>Ἰερουσαλὴμ,</span> <span class='ocrx_word' id='word_1_147' title='bbox 1218 2140 1308 2194; x_wconf 85' lang='grc' dir='ltr'><strong>τὸν</strong></span> <span class='ocrx_word' id='word_1_148' title='bbox 1366 2142 1761 2215; x_wconf 82' lang='grc' dir='ltr'>προειρημένον</span> 
     </span>
    </p>
   </div>
   <div class='ocr_carea' id='block_1_24' title="bbox 202 2225 1763 2304">
    <p class='ocr_par' dir='ltr' id='par_1_24' title="bbox 202 2225 1763 2304">
     <span class='ocr_line' id='line_1_24' title="bbox 202 2225 1763 2304; baseline 0.005 -27"><span class='ocrx_word' id='word_1_149' title='bbox 202 2225 609 2297; x_wconf 82' lang='grc' dir='ltr'>Ἀριστόϐουλον</span> <span class='ocrx_word' id='word_1_150' title='bbox 659 2228 949 2301; x_wconf 74' lang='grc' dir='ltr'>ἐκπέμψας</span> <span class='ocrx_word' id='word_1_151' title='bbox 991 2230 1208 2302; x_wconf 79' lang='grc' dir='ltr'>δέσμιον</span> <span class='ocrx_word' id='word_1_152' title='bbox 1261 2232 1352 2285; x_wconf 71' lang='grc' dir='ltr'><strong>ἐπὶ</strong></span> <span class='ocrx_word' id='word_1_153' title='bbox 1400 2231 1634 2304; x_wconf 86' lang='grc' dir='ltr'>Ῥώμης,</span> <span class='ocrx_word' id='word_1_154' title='bbox 1685 2232 1763 2303; x_wconf 88' lang='grc' dir='ltr'><strong>τῷ</strong></span> 
     </span>
    </p>
   </div>
   <div class='ocr_carea' id='block_1_25' title="bbox 189 2317 1763 2397">
    <p class='ocr_par' dir='ltr' id='par_1_25' title="bbox 189 2317 1763 2397">
     <span class='ocr_line' id='line_1_25' title="bbox 189 2317 1763 2397; baseline 0.004 -27"><span class='ocrx_word' id='word_1_155' title='bbox 189 2317 378 2371; x_wconf 88' lang='grc' dir='ltr'>τούτου</span> <span class='ocrx_word' id='word_1_156' title='bbox 423 2318 638 2390; x_wconf 81' lang='grc' dir='ltr'>ἀδελφῷ</span> <span class='ocrx_word' id='word_1_157' title='bbox 683 2321 933 2393; x_wconf 82' lang='grc' dir='ltr'>Ὑρκανῷ</span> <span class='ocrx_word' id='word_1_158' title='bbox 973 2321 1071 2395; x_wconf 81' lang='grc' dir='ltr'><strong>τὴν</strong></span> <span class='ocrx_word' id='word_1_159' title='bbox 1103 2322 1510 2397; x_wconf 82' lang='grc' dir='ltr'>ἀρχιερωσύνην</span> <span class='ocrx_word' id='word_1_160' title='bbox 1545 2324 1763 2397; x_wconf 84' lang='grc' dir='ltr'>παραδί-</span> 
     </span>
    </p>
   </div>
   <div class='ocr_carea' id='block_1_26' title="bbox 190 2408 1762 2487">
    <p class='ocr_par' dir='ltr' id='par_1_26' title="bbox 190 2408 1762 2487">
     <span class='ocr_line' id='line_1_26' title="bbox 190 2408 1762 2487; baseline 0.004 -24"><span class='ocrx_word' id='word_1_161' title='bbox 190 2408 339 2475; x_wconf 83' lang='grc' dir='ltr'>δωσι,</span> <span class='ocrx_word' id='word_1_162' title='bbox 364 2409 427 2463; x_wconf 85' lang='grc' dir='ltr'><strong>τὸ</strong></span> <span class='ocrx_word' id='word_1_163' title='bbox 452 2427 510 2463; x_wconf 89' lang='grc' dir='ltr'><strong>τε</strong></span> <span class='ocrx_word' id='word_1_164' title='bbox 535 2412 643 2464; x_wconf 83' lang='grc' dir='ltr'>πᾶν</span> <span class='ocrx_word' id='word_1_165' title='bbox 681 2410 833 2475; x_wconf 78' lang='grc' dir='ltr'>ἔθνος</span> <span class='ocrx_word' id='word_1_166' title='bbox 857 2412 915 2480; x_wconf 80' lang='grc' dir='ltr'>ἐξ</span> <span class='ocrx_word' id='word_1_167' title='bbox 938 2412 1145 2467; x_wconf 89' lang='grc' dir='ltr'>ἐκείνου</span> <span class='ocrx_word' id='word_1_168' title='bbox 1181 2414 1433 2479; x_wconf 75' lang='grc' dir='ltr'>ὑποτελὲς</span> <span class='ocrx_word' id='word_1_169' title='bbox 1478 2416 1762 2487; x_wconf 85' lang='grc' dir='ltr'>Ῥωμαίοις</span> 
     </span>
    </p>
   </div>
   <div class='ocr_carea' id='block_1_27' title="bbox 192 2502 1757 2578">
    <p class='ocr_par' dir='ltr' id='par_1_27' title="bbox 192 2502 1757 2578">
     <span class='ocr_line' id='line_1_27' title="bbox 192 2502 1757 2578; baseline 0.004 -25"><span class='ocrx_word' id='word_1_170' title='bbox 192 2504 588 2574; x_wconf 68' lang='grc' dir='ltr'>κατεστήσατοε</span> <span class='ocrx_word' id='word_1_171' title='bbox 616 2502 735 2573; x_wconf 89' lang='grc' dir='ltr'>μεθ’</span> <span class='ocrx_word' id='word_1_172' title='bbox 772 2503 831 2557; x_wconf 84' lang='grc' dir='ltr'>ὃν</span> <span class='ocrx_word' id='word_1_173' title='bbox 870 2504 1113 2578; x_wconf 86' lang='grc' dir='ltr'>Ἡρώδης</span> <span class='ocrx_word' id='word_1_174' title='bbox 1149 2506 1180 2561; x_wconf 80' lang='grc' dir='ltr'><strong>ό</strong></span> <span class='ocrx_word' id='word_1_175' title='bbox 1212 2506 1564 2578; x_wconf 86' lang='grc' dir='ltr'>Ἀντιπάτρου</span> <span class='ocrx_word' id='word_1_176' title='bbox 1610 2510 1757 2571; x_wconf 85' lang='grc' dir='ltr'>παῖς,</span> 
     </span>
    </p>
   </div>
   <div class='ocr_carea' id='block_1_28' title="bbox 202 2591 1760 2669">
    <p class='ocr_par' dir='ltr' id='par_1_28' title="bbox 202 2591 1760 2669">
     <span class='ocr_line' id='line_1_28' title="bbox 202 2591 1760 2669; baseline 0.005 -26"><span class='ocrx_word' id='word_1_177' title='bbox 202 2591 468 2663; x_wconf 72' lang='grc' dir='ltr'>Ὑρκανὸν</span> <span class='ocrx_word' id='word_1_178' title='bbox 504 2593 729 2659; x_wconf 87' lang='grc' dir='ltr'>ἀνελὼν,</span> <span class='ocrx_word' id='word_1_179' title='bbox 774 2594 872 2667; x_wconf 84' lang='grc' dir='ltr'><strong>τὴν</strong></span> <span class='ocrx_word' id='word_1_180' title='bbox 903 2595 1013 2649; x_wconf 83' lang='grc' dir='ltr'>τῶν</span> <span class='ocrx_word' id='word_1_181' title='bbox 1040 2597 1307 2652; x_wconf 79' lang='grc' dir='ltr'>Ἰουδαίων</span> <span class='ocrx_word' id='word_1_182' title='bbox 1351 2598 1624 2669; x_wconf 86' lang='grc' dir='ltr'>βασιλείαν</span> <span class='ocrx_word' id='word_1_183' title='bbox 1656 2598 1760 2652; x_wconf 82' lang='grc' dir='ltr'><strong>ὑπὸ</strong></span> 
     </span>
    </p>
   </div>
   <div class='ocr_carea' id='block_1_29' title="bbox 191 2682 1759 2760">
    <p class='ocr_par' dir='ltr' id='par_1_29' title="bbox 191 2682 1759 2760">
     <span class='ocr_line' id='line_1_29' title="bbox 191 2682 1759 2760; baseline 0.005 -26"><span class='ocrx_word' id='word_1_184' title='bbox 191 2682 285 2753; x_wconf 83' lang='grc' dir='ltr'><strong>τῆς</strong></span> <span class='ocrx_word' id='word_1_185' title='bbox 313 2682 601 2754; x_wconf 82' lang='grc' dir='ltr'>Ῥωμαίων</span> <span class='ocrx_word' id='word_1_186' title='bbox 629 2684 929 2756; x_wconf 85' lang='grc' dir='ltr'>συγκλήτου</span> <span class='ocrx_word' id='word_1_187' title='bbox 956 2685 1150 2757; x_wconf 82' lang='grc' dir='ltr'>βουλῆς</span> <span class='ocrx_word' id='word_1_188' title='bbox 1182 2686 1566 2759; x_wconf 80' lang='grc' dir='ltr'>ἐγχειρίζεται,</span> <span class='ocrx_word' id='word_1_189' title='bbox 1604 2686 1759 2760; x_wconf 82' lang='grc' dir='ltr'>πρῶ-</span> 
     </span>
    </p>
   </div>
   <div class='ocr_carea' id='block_1_30' title="bbox 192 2773 1758 2849">
    <p class='ocr_par' dir='ltr' id='par_1_30' title="bbox 192 2773 1758 2849">
     <span class='ocr_line' id='line_1_30' title="bbox 192 2773 1758 2849; baseline 0.006 -24"><span class='ocrx_word' id='word_1_190' title='bbox 192 2773 279 2836; x_wconf 85' lang='grc' dir='ltr'><strong>τός</strong></span> <span class='ocrx_word' id='word_1_191' title='bbox 327 2791 392 2827; x_wconf 87' lang='grc' dir='ltr'><strong>τε</strong></span> <span class='ocrx_word' id='word_1_192' title='bbox 443 2774 603 2839; x_wconf 85' lang='grc' dir='ltr'>αὑτὸς</span> <span class='ocrx_word' id='word_1_193' title='bbox 654 2775 713 2842; x_wconf 81' lang='grc' dir='ltr'><strong>ἐξ</strong></span> <span class='ocrx_word' id='word_1_194' title='bbox 769 2776 1062 2847; x_wconf 81' lang='grc' dir='ltr'>ἀλλοφύλου</span> <span class='ocrx_word' id='word_1_195' title='bbox 1113 2778 1300 2847; x_wconf 83' lang='grc' dir='ltr'>γένους</span> <span class='ocrx_word' id='word_1_196' title='bbox 1355 2777 1622 2849; x_wconf 84' lang='grc' dir='ltr'>βασιλεύει</span> <span class='ocrx_word' id='word_1_197' title='bbox 1665 2780 1758 2835; x_wconf 85' lang='grc' dir='ltr'><strong>τοῦ</strong></span> 
     </span>
    </p>
   </div>
   <div class='ocr_carea' id='block_1_31' title="bbox 193 2865 1756 2941">
    <p class='ocr_par' dir='ltr' id='par_1_31' title="bbox 193 2865 1756 2941">
     <span class='ocr_line' id='line_1_31' title="bbox 193 2865 1756 2941; baseline 0.004 -22"><span class='ocrx_word' id='word_1_198' title='bbox 193 2865 397 2931; x_wconf 74' lang='grc' dir='ltr'>ἔθνους,</span> <span class='ocrx_word' id='word_1_199' title='bbox 427 2865 524 2939; x_wconf 79' lang='grc' dir='ltr'>τὴν</span> <span class='ocrx_word' id='word_1_200' title='bbox 557 2867 665 2921; x_wconf 86' lang='grc' dir='ltr'><strong>τῶν</strong></span> <span class='ocrx_word' id='word_1_201' title='bbox 696 2868 999 2941; x_wconf 63' lang='grc' dir='ltr'>ἀρχιερέων</span> <span class='ocrx_word' id='word_1_202' title='bbox 1042 2869 1182 2924; x_wconf 85' lang='grc' dir='ltr'>κατὰ</span> <span class='ocrx_word' id='word_1_203' title='bbox 1225 2869 1317 2923; x_wconf 81' lang='grc' dir='ltr'>τὸν</span> <span class='ocrx_word' id='word_1_204' title='bbox 1358 2871 1638 2936; x_wconf 87' lang='grc' dir='ltr'>Μωῦσέως</span> <span class='ocrx_word' id='word_1_205' title='bbox 1668 2872 1756 2926; x_wconf 89' lang='grc' dir='ltr'>νό-</span> 
     </span>
    </p>
   </div>
   <div class='ocr_carea' id='block_1_32' title="bbox 198 2958 1760 3034">
    <p class='ocr_par' dir='ltr' id='par_1_32' title="bbox 198 2958 1760 3034">
     <span class='ocr_line' id='line_1_32' title="bbox 198 2958 1760 3034; baseline 0.006 -24"><span class='ocrx_word' id='word_1_206' title='bbox 198 2976 291 3030; x_wconf 83' lang='grc' dir='ltr'><strong>μον</strong></span> <span class='ocrx_word' id='word_1_207' title='bbox 321 2958 640 3029; x_wconf 87' lang='grc' dir='ltr'>διαφθείρας</span> <span class='ocrx_word' id='word_1_208' title='bbox 667 2958 838 3026; x_wconf 81' lang='grc' dir='ltr'>τάξιν.</span> <span class='ocrx_word' id='word_1_209' title='bbox 885 2960 945 3013; x_wconf 80' lang='lat'><strong>&#39;0</strong></span> <span class='ocrx_word' id='word_1_210' title='bbox 994 2960 1092 3031; x_wconf 90' lang='grc' dir='ltr'><strong>μέν</strong></span> <span class='ocrx_word' id='word_1_211' title='bbox 1138 2959 1247 3031; x_wconf 86' lang='grc' dir='ltr'><strong>γάρ</strong></span> <span class='ocrx_word' id='word_1_212' title='bbox 1291 2960 1432 3025; x_wconf 87' lang='grc' dir='ltr'>θεῖος</span> <span class='ocrx_word' id='word_1_213' title='bbox 1475 2962 1636 3034; x_wconf 89' lang='grc' dir='ltr'>νόμος</span> <span class='ocrx_word' id='word_1_214' title='bbox 1671 2964 1760 3021; x_wconf 88' lang='grc' dir='ltr'><strong>διά</strong></span> 
     </span>
    </p>
   </div>
   <div class='ocr_carea' id='block_1_33' title="bbox 197 3049 1757 3126">
    <p class='ocr_par' dir='ltr' id='par_1_33' title="bbox 197 3049 1757 3126">
     <span class='ocr_line' id='line_1_33' title="bbox 197 3049 1757 3126; baseline 0.005 -24"><span class='ocrx_word' id='word_1_215' title='bbox 197 3049 307 3120; x_wconf 83' lang='grc' dir='ltr'>βίου</span> <span class='ocrx_word' id='word_1_216' title='bbox 369 3049 617 3122; x_wconf 73' lang='grc' dir='ltr'>ἱερᾶσθαι</span> <span class='ocrx_word' id='word_1_217' title='bbox 672 3050 750 3122; x_wconf 87' lang='grc' dir='ltr'><strong>τῷ</strong></span> <span class='ocrx_word' id='word_1_218' title='bbox 798 3049 917 3121; x_wconf 87' lang='grc' dir='ltr'>Θεῷ</span> <span class='ocrx_word' id='word_1_219' title='bbox 967 3050 1057 3104; x_wconf 86' lang='grc' dir='ltr'><strong>τὸν</strong></span> <span class='ocrx_word' id='word_1_220' title='bbox 1119 3051 1373 3105; x_wconf 90' lang='grc' dir='ltr'>ἀνωτάτω</span> <span class='ocrx_word' id='word_1_221' title='bbox 1436 3055 1757 3126; x_wconf 85' lang='grc' dir='ltr'>προστάττει</span> 
     </span>
    </p>
   </div>
   <div class='ocr_carea' id='block_1_34' title="bbox 196 3141 1753 3215">
    <p class='ocr_par' dir='ltr' id='par_1_34' title="bbox 196 3141 1753 3215">
     <span class='ocr_line' id='line_1_34' title="bbox 196 3141 1753 3215; baseline 0.004 -21"><span class='ocrx_word' id='word_1_222' title='bbox 196 3141 451 3214; x_wconf 83' lang='grc' dir='ltr'>ἀρχιερέα</span> <span class='ocrx_word' id='word_1_223' title='bbox 484 3157 500 3170; x_wconf 89' lang='grc'><strong>·</strong></span> <span class='ocrx_word' id='word_1_224' title='bbox 558 3144 587 3196; x_wconf 85' lang='grc' dir='ltr'><strong>ὁ</strong></span> <span class='ocrx_word' id='word_1_225' title='bbox 649 3142 695 3195; x_wconf 86' lang='grc' dir='ltr'>δ’</span> <span class='ocrx_word' id='word_1_226' title='bbox 763 3141 1007 3214; x_wconf 84' lang='grc' dir='ltr'>Ἡρώδης</span> <span class='ocrx_word' id='word_1_227' title='bbox 1067 3144 1128 3196; x_wconf 92' lang='grc' dir='ltr'><strong>οὑ</strong></span> <span class='ocrx_word' id='word_1_228' title='bbox 1189 3148 1300 3209; x_wconf 82' lang='grc' dir='ltr'>τοῖς</span> <span class='ocrx_word' id='word_1_229' title='bbox 1361 3145 1468 3199; x_wconf 85' lang='grc' dir='ltr'><strong>ἀπὸ</strong></span> <span class='ocrx_word' id='word_1_230' title='bbox 1526 3145 1714 3215; x_wconf 79' lang='grc' dir='ltr'>γένους</span> <span class='ocrx_word' id='word_1_231' title='bbox 1738 3188 1753 3213; x_wconf 94' lang='grc'><strong>,</strong></span> 
     </span>
    </p>
   </div>
   <div class='ocr_carea' id='block_1_35' title="bbox 195 3228 1753 3309">
    <p class='ocr_par' dir='ltr' id='par_1_35' title="bbox 195 3228 1753 3309">
     <span class='ocr_line' id='line_1_35' title="bbox 195 3228 1753 3309; baseline 0.003 -23"><span class='ocrx_word' id='word_1_232' title='bbox 195 3234 299 3288; x_wconf 75' lang='grc' dir='ltr'>οὐδ’</span> <span class='ocrx_word' id='word_1_233' title='bbox 355 3228 437 3297; x_wconf 81' lang='grc' dir='ltr'>οἷς</span> <span class='ocrx_word' id='word_1_234' title='bbox 493 3234 768 3306; x_wconf 89' lang='grc' dir='ltr'>προσῆκον</span> <span class='ocrx_word' id='word_1_235' title='bbox 822 3229 891 3306; x_wconf 82' lang='grc' dir='ltr'><strong>ῆν</strong></span> <span class='ocrx_word' id='word_1_236' title='bbox 948 3235 1193 3289; x_wconf 85' lang='grc' dir='ltr'>ἀπεδίδου</span> <span class='ocrx_word' id='word_1_237' title='bbox 1245 3236 1343 3309; x_wconf 83' lang='grc' dir='ltr'>τὴν</span> <span class='ocrx_word' id='word_1_238' title='bbox 1395 3236 1753 3309; x_wconf 89' lang='grc' dir='ltr'>λειτουργίαν,</span> 
     </span>
    </p>
   </div>
   <div class='ocr_carea' id='block_1_36' title="bbox 197 3319 1759 3398">
    <p class='ocr_par' dir='ltr' id='par_1_36' title="bbox 197 3319 1759 3398">
     <span class='ocr_line' id='line_1_36' title="bbox 197 3319 1759 3398; baseline 0.004 -24"><span class='ocrx_word' id='word_1_239' title='bbox 197 3319 622 3394; x_wconf 59' lang='grc' dir='ltr'>ἀιπξενωμένοις</span> <span class='ocrx_word' id='word_1_240' title='bbox 675 3323 732 3376; x_wconf 89' lang='grc' dir='ltr'><strong>δέ</strong></span> <span class='ocrx_word' id='word_1_241' title='bbox 791 3341 931 3392; x_wconf 87' lang='grc' dir='ltr'>τισι,</span> <span class='ocrx_word' id='word_1_242' title='bbox 997 3327 1091 3379; x_wconf 73' lang='grc' dir='ltr'><strong>καὶ</strong></span> <span class='ocrx_word' id='word_1_243' title='bbox 1144 3325 1442 3398; x_wconf 87' lang='grc' dir='ltr'>ἀλλοτρίοις</span> <span class='ocrx_word' id='word_1_244' title='bbox 1491 3326 1592 3398; x_wconf 89' lang='grc' dir='ltr'><strong>τῆς</strong></span> <span class='ocrx_word' id='word_1_245' title='bbox 1651 3327 1759 3382; x_wconf 84' lang='grc' dir='ltr'><strong>τῶν</strong></span> 
     </span>
    </p>
   </div>
   <div class='ocr_carea' id='block_1_37' title="bbox 195 3413 1755 3492">
    <p class='ocr_par' dir='ltr' id='par_1_37' title="bbox 195 3413 1755 3492">
     <span class='ocr_line' id='line_1_37' title="bbox 195 3413 1755 3492; baseline 0.005 -25"><span class='ocrx_word' id='word_1_246' title='bbox 195 3413 490 3488; x_wconf 84' lang='grc' dir='ltr'>ἀρχιερέων</span> <span class='ocrx_word' id='word_1_247' title='bbox 549 3416 833 3488; x_wconf 84' lang='grc' dir='ltr'>διαδοχῆς,</span> <span class='ocrx_word' id='word_1_248' title='bbox 889 3418 982 3471; x_wconf 76' lang='grc' dir='ltr'>καὶ</span> <span class='ocrx_word' id='word_1_249' title='bbox 1035 3417 1155 3471; x_wconf 88' lang='grc' dir='ltr'><strong>οὑδέ</strong></span> <span class='ocrx_word' id='word_1_250' title='bbox 1206 3418 1414 3484; x_wconf 87' lang='grc' dir='ltr'>τούτοις</span> <span class='ocrx_word' id='word_1_251' title='bbox 1486 3419 1755 3492; x_wconf 86' lang='grc' dir='ltr'>διαρκῶς,</span> 
     </span>
    </p>
   </div>
   <div class='ocr_carea' id='block_1_38' title="bbox 198 3506 1756 3583">
    <p class='ocr_par' dir='ltr' id='par_1_38' title="bbox 198 3506 1756 3583">
     <span class='ocr_line' id='line_1_38' title="bbox 198 3506 1756 3583; baseline 0.003 -24"><span class='ocrx_word' id='word_1_252' title='bbox 198 3507 327 3578; x_wconf 75' lang='grc' dir='ltr'>πρὸς</span> <span class='ocrx_word' id='word_1_253' title='bbox 384 3506 589 3581; x_wconf 76' lang='grc' dir='ltr'>βραχὺν</span> <span class='ocrx_word' id='word_1_254' title='bbox 643 3507 700 3562; x_wconf 78' lang='grc' dir='ltr'><strong>δέ</strong></span> <span class='ocrx_word' id='word_1_255' title='bbox 748 3527 867 3562; x_wconf 90' lang='grc' dir='ltr'>τινα</span> <span class='ocrx_word' id='word_1_256' title='bbox 924 3509 1019 3562; x_wconf 80' lang='grc' dir='ltr'><strong>καὶ</strong></span> <span class='ocrx_word' id='word_1_257' title='bbox 1072 3510 1498 3581; x_wconf 88' lang='grc' dir='ltr'>περιωρισμένον</span> <span class='ocrx_word' id='word_1_258' title='bbox 1548 3511 1756 3583; x_wconf 91' lang='grc' dir='ltr'>χρόνον,</span> 
     </span>
    </p>
   </div>
   <div class='ocr_carea' id='block_1_39' title="bbox 199 3597 1760 3675">
    <p class='ocr_par' dir='ltr' id='par_1_39' title="bbox 199 3597 1760 3675">
     <span class='ocr_line' id='line_1_39' title="bbox 199 3597 1760 3675; baseline 0.001 -20"><span class='ocrx_word' id='word_1_259' title='bbox 199 3597 381 3655; x_wconf 71' lang='grc' dir='ltr'>ἄλλοτε</span> <span class='ocrx_word' id='word_1_260' title='bbox 410 3598 590 3663; x_wconf 79' lang='grc' dir='ltr'>ἄλλοις</span> <span class='ocrx_word' id='word_1_261' title='bbox 607 3598 707 3670; x_wconf 83' lang='grc' dir='ltr'><strong>τὴν</strong></span> <span class='ocrx_word' id='word_1_262' title='bbox 721 3600 887 3672; x_wconf 81' lang='grc' dir='ltr'>τιμὴν</span> <span class='ocrx_word' id='word_1_263' title='bbox 904 3601 1197 3674; x_wconf 86' lang='grc' dir='ltr'>ἀντιδωρού</span> <span class='ocrx_word' id='word_1_264' title='bbox 1205 3618 1380 3673; x_wconf 84' lang='grc' dir='ltr'>μενος,</span> <span class='ocrx_word' id='word_1_265' title='bbox 1396 3600 1536 3655; x_wconf 83' lang='grc' dir='ltr'>ὥστε</span> <span class='ocrx_word' id='word_1_266' title='bbox 1550 3602 1649 3667; x_wconf 80' lang='grc' dir='ltr'>τὰς</span> <span class='ocrx_word' id='word_1_267' title='bbox 1663 3603 1760 3675; x_wconf 83' lang='grc' dir='ltr'><strong>μὲν</strong></span> 
     </span>
    </p>
   </div>
   <div class='ocr_carea' id='block_1_40' title="bbox 200 3687 1788 3766">
    <p class='ocr_par' dir='ltr' id='par_1_40' title="bbox 200 3687 1788 3766">
     <span class='ocr_line' id='line_1_40' title="bbox 200 3687 1788 3766; baseline 0.003 -24"><span class='ocrx_word' id='word_1_268' title='bbox 200 3687 415 3762; x_wconf 78' lang='grc' dir='ltr'>πρώτας</span> <span class='ocrx_word' id='word_1_269' title='bbox 441 3688 581 3744; x_wconf 79' lang='grc' dir='ltr'>ἑπτὰ</span> <span class='ocrx_word' id='word_1_270' title='bbox 601 3689 900 3762; x_wconf 79' lang='grc' dir='ltr'>ἑϐδομάδας</span> <span class='ocrx_word' id='word_1_271' title='bbox 928 3691 1037 3746; x_wconf 86' lang='grc' dir='ltr'><strong>ἀπὺ</strong></span> <span class='ocrx_word' id='word_1_272' title='bbox 1060 3692 1243 3762; x_wconf 85' lang='grc' dir='ltr'>Κύρου</span> <span class='ocrx_word' id='word_1_273' title='bbox 1270 3694 1364 3746; x_wconf 73' lang='grc' dir='ltr'><strong>καὶ</strong></span> <span class='ocrx_word' id='word_1_274' title='bbox 1389 3693 1483 3747; x_wconf 71' lang='grc' dir='ltr'><strong>ἐπὶ</strong></span> <span class='ocrx_word' id='word_1_275' title='bbox 1512 3696 1756 3766; x_wconf 84' lang='grc' dir='ltr'>Δαρεῖον,</span> <span class='ocrx_word' id='word_1_276' title='bbox 1785 3693 1788 3696; x_wconf 77' lang='grc'><strong>’</strong></span> 
     </span>
    </p>
   </div>
   <div class='ocr_carea' id='block_1_41' title="bbox 198 3779 1760 3856">
    <p class='ocr_par' dir='ltr' id='par_1_41' title="bbox 198 3779 1760 3856">
     <span class='ocr_line' id='line_1_41' title="bbox 198 3779 1760 3856; baseline 0.003 -22"><span class='ocrx_word' id='word_1_277' title='bbox 198 3779 287 3845; x_wconf 78' lang='grc' dir='ltr'>τὰς</span> <span class='ocrx_word' id='word_1_278' title='bbox 338 3781 397 3835; x_wconf 81' lang='grc' dir='ltr'><strong>δέ</strong></span> <span class='ocrx_word' id='word_1_279' title='bbox 436 3782 631 3845; x_wconf 83' lang='grc' dir='ltr'>λοιπάς</span> <span class='ocrx_word' id='word_1_280' title='bbox 679 3782 1036 3856; x_wconf 74' lang='grc' dir='ltr'>ἑξηκονταδύο</span> <span class='ocrx_word' id='word_1_281' title='bbox 1074 3784 1183 3837; x_wconf 78' lang='grc' dir='ltr'><strong>ἀπὸ</strong></span> <span class='ocrx_word' id='word_1_282' title='bbox 1222 3785 1447 3856; x_wconf 86' lang='grc' dir='ltr'>Δαρείου</span> <span class='ocrx_word' id='word_1_283' title='bbox 1517 3787 1610 3840; x_wconf 74' lang='grc' dir='ltr'>καὶ</span> <span class='ocrx_word' id='word_1_284' title='bbox 1667 3787 1760 3839; x_wconf 76' lang='grc' dir='ltr'><strong>ἐπὶ</strong></span> 
     </span>
    </p>
   </div>
   <div class='ocr_carea' id='block_1_42' title="bbox 200 3872 1754 3949">
    <p class='ocr_par' dir='ltr' id='par_1_42' title="bbox 200 3872 1754 3949">
     <span class='ocr_line' id='line_1_42' title="bbox 200 3872 1754 3949; baseline 0.003 -23"><span class='ocrx_word' id='word_1_285' title='bbox 200 3872 473 3946; x_wconf 85' lang='grc' dir='ltr'>Πομπήϊον</span> <span class='ocrx_word' id='word_1_286' title='bbox 511 3874 601 3929; x_wconf 78' lang='grc' dir='ltr'><strong>τὸν</strong></span> <span class='ocrx_word' id='word_1_287' title='bbox 654 3875 935 3946; x_wconf 86' lang='grc' dir='ltr'>Ῥωμαίων</span> <span class='ocrx_word' id='word_1_288' title='bbox 985 3877 1285 3949; x_wconf 86' lang='grc' dir='ltr'>στρατηγὸν</span> <span class='ocrx_word' id='word_1_289' title='bbox 1337 3876 1754 3949; x_wconf 79' lang='grc' dir='ltr'>περιορίζεσθαι.</span> 
     </span>
    </p>
   </div>
   <div class='ocr_carea' id='block_1_43' title="bbox 203 3962 1760 4038">
    <p class='ocr_par' dir='ltr' id='par_1_43' title="bbox 203 3962 1760 4038">
     <span class='ocr_line' id='line_1_43' title="bbox 203 3962 1760 4038; baseline 0.002 -22"><span class='ocrx_word' id='word_1_290' title='bbox 203 3963 302 4016; x_wconf 70' lang='grc' dir='ltr'><strong>Καὶ</strong></span> <span class='ocrx_word' id='word_1_291' title='bbox 353 3962 495 4017; x_wconf 87' lang='grc' dir='ltr'><strong>κατά</strong></span> <span class='ocrx_word' id='word_1_292' title='bbox 529 3965 719 4037; x_wconf 88' lang='grc' dir='ltr'>τρίτην</span> <span class='ocrx_word' id='word_1_293' title='bbox 752 3963 809 4018; x_wconf 89' lang='grc' dir='ltr'><strong>δέ</strong></span> <span class='ocrx_word' id='word_1_294' title='bbox 842 3964 1072 4037; x_wconf 85' lang='grc' dir='ltr'>θεωρίαν</span> <span class='ocrx_word' id='word_1_295' title='bbox 1097 3964 1278 4038; x_wconf 76' lang='grc' dir='ltr'>εὕροις</span> <span class='ocrx_word' id='word_1_296' title='bbox 1310 3966 1377 4020; x_wconf 82' lang='grc' dir='ltr'>ἂν</span> <span class='ocrx_word' id='word_1_297' title='bbox 1427 3965 1601 4030; x_wconf 81' lang='grc' dir='ltr'>ἄλλως</span> <span class='ocrx_word' id='word_1_298' title='bbox 1660 3967 1760 4019; x_wconf 83' lang='grc' dir='ltr'>ἐπ-</span> 
     </span>
    </p>
   </div>
   <div class='ocr_carea' id='block_1_44' title="bbox 202 4041 1759 4130">
    <p class='ocr_par' dir='ltr' id='par_1_44' title="bbox 202 4041 1759 4130">
     <span class='ocr_line' id='line_1_44' title="bbox 202 4041 1759 4130; baseline 0.004 -25"><span class='ocrx_word' id='word_1_299' title='bbox 202 4053 590 4126; x_wconf 85' lang='grc' dir='ltr'>αριθμούμενος</span> <span class='ocrx_word' id='word_1_300' title='bbox 614 4057 741 4119; x_wconf 86' lang='grc' dir='ltr'>τοὺς</span> <span class='ocrx_word' id='word_1_301' title='bbox 767 4055 991 4129; x_wconf 88' lang='grc' dir='ltr'>χρόνους</span> <span class='ocrx_word' id='word_1_302' title='bbox 1004 4056 1112 4111; x_wconf 70' lang='grc' dir='ltr'>τῶν</span> <span class='ocrx_word' id='word_1_303' title='bbox 1135 4043 1275 4111; x_wconf 83' lang='grc' dir='ltr'>ἐπτά</span> <span class='ocrx_word' id='word_1_304' title='bbox 1294 4058 1387 4112; x_wconf 76' lang='grc' dir='ltr'>καὶ</span> <span class='ocrx_word' id='word_1_305' title='bbox 1404 4041 1759 4130; x_wconf 72' lang='grc' dir='ltr'>ἑξηκονταδύο</span> 
     </span>
    </p>
   </div>
   <div class='ocr_carea' id='block_1_45' title="bbox 203 4144 1755 4221">
    <p class='ocr_par' dir='ltr' id='par_1_45' title="bbox 203 4144 1755 4221">
     <span class='ocr_line' id='line_1_45' title="bbox 203 4144 1755 4221; baseline 0.003 -23"><span class='ocrx_word' id='word_1_306' title='bbox 203 4144 520 4219; x_wconf 77' lang='grc' dir='ltr'>ἑϐδομάδων,</span> <span class='ocrx_word' id='word_1_307' title='bbox 548 4149 604 4203; x_wconf 79' lang='grc' dir='ltr'>αἳ</span> <span class='ocrx_word' id='word_1_308' title='bbox 628 4149 986 4203; x_wconf 87' lang='grc' dir='ltr'>συντείνουσιν</span> <span class='ocrx_word' id='word_1_309' title='bbox 1008 4152 1088 4213; x_wconf 85' lang='grc' dir='ltr'><strong>είς</strong></span> <span class='ocrx_word' id='word_1_310' title='bbox 1106 4148 1201 4221; x_wconf 81' lang='grc' dir='ltr'><strong>ἐτη</strong></span> <span class='ocrx_word' id='word_1_311' title='bbox 1226 4149 1549 4221; x_wconf 89' lang='grc' dir='ltr'>τετρακόσια</span> <span class='ocrx_word' id='word_1_312' title='bbox 1564 4149 1755 4220; x_wconf 61' lang='grc' dir='ltr'>ὀγδοηέ</span> 
     </span>
    </p>
   </div>
   <div class='ocr_carea' id='block_1_46' title="bbox 204 4239 1757 4313">
    <p class='ocr_par' dir='ltr' id='par_1_46' title="bbox 204 4239 1757 4313">
     <span class='ocr_line' id='line_1_46' title="bbox 204 4239 1757 4313; baseline 0.003 -23"><span class='ocrx_word' id='word_1_313' title='bbox 204 4240 481 4310; x_wconf 82' lang='grc' dir='ltr'>κοντατρία</span> <span class='ocrx_word' id='word_1_314' title='bbox 504 4280 520 4305; x_wconf 93' lang='grc'><strong>,</strong></span> <span class='ocrx_word' id='word_1_315' title='bbox 561 4242 647 4293; x_wconf 82' lang='grc' dir='ltr'>ἐπ’</span> <span class='ocrx_word' id='word_1_316' title='bbox 689 4240 851 4293; x_wconf 86' lang='grc' dir='ltr'>αὑτὸν</span> <span class='ocrx_word' id='word_1_317' title='bbox 897 4239 1203 4309; x_wconf 75' lang='grc' dir='ltr'>Αὔγουστον</span> <span class='ocrx_word' id='word_1_318' title='bbox 1240 4240 1331 4294; x_wconf 76' lang='grc' dir='ltr'><strong>καὶ</strong></span> <span class='ocrx_word' id='word_1_319' title='bbox 1371 4241 1463 4294; x_wconf 76' lang='grc' dir='ltr'>ἐπὶ</span> <span class='ocrx_word' id='word_1_320' title='bbox 1514 4241 1757 4313; x_wconf 83' lang='grc' dir='ltr'>Ἡρώδην</span> 
     </span>
    </p>
   </div>
   <div class='ocr_carea' id='block_1_47' title="bbox 201 4329 1754 4403">
    <p class='ocr_par' dir='ltr' id='par_1_47' title="bbox 201 4329 1754 4403">
     <span class='ocr_line' id='line_1_47' title="bbox 201 4329 1754 4403; baseline 0.003 -22"><span class='ocrx_word' id='word_1_321' title='bbox 201 4330 319 4394; x_wconf 77' lang='grc' dir='ltr'>τοὺς</span> <span class='ocrx_word' id='word_1_322' title='bbox 363 4329 611 4403; x_wconf 86' lang='grc' dir='ltr'>πρώτους</span> <span class='ocrx_word' id='word_1_323' title='bbox 654 4330 715 4397; x_wconf 78' lang='grc' dir='ltr'><strong>ἐξ</strong></span> <span class='ocrx_word' id='word_1_324' title='bbox 750 4331 1044 4402; x_wconf 90' lang='grc' dir='ltr'>ἀλλοφύλου</span> <span class='ocrx_word' id='word_1_325' title='bbox 1085 4332 1273 4401; x_wconf 83' lang='grc' dir='ltr'>γένους</span> <span class='ocrx_word' id='word_1_326' title='bbox 1316 4331 1754 4403; x_wconf 81' lang='grc' dir='ltr'>βασιλεύσαντας,</span> 
     </span>
    </p>
   </div>
   <div class='ocr_carea' id='block_1_48' title="bbox 205 4416 1757 4494">
    <p class='ocr_par' dir='ltr' id='par_1_48' title="bbox 205 4416 1757 4494">
     <span class='ocr_line' id='line_1_48' title="bbox 205 4416 1757 4494; baseline 0.003 -24"><span class='ocrx_word' id='word_1_327' title='bbox 205 4418 315 4471; x_wconf 77' lang='grc' dir='ltr'>καθ’</span> <span class='ocrx_word' id='word_1_328' title='bbox 348 4418 437 4484; x_wconf 73' lang='grc' dir='ltr'><strong>οὓς</strong></span> <span class='ocrx_word' id='word_1_329' title='bbox 456 4422 490 4491; x_wconf 89' lang='grc' dir='ltr'><strong>ή</strong></span> <span class='ocrx_word' id='word_1_330' title='bbox 518 4419 611 4474; x_wconf 90' lang='grc' dir='ltr'><strong>τοῦ</strong></span> <span class='ocrx_word' id='word_1_331' title='bbox 636 4421 884 4492; x_wconf 78' lang='grc' dir='ltr'>Σωτῆρος</span> <span class='ocrx_word' id='word_1_332' title='bbox 905 4422 1060 4492; x_wconf 76' lang='grc' dir='ltr'>ἡμῶν</span> <span class='ocrx_word' id='word_1_333' title='bbox 1100 4416 1271 4492; x_wconf 83' lang='grc' dir='ltr'>Ἰησοῦ</span> <span class='ocrx_word' id='word_1_334' title='bbox 1290 4421 1525 4494; x_wconf 82' lang='grc' dir='ltr'>Χριστοῦ</span> <span class='ocrx_word' id='word_1_335' title='bbox 1545 4423 1757 4491; x_wconf 87' lang='grc' dir='ltr'>γένεσις</span> 
     </span>
    </p>
   </div>
   <div class='ocr_carea' id='block_1_49' title="bbox 1867 581 3427 654">
    <p class='ocr_par' dir='ltr' id='par_1_49' title="bbox 1867 581 3427 654">
     <span class='ocr_line' id='line_1_49' title="bbox 1867 581 3427 654; baseline 0.003 -19"><span class='ocrx_word' id='word_1_336' title='bbox 1867 582 2229 653; x_wconf 78' lang='lat' dir='ltr'><strong>principatum</strong></span> <span class='ocrx_word' id='word_1_337' title='bbox 2261 597 2292 635; x_wconf 93' lang='lat' dir='ltr'><strong>a</strong></span> <span class='ocrx_word' id='word_1_338' title='bbox 2321 582 2497 652; x_wconf 92' lang='lat' dir='ltr'><strong>primo</strong></span> <span class='ocrx_word' id='word_1_339' title='bbox 2531 582 2671 652; x_wconf 84' lang='lat' dir='ltr'><strong>regis</strong></span> <span class='ocrx_word' id='word_1_340' title='bbox 2700 581 2826 654; x_wconf 80' lang='lat' dir='ltr'><strong>Cyri</strong></span> <span class='ocrx_word' id='word_1_341' title='bbox 2882 598 3047 651; x_wconf 90' lang='lat' dir='ltr'><strong>anno,</strong></span> <span class='ocrx_word' id='word_1_342' title='bbox 3090 592 3143 640; x_wconf 85' lang='lat' dir='ltr'><strong>et</strong></span> <span class='ocrx_word' id='word_1_343' title='bbox 3183 582 3427 640; x_wconf 66' lang='lat' dir='ltr'><strong>Iudaicae</strong></span> 
     </span>
    </p>
   </div>
   <div class='ocr_carea' id='block_1_50' title="bbox 1866 673 3424 745">
    <p class='ocr_par' dir='ltr' id='par_1_50' title="bbox 1866 673 3424 745">
     <span class='ocr_line' id='line_1_50' title="bbox 1866 673 3424 745; baseline 0.003 -17"><span class='ocrx_word' id='word_1_344' title='bbox 1866 675 2040 744; x_wconf 83' lang='lat' dir='ltr'><strong>gentis</strong></span> <span class='ocrx_word' id='word_1_345' title='bbox 2065 673 2271 730; x_wconf 90' lang='lat' dir='ltr'><strong>reditus</strong></span> <span class='ocrx_word' id='word_1_346' title='bbox 2302 675 2369 730; x_wconf 92' lang='lat' dir='ltr'><strong>de</strong></span> <span class='ocrx_word' id='word_1_347' title='bbox 2389 674 2682 745; x_wconf 81' lang='lat' dir='ltr'><strong>Babylone,</strong></span> <span class='ocrx_word' id='word_1_348' title='bbox 2712 676 2889 733; x_wconf 87' lang='lat' dir='ltr'><strong>omnis</strong></span> <span class='ocrx_word' id='word_1_349' title='bbox 2913 692 3123 731; x_wconf 90' lang='lat' dir='ltr'><strong>summa</strong></span> <span class='ocrx_word' id='word_1_350' title='bbox 3155 693 3424 733; x_wconf 73' lang='lat' dir='ltr'><strong>annorum</strong></span> 
     </span>
    </p>
   </div>
   <div class='ocr_carea' id='block_1_51' title="bbox 1865 764 3426 841">
    <p class='ocr_par' dir='ltr' id='par_1_51' title="bbox 1865 764 3426 841">
     <span class='ocr_line' id='line_1_51' title="bbox 1865 764 3426 841; baseline 0.004 -23"><span class='ocrx_word' id='word_1_351' title='bbox 1865 765 2142 835; x_wconf 81' lang='lat' dir='ltr'><strong>colligitur</strong></span> <span class='ocrx_word' id='word_1_352' title='bbox 2171 764 2692 837; x_wconf 72' lang='lat' dir='ltr'><strong>quadringentorum</strong></span> <span class='ocrx_word' id='word_1_353' title='bbox 2732 769 3002 838; x_wconf 85' lang='lat' dir='ltr'><strong>octoginta</strong></span> <span class='ocrx_word' id='word_1_354' title='bbox 3026 768 3284 838; x_wconf 90' lang='lat' dir='ltr'><strong>duorum,</strong></span> <span class='ocrx_word' id='word_1_355' title='bbox 3316 787 3426 841; x_wconf 81' lang='lat' dir='ltr'><strong>quo</strong></span> 
     </span>
    </p>
   </div>
   <div class='ocr_carea' id='block_1_52' title="bbox 1865 855 3426 932">
    <p class='ocr_par' dir='ltr' id='par_1_52' title="bbox 1865 855 3426 932">
     <span class='ocr_line' id='line_1_52' title="bbox 1865 855 3426 932; baseline 0.003 -23"><span class='ocrx_word' id='word_1_356' title='bbox 1865 863 1981 911; x_wconf 90' lang='lat' dir='ltr'><strong>toto</strong></span> <span class='ocrx_word' id='word_1_357' title='bbox 2012 864 2254 926; x_wconf 88' lang='lat' dir='ltr'><strong>tempore</strong></span> <span class='ocrx_word' id='word_1_358' title='bbox 2283 855 2566 926; x_wconf 91' lang='lat' dir='ltr'><strong>pontiﬁces</strong></span> <span class='ocrx_word' id='word_1_359' title='bbox 2603 856 2969 926; x_wconf 62' lang='lat' dir='ltr'><strong>pra-fuerunt,</strong></span> <span class='ocrx_word' id='word_1_360' title='bbox 3001 876 3138 931; x_wconf 91' lang='lat' dir='ltr'><strong>quos</strong></span> <span class='ocrx_word' id='word_1_361' title='bbox 3172 876 3271 932; x_wconf 89' lang='lat' dir='ltr'><strong>ego</strong></span> <span class='ocrx_word' id='word_1_362' title='bbox 3299 862 3426 932; x_wconf 85' lang='lat' dir='ltr'><strong>qui-</strong></span> 
     </span>
    </p>
   </div>
   <div class='ocr_carea' id='block_1_53' title="bbox 1865 948 3422 1026">
    <p class='ocr_par' dir='ltr' id='par_1_53' title="bbox 1865 948 3422 1026">
     <span class='ocr_line' id='line_1_53' title="bbox 1865 948 3422 1026; baseline 0.004 -25"><span class='ocrx_word' id='word_1_363' title='bbox 1865 948 1985 1003; x_wconf 87' lang='lat' dir='ltr'><strong>dem</strong></span> <span class='ocrx_word' id='word_1_364' title='bbox 2017 949 2218 1004; x_wconf 81' lang='lat' dir='ltr'><strong>Christi</strong></span> <span class='ocrx_word' id='word_1_365' title='bbox 2255 949 2410 1005; x_wconf 90' lang='lat' dir='ltr'><strong>ducis</strong></span> <span class='ocrx_word' id='word_1_366' title='bbox 2455 950 2835 1019; x_wconf 85' lang='lat' dir='ltr'><strong>appellatione,</strong></span> <span class='ocrx_word' id='word_1_367' title='bbox 2862 965 2892 1003; x_wconf 91' lang='lat' dir='ltr'><strong>a</strong></span> <span class='ocrx_word' id='word_1_368' title='bbox 2942 953 3220 1023; x_wconf 89' lang='lat' dir='ltr'><strong>pr0phetia</strong></span> <span class='ocrx_word' id='word_1_369' title='bbox 3254 954 3422 1026; x_wconf 83' lang='lat' dir='ltr'><strong>signi-</strong></span> 
     </span>
    </p>
   </div>
   <div class='ocr_carea' id='block_1_54' title="bbox 1866 1039 3422 1111">
    <p class='ocr_par' dir='ltr' id='par_1_54' title="bbox 1866 1039 3422 1111">
     <span class='ocr_line' id='line_1_54' title="bbox 1866 1039 3422 1111; baseline 0.003 -17"><span class='ocrx_word' id='word_1_370' title='bbox 1866 1039 2018 1094; x_wconf 90' lang='lat' dir='ltr'><strong>ﬁcari</strong></span> <span class='ocrx_word' id='word_1_371' title='bbox 2069 1040 2308 1096; x_wconf 82' lang='lat' dir='ltr'><strong>arbitror</strong></span> <span class='ocrx_word' id='word_1_372' title='bbox 2359 1059 2373 1095; x_wconf 87' lang='lat'><strong>:</strong></span> <span class='ocrx_word' id='word_1_373' title='bbox 2433 1047 2558 1111; x_wconf 90' lang='lat' dir='ltr'><strong>post</strong></span> <span class='ocrx_word' id='word_1_374' title='bbox 2617 1055 2778 1110; x_wconf 89' lang='lat' dir='ltr'><strong>quos,</strong></span> <span class='ocrx_word' id='word_1_375' title='bbox 2817 1040 3060 1110; x_wconf 88' lang='lat' dir='ltr'><strong>ipsorum</strong></span> <span class='ocrx_word' id='word_1_376' title='bbox 3122 1044 3422 1099; x_wconf 84' lang='lat' dir='ltr'><strong>novissimo</strong></span> 
     </span>
    </p>
   </div>
   <div class='ocr_carea' id='block_1_55' title="bbox 1865 1129 3418 1206">
    <p class='ocr_par' dir='ltr' id='par_1_55' title="bbox 1865 1129 3418 1206">
     <span class='ocr_line' id='line_1_55' title="bbox 1865 1129 3418 1206; baseline 0.004 -22"><span class='ocrx_word' id='word_1_377' title='bbox 1865 1131 2176 1186; x_wconf 78' lang='lat' dir='ltr'><strong>Alexandro</strong></span> <span class='ocrx_word' id='word_1_378' title='bbox 2200 1131 2515 1195; x_wconf 86' lang='lat' dir='ltr'><strong>decedente,</strong></span> <span class='ocrx_word' id='word_1_379' title='bbox 2540 1147 2629 1186; x_wconf 89' lang='lat' dir='ltr'><strong>res</strong></span> <span class='ocrx_word' id='word_1_380' title='bbox 2653 1129 2963 1186; x_wconf 77' lang='lat' dir='ltr'><strong>Judaeorum</strong></span> <span class='ocrx_word' id='word_1_381' title='bbox 3003 1133 3121 1187; x_wconf 89' lang='lat' dir='ltr'><strong>sine</strong></span> <span class='ocrx_word' id='word_1_382' title='bbox 3150 1134 3418 1206; x_wconf 85' lang='lat' dir='ltr'><strong>principe,</strong></span> 
     </span>
    </p>
   </div>
   <div class='ocr_carea' id='block_1_56' title="bbox 1865 1222 3422 1296">
    <p class='ocr_par' dir='ltr' id='par_1_56' title="bbox 1865 1222 3422 1296">
     <span class='ocr_line' id='line_1_56' title="bbox 1865 1222 3422 1296; baseline 0.003 -19"><span class='ocrx_word' id='word_1_383' title='bbox 1865 1222 1982 1278; x_wconf 87' lang='lat' dir='ltr'><strong>sine</strong></span> <span class='ocrx_word' id='word_1_384' title='bbox 2011 1222 2170 1288; x_wconf 88' lang='lat' dir='ltr'><strong>duce,</strong></span> <span class='ocrx_word' id='word_1_385' title='bbox 2195 1224 2469 1279; x_wconf 89' lang='lat' dir='ltr'><strong>neminem</strong></span> <span class='ocrx_word' id='word_1_386' title='bbox 2506 1224 2598 1295; x_wconf 88' lang='lat' dir='ltr'><strong>qui</strong></span> <span class='ocrx_word' id='word_1_387' title='bbox 2650 1231 2905 1296; x_wconf 83' lang='lat' dir='ltr'><strong>praeesset</strong></span> <span class='ocrx_word' id='word_1_388' title='bbox 2952 1223 3422 1293; x_wconf 88' lang='lat' dir='ltr'><strong>habentes,relin-</strong></span> 
     </span>
    </p>
   </div>
   <div class='ocr_carea' id='block_1_57' title="bbox 1863 1313 3421 1385">
    <p class='ocr_par' dir='ltr' id='par_1_57' title="bbox 1863 1313 3421 1385">
     <span class='ocr_line' id='line_1_57' title="bbox 1863 1313 3421 1385; baseline 0.002 -18"><span class='ocrx_word' id='word_1_389' title='bbox 1863 1324 2123 1384; x_wconf 91' lang='lat' dir='ltr'><strong>quuntur.</strong></span> <span class='ocrx_word' id='word_1_390' title='bbox 2156 1313 2379 1369; x_wconf 89' lang='lat' dir='ltr'><strong>Factum</strong></span> <span class='ocrx_word' id='word_1_391' title='bbox 2411 1316 2594 1385; x_wconf 88' lang='lat' dir='ltr'><strong>itaque</strong></span> <span class='ocrx_word' id='word_1_392' title='bbox 2628 1322 2732 1378; x_wconf 92' lang='lat' dir='ltr'><strong>est,</strong></span> <span class='ocrx_word' id='word_1_393' title='bbox 2760 1324 2818 1369; x_wconf 92' lang='lat' dir='ltr'><strong>ut</strong></span> <span class='ocrx_word' id='word_1_394' title='bbox 2866 1330 3053 1369; x_wconf 90' lang='lat' dir='ltr'><strong>eorum</strong></span> <span class='ocrx_word' id='word_1_395' title='bbox 3110 1330 3334 1381; x_wconf 77' lang='lat' dir='ltr'><strong>regnum</strong></span> <span class='ocrx_word' id='word_1_396' title='bbox 3366 1317 3421 1371; x_wconf 89' lang='lat' dir='ltr'><strong>in</strong></span> 
     </span>
    </p>
   </div>
   <div class='ocr_carea' id='block_1_58' title="bbox 1865 1404 3424 1476">
    <p class='ocr_par' dir='ltr' id='par_1_58' title="bbox 1865 1404 3424 1476">
     <span class='ocr_line' id='line_1_58' title="bbox 1865 1404 3424 1476; baseline 0.003 -19"><span class='ocrx_word' id='word_1_397' title='bbox 1865 1404 2118 1459; x_wconf 81' lang='lat' dir='ltr'><strong>feminam</strong></span> <span class='ocrx_word' id='word_1_398' title='bbox 2142 1405 2357 1460; x_wconf 84' lang='lat' dir='ltr'><strong>tandem</strong></span> <span class='ocrx_word' id='word_1_399' title='bbox 2385 1406 2662 1461; x_wconf 68' lang='lat' dir='ltr'><strong>reciderit;</strong></span> <span class='ocrx_word' id='word_1_400' title='bbox 2683 1404 2851 1476; x_wconf 88' lang='lat' dir='ltr'><strong>Cujus</strong></span> <span class='ocrx_word' id='word_1_401' title='bbox 2881 1406 2975 1461; x_wconf 91' lang='lat' dir='ltr'><strong>ﬁlii</strong></span> <span class='ocrx_word' id='word_1_402' title='bbox 2997 1406 3106 1462; x_wconf 92' lang='lat' dir='ltr'><strong>duo</strong></span> <span class='ocrx_word' id='word_1_403' title='bbox 3136 1407 3424 1462; x_wconf 87' lang='lat' dir='ltr'><strong>Aristobu-</strong></span> 
     </span>
    </p>
   </div>
   <div class='ocr_carea' id='block_1_59' title="bbox 1864 1491 3420 1567">
    <p class='ocr_par' dir='ltr' id='par_1_59' title="bbox 1864 1491 3420 1567">
     <span class='ocr_line' id='line_1_59' title="bbox 1864 1491 3420 1567; baseline 0.004 -22"><span class='ocrx_word' id='word_1_404' title='bbox 1864 1492 1948 1546; x_wconf 92' lang='lat' dir='ltr'><strong>lus</strong></span> <span class='ocrx_word' id='word_1_405' title='bbox 1979 1500 2142 1563; x_wconf 90' lang='lat' dir='ltr'><strong>atque</strong></span> <span class='ocrx_word' id='word_1_406' title='bbox 2198 1491 2506 1564; x_wconf 80' lang='lat' dir='ltr'><strong>Hyrcanus,</strong></span> <span class='ocrx_word' id='word_1_407' title='bbox 2541 1492 2671 1547; x_wconf 92' lang='lat' dir='ltr'><strong>dum</strong></span> <span class='ocrx_word' id='word_1_408' title='bbox 2717 1492 2859 1547; x_wconf 87' lang='lat' dir='ltr'><strong>inter</strong></span> <span class='ocrx_word' id='word_1_409' title='bbox 2897 1509 2957 1549; x_wconf 90' lang='lat' dir='ltr'><strong>se</strong></span> <span class='ocrx_word' id='word_1_410' title='bbox 3004 1494 3073 1550; x_wconf 89' lang='lat' dir='ltr'><strong>de</strong></span> <span class='ocrx_word' id='word_1_411' title='bbox 3108 1495 3420 1567; x_wconf 79' lang='lat' dir='ltr'><strong>principatu</strong></span> 
     </span>
    </p>
   </div>
   <div class='ocr_carea' id='block_1_60' title="bbox 1862 1582 3421 1658">
    <p class='ocr_par' dir='ltr' id='par_1_60' title="bbox 1862 1582 3421 1658">
     <span class='ocr_line' id='line_1_60' title="bbox 1862 1582 3421 1658; baseline 0.004 -21"><span class='ocrx_word' id='word_1_412' title='bbox 1862 1582 2219 1648; x_wconf 90' lang='lat' dir='ltr'><strong>contendunt,</strong></span> <span class='ocrx_word' id='word_1_413' title='bbox 2251 1583 2541 1654; x_wconf 85' lang='lat' dir='ltr'><strong>Pompeius</strong></span> <span class='ocrx_word' id='word_1_414' title='bbox 2563 1585 2767 1639; x_wconf 88' lang='lat' dir='ltr'><strong>interea</strong></span> <span class='ocrx_word' id='word_1_415' title='bbox 2795 1584 3163 1641; x_wconf 78' lang='lat' dir='ltr'><strong>Romanorum</strong></span> <span class='ocrx_word' id='word_1_416' title='bbox 3185 1588 3421 1658; x_wconf 86' lang='lat' dir='ltr'><strong>impera-</strong></span> 
     </span>
    </p>
   </div>
   <div class='ocr_carea' id='block_1_61' title="bbox 1861 1673 3419 1745">
    <p class='ocr_par' dir='ltr' id='par_1_61' title="bbox 1861 1673 3419 1745">
     <span class='ocr_line' id='line_1_61' title="bbox 1861 1673 3419 1745; baseline 0.003 -19"><span class='ocrx_word' id='word_1_417' title='bbox 1861 1682 1968 1738; x_wconf 87' lang='lat' dir='ltr'><strong>tor,</strong></span> <span class='ocrx_word' id='word_1_418' title='bbox 1994 1673 2369 1745; x_wconf 82' lang='lat' dir='ltr'><strong>ilierosolyma</strong></span> <span class='ocrx_word' id='word_1_419' title='bbox 2399 1689 2711 1745; x_wconf 80' lang='lat' dir='ltr'><strong>aggressus,</strong></span> <span class='ocrx_word' id='word_1_420' title='bbox 2744 1690 2867 1729; x_wconf 89' lang='lat' dir='ltr'><strong>cum</strong></span> <span class='ocrx_word' id='word_1_421' title='bbox 2896 1675 3179 1732; x_wconf 87' lang='lat' dir='ltr'><strong>obsidione</strong></span> <span class='ocrx_word' id='word_1_422' title='bbox 3229 1678 3419 1733; x_wconf 84' lang='lat' dir='ltr'><strong>urbem</strong></span> 
     </span>
    </p>
   </div>
   <div class='ocr_carea' id='block_1_62' title="bbox 1861 1768 3416 1842">
    <p class='ocr_par' dir='ltr' id='par_1_62' title="bbox 1861 1768 3416 1842">
     <span class='ocr_line' id='line_1_62' title="bbox 1861 1768 3416 1842; baseline 0.003 -22"><span class='ocrx_word' id='word_1_423' title='bbox 1861 1768 2026 1838; x_wconf 91' lang='lat' dir='ltr'><strong>capit,</strong></span> <span class='ocrx_word' id='word_1_424' title='bbox 2058 1775 2172 1823; x_wconf 89' lang='lat' dir='ltr'><strong>tum</strong></span> <span class='ocrx_word' id='word_1_425' title='bbox 2208 1783 2383 1838; x_wconf 90' lang='lat' dir='ltr'><strong>usque</strong></span> <span class='ocrx_word' id='word_1_426' title='bbox 2415 1768 2483 1822; x_wconf 83' lang='lat' dir='ltr'><strong>ad</strong></span> <span class='ocrx_word' id='word_1_427' title='bbox 2516 1768 2810 1838; x_wconf 86' lang='lat' dir='ltr'><strong>penetralia</strong></span> <span class='ocrx_word' id='word_1_428' title='bbox 2858 1770 3043 1840; x_wconf 88' lang='lat' dir='ltr'><strong>templi</strong></span> <span class='ocrx_word' id='word_1_429' title='bbox 3070 1785 3416 1842; x_wconf 88' lang='lat' dir='ltr'><strong>progressus,</strong></span> 
     </span>
    </p>
   </div>
   <div class='ocr_carea' id='block_1_63' title="bbox 1863 1856 3421 1928">
    <p class='ocr_par' dir='ltr' id='par_1_63' title="bbox 1863 1856 3421 1928">
     <span class='ocr_line' id='line_1_63' title="bbox 1863 1856 3421 1928; baseline 0.003 -17"><span class='ocrx_word' id='word_1_430' title='bbox 1863 1874 1985 1928; x_wconf 75' lang='lat' dir='ltr'><strong>qua:</strong></span> <span class='ocrx_word' id='word_1_431' title='bbox 2013 1867 2199 1914; x_wconf 87' lang='lat' dir='ltr'><strong>sancta</strong></span> <span class='ocrx_word' id='word_1_432' title='bbox 2251 1857 2309 1912; x_wconf 89' lang='lat' dir='ltr'><strong>in</strong></span> <span class='ocrx_word' id='word_1_433' title='bbox 2350 1857 2458 1912; x_wconf 87' lang='lat' dir='ltr'><strong>illis</strong></span> <span class='ocrx_word' id='word_1_434' title='bbox 2508 1856 2851 1921; x_wconf 88' lang='lat' dir='ltr'><strong>dicebantur,</strong></span> <span class='ocrx_word' id='word_1_435' title='bbox 2885 1857 3157 1928; x_wconf 87' lang='lat' dir='ltr'><strong>profanat.</strong></span> <span class='ocrx_word' id='word_1_436' title='bbox 3208 1857 3275 1912; x_wconf 89' lang='lat' dir='ltr'><strong>Et</strong></span> <span class='ocrx_word' id='word_1_437' title='bbox 3304 1859 3421 1915; x_wconf 65' lang='lat' dir='ltr'><strong>haec</strong></span> 
     </span>
    </p>
   </div>
   <div class='ocr_carea' id='block_1_64' title="bbox 1861 1948 3421 2021">
    <p class='ocr_par' dir='ltr' id='par_1_64' title="bbox 1861 1948 3421 2021">
     <span class='ocr_line' id='line_1_64' title="bbox 1861 1948 3421 2021; baseline 0.002 -17"><span class='ocrx_word' id='word_1_438' title='bbox 1861 1948 2065 2005; x_wconf 71' lang='lat' dir='ltr'><strong>Iudaeis</strong></span> <span class='ocrx_word' id='word_1_439' title='bbox 2138 1948 2392 2003; x_wconf 89' lang='lat' dir='ltr'><strong>accidunt</strong></span> <span class='ocrx_word' id='word_1_440' title='bbox 2436 1948 2747 2010; x_wconf 84' lang='lat' dir='ltr'><strong>centesimae</strong></span> <span class='ocrx_word' id='word_1_441' title='bbox 2797 1951 3205 2021; x_wconf 68' lang='lat' dir='ltr'><strong>septuagesima:</strong></span> <span class='ocrx_word' id='word_1_442' title='bbox 3265 1967 3421 2007; x_wconf 82' lang='lat' dir='ltr'><strong>nonae</strong></span> 
     </span>
    </p>
   </div>
   <div class='ocr_carea' id='block_1_65' title="bbox 1861 2039 3420 2113">
    <p class='ocr_par' dir='ltr' id='par_1_65' title="bbox 1861 2039 3420 2113">
     <span class='ocr_line' id='line_1_65' title="bbox 1861 2039 3420 2113; baseline 0.001 -18"><span class='ocrx_word' id='word_1_443' title='bbox 1861 2041 2184 2112; x_wconf 90' lang='lat' dir='ltr'><strong>olympiadis</strong></span> <span class='ocrx_word' id='word_1_444' title='bbox 2204 2055 2347 2094; x_wconf 89' lang='lat' dir='ltr'><strong>anno</strong></span> <span class='ocrx_word' id='word_1_445' title='bbox 2370 2040 2566 2112; x_wconf 90' lang='lat' dir='ltr'><strong>primo,</strong></span> <span class='ocrx_word' id='word_1_446' title='bbox 2592 2041 2684 2111; x_wconf 90' lang='lat' dir='ltr'><strong>qui</strong></span> <span class='ocrx_word' id='word_1_447' title='bbox 2709 2039 2811 2095; x_wconf 79' lang='lat' dir='ltr'><strong>fuit</strong></span> <span class='ocrx_word' id='word_1_448' title='bbox 2840 2056 3018 2096; x_wconf 80' lang='lat' dir='ltr'><strong>artnns</strong></span> <span class='ocrx_word' id='word_1_449' title='bbox 3046 2057 3075 2097; x_wconf 94' lang='lat' dir='ltr'><strong>a</strong></span> <span class='ocrx_word' id='word_1_450' title='bbox 3096 2041 3220 2113; x_wconf 89' lang='lat' dir='ltr'><strong>Cyri</strong></span> <span class='ocrx_word' id='word_1_451' title='bbox 3253 2058 3420 2113; x_wconf 88' lang='lat' dir='ltr'><strong>regno</strong></span> 
     </span>
    </p>
   </div>
   <div class='ocr_carea' id='block_1_66' title="bbox 1861 2131 3420 2204">
    <p class='ocr_par' dir='ltr' id='par_1_66' title="bbox 1861 2131 3420 2204">
     <span class='ocr_line' id='line_1_66' title="bbox 1861 2131 3420 2204; baseline 0.001 -16"><span class='ocrx_word' id='word_1_452' title='bbox 1861 2132 2426 2204; x_wconf 85' lang='lat' dir='ltr'><strong>quadringentesimus</strong></span> <span class='ocrx_word' id='word_1_453' title='bbox 2485 2131 2871 2202; x_wconf 84' lang='lat' dir='ltr'><strong>nonagesimus</strong></span> <span class='ocrx_word' id='word_1_454' title='bbox 2928 2133 3194 2204; x_wconf 89' lang='lat' dir='ltr'><strong>quintus,</strong></span> <span class='ocrx_word' id='word_1_455' title='bbox 3261 2133 3420 2203; x_wconf 87' lang='lat' dir='ltr'><strong>cujus</strong></span> 
     </span>
    </p>
   </div>
   <div class='ocr_carea' id='block_1_67' title="bbox 1861 2223 3422 2295">
    <p class='ocr_par' dir='ltr' id='par_1_67' title="bbox 1861 2223 3422 2295">
     <span class='ocr_line' id='line_1_67' title="bbox 1861 2223 3422 2295; baseline 0 -18"><span class='ocrx_word' id='word_1_456' title='bbox 1861 2224 2010 2294; x_wconf 86' lang='lat' dir='ltr'><strong>regni</strong></span> <span class='ocrx_word' id='word_1_457' title='bbox 2042 2223 2255 2276; x_wconf 92' lang='lat' dir='ltr'><strong>initium</strong></span> <span class='ocrx_word' id='word_1_458' title='bbox 2287 2223 2740 2294; x_wconf 83' lang='lat' dir='ltr'><strong>quinquagesima</strong></span> <span class='ocrx_word' id='word_1_459' title='bbox 2779 2223 2968 2294; x_wconf 86' lang='lat' dir='ltr'><strong>quinta</strong></span> <span class='ocrx_word' id='word_1_460' title='bbox 2996 2223 3302 2295; x_wconf 78' lang='lat' dir='ltr'><strong>Olympiade</strong></span> <span class='ocrx_word' id='word_1_461' title='bbox 3340 2224 3422 2278; x_wconf 83' lang='lat' dir='ltr'><strong>fa-</strong></span> 
     </span>
    </p>
   </div>
   <div class='ocr_carea' id='block_1_68' title="bbox 1861 2311 3418 2385">
    <p class='ocr_par' dir='ltr' id='par_1_68' title="bbox 1861 2311 3418 2385">
     <span class='ocr_line' id='line_1_68' title="bbox 1861 2311 3418 2385; baseline 0.001 -18"><span class='ocrx_word' id='word_1_462' title='bbox 1861 2323 2007 2368; x_wconf 90' lang='lat' dir='ltr'><strong>ctum</strong></span> <span class='ocrx_word' id='word_1_463' title='bbox 2047 2319 2152 2367; x_wconf 87' lang='lat' dir='ltr'><strong>est.</strong></span> <span class='ocrx_word' id='word_1_464' title='bbox 2205 2311 2309 2367; x_wconf 86' lang='lat' dir='ltr'><strong>Per</strong></span> <span class='ocrx_word' id='word_1_465' title='bbox 2356 2313 2411 2368; x_wconf 92' lang='lat' dir='ltr'><strong>id</strong></span> <span class='ocrx_word' id='word_1_466' title='bbox 2462 2314 2628 2384; x_wconf 86' lang='lat' dir='ltr'><strong>igitur</strong></span> <span class='ocrx_word' id='word_1_467' title='bbox 2683 2314 2947 2383; x_wconf 90' lang='lat' dir='ltr'><strong>temporis</strong></span> <span class='ocrx_word' id='word_1_468' title='bbox 2993 2312 3315 2385; x_wconf 77' lang='lat' dir='ltr'><strong>Pompeius,</strong></span> <span class='ocrx_word' id='word_1_469' title='bbox 3363 2315 3418 2369; x_wconf 82' lang='lat' dir='ltr'><strong>vi</strong></span> 
     </span>
    </p>
   </div>
   <div class='ocr_carea' id='block_1_69' title="bbox 1860 2401 3419 2475">
    <p class='ocr_par' dir='ltr' id='par_1_69' title="bbox 1860 2401 3419 2475">
     <span class='ocr_line' id='line_1_69' title="bbox 1860 2401 3419 2475; baseline 0.003 -18"><span class='ocrx_word' id='word_1_470' title='bbox 1860 2403 2035 2473; x_wconf 86' lang='lat' dir='ltr'><strong>captis</strong></span> <span class='ocrx_word' id='word_1_471' title='bbox 2067 2401 2477 2475; x_wconf 86' lang='lat' dir='ltr'><strong>Hierosolymis,</strong></span> <span class='ocrx_word' id='word_1_472' title='bbox 2508 2414 2562 2458; x_wconf 89' lang='lat' dir='ltr'><strong>et</strong></span> <span class='ocrx_word' id='word_1_473' title='bbox 2594 2404 2834 2460; x_wconf 84' lang='lat' dir='ltr'><strong>vinctum</strong></span> <span class='ocrx_word' id='word_1_474' title='bbox 2896 2405 3268 2461; x_wconf 87' lang='lat' dir='ltr'><strong>Aristobulum</strong></span> <span class='ocrx_word' id='word_1_475' title='bbox 3309 2405 3419 2462; x_wconf 84' lang='lat' dir='ltr'><strong>Ro-</strong></span> 
     </span>
    </p>
   </div>
   <div class='ocr_carea' id='block_1_70' title="bbox 1857 2494 3416 2567">
    <p class='ocr_par' dir='ltr' id='par_1_70' title="bbox 1857 2494 3416 2567">
     <span class='ocr_line' id='line_1_70' title="bbox 1857 2494 3416 2567; baseline 0.004 -19"><span class='ocrx_word' id='word_1_476' title='bbox 1857 2509 2000 2548; x_wconf 90' lang='lat' dir='ltr'><strong>mam</strong></span> <span class='ocrx_word' id='word_1_477' title='bbox 2048 2495 2230 2559; x_wconf 90' lang='lat' dir='ltr'><strong>mittit,</strong></span> <span class='ocrx_word' id='word_1_478' title='bbox 2254 2502 2308 2549; x_wconf 92' lang='lat' dir='ltr'><strong>et</strong></span> <span class='ocrx_word' id='word_1_479' title='bbox 2352 2495 2516 2564; x_wconf 88' lang='lat' dir='ltr'><strong>hujus</strong></span> <span class='ocrx_word' id='word_1_480' title='bbox 2546 2494 2701 2550; x_wconf 80' lang='lat' dir='ltr'><strong>fratri</strong></span> <span class='ocrx_word' id='word_1_481' title='bbox 2752 2494 3004 2567; x_wconf 85' lang='lat' dir='ltr'><strong>Hyrcano</strong></span> <span class='ocrx_word' id='word_1_482' title='bbox 3054 2499 3416 2557; x_wconf 80' lang='lat' dir='ltr'><strong>sacerdotium</strong></span> 
     </span>
    </p>
   </div>
   <div class='ocr_carea' id='block_1_71' title="bbox 1861 2586 3418 2658">
    <p class='ocr_par' dir='ltr' id='par_1_71' title="bbox 1861 2586 3418 2658">
     <span class='ocr_line' id='line_1_71' title="bbox 1861 2586 3418 2658; baseline 0.004 -21"><span class='ocrx_word' id='word_1_483' title='bbox 1861 2586 2046 2647; x_wconf 85' lang='lat' dir='ltr'><strong>tradit.</strong></span> <span class='ocrx_word' id='word_1_484' title='bbox 2080 2596 2242 2657; x_wconf 91' lang='lat' dir='ltr'><strong>atque</strong></span> <span class='ocrx_word' id='word_1_485' title='bbox 2273 2603 2336 2643; x_wconf 80' lang='lat' dir='ltr'><strong>ex</strong></span> <span class='ocrx_word' id='word_1_486' title='bbox 2380 2587 2475 2642; x_wconf 88' lang='lat' dir='ltr'><strong>illo</strong></span> <span class='ocrx_word' id='word_1_487' title='bbox 2522 2596 2763 2658; x_wconf 85' lang='lat' dir='ltr'><strong>tempore</strong></span> <span class='ocrx_word' id='word_1_488' title='bbox 2807 2588 3059 2645; x_wconf 87' lang='lat' dir='ltr'><strong>universa</strong></span> <span class='ocrx_word' id='word_1_489' title='bbox 3106 2588 3418 2646; x_wconf 73' lang='lat' dir='ltr'><strong>Judazorum</strong></span> 
     </span>
    </p>
   </div>
   <div class='ocr_carea' id='block_1_72' title="bbox 1858 2677 3418 2755">
    <p class='ocr_par' dir='ltr' id='par_1_72' title="bbox 1858 2677 3418 2755">
     <span class='ocr_line' id='line_1_72' title="bbox 1858 2677 3418 2755; baseline 0.002 -20"><span class='ocrx_word' id='word_1_490' title='bbox 1858 2681 2009 2735; x_wconf 90' lang='lat' dir='ltr'><strong>natio</strong></span> <span class='ocrx_word' id='word_1_491' title='bbox 2036 2677 2297 2734; x_wconf 77' lang='lat' dir='ltr'><strong>Romanis</strong></span> <span class='ocrx_word' id='word_1_492' title='bbox 2318 2678 2605 2734; x_wconf 90' lang='lat' dir='ltr'><strong>tributaria</strong></span> <span class='ocrx_word' id='word_1_493' title='bbox 2633 2682 2776 2734; x_wconf 84' lang='lat' dir='ltr'><strong>facta</strong></span> <span class='ocrx_word' id='word_1_494' title='bbox 2817 2688 2920 2736; x_wconf 87' lang='lat' dir='ltr'><strong>est.</strong></span> <span class='ocrx_word' id='word_1_495' title='bbox 2953 2679 3083 2737; x_wconf 92' lang='lat' dir='ltr'><strong>Post</strong></span> <span class='ocrx_word' id='word_1_496' title='bbox 3108 2681 3418 2755; x_wconf 78' lang='lat' dir='ltr'><strong>Hyrcanum</strong></span> 
     </span>
    </p>
   </div>
   <div class='ocr_carea' id='block_1_73' title="bbox 1857 2768 3417 2843">
    <p class='ocr_par' dir='ltr' id='par_1_73' title="bbox 1857 2768 3417 2843">
     <span class='ocr_line' id='line_1_73' title="bbox 1857 2768 3417 2843; baseline 0.004 -20"><span class='ocrx_word' id='word_1_497' title='bbox 1857 2768 2119 2834; x_wconf 81' lang='lat' dir='ltr'><strong>Herodes,</strong></span> <span class='ocrx_word' id='word_1_498' title='bbox 2160 2768 2425 2840; x_wconf 84' lang='lat' dir='ltr'><strong>Antipatri</strong></span> <span class='ocrx_word' id='word_1_499' title='bbox 2476 2768 2638 2834; x_wconf 87' lang='lat' dir='ltr'><strong>ﬁlius,</strong></span> <span class='ocrx_word' id='word_1_500' title='bbox 2669 2769 2789 2839; x_wconf 90' lang='lat' dir='ltr'><strong>ipso</strong></span> <span class='ocrx_word' id='word_1_501' title='bbox 2817 2769 3105 2826; x_wconf 89' lang='lat' dir='ltr'><strong>interfecto</strong></span> <span class='ocrx_word' id='word_1_502' title='bbox 3145 2770 3417 2843; x_wconf 81' lang='lat' dir='ltr'><strong>Hyrcano,</strong></span> 
     </span>
    </p>
   </div>
   <div class='ocr_carea' id='block_1_74' title="bbox 1856 2859 3421 2933">
    <p class='ocr_par' dir='ltr' id='par_1_74' title="bbox 1856 2859 3421 2933">
     <span class='ocr_line' id='line_1_74' title="bbox 1856 2859 3421 2933; baseline 0.002 -17"><span class='ocrx_word' id='word_1_503' title='bbox 1856 2861 2121 2933; x_wconf 84' lang='lat' dir='ltr'><strong>largiente</strong></span> <span class='ocrx_word' id='word_1_504' title='bbox 2169 2859 2418 2915; x_wconf 78' lang='lat' dir='ltr'><strong>Romano</strong></span> <span class='ocrx_word' id='word_1_505' title='bbox 2471 2869 2685 2927; x_wconf 87' lang='lat' dir='ltr'><strong>senatu,</strong></span> <span class='ocrx_word' id='word_1_506' title='bbox 2739 2859 3049 2916; x_wconf 69' lang='lat' dir='ltr'><strong>Iudaeorum</strong></span> <span class='ocrx_word' id='word_1_507' title='bbox 3093 2863 3305 2920; x_wconf 88' lang='lat' dir='ltr'><strong>obtinet</strong></span> <span class='ocrx_word' id='word_1_508' title='bbox 3332 2880 3421 2919; x_wconf 81' lang='lat' dir='ltr'><strong>re-</strong></span> 
     </span>
    </p>
   </div>
   <div class='ocr_carea' id='block_1_75' title="bbox 1857 2951 3420 3026">
    <p class='ocr_par' dir='ltr' id='par_1_75' title="bbox 1857 2951 3420 3026">
     <span class='ocr_line' id='line_1_75' title="bbox 1857 2951 3420 3026; baseline 0.001 -17"><span class='ocrx_word' id='word_1_509' title='bbox 1857 2970 2043 3026; x_wconf 89' lang='lat' dir='ltr'><strong>gnum.</strong></span> <span class='ocrx_word' id='word_1_510' title='bbox 2077 2951 2177 3008; x_wconf 82' lang='lat' dir='ltr'><strong>Hic</strong></span> <span class='ocrx_word' id='word_1_511' title='bbox 2219 2953 2432 3024; x_wconf 90' lang='lat' dir='ltr'><strong>primus</strong></span> <span class='ocrx_word' id='word_1_512' title='bbox 2460 2954 2639 3007; x_wconf 86' lang='lat' dir='ltr'><strong>alieno</strong></span> <span class='ocrx_word' id='word_1_513' title='bbox 2669 2962 2824 3009; x_wconf 89' lang='lat' dir='ltr'><strong>ortus</strong></span> <span class='ocrx_word' id='word_1_514' title='bbox 2847 2969 3063 3025; x_wconf 87' lang='lat' dir='ltr'><strong>genere,</strong></span> <span class='ocrx_word' id='word_1_515' title='bbox 3102 2956 3420 3026; x_wconf 89' lang='lat' dir='ltr'><strong>perturbato</strong></span> 
     </span>
    </p>
   </div>
   <div class='ocr_carea' id='block_1_76' title="bbox 1856 3040 3422 3116">
    <p class='ocr_par' dir='ltr' id='par_1_76' title="bbox 1856 3040 3422 3116">
     <span class='ocr_line' id='line_1_76' title="bbox 1856 3040 3422 3116; baseline 0.005 -22"><span class='ocrx_word' id='word_1_516' title='bbox 1856 3042 2171 3112; x_wconf 90' lang='lat' dir='ltr'><strong>pontiﬁcum</strong></span> <span class='ocrx_word' id='word_1_517' title='bbox 2203 3040 2416 3106; x_wconf 89' lang='lat' dir='ltr'><strong>ordine,</strong></span> <span class='ocrx_word' id='word_1_518' title='bbox 2454 3043 2548 3113; x_wconf 91' lang='lat' dir='ltr'><strong>qui</strong></span> <span class='ocrx_word' id='word_1_519' title='bbox 2596 3041 2835 3097; x_wconf 78' lang='lat' dir='ltr'><strong>Mosaica</strong></span> <span class='ocrx_word' id='word_1_520' title='bbox 2886 3044 2999 3116; x_wconf 84' lang='lat' dir='ltr'><strong>lege</strong></span> <span class='ocrx_word' id='word_1_521' title='bbox 3034 3047 3280 3102; x_wconf 89' lang='lat' dir='ltr'><strong>sancitus</strong></span> <span class='ocrx_word' id='word_1_522' title='bbox 3305 3046 3422 3102; x_wconf 79' lang='lat' dir='ltr'><strong>fue-</strong></span> 
     </span>
    </p>
   </div>
   <div class='ocr_carea' id='block_1_77' title="bbox 1856 3132 3418 3207">
    <p class='ocr_par' dir='ltr' id='par_1_77' title="bbox 1856 3132 3418 3207">
     <span class='ocr_line' id='line_1_77' title="bbox 1856 3132 3418 3207; baseline 0.003 -20"><span class='ocrx_word' id='word_1_523' title='bbox 1856 3140 1963 3199; x_wconf 88' lang='lat' dir='ltr'><strong>rat,</strong></span> <span class='ocrx_word' id='word_1_524' title='bbox 1990 3134 2043 3188; x_wconf 92' lang='lat' dir='ltr'><strong>in</strong></span> <span class='ocrx_word' id='word_1_525' title='bbox 2074 3133 2164 3187; x_wconf 91' lang='lat' dir='ltr'><strong>illa</strong></span> <span class='ocrx_word' id='word_1_526' title='bbox 2186 3140 2345 3204; x_wconf 85' lang='lat' dir='ltr'><strong>gente</strong></span> <span class='ocrx_word' id='word_1_527' title='bbox 2371 3141 2580 3205; x_wconf 90' lang='lat' dir='ltr'><strong>regnat.</strong></span> <span class='ocrx_word' id='word_1_528' title='bbox 2606 3132 2713 3189; x_wconf 83' lang='lat' dir='ltr'><strong>Lex</strong></span> <span class='ocrx_word' id='word_1_529' title='bbox 2759 3135 2901 3190; x_wconf 90' lang='lat' dir='ltr'><strong>enim</strong></span> <span class='ocrx_word' id='word_1_530' title='bbox 2948 3134 3128 3191; x_wconf 78' lang='lat' dir='ltr'><strong>divina</strong></span> <span class='ocrx_word' id='word_1_531' title='bbox 3171 3136 3418 3207; x_wconf 87' lang='lat' dir='ltr'><strong>jubebat,</strong></span> 
     </span>
    </p>
   </div>
   <div class='ocr_carea' id='block_1_78' title="bbox 1857 3228 3421 3299">
    <p class='ocr_par' dir='ltr' id='par_1_78' title="bbox 1857 3228 3421 3299">
     <span class='ocr_line' id='line_1_78' title="bbox 1857 3228 3421 3299; baseline 0.006 -18"><span class='ocrx_word' id='word_1_532' title='bbox 1857 3236 1918 3281; x_wconf 90' lang='lat' dir='ltr'><strong>ut</strong></span> <span class='ocrx_word' id='word_1_533' title='bbox 1948 3228 2215 3284; x_wconf 81' lang='lat' dir='ltr'><strong>maximus</strong></span> <span class='ocrx_word' id='word_1_534' title='bbox 2243 3228 2485 3298; x_wconf 77' lang='lat' dir='ltr'><strong>pontifex</strong></span> <span class='ocrx_word' id='word_1_535' title='bbox 2518 3243 2683 3299; x_wconf 90' lang='lat' dir='ltr'><strong>quam</strong></span> <span class='ocrx_word' id='word_1_536' title='bbox 2718 3229 2810 3285; x_wconf 89' lang='lat' dir='ltr'><strong>diu</strong></span> <span class='ocrx_word' id='word_1_537' title='bbox 2860 3230 3067 3288; x_wconf 76' lang='lat' dir='ltr'><strong>viveret</strong></span> <span class='ocrx_word' id='word_1_538' title='bbox 3114 3233 3421 3291; x_wconf 73' lang='lat' dir='ltr'><strong>sacerdotio</strong></span> 
     </span>
    </p>
   </div>
   <div class='ocr_carea' id='block_1_79' title="bbox 1859 3316 3421 3395">
    <p class='ocr_par' dir='ltr' id='par_1_79' title="bbox 1859 3316 3421 3395">
     <span class='ocr_line' id='line_1_79' title="bbox 1859 3316 3421 3395; baseline 0.006 -24"><span class='ocrx_word' id='word_1_539' title='bbox 1859 3316 2196 3390; x_wconf 78' lang='lat' dir='ltr'><strong>fungeretur.</strong></span> <span class='ocrx_word' id='word_1_540' title='bbox 2231 3319 2302 3373; x_wconf 79' lang='lat' dir='ltr'><strong>At</strong></span> <span class='ocrx_word' id='word_1_541' title='bbox 2330 3320 2573 3377; x_wconf 84' lang='lat' dir='ltr'><strong>Herodes</strong></span> <span class='ocrx_word' id='word_1_542' title='bbox 2606 3336 2716 3375; x_wconf 90' lang='lat' dir='ltr'><strong>non</strong></span> <span class='ocrx_word' id='word_1_543' title='bbox 2746 3322 2815 3377; x_wconf 89' lang='lat' dir='ltr'><strong>iis</strong></span> <span class='ocrx_word' id='word_1_544' title='bbox 2836 3324 2928 3393; x_wconf 91' lang='lat' dir='ltr'><strong>qui</strong></span> <span class='ocrx_word' id='word_1_545' title='bbox 2957 3324 3199 3394; x_wconf 90' lang='lat' dir='ltr'><strong>legitimo</strong></span> <span class='ocrx_word' id='word_1_546' title='bbox 3222 3341 3421 3395; x_wconf 85' lang='lat' dir='ltr'><strong>genere</strong></span> 
     </span>
    </p>
   </div>
   <div class='ocr_carea' id='block_1_80' title="bbox 1858 3412 3416 3484">
    <p class='ocr_par' dir='ltr' id='par_1_80' title="bbox 1858 3412 3416 3484">
     <span class='ocr_line' id='line_1_80' title="bbox 1858 3412 3416 3484; baseline 0.005 -18"><span class='ocrx_word' id='word_1_547' title='bbox 1858 3412 1963 3466; x_wconf 89' lang='lat' dir='ltr'><strong>orti</strong></span> <span class='ocrx_word' id='word_1_548' title='bbox 2000 3420 2205 3475; x_wconf 87' lang='lat' dir='ltr'><strong>essent,</strong></span> <span class='ocrx_word' id='word_1_549' title='bbox 2248 3429 2425 3483; x_wconf 89' lang='lat' dir='ltr'><strong>neque</strong></span> <span class='ocrx_word' id='word_1_550' title='bbox 2472 3414 2539 3468; x_wconf 90' lang='lat' dir='ltr'><strong>iis</strong></span> <span class='ocrx_word' id='word_1_551' title='bbox 2588 3414 2680 3484; x_wconf 89' lang='lat' dir='ltr'><strong>qui</strong></span> <span class='ocrx_word' id='word_1_552' title='bbox 2732 3414 2786 3469; x_wconf 87' lang='lat' dir='ltr'><strong>id</strong></span> <span class='ocrx_word' id='word_1_553' title='bbox 2816 3415 2960 3484; x_wconf 86' lang='lat' dir='ltr'><strong>juris</strong></span> <span class='ocrx_word' id='word_1_554' title='bbox 2999 3417 3279 3483; x_wconf 89' lang='lat' dir='ltr'><strong>haberent,</strong></span> <span class='ocrx_word' id='word_1_555' title='bbox 3322 3419 3416 3474; x_wconf 88' lang='lat' dir='ltr'><strong>sed</strong></span> 
     </span>
    </p>
   </div>
   <div class='ocr_carea' id='block_1_81' title="bbox 1859 3504 3419 3576">
    <p class='ocr_par' dir='ltr' id='par_1_81' title="bbox 1859 3504 3419 3576">
     <span class='ocr_line' id='line_1_81' title="bbox 1859 3504 3419 3576; baseline 0.003 -16"><span class='ocrx_word' id='word_1_556' title='bbox 1859 3504 2224 3574; x_wconf 85' lang='lat' dir='ltr'><strong>supposititiis</strong></span> <span class='ocrx_word' id='word_1_557' title='bbox 2253 3505 2603 3575; x_wconf 88' lang='lat' dir='ltr'><strong>quibusdam,</strong></span> <span class='ocrx_word' id='word_1_558' title='bbox 2640 3516 2804 3576; x_wconf 86' lang='lat' dir='ltr'><strong>atque</strong></span> <span class='ocrx_word' id='word_1_559' title='bbox 2837 3522 2868 3561; x_wconf 89' lang='lat' dir='ltr'><strong>a</strong></span> <span class='ocrx_word' id='word_1_560' title='bbox 2911 3508 3055 3562; x_wconf 89' lang='lat' dir='ltr'><strong>serie</strong></span> <span class='ocrx_word' id='word_1_561' title='bbox 3100 3523 3165 3563; x_wconf 89' lang='lat' dir='ltr'><strong>ac</strong></span> <span class='ocrx_word' id='word_1_562' title='bbox 3197 3523 3419 3565; x_wconf 62' lang='lat' dir='ltr'><strong>succeso</strong></span> 
     </span>
    </p>
   </div>
   <div class='ocr_carea' id='block_1_82' title="bbox 1858 3593 3418 3664">
    <p class='ocr_par' dir='ltr' id='par_1_82' title="bbox 1858 3593 3418 3664">
     <span class='ocr_line' id='line_1_82' title="bbox 1858 3593 3418 3664; baseline 0.006 -16"><span class='ocrx_word' id='word_1_563' title='bbox 1858 3593 2010 3648; x_wconf 88' lang='lat' dir='ltr'><strong>sione</strong></span> <span class='ocrx_word' id='word_1_564' title='bbox 2035 3594 2351 3664; x_wconf 82' lang='lat' dir='ltr'><strong>pomiﬁcum</strong></span> <span class='ocrx_word' id='word_1_565' title='bbox 2389 3597 2582 3652; x_wconf 89' lang='lat' dir='ltr'><strong>alienis</strong></span> <span class='ocrx_word' id='word_1_566' title='bbox 2613 3596 2667 3651; x_wconf 92' lang='lat' dir='ltr'><strong>id</strong></span> <span class='ocrx_word' id='word_1_567' title='bbox 2689 3598 2929 3653; x_wconf 86' lang='lat' dir='ltr'><strong>muneris</strong></span> <span class='ocrx_word' id='word_1_568' title='bbox 2948 3599 3214 3664; x_wconf 88' lang='lat' dir='ltr'><strong>attribuit,</strong></span> <span class='ocrx_word' id='word_1_569' title='bbox 3251 3615 3315 3655; x_wconf 89' lang='lat' dir='ltr'><strong>ac</strong></span> <span class='ocrx_word' id='word_1_570' title='bbox 3347 3617 3418 3657; x_wconf 86' lang='lat' dir='ltr'><strong>ne</strong></span> 
     </span>
    </p>
   </div>
   <div class='ocr_carea' id='block_1_83' title="bbox 1857 3685 3415 3760">
    <p class='ocr_par' dir='ltr' id='par_1_83' title="bbox 1857 3685 3415 3760">
     <span class='ocr_line' id='line_1_83' title="bbox 1857 3685 3415 3760; baseline 0.003 -22"><span class='ocrx_word' id='word_1_571' title='bbox 1857 3685 1927 3741; x_wconf 85' lang='lat' dir='ltr'><strong>iis</strong></span> <span class='ocrx_word' id='word_1_572' title='bbox 1959 3685 2177 3756; x_wconf 89' lang='lat' dir='ltr'><strong>quidem</strong></span> <span class='ocrx_word' id='word_1_573' title='bbox 2228 3686 2283 3741; x_wconf 90' lang='lat' dir='ltr'><strong>in</strong></span> <span class='ocrx_word' id='word_1_574' title='bbox 2336 3695 2679 3758; x_wconf 88' lang='lat' dir='ltr'><strong>perpetuum,</strong></span> <span class='ocrx_word' id='word_1_575' title='bbox 2709 3688 2802 3744; x_wconf 87' lang='lat' dir='ltr'><strong>sed</strong></span> <span class='ocrx_word' id='word_1_576' title='bbox 2853 3689 2919 3744; x_wconf 91' lang='lat' dir='ltr'><strong>ad</strong></span> <span class='ocrx_word' id='word_1_577' title='bbox 2955 3688 3116 3745; x_wconf 78' lang='lat' dir='ltr'><strong>breve</strong></span> <span class='ocrx_word' id='word_1_578' title='bbox 3144 3691 3415 3760; x_wconf 87' lang='lat' dir='ltr'><strong>quoddam</strong></span> 
     </span>
    </p>
   </div>
   <div class='ocr_carea' id='block_1_84' title="bbox 1857 3777 3419 3853">
    <p class='ocr_par' dir='ltr' id='par_1_84' title="bbox 1857 3777 3419 3853">
     <span class='ocr_line' id='line_1_84' title="bbox 1857 3777 3419 3853; baseline 0.004 -22"><span class='ocrx_word' id='word_1_579' title='bbox 1857 3777 2383 3850; x_wconf 86' lang='lat' dir='ltr'><strong>determinatumque</strong></span> <span class='ocrx_word' id='word_1_580' title='bbox 2438 3788 2652 3850; x_wconf 91' lang='lat' dir='ltr'><strong>tempus</strong></span> <span class='ocrx_word' id='word_1_581' title='bbox 2709 3781 3040 3852; x_wconf 85' lang='lat' dir='ltr'><strong>gratiﬁcans,</strong></span> <span class='ocrx_word' id='word_1_582' title='bbox 3063 3781 3223 3853; x_wconf 83' lang='lat'><strong>395</strong></span> <span class='ocrx_word' id='word_1_583' title='bbox 3256 3790 3419 3853; x_wconf 78' lang='lat' dir='ltr'><strong>atque</strong></span> 
     </span>
    </p>
   </div>
   <div class='ocr_carea' id='block_1_85' title="bbox 1858 3869 3414 3945">
    <p class='ocr_par' dir='ltr' id='par_1_85' title="bbox 1858 3869 3414 3945">
     <span class='ocr_line' id='line_1_85' title="bbox 1858 3869 3414 3945; baseline 0.004 -23"><span class='ocrx_word' id='word_1_584' title='bbox 1858 3869 1963 3923; x_wconf 90' lang='lat' dir='ltr'><strong>alio</strong></span> <span class='ocrx_word' id='word_1_585' title='bbox 1997 3878 2239 3940; x_wconf 89' lang='lat' dir='ltr'><strong>tempore</strong></span> <span class='ocrx_word' id='word_1_586' title='bbox 2290 3870 2413 3926; x_wconf 90' lang='lat' dir='ltr'><strong>aliis</strong></span> <span class='ocrx_word' id='word_1_587' title='bbox 2445 3870 2714 3942; x_wconf 85' lang='lat' dir='ltr'><strong>ejusmodi</strong></span> <span class='ocrx_word' id='word_1_588' title='bbox 2768 3872 3026 3929; x_wconf 90' lang='lat' dir='ltr'><strong>honorem</strong></span> <span class='ocrx_word' id='word_1_589' title='bbox 3078 3874 3414 3945; x_wconf 82' lang='lat' dir='ltr'><strong>impertiens,</strong></span> 
     </span>
    </p>
   </div>
   <div class='ocr_carea' id='block_1_86' title="bbox 1859 3965 3417 4039">
    <p class='ocr_par' dir='ltr' id='par_1_86' title="bbox 1859 3965 3417 4039">
     <span class='ocr_line' id='line_1_86' title="bbox 1859 3965 3417 4039; baseline 0.001 -20"><span class='ocrx_word' id='word_1_590' title='bbox 1859 3974 1918 4019; x_wconf 92' lang='lat' dir='ltr'><strong>ut</strong></span> <span class='ocrx_word' id='word_1_591' title='bbox 1946 3966 2049 4020; x_wconf 89' lang='lat' dir='ltr'><strong>hac</strong></span> <span class='ocrx_word' id='word_1_592' title='bbox 2084 3965 2312 4026; x_wconf 85' lang='lat' dir='ltr'><strong>ratione,</strong></span> <span class='ocrx_word' id='word_1_593' title='bbox 2345 3967 2533 4037; x_wconf 69' lang='lat' dir='ltr'><strong>prima:</strong></span> <span class='ocrx_word' id='word_1_594' title='bbox 2567 3966 2784 4037; x_wconf 91' lang='lat' dir='ltr'><strong>quidem</strong></span> <span class='ocrx_word' id='word_1_595' title='bbox 2815 3966 3180 4024; x_wconf 87' lang='lat' dir='ltr'><strong>hebdomades</strong></span> <span class='ocrx_word' id='word_1_596' title='bbox 3212 3976 3417 4039; x_wconf 81' lang='lat' dir='ltr'><strong>septem</strong></span> 
     </span>
    </p>
   </div>
   <div class='ocr_carea' id='block_1_87' title="bbox 1857 4054 3416 4131">
    <p class='ocr_par' dir='ltr' id='par_1_87' title="bbox 1857 4054 3416 4131">
     <span class='ocr_line' id='line_1_87' title="bbox 1857 4054 3416 4131; baseline 0.003 -22"><span class='ocrx_word' id='word_1_597' title='bbox 1857 4070 1888 4109; x_wconf 91' lang='lat' dir='ltr'><strong>a</strong></span> <span class='ocrx_word' id='word_1_598' title='bbox 1910 4054 2053 4127; x_wconf 89' lang='lat' dir='ltr'><strong>Cyro</strong></span> <span class='ocrx_word' id='word_1_599' title='bbox 2082 4056 2149 4110; x_wconf 91' lang='lat' dir='ltr'><strong>ad</strong></span> <span class='ocrx_word' id='word_1_600' title='bbox 2195 4055 2441 4122; x_wconf 90' lang='lat' dir='ltr'><strong>Darium,</strong></span> <span class='ocrx_word' id='word_1_601' title='bbox 2474 4057 2697 4128; x_wconf 68' lang='lat' dir='ltr'><strong>reliquae</strong></span> <span class='ocrx_word' id='word_1_602' title='bbox 2718 4062 2850 4113; x_wconf 66' lang='lat' dir='ltr'><strong>Vero</strong></span> <span class='ocrx_word' id='word_1_603' title='bbox 2884 4059 3166 4131; x_wconf 78' lang='lat' dir='ltr'><strong>sexaginta</strong></span> <span class='ocrx_word' id='word_1_604' title='bbox 3211 4059 3352 4125; x_wconf 68' lang='lat' dir='ltr'><strong>dum,</strong></span> <span class='ocrx_word' id='word_1_605' title='bbox 3386 4078 3416 4113; x_wconf 87' lang='lat' dir='ltr'><strong>a</strong></span> 
     </span>
    </p>
   </div>
   <div class='ocr_carea' id='block_1_88' title="bbox 1857 4146 3459 4221">
    <p class='ocr_par' dir='ltr' id='par_1_88' title="bbox 1857 4146 3459 4221">
     <span class='ocr_line' id='line_1_88' title="bbox 1857 4146 3459 4221; baseline 0.004 -22"><span class='ocrx_word' id='word_1_606' title='bbox 1857 4146 2019 4202; x_wconf 88' lang='lat' dir='ltr'><strong>Dario</strong></span> <span class='ocrx_word' id='word_1_607' title='bbox 2047 4146 2114 4201; x_wconf 93' lang='lat' dir='ltr'><strong>ad</strong></span> <span class='ocrx_word' id='word_1_608' title='bbox 2146 4148 2523 4217; x_wconf 89' lang='lat' dir='ltr'><strong>imperatorem</strong></span> <span class='ocrx_word' id='word_1_609' title='bbox 2550 4146 2918 4204; x_wconf 83' lang='lat' dir='ltr'><strong>Romanorum</strong></span> <span class='ocrx_word' id='word_1_610' title='bbox 2947 4147 3259 4221; x_wconf 78' lang='lat' dir='ltr'><strong>Pompeium</strong></span> <span class='ocrx_word' id='word_1_611' title='bbox 3290 4166 3420 4206; x_wconf 88' lang='lat' dir='ltr'><strong>con-</strong></span> <span class='ocrx_word' id='word_1_612' title='bbox 3454 4161 3459 4165; x_wconf 83' lang='lat'><strong>‘</strong></span> 
     </span>
    </p>
   </div>
   <div class='ocr_carea' id='block_1_89' title="bbox 1858 4238 3417 4312">
    <p class='ocr_par' dir='ltr' id='par_1_89' title="bbox 1858 4238 3417 4312">
     <span class='ocr_line' id='line_1_89' title="bbox 1858 4238 3417 4312; baseline 0.004 -21"><span class='ocrx_word' id='word_1_613' title='bbox 1858 4238 2153 4295; x_wconf 89' lang='lat' dir='ltr'><strong>tineantur.</strong></span> <span class='ocrx_word' id='word_1_614' title='bbox 2182 4239 2251 4291; x_wconf 82' lang='lat' dir='ltr'><strong>At</strong></span> <span class='ocrx_word' id='word_1_615' title='bbox 2280 4238 2326 4294; x_wconf 91' lang='lat' dir='ltr'><strong>si</strong></span> <span class='ocrx_word' id='word_1_616' title='bbox 2351 4240 2565 4295; x_wconf 89' lang='lat' dir='ltr'><strong>tertiam</strong></span> <span class='ocrx_word' id='word_1_617' title='bbox 2603 4248 2862 4310; x_wconf 64' lang='lat' dir='ltr'><strong>praeterea</strong></span> <span class='ocrx_word' id='word_1_618' title='bbox 2902 4243 3417 4312; x_wconf 87' lang='lat' dir='ltr'><strong>contemplationem</strong></span> 
     </span>
    </p>
   </div>
   <div class='ocr_carea' id='block_1_90' title="bbox 1857 4327 3415 4399">
    <p class='ocr_par' dir='ltr' id='par_1_90' title="bbox 1857 4327 3415 4399">
     <span class='ocr_line' id='line_1_90' title="bbox 1857 4327 3415 4399; baseline 0.001 -20"><span class='ocrx_word' id='word_1_619' title='bbox 1857 4327 1993 4382; x_wconf 77' lang='lat' dir='ltr'><strong>velis</strong></span> <span class='ocrx_word' id='word_1_620' title='bbox 2030 4327 2308 4391; x_wconf 88' lang='lat' dir='ltr'><strong>insistere,</strong></span> <span class='ocrx_word' id='word_1_621' title='bbox 2340 4337 2503 4397; x_wconf 89' lang='lat' dir='ltr'><strong>atque</strong></span> <span class='ocrx_word' id='word_1_622' title='bbox 2540 4327 2645 4380; x_wconf 91' lang='lat' dir='ltr'><strong>alia</strong></span> <span class='ocrx_word' id='word_1_623' title='bbox 2671 4328 2903 4397; x_wconf 90' lang='lat' dir='ltr'><strong>quadam</strong></span> <span class='ocrx_word' id='word_1_624' title='bbox 2944 4332 3151 4382; x_wconf 88' lang='lat' dir='ltr'><strong>ratione</strong></span> <span class='ocrx_word' id='word_1_625' title='bbox 3174 4338 3415 4399; x_wconf 90' lang='lat' dir='ltr'><strong>tempora</strong></span> 
     </span>
    </p>
   </div>
   <div class='ocr_carea' id='block_1_91' title="bbox 1856 4414 3419 4489">
    <p class='ocr_par' dir='ltr' id='par_1_91' title="bbox 1856 4414 3419 4489">
     <span class='ocr_line' id='line_1_91' title="bbox 1856 4414 3419 4489; baseline 0.001 -15"><span class='ocrx_word' id='word_1_626' title='bbox 1856 4426 2061 4489; x_wconf 88' lang='lat' dir='ltr'><strong>septem</strong></span> <span class='ocrx_word' id='word_1_627' title='bbox 2110 4426 2164 4472; x_wconf 84' lang='lat' dir='ltr'><strong>ct</strong></span> <span class='ocrx_word' id='word_1_628' title='bbox 2194 4420 2470 4488; x_wconf 84' lang='lat' dir='ltr'><strong>sexaginta</strong></span> <span class='ocrx_word' id='word_1_629' title='bbox 2515 4414 2748 4473; x_wconf 86' lang='lat' dir='ltr'><strong>duarum</strong></span> <span class='ocrx_word' id='word_1_630' title='bbox 2791 4419 3186 4474; x_wconf 80' lang='lat' dir='ltr'><strong>hebdomadam</strong></span> <span class='ocrx_word' id='word_1_631' title='bbox 3226 4436 3419 4476; x_wconf 84' lang='lat' dir='ltr'><strong>nume-</strong></span> 
     </span>
    </p>
   </div>
   <div class='ocr_carea' id='block_1_92' title="bbox 208 4510 1773 4588">
    <p class='ocr_par' dir='ltr' id='par_1_92' title="bbox 208 4510 1755 4585">
     <span class='ocr_line' id='line_1_92' title="bbox 208 4510 1755 4585; baseline 0.003 -23"><span class='ocrx_word' id='word_1_632' title='bbox 208 4510 482 4582; x_wconf 83' lang='grc' dir='ltr'>ίστορεῖται</span> <span class='ocrx_word' id='word_1_633' title='bbox 515 4513 984 4585; x_wconf 82' lang='grc' dir='ltr'>περιγραφομένη,</span> <span class='ocrx_word' id='word_1_634' title='bbox 1025 4514 1105 4580; x_wconf 88' lang='grc' dir='ltr'><strong>εί,</strong></span> <span class='ocrx_word' id='word_1_635' title='bbox 1151 4513 1451 4585; x_wconf 78' lang='grc' dir='ltr'>ἀρξάμενος</span> <span class='ocrx_word' id='word_1_636' title='bbox 1492 4513 1600 4566; x_wconf 85' lang='grc' dir='ltr'><strong>ἀπὸ</strong></span> <span class='ocrx_word' id='word_1_637' title='bbox 1650 4514 1755 4567; x_wconf 88' lang='grc' dir='ltr'>Δα-</span> 
     </span>
    </p>
   </div>
   <div class='ocr_carea' id='block_1_93' title="bbox 1859 4510 3417 4588">
    <p class='ocr_par' dir='ltr' id='par_1_93' title="bbox 1859 4510 3417 4580">
     <span class='ocr_line' id='line_1_93' title="bbox 1859 4510 3417 4580; baseline 0.001 -16"><span class='ocrx_word' id='word_1_638' title='bbox 1859 4525 1998 4575; x_wconf 88' lang='lat' dir='ltr'><strong>rare,</strong></span> <span class='ocrx_word' id='word_1_639' title='bbox 2033 4523 2153 4580; x_wconf 73' lang='lat' dir='ltr'><strong>quae</strong></span> <span class='ocrx_word' id='word_1_640' title='bbox 2180 4524 2353 4566; x_wconf 87' lang='lat' dir='ltr'><strong>annos</strong></span> <span class='ocrx_word' id='word_1_641' title='bbox 2375 4511 2656 4565; x_wconf 89' lang='lat' dir='ltr'><strong>continent</strong></span> <span class='ocrx_word' id='word_1_642' title='bbox 2687 4510 3113 4580; x_wconf 72' lang='lat' dir='ltr'><strong>quadringentos</strong></span> <span class='ocrx_word' id='word_1_643' title='bbox 3141 4512 3417 4578; x_wconf 61' lang='lat' dir='ltr'><strong>octoninta</strong></span> 
     </span>
    </p>
   </div>
   <div class='ocr_carea' id='block_1_94' title="bbox 208 4602 1759 4677">
    <p class='ocr_par' dir='ltr' id='par_1_94' title="bbox 208 4602 1759 4677">
     <span class='ocr_line' id='line_1_94' title="bbox 208 4602 1759 4677; baseline 0.003 -21"><span class='ocrx_word' id='word_1_644' title='bbox 208 4602 342 4673; x_wconf 81' lang='grc' dir='ltr'>ρείου</span> <span class='ocrx_word' id='word_1_645' title='bbox 369 4605 460 4657; x_wconf 72' lang='grc' dir='ltr'>καὶ</span> <span class='ocrx_word' id='word_1_646' title='bbox 491 4604 589 4674; x_wconf 89' lang='grc' dir='ltr'><strong>τῆς</strong></span> <span class='ocrx_word' id='word_1_647' title='bbox 619 4603 1063 4676; x_wconf 87' lang='grc' dir='ltr'>συμπληρώσεως</span> <span class='ocrx_word' id='word_1_648' title='bbox 1101 4603 1195 4657; x_wconf 90' lang='grc' dir='ltr'><strong>τοῦ</strong></span> <span class='ocrx_word' id='word_1_649' title='bbox 1235 4604 1362 4658; x_wconf 90' lang='grc' dir='ltr'>ναοῦ</span> <span class='ocrx_word' id='word_1_650' title='bbox 1382 4646 1399 4671; x_wconf 93' lang='grc'><strong>,</strong></span> <span class='ocrx_word' id='word_1_651' title='bbox 1437 4604 1529 4660; x_wconf 82' lang='grc' dir='ltr'>τὸν</span> <span class='ocrx_word' id='word_1_652' title='bbox 1567 4606 1759 4677; x_wconf 84' lang='grc' dir='ltr'>δηλού-</span> 
     </span>
    </p>
   </div>
   <div class='ocr_carea' id='block_1_95' title="bbox 213 4695 1761 4769">
    <p class='ocr_par' dir='ltr' id='par_1_95' title="bbox 213 4695 1761 4769">
     <span class='ocr_line' id='line_1_95' title="bbox 213 4695 1761 4769; baseline 0.005 -23"><span class='ocrx_word' id='word_1_653' title='bbox 213 4709 359 4761; x_wconf 80' lang='grc' dir='ltr'>μενον</span> <span class='ocrx_word' id='word_1_654' title='bbox 407 4695 638 4767; x_wconf 80' lang='grc' dir='ltr'>ἀριθμὸν</span> <span class='ocrx_word' id='word_1_655' title='bbox 691 4695 1003 4769; x_wconf 77' lang='grc' dir='ltr'>ἀναλογίσῃ.</span> <span class='ocrx_word' id='word_1_656' title='bbox 1083 4696 1307 4769; x_wconf 87' lang='grc' dir='ltr'>Δαρείου</span> <span class='ocrx_word' id='word_1_657' title='bbox 1350 4697 1459 4766; x_wconf 84' lang='grc' dir='ltr'>γὰρ</span> <span class='ocrx_word' id='word_1_658' title='bbox 1514 4700 1654 4753; x_wconf 79' lang='grc' dir='ltr'><strong>κατά</strong></span> <span class='ocrx_word' id='word_1_659' title='bbox 1698 4698 1761 4753; x_wconf 83' lang='grc' dir='ltr'>τὸ</span> 
     </span>
    </p>
   </div>
   <div class='ocr_carea' id='block_1_96' title="bbox 206 4781 1761 4861">
    <p class='ocr_par' dir='ltr' id='par_1_96' title="bbox 206 4781 1761 4861">
     <span class='ocr_line' id='line_1_96' title="bbox 206 4781 1761 4861; baseline 0.005 -25"><span class='ocrx_word' id='word_1_660' title='bbox 206 4781 439 4855; x_wconf 85' lang='grc' dir='ltr'>δεύτερον</span> <span class='ocrx_word' id='word_1_661' title='bbox 480 4785 598 4849; x_wconf 76' lang='grc' dir='ltr'>ἔτος</span> <span class='ocrx_word' id='word_1_662' title='bbox 616 4826 632 4850; x_wconf 92' lang='grc'><strong>,</strong></span> <span class='ocrx_word' id='word_1_663' title='bbox 659 4787 753 4840; x_wconf 88' lang='grc' dir='ltr'><strong>τὸν</strong></span> <span class='ocrx_word' id='word_1_664' title='bbox 791 4786 1255 4858; x_wconf 81' lang='grc' dir='ltr'>ἐϐδομηκονταετῆ</span> <span class='ocrx_word' id='word_1_665' title='bbox 1286 4787 1476 4859; x_wconf 87' lang='grc' dir='ltr'>χρόνον</span> <span class='ocrx_word' id='word_1_666' title='bbox 1506 4787 1605 4858; x_wconf 89' lang='grc' dir='ltr'><strong>τῆς</strong></span> <span class='ocrx_word' id='word_1_667' title='bbox 1634 4790 1761 4861; x_wconf 87' lang='grc' dir='ltr'>ἐρη-</span> 
     </span>
    </p>
   </div>
   <div class='ocr_carea' id='block_1_97' title="bbox 212 4873 1759 4951">
    <p class='ocr_par' dir='ltr' id='par_1_97' title="bbox 212 4873 1759 4951">
     <span class='ocr_line' id='line_1_97' title="bbox 212 4873 1759 4951; baseline 0.002 -21"><span class='ocrx_word' id='word_1_668' title='bbox 212 4873 419 4945; x_wconf 76' lang='grc' dir='ltr'>μώσεως</span> <span class='ocrx_word' id='word_1_669' title='bbox 470 4877 825 4949; x_wconf 79' lang='grc' dir='ltr'>Ἰερουσαλὴμ</span> <span class='ocrx_word' id='word_1_670' title='bbox 883 4878 1333 4949; x_wconf 87' lang='grc' dir='ltr'>συμπεπεράσθαι</span> <span class='ocrx_word' id='word_1_671' title='bbox 1385 4880 1414 4932; x_wconf 84' lang='grc' dir='ltr'>ὁ</span> <span class='ocrx_word' id='word_1_672' title='bbox 1476 4881 1759 4951; x_wconf 85' lang='grc' dir='ltr'>προφήτης</span> 
     </span>
    </p>
   </div>
   <div class='ocr_carea' id='block_1_98' title="bbox 207 4966 1753 5042">
    <p class='ocr_par' dir='ltr' id='par_1_98' title="bbox 207 4966 1753 5042">
     <span class='ocr_line' id='line_1_98' title="bbox 207 4966 1753 5042; baseline 0.005 -25"><span class='ocrx_word' id='word_1_673' title='bbox 207 4966 459 5040; x_wconf 83' lang='grc' dir='ltr'>Ζαχαρίας</span> <span class='ocrx_word' id='word_1_674' title='bbox 485 4970 635 5042; x_wconf 84' lang='grc' dir='ltr'>δηλοῖ</span> <span class='ocrx_word' id='word_1_675' title='bbox 663 4969 835 5039; x_wconf 88' lang='grc' dir='ltr'>λέγων</span> <span class='ocrx_word' id='word_1_676' title='bbox 855 4986 869 4999; x_wconf 87' lang='grc'><strong>·</strong></span> <span class='ocrx_word' id='word_1_677' title='bbox 924 4989 941 5021; x_wconf 87' lang='grc' dir='ltr'><strong>ι</strong></span> <span class='ocrx_word' id='word_1_678' title='bbox 973 4968 1052 5040; x_wconf 75' lang='grc' dir='ltr'><strong>Τῇ</strong></span> <span class='ocrx_word' id='word_1_679' title='bbox 1089 4970 1305 5042; x_wconf 83' lang='grc' dir='ltr'>τετράδι</span> <span class='ocrx_word' id='word_1_680' title='bbox 1336 4971 1429 5023; x_wconf 57' lang='grc' dir='ltr'><strong>καὶ⁵</strong></span> <span class='ocrx_word' id='word_1_681' title='bbox 1460 4970 1662 5036; x_wconf 87' lang='grc' dir='ltr'>είκάδι,</span> <span class='ocrx_word' id='word_1_682' title='bbox 1694 4973 1753 5025; x_wconf 85' lang='grc' dir='ltr'><strong>ἐν</strong></span> 
     </span>
    </p>
   </div>
   <div class='ocr_carea' id='block_1_99' title="bbox 206 5057 1754 5136">
    <p class='ocr_par' dir='ltr' id='par_1_99' title="bbox 206 5057 1754 5136">
     <span class='ocr_line' id='line_1_99' title="bbox 206 5057 1754 5136; baseline 0.003 -24"><span class='ocrx_word' id='word_1_683' title='bbox 206 5057 279 5128; x_wconf 82' lang='grc' dir='ltr'><strong>τῷ</strong></span> <span class='ocrx_word' id='word_1_684' title='bbox 300 5061 553 5134; x_wconf 78' lang='grc' dir='ltr'>ἑνδεκάτῳ</span> <span class='ocrx_word' id='word_1_685' title='bbox 588 5063 737 5135; x_wconf 73' lang='grc' dir='ltr'>μηνὶ,</span> <span class='ocrx_word' id='word_1_686' title='bbox 768 5063 928 5128; x_wconf 83' lang='grc' dir='ltr'>αὑτός</span> <span class='ocrx_word' id='word_1_687' title='bbox 953 5065 1068 5117; x_wconf 89' lang='grc' dir='ltr'>ἐστι</span> <span class='ocrx_word' id='word_1_688' title='bbox 1090 5061 1290 5130; x_wconf 76' lang='grc' dir='ltr'>Σαϐἀτ,</span> <span class='ocrx_word' id='word_1_689' title='bbox 1326 5065 1385 5117; x_wconf 92' lang='grc' dir='ltr'><strong>ἐν</strong></span> <span class='ocrx_word' id='word_1_690' title='bbox 1412 5062 1491 5134; x_wconf 88' lang='grc' dir='ltr'><strong>τῷ</strong></span> <span class='ocrx_word' id='word_1_691' title='bbox 1518 5062 1754 5136; x_wconf 84' lang='grc' dir='ltr'>δευτέρῳ</span> 
     </span>
    </p>
   </div>
   <div class='ocr_carea' id='block_1_100' title="bbox 208 5144 1756 5225">
    <p class='ocr_par' dir='ltr' id='par_1_100' title="bbox 208 5144 1756 5225">
     <span class='ocr_line' id='line_1_100' title="bbox 208 5144 1756 5225; baseline 0.007 -28"><span class='ocrx_word' id='word_1_692' title='bbox 208 5144 307 5200; x_wconf 75' lang='grc' dir='ltr'>ἔτει</span> <span class='ocrx_word' id='word_1_693' title='bbox 337 5152 583 5222; x_wconf 85' lang='grc' dir='ltr'>Δαρείου,</span> <span class='ocrx_word' id='word_1_694' title='bbox 615 5152 832 5221; x_wconf 86' lang='grc' dir='ltr'>ἐγένετο</span> <span class='ocrx_word' id='word_1_695' title='bbox 877 5153 1032 5222; x_wconf 89' lang='grc' dir='ltr'>λόγος</span> <span class='ocrx_word' id='word_1_696' title='bbox 1078 5153 1285 5224; x_wconf 81' lang='grc' dir='ltr'>Κυρίου</span> <span class='ocrx_word' id='word_1_697' title='bbox 1316 5153 1452 5224; x_wconf 83' lang='grc' dir='ltr'>πρὸς</span> <span class='ocrx_word' id='word_1_698' title='bbox 1479 5155 1756 5225; x_wconf 88' lang='grc' dir='ltr'>Ζαχαρίαν</span> 
     </span>
    </p>
   </div>
   <div class='ocr_carea' id='block_1_101' title="bbox 206 5235 1752 5314">
    <p class='ocr_par' dir='ltr' id='par_1_101' title="bbox 206 5235 1752 5314">
     <span class='ocr_line' id='line_1_101' title="bbox 206 5235 1752 5314; baseline 0.006 -24"><span class='ocrx_word' id='word_1_699' title='bbox 206 5235 289 5290; x_wconf 80' lang='grc' dir='ltr'>τὸν</span> <span class='ocrx_word' id='word_1_700' title='bbox 316 5239 401 5293; x_wconf 89' lang='grc' dir='ltr'><strong>τοῦ</strong></span> <span class='ocrx_word' id='word_1_701' title='bbox 428 5242 717 5314; x_wconf 84' lang='grc' dir='ltr'>Βαραχίου.</span> <span class='ocrx_word' id='word_1_702' title='bbox 753 5263 772 5295; x_wconf 77' lang='grc' dir='ltr'><strong>ι</strong></span> <span class='ocrx_word' id='word_1_703' title='bbox 808 5240 921 5297; x_wconf 77' lang='grc' dir='ltr'><strong>Εἶθ’</strong></span> <span class='ocrx_word' id='word_1_704' title='bbox 960 5244 1086 5314; x_wconf 80' lang='grc' dir='ltr'>ἑξῆς</span> <span class='ocrx_word' id='word_1_705' title='bbox 1119 5243 1355 5313; x_wconf 85' lang='grc' dir='ltr'>ἐπιλέγει</span> <span class='ocrx_word' id='word_1_706' title='bbox 1379 5260 1392 5274; x_wconf 91' lang='grc'><strong>·</strong></span> <span class='ocrx_word' id='word_1_707' title='bbox 1431 5262 1451 5295; x_wconf 81' lang='grc' dir='ltr'><strong>ι</strong></span> <span class='ocrx_word' id='word_1_708' title='bbox 1480 5244 1590 5298; x_wconf 70' lang='grc' dir='ltr'><strong>Καὶ</strong></span> <span class='ocrx_word' id='word_1_709' title='bbox 1615 5247 1752 5300; x_wconf 72' lang='grc' dir='ltr'>ἀπε-</span> 
     </span>
    </p>
   </div>
   <div class='ocr_carea' id='block_1_102' title="bbox 209 5331 1751 5409">
    <p class='ocr_par' dir='ltr' id='par_1_102' title="bbox 209 5331 1751 5409">
     <span class='ocr_line' id='line_1_102' title="bbox 209 5331 1751 5409; baseline -0.011 -7"><span class='ocrx_word' id='word_1_710' title='bbox 209 5331 352 5406; x_wconf 82' lang='grc' dir='ltr'>κρίθη</span> <span class='ocrx_word' id='word_1_711' title='bbox 394 5336 423 5388; x_wconf 74' lang='grc'>6</span> <span class='ocrx_word' id='word_1_712' title='bbox 453 5337 683 5405; x_wconf 78' lang='grc' dir='ltr'>ἄγγελος</span> <span class='ocrx_word' id='word_1_713' title='bbox 748 5338 976 5409; x_wconf 83' lang='grc' dir='ltr'>Κυρίου,</span> <span class='ocrx_word' id='word_1_714' title='bbox 1020 5338 1116 5392; x_wconf 77' lang='grc' dir='ltr'>καὶ</span> <span class='ocrx_word' id='word_1_715' title='bbox 1171 5333 1293 5390; x_wconf 82' lang='grc' dir='ltr'>εἷπε</span> <span class='ocrx_word' id='word_1_716' title='bbox 1320 5353 1334 5369; x_wconf 75' lang='grc' dir='ltr'><strong><em>ο</em></strong></span> <span class='ocrx_word' id='word_1_717' title='bbox 1390 5337 1563 5409; x_wconf 80' lang='grc' dir='ltr'>Κύριε</span> <span class='ocrx_word' id='word_1_718' title='bbox 1613 5351 1751 5390; x_wconf 81' lang='grc' dir='ltr'>παν-</span> 
     </span>
    </p>
   </div>
   <div class='ocr_carea' id='block_1_103' title="bbox 206 5427 1749 5502">
    <p class='ocr_par' dir='ltr' id='par_1_103' title="bbox 206 5427 1749 5502">
     <span class='ocr_line' id='line_1_103' title="bbox 206 5427 1749 5502; baseline 0.003 -25"><span class='ocrx_word' id='word_1_719' title='bbox 206 5427 487 5502; x_wconf 85' lang='grc' dir='ltr'>τοκράτωρ,</span> <span class='ocrx_word' id='word_1_720' title='bbox 508 5429 615 5494; x_wconf 67' lang='grc' dir='ltr'>ἕως</span> <span class='ocrx_word' id='word_1_721' title='bbox 644 5429 788 5494; x_wconf 89' lang='grc' dir='ltr'>τίνος</span> <span class='ocrx_word' id='word_1_722' title='bbox 812 5431 873 5484; x_wconf 89' lang='grc' dir='ltr'><strong>οὑ</strong></span> <span class='ocrx_word' id='word_1_723' title='bbox 907 5431 980 5502; x_wconf 82' lang='grc' dir='ltr'>μὴ</span> <span class='ocrx_word' id='word_1_724' title='bbox 996 5430 1225 5502; x_wconf 85' lang='grc' dir='ltr'>ἐλεήσῃς</span> <span class='ocrx_word' id='word_1_725' title='bbox 1251 5429 1352 5500; x_wconf 79' lang='grc' dir='ltr'>τὴν</span> <span class='ocrx_word' id='word_1_726' title='bbox 1378 5428 1749 5501; x_wconf 78' lang='grc' dir='ltr'>Ἰερουσαλὴμ,</span> 
     </span>
    </p>
   </div>
   <div class='ocr_carea' id='block_1_104' title="bbox 210 5518 1751 5595">
    <p class='ocr_par' dir='ltr' id='par_1_104' title="bbox 210 5518 1751 5595">
     <span class='ocr_line' id='line_1_104' title="bbox 210 5518 1751 5595; baseline 0.006 -27"><span class='ocrx_word' id='word_1_727' title='bbox 210 5518 293 5570; x_wconf 80' lang='grc' dir='ltr'><strong>καὶ</strong></span> <span class='ocrx_word' id='word_1_728' title='bbox 326 5520 417 5585; x_wconf 80' lang='grc' dir='ltr'>τὰς</span> <span class='ocrx_word' id='word_1_729' title='bbox 459 5523 641 5588; x_wconf 78' lang='grc' dir='ltr'>πόλεις</span> <span class='ocrx_word' id='word_1_730' title='bbox 681 5522 881 5588; x_wconf 90' lang='grc' dir='ltr'>Ἰούδα,</span> <span class='ocrx_word' id='word_1_731' title='bbox 915 5523 981 5588; x_wconf 76' lang='grc' dir='ltr'>ἃς</span> <span class='ocrx_word' id='word_1_732' title='bbox 1020 5523 1298 5595; x_wconf 81' lang='grc' dir='ltr'>ὑπερεῖδες</span> <span class='ocrx_word' id='word_1_733' title='bbox 1325 5521 1483 5576; x_wconf 89' lang='grc' dir='ltr'>τοῦτο</span> <span class='ocrx_word' id='word_1_734' title='bbox 1524 5521 1751 5593; x_wconf 79' lang='grc' dir='ltr'>ἑϐδομη-</span> 
     </span>
    </p>
   </div>
   <div class='ocr_carea' id='block_1_105' title="bbox 210 5607 1749 5682">
    <p class='ocr_par' dir='ltr' id='par_1_105' title="bbox 210 5607 1749 5682">
     <span class='ocr_line' id='line_1_105' title="bbox 210 5607 1749 5682; baseline 0 -21"><span class='ocrx_word' id='word_1_735' title='bbox 210 5607 381 5660; x_wconf 74' lang='grc' dir='ltr'>κοστὸν</span> <span class='ocrx_word' id='word_1_736' title='bbox 417 5608 553 5675; x_wconf 61' lang='grc' dir='ltr'>ἔτος</span> <span class='ocrx_word' id='word_1_737' title='bbox 592 5628 611 5661; x_wconf 75' lang='grc' dir='ltr'><strong>ι</strong></span> <span class='ocrx_word' id='word_1_738' title='bbox 647 5610 846 5664; x_wconf 87' lang='grc' dir='ltr'>Τοῦτον</span> <span class='ocrx_word' id='word_1_739' title='bbox 888 5610 950 5681; x_wconf 86' lang='grc' dir='ltr'><strong>δὴ</strong></span> <span class='ocrx_word' id='word_1_740' title='bbox 988 5607 1078 5665; x_wconf 82' lang='grc' dir='ltr'>οὖν</span> <span class='ocrx_word' id='word_1_741' title='bbox 1114 5610 1274 5665; x_wconf 79' lang='grc' dir='ltr'>αὑτὸν</span> <span class='ocrx_word' id='word_1_742' title='bbox 1303 5609 1381 5682; x_wconf 84' lang='grc' dir='ltr'><strong>τῷ</strong></span> <span class='ocrx_word' id='word_1_743' title='bbox 1422 5610 1550 5682; x_wconf 86' lang='grc' dir='ltr'>θείῳ</span> <span class='ocrx_word' id='word_1_744' title='bbox 1579 5609 1749 5665; x_wconf 62' lang='lat' dir='ltr'><strong>[Iusti-&#39;-</strong></span> 
     </span>
    </p>
   </div>
   <div class='ocr_carea' id='block_1_106' title="bbox 278 5787 748 5866">
    <p class='ocr_par' dir='ltr' id='par_1_106' title="bbox 278 5787 748 5866">
     <span class='ocr_line' id='line_1_106' title="bbox 278 5787 748 5866; baseline 0.013 -25"><span class='ocrx_word' id='word_1_745' title='bbox 278 5787 318 5819; x_wconf 78' lang='grc'><strong>⁸³</strong></span> <span class='ocrx_word' id='word_1_746' title='bbox 352 5788 571 5866; x_wconf 66' lang='lat' dir='ltr'><strong>Zachar.</strong></span> <span class='ocrx_word' id='word_1_747' title='bbox 613 5809 665 5854; x_wconf 90' lang='lat' dir='ltr'><strong>I,</strong></span> <span class='ocrx_word' id='word_1_748' title='bbox 702 5791 748 5847; x_wconf 83' lang='lat'><strong>7.</strong></span> 
     </span>
    </p>
   </div>
   <div class='ocr_carea' id='block_1_107' title="bbox 519 5885 1198 5950">
    <p class='ocr_par' dir='ltr' id='par_1_107' title="bbox 519 5885 1198 5950">
     <span class='ocr_line' id='line_1_107' title="bbox 519 5885 1198 5950; baseline -0.007 -2"><span class='ocrx_word' id='word_1_749' title='bbox 519 5889 781 5950; x_wconf 68' lang='lat' dir='ltr'><strong>Parnm.</strong></span> <span class='ocrx_word' id='word_1_750' title='bbox 832 5889 947 5949; x_wconf 76' lang='lat' dir='ltr'><strong>On.</strong></span> <span class='ocrx_word' id='word_1_751' title='bbox 1000 5885 1198 5947; x_wconf 68' lang='lat' dir='ltr'><strong>XXII.</strong></span> 
     </span>
    </p>
   </div>
   <div class='ocr_carea' id='block_1_108' title="bbox 1859 4601 3416 4676">
    <p class='ocr_par' dir='ltr' id='par_1_108' title="bbox 1859 4601 3416 4676">
     <span class='ocr_line' id='line_1_108' title="bbox 1859 4601 3416 4676; baseline 0.001 -21"><span class='ocrx_word' id='word_1_752' title='bbox 1859 4609 1989 4666; x_wconf 84' lang='lat' dir='ltr'><strong>tres,</strong></span> <span class='ocrx_word' id='word_1_753' title='bbox 2009 4603 2256 4658; x_wconf 87' lang='lat' dir='ltr'><strong>invenias</strong></span> <span class='ocrx_word' id='word_1_754' title='bbox 2278 4601 2420 4658; x_wconf 90' lang='lat' dir='ltr'><strong>idem</strong></span> <span class='ocrx_word' id='word_1_755' title='bbox 2448 4602 2711 4673; x_wconf 86' lang='lat' dir='ltr'><strong>temporis</strong></span> <span class='ocrx_word' id='word_1_756' title='bbox 2739 4603 2974 4673; x_wconf 84' lang='lat' dir='ltr'><strong>spatium</strong></span> <span class='ocrx_word' id='word_1_757' title='bbox 3002 4603 3068 4658; x_wconf 90' lang='lat' dir='ltr'><strong>ad</strong></span> <span class='ocrx_word' id='word_1_758' title='bbox 3110 4604 3416 4676; x_wconf 82' lang='lat' dir='ltr'><strong>Augustum</strong></span> 
     </span>
    </p>
   </div>
   <div class='ocr_carea' id='block_1_109' title="bbox 1857 4688 3418 4766">
    <p class='ocr_par' dir='ltr' id='par_1_109' title="bbox 1857 4688 3418 4766">
     <span class='ocr_line' id='line_1_109' title="bbox 1857 4688 3418 4766; baseline 0.001 -17"><span class='ocrx_word' id='word_1_759' title='bbox 1857 4709 2034 4764; x_wconf 90' lang='lat' dir='ltr'><strong>usque</strong></span> <span class='ocrx_word' id='word_1_760' title='bbox 2066 4701 2229 4766; x_wconf 89' lang='lat' dir='ltr'><strong>atque</strong></span> <span class='ocrx_word' id='word_1_761' title='bbox 2253 4688 2652 4765; x_wconf 79' lang='lat' dir='ltr'><strong>Herodem,qui</strong></span> <span class='ocrx_word' id='word_1_762' title='bbox 2674 4693 3062 4765; x_wconf 84' lang='lat' dir='ltr'><strong>primiexterni</strong></span> <span class='ocrx_word' id='word_1_763' title='bbox 3085 4697 3298 4766; x_wconf 89' lang='lat' dir='ltr'><strong>generis</strong></span> <span class='ocrx_word' id='word_1_764' title='bbox 3330 4712 3418 4751; x_wconf 86' lang='lat' dir='ltr'><strong>rc-</strong></span> 
     </span>
    </p>
   </div>
   <div class='ocr_carea' id='block_1_110' title="bbox 1856 4787 3419 4859">
    <p class='ocr_par' dir='ltr' id='par_1_110' title="bbox 1856 4787 3419 4859">
     <span class='ocr_line' id='line_1_110' title="bbox 1856 4787 3419 4859; baseline 0.001 -16"><span class='ocrx_word' id='word_1_765' title='bbox 1856 4794 2115 4859; x_wconf 88' lang='lat' dir='ltr'><strong>gnarunt,</strong></span> <span class='ocrx_word' id='word_1_766' title='bbox 2138 4802 2482 4859; x_wconf 88' lang='lat' dir='ltr'><strong>quorumque</strong></span> <span class='ocrx_word' id='word_1_767' title='bbox 2513 4788 2848 4857; x_wconf 88' lang='lat' dir='ltr'><strong>temporibus</strong></span> <span class='ocrx_word' id='word_1_768' title='bbox 2897 4787 3197 4843; x_wconf 87' lang='lat' dir='ltr'><strong>Salvatoris</strong></span> <span class='ocrx_word' id='word_1_769' title='bbox 3242 4790 3419 4844; x_wconf 85' lang='lat' dir='ltr'><strong>nostri</strong></span> 
     </span>
    </p>
   </div>
   <div class='ocr_carea' id='block_1_111' title="bbox 1854 4877 3417 4951">
    <p class='ocr_par' dir='ltr' id='par_1_111' title="bbox 1854 4877 3417 4951">
     <span class='ocr_line' id='line_1_111' title="bbox 1854 4877 3417 4951; baseline 0.001 -19"><span class='ocrx_word' id='word_1_770' title='bbox 1854 4877 1983 4935; x_wconf 84' lang='lat' dir='ltr'><strong>Jesu</strong></span> <span class='ocrx_word' id='word_1_771' title='bbox 2013 4878 2219 4933; x_wconf 88' lang='lat' dir='ltr'><strong>Christi</strong></span> <span class='ocrx_word' id='word_1_772' title='bbox 2275 4886 2430 4933; x_wconf 83' lang='lat' dir='ltr'><strong>ortus</strong></span> <span class='ocrx_word' id='word_1_773' title='bbox 2484 4878 2654 4933; x_wconf 89' lang='lat' dir='ltr'><strong>luisse</strong></span> <span class='ocrx_word' id='word_1_774' title='bbox 2700 4887 3052 4946; x_wconf 88' lang='lat' dir='ltr'><strong>memoratur,</strong></span> <span class='ocrx_word' id='word_1_775' title='bbox 3108 4883 3417 4951; x_wconf 88' lang='lat' dir='ltr'><strong>propagari,</strong></span> 
     </span>
    </p>
   </div>
   <div class='ocr_carea' id='block_1_112' title="bbox 1859 4968 3420 5041">
    <p class='ocr_par' dir='ltr' id='par_1_112' title="bbox 1859 4968 3420 5041">
     <span class='ocr_line' id='line_1_112' title="bbox 1859 4968 3420 5041; baseline 0.001 -16"><span class='ocrx_word' id='word_1_776' title='bbox 1859 4969 1907 5025; x_wconf 90' lang='lat' dir='ltr'><strong>si</strong></span> <span class='ocrx_word' id='word_1_777' title='bbox 1934 4968 2094 5024; x_wconf 90' lang='lat' dir='ltr'><strong>modo</strong></span> <span class='ocrx_word' id='word_1_778' title='bbox 2123 4970 2266 5024; x_wconf 91' lang='lat' dir='ltr'><strong>hunc</strong></span> <span class='ocrx_word' id='word_1_779' title='bbox 2294 4984 2455 5040; x_wconf 88' lang='lat' dir='ltr'><strong>quem</strong></span> <span class='ocrx_word' id='word_1_780' title='bbox 2500 4968 2613 5024; x_wconf 83' lang='lat' dir='ltr'><strong>dixi</strong></span> <span class='ocrx_word' id='word_1_781' title='bbox 2666 4984 2952 5024; x_wconf 86' lang='lat' dir='ltr'><strong>numerum</strong></span> <span class='ocrx_word' id='word_1_782' title='bbox 3010 4979 3228 5041; x_wconf 85' lang='lat' dir='ltr'><strong>sumpto</strong></span> <span class='ocrx_word' id='word_1_783' title='bbox 3264 4972 3420 5027; x_wconf 88' lang='lat' dir='ltr'><strong>initio</strong></span> 
     </span>
    </p>
   </div>
   <div class='ocr_carea' id='block_1_113' title="bbox 1860 5059 3423 5132">
    <p class='ocr_par' dir='ltr' id='par_1_113' title="bbox 1860 5059 3423 5132">
     <span class='ocr_line' id='line_1_113' title="bbox 1860 5059 3423 5132; baseline 0.001 -19"><span class='ocrx_word' id='word_1_784' title='bbox 1860 5075 1890 5113; x_wconf 91' lang='lat' dir='ltr'><strong>a</strong></span> <span class='ocrx_word' id='word_1_785' title='bbox 1914 5059 2074 5114; x_wconf 78' lang='lat' dir='ltr'><strong>Dario</strong></span> <span class='ocrx_word' id='word_1_786' title='bbox 2102 5060 2398 5131; x_wconf 85' lang='lat' dir='ltr'><strong>templique</strong></span> <span class='ocrx_word' id='word_1_787' title='bbox 2419 5060 2763 5117; x_wconf 89' lang='lat' dir='ltr'><strong>absolutione</strong></span> <span class='ocrx_word' id='word_1_788' title='bbox 2792 5061 3097 5132; x_wconf 87' lang='lat' dir='ltr'><strong>recolligas.</strong></span> <span class='ocrx_word' id='word_1_789' title='bbox 3122 5061 3205 5116; x_wconf 88' lang='lat' dir='ltr'><strong>Ad</strong></span> <span class='ocrx_word' id='word_1_790' title='bbox 3228 5076 3423 5117; x_wconf 86' lang='lat' dir='ltr'><strong>secun-</strong></span> 
     </span>
    </p>
   </div>
   <div class='ocr_carea' id='block_1_114' title="bbox 1861 5151 3421 5223">
    <p class='ocr_par' dir='ltr' id='par_1_114' title="bbox 1861 5151 3421 5223">
     <span class='ocr_line' id='line_1_114' title="bbox 1861 5151 3421 5223; baseline 0.002 -18"><span class='ocrx_word' id='word_1_791' title='bbox 1861 5153 1990 5206; x_wconf 90' lang='lat' dir='ltr'><strong>dum</strong></span> <span class='ocrx_word' id='word_1_792' title='bbox 2017 5152 2162 5207; x_wconf 90' lang='lat' dir='ltr'><strong>enim</strong></span> <span class='ocrx_word' id='word_1_793' title='bbox 2220 5151 2367 5205; x_wconf 90' lang='lat' dir='ltr'><strong>Darii</strong></span> <span class='ocrx_word' id='word_1_794' title='bbox 2422 5166 2647 5218; x_wconf 88' lang='lat' dir='ltr'><strong>annum,</strong></span> <span class='ocrx_word' id='word_1_795' title='bbox 2681 5163 2895 5223; x_wconf 89' lang='lat' dir='ltr'><strong>tempus</strong></span> <span class='ocrx_word' id='word_1_796' title='bbox 2924 5153 3240 5209; x_wconf 86' lang='lat' dir='ltr'><strong>solitudinis</strong></span> <span class='ocrx_word' id='word_1_797' title='bbox 3269 5154 3421 5208; x_wconf 84' lang='lat' dir='ltr'><strong>urbis</strong></span> 
     </span>
    </p>
   </div>
   <div class='ocr_carea' id='block_1_115' title="bbox 1854 5242 3422 5317">
    <p class='ocr_par' dir='ltr' id='par_1_115' title="bbox 1854 5242 3422 5317">
     <span class='ocr_line' id='line_1_115' title="bbox 1854 5242 3422 5317; baseline 0.003 -19"><span class='ocrx_word' id='word_1_798' title='bbox 1854 5242 2156 5299; x_wconf 85' lang='lat' dir='ltr'><strong>Jerusalem</strong></span> <span class='ocrx_word' id='word_1_799' title='bbox 2180 5284 2195 5304; x_wconf 86' lang='lat'><em>.</em></span> <span class='ocrx_word' id='word_1_800' title='bbox 2224 5243 2371 5314; x_wconf 87' lang='lat' dir='ltr'><strong>quod</strong></span> <span class='ocrx_word' id='word_1_801' title='bbox 2409 5247 2882 5314; x_wconf 86' lang='lat' dir='ltr'><strong>septuagenarium</strong></span> <span class='ocrx_word' id='word_1_802' title='bbox 2933 5245 3059 5313; x_wconf 87' lang='lat' dir='ltr'><strong>fuit,</strong></span> <span class='ocrx_word' id='word_1_803' title='bbox 3104 5247 3422 5317; x_wconf 78' lang='lat' dir='ltr'><strong>pervenisse</strong></span> 
     </span>
    </p>
   </div>
   <div class='ocr_carea' id='block_1_116' title="bbox 1859 5335 3422 5407">
    <p class='ocr_par' dir='ltr' id='par_1_116' title="bbox 1859 5335 3422 5407">
     <span class='ocr_line' id='line_1_116' title="bbox 1859 5335 3422 5407; baseline 0.002 -18"><span class='ocrx_word' id='word_1_804' title='bbox 1859 5336 2121 5407; x_wconf 90' lang='lat' dir='ltr'><strong>propheta</strong></span> <span class='ocrx_word' id='word_1_805' title='bbox 2149 5335 2443 5391; x_wconf 87' lang='lat' dir='ltr'><strong>Zacharias</strong></span> <span class='ocrx_word' id='word_1_806' title='bbox 2475 5335 2682 5391; x_wconf 90' lang='lat' dir='ltr'><strong>indicat</strong></span> <span class='ocrx_word' id='word_1_807' title='bbox 2705 5337 2792 5395; x_wconf 88' lang='lat' dir='ltr'><strong>his</strong></span> <span class='ocrx_word' id='word_1_808' title='bbox 2818 5338 3005 5395; x_wconf 82' lang='lat' dir='ltr'><strong>verbis</strong></span> <span class='ocrx_word' id='word_1_809' title='bbox 3038 5358 3054 5392; x_wconf 85' lang='lat'><strong>:</strong></span> <span class='ocrx_word' id='word_1_810' title='bbox 3084 5357 3106 5389; x_wconf 73' lang='grc' dir='ltr'><strong>ι</strong></span> <span class='ocrx_word' id='word_1_811' title='bbox 3133 5339 3198 5393; x_wconf 81' lang='grc' dir='ltr'>ιιι</span> <span class='ocrx_word' id='word_1_812' title='bbox 3218 5338 3307 5393; x_wconf 85' lang='lat' dir='ltr'><strong>die</strong></span> <span class='ocrx_word' id='word_1_813' title='bbox 3339 5340 3422 5394; x_wconf 75' lang='lat' dir='ltr'><strong>ri-</strong></span> 
     </span>
    </p>
   </div>
   <div class='ocr_carea' id='block_1_117' title="bbox 1856 5427 3419 5502">
    <p class='ocr_par' dir='ltr' id='par_1_117' title="bbox 1856 5427 3419 5502">
     <span class='ocr_line' id='line_1_117' title="bbox 1856 5427 3419 5502; baseline 0.001 -19"><span class='ocrx_word' id='word_1_814' title='bbox 1856 5429 2061 5483; x_wconf 88' lang='lat' dir='ltr'><strong>cesimo</strong></span> <span class='ocrx_word' id='word_1_815' title='bbox 2089 5436 2287 5498; x_wconf 89' lang='lat' dir='ltr'><strong>quarto</strong></span> <span class='ocrx_word' id='word_1_816' title='bbox 2321 5427 2596 5482; x_wconf 90' lang='lat' dir='ltr'><strong>undecimi</strong></span> <span class='ocrx_word' id='word_1_817' title='bbox 2643 5431 2850 5487; x_wconf 87' lang='lat' dir='ltr'><strong>mensis</strong></span> <span class='ocrx_word' id='word_1_818' title='bbox 2899 5431 2971 5500; x_wconf 84' lang='lat' dir='ltr'><strong>(is</strong></span> <span class='ocrx_word' id='word_1_819' title='bbox 3009 5439 3093 5486; x_wconf 83' lang='lat' dir='ltr'><strong>est</strong></span> <span class='ocrx_word' id='word_1_820' title='bbox 3139 5429 3322 5502; x_wconf 84' lang='lat' dir='ltr'><strong>Sabat)</strong></span> <span class='ocrx_word' id='word_1_821' title='bbox 3362 5431 3419 5485; x_wconf 90' lang='lat' dir='ltr'><strong>in</strong></span> 
     </span>
    </p>
   </div>
   <div class='ocr_carea' id='block_1_118' title="bbox 1858 5516 3419 5582">
    <p class='ocr_par' dir='ltr' id='par_1_118' title="bbox 1858 5516 3419 5582">
     <span class='ocr_line' id='line_1_118' title="bbox 1858 5516 3419 5582; baseline 0.002 -9"><span class='ocrx_word' id='word_1_822' title='bbox 1858 5534 2002 5573; x_wconf 87' lang='lat' dir='ltr'><strong>anno</strong></span> <span class='ocrx_word' id='word_1_823' title='bbox 2023 5518 2263 5573; x_wconf 91' lang='lat' dir='ltr'><strong>secundo</strong></span> <span class='ocrx_word' id='word_1_824' title='bbox 2290 5517 2458 5582; x_wconf 88' lang='lat' dir='ltr'><strong>Darii,</strong></span> <span class='ocrx_word' id='word_1_825' title='bbox 2495 5516 2698 5574; x_wconf 87' lang='lat' dir='ltr'><strong>factum</strong></span> <span class='ocrx_word' id='word_1_826' title='bbox 2744 5531 2828 5577; x_wconf 90' lang='lat' dir='ltr'><strong>est</strong></span> <span class='ocrx_word' id='word_1_827' title='bbox 2856 5521 3082 5577; x_wconf 74' lang='lat' dir='ltr'><strong>verbum</strong></span> <span class='ocrx_word' id='word_1_828' title='bbox 3108 5519 3318 5576; x_wconf 89' lang='lat' dir='ltr'><strong>Domini</strong></span> <span class='ocrx_word' id='word_1_829' title='bbox 3351 5522 3419 5576; x_wconf 90' lang='lat' dir='ltr'><strong>ad</strong></span> 
     </span>
    </p>
   </div>
   <div class='ocr_carea' id='block_1_119' title="bbox 1858 5602 3420 5687">
    <p class='ocr_par' dir='ltr' id='par_1_119' title="bbox 1858 5602 3420 5687">
     <span class='ocr_line' id='line_1_119' title="bbox 1858 5602 3420 5687; baseline 0.005 -22"><span class='ocrx_word' id='word_1_830' title='bbox 1858 5602 2174 5666; x_wconf 83' lang='lat' dir='ltr'><strong>Zachariam</strong></span> <span class='ocrx_word' id='word_1_831' title='bbox 2201 5612 2370 5667; x_wconf 90' lang='lat' dir='ltr'><strong>ﬁlium</strong></span> <span class='ocrx_word' id='word_1_832' title='bbox 2394 5610 2673 5668; x_wconf 76' lang='lat' dir='ltr'><strong>Baracliiae</strong></span> <span class='ocrx_word' id='word_1_833' title='bbox 2697 5613 2771 5669; x_wconf 83' lang='grc'><strong>⁸³.</strong></span> <span class='ocrx_word' id='word_1_834' title='bbox 2807 5631 2825 5668; x_wconf 70' lang='grc' dir='ltr'>δ</span> <span class='ocrx_word' id='word_1_835' title='bbox 2864 5612 3068 5672; x_wconf 84' lang='lat' dir='ltr'><strong>Deinde</strong></span> <span class='ocrx_word' id='word_1_836' title='bbox 3093 5629 3420 5687; x_wconf 82' lang='lat' dir='ltr'><strong>progressus</strong></span> 
     </span>
    </p>
   </div>
   <div class='ocr_carea' id='block_1_120' title="bbox 2988 5886 3069 5947">
    <p class='ocr_par' dir='ltr' id='par_1_120' title="bbox 2988 5886 3069 5947">
     <span class='ocr_line' id='line_1_120' title="bbox 2988 5886 3069 5947; baseline 0.025 -2"><span class='ocrx_word' id='word_1_837' title='bbox 2988 5886 3069 5947; x_wconf 66' lang='lat'><strong>20</strong></span> 
     </span>
    </p>
   </div>
  </div>
