3908 6266
474 412 579 468 619

1106 409 1375 466 EUSEBll
1412 404 1889 465 CESARIENSIS
1925 403 2077 462 OPP.
2117 400 2300 459 PARS
2344 401 2410 457 II.
2439 392 2510 443 -ὲ-
2542 398 3040 457 APOLOGETICA.

3594 402 3687 456 6'20

408 604 413 608 δ
473 530 724 604 adiungit
754 542 766 584 ξ
806 549 824 582 ι
862 525 930 583 Et
950 527 1230 599 respondit
1257 527 1482 597 angelus
1512 525 1724 580 Domini
1766 532 1821 580 et
1857 525 1991 578 dixit
2020 542 2033 578 :

2143 538 2270 593 ματι
2326 519 2605 590 θεωρήσας
2646 520 2675 572 ό
2726 516 2923 588 Δανιὴλ
2969 514 3060 568 τόν
3112 514 3339 586 χρόνον,
3389 515 3686 584 σημειοῦτιυ

474 617 701 676 Domine
724 619 1087 688 omnipotens,
1115 630 1400 687 quousque
1428 614 1774 671 misereberis
1812 610 2033 670 Jerusa—

474 713 580 769 lem
602 719 655 765 et
684 710 900 765 urbium
928 707 1089 775 Juda,
1121 718 1257 778 quas
1283 707 1578 778 despexisti
1618 707 1767 762 hunc
1816 716 2035 776 septua-

475 805 740 873 gesimum
793 816 997 857 annum
1042 800 1178 855 ’δῖι
1228 799 1342 855 Hoc
1386 799 1551 870 igitur
1592 799 1769 869 ipsum
1822 805 2034 868 tempus

476 895 661 950 Daniel
691 909 814 949 cum
845 894 1029 949 divino
1057 892 1263 964 Spiritu
1291 893 1500 947 alllatus
1533 891 1774 955 vidisset,
1804 891 1889 945 his
1915 906 2037 946 ver-

469 987 558 1043 bis
597 986 839 1042 notavit:
871 1005 890 1037 ι
921 986 1033 1057 Ego
1063 985 1250 1041 Daniel
1296 984 1535 1040 intellexi
1559 984 1617 1037 in
1648 982 1806 1039 libris
1834 999 2030 1037 nume-

479 1095 601 1136 rum
636 1079 1017 1143 annorum,°de
1043 1095 1151 1150 quo
1176 1078 1352 1133 factus
1391 1083 1475 1132 est
1509 1089 1688 1131 sermo
1720 1073 1932 1128 Domini
1968 1072 2035 1128 ad

476 1169 767 1225 Jeremiam
799 1169 1139 1241 prophetam,
1172 1177 1230 1223 ut
1258 1168 1659 1238 complerentur
1683 1164 2036 1221 desolationis

473 1260 775 1317 Jerusalem
799 1261 1138 1333 septuaginta
1162 1261 1308 1325 anni,
1327 1267 1382 1316 et
1398 1258 1522 1315 dedi
1545 1257 1734 1314 faciem
1766 1272 1938 1312 meam
1969 1257 2035 1311 ad

474 1353 761 1407 Dominum
794 1352 961 1408 Deum
985 1368 1188 1419 meum,
1213 1360 1272 1407 ut
1297 1365 1485 1406 orarer
1507 1364 1569 1403 ac
1599 1349 1920 1420 deprecarer
1933 1347 1997 1401 ".
2014 1367 2033 1399 ι

474 1445 677 1502 Deinde
709 1452 833 1518 post
876 1445 1319 1517 deprecationem
1374 1443 1620 1513 angelus,
1673 1442 1766 1513 qui
1820 1440 1896 1495 illi
1953 1456 2040 1495 se-

474 1538 654 1609 ipsum
713 1537 973 1599 ostendit,
1028 1552 1091 1592 ea
1149 1537 1378 1600 divinat,
1417 1551 1538 1606 quae
1598 1534 1668 1589 ad
1699 1532 2038 1603 septuaginta

475 1629 841 1685 hebdomadas
874 1631 1165 1701 pertinent,
1191 1634 1245 1684 et
1288 1634 1506 1698 tempus
1546 1626 1691 1681 unde
1719 1622 2039 1679 numerandi

473 1716 686 1773 initium
711 1718 1034 1789 capiendum
1067 1726 1171 1784 est,
1208 1717 1481 1790 signiﬁcat
1517 1716 1707 1771 dicens
1736 1735 1748 1770 :
1784 1733 1803 1766 ι
1851 1713 1916 1769 Et
1945 1730 2039 1769 co-

472 1825 706 1881 gnosces
734 1818 788 1865 et
828 1810 1103 1875 intelliges
1142 1811 1211 1866 ab
1240 1810 1390 1865 exitu
1421 1808 1694 1865 sermonis
1725 1814 1785 1861 ut
1814 1821 2041 1876 respon-

2134 611 2340 680 λέγων·
2394 628 2412 660 ι
2467 607 2606 678 Ἐγὼ
2652 608 2851 678 Δανιὴλ
2897 607 3103 677 συνῆκα
3142 607 3200 657 ἐν
3230 606 3351 668 ταῖς
3388 602 3582 675 βίϐλοις
3608 607 3689 662 τὸν

2136 702 2366 777 ἀριθμὸν
2401 701 2510 755 τῶν
2556 700 2724 766 ἑτῶν,
2778 699 2906 770 περὶ
2947 694 3008 752 οὗ
3053 696 3284 769 ἐγενήθη
3323 695 3476 764 λόγος
3504 699 3689 771 Κυρίω

2137 788 2271 870 πρὸς
2304 794 2572 867 Ἱερεμίαν
2600 792 2690 846 τὸν
2725 792 3033 864 προφήτην,
3065 791 3146 853 είς
3173 787 3556 860 συμπλήρωσιν
3579 792 3692 863 ἐρη-

2141 887 2361 960 μώσεως
2406 886 2503 955 τῆς
2565 881 2925 954 Ἰερουσαλὴμ
2953 923 2967 947 ,
3022 879 3393 950 ἑϐδομήκοντα
3448 877 3576 949 ἔτη,
3611 881 3694 934 καὶ

2136 981 2313 1034 ἑδωκα
2342 978 2403 1031 τὸ
2438 969 2726 1050 πρόσωπόν
2757 991 2856 1046 μου
2891 973 3028 1045 πρὸς
3058 972 3265 1044 Κύριον
3299 972 3386 1025 τὸν
3414 971 3543 1024 Θεόν
3580 988 3690 1043 μου.

2136 1068 2228 1122 τοῦ
2274 1064 2572 1138 ἑκζητῆσαι
2611 1062 2918 1136 προσευχὴν
2960 1064 3055 1117 καὶ
3089 1063 3292 1134 δέησιν.
3328 1081 3347 1114 ι
3398 1058 3526 1115 Εἶτα
3573 1064 3691 1133 μετὰ

2135 1162 2236 1234 τὴν
2285 1152 2448 1232 εὖχὴν
2495 1157 2780 1228 ἐπιφανεὶς
2840 1155 2988 1226 αὐτῷ
3041 1157 3070 1208 ό
3099 1154 3329 1223 ἄγγελος
3366 1154 3598 1213 θεσπίζει
3635 1155 3694 1209 τὰ

2138 1252 2265 1324 περὶ
2301 1252 2408 1305 τῶν
2455 1242 2829 1321 ἑϐδομήκοντα
2879 1240 3187 1317 ἑϐδομάδων
3207 1285 3221 1311 ,
3264 1247 3358 1300 καὶ
3400 1246 3491 1299 τὸν
3525 1246 3693 1318 χρόνον

2137 1344 2258 1399 ὅθεν
2290 1343 2371 1395 δεῖ
2394 1342 2656 1415 ἄρχεσθαι
2686 1342 2958 1414 ἀριθμεῖν,
2990 1342 3279 1413 σημαίνει,
3314 1341 3487 1410 λέγων
3509 1357 3521 1370 ·
3562 1359 3578 1390 ι
3599 1340 3694 1393 Καὶ

2138 1437 2322 1510 γνώσῃ
2354 1437 2448 1491 καὶ
2489 1436 2742 1508 συνήσεις
2780 1436 2889 1489 ἀπὸ
2928 1432 3108 1501 ἐξόδου
3146 1434 3340 1504 λόγου,
3370 1434 3463 1487 τοῦ
3491 1435 3695 1504 ἀποκρι-

2140 1530 2294 1601 θῆναι
2325 1529 2418 1583 καὶ
2449 1529 2543 1583 τοῦ
2575 1520 2930 1601 οἰκοδομῆσαι
2951 1528 3324 1601 Ἰερουσαλὴμ,
3351 1529 3457 1593 ’ἑως
3483 1527 3692 1599 Χριστοῦ

2140 1619 2463 1691 ἡγουμένου.
2511 1639 2530 1671 ι
2597 1619 2793 1687 Γέγονε
2850 1620 2950 1692 μὲν
3006 1616 3099 1674 οῦν
3162 1620 3457 1697 ἀπόκρισις
3526 1618 3693 1691 πρώτη

2140 1712 2349 1785 Κύρου,
2393 1711 2810 1784 οἰκοδομηθῆναι
2840 1711 2941 1783 τὴν
2983 1711 3334 1784 Ἰερουσαλὴμ
3358 1753 3372 1775 ,
3409 1711 3468 1764 οὐ
3494 1710 3592 1782 μὴν
3620 1712 3690 1775 εἰς

2142 1805 2303 1878 ἔργον
2344 1804 2623 1877 ἐχώρησε,
2672 1806 2780 1861 τῶν
2822 1805 3114 1876 περιοίκων
3155 1804 3575 1858 κεκωλυκότων·
3610 1807 3695 1858 Δα-

472 1876 665 1956 deatur
692 1909 747 1957 et
773 1901 1070 1956 aediﬁcetur
1101 1898 1401 1957 Jerusalem
1437 1915 1613 1972 usque
1663 1898 1730 1952 ad
1763 1897 2039 1953 Christum

2144 1876 2290 1970 ρείου
2339 1898 2397 1952 δὲ
2431 1876 2568 1969 μετὰ
2588 1897 2760 1951 ταῦτα
2780 1896 3156 1962 κελεύσαντος,
3188 1897 3282 1950 καὶ
3308 1896 3412 1969 τῆς
3438 1897 3699 1969 οἰκοδομῆς

471 1996 688 2050 ducem.
737 2014 756 2047 ι
785 1994 957 2049 Porro
991 2002 1173 2049 autem
1215 2009 1245 2048 a
1270 1994 1413 2066 Cyro
1438 1995 1678 2067 primum
1709 2006 2037 2061 responsum

472 2099 578 2154 est,
609 2095 667 2143 ut
695 2088 1058 2144 aediﬁcaretur
1093 2086 1418 2153 Jerusalem,
1466 2103 1569 2143 nec
1619 2094 1798 2142 tamen
1858 2085 2037 2155 ipsum

471 2195 610 2250 opus
636 2181 883 2236 etl‘ectum
910 2186 1013 2247 est,
1049 2195 1172 2235 cum
1200 2179 1253 2234 id
1277 2179 1440 2234 vicini
1468 2180 1709 2250 undique
1740 2177 2037 2250 prohibue-

472 2272 607 2325 rint.
635 2270 829 2326 Postea
861 2286 990 2326 γει-ο
1027 2286 1150 2326 cum
1199 2269 1396 2327 Darius
1442 2270 1692 2341 jusserit,
1727 2286 1903 2340 eoque
1952 2283 2040 2324 re-

471 2369 672 2431 gnante
702 2364 1011 2418 absolutum
1044 2364 1115 2419 sit
1147 2364 1331 2433 templi
1357 2363 1669 2428 aedilicium,
1694 2362 1821 2418 inde
1846 2363 1913 2418 ab
1937 2364 2040 2420 hoc

472 2455 592 2523 ipso
619 2462 861 2523 tempore
887 2453 1166 2525 propheta:
1215 2452 1403 2510 Daniel
1434 2457 1719 2510 oraculum
1760 2458 1845 2512 sui
1874 2474 2051 2514 even--

468 2554 561 2601 tus
581 2544 793 2600 initium
820 2545 1008 2612 sumit,
1030 2546 1187 2616 cujus
1210 2546 1376 2603 verba
1399 2548 1490 2602 illa
1515 2556 1664 2615 sunt,
1684 2568 1703 2601 ι
1728 2560 1788 2604 ιιι
1813 2566 2038 2622 respon-

470 2638 666 2692 deatur
688 2645 743 2693 et
780 2636 1079 2693 mdiﬁcetur
1106 2637 1411 2695 Jerusalem
1434 2679 1450 2704 ,
1485 2659 1505 2694 ι
1540 2638 1595 2694 in
1626 2657 1736 2711 quo
1776 2642 1939 2697 etiam
1974 2643 2034 2697 il-

474 2730 567 2785 lud
605 2730 810 2785 dictum
839 2740 922 2786 est
953 2749 966 2785 :
1004 2748 1023 2782 ι
1059 2728 1172 2802 Ego
1196 2729 1385 2789 Daniel
1415 2733 1652 2789 intellexi
1675 2735 1730 2789 in
1751 2735 1908 2792 libris
1931 2753 2038 2791 nu-

471 2835 680 2876 merum
717 2833 1006 2887 annorum,
1036 2821 1202 2893 396
1232 2821 1302 2877 de
1339 2838 1448 2893 quo
1488 2821 1666 2879 factus
1720 2832 1806 2881 est
1860 2840 2040 2882 sermo

472 2910 704 2967 Domini
733 2911 800 2966 ad
826 2910 1116 2968 Jeremiam
1166 2913 1503 2985 prophetam,
1536 2918 1597 2970 ut
1639 2917 2042 2988 complerenthr

471 3005 826 3061 desolationis
840 3002 1144 3060 Jerusalem
1167 3006 1510 3077 septuaginta
1533 3007 1682 3062 anni.
1715 3008 2020 3081 rAnnoigi-

472 3104 563 3151 tur
586 3095 731 3151 Darii
774 3096 1014 3152 secundo
1036 3105 1261 3169 apparet
1294 3099 1593 3169 completos
1626 3114 1750 3155 esse
1775 3115 1949 3157 annos
1973 3101 2039 3156 il—

470 3187 556 3242 los
584 3188 950 3258 septuaginta,
977 3194 1034 3242 ut
1063 3202 1165 3243 nos
1215 3190 1360 3243 omni
1396 3190 1608 3244 ratione
1664 3197 1911 3260 oporteat
1954 3207 2040 3247 sea

474 3282 759 3353 ptuaginta
776 3276 1176 3337 hebdomadam
1211 3280 1425 3335 initium
1448 3279 1628 3336 facere
1655 3296 1684 3335 a
1708 3297 1831 3336 va1
1861 3283 2038 3354 olym-

473 3371 655 3445 piade.
683 3380 846 3444 atque
875 3387 906 3427 a
936 3371 1083 3427 Darii
1115 3387 1261 3428 anno
1301 3374 1563 3438 secundo,
1599 3373 1657 3428 in
1711 3389 1821 3445 quo
1863 3375 2042 3432 omnis

474 3464 568 3519 illa
600 3463 752 3521 urbis
777 3463 1082 3522 Jerusalem
1117 3464 1407 3520 aediﬁcatio
1457 3465 1709 3522 absoluta
1763 3473 1848 3522 est
1876 3484 1889 3520 :
1916 3465 2042 3523 inde

474 3555 642 3626 igitur
664 3556 710 3612 si
742 3563 991 3628 tempora
1013 3571 1135 3627 qua:
1161 3564 1466 3627 sequuntur
1490 3573 1765 3623 numeres,
1796 3558 2043 3613 invenias

472 3645 542 3701 ad
568 3646 745 3718 ipsum
789 3663 963 3719 usque
992 3646 1258 3704 Herodem
1293 3655 1347 3703 et
1381 3649 1733 3704 monarcham
1768 3647 2043 3706 Romano-

472 3750 597 3791 rum
633 3736 962 3809 Augustum,
987 3737 1091 3793 sub
1127 3737 1329 3809 quibus
1353 3735 1656 3794 Salvatoris
1683 3740 1860 3795 nostri
1887 3746 2041 3797 ortus

472 3829 600 3882 vitae
625 3827 907 3883 hominum
932 3828 1132 3894 illuxit,
1166 3828 1593 3900 quadringentos
1625 3830 1901 3903 octoginta
1930 3839 2042 3887 tres

473 3934 652 3977 annos
683 3920 975 3986 contineri,
1011 3921 1105 3992 qui
1136 3928 1342 3992 septem
1390 3928 1444 3975 et
1499 3923 1780 3992 sexaginta
1810 3923 2041 3978 duarum

472 4011 875 4067 hebdomadam
936 4027 1206 4068 summam
1274 4012 1574 4068 secundum
1631 4012 1803 4085 ipsius
1853 4014 2043 4071 Daniel

473 4103 816 4173 prophetiam
872 4103 1191 4160 coniiciunt.
1222 4102 1268 4157 Α
1314 4105 1654 4175 sexagesima
1694 4108 1840 4161 enim
1890 4116 2042 4163 sexta

475 4189 783 4260 olympiade
810 4189 879 4245 ad
909 4191 1263 4247 centesimam
1299 4194 1690 4264 ootogesimam
1718 4203 1927 4250 sextam
1958 4197 2043 4252 in-

474 4277 752 4334 termediae
780 4279 1119 4351 olympiades
1155 4280 1489 4351 colliguntur
1517 4288 1736 4337 centum
1758 4289 1813 4337 et
1850 4283 2042 4354 viginti

474 4385 584 4425 una
609 4388 622 4425 :
646 4370 738 4441 qui
760 4379 889 4427 sunt
912 4373 1040 4426 anni
1058 4372 1444 4445 quadringenti
1471 4375 1750 4445 octoginta
1773 4385 2040 4446 quatuor,

473 4464 705 4534 singulis
744 4463 930 4535 utique
955 4465 1356 4536 olympiadibus
1377 4473 1673 4537 quaternos
1703 4481 1880 4527 annos
1910 4484 2042 4525 con-

475 4555 797 4612 tinentibus.
864 4556 983 4623 Quo
1041 4565 1284 4628 tempore
1338 4556 1618 4630 Augustus
1667 4558 2036 4619 Romanorum

475 4663 571 4703 rex
603 4649 854 4719 quintum
886 4650 1159 4705 decimum
1193 4651 1279 4707 sui
1321 4654 1473 4724 regni
1520 4668 1725 4709 annum
1770 4669 1957 4727 agens,
1990 4664 2045 4713 et

474 4739 774 4814 [Egyptum
807 4751 862 4798 et
892 4743 1160 4814 reliquum
1202 4743 1389 4800 orbem
1438 4753 1707 4802 terrarum
1753 4747 2043 4819 imperium

476 4833 719 4898 obtinet;
751 4833 856 4889 sub
881 4849 991 4904 quo
1015 4834 1227 4905 primus
1256 4835 1416 4891 alieni
1440 4839 1656 4908 generis
1685 4838 1930 4898 Herodes
1957 4840 2048 4899 Ju-

476 4924 719 4981 daeorum
753 4924 957 4995 accipit
1001 4940 1252 4997 regnum,
1290 4935 1345 4982 et
1388 4926 2049 5004 Salvator'Dominusque

476 5021 666 5072 noster
698 5015 883 5080 Jesus.
919 5019 1012 5088 qui
1047 5018 1301 5076 Christus
1332 5028 1417 5076 est
1454 5020 1573 5089 Dei,
1622 5025 1891 5090 nascitur,
1917 5025 2046 5081 dum

474 5110 732 5165 videlicet
760 5118 815 5164 et
839 5116 996 5166 ortus
1020 5112 1167 5166 illius
1196 5119 1435 5183 tempus,
1475 5122 1531 5169 et
1568 5125 1770 5186 septem
1802 5132 1866 5172 ac
1892 5132 2051 5172 sexa-

473 5204 626 5276 ginta
664 5203 896 5258 duarum
930 5203 1328 5260 hebdomadam
1378 5204 1523 5271 ﬁnis,
1549 5207 1617 5264 de
1644 5210 1844 5280 quibus
1873 5211 2051 5282 loqui-

473 5302 566 5350 tur
598 5296 862 5366 pr0pheta
890 5293 1102 5360 Daniel,
1133 5296 1190 5351 in
1217 5296 1360 5353 idem
1386 5311 1743 5368 concurrunt,
1756 5309 1879 5373 post
1909 5318 2049 5373 quas

473 5402 599 5440 cum
625 5395 961 5458 segregctur,
988 5397 1044 5443 et
1066 5388 1283 5460 longius
1311 5398 1435 5459 post
1455 5390 1689 5460 plurima
1705 5407 1768 5447 ea
1794 5394 2048 5449 videlicet

474 5490 597 5544 quae
643 5475 698 5530 in
745 5477 924 5533 medio
965 5478 1283 5551 praphetice
1313 5479 1702 5550 praedicuntur,
1731 5482 2051 5537 amandetur

477 5582 607 5633 una,
641 5584 765 5638 quae
814 5572 1026 5641 reliqua
1057 5579 1171 5637 est,
1212 5571 1577 5635 hebdomada,
1625 5580 1820 5628 caetera
1867 5575 2053 5630 omnia

477 5657 821 5728 quascunque
876 5662 1022 5716 inter
1092 5663 1327 5718 mediam
1379 5663 1589 5717 oraculi
1639 5663 2050 5734 praedictionem

477 5745 623 5799 dicta
653 5760 803 5813 sunt,
837 5752 1198 5822 perﬁciuntur
1219 5793 1234 5817 ,
1267 5768 1389 5823 qua:
1422 5754 1478 5808 in
1509 5754 1658 5810 hunc
1687 5756 1908 5813 modum
1933 5758 2055 5829 ipsa

547 5839 594 5871 “
629 5837 856 5899 Zarhar.
892 5862 931 5916 ι,
977 5844 1064 5899 12.
1138 5845 1184 5877 ⁸⁸
1224 5844 1359 5899 Dan.
1391 5860 1478 5911 Ix,
1511 5844 1620 5910 2,5

2138 1989 2234 2043 τοῦ
2274 1989 2417 2063 ἱεροῦ
2455 1993 2575 2044 κατ’
2611 1989 2770 2043 αὐτὸν
2815 1989 3286 2061 συντελεσθείσης,
3322 1990 3357 2061 ἠ
3399 1987 3495 2043 τοῦ
3526 1988 3700 2060 Δανιὴλ

2140 2082 2389 2138 ἐντεῦθεν
2446 2082 2751 2155 προφητεία
2818 2081 2914 2153 τὴν
2964 2081 3246 2155 καταρχὴν
3296 2082 3399 2152 τῆς
3444 2082 3697 2147 ἐκϐάσεως

2140 2172 2444 2244 ἐλάμϐανεν
2466 2213 2480 2237 ,
2508 2174 2542 2244 ἦ
2571 2190 2631 2227 τε
2663 2174 2946 2242 φάσκουσα
2974 2189 2989 2204 ο
3052 2190 3071 2224 ι
3117 2172 3252 2225 Ἀπὸ
3297 2172 3481 2237 ἐξόδου
3521 2173 3696 2242 λόγου,

2137 2267 2232 2323 τοῦ
2263 2268 2621 2340 ἀποκριθῆναι
2656 2269 2866 2324 καὶτοῦ
2899 2268 3247 2339 οἰκοδομῆσαι
3297 2267 3696 2339 Ἰερουσαλὴμ.»

2139 2361 2235 2416 καὶ
2278 2360 2346 2415 δι’
2368 2356 2447 2434 λῆς
2488 2360 2701 2434 εἴρηται
2747 2378 2762 2394 ·
2807 2380 2826 2413 ι
2865 2360 3005 2431 Ἐγὼ
3037 2356 3234 2431 Δανιὴλ
3273 2361 3481 2431 συνῆκα
3508 2360 3562 2412 ἑν
3600 2356 3702 2422 ταῖς

2140 2456 2343 2531 βίϐλοις
2368 2456 2459 2511 τὸν
2485 2456 2715 2530 ἀριθμὸν
2732 2456 2838 2510 τῶν
2868 2455 3026 2521 ἑτῶν,
3055 2455 3183 2526 περί
3204 2447 3265 2508 οὗ
3302 2447 3535 2524 ἐγενήθη
3559 2447 3698 2520 λόγος

2144 2551 2352 2626 Κυρίου
2382 2549 2518 2625 πρὸς
2573 2550 2839 2623 Ἰερεμίαν
2877 2548 2968 2603 τὸν
3022 2548 3328 2620 προφήτην,
3369 2547 3454 2610 είς
3480 2539 3699 2615 συμπλή-

2142 2662 2312 2719 ρωσιν
2356 2641 2689 2716 ἐρημώσεως
2744 2638 3121 2712 Ἰερουσαλὴμ,
3169 2638 3537 2709 ἑϐδομήκοντα
3568 2628 3696 2721 ἑτηιι

2138 2736 2297 2793 Κατὰ
2339 2734 2470 2806 γοῦν
2511 2734 2573 2788 τὸ
2628 2731 2880 2805 δεύτερον
2935 2730 3058 2795 ἑτος
3105 2728 3330 2800 Δαρείου
3385 2731 3420 2800 ή
3475 2724 3699 2797 συμπλή-

2148 2846 2315 2903 ρωσις
2332 2828 2432 2899 τῆς
2466 2826 2587 2882 ἑϐδο
2592 2844 2666 2898 μη
2673 2841 2931 2897 κονταετη
2943 2823 3081 2897 ρίδος
3096 2822 3472 2876 ἀποδέδεικται
3490 2835 3702 2891 περαιω-

2140 2920 2328 2987 θεῖσα,
2367 2918 2508 2974 ὥστε
2557 2917 2616 2984 ἑξ
2667 2916 2905 2980 ἅπαντος
2949 2915 3212 2987 ἄρχεσθαι
3253 2913 3364 2966 δεῖν
3418 2913 3560 2984 ἡμᾶς
3608 2910 3703 2963 τῶν

2141 3013 2511 3084 ἑϐδομήκοντα
2536 3008 2846 3081 ἑϐδομάδων
2874 3005 2983 3060 ἀπὸ
3003 3006 3103 3077 τῆς
3123 3004 3426 3076 ἑξηκοστῆς
3451 3005 3541 3058 καὶ
3558 3003 3703 3074 ἕκτης

2158 3102 2515 3175 Ὀλυμπιάδος
2537 3142 2553 3166 ,
2594 3101 2689 3155 καὶ
2725 3099 2834 3154 ἀπὸ
2880 3097 3133 3170 δευτέρου
3178 3096 3332 3159 ἔτους
3369 3095 3618 3167 Δαρείου,
3653 3095 3703 3146 ὲν

2140 3188 2185 3265 ᾧ
2212 3194 2280 3249 τὰ
2313 3188 2413 3265 τῆς
2447 3192 2734 3264 οἰκοδομῆς
2774 3188 3114 3264 περαιοῦται.
3174 3185 3457 3241 Ἐντεῦθεν
3506 3184 3625 3254 γοῦν
3661 3185 3702 3236 εί

2140 3285 2268 3349 τοὺς
2309 3278 2608 3358 ἑπομένους
2656 3278 2882 3355 χρόνους
2924 3279 3282 3354 ἀριθμήσεις,
3321 3277 3503 3351 εὕροις
3537 3277 3597 3332 ἂν
3628 3276 3702 3328 ἐπ’

2141 3379 2303 3432 αὑτὸν
2343 3375 2587 3449 Ἡρώδην
2631 3368 2899 3447 μόναρχόν
2933 3389 2994 3425 τε
3054 3369 3343 3440 Ῥωμαίων
3394 3367 3704 3435 Αὔγουστον,

2141 3469 2262 3524 καθ’
2289 3467 2382 3533 οὒς
2410 3461 2445 3539 ή
2477 3466 2572 3521 τοῦ
2608 3467 2859 3538 Σωτῆρος
2892 3461 3048 3535 ὴμῶν
3095 3461 3333 3530 ἐπέφανε
3369 3458 3451 3531 τῷ
3498 3457 3590 3530 βίῳ
3625 3454 3705 3524 γέ-

2143 3579 2313 3626 νεσις,
2342 3560 2412 3615 τὰ
2448 3558 2773 3632 τετρακόσια
2809 3557 3138 3627 ὀγδοήκοντα
3167 3553 3293 3626 τρία
3329 3551 3426 3623 ἔτη
3446 3592 3460 3617 ,
3501 3550 3557 3603 αῖ
3585 3550 3707 3601 εἰσιν

2142 3653 2284 3708 ἑπτὰ
2354 3652 2449 3708 καὶ
2492 3640 2850 3722 ἑξηκονταδύο
2905 3646 3228 3719 ἑϐδομάδες,
3289 3643 3434 3698 κατὰ
3482 3640 3575 3712 τὴν
3621 3636 3706 3692 τοῦ

2141 3744 2338 3818 Δανιὴλ
2391 3742 2725 3816 προφητείαν
2772 3741 3215 3815 περιοριζόμενα.
3286 3737 3423 3792 Ἀπὸ
3475 3734 3579 3805 γὰρ
3619 3732 3707 3802 τῆς

2141 3829 2441 3910 ἑξηκοστῆς
2478 3828 2571 3888 καὶ
2598 3834 2763 3906 ἑκτης
2801 3828 3160 3905 Ὀλυμπιάδος
3180 3831 3272 3885 ἐπὶ
3295 3829 3397 3900 τὴν
3433 3825 3708 3895 ἑκατοστὴν

2142 3922 2507 4002 ὀγδοηκοστὴν
2568 3926 2734 4000 ἑκτην
2799 3927 3039 3997 γίνονται
3109 3925 3470 3996 Ὀλυμπιάδες
3526 3918 3707 3993 μεταξὺ

2145 4023 2341 4078 ἑκατὸν
2379 4019 2662 4092 είκοσιμία
2685 4059 2701 4085 ,
2743 4019 2836 4093 ἑτη
2870 4017 3196 4091 τετρακόσια
3244 4016 3571 4087 ὀγδοήκοντα
3602 4011 3707 4064 τέσ-

2143 4131 2318 4187 σαρα,
2349 4113 2663 4186 τετραετίαν
2700 4113 2800 4184 τῆς
2833 4109 3192 4183 Ὀλυμπιάδος
3231 4107 3556 4179 ἐπεχούσης,
3598 4098 3704 4155 καθ’

2145 4205 2205 4259 ὃν
2236 4205 2428 4278 καιρὸν
2461 4203 2770 4275 Αὔγουστος
2811 4201 3095 4272 Ῥωμαίων
3126 4198 3379 4273 βασιλεὺς
3402 4237 3418 4262 ,
3449 4208 3709 4250 πεντεκαι-

2141 4296 2368 4351 δέκατον
2434 4295 2553 4360 ἑτος
2616 4295 2718 4365 τῆς
2794 4292 3076 4365 βασιλείας
3141 4291 3352 4362 ἐπέχων
3383 4329 3400 4354 ,
3460 4285 3706 4355 Αἰγύπτου

2143 4396 2351 4463 κρατεῖ,
2381 4393 2475 4447 καὶ
2525 4392 2627 4464 τῆς
2667 4390 2859 4462 λοιπῆς
2914 4387 3239 4460 οἰκουμένης
3258 4425 3273 4450 ,
3306 4387 3397 4456 ὑφ’
3428 4375 3489 4437 οὗ
3520 4378 3707 4454 πρῶτος

2143 4484 2436 4553 ἀλλόφυλος
2485 4481 2725 4558 Ἡρώδης
2768 4483 2867 4554 τὴν
2917 4480 3026 4535 τῶν
3066 4479 3336 4533 Ἰουδαίων
3369 4471 3708 4546 ἐγχειρίζεται

2080 4594 2121 4649 ι)
2151 4575 2444 4647 βασιλείαν.
2483 4576 2742 4630 Γεννᾶται
2788 4574 2846 4627 δὲ
2895 4576 2924 4628 ό
2968 4571 3158 4643 Σωτὴρ
3208 4571 3301 4624 καὶ
3333 4567 3537 4639 Κύριος
3571 4559 3709 4634 ήμῶν

2163 4666 2368 4739 Ἰησοῦς
2403 4669 2433 4722 ό
2468 4664 2701 4740 Χριστὸς
2741 4664 2837 4720 τοῦ
2866 4663 3001 4718 Θεοῦ
3026 4702 3042 4728 ,
3078 4660 3220 4715 κατὰ
3254 4660 3315 4714 τὸ
3344 4658 3477 4713 αὐτὸ
3513 4667 3710 4723 συντρε-

2151 4758 2351 4834 χόντων
2398 4758 2508 4812 τῶν
2546 4757 2752 4831 χρόνων
2803 4755 2905 4826 τῆς
2961 4754 3225 4824 γενέσεως
3271 4748 3439 4804 αὐτοῦ
3489 4745 3578 4802 καὶ
3623 4741 3708 4834 τῆς

2153 4829 2596 4919 συμπληρώσεως
2620 4845 2729 4900 τῶν
2776 4845 2927 4918 παρὰ
2965 4843 3047 4915 τῷ
3088 4840 3285 4913 Δανιὴλ
3318 4837 3461 4892 ἑπτὰ
3488 4835 3576 4890 καὶ
3601 4829 3708 4897 ἑξή-

2153 4957 2318 4994 κοντα
2338 4938 2431 4993 δύο
2452 4936 2939 5010 ἑϐδομάδωνοῖμεθ
2959 4935 3024 4999 ἃς
3042 4932 3374 5007 διῃρημένης
3395 4928 3492 4983 καὶ
3516 4920 3708 4998 μακρὰν

2153 5029 2668 5103 ἀπεσχοινισμένης,
2705 5028 2846 5101 μετὰ
2870 5028 3101 5081 πλεῖστα
3138 5026 3241 5079 ὅσα
3263 5022 3331 5076 τὰ
3365 5019 3561 5093 μεταξὺ
3593 5029 3708 5103 προξ

2151 5102 2513 5196 φητευόμενα,
2542 5121 2648 5193 τῆς
2680 5120 2974 5193 λειπούσης
2995 5120 3125 5191 μιᾶς
3150 5114 3462 5187 ἑϐδομάδος,
3485 5110 3552 5165 τὰ
3567 5102 3709 5161 λοιπὰ

2150 5215 2331 5271 πάντα
2383 5214 2473 5269 διὰ
2523 5214 2694 5285 μέσου
2750 5213 2853 5286 τῆς
2905 5211 3001 5267 τοῦ
3063 5206 3315 5283 χρησμοῦ
3376 5201 3708 5286 προρρήσεως

2148 5305 2414 5379 εἰρημένα
2468 5285 2837 5369 ἐπιτελεῖται,
2883 5303 2919 5361 ἃ
2973 5303 3066 5357 καὶ
3096 5299 3236 5355 αὐτὰ
3266 5296 3453 5351 τοῦτον
3497 5285 3708 5364 ἔχειτὸν

2145 5398 2347 5470 τρόπον
2375 5416 2390 5431 ’
2440 5418 2459 5451 ι
2483 5399 2641 5455 Μετὰ
2663 5397 2762 5463 τὰς
2786 5395 3084 5469 ἑϐδομάδας
3099 5393 3198 5458 τὰς
3226 5390 3362 5446 ἑπτὰ
3385 5388 3480 5443 καὶ
3514 5384 3710 5452 ἑξηκον-

2146 5490 2314 5545 ταδύο
2365 5489 2872 5563 ἐξολοθρευθήσεταοι
2895 5488 3122 5561 χρίσμα,
3143 5486 3236 5539 καὶ
3261 5484 3432 5555 κρῖμα
3468 5478 3564 5533 οὐκ
3581 5474 3710 5563 ἐστιν

2150 5583 2209 5636 ἐν
2231 5581 2380 5654 αὐτῷ
2405 5599 2420 5613 ο
2443 5561 2667 5654 καὶήτὴν
2706 5561 2859 5636 πόλιν
2902 5579 2996 5632 καὶ
3037 5577 3099 5631 τδ
3135 5576 3287 5644 ἅγιον
3324 5561 3710 5654 διαφθερεῖ

2150 5668 2230 5741 τῷ
2275 5648 2565 5741 ἡγουμένῳ
2615 5648 2698 5740 ’ὶῷ
2751 5667 3030 5741 ἐρχομένῳ
3053 5704 3069 5730 ,
3122 5663 3215 5717 καὶ
3249 5659 3631 5728 ἑκκοπήσονται
3658 5648 3711 5703 ἑν

2152 5758 2544 5832 κατακλυσμῷ,
2566 5759 2796 5834 καὶ-ἓως
2820 5758 3004 5823 τέλους
3034 5755 3267 5827 πολέμου
3297 5741 3709 5820 συντετμημένοο
