3908 6266
303 368 399 423 621

1132 364 1782 423 DEMONSTRATIONIS
1820 366 2279 424 EVANGELICAS
2317 369 2444 424 LIB.
2482 367 2625 425 Vlll.‘

3439 372 3545 426 6:29.

302 481 642 551 ἀφανισμοῖς.
684 499 702 533 ι
760 483 870 537 Kal
916 481 1090 536 ταῦτα
1135 483 1200 537 δὲ’
1248 485 1448 555 ἐναργῆ
1498 485 1598 555 τὴν
1649 485 1868 539 ἑκϐασιν

1978 495 2189 556 quoque
2230 501 2289 542 se
2333 487 2533 544 habent
2571 507 2583 541 :
2627 505 2646 539 ι
2681 468 2810 542 Post
2857 487 3228 543 hebdomadas
3249 497 3455 558 septem
3492 500 3546 543 et

301 573 486 643 εἴληφε
521 573 639 625 κατ’
671 573 835 626 αὐτὸν
872 573 1176 642 Αὖγουστον
1213 577 1306 628 καί¹
1345 575 1588 648 Ἡρώδην
1613 617 1627 638 ,
1668 580 1748 641 είς
1785 577 1876 642 οὓς

299 664 394 727 τὰς
421 663 822 734 προειρημένας
844 664 980 718 ἑπτά
1008 664 1310 735 ἑϐδομάδας
1347 665 1876 734 συγκεφαλαιοῦσθαί

302 772 500 824 φαμεν.
540 755 672 825 Ὀδῷ
707 755 838 823 γοῦν
877 756 969 809 καὶ⁹
996 757 1144 823 τάξει
1179 756 1273 809 τοῦ
1301 756 1442 810 κατά
1475 757 1573 828 τὴν
1613 759 1876 830 ἀρχιερω-

303 845 463 914 σύνην
482 846 802 914 χρίσματος,
843 845 1003 918 μέχρι
1042 846 1150 898 τῶν
1182 847 1418 916 Ἡρώδου
1447 849 1541 900 καὶ
1561 849 1875 916 Αὐγούστου

299 935 502 1006 χρόνων
551 937 974 1008 διαρκέσαντος,
1019 939 1116 1009 τῆς
1163 938 1221 991 δὲ
1267 939 1513 1010 διαδοχῆς
1562 940 1670 992 τῶν
1709 939 1874 992 πάλαι

297 1028 598 1100 ἀρχιερέων
656 1029 748 1080 ἐπὶ
804 1029 1146 1102 Ἀλέξανδρον
1205 1033 1297 1085 τδν
1348 1031 1616 1103 ’Υρκανοῦ
1663 1031 1876 1102 πατέρα

298 1119 771 1191 ⁶ιπριγραφείσης,
858 1119 1100 1192 Ἡρώδης
1151 1122 1243 1175 τὸν
1313 1122 1575 1192 Ὑρκανὸν
1639 1120 1873 1181 ἀνελὼν,

296 1213 480 1266 οὐκέτι
527 1217 639 1277 τοῖς
671 1216 734 1267 ἐκ
773 1214 1024 1286 πατέρων
1063 1213 1326 1283 διαδόχοις
1356 1214 1640 1285 ἐπιτρέψαι
1661 1213 1875 1281 λέγεται

295 1305 390 1376 τὴν
439 1305 811 1378 λειτουργίαν,
864 1306 1002 1359 ἀλλά
1035 1322 1175 1359 τισιν
1215 1306 1447 1375 ἀσήμοις
1485 1305 1579 1358 καὶ
1615 1304 1876 1372 ἀφανέσιν

297 1396 624 1469 ἀνθρώποις.
659 1398 830 1451 Τοῦτο
859 1399 913 1450 δὲ
956 1399 1048 1451 καὶ
1086 1400 1116 1451 6
1155 1397 1399 1468 χρησμὸς
1433 1395 1720 1467 προλαϐὼν
1745 1397 1875 1448 ἑπε-

298 1487 580 1554 θέσπισεν,
631 1491 798 1544 εἰπών
827 1508 840 1522 ·
897 1509 915 1540 ι
953 1491 1063 1544 Kal
1117 1489 1253 1560 μετά
1287 1489 1385 1553 τὰς
1435 1489 1732 1560 ἑϐδομάδας
1779 1490 1876 1554 τάς

297 1583 437 1636 ἐπτά
465 1584 562 1636 καὶ
593 1580 949 1652 ἑξηκονταδύο
982 1581 1491 1654 ἐξολοθρευθήσεται
1524 1582 1753 1654 χρίσμα,
1783 1585 1877 1636 καὶ

296 1679 471 1747 κρῖμα
499 1675 601 1728 οὐκ
636 1673 781 1726 ἐστιν
809 1674 867 1726 ἑν
894 1673 1040 1742 αύτῴ
1064 1688 1077 1702 ο
1121 1692 1139 1725 ι
1181 1675 1317 1744 ὅπερ
1356 1672 1540 1742 σαφῶς
1580 1674 1672 1725 καὶ
1703 1672 1878 1726 λοιποὶ

294 1765 608 1818 τεθείκασιν
637 1764 966 1836 ἐρμηνευταί
994 1781 1005 1793 ·
1033 1766 1060 1816 ό
1089 1765 1186 1834 μὲν
1225 1764 1456 1828 Ἀκύλας
1476 1766 1650 1834 φήσας
1670 1781 1684 1794 ’
1719 1781 1737 1814 t
1768 1765 1877 1817 Καὶ

299 1859 439 1928 μετά
462 1857 564 1921 τάς
585 1857 724 1910 ἐπτά
747 1856 1047 1927 ἑϐδομάδας
1073 1857 1164 1909 καὶ
1197 1854 1552 1926 ἑξηκονταδύο
1574 1853 1877 1923 ἑξολοθρευ-

295 1950 528 2019 θήσεται
571 1948 931 2019 ὴλειμμένος,
985 1951 1078 2001 καὶ
1124 1949 1224 2001 οὐκ
1272 1948 1417 2000 ἐστιν
1451 1946 1636 2016 αὐτῷ·
1677 1965 1695 1996 ›
1751 1947 1779 1997 6
1822 1945 1877 1998 δὲ

297 2039 595 2110 Σύμμαχος
614 2055 629 2068 ·
669 2057 688 2092 t
724 2040 835 2092 Kal
860 2038 996 2110 μετά
1026 2041 1122 2101 τὰς
1152 2038 1446 2108 ἑϐδομάδας
1469 2037 1607 2091 ἐπτά
1635 2038 1728 2090 καὶ
1757 2033 1877 2106 ἑξη-

295 2132 554 2186 κονταδύο
569 2133 928 2203 ἐκκοπήσεται
942 2132 1190 2202 Χριστὸς,
1204 2132 1297 2184 καὶ
1313 2133 1412 2183 οὐκ
1427 2130 1654 2201 ὑπάρξει
1671 2129 1835 2199 αὐτῷ.
1851 2149 1870 2181 ι

300 2227 463 2281 Ὅθεν
497 2225 732 2298 μάλιστα
761 2224 1128 2296 παρίστασθαί
1163 2241 1252 2294 μοι
1284 2222 1428 2274 δοκεῖ
1458 2222 1688 2294 Χριστὸς
1716 2221 1877 2292 ἡγού-

299 2336 459 2390 μενος
490 2314 631 2371 εἶναι
654 2319 682 2370 6
714 2316 853 2371 κατά
878 2317 976 2386 τὴν
1006 2315 1276 2386 ἡμετέραν
1298 2313 1548 2366 ἀπόδοσιν
1575 2312 1876 2383 δεδηλωμέ-

297 2429 402 2476 νος.
428 2411 586 2466 Μετά
605 2410 736 2479 γοῦν
753 2409 848 2480 τὴν
865 2407 972 2460 τῶν
989 2407 1292 2478 εἰρημένων
1305 2405 1610 2474 ἑϐδομάδων
1626 2421 1689 2457 συ
1698 2404 1874 2475 μπλή-

299 2521 485 2574 ρωσιν,
499 2521 517 2552 ε
540 2499 1047 2571 ἑξολοθρευθήσεται
1067 2497 1319 2568 Χριστὸς,
1334 2495 1511 2566 ιφησί.
1537 2495 1631 2558 Τίς
1647 2495 1704 2547 δὲ
1721 2489 1873 2559 οὗτος

296 2597 329 2666 ἢ
347 2598 374 2648 6
398 2593 534 2664 ήγού
543 2610 721 2664 μενος,
740 2592 830 2644 καὶ
843 2593 870 2644 6
889 2591 1026 2644 κατά
1039 2589 1285 2660 διαδοχὴν
1303 2588 1359 2655 ἐξ
1376 2586 1645 2658 ἱερατικοῦ
1662 2589 1871 2656 γένους,

297 2683 388 2737 τοῦ
429 2683 616 2745 ἔθνους
643 2679 958 2752 προεστώς;
1010 2678 1233 2748 Διέμενε
1269 2675 1400 2744 γοῦν
1441 2669 1593 2738 οὗτος
1637 2676 1716 2736 είς
1749 2674 1872 2725 ὅσον

297 2779 449 2834 οὔπω
469 2779 538 2830 τὰ
558 2777 668 2830 τῶν
695 2774 1002 2846 ἑϐδομάδων
1031 2770 1334 2843 ἐπληροῦτο
1361 2786 1374 2799 ⁸
1430 2769 1616 2838 ἐπειδὴ
1646 2767 1701 2819 δὲ
1723 2766 1873 2830 τέλος

299 2866 600 2937 ἐλάμϐανον
633 2860 833 2928 αὗται,
872 2862 1178 2924 ἀκολούθως
1207 2863 1273 2931 τῇ
1305 2857 1608 2928 προφητείᾳ
1641 2853 1870 2926 ἐξεκόπη

297 2961 325 3014 ό
353 2961 416 3011 ἐκ
448 2959 696 3028 διαδοχῆς
731 2957 920 3024 γένους
942 2996 955 3017 ,
994 2953 1086 3006 τοῦ
1132 2953 1313 3014 ἔθνους
1356 2947 1650 3022 προεστώς.
1706 2943 1872 3010 Οὗτος

298 3049 353 3102 δὲ
378 3045 445 3121 ἦν
489 3047 772 3120 Ὑρκανὸς,
795 3047 853 3098 ὃν
878 3045 1038 3108 αὐτὸς
1071 3041 1311 3114 Ἡρώδης
1337 3038 1540 3093 ἀνελὼν
1563 3079 1576 3101 ,
1606 3037 1703 3109 τὴν
1731 3036 1872 3090 κατὰ

298 3138 387 3190 τοῦ
413 3138 599 3200 ἔθνους
621 3137 898 3207 βασιλείαν
949 3134 1112 3205 μηδὲν
1151 3131 1299 3201 αὐτῷ
1319 3130 1676 3200 διαφέρουσαν
1701 3127 1874 3198 ὑφαρ-

300 3230 462 3294 πάζει
488 3269 503 3293 ,
565 3228 780 3300 πρῶτός
839 3244 898 3280 τε
946 3225 1106 3287 αὐτὸς
1157 3221 1448 3292 ἀλλόφυλος
1500 3223 1734 3290 ἡγεῖται.
1795 3218 1870 3271 Οὐ

303 3326 460 3397 μόνος
492 3325 550 3378 δὲ
576 3326 685 3396 ἄρα
717 3325 746 3375 ὁ
784 3322 1043 3394 Ὑρκανὸς
1073 3322 1306 3391 Χριστὸς
1339 3318 1434 3382 ῶν,
1459 3315 1678 3371 καὶτῶν
1707 3314 1874 3369 πάλαι

299 3417 599 3489 ἀρχιερέων
656 3416 903 3480 ὕστατος,
947 3414 1199 3483 ἐξεκόπη,
1232 3411 1366 3465 ἀλλὰ
1398 3412 1491 3463 καὶ
1520 3412 1552 3480 ἡ
1579 3410 1642 3461 ἐκ
1676 3407 1875 3479 προγό-

301 3526 403 3562 νων
464 3507 674 3562 ἀνωθεν
711 3509 776 3559 ἐκ
800 3505 907 3558 τῶν
951 3504 1227 3576 πρόπαλαι
1267 3501 1564 3572 ἀρχιερέων
1615 3499 1874 3552 κατιοῦσα

300 3599 553 3670 διαδοχὴ,
622 3598 754 3652 αὑτό
812 3614 870 3650 τε
936 3596 998 3649 τὸ
1065 3594 1204 3648 κατὰ
1262 3592 1458 3664 νόμους
1513 3591 1720 3663 χρίσμα
1773 3591 1874 3645 οὐκ

302 3693 378 3747 ἔτι
407 3693 550 3745 κατά
617 3690 794 3763 κρίσιν
831 3689 1112 3759 γινόμενον
1131 3729 1145 3751 ,
1191 3685 1440 3748 ἀτάκτως
1475 3685 1532 3737 δὲ
1561 3685 1653 3737 καὶ
1677 3701 1874 3752 συγκε-

301 3785 582 3856 χυμένως,
644 3784 704 3835 ού
758 3781 897 3835 κατά
947 3781 1015 3832 τά
1050 3779 1198 3850 παρά
1244 3779 1465 3832 Μωῡσεῖ
1522 3777 1874 3851 νενομοθετη-

305 3875 753 3949 μένα,συνέτρεχε
792 3874 849 3926 δὲ
901 3873 1033 3944 ὁμοῦ
1069 3872 1247 3925 πάντα
1304 3870 1606 3936 ἀκολούθως
1651 3877 1714 3944 τῇ
1747 3891 1877 3944 προ.

304 3971 495 4044 φητείᾳ
553 3969 806 4041 φησάσῃ·
847 3986 865 4018 ι
901 3964 1439 4038 Ἐξολοθρευθήσεται
1490 3969 1698 4040 χρίσμα
1725 4007 1739 4031 ,
1785 3973 1879 4024 καὶ

304 4065 475 4135 κρῖμα
518 4062 619 4113 οὐκ
675 4059 820 4112 ἑστιν
881 4059 940 4111 ἐν
985 4057 1152 4128 αὐτῷ.
1183 4075 1201 4109 ι
1240 4056 1466 4130 Μάρτυς
1511 4059 1554 4112 δ’
1586 4049 1878 4132 ἀξιόχρεως

303 4153 504 4208 τούτων
545 4155 574 4206 6
630 4151 688 4216 ἐξ
733 4150 910 4204 αὐτῶν
965 4150 1228 4223 Ἐϐραίων
1280 4150 1572 4224 Ἰώσηπος,
1616 4146 1718 4204 ὧδέ
1763 4167 1880 4214 πως

306 4243 532 4316 ἱστορῶν
574 4241 645 4295 τὰ
693 4240 834 4294 κατά
880 4241 1006 4305 τοὺς
1051 4242 1276 4314 χρόνους
1328 4244 1384 4294 ἑν
1433 4241 1880 4310 ὀκτωκαιδεκάτῳ

304 4339 400 4410 τῆς
449 4334 784 4403 Ἰουδαϊκῆς
829 4336 1305 4406 Ἀρχαιολοτίαςο
1336 4354 1354 4386 ι
1390 4336 1499 4406 Τὴν
1523 4335 1579 4388 δὲ
1606 4332 1879 4404 βασιλείαν

317 4429 561 4503 Ἡρώδης
593 4429 743 4500 παρά
785 4429 1066 4500 Ῥωμαίων
1091 4427 1446 4501 ἐγχειρισθεὶς
1467 4467 1481 4490 ,
1515 4428 1614 4480 ούκ
1645 4425 1723 4477 ἔτι
1756 4425 1880 4488 τοὺς

1977 580 2259 648 sexaginta
2294 581 2432 636 duas
2459 581 2653 650 peribit
2675 581 2881 644 unctio,
2908 591 2962 636 et
3003 581 3273 647 judicium
3323 599 3431 637 non
3464 590 3548 635 est

1979 670 2035 724 in
2072 685 2164 735 ea;
2189 677 2242 724 et
2275 671 2551 724 civitatem
2583 679 2636 724 et
2675 679 2925 725 sanctum
2956 668 3234 739 disperdet
3257 686 3378 724 cum
3410 669 3548 723 dum

1976 768 2206 816 venturo
2231 781 2242 815 :
2264 771 2318 814 et
2351 760 2635 814 excidctur
2665 759 2720 814 in
2753 760 2978 826 diluvio,
3001 768 3053 814 et
3080 775 3252 830 usque
3289 760 3356 814 ad
3386 759 3545 814 ﬁnem

1976 853 2102 908 belli
2139 854 2192 907 in
2224 853 2604 922 compendium
2632 852 2863 914 redacti,
2908 852 3396 907 internecionibus.
3437 870 3455 903 ι
3484 849 3545 902 Et

1977 945 2092 999 haec
2123 945 2341 1015 quidem
2375 948 2720 1014 perspicuum
2750 945 2954 1000 exitum
2981 952 3140 999 nacta
3163 951 3298 1000 sunt
3314 945 3543 1014 Augusti

1975 1034 2314 1107 Herodisque
2365 1036 2704 1107 temporibus
2743 1055 2755 1090 :
2790 1037 2844 1089 in
2889 1051 3028 1104 quos
3061 1052 3178 1101 cas,
3231 1035 3298 1090 de
3346 1035 3544 1105 quibus

1976 1127 2314 1190 dicebamus,
2354 1133 2556 1195 septem
2600 1124 2970 1180 hebdomadas
3004 1126 3372 1180 consummari
3402 1124 3546 1178 aﬁir-

1977 1231 2207 1270 mamus.
2234 1213 2368 1268 Nam
2393 1229 2516 1269 cum
2541 1230 2700 1269 suum
2734 1229 3082 1284 progressum
3113 1223 3276 1283 atque
3297 1213 3542 1268 ordinem

1978 1309 2251 1378 pontiﬁcia
2282 1309 2374 1362 illa
2413 1309 2602 1363 unctio
2637 1323 2812 1378 usque
2859 1307 2925 1360 ad
2957 1306 3225 1362 Herodem
3269 1317 3318 1360 et
3359 1307 3544 1376 Augu-

1979 1406 2121 1454 stum
2175 1407 2488 1455 constanter
2515 1401 2835 1462 servaverit,
2871 1406 2924 1454 et
2949 1409 3194 1454 veterum
3226 1398 3542 1468 pontiﬁcum

1979 1493 2256 1546 successio
2291 1493 2346 1544 in
2371 1491 2680 1546 Alexandro
2721 1489 2957 1562 Hyrcani
2998 1497 3149 1560 patre
3195 1489 3539 1550 terminetur.

1976 1580 2220 1638 Herodes
2248 1585 2366 1653 ipso
2391 1583 2643 1655 Hyrcano
2674 1581 2957 1638 interfecto
2985 1581 3146 1652 397
3177 1596 3284 1636 non
3309 1581 3545 1652 amplius

1979 1673 2068 1737 iis,
2095 1675 2188 1744 qui
2223 1690 2253 1728 a
2296 1676 2615 1744 parentibus
2637 1674 2969 1729 succedendi
3001 1675 3093 1742 jus
3131 1674 3416 1739 haberent,
3443 1673 3546 1726 mi-

1979 1765 2268 1820 nisterium
2303 1766 2436 1820 illud
2463 1767 2806 1822 concessisse
2830 1765 3050 1828 dicitur,
3085 1764 3178 1820 sed
3220 1765 3545 1835 ignobilibus

1981 1858 2310 1927 quibusdam
2336 1859 2698 1929 obscurisque
2730 1858 3065 1913 hominibus.
3102 1857 3206 1913 Sed
3239 1860 3404 1913 etiam
3422 1873 3546 1911 ora-

1980 1949 2163 2002 culum
2214 1949 2355 2003 hanc
2397 1949 2568 2019 ipsam
2616 1965 2730 2004 rem
2783 1951 3088 2020 anticipans
3138 1951 3426 2012 divinavit,
3456 1951 3543 2004 his

1977 2039 2194 2094 verbis:
2226 2058 2245 2090 ‹
2280 2039 2345 2093 Ει
2371 2048 2495 2109 post
2527 2039 2894 2095 hebdomadas
2945 2051 3148 2110 septem
3183 2049 3236 2094 et
3265 2041 3544 2112 sexaginta

1979 2132 2120 2186 duas
2167 2133 2366 2202 peribit
2395 2134 2601 2198 unctio,
2634 2139 2688 2185 et
2724 2131 2991 2200 judicium
3027 2147 3134 2186 non
3169 2140 3252 2187 est
3300 2133 3356 2186 in
3399 2148 3482 2187 ea.
3521 2153 3539 2184 ›

1977 2222 2132 2289 Quod
2169 2223 2385 2294 quidem
2419 2224 2704 2293 perspicue
2744 2225 2939 2295 reliqui
2994 2241 3209 2296 quoque
3247 2234 3546 2296 posuerunt

1977 2317 2341 2385 interpretes:
2378 2317 2575 2386 Aquila
2611 2317 2832 2386 quidem
2887 2319 3006 2373 sic:
3042 2335 3061 2368 ι
3098 2317 3161 2370 Ει
3187 2327 3309 2386 post
3339 2325 3542 2388 septem

1974 2408 2346 2464 hebdomadas
2376 2419 2430 2464 et
2494 2409 2772 2478 sexaginta
2807 2409 2944 2464 duas
2986 2411 3184 2480 peribit
3236 2416 3455 2473 unctus,
3491 2419 3544 2464 et

1975 2515 2083 2555 non
2131 2510 2214 2555 est
2251 2497 2321 2554 ei.
2365 2519 2383 2551 ι
2439 2491 2799 2570 Symmachus
2853 2509 3032 2556 autem
3069 2501 3189 2556 sic:
3228 2518 3248 2552 ι
3309 2500 3374 2554 Et
3421 2514 3544 2572 post

1976 2590 2342 2646 hebdomadas
2389 2600 2595 2660 septem
2645 2600 2698 2646 et
2741 2593 3019 2662 sexaginta
3085 2591 3221 2646 duas
3265 2593 3544 2648 excidatur

1973 2681 2246 2744 Christus,
2283 2687 2337 2734 et
2367 2695 2476 2734 non
2500 2681 2674 2736 aderit
2724 2682 2795 2736 ei.
2846 2699 2865 2733 ι
2889 2680 2966 2735 Ex
2993 2695 3103 2751 quo
3131 2681 3367 2737 maxime
3412 2684 3542 2736 mihi

1973 2780 2230 2827 constare
2253 2771 2490 2838 videtur,
2519 2771 2799 2825 Christum
2829 2770 3024 2826 ducem
3058 2786 3182 2828 esse
3203 2786 3353 2836 eum,
3379 2764 3540 2840 quem

1973 2865 2270 2935 expositio-
2287 2873 2480 2918 nostra
2504 2863 2825 2919 declaravit;
2851 2863 2983 2920 Post
3005 2873 3108 2920 ‘eas
3139 2864 3305 2935 igitur
3328 2864 3395 2920 de
3420 2867 3543 2934 qui-

1973 2956 2079 3012 bus
2111 2956 2353 3010 diximus
2375 2956 2675 3026 completas
2692 2955 3084 3019 hebdomadas,
3120 2973 3142 3006 s
3173 2957 3372 3026 peribit
3394 2957 3523 3011 Chri

1975 3055 2112 3110 stus,
2157 3068 2177 3101 ι
2211 3050 2409 3120 inquit.
2455 3048 2561 3103 Sed
2600 3048 2722 3118 quis
2759 3048 2978 3104 tandem
3007 3047 3099 3103 hic
3120 3047 3397 3114 Christus,
3437 3050 3544 3105 nisi

1973 3138 2082 3192 dux
2116 3140 2209 3210 qui
2239 3140 2475 3211 legitime
2503 3128 2803 3195 succedens
2818 3155 2882 3194 ex
2904 3139 3181 3210 pontiﬁcio
3197 3157 3412 3212 genere,
3435 3157 3544 3197 sua:

1973 3232 2116 3300 genti
2145 3231 2438 3300 praeesset?
2460 3229 2658 3287 Mansit
2682 3232 2850 3303 igitur
2882 3232 2973 3287 hic
3001 3232 3272 3297 Christus,
3303 3233 3544 3303 quandiu

1975 3323 2341 3378 hebdomades
2384 3324 2490 3379 illae
2537 3324 2908 3392 duraverunt;
2953 3325 3047 3380 ubi
3094 3333 3275 3382 autem
3328 3327 3544 3379 illarum

1974 3415 2099 3472 ﬁnis
2121 3416 2357 3484 advenit,
2388 3418 2608 3474 excisus
2639 3425 2743 3480 est,
2772 3419 2864 3486 qui
2896 3418 2965 3472 de
2989 3416 3208 3486 generis
3241 3416 3543 3472 successio-

1974 3523 2043 3562 ne
2097 3507 2242 3578 genti
2273 3517 2549 3576 praeesset.
2571 3507 2742 3562 Porro
2779 3508 2872 3560 hie
2915 3505 3017 3559 fuit
3049 3505 3354 3577 Hyrcanus,
3383 3523 3542 3575 quem

1973 3614 2097 3654 cum
2131 3598 2373 3654 Herodes
2422 3599 2814 3661 interfecisset,
2856 3613 3080 3667 regnum
3121 3597 3370 3667 protinus
3401 3597 3542 3667 quod

1976 3693 2045 3748 ad
2076 3693 2254 3762 ipsum
2289 3692 2423 3746 nihil
2463 3691 2765 3761 spectabat,
2789 3689 3041 3762 arripuit,
3077 3688 3396 3756 primusque
3427 3688 3545 3756 ipse

1979 3783 2192 3855 praefuit
2212 3799 2278 3838 ex
2309 3783 2484 3838 alieno
2521 3797 2738 3852 genere.
2789 3781 3056 3835 Caeterum
3084 3793 3190 3832 non
3225 3781 3376 3834 solus
3407 3779 3546 3851 [lyr-

1979 3892 2172 3939 cauus,
2203 3875 2296 3946 qui
2335 3875 2586 3929 Christus
2620 3879 2759 3941 erat,
2792 3884 2845 3928 et
2873 3874 3178 3943 priscorum
3226 3871 3544 3942 pontiﬁcum

1979 3968 2335 4030 novissimus,
2367 3968 2586 4022 excisus
2637 3975 2738 4028 est,
2766 3965 2861 4021 sed
2888 3966 3051 4020 etiam
3079 3980 3142 4020 ea
3165 3980 3284 4035 quae
3318 3965 3480 4020 altius
3515 3984 3545 4018 a

1980 4062 2280 4132 majoribus
2302 4060 2571 4129 longeque
2604 4057 2982 4129 superioribus
3015 4058 3367 4128 pontiﬁcibus
3392 4073 3546 4128 repe-

1983 4155 2080 4207 tita
2149 4152 2326 4208 fuerat
2375 4151 2678 4215 successio,
2740 4152 2966 4222 ipsaqtte
3020 4150 3261 4220 legitima
3310 4152 3543 4206 unctio:

1980 4246 2183 4316 quippe
2229 4255 2350 4315 qua:
2380 4259 2488 4298 non
2523 4245 2664 4297 ultra
2691 4259 2756 4298 ex
2786 4242 2996 4311 judicio
3031 4240 3171 4296 facta
3211 4244 3302 4304 sit,
3336 4243 3430 4296 sed
3467 4245 3548 4296 in-

1981 4336 2229 4390 ordinate
2255 4344 2309 4391 et
2334 4335 2580 4398 confuse,
2617 4349 2724 4388 non
2772 4333 3073 4388 secundum
3095 4348 3180 4390 ea.
3208 4349 3330 4402 qua}
3369 4333 3547 4389 Mosrs

1982 4429 2038 4482 in
2071 4431 2188 4484 suis
2220 4429 2431 4498 legibus
2462 4437 2737 4492 sanxerat,
2766 4434 3274 4494 concurreruntque
3297 4427 3350 4480 in
3379 4443 3547 4480 unttm

304 4523 367 4575 ὲκ
383 4521 477 4574 τοῦ
522 4521 896 4592 Ἀσαμωναίου
916 4522 1108 4590 γένους
1165 4518 1327 4587 (οὗτοι
1352 4521 1408 4573 δὲ
1439 4516 1576 4590 ἦσαν
1604 4519 1652 4571 οἱ
1685 4516 1878 4570 καλούς

1986 4523 2188 4585 omnia,
2215 4519 2667 4591 quemadmodum
2726 4519 3009 4588 prophetia
3061 4518 3404 4586 prmdixcrat,
3442 4519 3550 4572 illis

309 4630 455 4683 μενοι
522 4611 904 4683 Μακκαϐαῖος)
931 4653 946 4675 ,
999 4612 1313 4682 καθίστησιν
1371 4612 1645 4680 ἀρχιερεῖς
1673 4649 1687 4672 ,
1742 4609 1879 4661 ἀλλά

305 4721 452 4766 τ.νας
487 4705 734 4773 ἀσήμους
765 4707 858 4756 καὶ¹
897 4701 1054 4772 μόνον
1097 4700 1156 4764 ἐξ
1206 4700 1468 4770 Ἐϐραίων
1509 4700 1666 4761 ὄντας
1688 4739 1703 4761 ,
1739 4699 1878 4768 πλὴν

307 4797 420 4860 ἐνὸς
462 4795 897 4868 Ἀριστοϐούλου,
931 4795 988 4848 ὂν
1043 4793 1306 4866 ’Υρκανοῦ
1346 4793 1458 4845 υἱὸν
1493 4792 1644 4855 ὄντα,
1705 4808 1878 4844 κατα-

310 4890 511 4960 στήσας
524 4887 802 4959 ἀρχιερέα,
823 4890 888 4958 τῇ
910 4887 1111 4956 ἀδελφῇ
1128 4883 1292 4937 αὑτοῦ
1321 4883 1598 4953 συνῴκησε
1619 4882 1877 4954 Μαριάμ-

311 4996 412 5051 μῃ,
440 4978 541 5050 τὴν
568 4977 662 5030 τοῦ
698 4977 930 5049 πλήθους
963 4977 1098 5048 πρὸς
1127 4977 1285 5030 αὑτὸν
1317 4974 1628 5046 θηρώμενος
1670 4972 1876 5026 εὔνοιαν

305 5069 390 5127 διὰ
419 5071 519 5142 τὴν
563 5068 830 5141 ’Υρκανοῦ
865 5070 1102 5141 μνήμην.
1138 5065 1267 5121 Εἶτα
1296 5064 1481 5129 δεδιὼς
1517 5066 1589 5136 μὴ
1624 5065 1758 5137 πρὸς
1788 5065 1876 5117 τὸν

318 5163 722 5234 Ἀριστόϐουλον
756 5161 954 5222 πάντες
986 5162 1366 5225 ἀποκλίνωσιν,
1389 5160 1596 5213 ἀνεῖλεν
1630 5160 1791 5212 αὑτὸν
1819 5161 1877 5212 ὲν

316 5253 545 5328 Ἱεριχοῖ,
567 5256 822 5325 πνιγῆναι
860 5255 1306 5326 μηχανησάμενος
1337 5253 1712 5323 κολυμϐῶντα,
1747 5253 1878 5306 καθ-

307 5345 376 5410 ὼς
446 5349 550 5418 ἠδη
601 5347 997 5418 δεδηλώκαμεν.
1057 5345 1210 5399 Μετά
1258 5345 1443 5398 τοῦτον
1491 5345 1590 5398 οὐκ
1636 5343 1714 5396 ἑτι
1764 5347 1876 5406 τοῖς

306 5435 545 5506 ἐκγόνοις
564 5437 672 5489 τῶν
718 5435 1092 5507 ’Δσαμωναίου
1118 5434 1323 5488 παίδων
1347 5434 1444 5504 τὴν
1466 5433 1874 5504 ἀρχιερωσύνην

303 5528 642 5584 ἐπίστευσεν.
686 5527 927 5598 Ἐπραξε
970 5527 1026 5579 δὲ
1063 5528 1220 5596 ὃμοια
1252 5525 1330 5595 τῷ
1373 5524 1584 5596 Ἡρώδῃ
1618 5525 1745 5594 περὶ
1775 5525 1875 5594 τῆς

303 5621 688 5682 καταστάσεως
735 5619 842 5672 τῶν
890 5619 1209 5689 ἀρχιερέων,
1258 5615 1540 5687 Ἀρχέλαός
1568 5631 1628 5667 τε
1677 5616 1706 5665 6
1749 5617 1875 5677 παῖς

306 5712 488 5775 αὑτοῦ,
522 5712 618 5765 καὶ
647 5711 785 5781 μετά
813 5709 1000 5762 τοῦτον
1047 5711 1304 5778 Ῥωμαῖοι
1337 5709 1435 5778 τὴν
1463 5707 1568 5761 τῶν
1612 5706 1875 5762 Ἰουδαίων

311 5803 582 5873 βασιλείαν
628 5801 1040 5874 παρειληφότες.
1087 5821 1104 5850 ι
1145 5800 1310 5855 Πάλιν
1341 5801 1395 5852 ἐν
1459 5798 1663 5870 ἑτέροις
1701 5797 1872 5850 ταῦτα

1978 4614 2206 4669 verbis:
2249 4631 2267 4663 ι
2307 4611 2511 4666 Peribit
2539 4609 2745 4672 unctio,
2778 4617 2832 4663 et
2871 4607 3138 4678 judicium
3194 4623 3302 4661 non
3351 4617 3436 4663 cst
3495 4609 3548 4664 in

1978 4721 2062 4761 ea.
2103 4725 2118 4756 ι
2148 4705 2324 4773 Atque
2351 4704 2588 4772 Optimus
2609 4701 2836 4769 hujusce
2860 4702 2938 4754 rei
2972 4699 3127 4754 testis
3152 4708 3238 4755 est
3252 4698 3550 4755 Hebraicus

1979 4809 2167 4854 auctor
2201 4797 2492 4868 Josephus,
2542 4796 2634 4865 qui
2666 4794 2718 4848 in
2749 4809 2881 4848 xvm
2913 4791 3154 4847 Iudaica:
3204 4793 3550 4861 Antiquitatis

1979 4892 2139 4955 libro,
2174 4907 2296 4960 qure
2329 4890 2396 4944 ad
2421 4890 2511 4942 illa
2546 4897 2791 4956 tempora
2815 4889 3113 4956 pertinent,
3149 4887 3204 4940 in
3247 4887 3393 4940 hunc
3437 4902 3552 4940 mo-

1984 4980 2112 5035 dum
2141 4981 2393 5049 exponit:
2415 4997 2434 5029 ‹
2458 4977 2699 5033 Herodes
2726 4977 3095 5045 autem,regni
3128 4975 3554 5030 administratio-

1983 5089 2051 5128 ne
2081 5089 2109 5126 a
2156 5071 2417 5127 Romanis
2447 5083 2688 5141 accepta,
2720 5070 2897 5123 nullos
2941 5068 3172 5136 amplius
3217 5083 3284 5122 ex
3319 5066 3552 5123 Asamo-

1984 5180 2102 5219 meo
2136 5180 2333 5234 genere
2362 5162 2439 5233 (hi
2481 5170 2661 5216 autem
2710 5168 2866 5216 erant
2895 5160 2982 5229 qui
3019 5157 3313 5213 Machabmi
3355 5173 3554 5213 vocan-

1982 5258 2094 5326 tur)
2135 5255 2421 5325 pontiﬁces
2466 5255 2729 5316 declarat,
2763 5252 2857 5307 sed
2902 5252 3166 5320 ignobiles
3205 5251 3470 5320 quosdam
3498 5260 3550 5305 et

1982 5349 2051 5402 ab
2082 5347 2325 5403 Hebraais
2377 5345 2757 5400 tantummodo
2813 5344 3100 5406 oriundos,
3131 5352 3328 5413 praeter
3381 5359 3548 5398 unum

1980 5437 2379 5499 Aristobulum,
2413 5436 2506 5505 qui
2538 5433 2774 5506 Hyrcani
2832 5433 2974 5486 ﬁlius
3026 5431 3148 5487 fuit.
3204 5431 3361 5486 Hunc
3401 5434 3548 5489 enim

1981 5540 2104 5579 eum
2134 5525 2442 5594 pontificem
2478 5524 2832 5585 declarasset,
2868 5538 3108 5577 sororem
3145 5523 3266 5591 ejus
3297 5522 3550 5576 Mariam-

1983 5601 2318 5670 mamiduxit
2349 5631 2594 5682 uxorem,
2650 5608 2850 5683 quippe
2882 5613 2974 5683 qui
3025 5613 3390 5668 multitudinis
3419 5629 3548 5677 erga

1985 5707 2135 5760 illum
2165 5715 2409 5775 captaret
2432 5706 2890 5768 benevolentiam,
2918 5710 3140 5772 propter
3170 5704 3402 5775 Hyrcani
3437 5721 3548 5757 me~

1983 5796 2232 5850 moriam.
2257 5793 2423 5866 398
2446 5794 2645 5849 Deinde
2669 5794 2873 5848 veritus
2906 5806 2972 5845 ne
3004 5805 3198 5848 omnes
3240 5791 3303 5845 ad
3339 5792 3518 5845 Aristo
