3908 6266
361 361 471 417 ύὲὶδ

1031 349 1296 407 ELSEBH
1323 346 1804 405 CESARIENSIS
1840 347 1991 405 OPP.
2032 343 2211 401 PARS
2249 343 2313 401 H.
2352 372 2426 389 --
2462 343 2954 399 APOLOGETICA.

3485 344 3587 400 6N

364 482 552 537 bulum
583 477 971 537 desciscerent,
1005 471 1279 525 hominem
1327 468 1396 523 de
1446 467 1625 523 medio
1677 466 1920 530 sustulit,

2029 462 2153 534 περὶ
2203 462 2383 514 αὐτῶν
2434 477 2594 531 φησιν
2620 478 2631 489 ·
2689 480 2706 510 ι
2758 458 3001 531 Ἡρώδης
3030 458 3088 511 δὲ
3121 458 3465 529 βασιλεύσας,
3494 464 3587 532 τήν

362 576 491 630 dum
522 580 661 628 esset
697 570 749 623 in
780 565 977 637 oppido
1002 562 1377 618 Hierichunte.
1413 560 1491 613 llli
1512 558 1658 615 enim
1684 556 1918 618 natanti,

362 666 522 736 vique
555 660 770 717 interim
801 657 904 713 sub
932 668 1073 725 aqua
1107 652 1349 709 detento.
1385 664 1572 705 necem
1603 659 1688 704 est
1716 647 1923 702 machi-

360 761 544 814 natus,
575 749 652 803 uti
681 749 790 816 jam
818 745 1036 816 planum
1075 740 1324 796 fecimus.
1351 739 1480 794 Post
1505 739 1646 793 hunc
1669 753 1776 793 non
1807 752 1924 791 am-

360 845 502 914 plius
549 856 616 899 ex
660 836 962 896 Asamonaei
1020 834 1170 904 prole
1225 832 1473 887 oriundis
1550 830 1922 903 pontiﬁcatum

358 934 653 991 commisit.
688 930 956 986 Herodem
998 928 1242 983 imitatus
1289 935 1373 981 est
1425 925 1478 979 in
1534 924 1924 978 constitutione

358 1027 671 1097 pontiﬁcum
705 1022 826 1093 ejus
854 1021 997 1077 ﬁlius
1018 1020 1336 1081 Archelaus,
1354 1027 1408 1073 et
1433 1024 1552 1089 post
1574 1016 1720 1070 hunc
1746 1016 1922 1084 ipsum

357 1116 608 1181 Romani,
666 1115 761 1185 qui
813 1112 1122 1168 Iudaeorum
1198 1124 1423 1181 regnum
1485 1114 1843 1177 occuparunt.
1897 1123 1918 1157 ι

356 1207 571 1265 Rursus
595 1208 664 1263 de
690 1208 759 1264 iis
789 1206 897 1261 alio
920 1206 973 1259 in
1005 1205 1126 1259 loco
1145 1204 1277 1259 dicit
1303 1203 1417 1257 haec
1454 1220 1467 1255 :
1506 1219 1524 1251 ι
1557 1199 1796 1254 Herodes
1825 1213 1924 1252 an-

357 1311 464 1358 tem
480 1316 572 1358 rex
597 1302 689 1356 ubi
719 1301 914 1354 turrim
937 1300 1076 1353 hanc
1103 1297 1157 1352 in
1178 1297 1374 1352 idoneo
1393 1296 1514 1350 loco
1542 1294 1704 1349 sitam
1725 1306 1924 1362 magno

357 1402 580 1465 sumptu
634 1393 916 1459 instruxit,
968 1390 1261 1445 Antoniam
1319 1389 1612 1460 appellavit
1656 1386 1918 1443 nomine:

358 1496 560 1542 vestem
584 1492 845 1555 praterea
867 1482 1200 1554 pontiﬁciam
1236 1481 1554 1551 assumpsit,
1577 1489 1631 1536 et
1652 1495 1770 1535 eam
1804 1495 1924 1550 quae

356 1577 603 1650 deposita
631 1585 750 1633 erat
786 1575 1025 1631 retinuit.
1073 1572 1273 1629 Herodi
1306 1572 1507 1628 similia
1544 1572 1800 1643 patravit,
1828 1573 1922 1642 qui

357 1670 426 1725 ab
453 1669 572 1740 ipso
592 1683 685 1724 rex
716 1667 1026 1722 declaratus
1054 1672 1139 1721 est
1168 1664 1470 1719 Archelaus
1498 1664 1672 1734 ipsiu's
1692 1662 1857 1729 ﬁlius,
1890 1680 1922 1718 a

356 1774 465 1830 quo
505 1759 740 1815 Romani
788 1765 1014 1828 accepto
1072 1757 1403 1829 principatu,
1451 1764 1600 1811 veste
1643 1756 1922 1826 pontiﬁcis

2021 572 2079 607 τε
2111 554 2265 625 βάριν
2294 554 2493 623 ταύτην
2519 554 2577 605 ἐν
2610 551 2899 622 ἐπιτηδείῳ
2933 550 3082 621 τόπῳ
3132 552 3390 622 κειμένην
3423 568 3576 605 κατα⁹

2025 646 2297 708 σκευάσας
2320 643 2646 706 πολυτελῶς,
2693 642 2980 695 Ἀντωνίαν
3022 643 3176 696 καλεῖ
3220 644 3388 714 δνομα
3406 682 3421 703 ,
3498 644 3590 697 καὶ

2021 739 2120 810 τὴν
2149 738 2341 809 στολὴν
2369 738 2467 808 τὴν
2497 734 2883 808 ἀρχιερατικὴν
2911 734 3204 805 λαμϐάνει,
3239 736 3341 807 τὴν
3378 737 3436 789 δὲ
3480 754 3591 790 κει-

2027 830 2191 901 μένην
2253 832 2470 898 κατεῒχε
2497 865 2514 884 .
2567 824 2835 881 πιστεύων
2885 827 3036 882 οὐδὲν
3096 828 3436 898 νεωτερίσειν
3503 828 3592 881 τὸν

2022 922 2149 976 λαὸν
2190 919 2255 973 δι’
2288 922 2479 992 αὐτήν.
2525 921 2766 993 Ἔπραξε
2801 921 2846 974 δ’
2880 920 3042 991 ὃμοια
3072 919 3151 990 τῷ
3194 918 3406 991 Ἡρώδῃ
3444 920 3537 974 καὶ
3564 921 3593 973 ὁ

2023 1010 2476 1075 ἐπικατασταθεὶς
2513 1011 2661 1083 αύτῷ
2703 1011 2952 1082 βασιλεὺς
3016 1009 3338 1082 ’Δρχέλαος,
3376 1009 3489 1072 υἱὸς
3521 1010 3594 1063 ὢν

2023 1107 2221 1170 αὑτοῦ,
2265 1106 2392 1175 παρ’
2431 1098 2492 1158 οῦ
2549 1105 2803 1175 Ῥωμαῖοι
2825 1101 3193 1173 διαδεξάμενοι
3236 1102 3338 1172 τὴν
3389 1102 3590 1173 ἀρχὴν,

2023 1199 2285 1271 ἐκράτουν
2310 1198 2409 1267 τῆς
2435 1196 2626 1267 στολῆς
2652 1194 2748 1249 τοῦ
2780 1194 3084 1268 ἀρχιερέως
3126 1194 3491 1266 ἀποκειμένης
3535 1196 3594 1250 ὲν

2022 1291 2154 1362 οἴκῳ
2170 1288 2316 1343 λίθου
2338 1287 2759 1359 οἰκοδομηθέντι,
2778 1287 2882 1340 ὑπὸ
2908 1286 3179 1358 σφραγῖδι.
3217 1305 3237 1338 ι
3265 1285 3365 1339 Διά
3395 1285 3595 1346 τούτων

2022 1382 2084 1435 τὸ
2110 1380 2454 1450 ἀποτέλεσμα
2485 1379 2646 1433 παντί
2675 1395 2754 1450 τῳ
2777 1376 2980 1449 νομίζω
3017 1377 3328 1446 καταφανὲς
3368 1376 3593 1448 γεγενῆ-

2026 1475 2144 1529 σθαι
2178 1473 2271 1527 τοῦ
2299 1474 2568 1543 φήσαντος
2600 1468 2849 1542 χρησμοῦ
2873 1486 2888 1499 ·
2926 1489 2942 1519 ι
2983 1469 3093 1522 Καὶ
3137 1468 3274 1540 μετά
3304 1468 3405 1532 τάς
3442 1468 3593 1522 ἑϐδο-

2026 1566 2198 1639 μάδας
2247 1566 2345 1628 τάς
2379 1563 2519 1617 ἑπτὰ
2560 1563 2654 1617 καὶ¹
2693 1559 3049 1632 ἑξηκονταδύο
3089 1558 3595 1631 ὲξολοθρευθήσεται

2022 1660 2250 1732 χρίσμα,
2272 1659 2367 1713 καὶ
2382 1660 2554 1729 κρῖμα
2586 1656 2688 1710 ούιι
2710 1654 2855 1708 ἐστιν
2887 1655 2944 1708 ὲν
2976 1653 3146 1724 αὐτῷ.
3175 1673 3193 1706 ι
3227 1654 3346 1708 Ἔτι
3376 1653 3433 1706 δὲ
3464 1653 3595 1724 μᾶλ-

2023 1751 2111 1805 λον
2143 1751 2263 1823 ὄψει
2295 1749 2413 1814 πῶς
2439 1751 2653 1821 εἴρηται
2677 1746 2788 1812 τδ,ι
2812 1748 2999 1819 Κρῑμα
3011 1747 3109 1800 οὐκ
3141 1746 3287 1799 ἐστιν
3310 1746 3367 1799 ὲν
3393 1745 3591 1817 αὐτῷ.»

355 1865 477 1921 qua:
496 1850 735 1921 reposita
765 1856 884 1903 crat
908 1848 1014 1903 sub
1047 1847 1206 1917 signo
1238 1846 1292 1901 in
1309 1845 1471 1901 domo
1487 1859 1555 1898 ex
1585 1843 1765 1913 lapide
1789 1858 1920 1899 con—

2029 1842 2083 1896 τὸ
2103 1843 2325 1915 ἄκριτον
2350 1841 2573 1896 συνιδὼν
2599 1841 2698 1912 τῆς
2716 1838 2824 1892 τῶν
2867 1837 3165 1910 ἀρχιερέων
3186 1839 3592 1901 καταστάσεως,

355 1950 566 1999 structa
602 1941 977 1998 obtinuerunt.
1037 1958 1055 1991 ι
1100 1937 1177 1991 Ex
1209 1938 1295 1992 his
1349 1936 1508 2008 plane
1542 1935 1718 1989 cuivis
1764 1934 1924 1989 intel-

356 2038 556 2092 lectum
582 2049 706 2091 esse
724 2032 980 2096 arbitror,
999 2031 1250 2101 quisnam
1279 2028 1441 2084 fuerit
1462 2035 1689 2083 eventus
1715 2026 1921 2081 oraculi

356 2126 593 2182 dicentis
627 2144 645 2176 ι
678 2142 691 2178 :
726 2122 792 2177 Et
823 2129 947 2192 post
988 2118 1355 2176 hebdomadas
1388 2134 1463 2173 vn
1513 2127 1567 2172 et
1596 2133 1704 2171 Lxu
1729 2118 1925 2187 peribit

356 2217 562 2279 unctio,
594 2222 649 2271 et
672 2213 944 2285 judicium
974 2227 1082 2266 non
1105 2218 1187 2266 est
1207 2211 1260 2265 in
1284 2226 1367 2266 ea.
1398 2229 1416 2261 ι
1451 2208 1618 2280 Magis
1646 2209 1808 2263 etiam
1842 2208 1924 2262 in-

356 2309 747 2379 tueberis,quo
770 2321 935 2362 sensu
966 2305 1172 2359 dictum
1198 2303 1270 2358 sit
1301 2303 1433 2357 illud
1464 2322 1478 2357 :
1515 2319 1534 2353 ι
1564 2301 1629 2355 Et
1652 2301 1921 2371 judicium

355 2415 464 2455 non
486 2406 571 2454 est
596 2399 649 2452 in
668 2412 785 2459 ea,»
808 2396 854 2452 si
882 2395 1031 2449 nullo
1045 2393 1251 2463 judicio
1269 2401 1483 2448 creatos
1500 2393 1783 2462 pontiﬁces
1803 2406 1921 2455 eos,

354 2491 448 2561 qui
485 2497 607 2560 post
652 2487 940 2549 Herodem,
984 2485 1187 2556 quique
1230 2484 1566 2554 temporibus
1623 2482 1924 2539 Salvatoris

357 2581 533 2639 nostri
561 2579 806 2643 fuerunt,
834 2577 1291 2633 consideraveris.
1315 2575 1453 2632 Cum
1477 2576 1623 2630 enim
1649 2591 1715 2630 ex
1740 2575 1922 2630 divina

356 2676 471 2746 lege
499 2670 742 2744 pontifex
765 2678 939 2724 totum
970 2684 1083 2725 sua:
1109 2671 1230 2723 vitae
1252 2675 1466 2739 tempus
1485 2682 1702 2724 sacrum
1724 2683 1925 2723 munus

354 2768 525 2826 obire.
561 2765 814 2834 idemque
841 2762 1080 2833 legitimo
1108 2760 1220 2816 ﬁlio
1252 2760 1562 2817 successori
1593 2760 1810 2815 tradere
1833 2759 1925 2829 ju-

355 2852 599 2915 beretur,
618 2868 715 2920 per
740 2867 806 2907 ea
846 2860 1092 2923 tempora
1113 2866 1235 2922 quae
1270 2850 1431 2906 modo
1476 2850 1923 2921 explorabamus,

357 2952 480 3014 post
508 2944 790 3000 interitum
827 2958 999 2998 sacra:
1033 2943 1327 3006 unctionis,
1357 2943 1501 2997 sicut
1535 2941 1817 3012 prophetia
1848 2942 1924 2996 si-

355 3034 730 3106 gniﬁcaverat,
753 3035 963 3105 primus
983 3034 1201 3105 quidem
1226 3034 1488 3102 Herodes,
1516 3042 1640 3106 post
1658 3032 1924 3089 Herodem

355 3141 487 3182 vero
516 3126 682 3182 etiam
718 3125 974 3191 Romani,
1007 3127 1214 3198 absque
1256 3126 1487 3196 judicio,
1524 3127 1675 3181 nulla
1708 3132 1925 3182 servata

357 3217 496 3289 lege,
531 3218 793 3288 quosipsi
826 3195 1174 3288 probassent,
1204 3195 1493 3290 pontiﬁces
1532 3219 1816 3274 declarare
1843 3218 1925 3273 inv
1953 3195 1994 3251 ο

357 3310 676 3375 stituerunt,
700 3311 929 3381 plebeiis
956 3311 1285 3382 quibusdam
1315 3310 1451 3367 viris
1483 3317 1649 3382 atque
1673 3310 1927 3383 ignobili-

358 3403 462 3459 bus
506 3401 652 3457 hunc
684 3402 948 3459 honorem
998 3402 1317 3473 largientes,
1355 3401 1522 3473 idque
1563 3404 1801 3458 nominis
1831 3418 1927 3458 ve-

355 3492 479 3548 nale
507 3492 725 3556 habere,
758 3501 813 3550 et
845 3507 1153 3564 cauponum
1177 3507 1326 3546 more
1351 3506 1451 3562 pro
1474 3506 1541 3548 eo
1568 3493 1802 3562 pretium
1835 3507 1929 3548 ac-

358 3586 563 3655 cipere,
597 3580 761 3641 modo
807 3585 932 3649 hos,
975 3585 1139 3640 modo
1179 3585 1304 3641 illos
1324 3599 1506 3640 annua
1539 3585 1805 3657 dignitate
1829 3586 1926 3642 do-

360 3683 571 3733 nantes.
610 3677 880 3744 Quocirca
934 3683 1160 3734 sanctus
1206 3676 1546 3747 evangelista
1566 3674 1763 3742 Lucas,
1797 3676 1927 3732 dum

358 3770 719 3840 praedicanda
749 3769 1059 3825 Salvatoris
1093 3770 1269 3825 nostri
1290 3768 1558 3824 doctrinm
1588 3776 1803 3839 tempus
1832 3768 1928 3824 de-

357 3863 687 3928 scribit,hoc
717 3861 897 3932 ipsum
927 3862 1063 3916 mihi
1092 3868 1288 3917 notare
1303 3859 1536 3924 videtur,
1555 3875 1680 3915 cum
1711 3862 1847 3914 ait:r
1873 3861 1930 3914 In

362 3970 506 4010 anno
522 3955 713 4025 quinto
735 3953 1184 4023 decimoimperii
1214 3951 1421 4009 Tiberii
1444 3952 1702 4017 Caesaris,
1732 3968 1931 4022 procu-

358 4055 516 4104 rante
525 4043 897 4101 PontioPilato
908 4042 1530 4107 Judaeam,tetrarebiam
1549 4059 1678 4101 vero
1690 4045 1934 4100 obtinen-

361 4140 510 4195 tibus
521 4137 756 4202 Herode,
782 4144 838 4192 et
864 4134 1195 4206 Pbilippo,et
1216 4134 1450 4207 Lysania
1473 4136 1576 4192 sub
1593 4138 1931 4207 principibus

363 4227 711 4284 sacerdotum
745 4224 1245 4296 AnnaetCaipha.»
1276 4225 1522 4298 Namque
1542 4229 1588 4260 ⁸*
1618 4227 1673 4280 hi
1695 4226 1807 4282 duo
1822 4242 1931 4297 quo

362 4316 582 4374 tandem
599 4324 759 4388 pacto
772 4317 962 4373 eodem
982 4324 1230 4389 tempore
1245 4319 1479 4374 fuissent
1496 4318 1804 4391 pontiﬁces,
1825 4320 1929 4373 nisi

362 4411 599 4483 legique
613 4410 682 4466 de
706 4408 1056 4482 pontiﬁcibus
1074 4410 1285 4465 sancita
1309 4411 1508 4475 fuerat,
1527 4410 1609 4467 vis
1626 4410 1775 4465 illata
1798 4410 1935 4466 luis-

363 4503 485 4559 set?
509 4501 674 4575 399
702 4500 829 4558 Haec
845 4500 1033 4559 eadem
1064 4500 1333 4573 Iosephus
1364 4517 1582 4573 quoque
1607 4503 1928 4567 testiﬁcans,

363 4596 445 4651 sic
463 4597 654 4653 scribit
681 4615 693 4650 :
723 4613 743 4648 ι
780 4592 1262 4659 ValeriusGratns,
1292 4595 1661 4651 Romanorum
1692 4596 1928 4668 impera-

365 4702 609 4754 tor,cum
633 4687 829 4742 Anano
852 4686 1098 4757 pontiﬁci
1120 4703 1339 4743 sacrum
1355 4703 1561 4745 munus
1583 4689 1926 4760 abrogasset,

365 4781 649 4838 lsmaelum
694 4778 954 4851 Tupheba
985 4780 1301 4850 pontiﬁcem
1332 4781 1650 4847 declaravit,
1682 4783 1772 4837 cui
1798 4783 1929 4838 item

365 4872 471 4944 ipsi
526 4887 653 4927 cum
709 4871 853 4926 haud
907 4872 1077 4927 multo
1128 4880 1251 4942 post
1297 4872 1561 4928 honorem
1594 4874 1931 4939 ademisset.

365 4965 706 5029 Eleazarum,
724 4965 902 5020 Anani
919 4964 1196 5035 pontiﬁcis
1218 4965 1409 5031 ﬁlium,
1431 4966 1743 5036 pontiﬁcem
1759 4975 1929 5023 creat.

366 5058 572 5114 Deinde
624 5071 768 5114 anno
816 5065 1039 5127 peracto
1086 5057 1232 5112 hunc
1276 5073 1494 5129 quoque
1531 5059 1729 5129 rejicit,
1758 5067 1813 5115 et
1844 5058 1933 5114 Si-

365 5148 538 5212 moni,
569 5146 810 5202 Cathimi
840 5145 971 5211 ﬁlio,
1002 5146 1377 5216 pontiﬁcatum
1404 5147 1572 5203 tradit
1604 5166 1617 5202 :
1652 5148 1779 5204 huic
1799 5161 1935 5219 quo-

363 5257 471 5311 que
500 5255 610 5296 non
666 5239 788 5312 plus
813 5254 1002 5294 annuo
1044 5239 1251 5297 honore
1305 5240 1592 5311 perfuncto
1632 5241 1766 5296 abiit
1796 5248 1933 5296 tem—

364 5349 487 5402 pus,
518 5332 651 5388 etin
683 5333 860 5387 locum
882 5332 1004 5401 ejus
1032 5332 1322 5404 Josephus,
1349 5334 1442 5404 qui
1476 5334 1642 5389 etiam
1674 5333 1933 5404 Caiphas,

366 5424 628 5480 suﬂectus
654 5432 759 5481 cst.
797 5444 819 5478 ι
848 5424 972 5480 Hazc
990 5426 1307 5482 necessario
1334 5425 1492 5496 posui
1520 5438 1739 5497 promer
1762 5426 1894 5481 illud
1918 5445 1932 5481 :

372 5534 390 5567 ι
435 5510 639 5572 Peribit
671 5518 880 5581 unctio,
917 5525 972 5573 et
994 5518 1266 5587 judicium
1299 5535 1407 5574 non
1430 5528 1514 5575 est
1548 5522 1599 5574 in
1632 5535 1716 5583 ea,
1761 5538 1781 5597 ι
1814 5535 1936 5590 qua:

365 5624 469 5680 ego
494 5608 713 5679 quidem
745 5610 983 5664 arbitror
1015 5611 1375 5667 indubitatam
1412 5612 1932 5668 demonstrationem

370 5700 589 5754 habere.
627 5697 722 5753 llis
759 5699 954 5754 deinde
983 5702 1131 5758 addit
1169 5702 1471 5773 prophetia,
1509 5722 1527 5754 ι
1566 5704 1630 5759 Et
1659 5704 1931 5759 civitatem

473 5793 521 5824 ⁸⁸
544 5790 678 5844 an.
719 5806 801 5853 ιιι,
842 5793 891 5845 l.

1964 4547 2012 4607 Ι)

2022 1937 2131 1991 τῶν
2171 1935 2308 2007 μετά
2345 1934 2610 2007 Ἡρώδην,
2645 1933 2740 1986 καὶ
2764 1931 2910 1986 κατά
2942 1932 3066 1994 τοὺς
3096 1930 3321 2002 χρόνους
3351 1930 3447 1984 τοῦ
3481 1931 3596 1985 Σω-

2023 2030 2187 2101 τῆρος
2220 2028 2375 2099 ἡμῶν
2405 2025 2807 2097 γεγενημένων.
2850 2021 2957 2077 Τοῦ
2998 2022 3107 2094 γὰρ
3142 2021 3284 2076 κατὰ
3322 2023 3415 2075 τδν
3457 2022 3596 2076 θεῖον

2024 2122 2185 2193 νόμον
2240 2121 2538 2193 ἀρχιερέως
2586 2118 2763 2171 πάντα
2805 2117 2895 2169 τὸν
2944 2116 3044 2186 τῆς
3092 2114 3235 2185 ζωῆς
3266 2114 3457 2186 χρόνον
3499 2116 3595 2185 τὴν

2025 2212 2362 2284 λειτουργίαν
2383 2212 2586 2265 διέπειν
2615 2211 3044 2281 κεκελευσμένου
3071 2209 3164 2263 ἐπὶ
3194 2208 3421 2280 διαδόχῳ
3449 2209 3597 2262 παιδὶ⁵

2025 2305 2262 2377 γνησίῳ,
2298 2304 2439 2358 κατά
2468 2305 2596 2367 τοὺς
2625 2302 3044 2373 ἐξεταζομένους
3073 2301 3299 2372 καιροὺς
3321 2340 3336 2364 ,
3375 2299 3513 2371 μετά
3539 2298 3598 2352 τδ

2025 2394 2468 2468 έξολοθρευθῆναι
2503 2395 2569 2450 τὸ
2590 2395 2813 2466 χρίσμα,
2844 2396 2910 2465 τῇ
2935 2391 3238 2466 προφητεία
3273 2389 3595 2462 συμφώνως,

2026 2488 2239 2560 πρῶτος
2271 2488 2369 2560 μὲν
2408 2487 2678 2560 Ἡρώδης,
2713 2486 2902 2539 ἔπειτα
2935 2486 2990 2539 δὲ
3019 2485 3114 2538 καὶ
3164 2486 3422 2554 Ῥωμαῖοι
3466 2483 3598 2554 μετά

2024 2582 2233 2647 τοῦτον,
2261 2581 2498 2655 ἀκρίτως
2525 2581 2619 2633 καὶ
2645 2580 2706 2632 ού
2739 2578 2881 2631 κατά
2911 2579 3003 2632 τὸν
3032 2578 3193 2649 νόμον
3216 2617 3231 2639 ,
3267 2577 3395 2639 τοὺς
3424 2576 3602 2647 ἀρχιε-

2028 2677 2141 2746 ρεῖς
2175 2673 2444 2727 καθίστων
2472 2671 2565 2734 οὒς
2594 2671 2767 2725 ἐδόκει
2793 2671 3005 2734 αὐτοῖς,
3027 2670 3341 2741 δημοτικοῖς
3367 2685 3480 2722 τισι
3507 2668 3599 2721 καὶ

2026 2766 2256 2837 ἀσήμοις
2280 2764 2502 2835 ἀνδράσι
2529 2764 2626 2835 τὴν
2657 2764 2822 2834 τιμὴν
2854 2762 3198 2834 χαριζόμενοι
3220 2802 3235 2825 ,
3259 2759 3600 2833 ἐπίπρασκόν

2025 2875 2083 2911 τε
2104 2859 2197 2911 καὶ
2217 2857 2552 2929 έκαπήλευην
2575 2855 2830 2927 τοῦνομα,
2856 2855 3046 2909 ἄλλοτε
3074 2856 3253 2919 ἄλλοις
3278 2855 3601 2909 ἐνιαυσιαῖον

2026 2950 2087 3003 τὸ
2112 2948 2325 3023 ἀξίωμα
2352 2947 2700 3020 δωρούμενοι.
2720 2947 2809 3000 Διό
2842 2964 2929 3018 μοι
2960 2947 3109 3001 δοκεῖ
3140 2949 3169 3000 ὁ
3201 2948 3343 3020 ἱερὸς
3368 2947 3599 3014 εὐαγγε-

2026 3042 2212 3113 λιστὴς
2243 3041 2456 3103 Λουκᾶς
2477 3081 2492 3104 ,
2517 3040 2611 3093 τὸν
2650 3039 2837 3111 χρόνον
2861 3039 2955 3092 τοῦ
2993 3039 3342 3111 κηρύγματος
3371 3037 3465 3091 τοῦ
3490 3038 3602 3090 Σω-

2027 3133 2192 3204 τῆρος
2215 3131 2373 3204 ἡμῶν
2405 3131 2758 3203 ὑπογράφων,
2797 3130 3155 3202 σημειοῦσθαι
3191 3129 3387 3193 τοῦτο,
3425 3129 3491 3182 δι’
3524 3121 3599 3181 ὧν

2030 3242 2194 3295 φησιν
2220 3242 2234 3256 ’
2285 3244 2302 3276 ι
2356 3225 2444 3278 Ἑν
2491 3224 2602 3277 ἔτει
2646 3222 3118 3294 πεντεκαιδεκάτῳ
3165 3222 3267 3293 τῆς
3307 3220 3600 3292 ἡγεμονίας

2028 3315 2280 3388 Τιϐερίου
2319 3315 2614 3388 Καίσαρος,
2647 3314 3069 3387 ἡγεμονεύοντος
3097 3313 3321 3366 Ποντίου
3362 3310 3597 3364 Πιλάτου

2024 3407 2127 3478 τῆς
2157 3407 2435 3471 Ἰουδαίας,
2461 3406 2899 3479 τετραρχούντων
2920 3405 2977 3459 δὲ
3010 3403 3270 3476 Ἡρώδου,
3297 3404 3393 3457 καὶ
3413 3400 3601 3455 Φιλίπ-

2028 3515 2151 3561 που,
2170 3500 2265 3551 καὶ
2275 3498 2564 3561 Λυσανίου,
2587 3498 2680 3550 ἐπὶ
2698 3496 2998 3569 ἀρχιερέως
3017 3494 3184 3548 Ἄννα
3204 3495 3298 3548 ml.
3318 3494 3561 3561 Καϊάφαο
3574 3509 3593 3540 ι

2027 3590 2119 3643 δὺο
2138 3588 2247 3662 γὰρ
2267 3584 2411 3643 οὗτοι
2438 3589 2579 3643 κατά
2596 3588 2799 3642 eam
2820 3587 3097 3659 ἀρχιερεῖς
3120 3587 3238 3646 πῶς
3261 3584 3327 3639 ἂν
3356 3583 3601 3653 ὶγένοντο

2027 3682 2061 3752 ἢ
2090 3681 2485 3753 καταλυθείσης
2511 3681 2609 3751 τῆς
2634 3679 2759 3751 περὶ
2787 3678 2896 3731 τῶν
2916 3676 3216 3750 ἀρχιερέων
3244 3676 3596 3747 νομοθεσίας;

2028 3772 2249 3836 Τούτοις
2275 3774 2405 3844 γοῦν
2429 3773 2523 3826 καλ⁵
2566 3770 2826 3842 Ἰώσηπος
2856 3767 3247 3841 ἐπιμαρτυρῶν
3271 3767 3445 3821 ταῦτα
3465 3767 3597 3837 γρά-

2032 3882 2121 3934 φει
2141 3882 2156 3895 ·
2188 3884 2207 3916 ι
2242 3865 2536 3935 Οὐαλέριος
2558 3865 2763 3935 Γράτος
2799 3864 3085 3935 Ῥωμαίων
3111 3862 3436 3936 στρατηγὸς,
3462 3862 3597 3917 παύ-

2033 3973 2132 4019 σας
2166 3955 2523 4027 ἀρχιερᾶσθαι
2568 3957 2818 4021 ’Δνανον,
2859 3956 3143 4028 Ἰσμαῆλον
3173 3955 3434 4028 ἀρχιερέα
3469 3951 3600 4005 ἀπο-

2034 4048 2215 4116 φαίνει
2241 4047 2334 4099 τὸν
2360 4045 2644 4116 Τουφήϐα,
2666 4046 2762 4099 καὶ
2799 4045 2991 4099 τοῦτον
3018 4045 3134 4117 μετ’
3169 4048 3232 4099 οὐ
3261 4044 3393 4098 πολὺ
3434 4060 3595 4115 μετα-

2033 4139 2257 4208 στήσας,
2304 4134 2627 4207 Ἐλεάζαρον
2654 4135 2747 4188 τὸν
2777 4135 2872 4189 τοῦ
2926 4136 3143 4189 ’Δνάνου
3177 4133 3272 4188 τοῦ
3304 4134 3600 4205 ἀρχιερέως

2034 4228 2147 4283 υἱὸν
2176 4226 2551 4282 ἀποδείκνυσιν
2578 4226 2857 4298 ἀρχιερέα.
2903 4226 3178 4282 Ἐνιαυτοῦ
3208 4226 3269 4280 δὲ
3293 4225 3603 4296 διαγενομέ-

2034 4339 2126 4376 νου
2173 4322 2268 4374 καὶ
2312 4319 2464 4373 τόνδε
2504 4319 2738 4382 παύσας,
2770 4319 2973 4390 Σίμωνι
3000 4319 3074 4390 τῷ
3102 4319 3352 4392 Καθίμου
3378 4320 3479 4391 τὴν
3503 4319 3601 4391 ἀρ-

2034 4414 2370 4490 χιερωσύνην
2418 4413 2801 4486 παραδίδωσιν.
2850 4414 2925 4467 Ού
2989 4412 3150 4466 πλέον
3206 4413 3265 4467 δὲ
3315 4413 3411 4467 καὶ
3471 4410 3601 4481 τῷδε

2036 4506 2282 4561 ἐνιαυτοῦ
2309 4504 2407 4577 τὴν
2427 4504 2593 4575 τιμὴν
2618 4503 2795 4574 ἔχοντι
2825 4503 3094 4571 διεγένετο
3128 4502 3339 4575 χρόνος,
3363 4502 3457 4555 καὶ
3495 4502 3604 4554 ἰώ-

2037 4614 2228 4671 σηπος,
2261 4597 2290 4650 ὅ
2318 4613 2378 4649 τε
2412 4596 2686 4663 Καῖάφας,
2730 4593 2971 4664 διάδοχος
3014 4590 3082 4666 ἦν
3123 4593 3291 4665 αὐτῷ.
3353 4612 3372 4645 ›
3422 4592 3604 4647 Ταῦτα

2035 4689 2345 4760 ἀναγκαίως
2397 4687 2711 4760 παρεθέμην
2756 4686 2847 4740 διὰ
2885 4688 2967 4750 τὸ,
3004 4706 3023 4737 ι
3072 4686 3606 4759 Ἐξολοθρευθήσεται

2037 4784 2266 4856 χρίσμα,
2300 4782 2394 4836 καὶ
2415 4784 2591 4852 κρῖμα
2612 4780 2711 4833 οὐκ
2735 4780 2881 4836 ἐστιν
2909 4783 2968 4835 ὲν
2991 4779 3160 4851 αὐτῷ,
3202 4799 3220 4831 ι
3258 4780 3293 4834 a
3320 4780 3416 4834 καὶ
3440 4779 3606 4851 ἠγοῦο

2044 4894 2141 4948 μαι
2163 4874 2559 4947 ἀναμφίλεκτον
2583 4873 2681 4946 τὴν
2705 4873 2979 4943 ἀπόδειξιν
3010 4875 3176 4947 ἔχειν.
3218 4874 3374 4945 Ἑξῆς
3398 4873 3609 4938 τούτοις

2041 4970 2205 5042 φησὶν
2248 4971 2282 5042 ή
2331 4954 2655 5041 προφητεία,
2695 4987 2713 5020 ι
2748 4969 2858 5023 Kal.
2882 4969 2980 5040 τὴν
3021 4969 3196 5035 πόλιν,
3228 4968 3321 5022 καὶ
3352 4969 3413 5037 τὸ
3452 4967 3608 5037 ἀγιον

2039 5062 2337 5135 διαφθερεῖ,
2373 5062 2469 5116 σὺν
2495 5061 2575 5133 τῷ
2603 5063 2891 5135 ἡγουμένῳ
2932 5062 3011 5134 τῷ
3039 5062 3336 5134 ἐρχομένῳ.
3381 5081 3400 5113 ι
3439 5062 3608 5117 Ἔνθα

2040 5154 2203 5209 πάλιν
2233 5154 2324 5208 τὸν
2363 5152 2608 5226 Ἡρώδην
2651 5155 2833 5217 αὐτὸν,
2855 5155 2951 5209 καὶ
2989 5156 3115 5217 τοὺς
3153 5154 3292 5226 μετά
3318 5154 3483 5209 αὐτὸν
3507 5155 3608 5226 ἀρ-

2042 5248 2240 5315 ξαντας
2270 5246 2332 5313 ἐξ
2348 5246 2645 5317 ἀλλοφύλου
2669 5246 2861 5315 γένους
2889 5245 3253 5317 ὑπολαμϐάνω
3282 5243 3606 5316 δηλοῦσθαι·

2045 5342 2120 5404 ὡς
2138 5339 2251 5412 γὰρ
2272 5338 2524 5411 ἀνωτέρω
2547 5336 2794 5408 ὠνόμαζε
2821 5338 2865 5391 Χ
2873 5338 3087 5408 ριστοὺς
3112 5336 3450 5408 ἡγουμένους
3484 5338 3611 5402 τοὺς

2045 5434 2340 5504 ἀρχιερεῖς,
2376 5431 2572 5501 λέγων,
2621 5450 2639 5483 ι
2689 5431 2792 5494 ἕως
2834 5430 3070 5503 Χριστοῦ
3093 5430 3428 5502 ἡγουμένου·
3469 5450 3490 5482 ι
3521 5430 3610 5483 τὸν

2042 5524 2206 5578 αὐτὸν
2235 5522 2436 5592 τρόπον
2476 5519 2613 5591 μετά
2647 5521 2890 5585 ἐκείνους
2933 5520 3024 5574 καὶ
3049 5521 3149 5592 τὴν
3191 5520 3416 5573 ἐκείνων
3445 5519 3609 5573 κατά-

2043 5627 2242 5665 παυσιν
2265 5611 2366 5664 οὐκ
2396 5609 2550 5673 ἀλλος
2578 5610 2879 5681 ἡγούμενος
2907 5610 3196 5683 ἐρχόμενος
3226 5610 3259 5681 ἢ
3292 5612 3322 5664 ὀ
3353 5609 3609 5682 δηλωθεὶς

2042 5704 2101 5770 ἐξ
2125 5703 2420 5773 ἀλλοφύλου
2458 5702 2671 5771 γένους,
2698 5704 2790 5757 καὶ
2811 5705 2857 5758 oi
2887 5703 3064 5758 λοιποὶ
3086 5705 3202 5757 ὅσοι
3221 5703 3453 5775 καθεξῆς
3481 5704 3607 5775 μετ’
