3908 6266
305 351 405 405 69.3

1118 347 1771 405 DEMONSTRATIONIS
1806 349 2261 406 l‘ZVAlVGELlCJE
2298 350 2424 406 LIB.
2451 349 2582 406 Vill.

3433 317 3537 410 oio

299 465 537 527 ἐκείνους
577 462 851 535 ἡγήσαντο
889 461 980 516 τοῦ
1014 462 1217 526 ἔθνους,
1246 463 1342 516 σὺν
1377 455 1456 526 οἷς
1483 462 1577 514 καὶ
1617 461 1733 533 μεθ’
1769 454 1851 515 ὢν⁴

1968 470 2023 517 et
2053 469 2302 517 sanctum
2337 461 2615 531 disperdet
2642 476 2767 516 cum
2801 460 2941 517 duce
2962 468 3208 517 venturo.
3251 480 3267 512 ι
3304 461 3407 517 Ubi
3437 482 3536 536 ego

294 555 531 628 ὡσπερεὶ
570 557 849 625 συνεργοῖς
894 553 1195 625 χρώμενος,
1228 556 1256 607 6
1305 552 1590 624 μισόκαλος
1638 551 1864 604 καὶτῶν

294 648 514 718 ἀγαθῶν
553 646 809 719 φθορεὺς,
836 646 930 700 καὶ
952 645 1050 717 τὴν
1080 645 1234 699 πόλιν
1257 645 1350 699 καὶ
1376 644 1438 699 τὸ
1468 644 1621 713 ἆγιον
1645 641 1862 711 διαφθε-

296 742 405 814 ρεῖν
450 740 688 811 είρηται.
736 738 846 790 Καὶ
885 736 994 809 γὰρ
1029 735 1330 807 διέφθειρεν
1374 734 1589 806 ἀληθῶς
1616 734 1760 789 ἅπαν
1804 733 1866 786 τὸ

291 831 464 895 ἔθνος,
496 830 620 883 τοτὲ
664 829 761 900 μὲν
783 828 881 899 τὴν
903 828 1001 899 τῆς
1032 827 1329 901 ἱερωσύνης
1351 826 1502 893 τάξιν
1527 827 1607 890 είς
1630 841 1865 894 παρανο-

294 926 417 998 μίαν
458 924 629 993 ἄγων,
659 923 781 977 τοτὲ
805 922 862 976 δὲ
894 922 987 976 τὸν
1028 921 1205 975 πάντα
1232 921 1359 975 λαὸν
1385 920 1743 991 διαστρέφων,
1770 919 1864 973 καὶ

289 1019 384 1091 τὴν
410 1019 588 1081 πόλιν,
622 1017 767 1070 οὕτω
797 1016 904 1069 τῶν
947 1015 1179 1070 πολιτῶν
1232 1013 1613 1086 μεταφορικῶς
1651 1012 1865 1083 ὠνομα-

292 1111 522 1184 σμένων,
549 1113 629 1175 εἰς
657 1108 908 1163 ἀσέϐειαν
943 1106 1586 1178 ἑκκαλούμενος.Συνᾲδει
1618 1105 1673 1158 δὲ
1704 1104 1864 1175 ήμῶν

288 1206 351 1275 τῇ
396 1202 649 1257 ἀποδόσει
690 1202 784 1255 καὶ
824 1202 853 1251 6
899 1199 1129 1264 Ἀκύλας
1170 1199 1356 1252 τοῦτον
1400 1197 1744 1270 ἑρμηνεύσας
1771 1198 1863 1249 τὸν

288 1290 505 1363 τρόπον’
547 1308 566 1341 ι
602 1290 711 1343 Καὶ
734 1289 831 1361 τὴν
847 1289 1001 1343 πόλιν
1041 1289 1217 1342 καὶτὸ
1250 1288 1403 1357 ἀγιον
1435 1287 1714 1358 διαφθερεῖ
1735 1285 1862 1349 λαὸς

286 1381 588 1454 ἡγουμένου
631 1382 951 1454 ἐρχομένου.
995 1401 1012 1434 ι
1050 1381 1124 1435 Ού
1156 1381 1315 1452 μόνον
1345 1381 1454 1453 γὰρ
1480 1380 1508 1432 ὁ
1544 1381 1859 1451 ἐρχόμενος,

285 1477 312 1528 ό
334 1474 475 1531 κατὰ
503 1472 573 1526 τὰ
598 1472 966 1544 ἀποδεδομένα
1006 1476 1137 1545 ἡμῖν
1176 1472 1436 1544 δηλωθεὶς
1460 1472 1727 1543 διέφθειρε
1761 1470 1860 1542 τὴν

287 1566 436 1623 πόλιν
478 1567 572 1619 καὶ
595 1565 658 1619 τὸ
689 1564 865 1633 ἆγιον,
892 1565 1029 1618 ἀλλὰ.
1058 1566 1152 1618 καὶ
1172 1567 1200 1619 6
1229 1564 1420 1618 τούτου
1449 1565 1594 1628 λαός.
1622 1564 1780 1618 Εἴποι
1812 1564 1857 1618 δ’

283 1658 346 1712 ἄν
384 1674 469 1721 τις
512 1657 614 1710 οὐκ
644 1655 754 1710 ἀπὸ
796 1656 999 1710 σκοποῦ
1047 1656 1140 1709 καὶ
1176 1656 1267 1710 τὸν
1306 1654 1587 1728 Ῥωμαίων
1615 1655 1857 1727 ἡγεμόνα

281 1749 366 1803 διὰ
394 1749 506 1803 τῶν
533 1748 910 1821 προκειμένων
938 1748 1248 1818 δηλοῦσθαι,
1273 1749 1365 1803 τόν
1393 1767 1453 1802 τε
1481 1748 1671 1803 τούτου
1692 1745 1854 1807 Aa)”,

1970 570 2160 610 rursus
2197 563 2250 610 et
2289 555 2464 624 ipsum
2498 551 2803 618 Herodem,
2837 560 2891 608 et
2918 567 3015 608 eos
3065 553 3158 623 qui
3206 562 3329 624 post
3361 553 3535 610 Hero-

1967 646 2088 702 dem
2117 662 2181 702 ex
2212 647 2391 701 alieno
2418 661 2617 717 genere
2641 646 3045 715 imperaverint,
3070 655 3199 715 puto
3221 628 3536 717 'intelligen.

1965 739 2065 794 dos
2128 758 2141 795 :
2204 753 2329 792 nam
2385 737 2841 809 quemadmodum
2905 739 3158 808 superius
3216 740 3537 794 nominabat

1966 832 2213 888 Christos
2243 831 2432 895 duces,
2469 845 2591 886 cum
2624 830 2679 884 in
2729 831 2836 886 illis
2864 832 3047 887 verbis
3076 832 3361 900 pontitlces
3386 832 3535 887 dice~

1965 930 2098 985 retu
2118 938 2291 993 usque
2306 922 2374 977 ad
2395 921 2673 977 Christum
2694 922 2906 987 ducem,
2935 942 2954 976 ι
2975 925 3049 979 ita
3069 932 3189 994 post
3203 940 3321 991 eos,
3338 932 3391 979 et
3410 931 3537 993 post

1964 1032 2153 1071 eorum
2213 1017 2646 1087 abrogationem,
2694 1032 2802 1071 non
2861 1017 3003 1074 alius
3051 1019 3213 1073 fuerit
3269 1028 3533 1074 venturus

1963 1126 2128 1181 quam
2166 1111 2212 1165 is
2246 1114 2337 1182 qui
2362 1113 2542 1168 dictus
2582 1120 2666 1168 est
2694 1127 2762 1166 ex
2790 1112 2969 1167 alieno
2996 1128 3214 1184 genere,
3243 1115 3533 1183 caeterique

1963 1203 2275 1273 quicunque
2321 1211 2446 1273 post
2492 1205 2614 1260 illos
2666 1204 2925 1273 deinceps
2971 1204 3118 1274 genti
3173 1204 3529 1274 praefuerunt.

1962 1294 2162 1363 quibus
2192 1302 2449 1365 tanquam
2483 1295 2825 1366 adiutoribus
2857 1303 3037 1358 utens,
3065 1309 3170 1349 una
3192 1309 3315 1349 cum
3340 1296 3529 1352 iisdem

1962 1388 2079 1457 ipse
2132 1387 2346 1445 honesti
2398 1389 2652 1444 inimicus
2699 1389 3077 1458 bonorumque
3124 1397 3433 1459 corruptor,
3478 1398 3533 1444 et

1960 1480 2232 1536 civitatem
2278 1488 2334 1537 et
2383 1491 2633 1536 sanctum
2679 1480 2993 1551 perditurus
3051 1479 3272 1534 dicitur.
3318 1480 3529 1535 Etenim

1960 1589 2086 1628 vere
2116 1573 2349 1644 perdidit
2397 1582 2564 1628 totam
2593 1583 2831 1645 gentem,
2866 1572 3027 1626 modo
3069 1572 3290 1640 quidem
3343 1587 3529 1627 sacer-

1959 1665 2094 1719 dotii
2127 1665 2373 1722 ordinem
2408 1674 2606 1736 praeter
2627 1668 2796 1737 legem
2820 1666 3171 1736 perturbans,
3207 1664 3369 1719 modo
3400 1679 3532 1720 vero
3574 1731 3579 1735 ἡ

1961 1766 2218 1813 cunctum
2245 1760 2502 1830 populum
2526 1768 2861 1829 pervertens,
2880 1765 2936 1813 et
2956 1757 3229 1811 civitatem
3250 1754 3353 1827 (sic
3382 1757 3528 1812 enim

283 1843 349 1896 δι’
387 1836 450 1895 οὗ
479 1842 688 1913 νομίζω
715 1840 1077 1912 σημαίνεσθαι
1105 1841 1174 1894 τά
1198 1842 1533 1913 στρατόπεδα
1570 1840 1678 1894 τῶν
1723 1840 1851 1891 Ῥω-

1960 1851 2108 1905 cives
2156 1849 2384 1920 ﬁgurate
2424 1850 2798 1919 nominantur)
2825 1863 3062 1905 evocans
3090 1847 3155 1901 ad
3195 1848 3525 1918 impietatem

285 1934 458 2007 μαίων
487 1935 783 2007 ἀρχόντων.
802 1934 861 1999 ἐξ
889 1934 1097 1988 ἑκείνου
1122 1934 1513 2006 κρατησάντων
1532 1932 1626 1986 τοῦ
1643 1932 1850 1995 ἔθνους,

277 2026 325 2078 οῖ
343 2024 437 2077 καὶ
449 2023 548 2094 τὴν
564 2022 713 2077 πολιν
742 2022 910 2094 αὐτὴν
929 2026 1302 2097 Ἰερουσαλὴμ,
1333 2027 1426 2079 καὶ
1455 2025 1547 2080 τὸν
1586 2024 1754 2078 πάλαι
1795 2026 1852 2077 ἑν

280 2120 418 2189 αὐτῇ
450 2118 645 2188 σεμνὸν
672 2118 767 2171 καὶ
790 2118 947 2187 ἆγιον
972 2117 1109 2171 νεὼν
1131 2117 1461 2190 διέφθειραν.
1494 2115 1629 2170 ’Υπὺ
1650 2114 1853 2169 τούτων

277 2210 410 2279 γοῦν
459 2211 554 2263 καὶ
585 2209 922 2280 ἑξεκόπησαν
966 2210 1042 2274 ὡς
1084 2212 1142 2264 ἑν
1182 2208 1573 2279 κατακλυσμῷ,
1612 2207 1706 2261 καὶ
1750 2206 1853 2269 ἕως

274 2303 465 2367 τέλους
494 2302 733 2375 πολέμου
768 2304 1206 2376 συντετμημένου
1229 2304 1556 2373 ἀφανισμοῖς
1588 2300 1850 2370 ἔφθασαν,

274 2396 416 2451 ὥστε
443 2396 567 2467 ήδη,
596 2395 735 2450 κατά
760 2397 858 2468 τὴν
902 2397 1257 2469 προφητείαν,
1296 2395 1531 2466 παντελῆ
1563 2395 1852 2464 ὑπομεῖναι

271 2491 511 2561 ἐρημίαν
550 2490 691 2543 κατὰ
730 2487 828 2561 τὴν
867 2490 1007 2544 κατά
1038 2489 1131 2542 τοῦ
1173 2489 1422 2559 Σωτῆρος
1448 2486 1605 2558 ἡμῶν
1637 2486 1853 2539 ἐπιϐου-

271 2581 371 2651 λὴν
397 2580 599 2644 αὐτῶν,
629 2581 748 2652 μεθ’
784 2582 850 2651 ἣν
885 2582 979 2634 καὶ
1013 2581 1112 2651 τὴν
1151 2580 1384 2649 ἐσχάτην
1419 2579 1718 2650 ὑπέμειναν
1754 2593 1852 2629 πο-

269 2671 538 2743 λιορκίαν.
580 2674 767 2742 Ἔχεις
797 2674 892 2726 καὶ
921 2672 1093 2726 ταῦτα
1121 2671 1365 2744 ἀκριϐῶς
1394 2673 1451 2723 ἐν
1476 2673 1597 2732 ταῖς
1623 2668 1852 2740 γραφεί-

270 2781 396 2829 σαις
438 2764 591 2835 αύτῷ
630 2766 878 2836 Ἰωσήπῳ
921 2765 1196 2836 ἱστορίαις.
1230 2761 1446 2816 Τούτων
1476 2762 1532 2815 δὲ
1576 2762 1704 2833 περὶ
1744 2759 1852 2813 τῶν

271 2855 706 2928 συμϐεϐηκότων
756 2856 835 2927 τῷ
898 2855 1167 2909 Ἰουδαίων
1216 2855 1358 2908 ἔθνει
1404 2857 1463 2908 ἑν
1514 2853 1592 2925 τῷ
1645 2852 1849 2923 μεταξὺ

266 2949 451 3021 χρόνῳ
483 2948 591 3003 τῶν
622 2947 761 3002 ἑπτὰ
801 2949 894 3001 καὶ
937 2947 1202 3018 ἑξήκοντα
1240 2945 1334 3000 δύο
1369 2945 1676 3017 ἑϐδομάδων
1718 2961 1852 3015 προ-

268 3045 728 3118 πεφητευμένων,
770 3043 1078 3106 ἀκολούθως
1120 3045 1154 3113 ή
1207 3042 1437 3113 δήλωσις
1476 3040 1575 3110 τῆς
1623 3039 1727 3093 ὑπὸ
1754 3037 1848 3092 τοῦ

267 3136 528 3207 Σωτῆρος
552 3134 706 3205 ἡμῶν
730 3132 1192 3203 καταγγελθείσης
1228 3130 1421 3200 καινῆς
1449 3129 1724 3201 Διαθήκης
1759 3129 1849 3183 θε-
1878 3180 1922 3238 C

266 3227 548 3291 σπίζεται.
580 3226 861 3280 Τοσούτων
896 3225 1025 3294 γοῦν
1051 3224 1138 3278 διὰ
1168 3225 1331 3295 μέσου
1361 3223 1454 3276 καὶ
1500 3221 1702 3293 μεταξὺ
1741 3220 1849 3275 τῶν

263 3320 414 3374 ἑπτὰ
442 3322 538 3375 καὶ
565 3320 824 3392 ἑξήκοντα
849 3319 941 3372 δύο
974 3317 1282 3389 ἑϐδομάδων
1318 3316 1642 3387 εἰρημένων,
1668 3314 1852 3367 ἐπιλέ-

262 3431 454 3482 γεται·
495 3432 513 3465 ι
545 3413 656 3466 Καὶ
701 3410 1008 3483 δυναμώσει
1049 3409 1324 3479 Διαθήκην
1360 3408 1576 3471 πολλοῖς
1618 3405 1851 3477 ἑϐδομὰς

265 3506 394 3576 μία,
419 3505 515 3558 καὶ
544 3508 601 3558 ἐν
623 3504 700 3575 τῷ
723 3504 910 3576 ἡμίσει
932 3504 1031 3574 τῆς
1054 3501 1342 3571 ἑϐδομάδος
1372 3499 1669 3571 ἀρθήσεται
1690 3499 1850 3552 θυσία

260 3598 362 3653 καὶ
396 3596 620 3664 σπονδὴ,
656 3597 750 3650 καὶ
784 3596 877 3649 ἐπὶ
918 3595 979 3649 τὸ
1017 3594 1159 3666 ἱερὸν
1190 3592 1463 3663 βδέλυγμα
1492 3591 1603 3644 τῶν
1629 3590 1850 3663 ἑρημὼ-

261 3708 410 3744 σεων
438 3689 610 3753 ἔσται,
648 3689 741 3742 καὶ
774 3688 880 3751 ἕως
910 3686 1218 3749 συντελείας
1248 3683 1441 3756 καιροῦ
1478 3683 1753 3738 συντέλεια
1774 3683 1852 3736 δο-

260 3783 500 3852 θήσεται
545 3781 639 3835 ἑπὶ
682 3780 782 3851 τὴν
830 3781 1127 3851 ἐρήμωσιν.
1172 3798 1191 3831 ι
1238 3778 1370 3831 Τίνα
1411 3777 1467 3830 δὲ
1508 3776 1710 3849 τρόπον
1756 3778 1851 3830 καὶ

180 3858 183 3865 ’
254 3873 439 3925 ταῦτα
494 3872 798 3943 ἐπληροῦτο
848 3871 1291 3940 κατανοήσωμεν.
1353 3870 1664 3938 Ἰστορεῖται
1715 3868 1772 3921 δὲ
1821 3869 1850 3920 6

255 3965 375 4027 πᾶς
402 3964 505 4034 τῆς
528 3963 874 4027 διδασκαλίας
897 3963 989 4016 καὶ
1004 3960 1457 4032 παραδοξοποιίας
1473 3960 1607 4031 ὁμοῦ
1635 3959 1728 4013 τοῦ
1743 3961 1854 4013 Σω-

253 4054 439 4126 τῆρος
466 4055 622 4125 ήμῶν
650 4054 840 4127 χρόνος
881 4054 1047 4126 τριῶν
1072 4053 1243 4123 ἥμισυ
1270 4051 1508 4120 γεγονὼς
1533 4051 1690 4116 ἑτῶν,
1713 4051 1850 4123 ὅπερ

254 4146 418 4202 ἐστὶν
496 4148 787 4219 ἑϐδομάδος
842 4148 1034 4218 ἥμισυ.
1095 4144 1266 4198 Τοῦτό
1324 4163 1444 4208 πως
1505 4144 1759 4213 Ἰωάννης
1823 4145 1851 4196 6

250 4238 660 4311 εὐαγγελιστής
703 4238 948 4310 ἀκριϐῶς
991 4239 1275 4306 ἐφιστᾶσιν
1298 4237 1462 4291 αὐτοῦ
1488 4237 1567 4308 τῷ
1604 4238 1849 4305 Εὐαγγε-

250 4333 363 4404 λίῳ
393 4334 754 4404 παραστήσει.
784 4331 885 4400 Εῖη
914 4331 980 4385 ἂν
1007 4327 1101 4384 οὖν
1127 4330 1358 4402 ἑϐδομὰς
1388 4330 1525 4384 ἑτῶν
1563 4329 1657 4401 μία
1686 4331 1715 4381 6
1742 4330 1851 4391 πᾶς

251 4425 461 4497 χρόνος
481 4424 582 4495 τῆς
609 4424 748 4495 μετὰ
782 4423 889 4478 τῶν
915 4423 1226 4477 ἀποστόλων
1250 4423 1414 4476 αὑτοῦ
1447 4422 1844 4495 συνδιατριϐῆς,

1954 1950 2010 1998 et
2036 1942 2226 2010 nefas;
2262 1943 2390 1999 huic
2417 1950 2596 1997 autem
2626 1940 3071 1997 commentationi
3096 1948 3297 1998 nostrae
3331 1939 3528 2009 Aquila

1956 2050 2174 2105 quoque
2221 2035 2541 2098 concordat,
2588 2036 2682 2106 qui
2715 2035 3104 2105 interpretatus
3146 2040 3229 2088 est
3281 2033 3336 2086 in
3380 2031 3527 2086 hunc

1955 2125 2213 2181 modum:
2250 2144 2269 2177 ι
2307 2126 2374 2181 Ει
2402 2127 2677 2182 civitatem
2702 2134 2757 2181 et
2778 2134 3030 2181 sanctum
3055 2125 3333 2194 disperdet
3354 2138 3528 2194 popu—

1956 2217 2042 2272 lus
2070 2218 2228 2274 ducis
2250 2219 2488 2273 venturi.
2535 2237 2552 2269 ι
2589 2216 2705 2272 Νοη
2751 2219 2926 2273 solum
2966 2218 3111 2272 enim
3140 2217 3231 2287 qui
3263 2226 3527 2271 venturus

1955 2308 2058 2364 fuit
2085 2310 2219 2372 dux,
2253 2324 2412 2379 quem
2453 2325 2556 2365 nos
2595 2310 2878 2380 superiore
2903 2309 3243 2379 expositione
3276 2305 3524 2378 prodidi-

1955 2417 2099 2465 mus,
2122 2403 2367 2471 corrupit
2386 2401 2663 2456 civitatem
2687 2410 2740 2456 et
2766 2410 3039 2466 sanctum,
3064 2402 3158 2455 sed
3181 2401 3345 2455 etiam
3377 2399 3523 2454 illius

1955 2493 2188 2564 populus
2222 2513 2237 2550 :
2275 2502 2536 2565 praeterea
2567 2510 2674 2549 non
2723 2493 2954 2549 forsitan
2999 2492 3269 2565 quispiam
3301 2508 3330 2545 a
3371 2499 3523 2547 recto

1954 2583 2288 2639 aberraverit
2323 2585 2368 2640 si
2399 2584 2639 2649 dixerit,
2665 2585 2828 2640 etiam
2860 2583 3163 2638 Bottianum
3196 2582 3388 2637 ducem
3426 2581 3523 2637 iis-

1953 2676 2074 2730 dem
2111 2675 2293 2731 verbis
2326 2676 2622 2747 designari,
2652 2676 2881 2746 ejusque
2911 2675 3069 2732 ducis
3106 2674 3388 2746 populum.
3418 2671 3524 2729 Per

1952 2778 2073 2837 qua:
2100 2770 2338 2824 arbitror
2358 2769 2654 2840 signiﬁcari
2682 2769 2960 2823 exercitus
2984 2767 3354 2822 Romanorum
3380 2766 3526 2836 prin-

1953 2861 2154 2930 cipum,
2200 2861 2293 2931 qui
2327 2877 2390 2916 ex
2442 2861 2535 2916 illo
2586 2867 2830 2930 tempore
2877 2859 3056 2931 gentis
3100 2859 3388 2930 imperium
3436 2866 3523 2913 te-

1951 2972 2141 3017 nuere,
2175 2955 2377 3025 quique
2408 2954 2683 3010 civitatem
2717 2954 2891 3025 ipsam
2936 2950 3262 3015 Jerusalem,
3293 2959 3349 3007 et
3377 2951 3430 3005 in
3458 2965 3525 3006 ea

1951 3045 2226 3118 quondam
2261 3045 2569 3100 venerabile
2602 3052 2657 3099 et
2679 3053 2929 3099 sanctum
2969 3042 3229 3114 templum
3262 3057 3524 3112 corrupe»

1953 3146 2101 3195 runt.
2151 3137 2430 3209 Siquidem
2462 3139 2531 3193 ab
2573 3139 2641 3194 iis
2667 3139 2829 3194 etiam
2875 3137 3046 3194 excisi
3077 3144 3207 3192 sunt
3262 3143 3529 3207 tanquam

1954 3229 2010 3284 in
2044 3230 2271 3294 diluvio,
2303 3238 2357 3285 et
2404 3245 2579 3300 usque
2606 3228 2675 3283 ad
2704 3229 2862 3284 ﬁnem
2895 3228 3019 3282 belli
3057 3228 3111 3282 in
3139 3226 3521 3295 compendium

1953 3322 2058 3377 arti
2095 3321 2382 3376 itineribus
2406 3335 2700 3390 pervenere
2724 3360 2739 3383 ,
2771 3334 2945 3388 usque
2973 3317 3113 3373 adeo
3145 3324 3225 3381 ut,
3261 3318 3526 3389 quemad—

1953 3412 2174 3466 modum
2203 3412 2486 3483 prophetia
2509 3409 2745 3473 dixerat,
2768 3417 3068 3465 extremam
3094 3417 3208 3462 tum
3233 3407 3382 3477 passi
3413 3406 3525 3462 sint

1953 3505 2322 3569 solitudinem,
2387 3510 2508 3573 post
2560 3503 2798 3572 ipsorum
2845 3499 3083 3555 nefarias
3129 3498 3293 3571 Eoo
3334 3507 3521 3552 contra

1955 3594 2287 3651 Salvatorem
2355 3603 2601 3649 nostrum
2643 3594 2904 3659 insidias;
2964 3606 3089 3646 nam
3133 3597 3421 3659 postquam
3468 3588 3520 3642 id

1956 3688 2130 3741 moliti
2192 3696 2340 3752 sunt,
2388 3697 2683 3742 extremam
2707 3699 2838 3739 sane
2862 3683 3201 3738 obsidionem
3230 3681 3519 3752 pertulere.

1952 3779 2077 3834 llaec
2105 3794 2324 3848 quoque
2359 3779 2475 3848 ipsa
2502 3778 2833 3833 adamussim
2864 3777 3143 3845 explorata
3172 3772 3341 3828 babes
3368 3772 3424 3826 in
3453 3772 3524 3827 iis

1951 3884 2088 3939 quas
2108 3867 2381 3939 Josephus
2412 3868 2634 3938 scripsit
2660 3867 2925 3922 historiis.
2953 3866 3220 3920 Caeterum
3253 3878 3376 3917 cum
3408 3862 3525 3917 haec

1950 3960 2019 4015 de
2044 3961 2111 4017 iis
2144 3977 2264 4031 qua:
2295 3961 2619 4016 intermedio
2641 3976 2714 4015 vn
2736 3968 2790 4014 et
2820 3975 2930 4013 Lxu
2958 3955 3357 4013 bebdomadum
3381 3962 3525 4010 tem-

1951 4068 2081 4122 pore
2122 4053 2363 4110 Judaica:
2417 4054 2564 4125 genti
2620 4052 2975 4113 acciderunt,
3034 4065 3132 4121 per
3178 4049 3520 4121 prophetiam

1951 4148 2210 4217 prmdicta
2232 4148 2363 4210 sint,
2392 4146 2585 4201 ordine
2605 4145 2864 4215 deinceps
2887 4143 3021 4198 Novi
3054 4158 3150 4214 per
3182 4142 3521 4199 Salvatorem

1951 4248 2200 4292 nostrum
2243 4237 2603 4293 denuntiandi
2636 4234 2971 4293 Testamemi
3007 4235 3338 4305 signiﬁcatio
3364 4233 3521 4290 cani-

1950 4337 2059 4383 tur.
2092 4328 2235 4400 Ergo
2266 4330 2358 4383 ubi
2404 4339 2510 4384 tam
2549 4329 2717 4383 multa
2766 4328 2820 4382 in
2864 4327 3041 4382 medio
3065 4329 3206 4382 inter
3233 4335 3439 4397 septem
3467 4334 3521 4379 et

1952 4421 2232 4492 sexaginta
2264 4422 2402 4477 duas
2438 4416 2806 4476 hebdomadas
2831 4420 2979 4475 dicta
3002 4427 3152 4483 sunt,
3180 4427 3295 4473 tum
3326 4417 3522 4487 adjun-

249 4519 281 4571 ὅ
308 4535 376 4571 τε
407 4517 515 4588 πρὸ
553 4516 648 4570 τοῦ
687 4516 894 4579 πάθους
917 4516 1010 4569 καὶ
1034 4516 1060 4568 6
1091 4514 1228 4585 μετά
1256 4517 1353 4586 τὴν
1383 4516 1446 4569 ἐκ
1473 4515 1681 4587 νεκρῶν
1716 4514 1845 4568 ἀνά-

1953 4516 2095 4584 gitur
2128 4534 2140 4570 :
2176 4534 2195 4566 ‹
2239 4514 2301 4568 Ει
2332 4514 2677 4570 conﬁrmabit
2716 4522 2934 4584 paetum
2968 4512 3154 4568 multis
3183 4511 3518 4566 hebdomada

250 4626 459 4664 στασιν
507 4608 693 4662 αὐτοῦ.
732 4609 846 4680 Πρὸ
875 4608 973 4679 μὲν
998 4608 1106 4681 γὰρ
1129 4607 1224 4661 τοῦ
1255 4608 1457 4671 πάθους
1481 4608 1574 4662 ἐπὶ
1596 4608 1723 4680 τρία
1753 4609 1847 4662 καὶ

244 4703 438 4772 ἥμισυ
480 4699 577 4771 ἐτη
614 4702 729 4764 τοῖς
768 4702 933 4755 πᾶσιν
974 4702 1165 4755 ἑαυτὸν
1204 4700 1458 4772 παρέχων
1493 4701 1758 4771 μαθηταῖς
1784 4718 1845 4754 τε

245 4792 356 4847 καὶ
382 4792 502 4854 τοῖς
533 4789 609 4861 μὴ
632 4790 895 4856 τοιούτοις
915 4793 1347 4864 ἀναγέγραπταιο
1377 4792 1497 4846 καθ’
1523 4794 1580 4847 ὃν
1601 4794 1847 4847 διδασκα-

242 4885 407 4947 λίαις
445 4884 771 4957 παραδόξοις
803 4903 861 4938 τε
905 4885 1242 4958 θεραπείαις,
1269 4888 1368 4957 τῆς
1396 4887 1647 4957 θεότητος
1680 4887 1843 4940 αὐτοῦ

240 4978 356 5043 τὰς
391 4977 656 5049 δυνάμεις
684 4981 848 5032 πᾶσιν
885 4979 1075 5045 ἁπλῶς
1103 4980 1326 5053 Ἕλλησί
1351 4997 1412 5032 τε
1441 4981 1535 5034 καὶ
1572 4981 1845 5044 Ἰουδαίοις

244 5069 593 5143 παρείχετο’
625 5069 765 5140 μετά
811 5070 868 5126 δὲ
908 5070 1007 5143 τὴν
1041 5073 1106 5125 ὲκ
1153 5072 1364 5142 νεκρῶν
1413 5073 1708 5125 ἀνάστασιν
1751 5072 1842 5125 τὸν

244 5163 397 5226 ἴσον,
431 5161 510 5225 ὡς
538 5163 708 5227 είκος,
732 5162 840 5215 τῶν
863 5164 1001 5217 ἑτῶν
1022 5164 1211 5234 χρόνον
1230 5147 1342 5227 τοῖς
1360 5163 1552 5217 ἑαυτοῦ
1576 5163 1842 5234 μαθηταῖς

242 5255 352 5309 καὶ
381 5254 705 5318 ἀποστόλοις
725 5254 914 5324 συνῆν,
931 5255 996 5309 δι’
1018 5256 1236 5326 ἡμερῶν
1252 5256 1657 5327 τεσσαράκοντα
1674 5257 1843 5309 ὁπταο

242 5344 483 5417 νόμενος
497 5346 707 5411 αὐτοῖς,
727 5347 823 5398 καὶ
848 5347 1414 5417 συναυλιιζ,“όμενος,κού¹
1429 5347 1602 5417 λέγων
1628 5347 1696 5400 τὰ
1713 5365 1779 5401 πε
1790 5349 1841 5418 pl.

240 5438 357 5509 τῆς
379 5437 664 5510 βασιλείας
681 5437 777 5491 τοῦ
802 5438 960 5504 Θεοῦ,
980 5440 1055 5502 ὡς
1080 5439 1211 5507 γοῦν
1233 5442 1287 5492 αἱ
1311 5440 1545 5511 Πράξεις
1570 5440 1677 5493 τῶν
1708 5441 1841 5494 άπο-

244 5530 457 5585 στόλων
486 5530 838 5603 περιέχουσιν
855 5547 869 5561 ·
897 5530 971 5594 ὡς
999 5524 1136 5583 εἶναι
1162 5530 1365 5601 ταύτην
1386 5530 1481 5602 τὴν
1505 5530 1839 5603 δηλουμένην

245 5624 349 5697 τῆς
383 5622 736 5698 προφητείας
772 5621 881 5675 τῶν
918 5622 1055 5675 ἑτῶν
1101 5622 1388 5692 ἑϐδομάδα,
1416 5623 1538 5677 καθ’
1569 5622 1633 5693 ἥν
1666 5602 1841 5675 ἐνεδυ-

246 5719 469 5790 νάμωσε
498 5714 789 5789 Διαθήὴκην
818 5714 1046 5778 πολλοῖς,
1078 5714 1173 5784 τὴν
1201 5714 1391 5785 καινὴν
1419 5714 1615 5785 δηλαδή
1644 5713 1841 5785 Διαθή-

233 5824 343 5883 κην
371 5810 469 5866 τοῦ
514 5803 882 5874 εὖαγγελικοῦ
916 5804 1268 5877 κηρύγματος
1297 5804 1594 5875 κρατύνων.
1624 5804 1747 5857 Τίσι
1783 5804 1838 5857 δὲ

1949 4623 2078 4667 una.
2109 4615 2164 4661 et
2195 4607 2248 4660 in
2278 4606 2458 4660 medio
2488 4604 2846 4659 hebdomadis
2877 4602 3155 4659 auferetur
3185 4602 3518 4657 sacriﬁcium

1947 4708 2001 4753 et
2030 4698 2236 4762 libatio,
2285 4696 2422 4752 etin
2472 4695 2676 4764 templo
2731 4694 3065 4749 abominatio
3123 4693 3517 4749 desolationum

1946 4790 2069 4853 erit,
2101 4797 2155 4843 et
2192 4802 2367 4848 usque
2419 4785 2487 4840 ad
2533 4785 3057 4840 consummationem
3093 4784 3357 4855 temporis
3384 4799 3523 4839 eon-

1946 4879 2236 4935 summatio
2260 4878 2477 4933 dabitur
2509 4877 2563 4931 in
2596 4875 3012 4931 desolationem.
3052 4895 3072 4928 ›
3109 4876 3215 4932 Sed
3257 4876 3371 4946 jam
3405 4875 3521 4930 haec

1945 4986 2186 5044 quonam
2240 4979 2399 5041 pacto
2440 4969 2707 5039 completa
2764 4970 2895 5033 sint,
2958 4967 3329 5038 exploremus.
3374 4965 3520 5021 Sane

1945 5063 2218 5133 proditum
2246 5068 2333 5117 est
2363 5061 2640 5116 memoria:
2678 5074 2840 5113 omne
2867 5060 3131 5113 doctrina:
3169 5057 3522 5113 eruditionis-

1944 5171 2051 5226 qne
2099 5155 2485 5210 miraculorum
2539 5152 2840 5207 Salvator-is
2871 5151 3045 5208 nostri
3080 5158 3316 5221 tempus,
3351 5149 3517 5204 trium

1945 5262 2213 5301 annorum
2245 5252 2299 5299 et
2334 5244 2501 5301 semis
2532 5243 2708 5299 fuisse
2735 5262 2749 5297 :
2781 5243 2927 5313 quod
2953 5243 3171 5314 quidem
3191 5252 3274 5297 est
3311 5240 3517 5296 hebdo-

1945 5339 2120 5394 madis
2155 5340 2320 5393 unius
2352 5337 2662 5392 dimidium.
2696 5336 2812 5391 lloc
2858 5338 3038 5407 ipsum
3080 5337 3317 5407 quodam
3357 5334 3520 5389 modo

1943 5431 2180 5487 Joannes
2227 5431 2558 5502 evangelista
2605 5429 2964 5486 attentissime
3009 5428 3131 5499 ejus
3165 5425 3518 5499 Evangeliutn

1943 5521 2364 5578 observantibus
2400 5520 2721 5577 declarabit.
2754 5519 2870 5575 Erit
2900 5519 3063 5590 igitur
3094 5519 3395 5575 bebdomas
3422 5533 3521 5573 ari--

1944 5632 2138 5670 norum
2175 5630 2283 5669 una
2313 5629 2474 5669 omne
2508 5623 2743 5685 tempus,
2777 5613 2921 5683 quod
2953 5629 3075 5667 cum
3109 5612 3373 5683 apostolis
3400 5615 3519 5666 suis
3548 5624 3551 5631 '

1943 5717 2194 5765 versatus
2228 5715 2331 5772 est,
2380 5716 2495 5762 tum
2530 5716 2818 5778 antequam
2848 5722 3046 5777 passus
3075 5713 3181 5771 est,
3212 5713 3326 5767 tum
3368 5712 3520 5776 post-

1942 5819 2104 5873 quam
2149 5802 2217 5858 de
2245 5809 2420 5857 morte
2451 5800 2517 5856 ad
2551 5799 2719 5855 vitam
2750 5800 2999 5867 revenit;
3032 5816 3154 5855 nam
3186 5798 3331 5872 quod
3359 5803 3518 5851 ante-
