3908 6266
336 334 430 388 621

971 334 1237 390 EUSEBII
1271 334 1748 391 CESARIENSIS
1784 330 1935 393 OPP.
1974 334 2155 390 PARS
2191 333 2255 391 ll.
2285 326 2870 388 —APOLOGETICA.

3470 320 3575 377 628

337 464 500 518 quam
536 449 605 502 sit
636 464 831 518 passus
860 464 956 519 per
996 456 1109 504 tres
1142 465 1317 505 annos
1344 460 1399 504 et
1432 449 1619 514 semis,
1660 449 1913 503 omnibus

2017 446 2231 511 πολλοῖς
2254 445 2456 517 ταύτην
2482 442 2905 513 ἐνεδυνάμωσεν,
2930 436 2964 508 ἢ
2988 434 3227 506 δηλονότι
3248 434 3360 496 τοῖς
3386 430 3579 485 ἐαυτοῦ

337 551 392 595 et
416 540 701 610 discipulis
734 550 789 595 et
828 556 936 593 non
979 541 1262 611 discipulis
1290 542 1530 612 seipsum
1575 540 1900 604 exhibuerit,

342 629 517 698 palam
563 645 629 685 ex
677 632 745 683 iis
793 645 913 698 quae
954 632 1156 699 scripta
1196 639 1323 688 sunt
1351 632 1419 686 de
1448 633 1587 703 ipso,
1629 632 1902 701 proditum

339 728 474 773 est:
523 734 634 787 quo
664 725 909 787 tempore
952 727 1006 774 et
1057 720 1399 776 documentis
1444 728 1499 774 et
1547 720 1906 774 admiratione

339 812 523 880 dignis
548 810 951 874 curationibus,
986 811 1291 868 divinitatis
1324 828 1437 868 suae
1468 813 1613 868 vires
1651 813 1907 869 omnibus

341 903 662 970 simpliciter
710 911 817 957 tam
852 902 1057 959 Graecis
1087 920 1247 974 quam
1276 904 1477 960 Iudaeis
1509 906 1767 961 ostendit.
1804 906 1909 960 Ubi

343 1009 468 1047 vero
500 1008 530 1047 a
560 1001 737 1049 morte
789 996 855 1050 ad
902 996 1065 1050 vitam
1104 1004 1188 1050 est
1221 1001 1525 1061 restitutus,
1573 996 1720 1066 quod
1766 996 1908 1050 idem

341 1084 622 1154 temporis,
648 1087 1008 1156 eumdemque
1036 1102 1304 1142 annorum
1336 1103 1621 1142 numerum
1646 1102 1770 1142 cum
1793 1088 1910 1144 suis

338 1184 591 1232 versatus
629 1177 720 1240 sit,
778 1177 1065 1249 discipulis
1118 1188 1172 1234 et
1229 1180 1512 1249 apostolis,
1546 1179 1748 1234 rationi
1778 1194 1911 1236 sane

340 1273 769 1320 consentaneum
816 1277 932 1329 est,
982 1283 1079 1338 per
1122 1269 1241 1323 dies
1289 1284 1357 1323 χι.
1395 1284 1663 1340 apparens
1697 1269 1817 1334 eis,
1858 1276 1913 1325 et

341 1372 731 1421 consuescens,
761 1365 814 1411 et
841 1359 910 1413 de
939 1374 1107 1429 regno
1141 1358 1233 1414 Dei
1270 1360 1496 1430 loquens
1517 1400 1532 1426 ,
1560 1360 1914 1431 quemadmo-

341 1449 472 1503 dum
528 1450 747 1519 quidem
787 1450 843 1504 in
897 1452 1266 1520 apostolorum
1301 1452 1453 1507 Actis
1481 1453 1816 1516 continetur,
1854 1458 1914 1505 ut

343 1539 459 1594 haec
492 1539 563 1595 sit
609 1540 722 1603 illa,
761 1540 829 1594 de
861 1555 969 1610 qua
1020 1541 1302 1611 prophetia
1346 1542 1606 1612 loquitur,
1642 1556 1911 1596 annorum

343 1630 662 1694 hebdomas,
696 1632 750 1686 in
778 1646 885 1701 qua
927 1633 1265 1693 conﬁrmavit
1301 1643 1518 1704 pactum
1548 1633 1754 1701 multis,
1788 1649 1913 1688 mu-

342 1723 513 1778 nitius
535 1722 784 1778 videlicet
807 1722 1039 1783 reddens
1066 1741 1265 1779 novum
1296 1727 1622 1801 evangelicae
1652 1725 1914 1801 praedica-

342 1815 507 1869 tionis
539 1822 947 1872 testamentum.
986 1815 1092 1871 Sed
1141 1817 1342 1888 quibus
1387 1820 1575 1875 multis
1615 1819 1669 1874 id
1717 1818 1919 1874 conﬁr-

343 1907 553 1961 mavit?
581 1906 792 1977 Nempe
823 1909 940 1964 suis
986 1909 1269 1981 discipulis
1311 1919 1365 1964 et
1404 1912 1692 1980 apostolis,
1745 1911 1921 1982 iisque

341 1997 598 2055 omnibus
627 1998 940 2076 quicunque
974 2016 1038 2054 ex
1061 1999 1304 2061 Hebraeis
1335 2002 1389 2061 in
1419 2002 1577 2060 ﬁdem
1601 2002 1720 2071 ejus
1751 2017 1918 2057 vene-

342 2098 492 2147 runt.
517 2091 784 2147 Caeterum
816 2093 869 2154 in
903 2088 1129 2163 hujusce
1151 2095 1315 2150 unius
1337 2094 1695 2153 hebdomadis
1718 2096 1919 2157 medio,

344 2184 399 2238 in
433 2197 543 2253 qua
596 2184 729 2238 illud
779 2184 959 2254 ipsum
1005 2185 1073 2239 de
1101 2200 1208 2255 quo
1251 2186 1491 2242 diximus
1534 2197 1920 2244 testamentum

306 2334 311 2338 δ
344 2274 532 2327 multis
565 2273 932 2337 conlirmavit,
965 2275 1238 2329 sublatum
1265 2283 1351 2330 est
1381 2275 1731 2341 sacriﬁcium,
1758 2277 1916 2350 401

342 2373 397 2419 et
424 2364 637 2427 libatio,
671 2364 1119 2435 abominatioque
1149 2366 1509 2423 desolationis
1538 2369 1792 2424 inchoata
1814 2380 1918 2436 est,

343 2455 783 2525 quandoquidem
820 2456 919 2512 hac
948 2457 1063 2526 ipsa
1092 2458 1430 2515 hebdomade
1455 2461 1567 2529 jam
1593 2462 1659 2516 ad
1683 2463 1919 2518 medium

344 2547 430 2601 sui
459 2548 693 2616 spatium
745 2548 933 2613 ducta,
966 2558 1089 2618 post
1115 2550 1280 2603 trium
1311 2564 1579 2605 annorum
1619 2560 1835 2623 tempus
1867 2563 1921 2609 et

344 2637 511 2697 semis
539 2636 803 2693 doctrina:
834 2637 1001 2699 illius,
1032 2653 1140 2709 quo
1175 2648 1419 2709 tempore
1457 2656 1654 2712 passus
1686 2652 1791 2707 est,
1825 2657 1920 2697 ve-

345 2729 458 2783 lum
491 2730 676 2800 templi
715 2730 951 2793 scissum
978 2738 1064 2795 est
1101 2746 1131 2785 a
1164 2748 1379 2801 summo
1410 2748 1583 2802 usque
1608 2734 1865 2788 deorsum
1901 2751 1916 2787 :

346 2833 405 2875 ut
435 2836 504 2876 ex
535 2823 629 2880 illo
655 2821 766 2892 jam
797 2824 846 2877 vi
876 2822 1111 2893 quadam
1145 2824 1358 2886 sublata
1392 2823 1557 2887 fuerit
1584 2824 1652 2884 ab
1672 2825 1752 2880 eis
1780 2823 1917 2880 liba—

344 2916 421 2969 tio
448 2921 502 2967 et
528 2914 854 2969 sacriﬁcium
879 2922 933 2973 et
960 2915 1295 2978 abominatio
1317 2916 1672 2976 desolationis
1703 2915 1760 2977 in
1789 2923 1921 2970 tem-

344 3006 435 3075 plo
467 3005 691 3069 sederit,
725 3013 910 3075 utpote
943 3019 1069 3068 cum
1111 3021 1209 3071 eos
1267 3006 1445 3062 virtus
1490 3006 1581 3060 illa
1636 3006 1918 3076 reliquerit

344 3097 516 3161 solos,
547 3112 668 3167 quae
707 3097 776 3152 ab
817 3097 972 3152 initio
1000 3098 1068 3152 ad
1101 3088 1234 3167 illud
1266 3115 1441 3177 usque
1471 3108 1709 3170 tempus,
1740 3112 1793 3157 et
1823 3108 1914 3157 tu-

2008 538 2275 612 μαθηταῖς
2313 538 2407 592 καὶ
2443 535 2779 597 ἀποστόλοις,
2807 533 2902 591 καὶ
2946 532 3058 593 τοῖς
3095 528 3154 594 ἐξ
3191 525 3460 599 Ἐϐραίων
3502 525 3580 588 είς

2007 632 2168 686 αὑτὸν
2218 629 2636 684 πεπιστευκόσιν
2673 628 2877 690 armat;
2924 622 3071 693 Πλὴν
3121 619 3257 674 ἀλλὰ
3303 620 3403 689 τῆς
3456 617 3581 688 μιᾶς

2004 725 2204 795 ταύτης
2231 704 2537 792 ἑϐδομάδος,
2564 718 2683 774 καθ’
2706 718 2772 789 ἦν
2795 716 3162 785 ἐνεδυνάμωσε
3187 713 3285 783 τὴν
3307 709 3580 780 δηλωθεῖ-,

2013 831 2111 868 σαν
2139 812 2415 883 Διαθήκην
2441 812 2554 873 τοῖς
2582 807 2814 871 πολλοῖς,
2845 808 2902 858 ἐν
2930 802 3009 873 τῷ
3038 802 3225 872 ἡμίσει
3247 799 3389 870 ἤρθη
3416 796 3574 849 θυσία

2012 906 2108 960 καὶ
2134 905 2355 974 σπονδὴ,
2381 904 2443 955 τό
2467 918 2527 955 τε
2557 898 2828 972 βδέλυγμα
2865 896 2967 965 τῆς
2992 891 3324 965 ἐρημώσεως
3350 887 3578 960 ἤρξατο·

2011 998 2309 1070 ἐπειδήπερ
2354 992 2694 1066 μεσαζούσης
2732 990 2831 1059 τῆς
2874 985 3164 1057 ἑϐδομάδος
3201 981 3406 1051 ταύτης
3451 978 3585 1049 μετὰ

2009 1089 2100 1144 τὸν
2127 1090 2298 1161 ἥμισυ
2323 1087 2417 1145 καὶ
2454 1085 2640 1158 τριετῆ
2683 1082 2870 1153 χρόνον
2899 1080 2995 1150 τῆς
3025 1074 3373 1170 διδασκαλίας
3392 1070 3581 1170 αὐτοῦ,

2011 1181 2132 1233 καθ’
2165 1180 2223 1233 δν
2267 1179 2455 1248 καιρὸν
2500 1174 2754 1238 πέπονθε,
2786 1172 2848 1226 τὸ
2888 1168 3285 1238 καταπέτασμα
3326 1162 3422 1218 τοῦ
3458 1162 3581 1214 ναοῦ

2011 1272 2221 1343 ἐρράγη
2249 1270 2355 1324 άπὸ
2375 1268 2581 1323 ἄνωθεν
2605 1267 2709 1329 ἕως
2730 1265 2905 1320 κάτω·
2935 1264 3011 1326 ὼς
3042 1260 3100 1327 ἐξ
3123 1260 3331 1321 ἐκείνου
3363 1254 3583 1325 δυνάμει

2012 1362 2178 1438 ἦρθαι
2210 1363 2268 1431 ἐξ
2300 1363 2478 1417 αὐτῶν
2509 1362 2609 1431 τήν
2641 1358 2891 1429 σπονδὴν,
2922 1356 3017 1409 καὶ
3043 1355 3141 1426 τὴν
3168 1350 3378 1416 θυσίαν,
3409 1350 3500 1403 καὶ
3525 1349 3584 1403 τὸ

2015 1457 2286 1529 βδέλυγμα
2312 1456 2411 1526 τῆς
2442 1450 2772 1524 ἐρημώσεως
2795 1449 2887 1501 ἐπὶ
2907 1447 2969 1500 τὸ
3005 1445 3146 1517 ἱερὸν
3172 1439 3396 1515 ἦρχθαι,
3422 1456 3584 1494 κατα-

2012 1548 2273 1618 λιπούσης
2325 1545 2521 1607 αὐτοὺς
2571 1543 2809 1614 ἐρήμους
2863 1537 2965 1607 τῆς
3001 1533 3262 1594 ἀνέκαθεν
3296 1532 3375 1595 είς
3418 1533 3586 1583 ἐκεῖνο

2014 1639 2206 1711 καιροῦ
2248 1638 2340 1691 τὸν
2366 1636 2532 1689 τόπον
2572 1631 2856 1705 ἐφορὼσης
2883 1630 2976 1684 καὶ
3008 1624 3410 1694 ἐπισκοπούσης
3432 1620 3586 1675 δυνά-

2021 1749 2183 1803 μεως.
2217 1729 2395 1800 Μέχρι
2439 1725 2569 1796 γοῦν
2615 1724 2709 1778 τοῦ
2755 1722 3023 1793 σωτηρίου
3057 1718 3262 1780 πάθους
3303 1712 3444 1769 εἶναι
3471 1731 3591 1767 τινα

1948 1829 1990 1885 Β
2016 1822 2151 1876 Θεοῦ
2182 1821 2409 1892 δύναμιν
2441 1814 2844 1871 ἐπισκοποῦσαν
2885 1813 2946 1866 τὸ
2995 1810 3137 1883 ἱερὸν
3184 1809 3278 1863 καὶ
3302 1807 3367 1881 τό
3406 1807 3589 1874 "Amm

2021 1921 2128 1973 τῶν
2161 1917 2329 1986 ἁγίων
2353 1914 2601 1987 ἡγεῖσθαι
2631 1913 2919 1985 προσήκει.
2956 1909 3031 1962 Οὐ
3065 1904 3174 1977 γὰρ
3196 1904 3263 1959 ἂν
3295 1901 3468 1967 ἄλλως
3498 1899 3597 1973 xei.

2020 2011 2180 2072 αὐτὸς
2214 2009 2329 2079 ἅμα
2356 2010 2469 2071 τοῖς
2509 2005 2722 2067 πολλοῖς
2761 2001 3079 2073 συνήδρευεν
3106 1999 3164 2050 ἐν
3200 1994 3280 2066 τῷ
3308 1992 3462 2065 ἱερῷ,
3496 1990 3603 2058 τὰς.

2020 2102 2160 2155 κατὰ
2186 2101 2381 2171 νόμους
2403 2095 2595 2169 ἑορτάς
2622 2093 2905 2155 ἐπιτελῶν,
2924 2091 2996 2162 μὴ
3016 2088 3138 2160 οὐχ)⁹
3157 2086 3238 2141 ἔτι
3262 2081 3599 2171 animosuna,

2020 2193 2113 2247 καὶ
2153 2170 2288 2244 Θεοῦ
2314 2186 2452 2243 εἶναι
2486 2188 2632 2253 ἄξιον
2663 2186 2754 2239 τὸν
2799 2183 2959 2237 τόπον
3001 2178 3177 2242 εἰδώς.
3207 2173 3387 2231 *Ησαν
3413 2170 3509 2227 οὖν
3538 2174 3601 2232 ἐν,

2019 2286 2097 2357 τῷ
2131 2283 2260 2355 ἱερῷ
2288 2284 2383 2336 καὶ
2416 2277 2846 2352 προφητεύοντές
2870 2290 3014 2337 τινες
3038 2273 3119 2334 είς
3151 2271 3327 2323 ἐκεῖνο
3348 2263 3442 2320 τοῦ
3474 2281 3596 2357 ut:-

2024 2353 2135 2449 ροῦ,
2180 2353 2369 2446 ῶσπερ
2408 2373 2573 2425 ’Ἄννα
2604 2372 2638 2441 ἡ
2682 2368 2950 2440 προφῆτις
2994 2367 3027 2436 ἡ
3074 2362 3170 2417 τοῦ
3205 2358 3469 2429 Φανουὴλ,
3501 2353 3597 2410 καὶ

2019 2466 2239 2538 Συμεὼν
2285 2468 2313 2520 ὁ
2340 2466 2434 2520 ἐπὶ
2462 2464 2561 2528 τὰς
2604 2461 2847 2531 ἀγκάλας
2884 2458 3066 2523 αὐτὸν,
3095 2455 3290 2528 βρέφος
3329 2451 3408 2504 ἐτι
3441 2450 3589 2538 ὄντα,

2018 2537 2217 2620 λαϐὼν,
2244 2557 2292 2609 οἳ
2326 2556 2418 2609 καὶ
2446 2551 2847 2626 προφητεύουσι
2871 2548 2939 2603 τὰ
2961 2542 3424 2618 ἀναγεγραμμένα
3440 2559 3454 2571 ·
3481 2537 3586 2593 οὐδ’

2020 2650 2085 2705 ἂν
2111 2650 2270 2712 αὐτὸς
2293 2650 2321 2701 ὁ
2342 2647 2545 2718 Κύριος
2567 2645 2720 2717 ἡμῶν
2753 2643 2965 2716 είρήκει
2989 2640 3069 2712 τῷ
3098 2637 3302 2711 λεπρίίν
3323 2636 3592 2701 ι”Υπαγε,

2017 2741 2185 2806 δεῖξον
2218 2740 2437 2794 σεαυτὸν
2467 2738 2545 2810 τῷ
2578 2739 2730 2810 ἱερεῖ,
2762 2739 2857 2791 καὶ
2882 2737 3224 2809 προσήνεγκε
3252 2733 3350 2804 τὴν
3386 2729 3592 2791 θυσίαν,

2018 2835 2083 2908 ἢν
2104 2833 2398 2907 προσέταξε
2431 2833 2634 2903 Μωσῆς
2660 2832 2741 2894 είς
2778 2829 3069 2902 μαρτύριον
3101 2829 3303 2890 αὐτοῖς,
3338 2843 3357 2877 ι
3381 2824 3455 2894 μὴ
3481 2820 3597 2891 οὐχὶ

2022 2928 2102 2981 ἔτι
2115 2928 2226 2981 δεῖν
2248 2924 2545 2996 ἡγούμενος
2566 2922 2633 2975 τὰ
2649 2921 2789 2976 κατὰ
2798 2921 2993 2991 νόμους
3010 2915 3371 2972 ἐπιτελεῖσθαι
3389 2912 3592 2975 αὐτόθι,

2016 3016 2094 3083 ὡς
2110 3020 2166 3072 ἐν
2195 3018 2335 3088 άγίῳ
2360 3016 2454 3070 καὶ
2490 3014 2625 3068 Θεοῦ
2664 3015 2797 3085 ἀξίῳ
2833 3014 3000 3082 τόπιιν
3025 3011 3131 3064 οὐδ’
3153 3010 3216 3065 ἂν
3237 3010 3368 3071 τοὺς
3394 3006 3594 3077 ἀγορά-

2027 3111 2216 3176 ζοντας
2235 3110 2329 3163 καὶ
2351 3107 2759 3179 πιπράσκοντας
2783 3104 2999 3172 ἐξωθῶν
3015 3103 3183 3173 ἔλεγε·
3211 3120 3229 3153 ί
3261 3100 3594 3171 Γέγραπται,

346 3188 508 3243 telam
553 3197 609 3245 et
646 3190 1042 3259 providentiam
1096 3192 1217 3260 ejus
1248 3193 1355 3259 loci.
1393 3193 1615 3269 gerebat
1647 3213 1661 3250 :
1692 3209 1817 3251 nam
1853 3191 1914 3249 ad

2025 3202 2104 3255 ὅτι
2138 3204 2166 3255 ὁ
2207 3197 2355 3263 οἶκός
2385 3217 2484 3271 μου
2528 3195 2676 3261 οἶκος
2720 3196 3030 3268 προσευχῆς
3061 3192 3408 3264 κληθήσεται,
3444 3190 3599 3259 ὑμεῖς

344 3280 478 3334 illud
515 3296 688 3351 usque
715 3289 931 3350 tempus
966 3298 1074 3352 quo
1104 3284 1194 3340 ille
1222 3300 1322 3354 pro
1367 3286 1544 3355 salute
1572 3295 1761 3342 nostra
1793 3302 1921 3358 pas~

233 3408 238 3412 -
343 3387 441 3428 sus
473 3380 577 3435 est,
609 3373 847 3428 divinam
879 3374 1172 3443 quamdam
1196 3378 1306 3430 vim
1345 3375 1517 3433 fuisse
1548 3394 1668 3453 quae
1696 3387 1751 3445 et
1779 3386 1919 3441 tem-

344 3467 495 3534 plum
548 3473 603 3520 et
631 3465 893 3521 Sanctum
948 3475 1264 3523 sanctorum
1312 3477 1576 3534 lueretur,
1607 3470 1922 3530 existimare

342 3574 442 3628 par
463 3565 568 3614 est.
598 3558 813 3629 Alioqui
838 3559 968 3629 quid
1001 3561 1311 3629 oportebat,
1334 3561 1484 3614 illum
1509 3576 1615 3615 una
1640 3576 1763 3628 cum
1798 3561 1921 3635 aliis

344 3651 531 3706 multis
565 3653 759 3708 sedere
792 3652 845 3705 in
897 3653 1100 3722 templo
1140 3660 1194 3707 et
1226 3666 1294 3707 ex
1340 3653 1551 3722 legibus
1602 3652 1769 3708 l‘estos
1802 3654 1920 3715 dies

341 3743 650 3807 celebrare,
683 3746 729 3799 si
770 3745 1015 3800 novisset
1052 3760 1161 3799 non
1211 3746 1446 3815 amplius
1487 3747 1790 3801 consistere
1838 3742 1929 3823 lo;

338 3850 465 3890 eum
494 3836 668 3899 illum,
697 3852 875 3907 neque
906 3836 1001 3891 Dei
1032 3838 1324 3906 praesentia
1350 3837 1573 3908 dignum
1602 3838 1755 3893 esse?
1774 3834 1914 3893 Fue-

340 3932 471 3980 runt
493 3926 658 3997 igitur
689 3929 756 3983 ad
781 3929 913 3983 illud
940 3943 1115 3998 usque
1145 3929 1406 3998 temporis
1437 3930 1686 3984 nonnulli
1709 3932 1762 3985 in
1788 3937 1920 3984 tem-

340 4017 432 4087 plo
463 4017 794 4082 divinantes,
828 4020 1006 4089 qualis
1042 4018 1195 4073 Anna
1239 4019 1556 4090 prophetica
1592 4021 1787 4075 mulier
1810 4020 1920 4075 ﬁlia

339 4105 604 4172 Phanuel,
641 4117 695 4164 et
737 4109 957 4166 Simeon
1003 4111 1097 4180 qui
1131 4111 1187 4166 in
1221 4112 1379 4167 ulnas
1413 4112 1590 4182 ipsum
1621 4113 1798 4167 adhuc
1833 4114 1918 4167 in-

342 4198 545 4255 fantem
571 4202 800 4271 accepit,
839 4205 1116 4272 quietiam
1149 4205 1468 4260 cecinerunt
1500 4218 1564 4258 ea
1592 4220 1712 4274 quae
1743 4205 1919 4274 publi-

336 4306 418 4346 ca:
448 4293 723 4348 memoria:
747 4294 961 4365 prodita
992 4304 1142 4361 sunt,
1166 4297 1260 4351 sed
1290 4312 1467 4366 neque
1496 4296 1614 4366 ipse
1655 4295 1916 4350 Dominus

338 4392 529 4438 noster
548 4384 778 4441 dixisset
804 4386 1019 4456 leproso
1052 4406 1065 4443 :
1104 4405 1122 4443 α
1153 4387 1277 4454 Abi,
1313 4389 1545 4444 ostende
1568 4395 1621 4443 te
1645 4386 1937 4451 sacerdoti,

2020 3293 2076 3346 δὲ
2120 3293 2280 3352 αὐτὸν
2327 3294 2526 3363 ποιεῖτε
2578 3289 2838 3360 σπήλαιον
2887 3284 3137 3357 λῃστῶν·
3181 3304 3201 3335 ι
3263 3283 3360 3337 καὶ
3405 3279 3595 3345 αὖθις·

2028 3385 2263 3455 «Ἄρατε
2293 3382 2465 3436 ταῦτα
2493 3380 2868 3444 ἐντεῦθεν,καὶ
2883 3379 2957 3450 μὴ
2983 3379 3185 3430 ποιεῖτε
3213 3374 3305 3428 τὸν
3333 3369 3482 3427 οἷκον
3504 3369 3601 3425 τοῦ

2020 3477 2233 3548 Πατρός
2267 3492 2367 3546 μου
2393 3470 2539 3529 οἷκον
2572 3473 2866 3545 ἐμπορείου
2890 3488 2903 3502 ⁸
2950 3490 2969 3522 ι
3008 3472 3056 3523 εί
3089 3468 3164 3540 μὴ
3196 3467 3277 3521 ἐτι
3301 3466 3483 3538 τίμιον
3513 3481 3602 3518 σα-

2021 3568 2137 3636 φῶς
2182 3567 2291 3622 δεῖν
2340 3566 2585 3636 ἐνόμιζεν
2633 3562 3032 3634 ὑπολαμϐάνειν
3080 3555 3217 3612 εἶναι
3269 3557 3362 3611 τὸν
3414 3555 3601 3609 τόπον.

2034 3657 2192 3723 Ἀλλὰ
2229 3657 2338 3730 γὰρ
2373 3655 2775 3727 πλησιαζούσης
2800 3652 2979 3714 αὐτῶν
3007 3650 3109 3719 τῆς
3140 3647 3374 3718 ἐσχάτης
3405 3646 3604 3699 δυσσε-

2021 3750 2191 3814 ϐείας,
2231 3748 2368 3821 μετὰ
2400 3748 2572 3808 ταῦτα
2607 3746 2783 3799 πάντα
2814 3743 3132 3814 ἀπεφήνατο
3164 3737 3362 3793 εἰπών·
3406 3756 3425 3789 ‹
3469 3735 3604 3789 Ἰδοὺ

2018 3842 2236 3912 ἀφίεται
2285 3841 2411 3912 ὑμῖν
2447 3842 2475 3893 ὀ
2522 3834 2671 3902 οἶκος
2721 3836 2874 3908 ὑμῶν
2922 3835 3127 3907 ἕρημος
3149 3849 3163 3863 ·
3208 3851 3227 3884 ι
3264 3831 3293 3885 ὃ
3325 3831 3421 3884 καὶ
3467 3829 3607 3884 αὐτὸ

2020 3916 2321 4005 ἐπληροῦτο
2347 3933 2456 3997 ὅτε,
2489 3930 2749 3994 παθόντος
2781 3926 2965 3991 αὐτοῦ,
2987 3927 3047 3981 τὸ
3078 3922 3473 3998 καταπέτασμα
3504 3920 3606 3974 τοῦ

2019 4024 2148 4078 ναοῦ
2198 4024 2316 4082 ὅλον
2366 4023 2433 4074 δι’
2477 4022 2598 4076 ὅλου
2649 4021 2812 4092 μέσον
2861 4019 3095 4092 ἐρράγη,
3129 4015 3406 4088 καθῄρητό
3445 4032 3506 4067 τε
3544 4014 3606 4081 ἐξ

2021 4115 2229 4170 ἐκείνου
2259 4114 2483 4185 δυνάμει
2514 4116 2546 4186 ἡ
2581 4113 2857 4188 προσηνὴς
2894 4098 2985 4181 τῷ
3015 4109 3134 4181 Θεῷ
3177 4109 3319 4180 κατὰ
3358 4107 3459 4178 τὴν
3501 4105 3601 4159 τοῦ

2019 4207 2182 4277 νόμου
2214 4205 2457 4270 διάταξιν
2501 4205 2662 4265 θυσία
2696 4205 2788 4259 καὶ
2835 4203 3055 4273 σπονδὴ,
3089 4196 3157 4274 ἧς
3187 4201 3468 4273 ἀρθείσης,
3503 4199 3600 4253 καὶ

2018 4299 2079 4351 τὸ
2110 4298 2384 4369 βδέλυγμα
2406 4298 2507 4369 τῆς
2531 4296 2881 4373 ἐρημώσεως,
2914 4295 3055 4355 κατὰ
3081 4296 3177 4366 τὴν
3204 4296 3260 4348 ἐν
3287 4294 3445 4367 χερσὶ
3465 4309 3601 4365 προ-

2021 4388 2265 4459 φητείαν,
2295 4384 2699 4458 ἐπηκολούθησε
2729 4384 2806 4455 τῷ
2833 4385 3000 4456 τόπῳ,
3031 4385 3094 4438 Ei
3122 4385 3179 4438 δὲ
3215 4385 3311 4443 καὶ
3340 4383 3432 4453 ἐπί
3471 4399 3597 4443 τινα

337 4480 393 4528 et
440 4474 573 4531 oﬂ‘er
601 4478 951 4542 sacriﬁcium,
977 4480 1120 4549 quod
1168 4481 1426 4551 pracepit
1456 4480 1632 4536 Moses
1670 4480 1723 4534 in
1764 4480 1914 4536 testi-

2020 4481 2206 4552 χρόνον
2240 4479 2570 4552 παραμένειν
2593 4476 2739 4543 ἔδοξε
2763 4476 2832 4555 τά
2854 4477 2953 4548 τῆς
2977 4478 3035 4530 ἐν
3063 4475 3141 4547 τῷ
3172 4476 3323 4546 τόπῳ
3354 4476 3601 4547 λειτουρ-

337 4570 580 4624 monium
610 4571 689 4626 eis
716 4570 785 4635 ⁸⁷,
821 4591 841 4625 ι
871 4571 916 4627 si
946 4572 1037 4628 illo
1066 4573 1120 4628 in
1150 4575 1269 4629 loco
1292 4590 1400 4628 non
1434 4574 1576 4630 ultra
1602 4573 1916 4630 existimas-

336 4668 564 4728 setqute
608 4661 676 4716 ad
737 4665 876 4719 ritus
928 4664 1183 4734 legesque
1228 4665 1499 4733 pertinent
1555 4674 1812 4734 tanquam
1857 4663 1911 4717 in

336 4761 530 4807 sancto
570 4762 625 4808 et
670 4752 763 4809 Dei
798 4758 1088 4825 praesentia
1127 4756 1292 4827 digno
1315 4759 1432 4811 loco
1460 4757 1722 4819 celebrari
1750 4770 1912 4824 opor-

334 4852 470 4905 tere,
504 4860 679 4914 neque
728 4848 1028 4904 vendentes
1060 4856 1115 4903 et
1157 4856 1400 4905 ementes
1431 4849 1657 4919 ejiciens
1683 4849 1912 4905 dixisset

334 4936 501 4989 verba
526 4936 616 4989 illa
653 4957 666 4992 :
699 4955 717 4988 ι
756 4937 1028 5009 Scriptum
1052 4946 1159 5001 est,
1182 4938 1377 4995 domus
1400 4956 1518 4995 mea
1545 4940 1742 4996 domus
1783 4956 1908 4995 ora-

332 5027 503 5081 tionis
532 5029 841 5096 vocabitur,
877 5046 976 5087 vos
1009 5042 1190 5087 autem
1208 5048 1338 5087 .eam
1375 5031 1558 5087 facitis
1589 5033 1904 5102 speluncam

333 5119 609 5174 latronum
642 5122 710 5177 ⁸⁸.
752 5141 770 5173 ι
804 5121 870 5176 Ει
916 5139 1150 5180 rursus:
1207 5143 1226 5176 ‹
1264 5123 1488 5180 Auferte
1534 5125 1640 5181 ista
1670 5125 1818 5188 hinc,
1853 5132 1907 5179 et

333 5210 503 5265 nolite
535 5209 715 5267 facere
743 5211 964 5267 domum
993 5212 1181 5270 Patris
1203 5215 1310 5268 mei
1331 5214 1552 5267 domum
1589 5213 1910 5283 negotiatiov.

333 5302 420 5356 nis
441 5302 509 5367 ⁸³,
539 5321 559 5354 ι
593 5303 713 5358 ἰιἱεί
759 5304 940 5359 adhuc
982 5305 1140 5374 plane
1194 5308 1501 5361 censuisset
1544 5305 1904 5361 venerabilem

332 5408 457 5448 esse
496 5395 675 5447 locum
705 5404 899 5464 putare
941 5407 1211 5464 oportere.
1262 5398 1333 5451 At
1379 5399 1523 5452 enim
1556 5399 1650 5453 ubi
1690 5398 1905 5461 illorum

333 5495 636 5538 extremum
673 5487 857 5541 scelus
887 5489 1363 5558 appropinquavit,
1405 5496 1517 5542 tum
1549 5491 1734 5543 omnia
1765 5488 1900 5547 indi-

331 5575 480 5629 cavit
517 5574 707 5628 dicens
746 5595 760 5630 :
804 5596 823 5630 ‹
862 5577 1001 5633 Ecce
1034 5579 1363 5650 relinquitur
1398 5578 1554 5634 vobis
1584 5579 1780 5636 domus
1814 5596 1905 5635 ve—

2019 4574 2162 4642 γίας,
2198 4572 2309 4625 ἀλλ’
2343 4570 2528 4624 οὐκέτι
2559 4587 2623 4640 γε
2657 4569 2827 4624 ταῦτα
2858 4570 3063 4647 ἀρεστὰ
3086 4570 3166 4639 τῷ
3189 4568 3307 4639 Θεῷ
3328 4564 3417 4639 ἦν,
3446 4566 3601 4639 ἀκρί-

2018 4680 2127 4727 τως
2169 4663 2273 4715 “κα“ι
2317 4661 2377 4713 οὐ
2424 4659 2562 4714 κατὰ
2589 4661 2750 4731 νόμον
2794 4659 3206 4730 ἐπιτελούμενα.
3245 4660 3455 4729 Ὠσπερ
3485 4656 3597 4730 γὰρ

2020 4753 2294 4826 πρόπαλαι
2337 4750 2803 4824 ἐξολοθρευθέντος
2847 4749 2942 4807 τοῦ
2994 4752 3313 4824 χρίσματος,
3360 4750 3456 4819 καί
3487 4750 3600 4805 τῶν

2018 4844 2157 4901 κατὰ
2187 4843 2435 4914 διαδοχὴν
2462 4843 2706 4913 νομίμων
2734 4841 3037 4914 ἀρχιερέων
3077 4841 3463 4913 πεπαυμένων,
3490 4839 3601 4898 ἀς·ιῶ

2019 4940 2119 5011 τῆς
2174 4936 2440 5010 Ὑρκανοῦ
2483 4935 2755 5006 τελευτῆς,
2803 4936 2851 4987 οἱ
2902 4932 3040 5004 μετὰ
3088 4933 3259 4986 ταῦτα
3306 4933 3599 5003 παριόντες

2015 5030 2265 5093 ἀτάκτως
2309 5030 2403 5082 καὶ
2446 5025 2794 5098 παρανόμως,
2832 5026 3051 5079 ἐδόκουν
3089 5025 3187 5096 μέν
3218 5042 3276 5085 τι
3300 5027 3495 5097 ποιεῖν,
3531 5025 3595 5081 οὺ

2019 5123 2123 5197 μὴν
2153 5121 2293 5178 κατὰ
2324 5122 2451 5184 τοὺς
2478 5119 2787 5191 πρέποντας
2820 5117 3085 5190 ἔπραττον
3119 5116 3372 5189 θεσμοὺς,
3404 5116 3471 5181 διῗ
3502 5115 3597 5180 οὓς

2015 5217 2108 5271 καὶ
2164 5215 2399 5283 ἔφασκεν
2460 5215 2491 5284 ἡ
2559 5210 2896 5283 προφητεία·
2956 5229 2974 5261 ί
3057 5208 3594 5280 Ἑξολοθρευθήσεται

2014 5308 2242 5379 χρίσμα,
2266 5306 2357 5363 καὶ
2384 5309 2558 5378 κρῖμα
2602 5305 2703 5356 οὐκ
2743 5302 2889 5355 ἔστιν
2933 5304 2989 5355 ἐν
3021 5301 3190 5372 αὐτῷ,
3229 5321 3247 5352 ι
3274 5301 3334 5353 τὸ
3368 5300 3594 5373 ἄκριτον

2014 5399 2107 5458 καί
2129 5398 2440 5468 παράνομον
2478 5394 2655 5451 αὐτῶν
2681 5393 3035 5447 διαϐάλλουσα
3060 5411 3071 5422 ·
3108 5391 3250 5445 οὓτω
3282 5391 3345 5463 δὴ
3380 5391 3473 5444 καὶ
3500 5390 3592 5451 ἐπὶ

2012 5490 2109 5560 τῆς
2145 5489 2334 5552 θυσίας
2367 5489 2460 5542 καὶ
2507 5487 2608 5557 τῆς
2641 5485 2874 5557 σπονδῆς
2926 5483 3326 5556 συμϐεϐηκέναι
3374 5484 3590 5555 φήσεις,

2013 5579 2186 5651 ὀρθῶς
2222 5579 2321 5652 μὲν
2355 5582 2449 5636 καὶ
2495 5577 2637 5638 κατὰ
2663 5578 2820 5652 νόμον
2841 5577 2945 5652 πρὸ
2976 5576 3070 5630 τοῦ
3104 5576 3309 5640 πάθους
3346 5574 3442 5631 τοῦ
3473 5576 3585 5632 Σω-

402 5755 448 5789 "
481 5753 674 5809 Matth.
713 5771 838 5825 vm,
872 5760 925 5813 4.
1004 5761 1048 5793 ⁸⁸
1084 5762 1273 5820 Matth.
1311 5778 1400 5817 xx:
1424 5800 1441 5829 ,
1483 5762 1565 5817 l5.
1645 5762 1688 5798 υ
1721 5761 1877 5818 .Ioan.
1914 5777 1989 5829 tt,
2025 5764 2112 5823 l6.
