3908 6266
284 277 392 333 6‘29

1186 281 1838 343 DEMONSTRATIONIS
1876 283 2336 342 EVANGELICIE
2387 282 2496 338 LIB
2557 282 2689 340 Vlll.

3415 283 3520 334 630

281 399 451 465 τῆρος
497 395 652 466 ήμῶν
688 396 1127 470 ἐπιτελουμένης,
1168 401 1254 455 διὰ
1283 404 1381 474 τὴν
1423 406 1590 459 εἰσέτι
1628 407 1748 460 τότε
1791 407 1859 460 τὰ

1961 415 2072 463 stra
2116 407 2329 462 deserta
2367 407 2436 473 ’°,
2473 426 2491 458 ι
2534 403 2678 476 quod
2713 402 2930 474 quidem
2981 403 3156 473 ipsum
3191 403 3518 470 couiplctum

281 484 393 538 τῶν
423 486 595 554 ἁγίων
620 488 800 543 τόπων
826 491 1107 562 ἐφορῶσαν
1132 492 1379 564 δύναμιν,
1415 497 1856 569 περιαιρεθείσης

279 575 337 628 δέ
364 577 564 630 αὐτίκα
604 579 741 650 μετὰ
769 581 868 653 τὴν
893 583 1055 635 αὑτοῦ
1089 584 1297 639 τελείαν
1329 587 1422 640 καὶ
1457 587 1730 659 θεοπρεπῆ
1762 588 1857 641 θυ-

281 667 422 729 σίαν,
457 670 525 738 ἢν
561 672 930 742 προσήνεγκεν
971 674 1132 737 αὐτὸς
1156 676 1345 730 ἑαυτὸν
1378 678 1518 749 ὑπὲρ
1549 678 1656 731 τῶν
1678 679 1857 750 ἁμαρ-

278 761 411 814 τιῶν
435 764 467 832 ή
477 763 614 833 μῶν,
645 765 804 829 αὐτὸς
837 766 911 819 ὢν
952 769 980 821 6
1012 769 1181 839 ἀμνὸς
1211 768 1304 822 τοῦ
1337 769 1493 832 Θεοῦ,
1516 771 1544 824 ὁ
1569 771 1736 841 αἴρων
1759 773 1857 843 τὴν

277 853 554 922 ἁμαρτίαν
566 854 660 908 τοῦ
679 857 903 928 κόσμου,
933 853 1000 930 ἦς
1017 859 1204 924 θυσίας
1219 863 1382 915 πᾶσιν
1399 861 1702 934 ἀνθρώποις
1720 863 1858 916 κατά

275 944 346 996 τὰ
376 946 544 999 καινὰ
576 949 847 1020 μυστήρια
872 953 972 1022 τῆς
998 955 1188 1022 καινῆς
1233 952 1505 1024 Διαθήκης
1547 952 1861 1024 παραδοθεί-

279 1054 401 1109 σης,
423 1039 495 1092 τὰ
523 1043 623 1111 τῆς
657 1040 890 1104 παλαιᾶς
923 1041 1240 1114 περιῄρητο.
1281 1044 1446 1114 Ὁμοῦ
1484 1043 1592 1116 γὰρ
1623 1043 1700 1114 τῷ
1723 1045 1853 1116 πλη-

279 1129 507 1199 ροῦσθαι
540 1133 602 1185 τὸ
623 1133 828 1202 φάσκον
859 1133 1056 1203 λόγιον,
1097 1154 1116 1187 ι
1147 1136 1254 1189 Καὶ
1274 1135 1858 1208 δυναμώσειΔιαθήκην

276 1223 495 1289 πολλοῖς
515 1226 748 1298 ἐϐδομὰς
770 1227 882 1299 μία,
897 1227 990 1279 ’τά
1011 1227 1111 1298 τῆς
1131 1228 1362 1291 παλαιᾶς
1381 1229 1652 1300 Διαοὴκης
1669 1229 1858 1300 περιῄ-

277 1331 433 1384 ρητο.
447 1334 468 1368 ι
491 1317 625 1370 Πότε
641 1318 696 1371 δὲ
714 1319 780 1372 τὰ
794 1320 892 1390 τῆς
907 1319 1176 1392 Διαθήκης
1190 1319 1287 1390 τῆς
1302 1319 1493 1389 καινῆς
1513 1318 1856 1390 ἐδυναμοῦτο,

273 1407 306 1478 ἢ
340 1409 435 1461 ὅτε
463 1413 493 1463 ό
532 1410 722 1483 Σωτὴρ
751 1411 844 1465 καὶ
885 1411 1088 1484 Κύριος
1120 1411 1296 1482 ήμῶν,
1343 1410 1549 1483 μέλλων
1587 1411 1757 1464 τελεῖν
1798 1410 1859 1462 τὸ

277 1500 426 1570 μέγα
470 1505 766 1574 μυστήριον
797 1505 897 1574 τῆς
921 1507 1000 1568 είς
1031 1505 1122 1558 τὸν
1157 1505 1380 1558 θάνατον
1406 1504 1572 1558 αὑτοῦ
1604 1504 1854 1576 παρόδου,

274 1585 306 1662 ᾖ
359 1594 521 1645 νυκτὶ
580 1594 909 1664 παρεδίδοτο,
945 1595 1012 1647 τὰ
1069 1593 1310 1665 σύμϐολα
1364 1595 1472 1647 τῶν
1518 1597 1638 1649 κατ’
1694 1594 1856 1647 αὑτὸν

271 1683 610 1754 ἀπορρήτων
652 1685 753 1754 τῆς
800 1685 995 1754 καινῆς
1041 1687 1314 1756 Διαθήκης
1344 1686 1516 1755 λόγων
1551 1689 1661 1750 τοῖς
1693 1687 1856 1740 αὑτοῦ

271 1773 566 1874 παρεδίδου
605 1775 710 1843 μαθ
723 1779 906 1847 ηταῖς;
942 1776 1076 1848 ὁμοῦ
1097 1777 1206 1849 γὰρ
1235 1777 1386 1831 ταῦτ’
1418 1778 1669 1842 ἐτελεῖτο,
1706 1779 1855 1850 καὶὴ
1889 1819 1930 1874 Β

271 1865 419 1918 κατὰ
446 1868 685 1923 Μωῦσέα
719 1869 922 1923 παλαιὰ
947 1870 1189 1942 Διαθήκη
1219 1870 1537 1943 περιῄρητο,
1573 1872 1708 1944 ὅπερ
1733 1873 1854 1945 ἐδή-

268 1956 365 2010 λου
400 1957 462 2010 τὺ
505 1960 897 2033 καταπέτασμα
941 1962 1035 2015 τοῦ
1062 1962 1212 2026 ναοῦ,
1251 1962 1393 2016 κατὰ
1427 1963 1518 2016 τὸν
1565 1963 1725 2018 αὐτὸν
1756 1967 1853 2036 ρη-

268 2049 543 2120 γνύμενον
587 2053 797 2124 χρόνον.
859 2052 1141 2126 Ἀρθείσης
1188 2055 1318 2124 γοῦν
1365 2055 1424 2121 ἐξ
1467 2055 1712 2120 ἐκείνου,
1757 2059 1853 2110 καὶ

267 2142 506 2212 δυνάμει
532 2144 627 2196 καὶ
668 2145 892 2218 ἀληθείᾳ
923 2147 1318 2218 καταλυθείσης
1345 2147 1536 2212 θυσίας
1562 2150 1656 2202 καὶ
1693 2166 1854 2203 σπον-

267 2231 390 2302 δῆς,
422 2234 477 2286 αί
517 2233 656 2304 μετά
684 2235 854 2289 ταῦτα
881 2236 1228 2308 νομιζόμεναι
1256 2239 1443 2292 αὐτόθι
1491 2240 1853 2294 ἐπιτελεῖσθαι

267 2321 464 2375 θυσίαι
491 2325 744 2379 ἄσπονδοι
771 2327 864 2380 καὶ
895 2327 1098 2399 άνίεροι
1133 2330 1188 2380 ἐν
1223 2328 1433 2399 βεϐήλῳ
1458 2330 1609 2400 τόπῳ
1635 2331 1728 2384 καὶ
1750 2332 1854 2384 ὑπὸ

266 2413 522 2484 βεϐήλων
557 2418 650 2470 καὶ
688 2419 916 2490 ἀνιέρων
950 2420 1320 2474 ἐπετελοῦντο.
1357 2422 1520 2492 Δέχου
1549 2423 1605 2475 δὲ
1639 2423 1854 2487 καὶτὰς

268 2509 405 2579 περὶ
445 2509 649 2564 τούτων
699 2512 958 2584 Ἰωσήπου
1016 2514 1346 2585 μαρτυρίαςο
1390 2515 1590 2569 «Κατὰ
1644 2515 1700 2568 δέ
1755 2515 1852 2586 τὴν

269 2599 490 2672 ἡμέραν
521 2601 621 2672 τῆς
653 2603 1030 2675 Πεντηκοστῆς
1055 2605 1270 2678 νύκτωρ
1297 2607 1346 2658 oi
1371 2607 1536 2678 ἱερεῖς
1563 2607 1854 2679 παρελθόν-

264 2712 366 2760 τες
414 2697 496 2760 εἰς
537 2697 599 2750 τὸ
639 2697 801 2769 ἱερὸν,
837 2697 1024 2770 ὥσπερ
1068 2699 1250 2763 αὐτοῖς
1297 2699 1415 2763 ἐθος
1461 2696 1548 2771 ἦν,
1583 2701 1719 2772 πρὸς
1755 2701 1854 2766 τὰς

268 2788 638 2858 λειτουργίας,
668 2789 880 2860 πρῶτον
919 2791 1014 2862 μὲν
1043 2793 1310 2863 κινήσεως
1342 2794 1545 2862 ἔφασαν
1591 2795 1851 2864 ἀντιλαμ-

271 2878 537 2932 ϐάνεσθαι
570 2879 665 2933 καὶ
701 2880 908 2934 κτύπου
930 2899 943 2912 ·
981 2883 1116 2953 μετὰ
1153 2883 1209 2936 δέ
1234 2882 1406 2937 ταῦτα
1439 2888 1622 2956 φωνῆς
1650 2884 1852 2956 ἁθρόας

268 2969 557 3040 λεγούσηςο
585 2971 1036 3041 Μεταϐαίνωμεν
1062 2972 1354 3028 ἐντεῦθεν.
1371 2994 1388 3025 ι
1414 2973 1598 3027 Ταῦτα
1630 2974 1686 3027 δέ
1712 2977 1852 3028 ἱστο-

275 3063 359 3130 ρεῖ
389 3061 530 3130 μετὰ
547 3061 609 3114 τὸ
630 3062 800 3127 πάθος
833 3064 924 3116 τοῦ
958 3065 1207 3136 Σωτῆρος
1233 3065 1389 3136 ἡμῶν
1416 3065 1717 3135 γεγονέναι.
1739 3069 1848 3120 Καὶ

1958 507 2042 553 est
2071 513 2180 567 quo
2213 507 2454 566 tempore
2484 497 2610 549 dum
2659 496 2747 550 ille
2778 495 2928 549 cruci
2981 493 3170 548 aﬁixus
3202 499 3306 556 est,
3340 492 3518 545 velum

1957 591 2142 661 templi
2177 590 2413 644 medium
2450 595 2564 642 toto
2591 587 2806 658 penitus
2851 587 3151 642 altitudinis
3189 601 3300 640 sua:
3345 586 3521 654 spatio

1959 682 2192 735 scissura
2240 688 2345 745 est,
2380 680 2761 749 sublatumque
2803 687 2887 735 est
2933 695 2997 735 ex
3031 681 3144 742 illo,
3179 677 3229 733 vi
3262 677 3518 747 quadam,

1959 773 2069 828 Deo
2105 783 2319 844 gratum
2346 789 2413 827 ex
2460 772 2800 826 institutione
2848 771 2986 841 legis
3017 769 3344 828 sacriﬁcium
3373 777 3426 822 et
3456 766 3521 819 li-

1957 865 2129 929 batio,
2163 880 2268 936 qua
2324 865 2534 920 sublata
2558 902 2572 926 ,
2637 863 2967 917 abominatio
3016 861 3400 921 desolationis,
3434 873 3520 911 se-

1958 955 2194 1010 cundum
2217 971 2334 1010 eam
2364 971 2484 1026 qua:
2508 971 2653 1009 nunc
2684 953 2739 1008 in
2771 954 3024 1010 manibus
3047 964 3152 1018 est,
3181 953 3518 1024 prophetiam

1959 1045 2014 1099 in
2046 1045 2167 1100 loco
2193 1047 2286 1100 illo
2313 1056 2499 1101 sccuta
2529 1054 2632 1100 est.
2665 1044 2816 1112 Quod
2856 1045 2900 1100 si
2932 1061 3028 1115 per
3059 1045 3276 1114 aliquod
3305 1055 3520 1113 tempus

1959 1153 2279 1207 permanere
2315 1139 2431 1193 visa
2467 1148 2594 1194 sunt
2622 1154 2706 1194 ea.
2748 1153 2868 1206 qua:
2897 1137 2961 1191 ad
3005 1136 3337 1194 functionem
3367 1137 3515 1190 illam

1971 1229 2028 1283 in
2062 1228 2156 1283 tali
2203 1229 2324 1284 loco
2357 1231 2648 1300 pertinent,
2681 1246 2791 1285 non
2844 1237 3024 1284 tamen
3057 1229 3243 1284 eadem
3289 1229 3521 1298 amplius

1959 1328 2114 1392 grata
2143 1320 2253 1377 Deo
2285 1321 2527 1386 fuerunt,
2562 1325 2763 1393 quippe
2810 1340 2932 1378 cum
2986 1335 3036 1379 et
3070 1323 3188 1377 sine
3233 1321 3439 1391 judicio
3468 1329 3522 1375 et

1958 1420 2154 1482 praeter
2208 1415 2354 1483 leges
2409 1416 2832 1471 celebrarentur.
2864 1414 3024 1486 402
3069 1414 3221 1467 Sicut
3254 1412 3398 1466 enim
3425 1427 3522 1465 an.

1959 1513 2077 1570 tea,
2110 1507 2364 1561 unctione
2408 1507 2630 1571 abolita,
2676 1516 2730 1561 et
2778 1508 3032 1578 legitimis
3073 1523 3137 1561 ex
3194 1504 3520 1560 succedendi

1958 1595 2099 1651 serie
2128 1598 2474 1666 pontiﬁcibus
2503 1606 2627 1668 post
2657 1598 2892 1670 Hyrcani
2919 1599 3194 1652 interitum
3219 1596 3518 1666 abrogatis.

1959 1687 2050 1756 qui
2082 1688 2306 1757 posthac
2334 1689 2452 1744 sine
2473 1689 2663 1744 ordine
2689 1698 2741 1745 et
2765 1701 2961 1760 praeter
2987 1691 3130 1760 leges
3152 1689 3217 1744 ad
3243 1689 3373 1742 illud
3405 1703 3525 1742 mu-

1959 1792 2064 1832 nus
2105 1777 2456 1841 accedebant,
2491 1778 2813 1833 videbantur
2843 1777 2917 1831 illi
2952 1778 3169 1848 quidem
3212 1775 3416 1845 aliquid
3447 1775 3525 1827 fa-

1959 1884 2101 1932 cere,
2137 1877 2191 1924 et
2229 1878 2408 1924 tamen
2445 1870 2498 1925 id
2531 1871 2682 1924 nullo
2715 1869 2970 1925 laudabili
3012 1870 3262 1924 instituto
3292 1875 3524 1939 prasta-

1955 1959 2114 2025 bant,
2145 1969 2369 2033 propter
2389 1978 2527 2032 quos
2549 1963 2712 2018 etiam
2744 1962 2882 2017 dixit
2910 1961 3232 2032 prophetia:
3263 1978 3280 2010 ι
3317 1958 3524 2014 Peribit

1953 2053 2159 2117 unctio,
2183 2053 2519 2123 etjudicium
2553 2068 2661 2108 non
2682 2060 2765 2109 est
2795 2053 2846 2107 in
2887 2067 2948 2107 ea
2969 2093 2983 2118 ,
3017 2072 3034 2104 ι
3072 2053 3272 2106 talibus
3303 2048 3521 2104 interim

1953 2146 2136 2201 verbis
2174 2145 2511 2216 iudiciorum
2555 2147 2842 2216 legumque
2902 2144 2956 2199 in
2987 2145 3096 2200 illis
3147 2149 3517 2212 contemptum

1954 2253 2221 2293 accusans
2253 2257 2266 2292 :
2301 2238 2374 2292 ita
2403 2240 2568 2294 etiam
2598 2242 2746 2293 circa
2780 2236 3091 2292 libationem
3119 2245 3174 2291 et
3197 2234 3521 2292 sacriﬁcium

1953 2330 2248 2401 contigisse
2287 2330 2598 2396 allirmabis,
2631 2347 2751 2401 quae
2771 2338 2917 2386 recte
2945 2329 3160 2399 quidem
3190 2345 3255 2384 ex
3280 2329 3395 2397 lege
3423 2343 3522 2380 au-

1953 2433 2170 2494 tequam
2214 2422 2466 2478 Salvator
2509 2432 2700 2477 noster
2733 2425 2805 2477 sit
2850 2436 3068 2494 passus,
3103 2421 3523 2476 celebrabantur

1954 2527 2176 2590 propter
2205 2518 2460 2573 virtutem
2507 2519 2656 2572 illam
2687 2534 2808 2588 quae
2847 2519 2913 2572 ad
2943 2517 3073 2572 illud
3107 2531 3281 2586 usque
3309 2522 3524 2585 tempus

1954 2613 2057 2666 loci
2091 2612 2435 2666 sanctitatem
2475 2613 2749 2667 tuebatur.
2781 2610 3049 2666 Caeterum
3095 2619 3151 2666 et
3178 2610 3392 2666 sublata
3441 2620 3521 2664 est

1954 2703 2100 2757 illico
2131 2712 2254 2773 post
2287 2703 2435 2757 illius
2467 2703 2766 2773 perfectum
2801 2701 3017 2773 Deoque
3065 2703 3396 2757 conveniens
3435 2716 3526 2755 sa-

1953 2793 2240 2856 criﬁcium,
2280 2792 2424 2863 quod
2458 2793 2573 2863 ipse
2616 2807 2675 2847 se
2702 2791 2879 2861 ipsum
2913 2808 3012 2862 pro
3045 2791 3284 2862 peccatis
3319 2790 3525 2845 nostris

1960 2884 2177 2944 obtulit.
2208 2899 2332 2938 cum
2375 2883 2492 2953 ipse
2519 2891 2665 2939 esset
2693 2883 2783 2937 ille
2827 2901 2844 2932 ‹
2885 2883 3072 2954 Agnus
3103 2881 3196 2936 Dei
3237 2881 3331 2952 qui
3386 2881 3526 2935 tollit

1953 2981 2172 3046 peccata
2209 2973 2396 3029 mundi
2423 2975 2468 3006 ⁹¹
2506 2994 2518 3028 :
2578 2993 2596 3027 ι
2623 2991 2731 3044 quo
2765 2974 2983 3044 quidem
3018 2974 3287 3030 sacriﬁcio
3309 2973 3525 3027 cunctis

1956 3066 2269 3120 hominibus
2299 3066 2598 3121 secundum
2629 3081 2768 3120 nova
2793 3065 2927 3121 Novi
2961 3064 3294 3121 Te'stamenti
3329 3071 3528 3134 mystc-

269 3151 438 3204 πάλιν
459 3154 488 3206 ό
507 3153 667 3217 αὐτός
681 3172 835 3225 φησι,
861 3173 879 3206 ι
909 3155 1142 3209 Πιλᾶτον
1162 3155 1254 3215 τὸν
1274 3158 1372 3226 ήγε
1382 3157 1536 3226 μόνα,
1563 3176 1581 3208 ι
1609 3157 1767 3210 αὐτὸν
1787 3158 1850 3230 δὴ

1956 3156 2038 3210 ria
2065 3156 2285 3220 tradita,
2315 3171 2436 3227 quae
2463 3155 2678 3212 Veteris
2702 3157 2924 3228 pr0pria
2946 3163 3103 3212 erant
3125 3156 3339 3211 sublata
3373 3163 3522 3210 sunt.

268 3248 482 3298 ἐκεῖνον
539 3245 629 3298 τὸν
681 3246 774 3298 ἐπὶ
804 3246 899 3298 τοῦ
931 3247 1181 3318 Σωτῆρος
1203 3247 1381 3318 ἡμῶν,
1407 3266 1426 3298 ι
1452 3247 1549 3310 τὰς
1575 3247 1849 3319 Καίσαρος

271 3337 488 3401 εἰκόνας
512 3338 728 3410 νύκτωρ
761 3340 840 3404 είς
856 3341 916 3392 τὸ
936 3339 1247 3411 ίερὸν,όπερ
1261 3341 1359 3392 οὐκ
1377 3336 1444 3410 ἦν
1465 3338 1642 3410 Θέμις,
1679 3340 1850 3393 εἰσκο-

276 3432 456 3502 μίσαι,
482 3433 742 3502 μεγίστην
768 3449 824 3485 τε
846 3433 1090 3504 ταραχήν
1108 3474 1122 3497 ,
1153 3431 1382 3504 θορύϐου
1406 3449 1466 3485 τε
1496 3432 1590 3486 καὶ
1611 3432 1851 3496 στάσεως

271 3523 644 3594 ἐμϐεϐλῆσθαι
687 3527 799 3587 τοῖς
833 3524 1125 3586 Ἰουδαίοις.
1159 3545 1177 3575 ι
1213 3523 1361 3578 Ᾱύτὰ
1389 3524 1453 3595 δὴ
1484 3523 1657 3577 ταῦτα
1685 3525 1781 3578 καὶ
1822 3525 1851 3575 ό

269 3617 444 3670 Φίλων
500 3619 910 3689 συμμαρτυρεῖ,
951 3617 1110 3680 (Τὰς
1169 3617 1406 3688 σημαίας
1456 3617 1680 3686 φάσκων
1753 3615 1850 3679 τὰς

275 3708 559 3778 βασιλικάς
581 3708 674 3760 τὸν
696 3707 924 3762 Πιλάτου
950 3707 1164 3779 νύκτωρ
1193 3707 1250 3759 ἐν
1276 3705 1354 3776 τῷ
1391 3705 1520 3778 ἱερῷ
1551 3704 1846 3769 ἀναθεῖναι,

272 3800 448 3871 ἀρχήν
479 3817 538 3852 τε
566 3798 805 3852 στάσεων
835 3799 928 3852 καὶ
955 3797 1246 3869 συμφορῶν
1273 3797 1587 3867 ἐπαλλήλων
1616 3795 1673 3861 ἐξ
1706 3796 1848 3850 ἐκεί-

273 3909 366 3944 νου
416 3893 527 3954 τοῖς
582 3891 854 3954 Ἰουδαίοις
898 3891 1214 3962 συμπεσεῖν.
1249 3890 1368 3944 ι-Ού
1452 3888 1690 3943 διέλιπον
1757 3884 1849 3942 οὖν

275 3984 460 4037 ἔκτοτε
507 3984 566 4037 τὸ
621 3985 729 4037 πᾶν
783 3983 932 4046 ἔθνος
984 3984 1078 4037 καὶ
1129 3983 1227 4054 τὴν
1289 3982 1618 4054 μητρόπολιν
1671 3981 1850 4035 αὐτῶν

274 4073 546 4127 παντοίων
603 4075 787 4128 κακῶν
854 4073 1250 4138 ἐπαναστάσεις
1307 4073 1412 4138 ἐως
1463 4073 1554 4126 τοῦ
1617 4074 1848 4127 ὑστάτου

273 4168 394 4219 κατ’
436 4167 614 4220 αὐτῶν
658 4166 915 4237 πολέμου.
959 4167 1054 4218 καὶ
1095 4166 1195 4236 τῆς
1233 4166 1466 4236 ἐσχάτης
1511 4165 1847 4236 πολιορκίας,

273 4258 396 4313 καθ’
433 4261 498 4330 ἢν
525 4259 800 4323 παντοίοις
832 4260 1192 4330 ἀφανισμοῖς,
1239 4259 1398 4329 λιμοῦ
1432 4277 1489 4312 τε
1533 4259 1625 4312 καὶ
1661 4257 1848 4329 λοιμοῦ

274 4353 367 4403 καὶ
411 4352 706 4423 μαχαίρας,
737 4349 1176 4422 καταποντισμού
1217 4351 1370 4421 δίκην
1397 4349 1489 4403 τοῦ
1517 4352 1636 4405 κατ’
1670 4350 1849 4402 αὐτῶν

269 4443 494 4514 ὀλέθρου
521 4444 936 4517 συρρεύσαντος,
973 4444 1171 4507 πάντες
1203 4445 1251 4496 οἱ
1283 4445 1720 4506 κατασυστάντες
1754 4442 1848 4496 τοῦ

1957 3248 2157 3304 Eodem
2180 3249 2325 3304 enim
2348 3256 2592 3318 tempore
2621 3257 2676 3303 et
2707 3249 2992 3302 oraculum
3024 3247 3160 3302 illud
3193 3247 3524 3317 completum

1955 3347 2038 3396 est
2073 3360 2084 3394 :
2124 3360 2142 3392 ι
2191 3339 2257 3396 Ει
2309 3339 2657 3394 conﬁrmabit
2715 3347 2933 3409 pactum
2991 3339 3180 3394 multis
3227 3339 3526 3392 hebdomas

1957 3448 2087 3498 una,
2120 3442 2174 3488 et
2225 3448 2346 3503 qua?
2397 3433 2463 3486 ad
2493 3431 2660 3487 Vetus
2683 3431 3092 3486 Testamentum
3125 3437 3372 3500 spectant
3396 3431 3518 3485 sub~

1956 3524 2062 3578 lata
2095 3533 2242 3580 sunt.
2279 3545 2297 3578 ι
2331 3526 2598 3580 Οιειειιιιιι
2624 3525 2844 3594 quando
2881 3523 3100 3579 tandem
3147 3539 3269 3594 qua:
3315 3523 3382 3578 ad
3418 3521 3530 3576 No-

1954 3631 2082 3670 vum
2139 3617 2412 3686 pertinent
2435 3601 2848 3671 Testamentum
2883 3623 3013 3671 sunt
3041 3614 3384 3678 conﬁrmata,
3416 3615 3524 3670 nisi

1955 3721 2080 3760 cum
2112 3704 2362 3760 Salvator
2391 3721 2453 3761 ac
2479 3704 2742 3759 Dominus
2777 3713 2964 3760 noster
2996 3721 3193 3776 magno
3227 3705 3320 3758 illo
3349 3706 3434 3760 sui
3458 3705 3525 3759 ad

1956 3809 2182 3852 mortem
2231 3813 2488 3853 accessus
2545 3798 2805 3868 mysterio
2851 3797 3161 3861 functurus,
3213 3811 3322 3868 qua
3367 3808 3528 3852 nocte

1956 3891 2297 3955 tradebatur,
2339 3891 2680 3947 occultarum
2731 3897 2787 3946 ct
2815 3890 2883 3944 ad
2932 3891 3111 3960 ipsum
3161 3889 3526 3960 spectantium

1956 3981 2091 4036 Novi
2134 3981 2467 4037 Testamenti
2497 3983 2772 4035 rationum
2806 3981 2961 4053 signa
2994 3989 3048 4036 ct
3079 3989 3236 4037 notas
3283 3981 3400 4036 suis
3441 3979 3526 4034 di~

1956 4074 2183 4143 scipulis
2221 4073 2480 4128 tradidit?
2511 4075 2700 4130 eodem
2735 4073 2880 4127 enim
2914 4082 3157 4142 tempore
3185 4079 3238 4127 ει
3268 4071 3383 4126 haec
3410 4086 3530 4142 per-

1959 4165 2095 4221 tecta
2127 4173 2277 4229 sunt,
2321 4174 2376 4222 et
2409 4181 2439 4220 a
2474 4165 2623 4222 Mose
2653 4165 2989 4235 descriptum
3021 4163 3187 4230 Vetus
3218 4163 3532 4227 Testamen-

1957 4267 2068 4310 tum
2100 4259 2373 4312 sublatum
2416 4268 2518 4322 est,
2550 4274 2712 4329 quam
2764 4276 2878 4315 rem
2909 4259 3068 4330 plane
3098 4257 3396 4313 declaravit
3437 4271 3530 4311 ve-

1956 4349 2065 4402 lum
2103 4350 2284 4418 templi
2307 4351 2448 4420 quod
2473 4366 2569 4421 per
2596 4351 2737 4406 idem
2765 4361 2986 4428 tempus.
3003 4349 3235 4405 scissum
3258 4356 3360 4405 est.
3385 4347 3529 4402 Sub-

1956 4441 2068 4494 lato
2121 4441 2286 4512 igitur
2320 4457 2388 4497 ex
2436 4443 2530 4497 illo
2563 4444 2844 4522 deinceps,
2874 4454 2934 4511 ct
2961 4460 3070 4499 non
3100 4444 3373 4506 minusre
3400 4456 3525 4500 vera

272 4535 528 4606 Σωτῆρος
559 4533 720 4606 ἡμῶν
758 4534 956 4606 ἡϐηδὸν
982 4535 1321 4602 ἐξεκόπησαν
1341 4552 1353 4564 ·
1389 4537 1478 4588 ὅτε
1505 4536 1600 4588 καὶ
1632 4534 1692 4588 τὸ
1729 4532 1852 4603 βδέ-

1959 4549 2122 4602 quam
2153 4536 2204 4588 vi
2231 4575 2245 4595 .
2285 4536 2465 4590 soluto
2509 4537 2878 4604 sacriﬁcioqac
2907 4537 3186 4599 libatione,
3224 4549 3344 4604 qua:
3371 4539 3527 4603 post-

269 4624 456 4697 λυγμα
495 4627 596 4696 τῆς
627 4627 963 4698 ἐρημώσεως
992 4627 1083 4680 ἐπὶ
1116 4627 1176 4680 τὸ
1211 4627 1354 4698 ἱερὸν
1393 4626 1544 4696 ἔστη,
1582 4625 1610 4678 ὃ
1635 4625 1731 4680 καὶ
1770 4628 1848 4688 εἰς

265 4717 431 4789 δεῦρο
478 4718 772 4788 διέμεινεν,
829 4719 1096 4791 ὁσημέραι
1156 4719 1247 4771 ἐπὶ
1289 4719 1350 4771 τὸ
1390 4722 1571 4789 χεῖρον
1612 4718 1848 4789 ἐρημίας

265 4808 512 4862 ἐλαύνον.
555 4810 715 4873 Εἰκὸς
745 4811 802 4863 δέ
835 4812 929 4863 καὶ
968 4810 1253 4864 ἐπιτείνειν
1281 4810 1414 4862 αὐτὸ
1440 4810 1598 4881 μέχρι
1626 4810 1725 4880 τῆς
1753 4809 1845 4862 τοῦ

269 4901 389 4971 βίου
416 4901 739 4966 συντελείας,
774 4901 917 4955 κατὰ
944 4903 1034 4956 τὸν
1067 4902 1172 4956 ὑπὸ
1207 4902 1307 4971 τῆς
1345 4902 1680 4974 προφητείας
1721 4903 1850 4956 ἀπο-

267 4993 544 5061 φανθέντα
569 4995 728 5066 ὅρον,
801 4995 1085 5065 φήσανταο
1162 5013 1180 5045 ι
1215 4995 1328 5048 Καὶ
1379 4993 1482 5057 ἓως
1540 4994 1847 5059 συντελείας

270 5085 464 5156 καιροῦ
518 5086 794 5140 συντέλεια
853 5086 1137 5157 δοθήσεται
1192 5087 1283 5138 ἐπὶ
1312 5085 1410 5156 τὴν
1476 5087 1784 5156 ἐρήμωσιν·
1823 5108 1842 5140 ι

270 5179 458 5246 ἥντινα
505 5178 690 5249 φωνήν
742 5181 771 5232 6
815 5177 1005 5248 Σωτὴρ
1057 5177 1149 5230 καὶ
1187 5177 1391 5248 Κύριος
1443 5177 1598 5248 ἡμῶν
1640 5177 1846 5248 Ἰησοῦς

271 5269 300 5319 ό
323 5270 554 5341 Χριστὸς
599 5269 1042 5339 ἐπεσφραγίσατο
1070 5267 1237 5321 εἰπών
1257 5281 1270 5294 ⁸
1331 5269 1480 5319 «”οτ’
1518 5267 1584 5338 διν
1609 5268 1663 5320 δὲ
1701 5267 1847 5340 ἴδητε

274 5359 332 5412 τὸ
373 5360 647 5431 βδέλυγμα
686 5360 784 5430 τῆς
836 5356 1198 5431 ἐρημώσεως,
1233 5359 1294 5411 τὸ
1337 5358 1496 5430 ῥηθὲν
1535 5358 1624 5415 διὰ
1652 5359 1848 5430 Δανιὴλ

274 5452 361 5505 τοῦ
388 5454 694 5525 προφήτου,
724 5450 893 5516 ἐστὼς
929 5454 986 5505 ἐν
1007 5451 1156 5521 τόπῳ
1185 5451 1344 5522 ἁγίῳ,
1379 5451 1498 5505 τότε
1526 5449 1841 5519 γινώσκετε,

271 5544 348 5599 ("at
389 5547 622 5618 ήγγικεν
667 5547 700 5616 ή
743 5545 1020 5616 ἐρήμωσις
1065 5543 1252 5612 αὐτῆς.
1293 5561 1309 5592 ι
1343 5543 1404 5595 ΕΞ
1450 5542 1504 5595 δέ
1543 5542 1845 5606 δυσπίστως

333 5726 378 5760 ἰ
421 5723 620 5781 Matth.
651 5739 828 5792 mu,
863 5721 952 5780 '58.
1012 5724 1054 5757 ⁹¹
1095 5720 1255 5778 Joan.
1290 5739 1344 5791 ι,
1370 5721 1462 5777 29.

1957 4624 2060 4678 hac
2111 4626 2580 4704 existimabantur.
2623 4628 2733 4705 illic
2794 4628 2978 4698 perﬁci
3043 4627 3312 4684 sacriﬁcia
3343 4666 3357 4689 ,
3409 4624 3530 4680 sine

1956 4716 2150 4786 gratia,
2183 4718 2348 4772 rebus
2378 4721 2552 4790 sacris
2577 4720 2760 4796 aliena
2782 4759 2796 4784 ,
2831 4720 2885 4773 in
2919 4719 3150 4789 profrno
3186 4719 3305 4773 loco
3335 4731 3366 4770 a
3402 4731 3530 4786 pro—

1956 4806 2100 4864 fanis
2128 4817 2232 4878 et_a
2268 4825 2327 4890 re
2365 4826 2522 4884 sacra
2550 4812 2744 4866 alienis
2775 4810 3220 4882 perﬁciebantur.
3258 4810 3526 4865 Caaterum

1956 4896 2041 4952 his
2069 4897 2138 4951 de
2187 4900 2349 4977 rebus
2393 4902 2555 4956 etiam
2610 4899 2829 4971 Iosephi
2880 4899 3254 4956 testimonium
3287 4898 3473 4966 accipe
3507 4917 3523 4950 ς

1960 5009 1978 5040 ‹
2017 4990 2136 5070 Ipso
2191 5001 2368 5048 autem
2419 4993 2504 5048 die
2539 4981 2893 5050 Pentecostes
2936 5002 3101 5062 noctu
3133 4992 3444 5050 sacerdotes
3470 4993 3526 5047 in

1956 5087 2214 5158 templum
2250 5087 2506 5157 ingressi,
2543 5090 2684 5143 sicut
2729 5089 2811 5145 eis
2857 5104 2976 5145 mos
3006 5095 3148 5152 erat,
3178 5088 3248 5142 ad
3297 5100 3525 5139 munera

1953 5177 2224 5247 obeunda,
2247 5179 2479 5249 primum
2503 5181 2719 5251 quidem
2752 5196 2810 5236 se
2837 5188 3045 5236 motum
3070 5179 3359 5250 quemdam
3391 5184 3525 5233 stre-

1954 5268 2238 5338 pitumque
2282 5271 2524 5326 sensisse
2570 5272 2845 5334 dixerunt,
2883 5271 3079 5326 deinde
3129 5284 3258 5323 vero
3289 5267 3525 5322 subitam

1954 5373 2143 5414 vocem
2187 5363 2384 5417 crebro
2424 5371 2787 5434 repetentem,
2825 5363 3110 5433 Migrentus
3152 5361 3292 5415 hinc.
3344 5379 3363 5412 ι
3402 5357 3528 5413 llaec

1954 5459 2134 5506 autem
2165 5452 2256 5508 ille
2304 5455 2496 5510 scribit
2537 5455 2676 5510 facta
2711 5472 2833 5512 esse
2860 5464 2983 5526 post
3011 5455 3316 5508 Salvatoris
3347 5458 3523 5506 nostra

1957 5553 2205 5600 mortem.
2234 5544 2450 5602 Rursus
2483 5548 2620 5603 idem
2643 5548 2715 5601 ait
2743 5568 2753 5601 :
2778 5568 2794 5600 ι
2825 5546 3056 5603 Pilatum
3088 5547 3428 5618 przcsidemn
3457 5545 3531 5614 ip-
