3908 6266
463 273 562 332 631

463 412 586 450 sum
620 397 806 467 utique
826 396 976 452 illum
995 396 1086 467 qui
1112 407 1354 468 tempore
1377 396 1677 454 Salvatoris
1698 399 1870 454 nostri
1895 413 2033 468 prae-
2061 432 2106 489 Α

464 485 588 551 fuit,
619 505 637 539 ι
663 494 825 543 noctu
842 488 896 542 in
920 488 1172 558 templum
1203 496 1391 542 contra
1407 487 1488 544 Fas
1517 489 1781 559 imagines
1800 488 2031 547 Caesaris

464 579 736 645 intulisse,
758 578 919 651 403
942 595 1303 650 magnamque
1326 582 1785 651 perturbationem
1807 584 2031 639 seditio-

464 670 550 726 nis
593 681 754 741 atque
779 671 1045 726 tumultus
1072 669 1276 727 Judaeis
1310 672 1588 743 injecisse.
1624 693 1641 726 ι
1677 672 1877 730 Eadem
1917 675 2030 731 haec

460 764 622 815 etiam
672 761 828 820 Philo
873 763 1181 827 confirmat,
1217 766 1309 837 qui
1359 770 1483 823 ait:
1533 766 1731 838 Regias
1767 769 2029 841 imagines

461 853 695 910 Pilatum
728 863 898 911 noctu
932 857 986 912 in
1028 858 1231 929 templo
1264 859 1499 922 dicasse,
1527 859 1851 930 initiumque
1878 861 2027 918 sedi-

458 948 666 1003 tionum
711 956 766 1006 et
799 958 1111 1006 mutuarum
1168 953 1307 1007 inter
1358 952 1507 1023 ipsos
1540 953 1930 1020 calamitatum,
1959 971 2026 1010 ex

457 1038 549 1093 illo
580 1036 784 1096 Iudaeis
815 1041 1105 1099 accidisse.
1139 1041 1258 1097 Non
1294 1041 1577 1099 desierunt
1626 1058 1755 1114 ergo
1800 1045 2027 1116 posthac

452 1144 575 1199 quae
599 1130 908 1186 universam
937 1139 1148 1203 gentem
1177 1132 1601 1204 eorumdemqne
1621 1135 1917 1205 principem
1946 1136 2026 1190 ci-

454 1222 677 1279 vitatem
727 1223 1048 1280 invaderent
1083 1226 1261 1281 omnis
1295 1227 1512 1298 generis
1543 1228 1706 1291 mala,
1742 1244 1914 1298 usque
1956 1229 2022 1283 ad

459 1311 714 1366 ultimum
748 1315 880 1369 illud
906 1315 1050 1385 quod
1083 1325 1272 1369 contra
1302 1315 1425 1370 illos
1449 1322 1657 1386 gestum
1685 1324 1770 1371 est
1798 1317 2018 1379 bellum,

452 1404 1021 1473 extremamqueillam
1038 1403 1393 1467 obsidionem,
1410 1406 1463 1459 in
1485 1420 1589 1476 qua
1603 1405 1782 1461 omnis
1804 1406 2020 1475 generis

451 1491 921 1551 internecionibus
946 1534 961 1559 ,
997 1505 1050 1550 et
1081 1495 1240 1553 famis
1286 1506 1339 1551 et
1379 1497 1722 1568 pestilentiae,
1747 1505 1801 1552 et
1832 1497 2016 1567 gladii,

450 1598 573 1637 cum
597 1585 865 1657 pernicies
887 1587 1149 1644 adversus
1164 1602 1259 1644 eos
1273 1589 1462 1644 diluvii
1481 1588 1655 1644 instar
1687 1587 1981 1645 conflueret
1999 1629 2013 1651 ,

450 1691 641 1733 omnes
659 1679 969 1751 quicunque
980 1679 1242 1737 adversus
1258 1679 1591 1736 Salvatorem
1619 1690 1863 1737 nostrum
1884 1697 2015 1736 con-

1103 278 1369 335 EUSEBII
1404 277 1887 335 CESARIENSIS
1926 279 2075 335 OPP.
2120 279 2301 335 PARS
2342 278 2403 334 ll.
2436 313 2506 321 ——
2542 279 3041 339 APOLOGETICA.

3571 289 3657 345 632

2134 399 2271 472 πρὸς
2298 398 2469 454 ταῦτα
2491 399 2662 472 έχοιεν
2685 401 2734 453 oi
2763 401 2827 454 ἐκ
2854 400 3169 472 περιτομῆς,
3199 399 3468 468 ἐλεγκτέον
3490 401 3654 466 αὐτοὺς

2137 492 2211 563 μὴ
2251 491 2409 563 μόνον
2437 491 2669 557 ἀναιδῶς
2705 492 2841 564 πρὸς
2874 491 2942 545 τὰ
2973 491 3146 564 ἀληθῆ
3184 491 3277 546 καὶ
3311 492 3503 564 ἐναργῆ
3532 494 3659 550 ίσται

2134 582 2361 654 μένους,
2412 582 2549 637 ἀλλὰ
2593 584 2688 637 καὶ
2738 582 2838 648 τὰς
2886 584 3218 656 προρρήσεις
3253 582 3571 653 ὡςψευδεῖς.
3606 585 3657 641 τὺ

2129 676 2250 728 ὅσον
2299 675 2386 728 ἐπ’
2432 675 2645 739 αὐτοῖς,
2707 673 3086 739 διαϐάλλοντας
3108 715 3123 740 ,
3187 675 3300 743 εἷγε
3344 674 3399 727 αἱ
3454 676 3542 745 μὲν
3591 678 3657 742 sic

2129 766 2495 838 ἐϐδομήκοντα
2533 767 2827 839 ἑϐδομάδας
2851 766 2987 821 ἐτῶν
3008 768 3100 821 τὸν
3129 767 3305 821 πάντα
3325 766 3657 839 περιορίζουσι

2127 858 2335 930 χρόνον,
2369 858 2437 912 τὰ
2464 861 2521 912 ἐν
2552 859 2630 930 τῷ
2663 859 2864 931 μεταξὺ
2903 857 3289 931 συμϐησόμενα
3321 857 3655 923 θεσπίζουσαν

2127 951 2183 1004 αἱ
2225 950 2301 1014 δέ,
2345 950 2525 1021 σχεδὸν
2557 950 2655 1023 ἤδη
2690 948 2958 1021 χιλιοστοῦ
3004 950 3157 1014 ἔτους
3197 947 3305 1003 ἀπὸ
3343 948 3441 1020 τῆς
3471 966 3658 1021 προφη-

2125 1041 2273 1106 τείας
2313 1041 2409 1095 καὶ
2445 1042 2524 1105 εἰς
2553 1042 2702 1113 ἡμᾶς
2741 1040 3078 1105 ἐλαύνοντος,
3122 1039 3275 1093 οὐδὲν
3305 1039 3409 1093 τῶν
3438 1055 3658 1110 γεγραμ-

2128 1130 2302 1201 μένων
2333 1131 2553 1200 γεγονὸς
2584 1130 3003 1195 ἐπιδείκνυνται,
3035 1131 3209 1184 καίτοι
3229 1127 3657 1201 ἐξολοθρευθέντθς

2123 1222 2300 1275 αὐτῶν
2347 1222 2440 1276 τοῦ
2477 1222 2809 1295 χρίσματος,
2849 1221 2992 1276 κατὰ
3040 1220 3138 1293 τὴν
3181 1220 3328 1275 θείαν
3367 1219 3654 1292 πρόρρησιν,

2123 1310 2329 1365 καὶτοῦ
2359 1312 2701 1383 ἀγιάσματος
2736 1311 2934 1377 αὐτῶν,
2961 1312 3058 1364 καὶ
3099 1310 3205 1364 τῶν
3232 1309 3360 1380 πρὶν
3391 1309 3657 1381 οἰκητόρων

2120 1403 2523 1475 διαφθαρέντων
2571 1405 2667 1459 καὶ¹
2703 1404 3041 1458 ἐκκοπέντων
3076 1405 3133 1456 ἐν
3175 1400 3531 1471 κατακλυσμῷ
3572 1419 3656 1455 που

2119 1496 2285 1567 λέμου
2316 1513 2583 1569 συντετμη
2595 1496 2752 1568 μένου
2781 1497 3123 1567 ἀφανισμοῖς,
3153 1495 3244 1549 καὶ
3268 1494 3362 1548 τοῦ
3387 1511 3447 1563 γε
3472 1495 3655 1549 πάντων

2120 1587 2550 1659 παραδοξοτάτου
2603 1588 2767 1642 είσέτι
2816 1586 2909 1641 νῦν
2960 1587 3147 1642 αὐτόθι
3197 1586 3495 1658 ὁρωμένουο
3537 1584 3656 1653 λέγω

2118 1678 2180 1751 δὴ
2210 1678 2303 1733 τοῦ
2335 1678 2697 1751 βδελύγματος
2730 1680 2829 1751 τῆς
2866 1677 3199 1751 ἐρημώσεως
3228 1679 3308 1740 είς
3335 1675 3485 1747 δεῦρο
3514 1674 3655 1729 ἐστῶ-

450 1766 808 1835 spiraverant,
840 1770 1218 1842 cujuscunque
1236 1781 1420 1828 essent
1436 1773 1631 1839 aetatis,
1656 1774 1821 1829 excisi
1847 1782 1973 1828 sunt
1998 1793 2010 1829 :

2117 1787 2207 1834 τος
2235 1771 2292 1824 ἐν
2319 1770 2398 1842 τῷ
2427 1771 2556 1843 πρὶν
2586 1770 2728 1843 ἁγίῳ
2751 1771 2927 1843 τόπῳ,
2959 1770 3090 1842 περὶ
3110 1764 3172 1825 οὗ
3201 1769 3299 1823 καὶ
3324 1771 3353 1823 ό
3377 1766 3554 1840 Σωτὴρ
3576 1766 3656 1821 καὶ

446 1873 555 1928 quo
578 1874 710 1916 sane
735 1868 977 1933 tempore
1001 1863 1163 1919 etiam
1193 1863 1548 1921 desolationis
1565 1865 1709 1921 illius
1734 1866 2012 1921 abomina-

2116 1860 2318 1933 Κύριος
2352 1864 2384 1933 ἡ
2396 1861 2509 1932 μῶν
2534 1861 2633 1926 τὰς
2667 1861 2983 1927 ἐκτεθείσας
3026 1861 3310 1933 προήκατο
3349 1859 3536 1929 φωνάς.
3570 1852 3654 1912 ’Ὧν

448 1952 521 2005 tio
543 1952 596 2005 in
631 1953 832 2024 templo
853 1955 1158 2019 constituit,
1178 1973 1298 2026 qua:
1332 1957 1550 2028 quidem
1577 1957 1642 2011 ad
1667 1958 1813 2012 hunc
1842 1973 2012 2028 usque

2114 1952 2300 2023 σαφῶς
2338 1953 2434 2006 ὑπ’
2474 1953 2776 2025 ὀφθαλμοῖς
2828 1953 3119 2026 ὁρωμένων
3179 1954 3312 2024 ἡμῖν
3356 1950 3512 2004 εἰσέτι
3552 1948 3651 2013 νῦν,

444 2041 587 2096 diem
624 2046 924 2114 permansit
963 2046 1192 2117 singulis
1221 2048 1413 2104 diebus
1446 2049 1501 2103 in
1531 2046 1855 2104 deteriorem
1882 2048 2012 2103 soli-

2114 2046 2390 2117 θαυμάσαι
2418 2045 2533 2100 ἐστι
2567 2046 2696 2110 τοὺς
2728 2049 2792 2100 ἐκ
2833 2045 3168 2117 περιτομῆς,
3197 2045 3300 2116 οὐχ
3328 2041 3493 2107 οὕτως
3528 2042 3652 2103 ἀντι·

446 2137 689 2193 tndinem
719 2153 1003 2195 corruens.
1052 2138 1159 2195 Par
1195 2149 1375 2196 autem
1408 2151 1492 2196 est
1523 2155 1642 2196 eam
1690 2140 1875 2196 itidem
1919 2157 2010 2197 ns-

2113 2137 2332 2192 ϐλέπειν
2363 2140 2476 2203 τοῖς
2498 2139 2748 2209 ἐναργέσι
2775 2137 3107 2209 τολμῶντας,
3137 2138 3260 2191 ὅσον
3284 2135 3651 2199 ἁϐλεπτοῦντας

442 2244 548 2296 que
595 2227 660 2282 ad
708 2229 833 2285 vitae
882 2231 1408 2287 consummationem
1463 2232 1804 2295 duraturam,
1852 2230 2009 2301 juxta

2113 2233 2204 2286 καὶ
2239 2231 2338 2304 τὴν
2375 2231 2612 2287 διάνοιαν
2667 2230 3104 2302 ἐσκοτωμένους,
3156 2228 3295 2300 πρὸς
3328 2228 3388 2281 τὸ
3435 2227 3503 2299 μὴ
3538 2227 3651 2300 όρᾷν

440 2317 731 2372 terminum
761 2335 921 2389 quem
954 2321 1243 2391 prophetia
1275 2323 1629 2385 indicaverat,
1653 2322 1760 2376 illis
1784 2322 2004 2378 verbis:

442 2425 464 2458 ι
502 2409 765 2480 litusque
794 2411 860 2466 ad
896 2414 1423 2483 consummationem
1459 2415 1722 2485 temporis
1746 2429 2008 2470 consum-

436 2500 604 2555 matio
634 2499 854 2557 dabitur
894 2502 947 2557 in
998 2503 1371 2571 solitudinem,
1410 2523 1430 2557 υ
1462 2519 1626 2574 quam
1658 2519 1848 2560 vocem
1886 2504 2007 2559 Salo

434 2600 592 2648 vator
618 2608 684 2649 ac
724 2592 990 2654 Dominus
1021 2604 1207 2652 noster
1250 2593 1409 2652 Jesus
1439 2595 1693 2652 Christus
1721 2598 1879 2667 quasi
1925 2598 2004 2652 si-

431 2699 540 2755 gno
595 2684 862 2756 impresso
912 2687 1255 2742 conﬁrmavit
1308 2687 1498 2743 dicens
1535 2706 1549 2742 :
1589 2706 1607 2740 ι
1651 2686 1788 2743 Cum
1820 2696 2001 2743 autem

438 2777 677 2833 videritis
706 2779 1168 2835 aliominationem
1196 2779 1572 2845 desolationis,
1598 2795 1720 2850 qua:
1747 2779 1895 2834 dicta
1918 2787 2003 2836 est

432 2885 528 2940 per
558 2868 833 2925 Danielem
871 2870 1187 2941 prOphetam
1228 2878 1461 2926 stantem
1503 2871 1556 2926 in
1606 2872 1726 2927 loco
1758 2881 1951 2927 sancto
1983 2890 1997 2927 :

432 2966 562 3014 tunc
583 2961 777 3015 scitote
799 2961 944 3030 quod
971 2961 1428 3031 apprOpinquavit
1451 2960 1718 3017 desolatio
1740 2963 1860 3032 ejus
1882 2964 1946 3017 ".
1974 2982 1992 3016 ι

429 3051 585 3118 Quod
615 3054 661 3107 si
688 3051 860 3108 Judaei
891 3068 999 3107 non
1025 3055 1246 3109 credere
1274 3070 1332 3110 se
1357 3053 1461 3109 ista
1490 3054 1878 3125 respondeant,
1909 3070 2000 3110 ar-

429 3143 626 3213 guendi
674 3153 801 3199 sunt
838 3154 1096 3216 tanquam
1127 3146 1185 3209 ii,
1216 3146 1308 3216 qui
1349 3160 1459 3201 non
1490 3148 1665 3202 solum
1712 3149 1997 3219 impuden-
2025 3136 2067 3193 ί)

429 3243 513 3290 ter
555 3236 719 3293 rebus
748 3238 891 3294 veris
919 3254 982 3293 ac
1007 3239 1311 3298 manifestis
1342 3249 1665 3313 repugnent,
1703 3242 1797 3297 sed
1826 3243 1991 3297 etiam

423 3328 681 3383 vaticinia
713 3345 813 3384 sua
837 3337 895 3384 nt
920 3330 1074 3397 falsa,
1101 3342 1363 3403 quantum
1390 3333 1445 3388 in
1471 3334 1606 3404 ipsis
1628 3339 1733 3400 est,
1783 3335 1993 3390 calum-

425 3420 665 3483 nientur,
720 3421 765 3477 si
811 3423 901 3477 illa
946 3423 1163 3493 quidem
1194 3425 1247 3478 in
1278 3441 1381 3480 Lxx
1401 3441 1666 3480 annorum
1699 3426 1993 3483 hebdoma-

422 3513 521 3570 das
560 3516 875 3572 universum
907 3526 1119 3588 tempus
1165 3517 1473 3581 includunt,
1504 3518 1633 3574 dum
1668 3532 1788 3588 qum
1824 3518 1991 3573 inter-

420 3607 605 3665 medio
633 3615 877 3678 tempore
923 3618 1183 3664 eventura
1233 3618 1361 3665 sunt
1397 3610 1690 3667 divinant:
1721 3612 1822 3682 ipsi
1863 3627 1994 3667 vero

422 3711 548 3757 eum
576 3698 687 3773 jam
716 3700 786 3756 ab
818 3700 933 3775 ipsa
954 3702 1237 3772 prophetia
1262 3717 1435 3773 usque
1456 3702 1521 3757 ad
1546 3718 1648 3759 nos
1678 3718 1845 3774 prope
1873 3704 1995 3757 mil-

2109 2325 2173 2378 τὰ
2209 2322 2352 2377 οὕτω
2397 2324 2544 2394 σαφῆ
2582 2324 2676 2378 καὶ⁸
2712 2323 2914 2394 ἐναργῆ
2954 2322 3063 2376 τῶν
3097 2321 3258 2374 θείων
3288 2319 3509 2393 Γραφῶν
3538 2319 3651 2371 ἀπο-

2105 2415 2439 2488 τελέσματα’
2489 2416 2519 2468 ὃ
2562 2416 2657 2468 καὶ
2704 2414 3004 2469 πεπόνθασι
3050 2412 3190 2467 κατὰ
3228 2411 3331 2484 τὴν
3378 2413 3454 2475 εἰς
3481 2409 3649 2471 αὐτοὺς

2108 2508 2212 2580 πλη
2223 2507 2482 2581 ρωθετσαν
2515 2508 2619 2563 κάν
2657 2506 2832 2578 τούτῳ
2869 2504 2963 2560 τοῦ
3001 2505 3219 2560 Ἦσαῖου
3274 2503 3472 2573 φωνὴν,
3501 2501 3559 2554 δι’
3593 2496 3650 2572 ἧς

2104 2600 2389 2655 ἐθέσπισεν
2426 2602 2627 2665 αὐτοῖς,
2676 2600 2873 2655 εἰπών·
2921 2601 3112 2670 «Ἄκοῇ
3157 2597 3453 2657 ἀκούσετε.
3486 2594 3571 2648 καὶ
3596 2594 3648 2646 οὐ

2108 2691 2182 2764 μὴ
2214 2693 2432 2764 συνῆτε,
2458 2694 2553 2747 καὶ
2585 2692 2872 2764 βλέποντες
2898 2691 3141 2763 βλέψετε,
3171 2690 3267 2743 καὶ
3307 2691 3365 2742 οὐ
3397 2688 3468 2760 μὴ
3494 2687 3643 2757 ἴδητε·

2103 2784 2380 2856 ἐπαχύνθη
2416 2783 2525 2856 γὰρ
2564 2786 2596 2855 ὴ
2630 2783 2826 2856 καρδία
2866 2782 2961 2837 τοῦ
2990 2782 3121 2835 λαοῦ
3158 2780 3385 2837 τούτου·
3431 2779 3518 2833 καὶ
3555 2779 3647 2839 τοῖς

2102 2876 2235 2930 ὠσὶν
2290 2875 2468 2930 αὐτῶν
2512 2876 2723 2948 βαρέως
2767 2877 3025 2948 ἤκουσαν,
3066 2874 3159 2927 καὶ
3200 2874 3333 2937 τοὺς
3370 2868 3645 2940 ὀφθαλμοὺς

2101 2967 2280 3023 αὐτῶν
2328 2969 2682 3040 ἐκάμμυσαν,
2734 2970 2943 3040 μήποτε
2992 2967 3142 3020 ἴδωσι
3192 2968 3309 3030 τοῖς
3358 2961 3642 3034 ὀφθαλμοῖς.

2100 3062 2194 3117 καὶ
2221 3061 2354 3115 ὠσὶν
2379 3060 2676 3127 ἀκούσωσι,
2703 3062 2797 3116 κα)⁵
2831 3064 2897 3133 τῇ
2929 3058 3126 3132 καρδίᾳ
3155 3058 3381 3121 συνῶσι,
3418 3057 3507 3111 καὶ
3535 3056 3642 3109 ἐπι-

2102 3151 2394 3223 στρέψωσι,
2448 3152 2544 3206 καὶ
2590 3152 2824 3223 ίάσωμαι
2878 3150 3095 3213 αὐτούς.
3145 3168 3164 3201 ι
3231 3147 3373 3202 Ἀλλ’
3414 3146 3526 3200 ἐπεὶ
3565 3144 3644 3199 καὶ

2100 3246 2227 3317 περὶ
2256 3244 2362 3299 τῶν
2406 3243 2842 3298 πεπιστευκότων
2885 3243 3054 3296 ἐθνῶν
3086 3244 3166 3306 εἰς
3198 3241 3293 3295 τὸν
3325 3236 3543 3312 Χριστὸν
3563 3234 3643 3290 τοῦ

2099 3335 2232 3390 Θεοῦ
2277 3337 2443 3392 πάλαι
2481 3336 2745 3408 πρότερον
2787 3335 2993 3407 εἴρητο·
3050 3354 3069 3385 ι
3105 3329 3199 3398 Οἷς
3251 3333 3356 3387 οὐκ
3395 3328 3642 3402 ἀνηγγέλη

2100 3428 2231 3498 περὶ
2285 3426 2450 3481 αὐτοῦ
2476 3468 2490 3491 ,
2541 3426 2793 3496 ὄψονται,
2847 3426 2939 3479 καὶ
2982 3426 3031 3478 οἳ
3074 3424 3174 3478 οὐκ
3211 3422 3497 3494 ἀκηκόασι,
3538 3435 3644 3472 συν-

2096 3522 2311 3593 ήσουσι,
2343 3525 2406 3593 τῇ
2442 3520 2605 3575 αὑτοῦ
2634 3522 2816 3592 χάριτι
2841 3521 2935 3574 καὶ
2950 3522 3013 3591 τῇ
3041 3518 3135 3572 τοῦ
3159 3518 3473 3588 πέμψαντος
3504 3512 3643 3567 αὐτὸν

2092 3616 2365 3687 Πατέρος,
2395 3634 2413 3667 ι
2449 3617 2611 3685 ἡμεῖς
2637 3632 2696 3667 τε
2729 3614 2871 3667 κατὰ
2898 3614 2957 3667 τὸ
2979 3612 3200 3666 δυνατὸν
3233 3613 3303 3665 τὰ
3323 3610 3547 3680 φανέντα
3574 3605 3642 3666 εἰς

2091 3708 2217 3771 τοὺς
2245 3709 2443 3771 τόπους
2477 3709 2797 3779 εἰρήκαμεν,
2828 3707 2922 3760 καὶ
2948 3705 3017 3758 τὰ
3044 3704 3121 3775 τῷ
3156 3704 3264 3774 πρὸ
3292 3701 3445 3774 ἡμῶν
3480 3701 3641 3768 Ἀφρι-

417 3790 643 3852 losimus
670 3800 862 3862 agatur
881 3808 1081 3856 annus,
1112 3793 1248 3848 nihil
1273 3811 1463 3851 eorum
1495 3811 1616 3865 qua:
1641 3797 1845 3866 scripta
1867 3805 1993 3850 sunt

2113 3798 2240 3871 ιανῷ
2282 3800 2637 3870 εὐγνωμόνως
2680 3799 2905 3866 δόξαντα
2954 3795 3383 3868 παρεθήκαμεν,
3433 3792 3641 3863 ἐχόμενα

419 3882 620 3941 factum
646 3899 766 3957 esse
799 3886 1199 3952 demonstrant,
1239 3889 1457 3943 tametsi
1501 3890 1743 3959 ipsorum
1780 3889 1989 3953 unctio,

2113 3891 2184 3944 ιαὶ
2243 3890 2382 3945 αὐτὰ
2430 3889 2713 3962 ἀκριϐείας
2738 3906 2751 3920 ο
2810 3888 2932 3942 ὅθεν
2982 3888 3078 3941 καὶ
3123 3888 3312 3950 αὐτοῖς
3357 3885 3430 3948 ὡς
3482 3881 3639 3942 καλῶς

414 3982 477 4030 ut
537 3975 779 4038 divinum
836 3978 1161 4048 przedixerat
1211 3980 1515 4053 oraculum,
1560 3979 1735 4035 deleta
1793 3988 1897 4043 est,
1940 3990 1994 4035 et

2113 3984 2270 4053 ζχουσι
2308 3982 2592 4053 χρηστέον.
3071 3964 3084 3973 ’

415 4078 665 4124 sanctum
696 4074 1011 4137 eorumdem
1037 4089 1144 4127 una
1166 4089 1289 4129 eum
1318 4051 1595 4145 prioribus
1658 4075 1856 4131 incolis
1911 4076 2267 4147 disperditum
2300 4087 2463 4147 atque.
2495 4077 2740 4132 excisum
2782 4076 2837 4131 in
2875 4075 3082 4132 diluvio
3109 4075 3237 4131 belli
3275 4070 3532 4130 contracti
3566 4070 3638 4122 in-

412 4163 841 4230 teruecionibus,
864 4171 919 4220 et
948 4165 1003 4219 in
1026 4180 1091 4220 eo
1117 4166 1237 4235 loco
1266 4168 1442 4223 adhuc
1461 4170 1727 4249 cernitur,
1756 4169 1809 4239 id
1837 4170 1981 4240 quod
2041 4172 2285 4226 omnium
2350 4172 2765 4226 admirationem
2798 4178 3056 4241 superat:
3084 4171 3208 4226 dico
3241 4178 3420 4226 autem
3454 4165 3637 4223 abomi-

412 4255 688 4311 nationem
707 4257 1059 4314 desolationis
1081 4258 1259 4312 adhuc
1281 4267 1426 4329 stare
1451 4275 1517 4315 eo
1543 4260 1598 4314 in
1624 4260 1744 4315 loco
1773 4261 1868 4331 qui
1896 4270 2055 4319 antea
2078 4271 2304 4318 sanctus
2324 4270 2461 4330 erat,
2481 4279 2589 4334 qua
2619 4265 2687 4319 de
2702 4279 2761 4319 re
2782 4264 2946 4318 etiam
3002 4262 3253 4320 Salvator
3278 4280 3344 4319 ac
3398 4262 3635 4317 Dominus

410 4353 601 4401 noster
636 4348 880 4418 exposita
929 4366 1104 4422 nuper
1159 4352 1323 4407 verba
1370 4353 1695 4407 enuntiavit.
1725 4351 1857 4429 Quae
1885 4354 2101 4435 quidem
2130 4371 2218 4411 res
2243 4371 2366 4411 cum
2426 4356 2745 4425 planissime
2777 4357 2880 4413 sub
2908 4360 3100 4415 oculos
3124 4360 3281 4415 nobis
3335 4356 3493 4435 406.
3520 4354 3636 4411 sub-

404 4438 564 4513 jectae
584 4440 716 4505 sint,
744 4449 908 4513 atque
937 4444 1100 4499 etiam
1127 4460 1275 4500 nunc
1301 4454 1613 4512 cernantur,
1644 4443 1860 4502 Iudaeos
1889 4447 2147 4525 admirari
2172 4463 2350 4518 operte
2380 4450 2614 4518 pretium
2643 4457 2747 4513 est,
2783 4466 2891 4505 non
2926 4460 3032 4506 tam
3094 4453 3242 4523 quod
3306 4453 3557 4511 adversus
3581 4463 3635 4503 ea

409 4553 530 4610 quae
552 4538 625 4592 ita
642 4540 930 4611 perspicua
951 4549 1078 4595 sunt
1099 4541 1377 4597 intendere
1403 4543 1590 4598 oculos
1612 4545 1867 4615 audeant,
1921 4560 2083 4615 quam
2115 4546 2259 4616 quod
2319 4547 2392 4600 ita
2416 4548 2670 4618 ealigent,
2707 4563 3006 4620 eorumque
3043 4566 3199 4607 mens
3237 4550 3314 4604 ita
3355 4549 3637 4604 involvatur

409 4633 670 4701 tenebris,
699 4641 758 4690 ut
784 4651 896 4692 non
924 4636 1145 4693 videant
1173 4654 1259 4702 ea,
1283 4654 1400 4709 quae
1426 4649 1535 4693 tam
1564 4641 1711 4695 clara
1740 4652 1960 4716 tamque
1996 4643 2265 4721 evidentia
2295 4652 2424 4699 sunt
2475 4644 2780 4699 divinarum
2840 4643 3251 4716 Seripturarum
3278 4657 3486 4711 eventa,
3506 4638 3633 4713 quod

405 4728 627 4800 quidem
676 4729 758 4786 eis
806 4733 1105 4789 secundum
1150 4734 1297 4788 illam
1331 4732 1484 4790 Isaia:
1515 4751 1727 4803 vocem,
1758 4739 1884 4806 quae
1917 4736 1972 4791 in
2011 4738 2114 4793 hoc
2136 4753 2352 4808 quoque
2382 4738 2646 4794 adversus
2676 4739 2798 4793 illos
2853 4739 3121 4808 completa
3182 4751 3286 4799 est.
3316 4738 3527 4800 accidit,
3551 4731 3630 4792 ubi

405 4822 578 4876 utitur
616 4822 723 4879 illis
748 4825 928 4883 verbis
961 4844 975 4881 :
1014 4844 1033 4878 ι
1075 4826 1278 4881 Auditu
1308 4825 1576 4891 audietis,
1609 4838 1662 4882 et
1732 4844 1839 4906 non
1882 4829 2191 4900 intelligetis
2228 4848 2241 4884 :
2275 4838 2331 4886 et
2365 4830 2638 4887 intuentes
2707 4830 3076 4893 intuebimini,
3124 4838 3178 4886 et
3210 4846 3318 4885 non
3361 4827 3629 4888 videbitis,

402 4933 653 4976 crassum
686 4922 833 4977 enim
867 4922 1068 4978 factum
1099 4931 1183 4980 est
1217 4939 1313 4979 cor
1347 4924 1533 4994 p0puli
1561 4924 1725 4994 hujus
1759 4944 1771 4979 :
1820 4932 1875 4980 et
1919 4927 2148 4981 auribus
2196 4927 2311 4982 suis
2350 4927 2588 4997 graviter
2650 4927 2963 4988 audierunt,
2996 4934 3051 4981 et
3081 4928 3272 4982 oculos
3339 4939 3466 4980 suos
3500 4922 3635 4974 clauo

402 5021 615 5077 serunt,
648 5030 717 5070 ne
760 5015 981 5091 quando
1027 5015 1245 5083 videant
1284 5018 1482 5085 oculis,
1516 5027 1572 5074 et
1616 5020 1844 5074 auribus
1876 5019 2122 5085 audiant,
2152 5029 2207 5074 et
2237 5021 2402 5076 corde
2466 5020 2793 5091 intelligant,
2828 5026 2882 5075 et
2942 5026 3353 5082 convertantur,
3389 5026 3441 5072 et
3463 5027 3629 5071 sanem

401 5123 497 5162 eos
526 5108 628 5165 ⁸³.»
676 5107 779 5165 Sed
815 5110 1071 5185 quoniam
1101 5110 1168 5168 de
1196 5114 1450 5183 gentibus
1478 5129 1599 5185 quae
1627 5114 1681 5168 in
1714 5113 1874 5193 ﬁdem
1912 5113 2119 5170 Christi
2145 5115 2238 5171 Dei
2269 5124 2538 5172 venerunt
2572 5117 2701 5170 olim
2764 5116 2919 5186 prius
2948 5114 3153 5169 dictum
3215 5114 3431 5171 fuerat:
3463 5129 3482 5180 ι
3516 5107 3633 5177 Qui-

403 5202 506 5258 bus
540 5206 852 5259 nuntiatum
886 5221 993 5261 non
1022 5212 1105 5270 est
1139 5206 1206 5261 de
1235 5206 1349 5270 illo,
1383 5209 1419 5264 ii
1446 5208 1730 5267 videbunt.
1766 5215 1821 5263 et
1842 5207 1935 5278 qui
1961 5221 2072 5262 non
2127 5208 2438 5273 audierunt,
2465 5209 2499 5263 ii
2543 5208 2845 5281 intelligent
2864 5211 2931 5274 “,
2971 5229 2990 5262 ›
3035 5227 3134 5267 nos
3164 5210 3293 5266 item
3318 5207 3463 5263 illius
3487 5212 3631 5272 atque

399 5290 542 5360 ejus,
574 5296 668 5362 qui
696 5295 846 5349 misit
877 5295 1053 5360 illum,
1080 5295 1258 5372 Patris
1284 5298 1574 5361 beneficio,
1608 5314 1705 5369 pro
1741 5298 1969 5365 viribus,
2009 5313 2131 5367 quae
2170 5300 2285 5354 visa
2327 5306 2457 5354 sunt
2521 5300 2750 5356 dicenda
2781 5301 2839 5357 in
2904 5301 3005 5356 hos
3046 5301 3196 5357 locos
3231 5301 3345 5372 jam
3393 5296 3627 5355 diximus.

400 5397 614 5439 necnon
658 5399 778 5452 quae
821 5368 1097 5457 Africano.
1142 5389 1442 5463 superioris
1468 5389 1647 5467 aetatis
1695 5388 1815 5441 viro
1882 5396 2012 5467 sunt
2047 5391 2184 5453 visa,
2227 5389 2304 5444 illi
2347 5389 2450 5461 ipsi
2482 5401 2703 5463 accepta
2752 5391 3051 5448 referentes
3117 5393 3489 5464 apposuimus,
3525 5398 3629 5459 qua:

401 5478 516 5547 ipsa
568 5491 785 5546 quoque
830 5478 1116 5550 diligenter
1167 5488 1330 5551 atque
1374 5489 1628 5558 accurate
1670 5481 1972 5556 excogitata
2013 5491 2141 5538 sunt
2178 5499 2190 5534 :
2225 5499 2393 5554 quare
2417 5485 2523 5542 illis
2553 5494 2611 5541 ut
2645 5486 2781 5542 bene
2814 5486 3051 5544 inventis
3072 5487 3472 5544 eritutendum.

473 5667 516 5695 ”
556 5664 688 5720 Luc.
724 5662 810 5722 xx:
836 5708 851 5733 ,
884 5670 973 5723 20.
1052 5674 1095 5706 νδ
1137 5672 1236 5730 lsa.
1278 5692 1361 5742 vi,
1401 5676 1484 5732 10.
1565 5677 1608 5709 9"
1650 5675 1807 5732 Rom.
1842 5694 1943 5748 xv,
1975 5679 2065 5737 9.1.
