3908 6266
478 286 586 342 635

1174 284 1443 341 EUSEBII
1480 284 1955 342 CIESARIENSIS
1993 285 2142 343 OPP.
2179 284 2361 340 PARS
2396 283 2461 342 ll.
2500 315 2572 326 —
2605 282 3101 342 APOLOGETICA.

3588 289 3672 344 656

474 398 620 472 ignis
647 399 812 471 406
834 401 1160 469 liquescent,
1189 406 1244 453 et
1270 398 1428 469 quasi
1459 414 1600 469 aqua
1637 414 1758 469 quae
1798 397 2027 454 defertu!

2146 397 2388 452 παλαιῶν
2443 397 2748 468 ὑψωμάτων
2799 398 2889 451 τὸν
2950 396 3059 452 τῶν
3115 395 3510 468 προειρημένων
3556 400 3671 470 ἀφα-

475 493 528 547 in
560 507 821 562 praeceps,
862 511 880 543 ι
917 501 1136 561 propter
1170 490 1574 547 multitudinem
1619 506 1807 547 eorum
1838 490 1930 561 qui
1981 492 2035 546 in

474 583 582 637 illis
611 582 853 652 quotidie
881 596 912 633 a
944 581 1262 636 melioribus
1306 582 1375 636 ad
1405 582 1675 637 deteriora
1727 582 1985 640 labuntur
2021 600 2036 638 :

469 684 525 729 et
556 675 740 727 omnia
779 673 892 726 haec
923 673 999 726 ait
1044 671 1224 726 futura
1255 690 1275 723 ι
1314 680 1535 743 pr0pter
1577 672 1910 743 impietatem
1943 675 2040 730 do-

473 780 595 819 mus
640 761 829 828 Jacob,
873 771 927 818 et
972 772 1192 834 propter
1223 773 1504 834 peccatum
1551 764 1747 819 domus
1790 763 1978 821 Israel.
2016 785 2035 818 ι

470 855 730 921 Quaenam
770 870 902 909 vero
935 854 1007 909 sit
1034 854 1152 907 haec
1192 854 1443 924 impietas
1470 863 1525 910 et
1558 854 1705 926 quod
1735 864 2037 925 peccatum,

470 962 797 1018 progressus
845 947 1060 1018 longius
1089 947 1338 1019 adjungit
1372 967 1384 1002 :
1424 966 1443 1000 ι
1493 947 1599 1015 Qui
1628 948 2038 1012 abominamini,

468 1041 671 1110 inquit,
700 1040 999 1105 judicium,
1041 1049 1096 1096 et
1137 1041 1320 1096 omnia
1367 1049 1513 1096 recta
1559 1042 1887 1111 pervertitis.
1934 1040 2038 1108 Qui

468 1132 750 1188 rdiﬁcatis
810 1132 942 1187 Sion
993 1133 1049 1187 in
1096 1132 1456 1202 sanguinibus
1495 1171 1509 1196 ,
1569 1140 1622 1188 ct
1647 1131 1948 1188 Jerusalem
1985 1133 2041 1187 in

468 1224 778 1292 injustitiis,
815 1242 836 1276 ι
874 1225 929 1279 in
958 1224 1158 1294 quibus
1197 1223 1550 1294 sanguinibus
1597 1225 1761 1280 etiam
1804 1225 1895 1279 ille
1918 1224 2039 1294 fuit,

467 1317 564 1386 qui
600 1316 709 1371 illis
747 1323 1114 1370 extremorum
1145 1315 1415 1370 malorum
1458 1315 1672 1370 initium
1708 1330 2043 1386 causamque

469 1407 701 1477 praabuit
722 1447 736 1470 ,
765 1415 988 1477 propter
1012 1422 1173 1477 quem
1201 1406 1425 1477 impiam
1465 1407 1611 1461 illam
1635 1422 1821 1463 vocem
1851 1417 2041 1464 contra

469 1498 680 1567 seipsos
709 1497 1026 1560 emiserunt,
1062 1497 1305 1553 dicentes
1343 1517 1356 1551 :
1400 1515 1419 1548 ι
1460 1496 1696 1568 Sanguis
1724 1497 1846 1567 ejus
1877 1512 2044 1568 super

468 1605 569 1644 nos
600 1597 654 1643 et
686 1604 849 1659 super
873 1588 1012 1642 ﬁlios
1042 1597 1262 1644 nostros
1294 1588 1362 1645 "’.
1403 1607 1423 1640 ι
1463 1589 1650 1659 Itaque
1678 1598 1899 1659 propter
1924 1590 2041 1660 ἱρέα

466 1678 603 1743 hazc,
631 1678 825 1749 inquit,
863 1697 883 1730 ι
920 1678 1052 1733 Sion
1089 1680 1249 1748 quasi
1279 1694 1408 1749 ager
1433 1679 1709 1747 arabitur,
1740 1688 1794 1735 et
1822 1678 2043 1734 Jerusa-

2139 490 2326 561 νισμὺν
2366 488 2863 560 ἀπολοφυρόμεναι,
2901 507 2919 540 ι
2948 489 3025 553 ὡς
3066 488 3233 560 κηρὸς
3265 486 3372 540 ἀπὸ
3421 489 3667 559 προσώπου

2139 583 2308 654 πυρὸς
2348 582 2757 652 ὲκτακήσονται,
2785 581 2877 634 καὶ
2909 581 2984 644 ὼς
3027 580 3170 651 ὕδωρ
3195 580 3601 651 καταφερόμενον
3623 588 3668 639 ὲν

2140 673 2457 737 καταϐάσει,
2471 693 2489 724 ι
2513 673 2599 727 διὰ
2610 673 2670 727 τὸ
2693 672 2894 742 πλῆθος
2905 672 3012 725 τῶν
3024 673 3079 725 ὲν
3096 671 3285 735 αὑταῖς
3306 672 3409 726 ἀπὸ
3423 674 3517 725 τῶν
3530 693 3671 746 κρειτο

2139 755 2304 820 τόνων
2330 767 2421 819 ἐπὶ
2449 765 2519 819 τὰ
2541 766 2707 837 χείρω
2735 764 3184 819 καταπιπτόντων
3212 764 3491 836 ὁσημέραι.
3515 767 3667 823 Πάντα

2138 858 2197 912 δὲ
2226 856 2400 911 ταῦτά
2431 875 2592 928 φησιν
2632 856 2848 910 ἔσεσθαι
2882 874 2901 906 ι
2928 856 2993 909 δι’
3020 856 3271 912 ἀσέϐειαν
3299 860 3442 912 οἴκου
3479 858 3667 925 Ἰακὼϐ,

2140 950 2235 1004 καὶ
2261 950 2328 1002 δι’
2354 949 2626 1020 ἁμαρτίαν
2645 948 2793 1002 οἴκου
2837 949 3071 1021 Ἰσραήλ.
3102 969 3121 1002 ι
3159 949 3252 1013 Τίς
3271 949 3315 1003 δ’
3334 946 3399 1021 ἦν
3423 952 3453 1020 ἡ
3484 951 3669 1006 ἀσέϐεια

2140 1040 2232 1093 καὶ
2257 1041 2290 1109 ἡ
2316 1039 2576 1109 ἁμαρτία,
2606 1036 2809 1110 προῖὼν
2843 1037 2966 1110 ἑξῆς
2990 1039 3259 1107 ἐπιλέγει·
3293 1058 3313 1091 ‹
3344 1042 3404 1093 Ol
3433 1040 3668 1110 βδελυσσό-

2144 1147 2293 1201 μενοι
2326 1133 2498 1201 κρῖμα
2523 1170 2539 1196 ,
2572 1131 2665 1183 καὶ
2696 1131 2873 1185 πάντα
2904 1131 2972 1185 τὰ
3003 1131 3137 1202 ὀρθὰ
3172 1131 3561 1203 διαστρέφοντες
3583 1149 3595 1162 ·
3628 1135 3667 1187 οἱ

2140 1221 2543 1294 οἰκοδομοῦντες
2585 1221 2722 1277 Σιὼν
2749 1224 2807 1275 ὲν
2838 1223 3062 1293 αἴμασιν
3087 1264 3100 1287 ,
3132 1225 3227 1276 καὶ
3262 1223 3592 1295 Ἰερουσαλὴμ
3616 1228 3662 1278 ὲν

2141 1313 2401 1377 ἀδικίαις·
2438 1333 2457 1366 ι
2488 1316 2545 1366 ὲν
2576 1307 2657 1377 οἷς
2689 1314 2881 1383 αἵμασι
2909 1314 3127 1368 κάκεῖνο
3156 1310 3224 1386 ἦν
3244 1314 3304 1367 τὸ
3329 1313 3433 1367 τῶν
3463 1315 3668 1368 ὑστάτων

2141 1404 2326 1460 κακῶν
2359 1405 2640 1477 παραίτιον
2674 1405 2856 1468 αὑτοῖς
2885 1405 3173 1475 γενόμενον
3192 1447 3207 1471 ,
3238 1406 3321 1474 ἐφ’
3349 1400 3394 1473 ᾧ
3414 1407 3502 1477 τὴν
3530 1407 3667 1476 ἀσεϐῆ

2144 1497 2327 1568 φωνὴν
2370 1498 2451 1561 εἰς
2501 1497 2725 1560 ἑαυτοὺς
2775 1499 3187 1563 ἐπεσπάσαντο,
3231 1500 3517 1569 φήσαντες·
3560 1516 3577 1549 ι
3611 1498 3669 1551 Τό

2140 1580 2276 1656 αἷμα
2305 1584 2469 1639 αὑτοῦ
2504 1586 2586 1655 ἐφ’
2613 1588 2759 1658 ἡμᾶς
2778 1626 2792 1651 ,
2821 1587 2914 1640 καὶ
2942 1587 3032 1640 ἐπὶ
3070 1587 3137 1641 τὰ
3170 1589 3331 1641 τέκνα
3359 1587 3525 1659 ἡμῶν.
3551 1608 3565 1639 ι
3591 1589 3664 1640 Διὸ

2142 1677 2292 1746 γοῦν,
2328 1678 2480 1748 φησὶ,
2507 1678 2644 1732 αὑτὰ
2669 1677 2858 1743 ταῦτα,
2890 1697 2909 1731 ι
2936 1679 3011 1742 ὡς
3033 1679 3197 1751 ἀγρὸς
3224 1678 3361 1732 Σιὼν
3387 1679 3671 1752 ἀροτριαθή-

469 1772 573 1827 lem
618 1772 772 1842 quasi
817 1786 1102 1841 pomorum
1136 1771 1386 1827 custodia
1436 1772 1577 1827 erit:
1619 1790 1638 1823 ›
1663 1788 1783 1842 quae
1813 1770 2027 1842 quidem

2136 1786 2306 1834 σεται,
2342 1771 2434 1824 καὶ
2478 1772 2832 1842 Ἰερουσαλὴμ
2865 1770 2939 1837 ὡς
2958 1772 3424 1843 ξόπωροφυλάκιον
3456 1771 3621 1825 ἔσται’
3648 1792 3664 1824 ι

466 1865 617 1918 nullo
638 1879 878 1934 unquam
902 1864 1011 1917 alio
1036 1873 1301 1933 tempore,
1321 1878 1481 1933 quam
1507 1870 1629 1932 post
1649 1864 1738 1917 illa
1764 1879 1885 1934 quae
1905 1878 2037 1918 con-

466 1965 551 2010 tra
578 1954 912 2010 Salvatorem
944 1962 1194 2011 nostrum
1251 1955 1371 2010 ausi
1404 1963 1551 2020 sunt,
1590 1971 1780 2010 verum
1819 1956 2027 2010 exitum

464 2064 743 2120 accepere.
778 2047 854 2103 Ex
887 2049 981 2103 illo
1014 2048 1156 2103 enim
1198 2048 1264 2103 ad
1302 2049 1447 2103 hunc
1502 2063 1675 2115 usque
1719 2048 1864 2103 diem
1897 2048 2034 2103 locis

467 2141 575 2196 illis
613 2147 855 2195 extrema
900 2140 1197 2197 solitudine
1244 2140 1546 2210 occupatis,
1588 2156 1745 2194 mons
1780 2138 1910 2193 Sion
1943 2139 2033 2209 qui

463 2232 604 2300 apud
652 2232 775 2286 illos
822 2239 980 2286 antea
1034 2231 1423 2286 celeberrimus
1454 2236 1610 2293 erat,
1640 2230 1760 2283 loco
1798 2229 2034 2299 antiquae

464 2323 612 2377 illius
647 2322 1015 2378 meditationis
1048 2331 1213 2393 atque
1249 2322 1678 2387 exercitationis,
1710 2312 1830 2392 quae
1858 2323 1912 2376 in
1941 2322 2033 2376 illo

461 2411 699 2483 vigebat,
726 2413 1170 2482 propheticorum
1199 2413 1620 2483 divinorumque
1652 2414 2022 2479 oraculorum,

460 2521 584 2576 quae
612 2516 769 2560 antea
802 2506 905 2560 viri
946 2505 1156 2562 Hebraei
1196 2504 1404 2576 Deique
1435 2505 1732 2561 familiares
1756 2506 2032 2577 prophetae

461 2601 884 2670 sacerdotesque
927 2609 983 2655 et
1010 2599 1256 2670 magistri
1300 2598 1467 2654 totius
1511 2599 1689 2668 gentis
1738 2599 1795 2653 in
1841 2598 2029 2655 eodem

459 2706 658 2762 magno
683 2707 808 2747 cum
836 2691 1018 2746 studio
1032 2690 1353 2757 reddebant,
1381 2705 1477 2759 per
1502 2672 1650 2745 viros
1673 2689 1948 2746 Romanos
1973 2692 2030 2746 in

458 2785 608 2838 nulla
641 2800 702 2839 re
733 2799 763 2838 a
797 2783 1007 2853 reliqua
1049 2784 1270 2854 regione
1303 2783 1558 2838 dill‘erens
1597 2791 1785 2836 aratur
1810 2791 1864 2838 et
1895 2783 2030 2837 coli-

458 2885 568 2940 tur,
598 2884 659 2930 ut
688 2890 791 2931 nos
822 2891 1040 2946 quoque
1079 2876 1191 2946 ipsi
1224 2874 1625 2944 inspexerimus
1657 2874 1823 2928 boum
1865 2889 2028 2945 opera

459 2970 636 3023 locum
689 2975 743 3021 et
786 2967 929 3021 arari
972 2975 1027 3023 et
1059 2967 1342 3022 seminari.
1402 2965 1525 3037 lpsa
1552 2981 1683 3021 vero
1722 2964 2026 3022 Jerusalem

461 3070 719 3131 tanquam
745 3077 1029 3132 pomorum
1053 3062 1321 3129 custodia,
1358 3070 1619 3133 corrupto
1645 3068 1828 3117 vetere
1852 3062 1944 3132 qui
1969 3061 2022 3115 in
2050 3094 2096 3153 Ο

457 3155 574 3221 ipsa
595 3163 713 3208 erat
743 3153 944 3218 fructu,
975 3154 1166 3210 ell‘ecta
1204 3163 1309 3218 est,
1344 3168 1407 3208 ac
1434 3154 1613 3224 potius
1640 3154 1879 3224 lapidum
1910 3153 2025 3206 col-

457 3245 641 3309 lectio,
677 3245 821 3300 sicut
843 3246 899 3301 in
928 3253 1185 3301 contextu
1214 3245 1486 3301 Hebraico
1514 3246 1728 3315 legitur.
1763 3243 1854 3298 Sic
1878 3244 2023 3298 enim

457 3331 653 3399 Aquila
684 3332 952 3387 convertit
980 3353 994 3387 :
1027 3352 1046 3384 ‹
1089 3332 1298 3389 ldcirco
1329 3344 1548 3404 pr0pter
1570 3349 1689 3399 vos,
1723 3332 1855 3388 Sion
1877 3341 2024 3389 terra

459 3421 725 3485 arabitur,
749 3431 803 3478 et
864 3425 933 3479 de
976 3423 1277 3480 Jerusalem
1324 3427 1533 3495 lapides
1594 3428 1936 3498 colligentur.
1999 3446 2020 3480 ι

456 3513 540 3569 Ab
561 3516 800 3572 externis
836 3518 981 3572 enim
1027 3517 1342 3574 hominibus
1382 3518 1647 3584 habitata,
1693 3519 1855 3575 hodie
1884 3535 2022 3589 quo-

455 3623 561 3678 que
595 3608 801 3678 lapides
827 3609 1131 3680 legentibus
1176 3612 1398 3680 praebet,
1430 3626 1556 3665 cum
1590 3626 1780 3667 omnes
1803 3611 1894 3682 qui
1922 3627 2022 3666 no-

456 3697 587 3752 stris
617 3696 954 3767 temporibus
998 3713 1118 3753 eam
1148 3699 1340 3754 urbem
1381 3700 1649 3766 incolunt,
1676 3701 1852 3756 ruina:
1876 3702 2024 3758 illius

455 3786 663 3854 lapides
691 3787 947 3857 colligant
979 3795 1088 3841 tam
1123 3787 1191 3843 de.
1218 3789 1467 3858 privatis,
1499 3806 1662 3860 quam
1685 3791 1753 3845 de
1781 3806 2026 3848 commu-

453 3877 616 3932 nibus
645 3884 699 3931 et
725 3878 957 3948 publicis
983 3879 1227 3937 adiﬁciis
1272 3899 1284 3935 :
1317 3891 1372 3936 et
1399 3882 1528 3937 licet
1559 3882 1737 3939 oculis
1767 3883 2023 3944 tristissi-

453 3983 603 4021 mum
661 3971 1033 4038 spectaculum
1093 3971 1314 4036 intueri,
1347 3988 1413 4026 ex
1456 3973 1577 4043 ipso
1623 3974 1822 4044 templo
1850 3985 1904 4029 et
1957 3990 2025 4031 ex

453 4058 589 4127 ipsis
615 4060 890 4128 quondam
911 4061 1110 4132 adytis,
1132 4078 1199 4118 ex
1226 4063 1295 4118 iis
1321 4079 1442 4133 quae
1465 4074 1652 4119 sancta
1669 4065 2022 4129 vocabantur,

452 4148 661 4219 lapides
677 4167 775 4220 pro
803 4152 1223 4208 simulacrorum
1252 4154 1413 4221 fanis,
1443 4172 1650 4227 proque
1677 4158 2024 4227 spectaculis,

451 4256 561 4310 quo
580 4257 767 4298 omnes
798 4245 982 4315 populi
1013 4254 1387 4314 concurrant,
1425 4248 1759 4304 aediﬁcandis
1792 4252 2023 4318 assumi,

450 4347 571 4403 quae
612 4348 735 4387 cum
773 4334 908 4390 adeo
956 4335 1233 4391 evidenter
1280 4337 1348 4392 ab
1400 4338 1654 4392 omnibus
1710 4348 2025 4408 cernantur,

2136 1862 2278 1933 ειπερ
2313 1863 2420 1915 οὐδ’
2454 1862 2639 1917 ἄλλοτε
2672 1862 2889 1917 πώποτε
2928 1864 2960 1935 ἦ
3000 1863 3153 1935 μετὰ,
3191 1863 3257 1930 τὰ
3298 1863 3437 1917 κατὰ
3468 1864 3551 1917 τοὺ
3580 1864 3670 1917 Σω-

2131 1957 2198 2024 τῆ
2209 1971 2296 2024 ρος
2321 1953 2475 2025 ἡμῶν
2501 1954 2880 2026 τετολμημένα
2910 1955 3084 2026 ἀληθῆ
3109 1955 3206 2026 τὴν
3229 1956 3453 2010 ἑκϐασιν
3467 1956 3666 2028 εἴληχεν.

2146 2043 2235 2108 Ἐξ
2262 2044 2467 2098 ἐκείνου
2508 2044 2615 2117 γάρ
2651 2063 2734 2098 τοι
2779 2045 2873 2099 καὶ
2896 2047 2976 2110 είς
3012 2045 3170 2117 δεῦρο
3210 2046 3445 2118 ἐσχάτης
3466 2046 3668 2118 ἐρημίας

2133 2135 2542 2207 καταλαϐούσης
2581 2137 2705 2201 τοὺς
2742 2136 2938 2201 τόπους
2959 2178 2973 2202 ,
3008 2138 3068 2190 τὸ
3109 2136 3208 2207 μὲν
3254 2138 3386 2208 πρὶν
3422 2137 3668 2208 διαϐόητον

2131 2225 2308 2278 αὑτῶν
2337 2224 2473 2278 Σιὼν
2500 2225 2625 2298 ὅρος
2644 2267 2658 2291 ,
2693 2227 2812 2279 ἀντὶ
2842 2227 2943 2296 τῆς
2987 2226 3153 2281 πάλαι
3195 2229 3251 2282 ἐν
3283 2228 3429 2299 αὑτῷ
3474 2228 3668 2299 μελέτης

2131 2318 2224 2369 καὶ
2253 2318 2540 2389 ἀσκήσεως
2571 2318 2678 2374 τῶν
2706 2319 3055 2391 προφητικῶν
3085 2322 3182 2386 καὶ,Δ
3210 2320 3370 2375 θείων
3401 2321 3560 2389 λόγων
3579 2362 3591 2383 ,
3611 2313 3671 2373 ὧν

2131 2411 2317 2475 παῖδες
2358 2412 2419 2464 τὸ
2465 2412 2593 2483 πρὶν
2638 2411 2906 2482 Ἐϐραίων
2962 2414 3056 2466 καὶ
3090 2413 3359 2483 θεοφιλεῖς
3400 2415 3669 2485 προφῆται,

2131 2503 2294 2573 ἱερεῖς
2324 2520 2383 2555 τε
2417 2504 2512 2557 καὶ
2547 2503 2852 2557 διδάσκαλοι
2887 2504 2979 2557 τοῦ
3016 2504 3216 2569 παντὸς
3251 2505 3436 2569 ἔθνους
3474 2507 3527 2570 ὲν
3554 2504 3667 2573 αὑτῇ

2128 2590 2213 2645 διὰ
2259 2593 2496 2663 σπουδῆς
2537 2593 2833 2657 ἐποιοῦντο,
2874 2592 2965 2648 διὰ
3008 2595 3293 2666 Ῥωμαίων
3337 2595 3536 2661 ἀνδρῶν
3569 2593 3669 2647 κατ’

2128 2683 2280 2735 οὐδὲν
2319 2684 2417 2754 τῆς
2449 2682 2641 2755 λοιπῆς
2666 2684 2995 2756 διαφέρουσα
3024 2685 3206 2758 χώρας
3232 2690 3580 2759 γεωργεῖται,
3610 2684 3674 2749 ὡς

2128 2774 2222 2829 καὶ
2256 2777 2403 2846 ἡμᾶς
2424 2775 2618 2840 αὑτοὺς
2636 2776 2933 2849 ὀφθαλμοῖς
2967 2778 3298 2851 παραλαϐεῖν
3332 2780 3505 2851 βουσὶν
3532 2779 3671 2853 ἀρού-

2131 2884 2288 2937 μενον
2307 2907 2321 2932 ,
2354 2867 2446 2921 καὶ
2482 2869 2981 2942 κατασπειρόμενον
3009 2870 3100 2924 τὸν
3127 2871 3289 2926 τόπον
3312 2889 3327 2902 ·
3356 2875 3389 2943 ἡ
3414 2873 3468 2926 δὲ
3506 2872 3674 2943 Ἰερου-

2129 2957 2308 3029 σαλὴμ
2348 2959 2485 3031 αὑτὴ
2515 2959 2590 3022 ὡς
2623 2960 3070 3032 ὀπωροφυλάκιον
3096 2962 3196 3032 τῆς
3225 2963 3283 3016 ὲν
3314 2964 3450 3034 αὑτῇ
3473 2962 3674 3026 παλαιᾶς

2126 3050 2347 3122 ὀπώρας
2382 3051 2771 3124 διαφθαρείσης
2803 3052 3013 3122 γέγονε,
3053 3054 3249 3125 μᾶλλον
3286 3055 3348 3109 δὲ
3391 3058 3468 3119 εἰς
3495 3054 3675 3108 λιθολο-

2125 3144 2249 3212 γίαν
2274 3145 2415 3197 κατὰ
2433 3145 2530 3215 τὴν
2564 3144 2856 3216 Ἑϐραικὴν
2883 3145 3204 3213 ἀνάγνωσιν.
3238 3148 3295 3200 '0
3327 3147 3455 3217 γοῦν
3477 3146 3674 3210 Ἀκύλας

2126 3236 2257 3308 φησί
2280 3254 2293 3267 ο
2336 3255 2354 3287 ι
2378 3237 2476 3291 Διά
2511 3236 2666 3292 τοῦτο
2710 3237 2872 3308 χάριν
2902 3237 3054 3308 ὑμῶν
3098 3237 3234 3292 Σιὼν
3277 3239 3430 3312 χώρα
3459 3240 3681 3311 ἁροτρια-.

2125 3328 2383 3397 θήσεται,
2418 3332 2514 3383 καὶ
2556 3332 2914 3405 Ἰερουσαλὴμ
2955 3332 3455 3404 λιθολογηθήσεται.
3506 3352 3522 3385 ι
3557 3332 3669 3385 Ὑπὸ

2123 3421 2233 3492 γὰρ
2279 3421 2589 3490 ἀλλοφύλων
2646 3423 2852 3494 ἀνδρῶν
2906 3425 3334 3490 κατοικισθεῖσα,
3392 3425 3550 3479 εἰσέτι
3593 3425 3672 3478 καὶ

2125 3515 2360 3587 σήμερον
2385 3514 2737 3584 λιθολογεῐται
2760 3556 2775 3581 ,
2807 3516 3023 3571 πάντων
3055 3517 3178 3571 καθ’
3202 3519 3351 3589 ἡμᾶς
3381 3520 3564 3582 αὑτοὺς
3583 3517 3673 3569 τῶν

2123 3605 2220 3677 τὴν
2260 3607 2411 3661 πόλιν
2445 3606 2735 3662 οἰκούντων
2774 3609 2899 3672 τοὺς
2940 3609 3048 3663 ἀπὸ
3095 3609 3193 3680 τῆς
3238 3608 3497 3674 πτώσεως
3530 3609 3674 3678 αὑτῆς

2122 3696 2300 3760 λίθους
2349 3698 2752 3768 ἁναλεγομένων
2779 3699 2856 3764 εἷς
2881 3719 2940 3754 τε
2959 3699 3026 3753 τά
3051 3700 3156 3755 ἴδια
3183 3703 3278 3756 καὶ
3327 3701 3477 3755 κοινὰ
3496 3701 3581 3754 καὶ
3601 3700 3674 3770 δη·

2127 3787 2288 3858 μόσια
2328 3790 2761 3862 οἰκοδομήματα·
2802 3793 2893 3845 καὶ
2928 3792 3073 3846 ἔστιν
3114 3793 3413 3865 ὀφθαλμοῖς
3459 3792 3676 3865 παραλα-

2125 3879 2238 3935 ϐεῖν
2272 3880 2587 3953 σκυθρωπὸν
2618 3882 2817 3954 θέαμα,
2856 3885 2981 3948 τοὺς
3012 3885 3070 3952 ἐξ
3101 3886 3266 3940 αὑτοῦ
3305 3887 3400 3941 τοῦ
3433 3885 3566 3958 ἱεροῦ
3595 3884 3676 3937 καὶ⁸

2124 3971 2301 4026 αὑτῶν
2323 3972 2432 4025 τῶν
2456 3974 2618 4027 πάλαι
2644 3974 2850 4030 ἀδύτων
2881 3977 2974 4030 καὶ
3002 3978 3170 4046 ἁγίων
3192 3978 3379 4042 λίθους
3404 3982 3481 4043 εἰς
3499 3977 3564 4030 τὰ
3582 3974 3675 4030 τῶν

2125 4062 2355 4117 εἰδώλων
2383 4065 2580 4136 τεμένη
2602 4104 2615 4122 τ
2640 4065 2720 4126 εἷς
2753 4085 2811 4120 τε
2848 4068 2917 4122 τὰ
2948 4069 3054 4122 τῶν
3086 4071 3256 4143 πανδή
3268 4089 3384 4142 μων
3417 4071 3676 4141 θεαμάτων

2126 4158 2614 4228 κατασκευάσματα
2644 4160 3078 4232 ἀπειλημμένους
3097 4180 3110 4192 ο
3140 4156 3215 4216 ὧν
3246 4163 3423 4228 οὑτως
3454 4159 3674 4235 ἐναργῶς

2125 4250 2236 4312 τοῖς
2271 4250 2433 4303 πᾶσιν
2467 4251 2773 4321 ὁρωμένων,
2804 4252 2896 4307 καὶ
2916 4255 2944 4306 ὀ
2971 4254 3152 4317 καινὸς
3173 4254 3338 4322 νόμος
3371 4256 3463 4309 καὶ
3486 4252 3626 4321 λόγος
3651 4252 3674 4302 ὃ

2126 4341 2226 4411 τῆς
2271 4340 2463 4411 καινῆς
2504 4342 2597 4395 τοῦ
2641 4344 2889 4415 Σωτῆρος
2919 4347 2951 4416 η
2962 4345 3075 4415 μῶν
3128 4346 3283 4418 Ιησοῦ
3333 4342 3676 4421 τοῦᾋριστοῦ

447 4425 592 4494 quod
627 4441 764 4480 nova
788 4426 915 4481 item
947 4427 1054 4494 lex,
1088 4428 1343 4498 quodque
1366 4444 1566 4483 novum
1595 4429 1729 4484 Novi
1761 4446 1792 4485 a
1824 4429 2017 4486 Salva-

2129 4433 2395 4504 Διαθήκης
2443 4434 2651 4487 ἐκεῖθέν
2712 4436 2874 4489 ποθεν
2933 4437 3210 4508 προελθὼν
3261 4438 3420 4509 δῆλος
3471 4438 3533 4491 ἂν
3580 4434 3672 4504 εἴη.

445 4526 565 4573 tore
592 4526 784 4575 nostro
833 4518 962 4575 Jesu
1013 4520 1254 4587 Christo,
1289 4521 1496 4576 conditi
1536 4521 1868 4578 Testamenti
1896 4540 2020 4579 ver-

447 4610 575 4666 bum
628 4612 777 4666 illinc
834 4612 1056 4667 omnino
1109 4612 1412 4683 profectum
1439 4614 1530 4680 sit,
1582 4630 1715 4671 sane
1765 4618 2022 4673 constite-

446 4703 536 4757 rit.
565 4702 727 4775 407
758 4703 1209 4775 Quandoquidem
1246 4706 1672 4762 innumerabiles
1694 4709 2017 4779 populorum

442 4804 769 4861 conventus,
799 4797 1086 4868 omnisque
1116 4798 1331 4868 generis
1362 4800 1634 4864 nationes,
1667 4801 1875 4856 relictis
1912 4801 2020 4857 dlis

442 4888 686 4958 ipsorum
738 4889 972 4958 patriis,
1027 4889 1328 4960 relictoque
1386 4899 1569 4946 vetere
1613 4893 2019 4963 superstitionis

439 4995 647 5047 errore,
690 4997 861 5034 unum
912 4996 1226 5052 supremum
1271 4981 1438 5037 Deum
1487 4985 1792 5041 invocant:
1846 5001 2014 5056 quare

439 5068 600 5122 etiam
616 5069 1054 5139 profundissima:
1070 5073 1218 5141 pacis
1234 5082 1513 5144 compotes
1526 5082 2008 5145 evaserunt,quan—

439 5157 509 5213 do
540 5176 643 5214 non
670 5162 904 5232 amplius
925 5163 1250 5233 multiplices
1270 5166 1631 5235 principatus,
1671 5185 1689 5218 ι
1714 5182 1889 5237 neque
1920 5182 2006 5221 re-

437 5264 545 5319 gna
577 5267 673 5320 per
697 5252 817 5307 loca
862 5264 1182 5321 cernuntur,
1223 5273 1398 5328 neque
1435 5274 1568 5329 gens
1597 5260 1858 5314 adversus
1879 5275 2009 5329 gen-

441 5357 545 5395 .em
576 5343 813 5412 gladium
843 5346 1035 5414 sumit,
1066 5364 1246 5419 neque
1274 5359 1334 5404 ut
1364 5361 1523 5406 antea
1547 5351 1752 5407 mutuis
1775 5351 1921 5405 inter
1949 5366 2010 5406 se

440 5430 595 5486 bellis
626 5436 867 5499 student,
904 5439 1002 5493 sed
1039 5442 1281 5512 agricola
1323 5443 1502 5498 omnis
1534 5443 1638 5498 sub
1682 5445 1788 5498 vite
1824 5450 1877 5498 et
1905 5445 2008 5498 sub

439 5519 541 5574 ﬁcu
560 5539 657 5577 sua
678 5526 928 5594 quiescit,
941 5531 1157 5587 nemine
1180 5532 1301 5588 illos
1316 5539 1676 5600 exterrente,»
1705 5535 1849 5591 sicut
1874 5550 2004 5605 pro—

471 5784 487 5788 φ
511 5700 554 5733 ⁸⁷
594 5701 784 5764 Matth.
819 5723 970 5765 xxvu
990 5750 1006 5777 ,
1036 5711 1126 5768 25.

2132 4524 2246 4592 Ἐφ’
2275 4517 2319 4591 ᾧ
2350 4525 2518 4596 μυρία
2548 4525 2725 4598 πλήθη
2752 4526 2917 4591 λαῶν,
2954 4529 3078 4599 ἔθνη
3111 4547 3169 4582 τε
3202 4535 3430 4584 παντοῖα
3458 4529 3558 4584 τῶν
3583 4544 3674 4580 πα-

2119 4616 2285 4688 τρίων
2312 4618 2622 4672 ἀποστάντα
2655 4619 2812 4683 θεῶν,
2843 4622 2936 4674 καὶ
2963 4622 3063 4691 τῆς
3096 4622 3332 4687 παλαιᾶς
3373 4621 3675 4692 δεισιδαίμο-

2121 4723 2208 4770 νος
2237 4705 2461 4778 πλάνης,
2489 4708 2580 4761 τὸν
2602 4709 2693 4761 ἐπὶ
2716 4708 2930 4763 πάντων
2956 4710 3089 4765 Θεὸν
3109 4711 3476 4765 ἀνακαλεῖταιο
3494 4709 3570 4762 διδ
3600 4709 3681 4763 καὶ

2120 4797 2447 4868 κατηξίωται
2480 4798 2579 4869 τῆς
2614 4798 2916 4871 βαθυτάτης
2963 4803 3203 4873 εἰρήνης,
3241 4802 3319 4865 ὠς
3357 4801 3550 4872 μηκέτι
3598 4814 3682 4849 ποι

2120 4890 2382 4961 λυαρχίας
2413 4885 2568 4956 εἶναι,
2605 4911 2623 4942 ‹
2665 4892 2797 4964 μηδὲ
2826 4892 3099 4962 βασιλείας
3131 4894 3270 4946 κατὰ
3310 4893 3524 4956 τόπους,
3567 4888 3681 4962 μηδὲ

2120 4982 2268 5047 ἔθνος
2296 4983 2382 5039 ἐπ’
2415 4983 2565 5047 ἔθνος
2600 4986 2869 5056 ῥομφαίαν
2898 4986 3090 5058 αἱρεῖν,
3129 4986 3268 5056 μηδ’,
3317 4986 3394 5048 ὡς
3439 4985 3498 5038 τὸ
3549 4981 3679 5045 πρὶν,

2117 5075 2371 5146 πολέμοις
2402 5080 2512 5140 τοῖς
2552 5078 2670 5130 κατ’
2708 5077 2950 5151 ἀλλήλων
2988 5077 3287 5148 σχολάζειν,
3322 5072 3680 5132 ἀναπαύεσθαι

2115 5165 2172 5219 δὲ
2223 5166 2329 5220 τῶν
2378 5167 2635 5239 γεωργῶν
2690 5168 2916 5222 ’ἑκαστον
2969 5167 3222 5223 ὑποκάτω
3278 5168 3557 5239 άμπέλουλ
3598 5160 3679 5214 καὶ

2117 5259 2373 5313 ὑποκάτω
2397 5261 2564 5332 συκῆς
2588 5260 2772 5322 αὑτοῦ,
2799 5260 3023 5331 μηδενὸς
3046 5258 3402 5329 ἐκφοϐοῦντος
3423 5256 3674 5322 αὑτοὺςς)

2116 5352 2257 5405 κατὰ
2286 5352 2383 5424 τὴν
2419 5352 2773 5423 προφητείαν.
2808 5346 2906 5405 Ὧν
2938 5352 3109 5415 οὕτως
3138 5353 3242 5405 οὐδ’
3283 5351 3472 5406 ἄλλοτέ
3515 5366 3595 5402 ’.τω
3625 5340 3678 5408 ἐξ

2113 5442 2307 5507 αἰῶνος
2341 5444 2621 5517 πρότερον,
2649 5444 2681 5514 ἢ
2714 5443 2854 5498 κατὰ
2883 5443 2976 5515 τὴν
3009 5442 3434 5512 τῶνῬωμαίων
3468 5433 3680 5509 ἐπικράν-

2111 5552 2267 5607 τησιν
2303 5535 2407 5589 ἀπὸ
2436 5535 2541 5589 τῶν
2572 5535 2777 5607 χρόνων
2823 5535 2923 5606 τῆς
2963 5532 3277 5604 ἐπιφανείας
3303 5533 3397 5586 τοῦ
3438 5530 3671 5600 Σωτῆμῖ
