3908 6266
213 336 295 388 στι
1055 329 1707 391 DEMONSTRATIONIS
1744 327 2201 387 EVANGELICE
2233 329 2364 388 LIB.
2408 330 2548 388 Ylll.

3319 336 3421 391 638

208 446 340 519 ημῶν
387 445 476 498 καὶ
531 445 608 506 είς
646 441 807 515 δεῦρο
857 442 1311 514 συντελουμένων,
1357 444 1752 517 ἀναμφίλεκτον

1859 442 2038 513 phetia
2066 442 2412 513 praedixerat.
2437 442 2567 510 Quae
2594 455 2717 498 cum
2743 441 2824 497 sic
2845 458 3122 513 nunquam
3144 443 3280 499 alias
3299 454 3422 501 ante

208 537 414 610 ἠγοῦμαι
443 536 541 606 τὴν
568 532 835 598 ἀπόδειξιν
869 533 1145 606 εἰληφέναι
1177 536 1269 590 τὸν
1314 538 1506 609 χρόνον
1543 540 1639 609 τῆς
1664 536 1750 591 θε-

207 627 509 700 σπιζομένης
535 628 614 690 είς
643 625 961 698 ἀνθρώπους
984 626 1075 680 τοῦ
1103 630 1309 701 Κυρίου
1340 632 1658 704 παρουσίας.

1855 549 1883 587 a
1913 533 2131 588 condito
2176 548 2311 597 aevo,
2349 535 2453 590 nisi
2500 520 2623 605 post
2652 535 2941 593 adventum
2989 534 3289 593 Salvatoris
3324 552 3423 590 no-

1855 626 1978 686 stri,
2045 623 2305 680 Romanis
2367 625 2653 695 imperium
2711 625 3105 693 obtinentibus,
3157 626 3224 680 ad
3277 627 3423 682 hunc

213 734 365 788 usque
398 719 540 772 diem
568 716 919 786 contigerint,
952 718 1255 774 indubitata
1310 721 1776 778 demonstratione
1811 727 2093 773 ostensum
2138 731 2261 771 esse
2296 717 2531 772 arbitror
2561 717 2700 787 ejus,
2741 733 2902 787 quem
2955 718 3229 789 prophetae
3263 733 3423 774 cane-

202 814 335 875 bant,
368 808 579 867 Domini
616 810 884 866 adventus
908 810 973 864 ad
1007 810 1278 882 homines,
1314 824 1551 886 tempus.

211 970 334 1045 'Axd
344 970 445 1024 τοῦ
458 971 847 1045 Ζαχαρίουμτ-
863 972 1081 1041 Σημεῖα
1102 974 1333 1041 χρόνων
1346 975 1461 1045 τῆς
1471 976 1577 1031 τοῦ
1603 979 1747 1034 Θεοῦ

256 1042 437 1117 {triton
494 1042 595 1117 sic
620 1039 979 1117 ’ἀνθρώπους
1004 1039 1377 1117 Δ,τταρίουσᾲιξαςκ
1405 1039 1645 1117 ’κλῆσις
1686 1067 1751 1104 τε

255 1108 452 1197 ἐθνέων,
478 1110 706 1179 ὑστάτη
736 1128 800 1165 τε
836 1108 1181 1181 καθαίρεόνις
1207 1114 1314 1183 τῆς
1334 1108 1746 1189 Ἶερουὶγαάήμ.

259 1245 277 1278 ι
313 1225 521 1297 Τέρπου
553 1224 648 1277 καὶ
678 1224 992 1297 εὐφραίνου,
1025 1224 1261 1299 θύγατερ
1290 1228 1446 1293 Σιὼν,
1476 1229 1607 1284 διότι
1644 1232 1751 1285 ἰδοὺ

199 1318 292 1387 ἐγὼ
321 1317 569 1390 ἔρχομαι,
610 1318 704 1370 καὶ
736 1317 1145 1389 κατασκηνώσω
1186 1322 1243 1375 ὲν
1282 1321 1431 1393 μέσῳ
1461 1341 1574 1387 σου,
1604 1324 1752 1394 λέγει

198 1409 395 1479 Κύριος.
431 1408 544 1462 Kal
572 1406 999 1477 καταφεύξονται
1038 1408 1161 1482 ἔθνη
1194 1412 1363 1466 πολλὰ
1400 1416 1492 1468 ἐπὶ
1518 1416 1609 1468 τὸν
1641 1417 1754 1471 Κύ-

200 1518 297 1573 ριον
323 1502 378 1554 ὲν
402 1502 469 1571 τῇ
500 1500 683 1573 ἡμέρᾳ
726 1500 931 1573 ἐκείνη,
957 1501 1051 1555 xal
1081 1502 1293 1558 ἔσονται
1324 1507 1471 1578 αὐτῷ
1494 1509 1572 1572 εἰς
1602 1509 1749 1576 λαὸν,

199 1590 275 1643 καί
298 1588 802 1661 κατασκηνώσουσιν
828 1592 885 1643 ὲν
916 1591 1064 1663 μέσῳ
1090 1609 1203 1658 σου,
1227 1597 1320 1650 καὶ
1363 1599 1638 1673 ὲπιγνώσῃ
1669 1603 1751 1656 ὅτι

200 1680 375 1752 Κύριος
400 1683 795 1754 παντοκράτωρ
820 1681 1186 1746 ὲξαπέσταλκέ
1217 1704 1282 1757 με
1316 1689 1452 1761 πρὸς
1480 1691 1559 1744 σέ.
1590 1712 1610 1743 ο
1641 1692 1751 1746 Kal

200 1771 300 1841 μεθ’
323 1772 478 1844 ἕτερα
506 1774 731 1826 πλεῖστα
754 1774 951 1845 μεταξῦ
977 1776 1213 1847 ἐπιλέγει
1237 1797 1249 1809 ·
1278 1797 1299 1832 ι
1333 1783 1499 1856 Χαῖρε
1525 1785 1750 1857 σφόδρα.

1857 968 1899 1023 Α
1957 966 2239 1021 lac/tario.
2271 997 2341 1007 —
2373 966 2537 1037 Signa
2588 975 2876 1035 temporum
2918 966 3015 1023 Dei
3064 969 3132 1022 ad
3183 970 3419 1025 homines

1930 1039 2184 1110 adventus
2207 1078 2220 1099 ,
2262 1047 2311 1091 et
2350 1038 2553 1110 voratio
2590 1038 2858 1110 gentium,
2899 1047 3229 1110 extremaque
3273 1041 3418 1096 urbis

1929 1109 2229 1165 Jerusalem
2256 1108 2478 1162 eversio.

1935 1236 1952 1269 ι
1985 1217 2170 1271 Gaude
2207 1223 2261 1271 et
2298 1216 2515 1280 laetare,
2557 1213 2666 1269 ﬁlia
2702 1212 2857 1280 Sion,
2892 1216 3018 1286 quia
3054 1229 3182 1272 ecce
3214 1231 3313 1288 ego
3330 1233 3422 1273 ve-

1861 1312 1948 1366 nio
1972 1352 1987 1373 ,
2020 1320 2073 1366 et
2103 1309 2363 1364 habitabo
2397 1309 2453 1362 in
2487 1307 2668 1363 medio
2708 1307 2818 1372 tui,
2857 1308 2993 1363 dicit
3029 1307 3316 1366 Dominus.
3357 1308 3424 1363 Et

1858 1406 2177 1476 confugient
2207 1411 2397 1476 gentes
2430 1402 2615 1457 multa:
2648 1402 2715 1456 ad
2752 1401 3040 1456 Dominum
3072 1403 3129 1456 in
3167 1401 3256 1457 die
3292 1402 3381 1456 illa
3406 1442 3421 1466 ,

1857 1508 1911 1555 et
1947 1504 2111 1554 erunt
2145 1498 2193 1553 ei
2235 1497 2289 1551 in
2330 1497 2610 1565 populum.
2666 1494 2733 1550 Et
2784 1493 3109 1550 habitabunt
3149 1494 3205 1547 in
3243 1493 3424 1549 medio

1859 1595 1938 1650 tui
1973 1613 1986 1648 :
2028 1601 2083 1648 et
2123 1606 2425 1662 cognosces
2463 1591 2611 1661 quod
2648 1590 2912 1645 Dominus
2946 1588 3292 1659 omnipotens
3324 1588 3427 1643 mi-

1857 1685 1928 1741 sit
1956 1701 2045 1741 me
2075 1684 2143 1739 ad
2177 1691 2229 1739 te
2260 1683 2327 1738 ’⁸.
2370 1702 2388 1736 ›
2419 1682 2484 1736 Et
2519 1690 2643 1753 post
2673 1681 2779 1735 alia
2809 1681 3043 1751 plurima
3076 1695 3197 1750 qua;
3226 1679 3281 1732 in
3308 1694 3426 1733 me-

1859 1777 1949 1832 dio
1975 1776 2145 1848 ponit,
2168 1773 2413 1845 adiungit
2436 1793 2448 1828 :
2474 1791 2492 1824 ‹
2521 1772 2708 1828 Gaude
2731 1772 3100 1839 vehementer,
3128 1770 3237 1824 illia
3264 1769 3422 1824 Sion.

197 1862 405 1935 θύγατερ
443 1863 605 1930 Σιὼν,
639 1867 899 1938 κήρυσσε,
939 1866 1175 1941 θύγατερ
1219 1872 1570 1946 Ἰερουσαλήμ
1593 1893 1606 1906 ·
1642 1877 1749 1931 ίδοὺ

1861 1867 2099 1923 Praedica
2121 1907 2135 1931 ,
2173 1867 2281 1920 tilia
2313 1865 2614 1921 Jerusalem
2642 1879 2657 1915 :
2694 1878 2823 1919 ecce
2854 1861 2968 1918 Rex
2994 1870 3125 1917 tuus
3151 1862 3300 1917 venit
3325 1860 3425 1915 tibi

195 1955 473 2028 ὸβασιλεύς
509 1975 603 2011 σου
636 1958 851 2031 ἔρχεταί
879 1977 959 2014 σοι
986 1962 1192 2028 δίκαιος
1230 1966 1323 2019 καὶ
1356 1966 1563 2032 σώζων,
1594 1971 1753 2034 αὐτὸς

198 2048 353 2119 πραῢς
377 2050 469 2103 καὶ
493 2051 841 2120 ἐπιϐεϐηκὼς
861 2055 952 2108 ἐπὶ
981 2055 1270 2125 ὑποζύγιον
1298 2059 1391 2112 καὶ
1418 2060 1592 2114 πῶλον
1612 2063 1751 2117 νέον.

197 2140 289 2194 Kal
315 2140 680 2213 ὲξολοθρεύσει
712 2143 932 2215 ἅρματα
978 2147 1038 2212 ἐξ
1078 2149 1336 2220 Ἑφραῒμ,
1371 2152 1464 2204 καὶ
1500 2152 1664 2206 ἵππον
1697 2153 1756 2219 ἐξ

203 2233 539 2305 Ἰερουσαλήμ
557 2252 571 2265 ⁸
608 2236 701 2290 καὶ
729 2237 909 2301 ὲξολοθ
919 2239 1079 2311 ρευθή
1089 2258 1236 2295 σεται
1259 2242 1409 2309 τόξον
1438 2244 1754 2315 πολεμικὸν,

194 2324 273 2377 καὶ
298 2326 491 2397 πλῆθος
530 2328 754 2398 εἰρήνης
782 2327 842 2393 ἐξ
873 2327 1065 2385 ἐθνῶν.
1091 2334 1200 2385 Kal
1234 2333 1489 2405 κατάρξει
1521 2336 1628 2389 ἀπὸ
1657 2336 1753 2390 θα-

195 2411 374 2485 λάσσης
395 2414 500 2477 ἓως
528 2414 826 2487 Θαλάσσης,
867 2419 960 2471 καὶ
1003 2420 1112 2473 ἀπὸ
1140 2422 1398 2491 ποταμῶν
1435 2423 1500 2477 δι’
1529 2425 1757 2491 ἐκϐολὰς

194 2502 298 2572 γῆς.
333 2523 351 2555 ι
377 2504 561 2558 Ταῦτα
591 2507 717 2577 περὶ
742 2508 840 2578 τῆς
862 2509 955 2562 τοῦ
993 2510 1243 2581 Σωτῆρος
1268 2512 1425 2583 ἡμῶν
1456 2517 1757 2586 παρουσίας

196 2592 433 2658 θεσπίσας
468 2597 564 2649 καὶ
586 2596 680 2651 νῦν
709 2599 736 2650 ὀ
761 2598 934 2667 λόγος,
974 2600 1092 2670 μεθ’
1124 2601 1286 2674 ἔτερα
1323 2605 1450 2676 περὶ
1478 2606 1574 2676 τῆς
1597 2608 1757 2678 ἐσχά-

195 2703 275 2757 της
318 2687 649 2759 ἐρημώσεως
692 2692 793 2761 τῆς
843 2692 1214 2765 Ἰερουσαλὴμ,
1265 2696 1383 2748 τοτὲ
1440 2697 1536 2768 μὲν
1575 2700 1757 2753 ἐπικε-

196 2778 503 2856 κρυμμένως
548 2783 645 2835 καὶ
679 2782 745 2835 δι’
784 2785 1141 2856 αἰνιγμάτων,
1188 2787 1307 2840 τοτὲ
1338 2785 1394 2841 δὲ
1432 2788 1756 2855 ἀκαλύπτως

195 2872 551 2949 ιξναφωνεῖ·δι’
587 2876 924 2946 αἰνιγμάτων
960 2876 1059 2946 μὲν
1083 2878 1140 2930 ὲν
1186 2872 1266 2942 οἷς
1295 2895 1457 2948 φησιο
1494 2898 1512 2931 ι
1550 2882 1757 2934 Διάνοιο

194 2961 286 3043 ξον,
308 2964 334 3016 6
361 2964 613 3030 Λίϐανος,
640 2967 740 3031 τὰς
777 2967 951 3030 πύλας
975 2984 1088 3034 σου,
1137 2969 1232 3020 καὶ
1260 2971 1620 3040 καταψαγέτω
1646 2972 1755 3044 πῦρ

194 3055 275 3118 τὶς
302 3056 521 3129 κέδρους
567 3075 680 3112 σου.
727 3058 1057 3127 Ὀλολυξάτω
1100 3061 1276 3127 πίτυς,
1325 3061 1458 3115 διότι
1500 3062 1753 3120 πέπτωκε

193 3148 375 3222 κέδρος,
421 3149 562 3203 διότι
612 3152 863 3221 μεγάλως
917 3155 1237 3224 μεγιστᾶνες
1285 3155 1750 3230 ἐταλαιπώρησαν.

1856 1958 2044 2029 justus
2081 1964 2136 2012 et
2176 1954 2445 2021 Salvator,
2500 1955 2616 2024 ipse
2664 1962 2982 2009 mansuetus
3032 1960 3087 2007 et
3133 1950 3423 2021 impositus

1858 2066 2028 2121 super
2049 2050 2359 2121 jumcntum
2391 2056 2445 2103 et
2470 2048 2676 2118 pullum
2707 2045 3125 2101 adolescentem.
3153 2044 3216 2097 Et
3241 2044 3427 2113 perdet

1857 2158 2055 2197 currus
2090 2158 2156 2197 ex
2197 2139 2469 2211 Ephrem,
2510 2147 2565 2194 et
2599 2153 2799 2209 equum
2861 2153 2928 2193 ex
2979 2135 3318 2192 Jerusalem:
3372 2141 3427 2191 et

1856 2236 2116 2306 perdetur
2153 2249 2316 2289 arcus
2354 2233 2625 2292 bellicus,
2668 2238 2721 2286 et
2769 2230 3105 2285 abundantia
3158 2229 3309 2300 pacis
3358 2244 3424 2285 ex

1857 2327 2128 2397 gentibus.
2170 2323 2238 2379 Et
2276 2324 2644 2395 principatum
2684 2322 2957 2377 obtinebit
3001 2337 3031 2375 a
3079 2322 3216 2375 mari
3252 2336 3425 2390 usque

1856 2417 1923 2471 ad
1955 2431 2139 2479 mare,
2172 2422 2225 2469 et
2252 2429 2282 2467 a
2308 2410 2628 2468 ﬂuminibus
2660 2427 2757 2482 per
2785 2410 3089 2481 ejectiones
3119 2416 3281 2463 terrae
3308 2410 3374 2463 θ’.
3400 2427 3420 2460 ι

1857 2508 1980 2563 Hzec
2035 2508 2126 2563 ubi
2177 2507 2245 2562 de
2293 2506 2597 2560 Salvatoris
2648 2504 2822 2559 nostri
2872 2503 3110 2557 adventu
3151 2502 3256 2557 hoc
3294 2501 3423 2555 item

1857 2603 1977 2656 loco
2012 2600 2293 2655 oraculum
2334 2598 2576 2663 cecinit;
2618 2606 2733 2651 tum
2774 2604 2897 2667 post
2929 2596 3034 2650 alia
3073 2610 3196 2665 quae
3248 2594 3424 2649 inter—

1859 2687 2052 2760 ponit,
2098 2688 2262 2743 etiam
2307 2687 2375 2758 de
2420 2693 2662 2742 extrema
2715 2684 3015 2740 Jerusalem
3059 2685 3422 2752 desolatione,

1856 2797 2003 2836 nunc
2052 2780 2269 2835 occulte
2321 2793 2385 2833 ac
2438 2793 2537 2849 per
2590 2778 2859 2833 obscuros
2908 2792 3222 2845 sermones,
3278 2793 3426 2832 nunc

1856 2872 2111 2943 explicite
2139 2879 2303 2942 atque
2335 2876 2522 2940 aperte
2547 2870 2715 2924 verba
2750 2868 2911 2934 facit,
2941 2870 3175 2925 obscure
3206 2869 3421 2940 quidem

1857 2978 1921 3018 ac
1956 2963 2203 3035 ﬁgurate,
2236 2963 2326 3019 ubi
2357 2962 2470 3017 ait:
2502 2961 2670 3034 508
2700 2980 2718 3012 ‹
2751 2961 2946 3033 Aperi,
2976 2961 3211 3029 Libane,
3238 2972 3427 3034 portas

1855 3064 1979 3113 tuas
1999 3097 2013 3123 ,
2046 3064 2100 3113 et
2131 3057 2380 3113 comedat
2418 3057 2558 3128 ignis
2597 3056 2789 3112 cedros
2828 3065 2975 3115 tuas.
3006 3056 3187 3114 Ululet
3224 3059 3387 3129 pinus
3409 3098 3423 3124 ,

1856 3151 2112 3221 quoniam
2147 3149 2344 3205 cecidit
2374 3149 2573 3204 cedrus
2597 3189 2612 3214 ,
2644 3151 2900 3219 quoniam
2944 3165 3273 3222 magnopere
3311 3168 3428 3206 ma-

203 3237 524 3305 Ὀλολύξατε,
566 3240 726 3312 δρύες
768 3243 868 3313 τῆς
906 3244 1268 3310 Βασανίτιδος,
1306 3247 1752 3321 ὃτικατεσπάσθη

1859 3245 2038 3317 gniﬁci
2072 3244 2253 3299 alllicti
2293 3251 2442 3299 sunt.
2482 3243 2698 3299 Ululate
2721 3285 2736 3307 ,
2777 3260 3014 3316 quercus
3050 3243 3380 3302 Basanitidis
3406 3286 3422 3312 ,

192 3328 425 3401 ὁῧρυμὸς
474 3331 504 3383 6
538 3330 847 3401 σύμφυτος·
891 3333 1042 3405 φωνὴ
1081 3334 1418 3407 θρηνούντων
1457 3341 1748 3410 ποιμένων,

192 3416 261 3469 ὅτι
302 3418 781 3491 τεταλαιπώρηκεν
832 3423 867 3495 ή
929 3423 1281 3496 μεγαλωσύνη
1342 3427 1551 3480 αὐτῶν·
1601 3430 1750 3500 φωνὴ

193 3507 501 3581 ὠρυομένων
527 3511 776 3577 λεόντων,
804 3515 886 3567 ὄτι
918 3515 1360 3590 τεταλαιπώρηκε
1391 3519 1452 3573 τὸ
1490 3520 1752 3591 φρύαγμα

192 3597 271 3651 τοῦ
302 3600 585 3671 Ἰορδάνου.
622 3620 640 3653 ι
679 3603 863 3658 Ταῦτα
912 3606 1009 3677 μὲν
1040 3607 1109 3661 δι’
1148 3611 1512 3680 αἰνιγμάτων
1561 3612 1658 3683 τὴν
1695 3612 1751 3665 δὲ

192 3688 370 3745 τούτων
416 3692 718 3764 ἑρμηνείαν
763 3695 1157 3765 ἀνακαλύπτως
1196 3701 1224 3752 6
1262 3700 1419 3765 αὐτὸς
1472 3705 1752 3774 προφήτης

194 3784 416 3857 ἐπιφέρει
476 3786 684 3856 λέγων’
731 3808 751 3839 α
792 3789 926 3845 Ἰδοὺ
965 3790 1076 3860 ἐγὼ
1115 3792 1303 3863 τίθημι
1345 3794 1444 3863 τὴν
1487 3795 1752 3865 Ἰερουσα-

192 3872 286 3946 λὴμ
310 3876 380 3940 ὡς
412 3878 676 3951 πρόπυλα
709 3880 1043 3952 σαλευόμενα
1091 3882 1267 3951 ἅπασι,
1315 3887 1429 3947 τοῖς
1473 3884 1619 3949 λαοῖς
1660 3885 1754 3939 κύ-

192 3965 306 4038 κλῳ,
339 3970 432 4023 καὶ
468 3970 528 4022 ἐν
556 3973 623 4041 τῇ
662 3972 923 4043 Ἰουδαίᾳ·
962 3973 1057 4026 καὶ
1088 3972 1235 4027 ἔσται
1269 3974 1495 4047 περιοχὴ
1532 3976 1624 4029 ἐπὶ
1657 3977 1753 4029 Ἰε-

195 4058 472 4131 ρουσαλήμ.
505 4060 618 4112 Kal
653 4059 803 4114 ἔσται
847 4062 904 4115 ὲν
952 4063 1020 4133 τῇ
1072 4061 1257 4134 ἡμέρᾳ
1283 4062 1484 4135 ἐκείνῃ,
1518 4061 1754 4133 θήσομαι

191 4149 276 4219 τὴν
320 4151 676 4224 Ἰερουσαλὴμ
729 4153 875 4207 λίθον
929 4154 1410 4227 καταπατούμενον
1462 4157 1595 4209 πᾶσι
1644 4159 1755 4221 τοῖς

193 4237 363 4295 ἔθνεσι.
399 4244 519 4307 Πᾶς
548 4247 577 4296 6
608 4244 938 4299 καταπατῶν
970 4244 1139 4317 αὐτὴν
1168 4246 1450 4317 ὲμπαίζων
1497 4248 1759 4318 ὲμπαίξε-

192 4344 283 4394 ται,
311 4333 401 4388 καὶ
429 4335 965 4406 ἐπισυναχθήσονται
994 4338 1081 4391 ἐπ’
1107 4338 1276 4409 αὐτὴν
1318 4339 1496 4393 πάντα
1527 4339 1595 4393 τὰ
1627 4339 1754 4413 ἔθνη

191 4420 275 4491 τῆς
311 4425 432 4496 γῆς.
478 4446 498 4479 ι
530 4426 636 4480 Kal
675 4425 813 4496 μετὰ
864 4426 1068 4499 βραχέα
1102 4428 1374 4497 ἐπιλέγει·
1416 4448 1433 4481 ι
1476 4430 1586 4483 Kal
1638 4432 1757 4483 ἐπι-

193 4510 455 4582 ϐλέψονται
484 4516 622 4586 πρὸς
655 4518 743 4588 μὲ,
777 4518 893 4571 ἀνθ’
941 4513 1016 4574 ὧν
1057 4522 1477 4591 κατωρχήσαντο
1497 4537 1510 4551 ·
1545 4522 1639 4574 καὶ
1666 4522 1756 4574 x6-

192 4602 363 4671 ψονται
392 4608 478 4661 ἐπ’
513 4608 675 4662 αὑτὸν
706 4610 933 4664 κοπετὸν
957 4611 1032 4675 ὡς
1061 4612 1147 4665 ἐπ’
1176 4611 1464 4682 ἀγαπητῷ,
1510 4613 1603 4667 καὶ
1636 4611 1755 4665 ὀδύ-
1785 4592 1828 4646 D

190 4710 275 4766 νην
299 4698 371 4763 ὼς
398 4699 492 4754 ἐπὶ
525 4702 875 4772 πρωτοτόκῳ.
919 4703 1006 4756 Ἐν
1037 4705 1103 4775 τῇ
1147 4702 1329 4774 ἡμέρᾳ
1352 4703 1533 4775 ἐκείνη
1587 4721 1753 4774 μεγα-

190 4786 490 4864 λυνθήσεται
560 4796 588 4847 6
646 4795 876 4859 κοπετδς
933 4794 1287 4866 Ἰερουσαλὴμ
1309 4835 1324 4858 ,
1391 4796 1466 4860 ὡς
1524 4796 1752 4861 κοπετὸς

201 4881 409 4948 Ῥοῶνος
450 4888 509 4938 ὲν
544 4884 710 4956 πεδίῳ
746 4886 1168 4957 ἐκκοπτομένου.
1208 4887 1319 4939 Kal
1360 4886 1583 4956 κόψεται
1613 4890 1646 4958 ἡ
1680 4889 1749 4959 γῆ

192 4971 315 5024 κατὰ
347 4974 537 5043 φυλὰς,
573 4974 713 5046 φυλὴ
757 4973 905 5028 οἴκου
938 4975 1103 5029 Δαϐὶδ
1149 4974 1269 5028 καθ’
1320 4974 1535 5044 ἑαυτὴν,
1569 4976 1664 5029 καὶ
1694 4976 1752 5029 al.

193 5066 423 5130 γυναῖκες
452 5066 633 5119 αὐτῶν
663 5065 785 5119 καθ’
810 5067 1039 5131 ἑαυτάς
1070 5066 1209 5139 φυλὴ
1240 5065 1389 5119 οίκου
1416 5064 1601 5121 Νάθαν
1633 5067 1754 5121 καθ’

193 5152 390 5226 ἑαυτὴν,
418 5159 511 5210 καὶ
559 5159 617 5210 αἱ
663 5160 921 5225 γυναῖκες
962 5157 1140 5212 αὐτῶν
1181 5158 1303 5211 καθ’
1348 5157 1577 5220 ἑαυτάς·
1614 5158 1754 5231 φυλὴ

194 5243 322 5298 οἴκου
355 5247 484 5301 Λευῗ
517 5248 642 5302 καθ’
674 5247 893 5319 ἑαυτὴν,
927 5248 1023 5301 καὶ
1059 5251 1113 5303 al
1144 5252 1401 5317 γυναῖκες
1432 5250 1610 5303 αὐτῶν
1633 5250 1754 5304 καθ’

190 5333 404 5401 ἑαυτάςο
446 5338 587 5410 φυλὴ
628 5340 723 5393 τοῦ
771 5338 995 5411 Συμεὼν
1035 5340 1156 5393 καθ’
1189 5339 1406 5411 ἑαυτὴν,
1435 5340 1528 5394 καὶ
1568 5343 1624 5394 αἱ
1653 5359 1753 5410 γυ-

192 5428 359 5492 ναῖκες
384 5430 562 5507 αὐτῶν
591 5430 715 5484 καθ’
745 5431 942 5494 ἑαυτάς
960 5448 973 5462 ο
1008 5432 1177 5485 πᾶσαι
1218 5433 1272 5485 αἱ
1301 5431 1752 5504 ὑπολελειμμέναι

192 5518 362 5588 φυλαὶ,
390 5522 528 5595 φυλὴ
558 5521 680 5575 καθ’
708 5520 926 5592 ἑαυτὴν,
955 5522 1047 5575 καὶ
1069 5523 1123 5574 αἱ
1143 5524 1397 5590 γυναῖκες
1425 5522 1603 5577 αὐτῶν
1628 5523 1751 5577 καθ’

192 5606 391 5674 ἑαυτάς.
414 5594 456 5664 ἱ»
507 5594 620 5665 Kal
668 5611 843 5687 πάλιν]
871 5612 988 5683 μεθ’
1037 5610 1198 5685 ἕτερα
1248 5612 1344 5684 τὴν
1375 5613 1609 5684 ἐσχάτην
1654 5615 1753 5686 τῆς

203 5699 535 5777 Ἰερουσαλὴμ
563 5703 879 5775 πολιορκίαν
900 5704 1231 5778 σαφέστερον
1250 5706 1526 5779 κηρύττει,
1555 5707 1747 5776 λέγων’

257 5857 299 5889 ⁷³
338 5856 492 5916 Zuch.
524 5876 590 5928 It,
637 5859 815 5928 10,“.
894 5861 937 5892 ”
977 5857 1204 5915 Ζὶιεῗιπ·
1241 5877 1292 5917 ιι
1319 5904 1333 5931 ν

1852 3338 2109 3408 quoniam
2136 3337 2431 3393 convulsus
2456 3343 2539 3391 est
2562 3336 2736 3392 saltus
2763 3337 3032 3392 consitus.
3066 3336 3185 3392 Vox
3211 3338 3420 3392 lamen-

1852 3430 2086 3484 tantium
2112 3436 2392 3499 pastorum
2411 3468 2425 3492 ,
2452 3429 2712 3498 quoniam
2738 3428 2936 3484 amicta
2959 3436 3044 3485 est
3075 3429 3429 3499 magniﬁcen-

1852 3521 1927 3575 tia
1960 3536 2168 3576 eorum.
2200 3518 2315 3574 Vox
2351 3520 2679 3590 rugientium
2725 3521 2978 3585 leonum,
3007 3521 3264 3591 quoniam
3294 3522 3427 3577 allii-

1853 3621 1941 3667 cta
1978 3621 2063 3667 est
2101 3612 2356 3683 superbia
2392 3609 2649 3667 Jordanis
2691 3612 2731 3665 ¹.
2764 3632 2783 3663 ι
2814 3610 2876 3665 Et
2915 3612 3030 3666 Inec
3069 3612 3288 3683 quidem
3329 3629 3427 3683 per

1852 3705 2173 3777 aenigmata:
2203 3703 2298 3758 sed
2325 3718 2514 3758 eorum
2541 3703 3045 3773 interpretationem
3070 3712 3258 3773 aperte
3281 3703 3423 3758 idem

1854 3795 2118 3865 propheta
2153 3793 2433 3863 adjungit,
2474 3791 2665 3847 dicens
2693 3810 2706 3846 :
2744 3811 2762 3843 ι
2794 3790 2934 3847 Ecce
2964 3807 3064 3862 ego
3093 3808 3239 3863 pono
3266 3790 3426 3848 Jeru-

1854 3886 2022 3942 salem
2053 3895 2111 3938 ut
2139 3884 2405 3940 vestibula
2429 3898 2549 3953 quae
2578 3883 2900 3952 quatiuntur
2925 3883 3180 3939 omnibus
3209 3883 3425 3953 populis

1854 3977 1908 4029 in
1942 3974 2174 4029 circuitu
2196 4012 2212 4037 ,
2246 3980 2300 4028 et
2335 3972 2389 4027 in
2425 3970 2609 4027 Judzea
2639 3990 2653 4026 :
2694 3979 2749 4026 et
2793 3971 2898 4026 erit
2943 3971 3187 4027 ambitus
3216 3974 3275 4027 in
3314 3972 3425 4027 cir-

1853 4067 2001 4121 cuitu
2036 4074 2228 4121 contra
2258 4064 2587 4121 Jerusalem.
2617 4066 2683 4119 Et
2711 4064 2820 4121 erit
2848 4064 2902 4118 in
2936 4065 3024 4120 die
3053 4065 3143 4120 illa
3168 4104 3183 4130 ,
3220 4080 3419 4136 ponam

1852 4157 2152 4214 Jerusalem
2205 4157 2476 4227 lapidem,
2526 4157 2622 4227 qui
2661 4156 3021 4212 conculcetur
3059 4157 3128 4212 ab
3165 4157 3423 4214 omnibus

1855 4251 2127 4322 gentibus.
2162 4250 2354 4306 Omnis
2385 4251 2478 4321 qui
2509 4250 2796 4305 conculcet
2835 4265 2987 4314 eam,
3030 4250 3265 4307 illudens
3298 4252 3425 4306 illu-

1853 4343 2010 4397 detur
2036 4361 2050 4397 :
2083 4348 2137 4396 et
2167 4341 2649 4412 congregabantur
2678 4355 2843 4410 super
2866 4354 2985 4395 eam
3014 4354 3205 4397 omnes
3234 4348 3422 4409 gentes

1855 4440 2014 4488 terrae
2051 4436 2093 4489 ⁸.
2134 4452 2150 4483 ι
2178 4431 2244 4487 Et
2274 4438 2398 4502 post
2432 4447 2604 4502 pauca
2645 4431 2891 4501 adjungit
2919 4449 2932 4485 :
2974 4448 2993 4480 ι
3026 4429 3091 4483 Ει
3126 4431 3422 4501 respicient

1856 4524 1924 4578 ad
1955 4539 2041 4578 me
2065 4563 2081 4588 ,
2119 4539 2282 4593 quem
2323 4522 2700 4586 conﬁxerunt,
2742 4528 3028 4590 propterea
3067 4519 3213 4589 quod
3251 4519 3423 4573 insul-

1859 4622 2110 4668 taverunt
2143 4631 2157 4669 :
2190 4621 2245 4668 et
2283 4614 2540 4683 plangent
2578 4626 2744 4681 super
2781 4626 2847 4665 eo
2910 4611 3186 4680 planctum
3232 4617 3292 4663 ut
3323 4627 3423 4666 su—

1858 4721 1955 4774 per
1982 4705 2198 4767 dilecto,
2216 4713 2269 4759 et
2296 4704 2537 4758 dolorem
2554 4709 2613 4756 ut
2640 4717 2803 4771 super
2834 4702 3213 4772 primogenito.
3246 4701 3305 4755 In
3338 4702 3427 4757 die

1858 4796 1949 4851 illa
1978 4796 2419 4867 magniﬁcabitur
2447 4796 2701 4865 planctus
2724 4791 3024 4849 Jerusalem
3046 4833 3062 4858 ,
3088 4801 3147 4847 ut
3174 4794 3425 4863 planctus

1857 4888 2117 4944 Rhoonos
2160 4888 2212 4941 in
2252 4903 2446 4957 campo
2479 4887 2601 4957 ejus
2637 4885 2729 4957 qui
2769 4884 3058 4941 exciditur.
3104 4883 3169 4938 Et
3204 4886 3422 4956 planget

1858 4990 2003 5037 terra
2042 4980 2330 5035 tributim:
2374 4979 2554 5034 tribus
2593 4979 2789 5034 domus
2832 4976 3000 5032 David
3039 4992 3288 5032 seorsum
3314 5017 3328 5041 ,
3369 4985 3423 5032 et

1858 5073 2116 5128 mulieres
2138 5086 2329 5126 eorum
2358 5086 2606 5127 seorsum
2633 5090 2647 5126 :
2673 5070 2851 5125 tribus
2879 5069 3073 5124 domus
3098 5067 3310 5122 Nathan
3338 5084 3424 5123 so-

1856 5181 2044 5221 orsum
2063 5204 2079 5227 ,
2115 5171 2170 5218 et
2201 5162 2459 5219 mulieres
2487 5178 2677 5217 eorum
2708 5176 2957 5218 seorsum
2987 5178 3000 5214 :
3029 5160 3208 5215 tribus
3228 5159 3424 5214 domus

1856 5255 1987 5311 Levi
2035 5269 2318 5319 seorsum,
2370 5263 2425 5310 et
2477 5255 2739 5310 mulieres
2789 5268 2977 5309 eorum
3008 5266 3290 5307 seorsum:
3323 5250 3426 5304 tri-

1857 5345 1963 5401 bus
1988 5344 2208 5399 Simeon
2237 5358 2487 5399 seorsum
2510 5385 2524 5409 ,
2553 5356 2606 5400 et
2628 5344 2885 5398 mulieres
2914 5358 3102 5397 eorum
3131 5356 3376 5399 seorsum
3404 5360 3418 5395 :

1856 5452 2047 5492 omnes
2078 5437 2301 5507 reliquae
2329 5437 2527 5501 tribus,
2559 5436 2735 5491 tribus
2766 5449 3051 5497 seorsum,
3080 5440 3134 5492 et
3164 5432 3424 5489 mulieres

1858 5542 2048 5581 eorum
2099 5542 2348 5582 seorsum
2377 5528 2417 5580 ³.
2450 5546 2469 5578 ι
2496 5525 2711 5581 Rursus
2758 5533 2881 5593 post
2931 5523 3073 5585 alia,
3121 5529 3422 5578 extremam

1856 5618 2008 5674 urbis
2045 5615 2347 5674 Jerusalem
2388 5618 2728 5674 obsidionem
2767 5615 2985 5686 planius
3011 5615 3279 5677 enuntiat,
3333 5612 3424 5668 di-

1865 5725 2035 5766 cens:
2075 5729 2092 5762 ι
2122 5709 2263 5766 Ecce
2300 5710 2418 5766 dies
2455 5711 2682 5780 veniunt
2718 5708 2936 5766 Domini
2959 5746 2979 5781 χ
3013 5713 3067 5764 et
3104 5706 3419 5766 dividentur

1422 5861 1583 5929 9,l0.
1664 5865 1676 5896 '
1721 5863 1752 5918 Ζ

1859 5880 1947 5947 lar:
1984 5880 2075 5931 ιι,
2115 5867 2232 5922 1-5.
2312 5867 2332 5898 ³
2373 5864 2603 5922 Zachar.
2636 5882 2748 5934 xu,
2786 5865 2840 5932 2,
2868 5866 2923 5921 3.
3000 5868 3020 5901 ⁸
3057 5866 3192 5923 ibid.
3228 5865 3393 5923 ίο-ιι
