3908 6266
504 320 609 375 (σε)

1133 309 1399 366 EUSEBII
1431 304 1912 363 CESARIENSIS
1943 298 2093 357 OPP.
2125 300 2304 357 PARS
2340 303 2404 360 ΙΙ.
2438 336 2508 345 -
2546 303 3037 360 APOLOGETICA.
3589 312 3674 365 640

504 431 675 500 spolia
714 438 805 485 tua
846 430 901 483 in
941 437 1024 491 te,
1059 433 1113 481 et
1152 424 1499 495 congregabo
1537 439 1727 478 Omnes
1767 432 1956 494 gentes
1990 420 2048 474 ad

2167 436 2184 468 ι
2237 420 2366 474 Ἰδοὺ
2411 424 2610 493 ἡμέραι
2653 422 2897 494 ἔρχονται
2936 421 3033 474 τοῦ
3069 421 3291 494 Κυρίου,
3342 424 3429 476 καὶ
3468 425 3674 500 διαμερι-

502 521 800 575 Jerusalem
831 519 887 573 in
916 518 1116 571 bellum
1138 556 1152 580 ,
1180 523 1236 570 et
1271 515 1518 585 capietur
1557 514 1752 569 civitas
1776 552 1792 576 ,
1831 518 1887 567 et
1922 510 2060 564 diri-

504 611 718 681 pientur
744 609 938 663 domus
958 646 972 672 ,
1009 615 1063 662 et
1096 607 1351 661 mulieres
1382 606 1712 676 polluentur,
1746 613 1801 659 et
1827 602 2064 673 egredie-

504 710 595 754 tur
641 698 925 753 dimidium
976 697 1216 752 civitatis
1271 696 1326 750 in
1385 696 1806 766 captivitatem:
1859 692 2060 763 reliqui

501 802 682 847 autem
718 792 785 846 de
814 792 1014 862 populo
1048 806 1169 846 meo
1198 805 1309 845 non
1343 789 1596 861 peribunt
1626 789 1694 843 de
1725 788 1978 851 civitate,
2006 794 2060 840 et

499 883 810 953 egredietur
850 881 1145 946 Dominus,
1186 888 1241 936 et
1272 881 1674 950 comparabitur
1711 879 1776 933 ad
1814 877 2057 948 praelium

501 974 557 1029 in
607 974 861 1044 gentibus
908 973 1047 1038 illis,
1094 973 1241 1028 sicut
1290 971 1406 1027 dies
1451 971 1622 1041 praelii
1673 970 1793 1040 ejus
1822 1012 1836 1034 ,
1877 971 1932 1023 in
1971 968 2060 1024 die

502 1065 668 1131 belli,
710 1073 765 1121 et
803 1065 1030 1121 stabunt
1069 1065 1233 1135 pedes
1271 1063 1393 1133 ejus
1430 1065 1485 1118 in
1524 1063 1612 1118 die
1651 1063 1741 1117 illa
1779 1051 1838 1116 in
1877 1072 2059 1118 monte

499 1157 778 1214 Olivarum
827 1158 972 1228 quod
1021 1165 1106 1213 est
1154 1165 1346 1212 contra
1395 1155 1698 1212 Jerusalem
1731 1155 1772 1210 ⁸.
1809 1174 1826 1206 ι
1855 1155 2058 1211 Deinde

500 1259 624 1318 post
661 1249 768 1304 alia
806 1265 928 1320 quae
966 1250 1023 1302 in
1062 1247 1240 1302 medio
1277 1247 1463 1318 ponit,
1505 1246 1620 1302 haec
1654 1248 1728 1302 ait
1759 1266 1771 1302 :
1804 1267 1821 1298 ι
1858 1246 1923 1301 Et
1954 1246 2058 1302 erit

501 1339 764 1395 Dominus
806 1356 982 1401 unus,
1020 1347 1074 1394 et
1111 1355 1310 1394 nomen
1338 1339 1458 1408 ejus
1493 1355 1656 1393 unum
1692 1340 2057 1409 complectens

498 1447 712 1486 omnem
746 1440 946 1486 terram
979 1439 1033 1487 et
1061 1430 1333 1497 desertum
1368 1431 1409 1485 '.
1444 1450 1462 1483 ι
1500 1429 1664 1502 409
1693 1429 1905 1486 Rursus
1933 1439 2056 1501 post

500 1522 607 1575 alia
647 1522 776 1576 dum
816 1522 1114 1592 prephetia:
1154 1521 1292 1576 libro
1328 1521 1623 1576 terminum
1663 1523 1851 1591 ponit,
1887 1539 2055 1578 voca-

496 1612 698 1664 tionem
736 1611 973 1681 gentium
1010 1610 1096 1666 his
1124 1611 1306 1667 verbis
1338 1611 1583 1666 divinat:
1616 1631 1634 1663 ι
1669 1610 1733 1664 Et
1766 1613 1904 1677 erit,
1935 1614 2056 1683 qui-

498 1716 715 1771 cunque
763 1702 941 1757 relicti
984 1702 1189 1756 fuerint
1219 1717 1287 1757 ex
1325 1701 1579 1757 omnibus
1617 1703 1900 1772 gentibus,
1935 1719 2053 1774 qua:

2164 510 2447 581 σθήσονται
2475 514 2542 567 τὰ
2572 514 2740 567 σκῦλά
2770 531 2861 567 σου
2884 515 2941 567 ἐν
2966 514 3065 577 σοὶ,
3089 514 3181 566 καὶ
3210 514 3503 579 ἐπισυνάξω
3530 520 3673 575 πάντα

2158 601 2227 655 τὰ
2258 602 2384 674 ἔθνη
2411 605 2504 659 ἐπὶ
2537 605 2884 678 Ἰερουσαλὴμ
2930 607 3009 668 είς
3041 604 3294 674 πόλεμον,
3333 604 3422 658 καὶ
3450 607 3674 664 ἁλώσεται

2159 694 2191 764 ή
2223 694 2396 758 πόλις,
2428 697 2521 749 καὶ
2546 697 3006 768 διαρπαγήσονται
3045 698 3099 748 αί
3131 696 3318 760 οίκίαι,
3341 697 3429 750 καὶ
3459 703 3676 766 γυναῖκες

2160 782 2599 857 μολυνθήσονται,
2633 789 2726 842 καὶ
2757 788 3088 853 ἐξελεύσεται
3114 787 3174 840 τὸ
3191 789 3358 858 ἥμισυ
3389 788 3478 859 τῆς
3504 789 3676 855 πόλεως

2157 881 2215 932 ἐν
2262 881 2635 950 αἰχμαλωσίᾳ·
2676 882 2724 933 οἱ
2761 880 2818 933 δὲ
2860 878 3171 934 κατάλοιποι
3212 879 3306 932 τοῦ
3350 879 3471 934 λαοῦ
3506 899 3592 953 μου
3624 886 3673 937 οὐ

2162 972 2235 1044 μὴ
2270 972 2714 1042 ἐξολοθρευθῶσιν
2750 975 2812 1027 ὲκ
2845 974 2939 1043 τῆς
2973 974 3196 1039 πόλεως.
3233 975 3341 1028 Καὶ
3384 974 3676 1040 ἐξελεύσεταί

2158 1064 2380 1137 Κύριος,
2419 1066 2512 1118 καὶ
2538 1064 2918 1136 ’παρατάξεται
2961 1067 3017 1119 ὲν
3059 1068 3169 1129 τοῖς
3218 1065 3422 1119 ἔθνεσιν
3466 1066 3674 1131 ἐκείνοις,

2158 1154 2339 1218 καθὼς
2384 1157 2567 1228 ἡμέρα
2614 1155 2965 1226 παρατάξεως
3021 1156 3180 1209 αὐτοῦ
3221 1158 3277 1209 ἐν
3334 1150 3521 1228 ἠμέρᾳ’
3550 1157 3679 1211 πολέ-

2160 1267 2295 1321 μου,
2347 1249 2441 1303 καὶ
2494 1248 2779 1318 στήσονται
2821 1247 2870 1299 οἱ
2918 1246 3078 1309 πόδες
3117 1245 3277 1299 αὑτοῦ
3327 1247 3384 1299 ἐν
3429 1249 3490 1317 τῇ
3525 1248 3677 1319 ἡμέρᾳ

2157 1340 2339 1413 ἐκείνῃ
2393 1339 2485 1392 ἐπὶ
2549 1337 2611 1391 τὸ
2671 1337 2795 1408 ὅρος
2855 1336 2963 1389 τῶν
3034 1336 3255 1390 Ἐλαιῶν
3314 1335 3372 1391 τὸ
3434 1337 3679 1392 κατέναντι

2165 1433 2540 1504 Ἰερουσαλήμ.
2589 1451 2608 1482 ι
2649 1428 2779 1483 Εἶτα
2828 1430 2945 1500 μεθ’
3005 1431 3167 1502 ἕτερα
3224 1428 3295 1483 τὰ
3353 1428 3540 1499 μεταξύ
3592 1448 3672 1501 φη-

2158 1542 2268 1578 σιν·
2318 1544 2336 1574 ι
2384 1525 2493 1578 Kal.
2534 1523 2682 1577 ἔσται
2728 1523 2931 1594 Κύριος
2970 1517 3070 1587 είς,
3105 1522 3197 1575 καὶ
3235 1521 3297 1575 τὸ
3344 1520 3503 1592 ὄνομα
3543 1521 3677 1575 αὐτοῦ

2158 1614 2236 1677 ἓν,
2280 1612 2510 1668 κυκλοῦν
2552 1615 2728 1667 πᾶσαν
2754 1614 2852 1684 τὴν
2877 1613 2999 1684 γῆν,
3029 1612 3120 1666 καὶ
3162 1609 3259 1682 τὴν
3305 1608 3517 1680 ἔρημον.
3550 1630 3567 1661 ι
3591 1610 3680 1663 Καὶ

2154 1702 2307 1769 αὖθις
2355 1705 2473 1778 μεθ’
2513 1706 2673 1779 ἕτερα
2722 1706 3069 1777 περιγράφων
3111 1704 3207 1774 τὴν
3247 1702 3423 1772 βίϐλον
3452 1700 3543 1771 τῆς
3570 1718 3673 1773 προ-

499 1791 744 1847 venerint
771 1792 826 1846 in
850 1790 1185 1859 Jerusalem,
1215 1801 1270 1849 et
1295 1794 1589 1849 ascendent
1618 1796 1846 1865 singulis
1872 1797 2048 1860 annis.

2157 1797 2400 1870 φητείας,
2425 1798 2525 1870 τὴν
2547 1797 2734 1867 κλῆσιν
2758 1798 2866 1850 τῶν
2888 1796 3055 1851 ἐθνῶν
3074 1795 3161 1848 διὰ
3185 1794 3389 1848 τούτων
3438 1793 3673 1857 θεσπίζει·

498 1889 557 1938 ut
586 1882 815 1938 adorent
840 1881 1040 1955 Regem
1070 1884 1359 1941 Dominum
1394 1887 1820 1958 omnipotentem
1839 1929 1855 1951 ,
1884 1900 1938 1945 et
1966 1906 2056 1945 cc-

497 1977 705 2032 lebrent
730 1976 871 2031 diem
904 1976 1101 2032 festum
1132 1976 1650 2036 Tabernaculorum.
1679 1980 1743 2034 Et
1770 1982 1901 2046 erit,
1929 1984 2053 2053 qui-

496 2081 710 2136 cunque
746 2082 855 2120 non
896 2068 1239 2123 ascenderint
1260 2086 1325 2124 ex
1348 2072 1599 2127 omnibus
1625 2073 1874 2129 tribubus
1896 2081 2056 2129 terrae

497 2159 553 2210 in
598 2153 901 2211 Jerusalem
954 2165 1012 2210 ut
1069 2158 1294 2213 adorent
1323 2158 1522 2231 Regem
1556 2162 1845 2218 Dominum
1878 2165 2055 2219 omni-

499 2255 805 2316 potentem,
836 2249 999 2303 etiam
1027 2249 1083 2303 hi
1113 2251 1221 2306 illis
1260 2251 1547 2308 addentur.
1581 2253 1636 2308 Si
1663 2263 1842 2308 autem
1881 2256 2055 2310 tribus

498 2336 714 2407 Egypti
746 2353 853 2393 non
886 2339 1196 2396 ascenderit
1221 2381 1236 2406 ,
1264 2357 1439 2414 neque
1468 2346 1675 2400 venerit
1702 2346 1830 2400 illuc
1849 2392 1863 2412 ,
1889 2347 2052 2401 etiam

496 2440 661 2496 super
692 2426 778 2482 his
806 2428 914 2482 erit
940 2428 1098 2484 ruina
1120 2470 1134 2493 ,
1158 2446 1264 2501 qua
1293 2433 1560 2501 percutiet
1582 2432 1845 2489 Dominus
1865 2450 2055 2491 omnes

494 2524 683 2585 gentes
716 2528 902 2583 terrae,
931 2537 1270 2593 quaecunque
1299 2538 1405 2577 non
1431 2525 1775 2579 ascenderint
1812 2524 1880 2580 ad
1910 2527 2048 2581 cele-

493 2611 759 2666 brandum
784 2612 1025 2669 solemne
1050 2613 1572 2672 Tabernaculorum.
1599 2616 1709 2671 Hoc
1734 2619 1837 2673 erit
1861 2634 2055 2688 pecca-

494 2715 605 2758 tum
635 2702 853 2775 Δεωκριί
878 2745 893 2768 ,
926 2713 980 2761 et
1009 2717 1287 2775 peccatum
1320 2706 1561 2763 omnium
1595 2711 1833 2778 gentium
1860 2749 1875 2771 ,
1909 2725 2053 2780 qua:-

491 2812 707 2866 cunque
751 2812 855 2851 non
887 2797 1231 2854 ascenderint
1254 2800 1319 2853 aJ
1354 2800 1737 2855 celebrandum
1769 2802 1908 2855 diem
1945 2802 2055 2857 fes-

492 2895 606 2942 tum
645 2886 1143 2942 Tabernaculorum
1170 2890 1212 2943 ⁸.
1248 2909 1267 2941 ι
1298 2888 1421 2945 Hmc
1457 2905 1587 2946 sane
1610 2889 1906 2946 Zacharias
1931 2901 2054 2960 post

492 2978 725 3033 reditum
756 2978 823 3033 de
855 2976 1158 3049 Babylone,
1183 2978 1345 3034 Dario
1375 2980 1516 3050 apud
1547 2980 1741 3036 Persas
1772 2990 2051 3054 regnante,

491 3068 836 3135 vaticinatur,
868 3083 976 3139 quo
1016 3075 1256 3139 tempore
1290 3071 1418 3127 url;s
1456 3071 1755 3128 Jerusalem
1796 3089 1826 3128 a
1868 3075 2049 3145 priore
2081 3128 2119 3145 η

2160 1909 2178 1940 ι
2202 1889 2313 1943 Kal.
2346 1888 2519 1952 ἔσται,
2550 1889 2663 1941 ὅσοι
2693 1886 2787 1940 ἐὰν
2820 1885 3244 1955 καταλειφθῶσιν
3275 1886 3343 1940 ἐκ
3372 1885 3572 1939 πάντων
3591 1884 3681 1939 τῶν

2154 1976 2321 2031 ἐθνῶν
2342 1977 2449 2030 τῶν
2479 1976 2734 2030 ἐλθόντων
2772 1976 2863 2027 ἐπὶ
2898 1974 3265 2046 Ἰερουσαλὴμ,
3302 1975 3397 2027 καὶ
3426 1973 3682 2045 ἀναϐήσον-

2153 2085 2241 2120 ται
2280 2066 2400 2121 κατ’
2434 2065 2695 2132 ἐνιαυτὸν,
2724 2064 2818 2118 τοῦ
2848 2067 3217 2137 προσκυνῆσαι
3255 2064 3334 2135 τῷ
3371 2064 3563 2135 βασιλεῖ
3585 2065 3680 2119 Κυ-

2157 2158 2257 2230 ρίῳ
2284 2157 2701 2229 παντοκράτορι,
2736 2157 2828 2210 καὶ
2848 2155 2941 2209 τοῦ
2980 2155 3257 2228 ἑορτάζειν
3281 2154 3381 2227 τὴν
3406 2155 3579 2225 ἑορτὴν
3600 2157 3682 2224 τῆς

2156 2250 2546 2323 Σκηνοπηγίας.
2597 2249 2706 2302 Καὶ
2746 2248 2915 2313 ἔσται,
2949 2249 3061 2301 ὅσοι
3104 2246 3196 2299 ἐὰν
3237 2245 3311 2318 μὴ
3344 2244 3593 2299 ἀναϐῶσιν
3628 2245 3680 2297 ἐκ

2156 2344 2342 2398 πασῶν
2389 2342 2497 2397 τῶν
2530 2341 2708 2412 φυλῶν
2749 2343 2848 2412 τῆς
2898 2342 2999 2411 γῆς
3046 2341 3126 2403 είς
3182 2337 3557 2410 Ἰερουσαλήμ,
3603 2336 3680 2388 τοῦ

2157 2437 2527 2508 προσκυνῆσαι
2561 2433 2638 2505 τῷ
2685 2431 2890 2504 βασιλεῖ
2921 2432 3109 2504 Κυρίῳ
3146 2429 3564 2501 παντοκράτορι,
3604 2428 3677 2480 καὶ

2153 2522 2294 2581 οὗτοι
2316 2526 2540 2589 ἐκείνοις
2563 2523 3029 2597 προστεθήσονται.
3062 2522 3188 2575 Ἐὰν
3205 2521 3262 2574 δὲ
3282 2520 3424 2591 φυλὴ
3441 2518 3680 2588 Αἰγύπτου

2157 2618 2230 2689 μὴ
2270 2618 2464 2689 ἀναϐῇ,
2500 2617 2633 2688 μηδέ
2680 2615 2807 2689 ἔλθῃ
2846 2617 2997 2677 ἐκεῖ,
3042 2615 3136 2667 καὶ
3180 2614 3271 2666 ἐπὶ
3314 2613 3512 2665 τούτων
3554 2610 3680 2662 ἔσται

2151 2708 2183 2777 ὴ
2211 2707 2435 2770 πτῶσις,
2455 2708 2522 2778 ἣν
2550 2705 2775 2771 πατάξει
2802 2704 3003 2776 Κύριος
3027 2703 3200 2756 πάντα
3223 2700 3292 2754 τά
3316 2700 3443 2771 ἔθνη
3467 2703 3556 2771 τῆς
3574 2702 3675 2769 γῆς,

2151 2796 2250 2850 ὅσα
2276 2797 2369 2850 ἐὰν
2398 2797 2470 2868 μὴ
2498 2795 2667 2869 ἀναϐῇ
2701 2793 2792 2847 τοῦ
2824 2793 3077 2864 ἑορτάσαι
3108 2792 3203 2864 τὴν
3232 2792 3425 2864 ἑορτὴν
3449 2793 3539 2861 τῆς
3563 2790 3681 2857 Σκη-

2152 2888 2433 2958 νοπηγίας.
2481 2885 2627 2958 Αὕτη
2656 2886 2865 2957 ἔσταιή
2912 2882 3151 2955 ἁμαρτία
3190 2882 3486 2951 Αἰγύπτου,
3532 2880 3614 2933 καὶ
3653 2881 3680 2949 ἡ

2151 2979 2393 3050 ἁμαρτία
2424 2978 2639 3031 πάντων
2660 2976 2767 3030 τῶν
2820 2974 3020 3038 ἐθνῶν,
3047 2975 3145 3027 ὅσα
3179 2974 3243 3027 ἂν
3279 2974 3358 3045 μὴ
3403 2972 3562 3042 ἀναϐῇ
3602 2969 3680 3023 τοῦ

2152 3067 2403 3138 ἑορτάσαι
2438 3066 2534 3138 τὴν
2568 3065 2756 3138 ἑορτὴν
2783 3068 2881 3137 τῆς
2913 3065 3290 3136 Σκηνοπηγίας
3355 3084 3373 3115 ι
3405 3062 3575 3116 Ταῦτα
3605 3060 3682 3114 καὶ

492 3156 826 3211 desolatione
845 3158 1077 3212 excitata
1100 3158 1505 3231 instaurataque
1525 3178 1697 3232 nuper
1714 3128 1908 3228 fuerat,
1929 3183 2048 3236 quae

2152 3160 2180 3211 ό
2205 3128 2474 3228 ὶαχαρίας
2493 3128 2645 3228 ’μετά
2680 3128 2779 3228 τήν
2944 3128 3256 3219 Βαϐυλῶνος
3288 3156 3558 3218 ἐπάνοδον,
3594 3157 3681 3207 Δα-

493 3248 753 3303 desolatio
777 3250 848 3303 illi
874 3264 904 3303 a
924 3249 1233 3322 Babyloniis
1257 3251 1431 3307 fuerat
1452 3253 1621 3307 illata.
1636 3252 1846 3324 Colligit
1867 3265 2048 3311 autem

491 3352 653 3392 omne
677 3347 889 3408 tempus
918 3353 947 3390 a
975 3337 1134 3392 Dario
1153 3337 1440 3394 Persarum
1459 3379 1474 3403 ,
1500 3339 1603 3394 sub
1625 3356 1731 3409 quo
1755 3339 2048 3397 Zacharias

491 3430 785 3500 prophetiae
824 3445 1050 3485 munere
1098 3430 1358 3501 fungitur,
1402 3433 1470 3485 ad
1510 3432 1809 3503 Augustum
1849 3431 2049 3487 Roma-

492 3538 685 3577 norum
738 3538 955 3593 regem.
1006 3539 1271 3578 annorum
1319 3524 1686 3581 hebdomadas
1735 3538 1939 3595 septem
1994 3538 2047 3581 et

491 3613 768 3682 sexaginta
797 3612 964 3677 duas,
994 3629 1113 3683 quae
1141 3613 1283 3683 apud
1310 3612 1581 3669 Danielem
1612 3614 1861 3671 feruntur
1885 3636 1896 3671 :
1927 3634 2047 3687 qua:

490 3718 702 3759 summa
736 3717 1005 3757 annorum
1059 3703 1290 3759 efﬁcitur
1332 3705 1853 3776 quadringentorum
1894 3717 2047 3762 octo-

487 3794 631 3864 ginta
677 3794 840 3848 trium
867 3836 881 3860 ,
926 3803 984 3848 ut
1016 3795 1356 3850 ostendimus
1389 3796 1442 3849 in
1475 3797 1541 3850 iis
1577 3812 1695 3866 quae.
1731 3800 1891 3867 paulo
1923 3808 2047 3854 ante

489 3900 519 3938 a
568 3885 727 3939 nobis
776 3893 1008 3939 tractata
1066 3876 1218 3939 sunt.
1264 3884 1533 3941 Caeterum
1587 3897 1708 3957 post
1758 3890 2043 3959 imperium

489 3975 840 4030 Macedonum
890 3977 957 4031 ab
1006 3976 1315 4032 Alexandro
1364 3994 1538 4049 usque
1589 3981 1657 4035 ad
1703 3982 2041 4052 Augustum,

487 4068 647 4122 etiam
678 4069 721 4123 si
750 4068 923 4138 ipsius
952 4068 1178 4139 Augusti
1208 4086 1430 4141 regnum
1471 4073 1835 4142 complectare
1856 4113 1870 4139 ,
1910 4076 2044 4129 nihil

487 4173 619 4213 sane
671 4158 814 4228 quod
853 4161 1126 4229 propheta:
1165 4163 1342 4217 verbis
1378 4166 1673 4219 concordet
1722 4174 1817 4219 aut
1866 4168 2044 4223 simile

487 4252 590 4316 sit,
641 4249 887 4307 invenias
931 4266 1055 4306 esse
1092 4253 1440 4322 completum.
1482 4253 1711 4320 Quando
1754 4257 1896 4311 enim
1948 4275 2044 4328 per

487 4341 575 4394 illa
608 4348 851 4411 tempora
888 4343 936 4398 is
968 4342 1260 4407 Dominus,
1293 4360 1451 4414 quem
1484 4347 1757 4416 prophetae
1786 4357 1845 4403 ut
1875 4348 2040 4405 Deum

484 4432 794 4497 celebrant,
825 4449 950 4488 cum
986 4435 1301 4491 hominibus
1330 4446 1582 4492 versatus
1612 4441 1736 4493 est?
1769 4449 1824 4495 et
1854 4449 2041 4510 gentes

488 4524 669 4579 multa“.
697 4524 846 4579 illum
865 4528 1247 4596 agnoverunt?
1277 4529 1635 4600 eumdemque
1668 4533 1842 4586 solum
1873 4532 2039 4588 Deum

484 4617 750 4673 confessa:
792 4620 963 4673 sunt?
1013 4628 1067 4674 et
1116 4621 1182 4674 ad
1233 4621 1410 4690 ipsum
1458 4622 1833 4694 confugientes
1888 4627 2041 4684 facta:

485 4719 612 4765 sunt
637 4711 686 4763 ei
722 4709 776 4763 in
812 4711 1115 4780 populum?
1145 4713 1229 4767 vel
1259 4714 1479 4783 quando
1510 4715 1725 4769 tandem
1757 4724 1871 4772 toto
1906 4717 2038 4775 Per-

483 4814 667 4852 sarum
710 4806 804 4853 aut
847 4797 1198 4856 Macedonum
1233 4811 1509 4873 tempore,
1559 4806 1605 4862 is
1652 4804 1769 4862 Rex
1815 4809 1882 4863 de
1929 4825 2037 4879 quo

482 4888 751 4960 PrOpheta
800 4892 1062 4962 loquitur,
1096 4912 1114 4944 ι
1146 4896 1293 4950 venit
1349 4897 1638 4968 impositus
1687 4899 1939 4968 jumento
1982 4909 2036 4955 et

482 4985 631 5055 pullo
686 4984 1118 5041 adolescenti?»
1152 4984 1207 5043 et
1259 4993 1482 5046 veniens
1530 4990 1770 5047 Judaicze
1820 4995 2033 5065 gentis,

482 5090 603 5143 quae
633 5073 870 5145 Ephrem
900 5076 1001 5130 hoc
1033 5078 1152 5133 loco
1187 5078 1407 5145 dicitur,
1444 5089 1498 5136 et
1532 5082 1702 5151 ipsius
1733 5082 2033 5139 Jerusalem

484 5167 688 5237 regiam
722 5167 893 5221 aciem
916 5207 932 5232 ,
969 5184 1088 5239 quae
1121 5186 1378 5226 curruum
1414 5182 1577 5243 atque
1613 5176 1737 5245 equi
1772 5177 2035 5231 vocabulo

483 5261 818 5325 nominatur,
846 5261 1114 5330 perdidit?
1140 5271 1193 5318 et
1216 5275 1455 5321 armatas
1478 5266 1715 5322 Judaica:
1739 5268 1913 5339 gentis
1939 5285 2034 5324 co-

483 5353 602 5421 pias
632 5350 872 5405 delevit?
900 5351 1014 5407 Hoc
1044 5355 1188 5408 enim
1219 5355 1558 5425 signiﬁcabat
1589 5360 1867 5413 oraculum
1906 5361 2035 5415 illud

484 5442 672 5496 dicens
699 5461 712 5495 :
747 5461 764 5493 ι
796 5441 934 5497 Ecce
961 5443 1075 5500 Rex
1108 5453 1235 5501 tuus
1264 5448 1410 5502 venit
1442 5449 1536 5502 tibi
1560 5457 1744 5519 justus
1774 5461 1826 5505 et
1859 5450 2039 5506 Salva-

483 5541 596 5598 tor,
628 5535 745 5603 ipse
777 5546 1093 5593 mansuetus
1126 5546 1180 5591 et
1215 5540 1505 5610 impositus
1539 5558 1702 5610 super
1727 5542 2032 5612 jumentum

2156 3251 2299 3322 ρείου
2326 3250 2548 3321 Περσῶν
2576 3249 2963 3320 βασιλεύοντος,
3001 3247 3351 3327 προφητεύει,
3385 3251 3481 3320 τῆς
3511 3249 3681 3319 Ἰερου-

2155 3342 2333 3415 σαλὴμ
2374 3342 2495 3414 ἄρτι
2544 3342 2664 3394 τότε
2713 3342 3152 3413 άνεγηγερμένης
3196 3342 3259 3394 ἐκ
3308 3344 3411 3415 τῆς
3446 3340 3682 3411 προτέρας

2152 3434 2404 3506 ἐρημίας,
2428 3433 2493 3505 ἣν
2519 3431 2620 3486 ὑπὸ
2645 3432 2993 3485 Βαϐυλωνίων
3032 3432 3285 3486 πέπονθε.
3329 3430 3608 3499 Συνάγεται
3633 3429 3680 3482 δὲ

2150 3528 2179 3580 ό
2205 3528 2310 3590 πᾶς
2330 3526 2517 3597 χρόνος
2550 3527 2656 3580 ἀπὸ
2679 3529 2776 3598 τῆς
2804 3526 3024 3597 Δαρείου
3049 3524 3141 3577 τοῦ
3170 3526 3404 3595 Πέρσου,
3429 3524 3544 3578 καθ’
3578 3522 3681 3591 ﬁve

2150 3616 2421 3687 Ζαχαρίας
2457 3616 2799 3688 προφητεύει,
2834 3616 2925 3668 καὶ
2949 3614 3039 3668 ἐπὶ
3081 3614 3387 3682 Αὔγουστον
3432 3611 3681 3684 Ῥωμαίων

2153 3711 2374 3782 βασιλέα
2402 3712 2481 3773 είς
2510 3709 2645 3763 ἐτῶν
2702 3708 2997 3779 ἑϐδομάδας
3023 3708 3163 3761 ἐπτά
3196 3709 3291 3761 καὶ
3336 3706 3679 3779 ἑξηκονταδύο,

2148 3802 2246 3866 τὰς
2273 3804 2329 3854 ἐν
2362 3801 2439 3873 τῷ
2470 3800 2667 3872 Δανιὴλ
2706 3800 3024 3871 φερομένας,
3056 3799 3089 3853 ἂ
3132 3800 3339 3868 γίνεται
3384 3800 3475 3869 ἔτη
3516 3815 3683 3868 τετρα-

2150 3894 2307 3947 κόσια
2331 3894 2651 3963 ὀγδοήκοντα
2680 3893 2833 3963 τρία,
2877 3892 2952 3955 ὼς
2983 3890 3344 3960 ἀπεδείξαμεν
3381 3892 3439 3943 ἐν
3469 3893 3573 3952 τοῖς
3606 3905 3682 3957 μι-

2150 3987 2267 4059 κρῷ
2298 3985 2529 4059 πρόσθεν
2562 3984 3044 4056 γεγυμνασμένοις.
3075 3982 3209 4035 Οὔτε
3252 3983 3311 4035 δὲ
3346 3984 3435 4035 ἐπὶ
3462 3984 3555 4052 τῆς
3578 3981 3675 4033 Μαι

2149 4078 2373 4132 κεδόνων
2400 4079 2506 4131 ἀπὸ
2539 4077 2880 4150 Ἀλεξάνδρου
2927 4079 3019 4130 καὶ
3051 4076 3240 4148 μέχρις
3266 4075 3567 4145 Αὐγούστου
3597 4090 3685 4125 παι

2150 4170 2505 4243 ραταθείσης,
2561 4170 2667 4223 τῶν
2700 4170 3083 4241 ἐμφερομένων
3126 4171 3235 4232 τοῖς
3284 4167 3380 4221 τοῦ
3434 4167 3683 4238 προφήτου

2147 4264 2323 4333 λόγοις
2356 4262 2663 4316 συνίσταται
2700 4280 2752 4314 τι
2790 4260 3232 4333 πεπληρωμένον.
3279 4261 3417 4313 Πότε
3441 4259 3545 4330 γάρ
3581 4256 3682 4310 κατ’

2148 4357 2384 4419 ἐκείνους
2420 4356 2543 4418 τοὺς
2566 4356 2785 4427 χρόνους
2816 4353 2909 4407 τοῦ
2944 4353 3091 4425 παρὰ
3120 4357 3230 4417 τοῖς
3257 4354 3557 4425 προφήταις
3580 4350 3683 4403 θεο-

2148 4446 2306 4516 λογου
2315 4446 2474 4517 μένου
2488 4446 2691 4514 Κυρίου
2718 4443 3020 4515 ἀνθρώποις
3039 4443 3376 4507 ἐπιστάντος,
3391 4442 3514 4513 ἔθνη
3535 4439 3684 4493 πολλὰ

2147 4538 2435 4607 ἐπιγνόντα
2458 4537 2638 4602 αὑτὸν,
2656 4538 2750 4589 καὶ
2768 4536 2922 4607 μόνον
2946 4536 3076 4588 Θεὸν
3096 4534 3254 4588 αὑτὸν
3275 4534 3682 4605 ὁμολογήσαντα,

2145 4631 2231 4684 ἐπ’
2266 4630 2427 4684 αὑτὸν
2453 4629 2851 4697 καταπέφευγε,
2892 4629 2986 4681 κα)⁵
3010 4627 3227 4696 γέγονεν
3252 4625 3400 4697 αὐτῷ
3429 4626 3507 4688 εἰς
3535 4623 3680 4682 λαόν;

2143 4724 2272 4777 πότε
2306 4721 2445 4777 κατὰ
2465 4723 2588 4785 τοὺς
2613 4721 2832 4793 Περσῶν
2858 4720 2890 4793 ἢ
2913 4719 3233 4774 Μακεδόνων
3257 4718 3480 4791 χρόνους
3509 4716 3537 4769 ὁ
3567 4730 3682 4784 προ-

2143 4809 2506 4881 φητευόμενος
2538 4808 2788 4879 βασιλεὺς
2826 4808 3080 4879 ἐλήλυθεν
3100 4847 3114 4872 ,
3147 4827 3166 4859 ι
3203 4803 3573 4876 Ἐπιϐεϐηκὼς
3601 4802 3681 4854 ἐπὶ

2143 4900 2453 4970 ὑποζύγιον,
2483 4903 2576 4955 καί
2603 4901 2778 4954 πῶλον
2805 4900 2953 4966 νέον;
2980 4922 2997 4953 ι
3028 4886 3194 4955 ἐλθών
3221 4917 3279 4952 τε
3304 4898 3399 4951 τοῦ
3436 4895 3680 4951 Ἰουδαίων

2142 4994 2324 5058 ἔθνους
2360 4992 2595 5065 Ἐφραῒμ
2639 4991 3055 5064 ὀνομαζομένου,
3091 4994 3308 5061 καὶτῆς
3352 4986 3682 5060 Ἰερουσαλὴμ

2142 5088 2311 5157 αὐτῆς
2345 5085 2441 5157 τὴν
2480 5084 2759 5156 βασιλικὴν
2788 5084 3111 5158 παράταξιν,
3145 5084 3366 5155 ἅρματα
3397 5082 3490 5136 καὶ
3534 5080 3681 5133 ἵππον

2140 5178 2568 5249 ἐπικαλουμένην
2615 5177 3012 5248 ἐξωλόθρευσε,
3068 5175 3129 5228 τό
3163 5192 3222 5227 τε
3265 5172 3542 5226 ὁπλιτικὸν
3597 5165 3680 5221 τοῦ

2152 5270 2415 5323 Ἰουδαίων
2437 5269 2619 5331 ἔθνους
2643 5266 2883 5331 καθεῖλε;
2910 5265 3075 5319 Τοῦτο
3091 5265 3197 5337 γάρ
3224 5264 3410 5336 ἐδήλου
3435 5262 3495 5315 τὸ
3518 5260 3678 5328 λόγιον

2140 5364 2375 5433 φάσκον·
2411 5382 2429 5413 ι
2465 5362 2593 5416 Ἰδοὺ
2622 5363 2650 5414 ὁ
2686 5360 2942 5423 Βασιλεύς
2991 5378 3083 5413 σου
3117 5358 3331 5431 ἔρχεταί
3385 5374 3467 5411 σοι
3493 5356 3677 5411 δίκαιος

2143 5454 2238 5509 καὶ
2272 5452 2476 5519 σώζων,
2501 5453 2661 5516 αὐτὸς
2702 5451 2897 5522 πραῢς,
2937 5452 3029 5505 καὶ
3056 5449 3396 5518 ἐπιϐεϐηκὼς
3434 5448 3524 5501 ἐπὶ
3560 5444 3677 5497 ὑπο·

2141 5546 2322 5615 ζύγιον
2356 5548 2446 5600 καὶ
2480 5545 2653 5599 πῶλον
2686 5544 2799 5599 νέον
2825 5585 2838 5609 ,
2876 5545 2967 5598 καὶ
3000 5528 3497 5615 ἐξολοθρευθήσεται
3538 5535 3674 5601 τόξον

562 5708 582 5739 ⁸
620 5706 849 5765 Zachar.
886 5727 1010 5777 xw,
1052 5714 1159 5769 1-4.
1236 5715 1257 5747 ⁸
1298 5715 1425 5770 ibid.
1460 5717 1514 5782 9,
1553 5717 1630 5771 lO.
1716 5719 1735 5747 ⁸
1772 5719 1900 5774 ibid.
1942 5719 2138 5774 lC-l9.
2228 5748 2231 5751 π
