3908 6266
205 371 286 425 6H
1051 361 1697 420 DEMONSTRATIONIS
1735 350 2193 416 EVANGELICE
2222 359 2350 417 LIB.
2382 360 2519 417 Vlll.

3301 365 3404 417 642

206 479 489 554 πολεμικόν.
517 498 536 531 ι
568 479 753 534 Ταῦτα
784 479 893 552 γάρ
927 480 1054 551 περὶ
1102 481 1200 549 τῆς
1241 478 1611 551 καθαιρέσεως
1643 480 1735 548 τῆς

1841 481 1896 529 et
1928 475 2133 547 pullum
2181 474 2586 532 adolescentem
2618 495 2630 531 :
2660 483 2713 530 et
2745 477 3000 554 perdetur
3047 494 3210 535 arcus
3242 480 3402 535 belli-

202 571 458 647 βασιλικῆς
504 568 659 635 ἀξίας
710 569 805 624 τοῦ
851 569 1115 623 Ἰουδαίων
1156 568 1341 633 ἔθνους
1392 569 1736 634 ἐθεσπίζετο,

199 666 271 735 ἐφ’
294 658 325 738 ᾖ
352 662 507 716 πάλιν
525 660 596 715 τά
614 664 713 732 τῆς
735 661 843 715 τῶν
869 660 1036 715 ἐθνῶν
1061 662 1282 733 εἰρήνης
1309 659 1607 732 συμφώνως
1618 660 1732 720 τοῖς

199 756 405 829 πρόσθεν
448 753 856 825 ἀποδεδομένας
904 753 1211 822 ἐπιλέγεται
1254 752 1341 807 διὰ
1381 751 1507 809 τοῦ·
1567 772 1580 804 ι
1629 753 1738 807 Καὶ

197 849 374 921 πλῆθος
394 849 615 920 εἰρήνης
645 846 705 911 ἐξ
732 845 899 901 ἐθνῶν
917 886 932 910 ,
964 866 982 899 ι
1006 844 1119 900 ἀνθ’
1143 841 1204 901 οὗ
1241 848 1269 899 6
1307 845 1535 908 Ἀκύλας
1568 844 1661 898 καὶ
1686 845 1735 898 οἱ

198 940 347 995 λοιποὶ
385 939 718 1011 ἐρμηνευταὶ
751 938 1110 993 ὲκδεδώκασι·
1148 958 1165 989 ι
1189 939 1299 992 Καὶ
1335 938 1554 1008 λαλήσει
1586 938 1739 1009 εἰρή-

193 1047 275 1102 νην
300 1033 405 1094 τοῖς
426 1031 689 1096 ἐθνεσιν,›
727 1030 756 1084 6
783 1031 877 1085 καὶ
913 1031 1144 1102 μάλιστα
1158 1029 1265 1083 ἀπὸ
1299 1032 1399 1101 τῆς
1428 1029 1735 1097 Αὐγούστου

195 1123 443 1195 βασιλείας
468 1124 808 1186 συνίσταται,
832 1122 927 1176 καὶ
955 1123 1092 1193 πρὸς
1117 1122 1260 1188 λέξιν
1283 1121 1733 1192 πεπληρωμένον,

195 1219 349 1289 πάσης
393 1216 492 1283 μὲν
544 1215 603 1282 ἐξ
659 1216 865 1269 ἐκείνου
918 1214 1310 1283 καταλυθείσης
1365 1213 1733 1285 πολυαρχίας,

191 1310 385 1380 εἰρήνης
413 1307 470 1360 δὲ
504 1306 575 1360 τὰ
607 1307 831 1360 πλεῖστα
863 1309 963 1377 τῆς
1010 1305 1332 1376 οἰκουμένης
1377 1305 1500 1378 ἔθνη
1548 1305 1735 1361 διαλα-

191 1401 383 1470 εούσης.
408 1398 506 1462 Τίς
531 1398 588 1451 δέ
620 1399 727 1470 πρὸ
746 1397 855 1451 τῶν
901 1396 1217 1468 Ῥωμαϊκῶν
1250 1395 1475 1469 χρόνων,
1508 1399 1600 1451 ἐπὶ
1628 1398 1734 1452 τῶν

190 1490 477 1563 Περσικῶν,
534 1489 569 1561 ἦ
627 1488 736 1542 τῶν
792 1489 1176 1543 Μακεδονικῶν
1232 1489 1468 1553 τοιοῦτος
1514 1489 1734 1558 γέγονεν

197 1583 435 1638 Ἰουδαίων
485 1582 734 1653 βασιλεὺς
755 1621 770 1643 ,
804 1582 881 1645 ὡς
917 1580 1077 1653 ἄρξαι
1133 1581 1293 1637 αὑτὸν
1326 1583 1433 1637 ἀπὸ
1462 1582 1734 1654 θαλάσσης

188 1677 275 1738 ἕως
302 1675 593 1745 θαλάσσης,
629 1674 723 1728 καὶ
764 1674 873 1727 ἀπὸ
910 1673 1171 1745 ποταμῶν
1207 1673 1312 1737 ἕως
1358 1675 1610 1746 περάτων
1634 1678 1734 1746 τῆς

187 1766 516 1837 οίκουμένης;
545 1765 715 1819 Τοῦτο
736 1765 864 1833 γοῦν
896 1765 1165 1837 ἐδήλωσαν
1197 1766 1246 1818 οί
1273 1764 1448 1819 λοιποὶ
1470 1766 1734 1837 ἑρμηνευ-

1838 582 1958 622 cus.
1994 587 2013 619 ι
2047 566 2214 639 ﬁlo
2239 565 2366 622 Haec
2399 567 2467 623 de
2496 568 2782 624 eversione
2809 571 2968 641 regiae
2998 570 3280 641 dignitatis
3307 572 3399 626 Ju-

1837 658 2006 714 daica:
2033 660 2214 730 gentis
2245 660 2502 731 praedicta
2532 667 2697 726 sunt,
2732 676 2838 731 qua
2870 662 3129 732 praedicta
3159 665 3404 720 eversio-

1837 765 1904 805 ne
1925 791 1940 816 ,
1978 767 2173 808 rursus
2206 767 2269 807 ea
2298 766 2419 822 qua:
2450 751 2517 806 ad
2552 767 2740 823 pacem
2790 754 3033 824 gentium
3078 756 3394 825 pertinent,

1836 851 2208 899 consentanea
2240 843 2307 900 iis
2348 858 2469 915 qua:
2511 843 2668 914 prius
2706 845 2954 914 exposita
2997 853 3161 912 sunt,
3198 845 3398 916 adjun-

1838 940 2041 1003 guntur
2073 933 2178 988 hoc
2208 933 2370 989 modo
2402 953 2416 989 :
2457 951 2475 985 ‹
2515 933 2577 987 Ει
2621 933 2958 989 abundantia
2991 936 3141 1006 pacis
3174 952 3238 991 ex
3268 952 3402 1008 gen-

1835 1024 1983 1080 tibus
2006 1066 2021 1090 ,
2055 1044 2075 1077 ›
2109 1040 2208 1096 pro
2237 1040 2346 1095 quo
2375 1025 2570 1095 Aquila
2604 1034 2658 1080 et
2691 1026 2889 1096 reliqui
2925 1028 3248 1094 interpretes
3278 1028 3401 1084 red-

1835 1116 2132 1173 diderunt:
2171 1135 2190 1168 ι
2220 1116 2288 1171 Et
2348 1118 2602 1188 loquetur
2658 1132 2846 1188 pacem
2893 1115 3226 1189 gentibus,»
3256 1119 3403 1191 quod

1834 1207 2052 1278 quidem
2084 1209 2319 1266 maxime
2344 1209 2679 1280 abrAugusti
2714 1209 2941 1280 imperio
2973 1219 3188 1265 Constat
3218 1212 3299 1267 vel
3332 1212 3398 1267 ad

1843 1303 2071 1358 verbum
2113 1318 2237 1359 esse
2272 1304 2596 1375 completum
2619 1343 2634 1369 ,
2666 1319 2789 1359 cum
2829 1318 2895 1357 ex
2937 1303 3030 1356 illo
3064 1305 3244 1360 omnis
3276 1306 3399 1374 qui-

1833 1392 1954 1447 dem
2010 1392 2314 1464 principum
2357 1392 2652 1447 multitudo
2701 1392 3045 1463 disperierit,
3083 1408 3187 1462 pax
3220 1402 3398 1447 autem

1834 1483 2101 1553 plurimas
2148 1485 2299 1541 orbis
2344 1492 2537 1556 gentes
2576 1484 2855 1553 complexa
2902 1484 2993 1538 sit.
3049 1483 3184 1550 Quis
3237 1500 3401 1556 porro

1834 1582 1961 1629 ante
1993 1572 2242 1630 Romana
2285 1586 2526 1646 tempora
2560 1576 2643 1630 vel
2684 1573 2906 1630 Persico
2938 1577 3020 1631 vel
3053 1576 3401 1634 Macedonico

1836 1674 2015 1722 stante
2038 1667 2297 1737 imperio,
2327 1669 2450 1722 talis
2473 1667 2684 1723 exstitit
2709 1683 2805 1722 rex
2834 1666 3141 1722 Judaeorum
3163 1707 3179 1732 ,
3213 1678 3271 1722 ut
3303 1669 3402 1722 do-

1834 1759 2075 1815 minatus
2106 1760 2177 1814 sit
2206 1775 2235 1813 a
2265 1760 2401 1815 mari
2433 1777 2605 1830 usque
2635 1760 2701 1814 ad
2730 1775 2910 1826 mare,
2944 1770 2997 1816 et
3026 1778 3054 1813 ιι
3084 1760 3401 1817 ﬂuminibus

188 1858 278 1911 ταί.
405 1831 539 1925 γοῦν
591 1831 819 1920 Ἀκύλας
851 1831 1014 1927 φησί·
1057 1876 1074 1908 ι
1112 1857 1220 1910 Kal.
1250 1857 1470 1929 λαλήσει
1501 1831 1732 1929 ἐἰρήνην

1839 1865 2014 1920 usque
2046 1851 2115 1905 ad
2147 1853 2411 1908 terminos
2441 1855 2590 1908 orbis
2625 1854 2832 1908 teme?
2866 1854 3050 1924 itaque
3082 1854 3186 1909 hoc
3222 1854 3400 1925 signi-

186 1952 281 2013 τοῖς
300 1948 492 2013 ἔθνεσι,
526 1949 671 2020 καὶή
703 1949 920 2015 ἐξουσία
950 1949 1111 2003 αὑτοῦ
1152 1948 1259 2002 ἀπὸ
1296 1949 1568 2021 θαλάσσης
1590 1990 1604 2014 ,
1641 1951 1735 2004 καὶ

188 2043 278 2095 άπὸ
305 2040 546 2113 ποταμοῦ
573 2042 678 2105 ἐως
700 2042 951 2113 περάτων
982 2044 1081 2113 τῆς
1101 2042 1422 2115 οἰκουμένης
1440 2059 1452 2072 ·
1486 2061 1504 2093 ι
1535 2035 1579 2111 ᾧ
1614 2059 1735 2097 συν-

188 2136 285 2205 ᾁδει
304 2136 390 2188 καὶ
413 2134 479 2189 τὸ
512 2135 570 2187 ἐν
597 2133 978 2206 ἑϐδομηκοπῷ
1026 2133 1226 2206 πρώτῳ
1253 2133 1449 2206 ψαλμῷ
1484 2136 1611 2205 περὶ
1637 2137 1730 2190 τοῦ

188 2230 241 2280 ἐκ
259 2229 562 2298 σπέρματος
593 2226 900 2299 Σολομῶνος
920 2228 1312 2299 γεννησομένου
1342 2228 1598 2300 Χριστοῦ,
1631 2223 1733 2283 ὧδέ

189 2336 252 2389 τη
265 2321 375 2392 είρη
382 2321 562 2391 μένονο
585 2337 603 2370 ι
626 2319 896 2373 Ἀνατελεῑ
913 2321 968 2373 ἐν
981 2321 1100 2383 ταῖς
1119 2319 1351 2392 ἡμέραις
1363 2319 1526 2373 αὐτοῦ
1542 2320 1737 2375 δικαιου-

189 2412 321 2482 σύνη,
339 2412 428 2465 καὶ
445 2411 653 2482 πλῆθος
667 2413 908 2484 εἰρήνης,
924 2411 1029 2475 ἕως
1047 2406 1107 2466 οὗ
1126 2414 1482 2485 ἁνταναιρεθῇ
1512 2416 1545 2485 ή
1579 2415 1735 2487 σελή-

186 2522 260 2574 νη,
271 2505 356 2557 καί
369 2503 702 2576 κατακυριεύ
710 2520 790 2557 σει
805 2503 913 2557 ἀπὸ
932 2502 1209 2575 θαλάσσης
1223 2503 1328 2567 ἕως
1345 2504 1733 2576 Balacro-ngam.

187 2594 277 2647 ἀπὸ
299 2594 543 2666 ποταμοῦ
581 2595 686 2659 ἓως
717 2595 965 2667 περάτων
985 2598 1087 2666 τῆς
1114 2595 1469 2667 οἰκουμένηςσ
1508 2615 1527 2648 ι
1560 2596 1734 2652 ταῦτα

189 2686 278 2758 γὰρ
295 2688 413 2760 περὶ
427 2686 526 2741 τοῦ
546 2687 664 2742 υίοῦ
679 2687 993 2759 Σολομῶνος
1020 2686 1255 2757 ἐλέγετο,
1269 2688 1421 2743 οὐδὲν
1437 2688 1732 2761 λειπόμενα

188 2779 277 2833 τῶν
303 2783 355 2834 ἐν
384 2780 465 2852 τῷ
497 2781 749 2854 προφήτῃ
787 2779 1112 2851 εἰρημένων.
1147 2781 1273 2834 Πότ“
1300 2777 1393 2835 οὖν
1435 2780 1607 2835 ταῦτα
1638 2781 1733 2835 καὶ

190 2871 361 2944 τῶαῆ
391 2873 534 2927 κατὰ
585 2874 770 2935 ποίους
808 2872 1031 2943 χρόνους
1062 2873 1301 2941 γέγονεν,
1334 2873 1364 2925 ὁ
1415 2871 1733 2942 βουλόμενος

190 2964 610 3037 ἐρμηνευέτωοῆ
658 2964 787 3017 πότε
832 2963 1021 3018 ἄλλοτε
1075 2963 1210 3034 μετὰ
1264 2963 1361 3034 τὴν
1408 2960 1514 3016 ὑπὸ
1559 2963 1734 3017 Βαϐυ-

189 3054 371 3119 λωνίοις
424 3055 738 3127 πολιορκίαν
779 3053 1028 3125 δεύτερον
1067 3054 1392 3126 ἐμπρησμὸν
1445 3054 1732 3126 ὑπέμεινεν

1835 1940 2066 1995 ﬁcarunt
2108 1942 2305 2012 reliqui
2349 1944 2693 2014 interpretes.
2741 1945 2937 2015 Aquila
2983 1946 3127 2000 enim
3163 1946 3243 2001 sic
3274 1946 3396 2002 ait:

1840 2050 1858 2083 ‹
1899 2034 1962 2087 Et
2003 2034 2255 2103 loquetur
2293 2050 2480 2106 pacem
2511 2038 2798 2108 gentibus,
2829 2045 2884 2092 et
2931 2046 3175 2108 potestas
3204 2039 3324 2108 ejus
3369 2054 3400 2091 a

1834 2123 1972 2178 mari
2018 2140 2192 2195 usque
2231 2127 2299 2181 ad
2345 2143 2528 2194 mare,
2577 2136 2631 2184 et
2674 2143 2705 2183 a
2749 2126 3068 2186 ﬂuminibus
3112 2145 3286 2201 usque
3333 2130 3399 2184 ad

1834 2216 2099 2272 terminos
2129 2216 2281 2271 orbis
2322 2226 2499 2273 terrae.
2533 2238 2552 2270 ι
2583 2220 2683 2275 Cui
2728 2221 3027 2277 concordat
3070 2223 3232 2277 ctiam
3268 2222 3400 2276 illud
3492 2217 3502 2231 “

1833 2306 1977 2376 quod
2017 2308 2072 2361 in
2116 2322 2243 2362 Lxxt
2285 2308 2495 2377 psalmo
2528 2309 2595 2364 de
2623 2307 2844 2367 Christo
2872 2312 3108 2376 canitur,
3142 2312 3237 2383 qui
3283 2322 3401 2367 erat

1833 2397 1900 2454 de
1935 2399 2145 2454 semine
2188 2396 2499 2456 Salomonis
2550 2402 2830 2467 oriturus,
2882 2404 3024 2474 quod
3075 2405 3295 2474 quidem
3344 2409 3400 2463 in

1834 2490 1980 2545 hunc
2011 2490 2231 2547 modum
2279 2506 2339 2547 se
2370 2491 2577 2548 habet:
2613 2511 2632 2544 ι
2677 2492 2896 2549 Orietur
2940 2494 2994 2549 in
3034 2496 3226 2553 diebus
3282 2499 3401 2569 ejus

1828 2583 2076 2653 justitia,
2107 2591 2162 2638 et
2187 2583 2519 2639 abundantia
2548 2584 2896 2655 pacisdonec
2929 2586 3213 2644 auferatur
3249 2590 3399 2655 luna,

1833 2682 1887 2731 et
1916 2672 2291 2730 dominabitur
2318 2690 2350 2729 a
2384 2676 2523 2738 marj
2560 2692 2735 2746 usque
2781 2678 2850 2733 ad
2897 2693 3081 2743 mare,
3128 2690 3182 2735 et
3225 2696 3254 2735 a
3302 2682 3403 2737 ﬂu-

1834 2769 1984 2825 mine
2012 2785 2187 2840 usque
2216 2770 2285 2825 ad
2312 2771 2578 2826 terminos
2603 2772 2754 2829 orbis
2786 2780 2946 2830 terra:
2972 2777 3012 2831 ".
3054 2792 3073 2826 ι
3101 2775 3227 2831 Ηωο
3254 2777 3399 2832 enim

1833 2861 1901 2918 de
1945 2863 2057 2918 ﬂlio
2103 2862 2412 2919 Salomonis
2454 2864 2601 2919 dicta
2645 2874 2775 2922 sunt
2816 2882 2937 2937 qua:
2970 2867 3104 2922 nihil
3140 2866 3403 2923 differunt

1834 2955 1903 3011 ab
1955 2957 2060 3022 iis,
2108 2972 2231 3028 qua:
2280 2957 2424 3028 apud
2477 2955 2805 3029 Pmphetam
2854 2959 3130 3031 leguntur.
3165 2959 3397 3026 Quando

1834 3046 2001 3118 igitur
2030 3049 2174 3115 haec,
2206 3048 2291 3103 vel
2316 3048 2619 3118 quomodo,
2651 3057 2744 3104 aut
2778 3051 2977 3121 quibus
3010 3052 3235 3107 tandem
3264 3059 3405 3107 tem-

196 3145 547 3217 Ἰερουσαλὴμ,
574 3145 668 3199 καὶ
698 3146 726 3198 6
760 3145 818 3196 ἐν
851 3144 989 3215 αὐτῇ
1018 3143 1324 3216 κατεῤῥίφη
1360 3143 1511 3208 νεώς.
1548 3147 1625 3197 Ὃ
1640 3147 1733 3200 καὶ

1835 3139 2061 3209 poribus
2090 3139 2436 3205 exstiterint,
2473 3141 2519 3195 si
2560 3140 2684 3211 quis
2722 3152 2809 3199 est
2849 3142 2940 3213 qui
2982 3144 3188 3213 possit,
3229 3144 3403 3199 inter-

186 3236 298 3290 αὐτὸ
316 3237 497 3308 θαῦμα
531 3236 674 3309 μέγα
701 3234 835 3306 ἔχει,
854 3234 930 3298 ὡς
948 3234 1163 3306 ᾐνίξατο
1188 3235 1217 3286 6
1240 3237 1522 3308 προφήτης
1541 3236 1729 3290 εἰπών’

189 3330 501 3411 ιδιάνοιξον,
516 3331 545 3382 6
564 3328 815 3393 Λίϐανος,
836 3326 936 3391 τὰς
952 3326 1118 3396 θύρας
1138 3344 1254 3391 σου,
1270 3329 1362 3382 καὶ
1377 3329 1734 3398 καταφαγέτω

187 3421 281 3495 πῦρ
300 3422 391 3487 τὰς
429 3422 655 3492 κέδρους
682 3436 794 3474 σου.
835 3439 854 3472 ι
892 3418 1122 3474 Λίϐανον
1148 3420 1257 3492 γὰρ
1286 3420 1345 3472 ἐν
1374 3420 1582 3484 τούτοις
1608 3438 1734 3474 συν-

187 3513 312 3583 ήθως
342 3515 473 3568 αὐτὸ
503 3514 564 3567 τὸ
616 3514 760 3584 ἱερὸν
805 3512 1092 3583 ὀνομάζει·
1133 3513 1255 3565 ἐπεὶ
1297 3514 1392 3566 καὶ
1436 3513 1501 3566 δι’
1535 3514 1735 3585 ἐτέρων

189 3605 507 3677 προφητειῶν
539 3603 913 3658 ἀποδέδεικται
938 3602 1165 3666 Λίϐανος
1193 3602 1353 3666 αὐτὸς
1381 3605 1409 3656 6
1450 3602 1585 3667 νεὼς
1615 3606 1736 3657 ἐπι-

189 3697 516 3768 κεκλημένος.
568 3695 740 3748 Τοῦτο
783 3694 839 3747 δὲ
877 3694 973 3747 καὶ
1014 3693 1172 3746 αὐτοὶ
1224 3693 1412 3756 παῖδες
1470 3693 1734 3748 Ἰουδαίων

188 3788 334 3840 εἰσέτι
378 3786 472 3841 νῦν
523 3783 908 3857 ὁμολογοῦσιν
944 3785 1068 3837 ἐπεὶ
1111 3783 1207 3836 καὶ
1251 3783 1476 3846 Ἡσαΐας
1520 3784 1734 3855 ἐμφερῆ

188 3879 255 3949 τῷ
281 3880 409 3950 μετὰ
449 3882 639 3949 χεῖρας
684 3878 938 3949 προφήτῃ
965 3862 1233 3940 θεσπίζων
1277 3875 1507 3947 ἔφησεν·
1540 3894 1558 3927 ι
1606 3875 1733 3929 Ἰδοὺ

190 3966 371 4039 Κύριος
426 3967 650 4020 Σαϐαὼθ
709 3964 1065 4036 συνταράσσει
1113 3965 1240 4027 τοὺς
1301 3963 1543 4043 ἐνδόξους
1598 3964 1736 4035 μετὰ

194 4059 383 4130 ἰσχύος,
424 4062 518 4115 καὶ
550 4061 601 4113 οἰ
632 4058 824 4130 ὑψηλοὶ
852 4060 919 4129 τῇ
974 4056 1128 4129 ὕϐρει
1162 4056 1624 4129 συντριϐήσονται.
1678 4058 1736 4108 Ὀ

191 4149 238 4203 ἃ
261 4151 478 4216 Λίϐανος
499 4153 597 4205 σὺν
619 4153 733 4214 τοῖς
765 4148 985 4220 ὑψηλοῖς
1007 4151 1270 4215 πεσεῖται,
1291 4149 1384 4201 καὶ
1399 4147 1737 4213 ἐξελεύσεται

196 4243 366 4313 ῥάϐδος
395 4245 462 4299 ἐκ
485 4246 586 4316 τῆς
608 4242 762 4315 ῥίζης
803 4241 1020 4304 Ἰεσσαὶ,
1045 4241 1138 4294 καὶ
1180 4240 1340 4304 ἄνθος
1365 4242 1429 4295 ἐκ
1453 4241 1554 4311 τῆς
1583 4241 1737 4313 ῥίζης

192 4335 520 4408 ἀναϐήσεται,
544 4336 639 4391 καὶ
660 4333 1103 4388 ἐπαναπαύσεται
1123 4334 1209 4386 ἐπ’
1226 4331 1386 4387 αὐτὸν
1409 4333 1624 4403 πνεῦμα
1641 4331 1735 4385 τοῦ

192 4426 312 4483 Θεοῦ
333 4447 380 4484 ο)
404 4425 732 4498 οἷςέπιλέγει
750 4446 764 4459 ·
803 4449 822 4479 ι
850 4429 960 4481 Καὶ
986 4426 1133 4481 ἐσται
1159 4428 1193 4497 ή
1238 4426 1361 4497 ῥίζα
1388 4425 1483 4478 τοῦ
1519 4425 1734 4488 Ἰεσσαὶ,

1834 3239 2099 3301 pretetur.
2139 3235 2248 3285 Aut
2279 3245 2518 3301 quonam
2572 3233 2679 3287 alio
2725 3242 2967 3304 tempore
3003 3243 3128 3306 post
3170 3235 3403 3307 Babylo-

1834 3323 2014 3378 nicam
2042 3323 2416 3390 obsidionem,
2445 3325 2674 3380 alterum
2704 3342 2963 3397 perpessa
2989 3328 3063 3384 sit
3084 3328 3400 3385 incendium

1832 3411 2170 3479 Jerusalem,
2218 3422 2273 3469 et
2315 3415 2461 3486 quod
2504 3415 2561 3470 in
2604 3417 2720 3488 ipsa
2759 3419 3023 3489 templum
3067 3429 3219 3487 erat,
3251 3420 3405 3489 deje-

1834 3515 1982 3561 ctum
2015 3508 2109 3564 sit.
2136 3506 2291 3574 Quod
2321 3508 2483 3563 etiam
2511 3509 2687 3579 ipsum
2713 3525 2965 3581 magnam
2991 3510 3146 3566 aﬂ'ert
3169 3513 3406 3569 admira-

1833 3599 2037 3655 tionem
2057 3641 2073 3667 ,
2109 3600 2566 3670 quemadmodum
2596 3601 2856 3671 propheta
2892 3604 2947 3657 id
2975 3604 3398 3676 signiﬁcaverit,

1835 3691 2023 3747 dicens
2054 3710 2067 3745 :
2097 3709 2116 3742 ι
2141 3692 2340 3762 Aperi,
2371 3691 2575 3747 Libane
2595 3731 2611 3757 ,
2646 3700 2832 3763 portas
2865 3701 2988 3750 tuas
3007 3735 3023 3759 ,
3060 3703 3114 3750 et
3155 3696 3404 3752 comedat

1834 3782 1977 3853 ignis
2004 3781 2198 3837 cedros
2249 3789 2391 3838 tuas.
2430 3802 2448 3835 ι
2480 3781 2614 3849 Nam
2666 3782 2933 3839 Libanum
2983 3785 3039 3839 in
3086 3786 3173 3842 bis
3223 3788 3403 3845 verbis

1835 3889 1990 3929 more
2010 3889 2113 3930 suo
2134 3874 2394 3944 templum
2416 3875 2594 3944 ipsum
2616 3874 2897 3930 nominat:
2924 3877 3179 3946 quoniam
3202 3877 3255 3932 in
3279 3879 3402 3934 aliis

1835 3979 2057 4035 quoque
2104 3963 2408 4034 prophetiis
2453 3971 2733 4020 ostensum
2766 3971 2886 4029 est,
2922 3963 3188 4021 Libanum
3222 3969 3401 4039 ipsum

1837 4056 2102 4127 templum
2129 4056 2335 4110 vocari.
2364 4054 2423 4111 ld
2452 4063 2633 4112 autem
2658 4055 2761 4126 ipsi
2789 4071 3006 4126 quoque
3026 4055 3197 4114 Judaei
3226 4058 3404 4115 adhuc

1837 4148 2190 4210 conﬁtentur,
2240 4146 2681 4218 quandoquidem
2713 4146 2884 4204 Isaias
2914 4149 3043 4204 huic
3086 4150 3401 4221 prophetat,

1835 4239 1930 4310 qui
1959 4253 2107 4294 nunc
2123 4246 2415 4300 tractatur,
2446 4237 2648 4292 similia
2660 4253 2863 4295 canens
2891 4239 3066 4294 dixit:
3091 4259 3109 4292 ι
3133 4239 3273 4296 Ecce
3296 4240 3405 4296 Βο-

1835 4332 2019 4387 minus
2052 4330 2293 4386 Sabaoth
2322 4331 2674 4386 conturbabit
2698 4331 2969 4403 gloriosos
3001 4347 3125 4387 cum
3170 4333 3366 4389 robore
3385 4373 3402 4398 ,

1836 4430 1892 4481 et
1932 4422 2133 4479 excelsi
2186 4422 2515 4477 contumelia
2550 4428 2922 4477 conterentur.
2957 4421 3195 4477 Libanus
3222 4430 3400 4477 autem

193 4521 276 4573 καὶ
313 4523 340 4574 6
391 4521 746 4592 ἀνιστάμενος
776 4520 962 4592 ἄρχειν
1013 4518 1181 4573 ἐθνῶν
1207 4559 1221 4584 ,
1281 4520 1365 4571 ἐπ’
1412 4517 1558 4589 αὐτῷ
1610 4517 1733 4588 ἔθνη

1839 4531 1963 4571 cum
2001 4514 2233 4572 excelsis
2274 4515 2463 4577 cadet,
2509 4520 2564 4568 ct
2602 4512 2909 4583 egredietur
2942 4513 3090 4583 virga
3124 4512 3190 4568 de
3220 4513 3403 4569 radice

192 4610 433 4667 ἓλπιοῦσι.
458 4633 478 4665 ι
510 4614 622 4667 Καὶ
652 4612 884 4666 ἐνταῦθα
922 4612 1030 4684 γάρ
1064 4610 1200 4683 όμοῦ
1227 4613 1294 4681 τῇ
1327 4611 1392 4663 ἐκ
1427 4611 1740 4681 σπέρματος

204 4703 380 4758 Ἰεσσαὶ
402 4704 494 4759 καί⁵
511 4704 671 4758 Δαϐὶδ
697 4705 907 4773 γενέσει
923 4702 1014 4756 τοῦ
1048 4700 1308 4773 Χριστοῦ,
1343 4699 1576 4753 Λιϐάνου
1605 4698 1737 4753 καθ-

194 4795 384 4864 αίρεσις
421 4798 514 4850 καὶ
545 4794 717 4850 ἐθνῶν
745 4795 938 4867 κλῆσις
971 4793 1256 4864 συνῆπται.
1288 4790 1517 4845 Λίϐανον
1541 4790 1599 4842 δὲ
1629 4789 1726 4861 τὴν

204 4879 539 4957 Ἰερουσαλὴμ
589 4884 881 4956 διαρρήδην
930 4886 959 4937 ὁ
1010 4884 1103 4936 καὶ
1164 4880 1422 4952 Ἰεζεκιὴλ
1489 4882 1740 4950 σημαίνει

193 4971 382 5043 λέγων·
422 4996 441 5030 ι
486 4979 547 5031 Ὅ
586 4977 744 5040 ἀετὸς
773 4978 802 5030 6
837 4974 1035 5047 μέγας,
1076 4976 1105 5027 6
1155 4972 1666 5045 μεγαλοπτέρυγος,
1712 4973 1741 5025 6

197 5064 319 5136 ἔχων
344 5069 402 5122 τὸ
423 5071 619 5142 ήγημα
656 5067 917 5122 εἰσελθεῖν
952 5067 1033 5130 εις
1066 5066 1157 5119 τὸν
1198 5065 1462 5127 Λίϐανον,
1500 5063 1593 5116 καὶ
1634 5064 1740 5117 άπ-

200 5157 371 5230 έκρισε
397 5162 463 5216 τὰ
495 5159 680 5216 ἁπαλὰ
710 5161 808 5233 τῆς
837 5160 1049 5232 κέδρου.
1090 5178 1109 5209 ι
1136 5157 1322 5211 Ταῦτα
1356 5153 1487 5226 γοῦν
1519 5156 1547 5207 6
1579 5152 1740 5216 αὐτὸς

197 5249 312 5320 ἑξῆς
347 5252 614 5323 διασαφῶν
641 5250 912 5321 ἐπιλέγει·
948 5271 965 5302 ι
992 5251 1105 5303 ”Οτ’
1139 5249 1205 5303 ἂν
1247 5247 1375 5320 ἔλθῃ
1404 5245 1738 5316 Ναϐουχοδο-

195 5343 343 5416 νόσορ
386 5346 471 5399 ἐπὶ
526 5342 916 5417 Ἰερουσαλήμ,
971 5342 1065 5395 καὶ
1127 5340 1268 5413 λάϐῃ
1291 5339 1416 5402 τοὺς
1474 5338 1738 5410 ἄρχοντας

198 5434 372 5506 αὐτῆς,
394 5446 417 5488 r
451 5436 544 5491 καὶ
572 5436 645 5489 τὰ
687 5436 831 5506 ἑξῆς.
880 5432 1040 5487 Ἀλλὰ
1072 5430 1245 5484 ταῦτα
1282 5431 1380 5502 μὲν
1413 5432 1442 5484 6
1484 5429 1739 5500 Ἰεζεκιὴλ

199 5526 317 5596 περὶ
345 5526 435 5597 τῆς
468 5525 688 5599 πρώτης
720 5523 908 5596 ἐδήλου
943 5520 1276 5593 πολιορκίας,
1313 5520 1429 5590 μεθ’
1459 5520 1525 5590 ἢν
1563 5521 1592 5572 6
1630 5522 1737 5573 Ζα-

201 5616 377 5688 χαρίας
407 5620 649 5690 περὶτῆς
676 5617 930 5688 δευτέρας
965 5611 1229 5678 θεσπίζει.
1253 5613 1389 5665 Πότε
1420 5612 1572 5675 οὗτος
1604 5611 1738 5682 μετὰ

265 5795 283 5824 ⁷
322 5795 458 5852 Psal.
492 5814 651 5863 tut,
684 5794 737 5861 7,
777 5796 830 5852 8.
912 5796 933 5827 ⁸
974 5794 1078 5849 Isa.
1110 5808 1199 5858 ιι,
1238 5792 1288 5858 1,
1318 5792 1372 5845 ‘2.
1423 5763 1469 5824 ’⁸
1512 5790 1639 5845 ibid.
1678 5789 1762 5843 10.

1831 4607 2007 4674 Jesse,
2029 4615 2084 4662 et
2106 4606 2207 4662 ﬂos
2232 4606 2299 4661 de
2328 4604 2514 4660 radice
2535 4605 2814 4668 ascendet,
2837 4614 2891 4661 et
2913 4606 3221 4675 requiescet
3241 4620 3404 4675 super

1833 4715 1957 4754 eum
1981 4699 2210 4769 spiritus
2239 4696 2334 4752 Dei
2355 4696 2399 4762 3;
2425 4715 2443 4747 ι
2465 4693 2666 4764 quibus
2686 4694 2929 4766 adjungit
2956 4715 2967 4748 :
2991 4714 3008 4745 ι
3033 4693 3094 4748 Et
3114 4694 3220 4750 erit
3247 4693 3403 4748 radix

1831 4790 2027 4855 Jesse,
2071 4797 2127 4845 et
2166 4789 2261 4858 qui
2308 4789 2485 4858 surgit
2527 4794 2585 4842 ut
2627 4786 2851 4856 imp‘eret
2881 4785 3163 4856 gentibus,
3195 4784 3249 4839 in
3284 4784 3404 4855 ipso

1833 4883 1993 4956 41],
2017 4889 2208 4954 gentes
2237 4880 2593 4951 sperabunt“.
2626 4898 2646 4931 ι
2683 4877 2894 4933 Etenim
2929 4878 3017 4932 hic
3045 4892 3263 4948 quoque
3297 4894 3403 4932 una

1834 4988 1960 5028 cum
1991 4978 2115 5027 ortu
2142 4969 2347 5026 Christi
2372 4968 2441 5024 de
2479 4969 2687 5023 semine
2714 4965 2872 5022 Jesse
2898 4974 2954 5020 et
2983 4964 3177 5031 David,
3213 4964 3402 5020 Libani

1841 5063 2056 5121 eversio
2084 5067 2139 5118 et
2168 5061 2410 5132 gentium
2438 5058 2653 5114 vocatio
2678 5056 2972 5127 conjuncta
2999 5064 3104 5113 est.
3137 5055 3402 5110 Libanum

1842 5163 2024 5209 autem
2065 5154 2238 5223 ipsam
2284 5148 2587 5206 Jerusalem
2633 5148 2904 5218 intelligi,
2952 5145 3204 5202 Ezechiel
3246 5146 3405 5217 plane

1842 5244 2114 5317 signiﬁcat
2141 5243 2228 5297 bis
2272 5241 2493 5298 verbis:
2528 5259 2547 5291 ι
2578 5239 2776 5310 Aquila
2813 5238 3038 5309 grandis
3084 5250 3411 5307 magnarum

1842 5340 2073 5404 alarum,
2097 5351 2219 5406 qua:
2239 5334 2404 5390 habet
2440 5335 2824 5388 auctoritatem
2858 5328 3199 5402 ingrediendi
3234 5329 3289 5382 in
3316 5326 3406 5381 Li-

1837 5426 2063 5488 banum,
2102 5432 2158 5480 et
2196 5423 2391 5479 evulsit
2440 5431 2629 5477 tenera
2671 5421 2818 5477 cedri
2848 5420 2911 5475 ¹⁰.
2950 5438 2970 5471 ι
3009 5418 3075 5472 Et
3122 5419 3237 5472 haec
3287 5417 3411 5487 ipsa

1839 5517 2096 5587 deinceps
2116 5516 2415 5586 explanans
2437 5513 2576 5568 idem
2604 5513 2886 5584 prepbeta,
2914 5509 3160 5581 adjungit
3183 5528 3197 5564 :
3220 5526 3241 5561 ι
3268 5507 3407 5563 Cum

1844 5610 2058 5667 venerit
2089 5606 2598 5662 Nabuchodonosor
2648 5603 2704 5658 in
2738 5602 3064 5669 Jerusalem,
3097 5608 3150 5658 et
3183 5615 3407 5672 accepe-

1843 5790 1884 5820 ¹⁰
1926 5788 2119 5842 Ezech.
2156 5800 2299 5851 xvu,
2332 5784 2385 5838 5.
