  <div class='ocr_page' id='page_1' title='image "/cluster/home/n/w/nwhite01/storage/ocr_20150623/22/mdp.39015078384388/339.png"; bbox 0 0 3908 6266; ppageno 0'>
   <div class='ocr_carea' id='block_1_1' title="bbox 511 297 618 352">
    <p class='ocr_par' dir='ltr' id='par_1_1' title="bbox 511 297 618 352">
     <span class='ocr_line' id='line_1_1' title="bbox 511 297 618 352; baseline 0.019 -2"><span class='ocrx_word' id='word_1_1' title='bbox 511 297 618 352; x_wconf 65' lang='grc' dir='ltr'><strong>6.ιὸ</strong></span> 
     </span>
    </p>
   </div>
   <div class='ocr_carea' id='block_1_2' title="bbox 580 254 3082 348">
    <p class='ocr_par' dir='ltr' id='par_1_2' title="bbox 580 254 3082 348">
     <span class='ocr_line' id='line_1_2' title="bbox 580 254 3082 348; baseline -0.001 0"><span class='ocrx_word' id='word_1_2' title='bbox 580 295 618 348; x_wconf 80' lang='lat'><strong>‘5</strong></span> <span class='ocrx_word' id='word_1_3' title='bbox 1144 291 1412 348; x_wconf 85' lang='lat' dir='ltr'><strong>EUSEBH</strong></span> <span class='ocrx_word' id='word_1_4' title='bbox 1449 254 1930 348; x_wconf 61' lang='lat' dir='ltr'><strong>CASSARIENSIS</strong></span> <span class='ocrx_word' id='word_1_5' title='bbox 1965 291 2116 348; x_wconf 89' lang='lat' dir='ltr'><strong>OPP.</strong></span> <span class='ocrx_word' id='word_1_6' title='bbox 2159 289 2339 347; x_wconf 79' lang='lat' dir='ltr'><strong>PARS</strong></span> <span class='ocrx_word' id='word_1_7' title='bbox 2377 289 2441 344; x_wconf 67' lang='lat' dir='ltr'><strong>ll.</strong></span> <span class='ocrx_word' id='word_1_8' title='bbox 2481 321 2550 330; x_wconf 96' lang='lat'><strong>—</strong></span> <span class='ocrx_word' id='word_1_9' title='bbox 2583 289 3082 346; x_wconf 74' lang='lat' dir='ltr'><strong>APOLOGETICA.</strong></span> 
     </span>
    </p>
   </div>
   <div class='ocr_carea' id='block_1_3' title="bbox 3655 289 3751 345">
    <p class='ocr_par' dir='ltr' id='par_1_3' title="bbox 3655 289 3751 345">
     <span class='ocr_line' id='line_1_3' title="bbox 3655 289 3751 345; baseline 0.021 -2"><span class='ocrx_word' id='word_1_10' title='bbox 3655 289 3751 345; x_wconf 64' lang='grc'><strong>644</strong></span> 
     </span>
    </p>
   </div>
   <div class='ocr_carea' id='block_1_4' title="bbox 512 403 2063 482">
    <p class='ocr_par' dir='ltr' id='par_1_4' title="bbox 512 409 2056 482">
     <span class='ocr_line' id='line_1_4' title="bbox 512 409 2056 482; baseline -0.001 -16"><span class='ocrx_word' id='word_1_11' title='bbox 512 414 586 467; x_wconf 83' lang='lat' dir='ltr'><strong>rit</strong></span> <span class='ocrx_word' id='word_1_12' title='bbox 617 412 869 482; x_wconf 78' lang='lat' dir='ltr'><strong>prin&#39;Ceps</strong></span> <span class='ocrx_word' id='word_1_13' title='bbox 907 409 1108 480; x_wconf 80' lang='lat' dir='ltr'><strong>ejus“,</strong></span> <span class='ocrx_word' id='word_1_14' title='bbox 1143 428 1161 460; x_wconf 75' lang='grc' dir='ltr'><strong>ι</strong></span> <span class='ocrx_word' id='word_1_15' title='bbox 1195 420 1247 464; x_wconf 85' lang='lat' dir='ltr'><strong>et</strong></span> <span class='ocrx_word' id='word_1_16' title='bbox 1269 425 1390 480; x_wconf 67' lang='lat' dir='ltr'><strong>quae</strong></span> <span class='ocrx_word' id='word_1_17' title='bbox 1425 418 1749 481; x_wconf 87' lang='lat' dir='ltr'><strong>sequuntur.</strong></span> <span class='ocrx_word' id='word_1_18' title='bbox 1793 411 2056 466; x_wconf 56' lang='lat' dir='ltr'><strong>Caeterum</strong></span> 
     </span>
    </p>
   </div>
   <div class='ocr_carea' id='block_1_5' title="bbox 2165 403 3749 482">
    <p class='ocr_par' dir='ltr' id='par_1_5' title="bbox 2186 403 3749 482">
     <span class='ocr_line' id='line_1_5' title="bbox 2186 403 3749 482; baseline -0.006 -18"><span class='ocrx_word' id='word_1_19' title='bbox 2186 411 2311 475; x_wconf 84' lang='grc' dir='ltr'>τοὺς</span> <span class='ocrx_word' id='word_1_20' title='bbox 2331 409 2595 482; x_wconf 82' lang='grc' dir='ltr'>Ζαχαρίου</span> <span class='ocrx_word' id='word_1_21' title='bbox 2621 409 2843 481; x_wconf 90' lang='grc' dir='ltr'>χρόνους</span> <span class='ocrx_word' id='word_1_22' title='bbox 2868 408 2959 460; x_wconf 73' lang='grc' dir='ltr'><strong>ἐπὶ</strong></span> <span class='ocrx_word' id='word_1_23' title='bbox 2991 407 3090 477; x_wconf 81' lang='grc' dir='ltr'><strong>τῆς</strong></span> <span class='ocrx_word' id='word_1_24' title='bbox 3114 405 3440 459; x_wconf 81' lang='grc' dir='ltr'><strong>Μακεδόνων</strong></span> <span class='ocrx_word' id='word_1_25' title='bbox 3480 403 3749 475; x_wconf 83' lang='grc' dir='ltr'>βασιλείας</span> 
     </span>
    </p>
   </div>
   <div class='ocr_carea' id='block_1_6' title="bbox 511 499 2081 573">
    <p class='ocr_par' dir='ltr' id='par_1_6' title="bbox 511 499 2081 573">
     <span class='ocr_line' id='line_1_6' title="bbox 511 499 2081 573; baseline -0.001 -17"><span class='ocrx_word' id='word_1_26' title='bbox 511 502 990 573; x_wconf 80' lang='lat' dir='ltr'><strong>Ezechielquidem</strong></span> <span class='ocrx_word' id='word_1_27' title='bbox 1014 501 1126 553; x_wconf 69' lang='lat' dir='ltr'><strong>haec</strong></span> <span class='ocrx_word' id='word_1_28' title='bbox 1149 499 1214 554; x_wconf 93' lang='lat' dir='ltr'><strong>de</strong></span> <span class='ocrx_word' id='word_1_29' title='bbox 1229 501 1405 570; x_wconf 86' lang='lat' dir='ltr'><strong>prima</strong></span> <span class='ocrx_word' id='word_1_30' title='bbox 1428 500 1737 556; x_wconf 80' lang='lat' dir='ltr'><strong>Jerusalem</strong></span> <span class='ocrx_word' id='word_1_31' title='bbox 1793 501 2081 556; x_wconf 85' lang='lat' dir='ltr'><strong>obsidione</strong></span> 
     </span>
    </p>
   </div>
   <div class='ocr_carea' id='block_1_7' title="bbox 510 592 2083 666">
    <p class='ocr_par' dir='ltr' id='par_1_7' title="bbox 510 592 2083 666">
     <span class='ocr_line' id='line_1_7' title="bbox 510 592 2083 666; baseline -0.001 -15"><span class='ocrx_word' id='word_1_32' title='bbox 510 596 759 666; x_wconf 70' lang='lat' dir='ltr'><strong>praedixit</strong></span> <span class='ocrx_word' id='word_1_33' title='bbox 789 614 802 649; x_wconf 87' lang='lat'><strong>:</strong></span> <span class='ocrx_word' id='word_1_34' title='bbox 837 602 959 665; x_wconf 85' lang='lat' dir='ltr'><strong>post</strong></span> <span class='ocrx_word' id='word_1_35' title='bbox 997 594 1155 663; x_wconf 87' lang='lat' dir='ltr'><strong>cujus</strong></span> <span class='ocrx_word' id='word_1_36' title='bbox 1195 592 1498 649; x_wconf 84' lang='lat' dir='ltr'><strong>obsidiOnis</strong></span> <span class='ocrx_word' id='word_1_37' title='bbox 1542 603 1754 665; x_wconf 92' lang='lat' dir='ltr'><strong>tempus</strong></span> <span class='ocrx_word' id='word_1_38' title='bbox 1789 593 2083 649; x_wconf 81' lang='lat' dir='ltr'><strong>Zacharias</strong></span> 
     </span>
    </p>
   </div>
   <div class='ocr_carea' id='block_1_8' title="bbox 503 686 2083 757">
    <p class='ocr_par' dir='ltr' id='par_1_8' title="bbox 503 686 2083 757">
     <span class='ocr_line' id='line_1_8' title="bbox 503 686 2083 757; baseline 0 -16"><span class='ocrx_word' id='word_1_39' title='bbox 503 688 580 743; x_wconf 84' lang='lat' dir='ltr'><strong>de</strong></span> <span class='ocrx_word' id='word_1_40' title='bbox 627 686 864 741; x_wconf 88' lang='lat' dir='ltr'><strong>secunda</strong></span> <span class='ocrx_word' id='word_1_41' title='bbox 903 686 1131 740; x_wconf 90' lang='lat' dir='ltr'><strong>divinat.</strong></span> <span class='ocrx_word' id='word_1_42' title='bbox 1175 686 1403 751; x_wconf 85' lang='lat' dir='ltr'><strong>Quando</strong></span> <span class='ocrx_word' id='word_1_43' title='bbox 1449 687 1615 757; x_wconf 79' lang='lat' dir='ltr'><strong>igitur</strong></span> <span class='ocrx_word' id='word_1_44' title='bbox 1656 694 1778 756; x_wconf 88' lang='lat' dir='ltr'><strong>post</strong></span> <span class='ocrx_word' id='word_1_45' title='bbox 1809 686 2083 741; x_wconf 63' lang='lat' dir='ltr'><strong>Zachariae</strong></span> 
     </span>
    </p>
   </div>
   <div class='ocr_carea' id='block_1_9' title="bbox 507 778 2081 849">
    <p class='ocr_par' dir='ltr' id='par_1_9' title="bbox 507 778 2081 849">
     <span class='ocr_line' id='line_1_9' title="bbox 507 778 2081 849; baseline 0.001 -17"><span class='ocrx_word' id='word_1_46' title='bbox 507 789 772 848; x_wconf 87' lang='lat' dir='ltr'><strong>tempora,</strong></span> <span class='ocrx_word' id='word_1_47' title='bbox 809 779 910 833; x_wconf 87' lang='lat' dir='ltr'><strong>sub</strong></span> <span class='ocrx_word' id='word_1_48' title='bbox 947 780 1174 849; x_wconf 90' lang='lat' dir='ltr'><strong>imperio</strong></span> <span class='ocrx_word' id='word_1_49' title='bbox 1201 778 1556 833; x_wconf 81' lang='lat' dir='ltr'><strong>Macedonum</strong></span> <span class='ocrx_word' id='word_1_50' title='bbox 1586 779 1848 849; x_wconf 83' lang='lat' dir='ltr'><strong>templum</strong></span> <span class='ocrx_word' id='word_1_51' title='bbox 1896 780 2081 834; x_wconf 90' lang='lat' dir='ltr'><strong>incen-</strong></span> 
     </span>
    </p>
   </div>
   <div class='ocr_carea' id='block_1_10' title="bbox 510 857 2082 941">
    <p class='ocr_par' dir='ltr' id='par_1_10' title="bbox 510 857 2082 941">
     <span class='ocr_line' id='line_1_10' title="bbox 510 857 2082 941; baseline 0.001 -18"><span class='ocrx_word' id='word_1_52' title='bbox 510 884 630 923; x_wconf 92' lang='lat' dir='ltr'><strong>sum</strong></span> <span class='ocrx_word' id='word_1_53' title='bbox 671 871 790 924; x_wconf 84' lang='lat' dir='ltr'><strong>est?</strong></span> <span class='ocrx_word' id='word_1_54' title='bbox 819 877 972 925; x_wconf 81' lang='lat' dir='ltr'><strong>certe</strong></span> <span class='ocrx_word' id='word_1_55' title='bbox 1017 886 1317 940; x_wconf 86' lang='lat' dir='ltr'><strong>nunquam.</strong></span> <span class='ocrx_word' id='word_1_56' title='bbox 1366 871 1645 940; x_wconf 84' lang='lat' dir='ltr'><strong>Siquidem</strong></span> <span class='ocrx_word' id='word_1_57' title='bbox 1681 879 1804 940; x_wconf 92' lang='lat' dir='ltr'><strong>post</strong></span> <span class='ocrx_word' id='word_1_58' title='bbox 1851 857 2082 941; x_wconf 86' lang='lat' dir='ltr'><strong>Babylo-</strong></span> 
     </span>
    </p>
   </div>
   <div class='ocr_carea' id='block_1_11' title="bbox 508 961 2076 1034">
    <p class='ocr_par' dir='ltr' id='par_1_11' title="bbox 508 961 2076 1034">
     <span class='ocr_line' id='line_1_11' title="bbox 508 961 2076 1034; baseline 0.001 -20"><span class='ocrx_word' id='word_1_59' title='bbox 508 961 725 1016; x_wconf 87' lang='lat' dir='ltr'><strong>niorum</strong></span> <span class='ocrx_word' id='word_1_60' title='bbox 760 963 1238 1032; x_wconf 89' lang='lat' dir='ltr'><strong>depopulationem</strong></span> <span class='ocrx_word' id='word_1_61' title='bbox 1283 970 1446 1034; x_wconf 86' lang='lat' dir='ltr'><strong>atque</strong></span> <span class='ocrx_word' id='word_1_62' title='bbox 1496 963 1827 1028; x_wconf 89' lang='lat' dir='ltr'><strong>incendium,</strong></span> <span class='ocrx_word' id='word_1_63' title='bbox 1875 963 2076 1017; x_wconf 92' lang='lat' dir='ltr'><strong>nullam</strong></span> 
     </span>
    </p>
   </div>
   <div class='ocr_carea' id='block_1_12' title="bbox 505 1054 2078 1126">
    <p class='ocr_par' dir='ltr' id='par_1_12' title="bbox 505 1054 2078 1126">
     <span class='ocr_line' id='line_1_12' title="bbox 505 1054 2078 1126; baseline 0.003 -20"><span class='ocrx_word' id='word_1_64' title='bbox 505 1054 650 1123; x_wconf 80' lang='lat' dir='ltr'><strong>ignis</strong></span> <span class='ocrx_word' id='word_1_65' title='bbox 668 1062 893 1109; x_wconf 89' lang='lat' dir='ltr'><strong>alteram</strong></span> <span class='ocrx_word' id='word_1_66' title='bbox 915 1057 1269 1110; x_wconf 79' lang='lat' dir='ltr'><strong>vastationem</strong></span> <span class='ocrx_word' id='word_1_67' title='bbox 1285 1071 1523 1126; x_wconf 86' lang='lat' dir='ltr'><strong>unquam</strong></span> <span class='ocrx_word' id='word_1_68' title='bbox 1550 1071 1805 1126; x_wconf 90' lang='lat' dir='ltr'><strong>perpessa</strong></span> <span class='ocrx_word' id='word_1_69' title='bbox 1829 1065 1911 1110; x_wconf 88' lang='lat' dir='ltr'><strong>est</strong></span> <span class='ocrx_word' id='word_1_70' title='bbox 1927 1056 2078 1121; x_wconf 89' lang='lat' dir='ltr'><strong>urbs,</strong></span> 
     </span>
    </p>
   </div>
   <div class='ocr_carea' id='block_1_13' title="bbox 503 1131 2079 1217">
    <p class='ocr_par' dir='ltr' id='par_1_13' title="bbox 503 1131 2079 1217">
     <span class='ocr_line' id='line_1_13' title="bbox 503 1131 2079 1217; baseline 0.003 -21"><span class='ocrx_word' id='word_1_71' title='bbox 503 1143 611 1197; x_wconf 78' lang='lat' dir='ltr'><strong>nisi</strong></span> <span class='ocrx_word' id='word_1_72' title='bbox 640 1144 744 1198; x_wconf 88' lang='lat' dir='ltr'><strong>sub</strong></span> <span class='ocrx_word' id='word_1_73' title='bbox 775 1131 1114 1215; x_wconf 74' lang='lat' dir='ltr'><strong>Vespasiano</strong></span> <span class='ocrx_word' id='word_1_74' title='bbox 1138 1161 1201 1200; x_wconf 91' lang='lat' dir='ltr'><strong>ac</strong></span> <span class='ocrx_word' id='word_1_75' title='bbox 1231 1145 1354 1198; x_wconf 89' lang='lat' dir='ltr'><strong>Tito</strong></span> <span class='ocrx_word' id='word_1_76' title='bbox 1381 1145 1750 1200; x_wconf 81' lang='lat' dir='ltr'><strong>Romanorum</strong></span> <span class='ocrx_word' id='word_1_77' title='bbox 1785 1148 2079 1217; x_wconf 90' lang='lat' dir='ltr'><strong>imperato-</strong></span> 
     </span>
    </p>
   </div>
   <div class='ocr_carea' id='block_1_14' title="bbox 505 1235 2079 1307">
    <p class='ocr_par' dir='ltr' id='par_1_14' title="bbox 505 1235 2079 1307">
     <span class='ocr_line' id='line_1_14' title="bbox 505 1235 2079 1307; baseline 0.004 -19"><span class='ocrx_word' id='word_1_78' title='bbox 505 1235 677 1296; x_wconf 82' lang='lat' dir='ltr'><strong>ribus,</strong></span> <span class='ocrx_word' id='word_1_79' title='bbox 713 1237 782 1291; x_wconf 90' lang='lat' dir='ltr'><strong>ob</strong></span> <span class='ocrx_word' id='word_1_80' title='bbox 830 1253 991 1307; x_wconf 89' lang='lat' dir='ltr'><strong>quam</strong></span> <span class='ocrx_word' id='word_1_81' title='bbox 1028 1254 1159 1293; x_wconf 87' lang='lat' dir='ltr'><strong>sane</strong></span> <span class='ocrx_word' id='word_1_82' title='bbox 1203 1241 1571 1294; x_wconf 89' lang='lat' dir='ltr'><strong>vastationem</strong></span> <span class='ocrx_word' id='word_1_83' title='bbox 1616 1255 1814 1294; x_wconf 84' lang='lat' dir='ltr'><strong>rursus</strong></span> <span class='ocrx_word' id='word_1_84' title='bbox 1844 1241 2079 1295; x_wconf 86' lang='lat' dir='ltr'><strong>obscure</strong></span> 
     </span>
    </p>
   </div>
   <div class='ocr_carea' id='block_1_15' title="bbox 501 1328 2077 1401">
    <p class='ocr_par' dir='ltr' id='par_1_15' title="bbox 501 1328 2077 1401">
     <span class='ocr_line' id='line_1_15' title="bbox 501 1328 2077 1401; baseline 0.004 -21"><span class='ocrx_word' id='word_1_85' title='bbox 501 1333 558 1380; x_wconf 82' lang='lat' dir='ltr'><strong>et</strong></span> <span class='ocrx_word' id='word_1_86' title='bbox 591 1343 687 1397; x_wconf 89' lang='lat' dir='ltr'><strong>per</strong></span> <span class='ocrx_word' id='word_1_87' title='bbox 721 1328 922 1398; x_wconf 84' lang='lat' dir='ltr'><strong>ﬁguras</strong></span> <span class='ocrx_word' id='word_1_88' title='bbox 961 1345 1076 1392; x_wconf 91' lang='lat' dir='ltr'><strong>eos,</strong></span> <span class='ocrx_word' id='word_1_89' title='bbox 1111 1331 1204 1398; x_wconf 91' lang='lat' dir='ltr'><strong>qui</strong></span> <span class='ocrx_word' id='word_1_90' title='bbox 1250 1331 1380 1383; x_wconf 90' lang='lat' dir='ltr'><strong>olim</strong></span> <span class='ocrx_word' id='word_1_91' title='bbox 1423 1331 1570 1400; x_wconf 86' lang='lat' dir='ltr'><strong>genti</strong></span> <span class='ocrx_word' id='word_1_92' title='bbox 1616 1331 1977 1401; x_wconf 82' lang='lat' dir='ltr'><strong>imperabant,</strong></span> <span class='ocrx_word' id='word_1_93' title='bbox 2009 1333 2077 1386; x_wconf 89' lang='lat' dir='ltr'><strong>ad</strong></span> 
     </span>
    </p>
   </div>
   <div class='ocr_carea' id='block_1_16' title="bbox 503 1419 2073 1489">
    <p class='ocr_par' dir='ltr' id='par_1_16' title="bbox 503 1419 2073 1489">
     <span class='ocr_line' id='line_1_16' title="bbox 503 1419 2073 1489; baseline 0.001 -17"><span class='ocrx_word' id='word_1_94' title='bbox 503 1419 908 1489; x_wconf 83' lang='lat' dir='ltr'><strong>deplorationes</strong></span> <span class='ocrx_word' id='word_1_95' title='bbox 934 1428 988 1475; x_wconf 89' lang='lat' dir='ltr'><strong>et</strong></span> <span class='ocrx_word' id='word_1_96' title='bbox 1009 1423 1250 1476; x_wconf 84' lang='lat' dir='ltr'><strong>lamenta</strong></span> <span class='ocrx_word' id='word_1_97' title='bbox 1280 1422 1474 1477; x_wconf 83' lang='lat' dir='ltr'><strong>invitat</strong></span> <span class='ocrx_word' id='word_1_98' title='bbox 1503 1425 1808 1489; x_wconf 85' lang='lat' dir='ltr'><strong>oraculum,</strong></span> <span class='ocrx_word' id='word_1_99' title='bbox 1845 1423 2034 1479; x_wconf 89' lang='lat' dir='ltr'><strong>dicens</strong></span> <span class='ocrx_word' id='word_1_100' title='bbox 2061 1437 2073 1474; x_wconf 95' lang='lat'>:</span> 
     </span>
    </p>
   </div>
   <div class='ocr_carea' id='block_1_17' title="bbox 509 1508 2076 1584">
    <p class='ocr_par' dir='ltr' id='par_1_17' title="bbox 509 1508 2076 1584">
     <span class='ocr_line' id='line_1_17' title="bbox 509 1508 2076 1584; baseline 0.004 -22"><span class='ocrx_word' id='word_1_101' title='bbox 509 1529 527 1561; x_wconf 78' lang='grc' dir='ltr'><strong>ι</strong></span> <span class='ocrx_word' id='word_1_102' title='bbox 563 1508 744 1566; x_wconf 90' lang='lat' dir='ltr'><strong>Ululet</strong></span> <span class='ocrx_word' id='word_1_103' title='bbox 788 1513 982 1582; x_wconf 87' lang='lat' dir='ltr'><strong>pinus,</strong></span> <span class='ocrx_word' id='word_1_104' title='bbox 1017 1514 1275 1582; x_wconf 90' lang='lat' dir='ltr'><strong>quoniam</strong></span> <span class='ocrx_word' id='word_1_105' title='bbox 1312 1514 1510 1569; x_wconf 85' lang='lat' dir='ltr'><strong>cecidit</strong></span> <span class='ocrx_word' id='word_1_106' title='bbox 1549 1515 1782 1580; x_wconf 88' lang='lat' dir='ltr'><strong>cedrus,</strong></span> <span class='ocrx_word' id='word_1_107' title='bbox 1819 1517 2076 1584; x_wconf 88' lang='lat' dir='ltr'><strong>quoniam</strong></span> 
     </span>
    </p>
   </div>
   <div class='ocr_carea' id='block_1_18' title="bbox 499 1604 2077 1676">
    <p class='ocr_par' dir='ltr' id='par_1_18' title="bbox 499 1604 2077 1676">
     <span class='ocr_line' id='line_1_18' title="bbox 499 1604 2077 1676; baseline 0.004 -22"><span class='ocrx_word' id='word_1_108' title='bbox 499 1617 830 1672; x_wconf 78' lang='lat' dir='ltr'><strong>magnopere</strong></span> <span class='ocrx_word' id='word_1_109' title='bbox 869 1604 1139 1673; x_wconf 82' lang='lat' dir='ltr'><strong>magniﬁci</strong></span> <span class='ocrx_word' id='word_1_110' title='bbox 1181 1605 1361 1660; x_wconf 86' lang='lat' dir='ltr'><strong>alllicti</strong></span> <span class='ocrx_word' id='word_1_111' title='bbox 1389 1613 1517 1660; x_wconf 89' lang='lat' dir='ltr'><strong>sunt</strong></span> <span class='ocrx_word' id='word_1_112' title='bbox 1549 1622 1560 1656; x_wconf 95' lang='lat'>:</span> <span class='ocrx_word' id='word_1_113' title='bbox 1597 1607 1821 1671; x_wconf 91' lang='lat' dir='ltr'><strong>ululate,</strong></span> <span class='ocrx_word' id='word_1_114' title='bbox 1843 1622 2077 1676; x_wconf 89' lang='lat' dir='ltr'><strong>quercus</strong></span> 
     </span>
    </p>
   </div>
   <div class='ocr_carea' id='block_1_19' title="bbox 502 1694 2066 1768">
    <p class='ocr_par' dir='ltr' id='par_1_19' title="bbox 502 1694 2066 1768">
     <span class='ocr_line' id='line_1_19' title="bbox 502 1694 2066 1768; baseline 0.005 -21"><span class='ocrx_word' id='word_1_115' title='bbox 502 1694 852 1762; x_wconf 88' lang='lat' dir='ltr'><strong>Basanitidis,</strong></span> <span class='ocrx_word' id='word_1_116' title='bbox 876 1698 1136 1768; x_wconf 88' lang='lat' dir='ltr'><strong>quoniam</strong></span> <span class='ocrx_word' id='word_1_117' title='bbox 1169 1699 1467 1754; x_wconf 90' lang='lat' dir='ltr'><strong>convulsus</strong></span> <span class='ocrx_word' id='word_1_118' title='bbox 1495 1707 1580 1754; x_wconf 91' lang='lat' dir='ltr'><strong>est</strong></span> <span class='ocrx_word' id='word_1_119' title='bbox 1599 1700 1769 1754; x_wconf 90' lang='lat' dir='ltr'><strong>saltus</strong></span> <span class='ocrx_word' id='word_1_120' title='bbox 1801 1702 2066 1763; x_wconf 85' lang='lat' dir='ltr'><strong>consitus,</strong></span> 
     </span>
    </p>
   </div>
   <div class='ocr_carea' id='block_1_20' title="bbox 2184 489 3762 578">
    <p class='ocr_par' dir='ltr' id='par_1_20' title="bbox 2184 489 3762 578">
     <span class='ocr_line' id='line_1_20' title="bbox 2184 489 3762 578; baseline -0.005 -21"><span class='ocrx_word' id='word_1_121' title='bbox 2184 505 2510 578; x_wconf 83' lang='grc' dir='ltr'><strong>ἐμπρησμὸν</strong></span> <span class='ocrx_word' id='word_1_122' title='bbox 2537 504 2824 576; x_wconf 79' lang='grc' dir='ltr'>ὑπέμεινεν</span> <span class='ocrx_word' id='word_1_123' title='bbox 2861 504 2888 554; x_wconf 91' lang='lat'><strong>6</strong></span> <span class='ocrx_word' id='word_1_124' title='bbox 2917 499 3082 563; x_wconf 88' lang='grc' dir='ltr'>νεώς;</span> <span class='ocrx_word' id='word_1_125' title='bbox 3116 497 3228 551; x_wconf 84' lang='grc' dir='ltr'>ἀλλ’</span> <span class='ocrx_word' id='word_1_126' title='bbox 3254 499 3351 550; x_wconf 88' lang='grc' dir='ltr'><strong>ούκ</strong></span> <span class='ocrx_word' id='word_1_127' title='bbox 3384 497 3532 550; x_wconf 77' lang='grc' dir='ltr'>ἔστιν</span> <span class='ocrx_word' id='word_1_128' title='bbox 3562 489 3762 549; x_wconf 83' lang='grc' dir='ltr'>εἰπεῖν.¹</span> 
     </span>
    </p>
   </div>
   <div class='ocr_carea' id='block_1_21' title="bbox 2182 587 3748 666">
    <p class='ocr_par' dir='ltr' id='par_1_21' title="bbox 2182 587 3748 666">
     <span class='ocr_line' id='line_1_21' title="bbox 2182 587 3748 666; baseline -0.006 -18"><span class='ocrx_word' id='word_1_129' title='bbox 2182 595 2337 649; x_wconf 84' lang='grc' dir='ltr'><strong>Μετὰ</strong></span> <span class='ocrx_word' id='word_1_130' title='bbox 2374 596 2485 666; x_wconf 87' lang='grc' dir='ltr'>γὰρ</span> <span class='ocrx_word' id='word_1_131' title='bbox 2533 593 2629 665; x_wconf 82' lang='grc' dir='ltr'>τὴν</span> <span class='ocrx_word' id='word_1_132' title='bbox 2675 593 2780 646; x_wconf 85' lang='grc' dir='ltr'><strong>ὑπὸ</strong></span> <span class='ocrx_word' id='word_1_133' title='bbox 2832 591 3188 645; x_wconf 69' lang='grc' dir='ltr'>Βαϐυλωνίων</span> <span class='ocrx_word' id='word_1_134' title='bbox 3239 589 3601 661; x_wconf 89' lang='grc' dir='ltr'>πυρπόλησιν,</span> <span class='ocrx_word' id='word_1_135' title='bbox 3647 587 3748 639; x_wconf 79' lang='grc' dir='ltr'>οὐδ’</span> 
     </span>
    </p>
   </div>
   <div class='ocr_carea' id='block_1_22' title="bbox 2181 679 3747 756">
    <p class='ocr_par' dir='ltr' id='par_1_22' title="bbox 2181 679 3747 756">
     <span class='ocr_line' id='line_1_22' title="bbox 2181 679 3747 756; baseline -0.004 -19"><span class='ocrx_word' id='word_1_136' title='bbox 2181 683 2368 737; x_wconf 76' lang='grc' dir='ltr'>ἄλλοτε</span> <span class='ocrx_word' id='word_1_137' title='bbox 2415 684 2668 756; x_wconf 82' lang='grc' dir='ltr'>δευτέραν</span> <span class='ocrx_word' id='word_1_138' title='bbox 2722 684 2754 754; x_wconf 84' lang='grc' dir='ltr'><strong>ἢ</strong></span> <span class='ocrx_word' id='word_1_139' title='bbox 2795 682 2936 736; x_wconf 78' lang='grc' dir='ltr'>κατὰ</span> <span class='ocrx_word' id='word_1_140' title='bbox 2998 683 3152 735; x_wconf 86' lang='grc' dir='ltr'>Τῖτον</span> <span class='ocrx_word' id='word_1_141' title='bbox 3199 683 3292 734; x_wconf 70' lang='grc' dir='ltr'>καὶ</span> <span class='ocrx_word' id='word_1_142' title='bbox 3349 679 3747 734; x_wconf 74' lang='grc' dir='ltr'>Οὐεσπασιανὸν</span> 
     </span>
    </p>
   </div>
   <div class='ocr_carea' id='block_1_23' title="bbox 2193 773 3746 848">
    <p class='ocr_par' dir='ltr' id='par_1_23' title="bbox 2193 773 3746 848">
     <span class='ocr_line' id='line_1_23' title="bbox 2193 773 3746 848; baseline -0.004 -18"><span class='ocrx_word' id='word_1_143' title='bbox 2193 777 2476 847; x_wconf 88' lang='grc' dir='ltr'>Ῥωμαίων</span> <span class='ocrx_word' id='word_1_144' title='bbox 2533 778 2965 848; x_wconf 77' lang='grc' dir='ltr'>αὐτοκράτορας,</span> <span class='ocrx_word' id='word_1_145' title='bbox 3009 775 3108 844; x_wconf 86' lang='grc' dir='ltr'><strong>τὴν</strong></span> <span class='ocrx_word' id='word_1_146' title='bbox 3146 773 3232 827; x_wconf 76' lang='grc' dir='ltr'><strong>διὰ</strong></span> <span class='ocrx_word' id='word_1_147' title='bbox 3278 775 3449 843; x_wconf 80' lang='grc' dir='ltr'>πυρὸς</span> <span class='ocrx_word' id='word_1_148' title='bbox 3495 773 3746 845; x_wconf 81' lang='grc' dir='ltr'>ὑπέμεινε</span> 
     </span>
    </p>
   </div>
   <div class='ocr_carea' id='block_1_24' title="bbox 2182 862 3749 940">
    <p class='ocr_par' dir='ltr' id='par_1_24' title="bbox 2182 862 3749 940">
     <span class='ocr_line' id='line_1_24' title="bbox 2182 862 3749 940; baseline -0.003 -21"><span class='ocrx_word' id='word_1_149' title='bbox 2182 866 2405 938; x_wconf 82' lang='grc' dir='ltr'>φθορὰν,</span> <span class='ocrx_word' id='word_1_150' title='bbox 2425 867 2508 935; x_wconf 87' lang='grc' dir='ltr'><strong>ἐφ’</strong></span> <span class='ocrx_word' id='word_1_151' title='bbox 2589 866 2750 919; x_wconf 86' lang='grc' dir='ltr'>πάλιν</span> <span class='ocrx_word' id='word_1_152' title='bbox 2778 865 2864 918; x_wconf 82' lang='grc' dir='ltr'>διὰ</span> <span class='ocrx_word' id='word_1_153' title='bbox 2887 864 3205 935; x_wconf 81' lang='grc' dir='ltr'>αἰνίγματος</span> <span class='ocrx_word' id='word_1_154' title='bbox 3231 865 3356 927; x_wconf 83' lang='grc' dir='ltr'>τοὺς</span> <span class='ocrx_word' id='word_1_155' title='bbox 3379 863 3547 916; x_wconf 91' lang='grc' dir='ltr'>πάλαι</span> <span class='ocrx_word' id='word_1_156' title='bbox 3573 865 3749 934; x_wconf 80' lang='grc' dir='ltr'>ἄρχον·</span> 
     </span>
    </p>
   </div>
   <div class='ocr_carea' id='block_1_25' title="bbox 2179 954 3747 1027">
    <p class='ocr_par' dir='ltr' id='par_1_25' title="bbox 2179 954 3747 1027">
     <span class='ocr_line' id='line_1_25' title="bbox 2179 954 3747 1027; baseline 0 -18"><span class='ocrx_word' id='word_1_157' title='bbox 2179 974 2276 1019; x_wconf 86' lang='grc' dir='ltr'><strong>τας</strong></span> <span class='ocrx_word' id='word_1_158' title='bbox 2300 956 2394 1009; x_wconf 89' lang='grc' dir='ltr'><strong>τοῦ</strong></span> <span class='ocrx_word' id='word_1_159' title='bbox 2428 956 2612 1020; x_wconf 79' lang='grc' dir='ltr'>ἔθνους</span> <span class='ocrx_word' id='word_1_160' title='bbox 2641 958 2732 1009; x_wconf 72' lang='grc' dir='ltr'><strong>ἐπὶ</strong></span> <span class='ocrx_word' id='word_1_161' title='bbox 2759 956 2985 1027; x_wconf 84' lang='grc' dir='ltr'>θρήνους</span> <span class='ocrx_word' id='word_1_162' title='bbox 3013 957 3105 1008; x_wconf 78' lang='grc' dir='ltr'><strong>καί</strong></span> <span class='ocrx_word' id='word_1_163' title='bbox 3130 954 3469 1026; x_wconf 80' lang='grc' dir='ltr'>ὀλοφυρμοὺς</span> <span class='ocrx_word' id='word_1_164' title='bbox 3493 955 3747 1009; x_wconf 70' lang='grc' dir='ltr'>ἀνακαλεῖ</span> 
     </span>
    </p>
   </div>
   <div class='ocr_carea' id='block_1_26' title="bbox 2180 1048 3748 1118">
    <p class='ocr_par' dir='ltr' id='par_1_26' title="bbox 2180 1048 3748 1118">
     <span class='ocr_line' id='line_1_26' title="bbox 2180 1048 3748 1118; baseline 0 -15"><span class='ocrx_word' id='word_1_165' title='bbox 2180 1050 2402 1118; x_wconf 84' lang='grc' dir='ltr'>φάσκων</span> <span class='ocrx_word' id='word_1_166' title='bbox 2439 1051 2467 1102; x_wconf 98' lang='lat'><strong>6</strong></span> <span class='ocrx_word' id='word_1_167' title='bbox 2488 1049 2675 1118; x_wconf 86' lang='grc' dir='ltr'>λόγος·</span> <span class='ocrx_word' id='word_1_168' title='bbox 2712 1068 2729 1099; x_wconf 79' lang='grc' dir='ltr'><strong>ι</strong></span> <span class='ocrx_word' id='word_1_169' title='bbox 2767 1048 3099 1116; x_wconf 81' lang='grc' dir='ltr'>Ὀλολυξάτω</span> <span class='ocrx_word' id='word_1_170' title='bbox 3127 1049 3308 1112; x_wconf 82' lang='grc' dir='ltr'>πίτυς,</span> <span class='ocrx_word' id='word_1_171' title='bbox 3331 1048 3463 1101; x_wconf 82' lang='grc' dir='ltr'>διότι</span> <span class='ocrx_word' id='word_1_172' title='bbox 3494 1049 3748 1103; x_wconf 83' lang='grc' dir='ltr'>πέπτωκε</span> 
     </span>
    </p>
   </div>
   <div class='ocr_carea' id='block_1_27' title="bbox 2179 1140 3744 1215">
    <p class='ocr_par' dir='ltr' id='par_1_27' title="bbox 2179 1140 3744 1215">
     <span class='ocr_line' id='line_1_27' title="bbox 2179 1140 3744 1215; baseline 0 -20"><span class='ocrx_word' id='word_1_173' title='bbox 2179 1142 2368 1215; x_wconf 81' lang='grc' dir='ltr'>κέδρος</span> <span class='ocrx_word' id='word_1_174' title='bbox 2391 1181 2406 1204; x_wconf 93' lang='grc'><strong>,</strong></span> <span class='ocrx_word' id='word_1_175' title='bbox 2465 1143 2546 1195; x_wconf 84' lang='grc' dir='ltr'><strong>ὅτι</strong></span> <span class='ocrx_word' id='word_1_176' title='bbox 2602 1142 2850 1213; x_wconf 86' lang='grc' dir='ltr'>μεγάλως</span> <span class='ocrx_word' id='word_1_177' title='bbox 2907 1143 3228 1212; x_wconf 84' lang='grc' dir='ltr'>μεγιστᾶνες</span> <span class='ocrx_word' id='word_1_178' title='bbox 3281 1140 3744 1213; x_wconf 76' lang='grc' dir='ltr'>ἐταλαιπώρησαν.</span> 
     </span>
    </p>
   </div>
   <div class='ocr_carea' id='block_1_28' title="bbox 2191 1233 3744 1306">
    <p class='ocr_par' dir='ltr' id='par_1_28' title="bbox 2191 1233 3744 1306">
     <span class='ocr_line' id='line_1_28' title="bbox 2191 1233 3744 1306; baseline 0 -19"><span class='ocrx_word' id='word_1_179' title='bbox 2191 1233 2525 1300; x_wconf 80' lang='grc' dir='ltr'>Ὀλολύξατε,</span> <span class='ocrx_word' id='word_1_180' title='bbox 2559 1235 2717 1304; x_wconf 90' lang='grc' dir='ltr'>δρύες</span> <span class='ocrx_word' id='word_1_181' title='bbox 2738 1235 2836 1305; x_wconf 80' lang='grc' dir='ltr'>τῆς</span> <span class='ocrx_word' id='word_1_182' title='bbox 2869 1234 3232 1298; x_wconf 86' lang='grc' dir='ltr'>Βασανίτιδος,</span> <span class='ocrx_word' id='word_1_183' title='bbox 3273 1235 3354 1286; x_wconf 81' lang='grc' dir='ltr'><strong>ὅτι</strong></span> <span class='ocrx_word' id='word_1_184' title='bbox 3393 1234 3744 1306; x_wconf 80' lang='grc' dir='ltr'>κατεσπάσθη</span> 
     </span>
    </p>
   </div>
   <div class='ocr_carea' id='block_1_29' title="bbox 2179 1324 3748 1397">
    <p class='ocr_par' dir='ltr' id='par_1_29' title="bbox 2179 1324 3748 1397">
     <span class='ocr_line' id='line_1_29' title="bbox 2179 1324 3748 1397; baseline -0.001 -18"><span class='ocrx_word' id='word_1_185' title='bbox 2179 1327 2207 1378; x_wconf 95' lang='lat'><strong>6</strong></span> <span class='ocrx_word' id='word_1_186' title='bbox 2229 1326 2428 1397; x_wconf 89' lang='grc' dir='ltr'>δρυμὸς</span> <span class='ocrx_word' id='word_1_187' title='bbox 2457 1328 2484 1379; x_wconf 87' lang='grc' dir='ltr'>ὁ</span> <span class='ocrx_word' id='word_1_188' title='bbox 2527 1324 2802 1397; x_wconf 81' lang='grc' dir='ltr'>σύμφυτος</span> <span class='ocrx_word' id='word_1_189' title='bbox 2821 1343 2834 1354; x_wconf 87' lang='grc'>·</span> <span class='ocrx_word' id='word_1_190' title='bbox 2859 1324 3010 1396; x_wconf 73' lang='grc' dir='ltr'>φωνὴ</span> <span class='ocrx_word' id='word_1_191' title='bbox 3052 1325 3393 1397; x_wconf 79' lang='grc' dir='ltr'>θρηνούντων</span> <span class='ocrx_word' id='word_1_192' title='bbox 3443 1325 3748 1396; x_wconf 84' lang='grc' dir='ltr'>ποιμένων,</span> 
     </span>
    </p>
   </div>
   <div class='ocr_carea' id='block_1_30' title="bbox 2178 1414 3748 1488">
    <p class='ocr_par' dir='ltr' id='par_1_30' title="bbox 2178 1414 3748 1488">
     <span class='ocr_line' id='line_1_30' title="bbox 2178 1414 3748 1488; baseline -0.001 -18"><span class='ocrx_word' id='word_1_193' title='bbox 2178 1418 2259 1472; x_wconf 85' lang='grc' dir='ltr'>ὅτι</span> <span class='ocrx_word' id='word_1_194' title='bbox 2306 1415 2783 1488; x_wconf 82' lang='grc' dir='ltr'>τεταλαιπώρηκεν</span> <span class='ocrx_word' id='word_1_195' title='bbox 2834 1417 2866 1487; x_wconf 80' lang='grc' dir='ltr'>ἡ</span> <span class='ocrx_word' id='word_1_196' title='bbox 2915 1414 3268 1486; x_wconf 81' lang='grc' dir='ltr'>μεγαλωσύνη</span> <span class='ocrx_word' id='word_1_197' title='bbox 3317 1415 3512 1468; x_wconf 74' lang='grc' dir='ltr'>αὑτῶν.</span> <span class='ocrx_word' id='word_1_198' title='bbox 3557 1434 3576 1465; x_wconf 75' lang='grc' dir='ltr'><strong>ι</strong></span> <span class='ocrx_word' id='word_1_199' title='bbox 3620 1416 3748 1468; x_wconf 80' lang='grc' dir='ltr'>Τότε</span> 
     </span>
    </p>
   </div>
   <div class='ocr_carea' id='block_1_31' title="bbox 2177 1505 3750 1580">
    <p class='ocr_par' dir='ltr' id='par_1_31' title="bbox 2177 1505 3750 1580">
     <span class='ocr_line' id='line_1_31' title="bbox 2177 1505 3750 1580; baseline -0.003 -18"><span class='ocrx_word' id='word_1_200' title='bbox 2177 1509 2307 1579; x_wconf 84' lang='grc' dir='ltr'>γοῦν</span> <span class='ocrx_word' id='word_1_201' title='bbox 2335 1511 2427 1562; x_wconf 77' lang='grc' dir='ltr'><strong>καὶ</strong></span> <span class='ocrx_word' id='word_1_202' title='bbox 2461 1509 2738 1579; x_wconf 84' lang='grc' dir='ltr'>γέγονενή</span> <span class='ocrx_word' id='word_1_203' title='bbox 2772 1507 3126 1580; x_wconf 81' lang='grc' dir='ltr'>Ἰερουσαλὴμ</span> <span class='ocrx_word' id='word_1_204' title='bbox 3145 1508 3220 1570; x_wconf 85' lang='grc' dir='ltr'>ὼς</span> <span class='ocrx_word' id='word_1_205' title='bbox 3254 1506 3500 1578; x_wconf 82' lang='grc' dir='ltr'>πρόθυρα</span> <span class='ocrx_word' id='word_1_206' title='bbox 3531 1505 3750 1558; x_wconf 83' lang='grc' dir='ltr'>σαλευό-</span> 
     </span>
    </p>
   </div>
   <div class='ocr_carea' id='block_1_32' title="bbox 2181 1597 3752 1675">
    <p class='ocr_par' dir='ltr' id='par_1_32' title="bbox 2181 1597 3752 1675">
     <span class='ocr_line' id='line_1_32' title="bbox 2181 1597 3752 1675; baseline -0.004 -18"><span class='ocrx_word' id='word_1_207' title='bbox 2181 1621 2315 1675; x_wconf 90' lang='grc' dir='ltr'>μενα</span> <span class='ocrx_word' id='word_1_208' title='bbox 2349 1605 2482 1656; x_wconf 87' lang='grc' dir='ltr'>πᾶσι</span> <span class='ocrx_word' id='word_1_209' title='bbox 2515 1605 2625 1664; x_wconf 85' lang='grc' dir='ltr'>τοῖς</span> <span class='ocrx_word' id='word_1_210' title='bbox 2656 1601 2803 1664; x_wconf 86' lang='grc' dir='ltr'>λαοῖς</span> <span class='ocrx_word' id='word_1_211' title='bbox 2827 1601 3030 1671; x_wconf 81' lang='grc' dir='ltr'>κύκλῳ,</span> <span class='ocrx_word' id='word_1_212' title='bbox 3067 1601 3159 1652; x_wconf 81' lang='grc' dir='ltr'>καὶ</span> <span class='ocrx_word' id='word_1_213' title='bbox 3191 1601 3247 1651; x_wconf 80' lang='grc' dir='ltr'>ὲν</span> <span class='ocrx_word' id='word_1_214' title='bbox 3274 1601 3340 1669; x_wconf 82' lang='grc' dir='ltr'>τῇ</span> <span class='ocrx_word' id='word_1_215' title='bbox 3395 1598 3623 1668; x_wconf 71' lang='grc' dir='ltr'>Ἰουδαίᾳ</span> <span class='ocrx_word' id='word_1_216' title='bbox 3661 1597 3752 1666; x_wconf 87' lang='grc' dir='ltr'>γέ-</span> 
     </span>
    </p>
   </div>
   <div class='ocr_carea' id='block_1_33' title="bbox 2176 1690 3746 1768">
    <p class='ocr_par' dir='ltr' id='par_1_33' title="bbox 2176 1690 3746 1768">
     <span class='ocr_line' id='line_1_33' title="bbox 2176 1690 3746 1768; baseline -0.006 -19"><span class='ocrx_word' id='word_1_217' title='bbox 2176 1714 2300 1766; x_wconf 87' lang='grc' dir='ltr'>γονε</span> <span class='ocrx_word' id='word_1_218' title='bbox 2349 1694 2595 1768; x_wconf 84' lang='grc' dir='ltr'>περιοχὴ,</span> <span class='ocrx_word' id='word_1_219' title='bbox 2629 1695 2658 1748; x_wconf 85' lang='grc' dir='ltr'><strong><em>ὃ</em></strong></span> <span class='ocrx_word' id='word_1_220' title='bbox 2702 1711 2760 1746; x_wconf 87' lang='grc' dir='ltr'><strong>τε</strong></span> <span class='ocrx_word' id='word_1_221' title='bbox 2806 1692 3188 1764; x_wconf 79' lang='grc' dir='ltr'>νενομισμένος</span> <span class='ocrx_word' id='word_1_222' title='bbox 3227 1692 3408 1754; x_wconf 85' lang='grc' dir='ltr'>αὐτοῖς</span> <span class='ocrx_word' id='word_1_223' title='bbox 3456 1690 3610 1758; x_wconf 84' lang='grc' dir='ltr'>ἆγιος</span> <span class='ocrx_word' id='word_1_224' title='bbox 3655 1690 3746 1741; x_wconf 74' lang='grc' dir='ltr'><strong>καὶ</strong></span> 
     </span>
    </p>
   </div>
   <div class='ocr_carea' id='block_1_34' title="bbox 498 1771 2063 1860">
    <p class='ocr_par' dir='ltr' id='par_1_34' title="bbox 498 1789 2063 1860">
     <span class='ocr_line' id='line_1_34' title="bbox 498 1789 2063 1860; baseline -0.001 -15"><span class='ocrx_word' id='word_1_225' title='bbox 498 1806 603 1845; x_wconf 86' lang='lat' dir='ltr'><strong>vox</strong></span> <span class='ocrx_word' id='word_1_226' title='bbox 638 1789 1056 1844; x_wconf 82' lang='lat' dir='ltr'><strong>lamentantium</strong></span> <span class='ocrx_word' id='word_1_227' title='bbox 1103 1796 1407 1860; x_wconf 87' lang='lat' dir='ltr'><strong>pastorum,</strong></span> <span class='ocrx_word' id='word_1_228' title='bbox 1455 1791 1714 1860; x_wconf 91' lang='lat' dir='ltr'><strong>quoniam</strong></span> <span class='ocrx_word' id='word_1_229' title='bbox 1746 1791 1952 1860; x_wconf 76' lang='lat' dir='ltr'><strong>amicta</strong></span> <span class='ocrx_word' id='word_1_230' title='bbox 1984 1799 2063 1847; x_wconf 88' lang='lat' dir='ltr'><strong>est</strong></span> 
     </span>
    </p>
   </div>
   <div class='ocr_carea' id='block_1_35' title="bbox 2165 1771 3746 1860">
    <p class='ocr_par' dir='ltr' id='par_1_35' title="bbox 2174 1781 3746 1860">
     <span class='ocr_line' id='line_1_35' title="bbox 2174 1781 3746 1860; baseline -0.006 -19"><span class='ocrx_word' id='word_1_231' title='bbox 2174 1788 2315 1860; x_wconf 83' lang='grc' dir='ltr'>ἱερὸς</span> <span class='ocrx_word' id='word_1_232' title='bbox 2339 1787 2522 1853; x_wconf 79' lang='grc' dir='ltr'>τόπος,</span> <span class='ocrx_word' id='word_1_233' title='bbox 2544 1785 2710 1838; x_wconf 77' lang='grc' dir='ltr'>εἰσέτι</span> <span class='ocrx_word' id='word_1_234' title='bbox 2739 1784 2833 1837; x_wconf 79' lang='lat' dir='ltr'><strong>xai.</strong></span> <span class='ocrx_word' id='word_1_235' title='bbox 2856 1785 3094 1854; x_wconf 79' lang='grc' dir='ltr'>σήμερον</span> <span class='ocrx_word' id='word_1_236' title='bbox 3129 1781 3273 1845; x_wconf 91' lang='grc' dir='ltr'>λίθος</span> <span class='ocrx_word' id='word_1_237' title='bbox 3295 1781 3552 1851; x_wconf 86' lang='grc' dir='ltr'>τυγχάνει</span> <span class='ocrx_word' id='word_1_238' title='bbox 3577 1796 3746 1832; x_wconf 81' lang='grc' dir='ltr'>κατα-</span> 
     </span>
    </p>
   </div>
   <div class='ocr_carea' id='block_1_36' title="bbox 499 1880 2073 1951">
    <p class='ocr_par' dir='ltr' id='par_1_36' title="bbox 499 1880 2073 1951">
     <span class='ocr_line' id='line_1_36' title="bbox 499 1880 2073 1951; baseline 0.003 -19"><span class='ocrx_word' id='word_1_239' title='bbox 499 1881 913 1951; x_wconf 80' lang='lat' dir='ltr'><strong>magniﬁcentia</strong></span> <span class='ocrx_word' id='word_1_240' title='bbox 944 1898 1155 1937; x_wconf 88' lang='lat' dir='ltr'><strong>eorum.</strong></span> <span class='ocrx_word' id='word_1_241' title='bbox 1201 1902 1219 1933; x_wconf 74' lang='grc' dir='ltr'><strong>ι</strong></span> <span class='ocrx_word' id='word_1_242' title='bbox 1258 1881 1414 1936; x_wconf 88' lang='lat' dir='ltr'><strong>Tunc</strong></span> <span class='ocrx_word' id='word_1_243' title='bbox 1445 1898 1577 1938; x_wconf 90' lang='lat' dir='ltr'><strong>sane</strong></span> <span class='ocrx_word' id='word_1_244' title='bbox 1623 1880 1767 1936; x_wconf 82' lang='lat' dir='ltr'><strong>facta</strong></span> <span class='ocrx_word' id='word_1_245' title='bbox 1799 1893 1882 1937; x_wconf 90' lang='lat' dir='ltr'><strong>est</strong></span> <span class='ocrx_word' id='word_1_246' title='bbox 1915 1883 2073 1937; x_wconf 83' lang='lat' dir='ltr'><strong>Jeru—</strong></span> 
     </span>
    </p>
   </div>
   <div class='ocr_carea' id='block_1_37' title="bbox 499 1971 2067 2045">
    <p class='ocr_par' dir='ltr' id='par_1_37' title="bbox 499 1971 2067 2045">
     <span class='ocr_line' id='line_1_37' title="bbox 499 1971 2067 2045; baseline 0.004 -21"><span class='ocrx_word' id='word_1_247' title='bbox 499 1971 665 2025; x_wconf 86' lang='lat' dir='ltr'><strong>salem</strong></span> <span class='ocrx_word' id='word_1_248' title='bbox 699 1973 856 2040; x_wconf 84' lang='lat' dir='ltr'><strong>quasi</strong></span> <span class='ocrx_word' id='word_1_249' title='bbox 889 1973 1155 2027; x_wconf 88' lang='lat' dir='ltr'><strong>vestibula</strong></span> <span class='ocrx_word' id='word_1_250' title='bbox 1188 1988 1309 2042; x_wconf 81' lang='lat' dir='ltr'><strong>quae</strong></span> <span class='ocrx_word' id='word_1_251' title='bbox 1341 1974 1664 2042; x_wconf 87' lang='lat' dir='ltr'><strong>quatiuntur</strong></span> <span class='ocrx_word' id='word_1_252' title='bbox 1692 1974 1946 2030; x_wconf 83' lang='lat' dir='ltr'><strong>omnibus</strong></span> <span class='ocrx_word' id='word_1_253' title='bbox 1973 1992 2067 2045; x_wconf 81' lang='lat' dir='ltr'><strong>po-</strong></span> 
     </span>
    </p>
   </div>
   <div class='ocr_carea' id='block_1_38' title="bbox 498 2045 2074 2128">
    <p class='ocr_par' dir='ltr' id='par_1_38' title="bbox 498 2045 2074 2128">
     <span class='ocr_line' id='line_1_38' title="bbox 498 2045 2074 2128; baseline 0.005 -17"><span class='ocrx_word' id='word_1_254' title='bbox 498 2060 640 2128; x_wconf 91' lang='lat' dir='ltr'><strong>pulis</strong></span> <span class='ocrx_word' id='word_1_255' title='bbox 664 2061 719 2113; x_wconf 91' lang='lat' dir='ltr'><strong>in</strong></span> <span class='ocrx_word' id='word_1_256' title='bbox 749 2045 1004 2125; x_wconf 88' lang='lat' dir='ltr'><strong>circuitu,</strong></span> <span class='ocrx_word' id='word_1_257' title='bbox 1037 2069 1090 2116; x_wconf 89' lang='lat' dir='ltr'><strong>et</strong></span> <span class='ocrx_word' id='word_1_258' title='bbox 1121 2061 1175 2114; x_wconf 93' lang='lat' dir='ltr'><strong>in</strong></span> <span class='ocrx_word' id='word_1_259' title='bbox 1204 2060 1390 2116; x_wconf 69' lang='lat' dir='ltr'><strong>Judrea</strong></span> <span class='ocrx_word' id='word_1_260' title='bbox 1416 2062 1561 2116; x_wconf 80' lang='lat' dir='ltr'><strong>facta</strong></span> <span class='ocrx_word' id='word_1_261' title='bbox 1591 2070 1675 2117; x_wconf 90' lang='lat' dir='ltr'><strong>est</strong></span> <span class='ocrx_word' id='word_1_262' title='bbox 1703 2065 1931 2118; x_wconf 90' lang='lat' dir='ltr'><strong>munitio</strong></span> <span class='ocrx_word' id='word_1_263' title='bbox 1961 2081 2074 2119; x_wconf 90' lang='lat' dir='ltr'><strong>am-</strong></span> 
     </span>
    </p>
   </div>
   <div class='ocr_carea' id='block_1_39' title="bbox 496 2144 2069 2221">
    <p class='ocr_par' dir='ltr' id='par_1_39' title="bbox 496 2144 2069 2221">
     <span class='ocr_line' id='line_1_39' title="bbox 496 2144 2069 2221; baseline 0.004 -16"><span class='ocrx_word' id='word_1_264' title='bbox 496 2152 672 2218; x_wconf 86' lang='lat' dir='ltr'><strong>biens,</strong></span> <span class='ocrx_word' id='word_1_265' title='bbox 706 2159 758 2207; x_wconf 90' lang='lat' dir='ltr'><strong>et</strong></span> <span class='ocrx_word' id='word_1_266' title='bbox 800 2153 868 2206; x_wconf 90' lang='lat' dir='ltr'><strong>ab</strong></span> <span class='ocrx_word' id='word_1_267' title='bbox 917 2153 1001 2208; x_wconf 89' lang='lat' dir='ltr'><strong>eis</strong></span> <span class='ocrx_word' id='word_1_268' title='bbox 1048 2162 1435 2210; x_wconf 86' lang='lat' dir='ltr'><strong>sacrosanctus</strong></span> <span class='ocrx_word' id='word_1_269' title='bbox 1483 2144 1828 2210; x_wconf 81' lang='lat' dir='ltr'><strong>existimatus</strong></span> <span class='ocrx_word' id='word_1_270' title='bbox 1881 2156 2069 2221; x_wconf 86' lang='lat' dir='ltr'><strong>locus,</strong></span> 
     </span>
    </p>
   </div>
   <div class='ocr_carea' id='block_1_40' title="bbox 496 2245 2071 2318">
    <p class='ocr_par' dir='ltr' id='par_1_40' title="bbox 496 2245 2071 2318">
     <span class='ocr_line' id='line_1_40' title="bbox 496 2245 2071 2318; baseline 0.004 -22"><span class='ocrx_word' id='word_1_271' title='bbox 496 2260 669 2314; x_wconf 91' lang='lat' dir='ltr'><strong>usque</strong></span> <span class='ocrx_word' id='word_1_272' title='bbox 724 2245 779 2298; x_wconf 90' lang='lat' dir='ltr'><strong>in</strong></span> <span class='ocrx_word' id='word_1_273' title='bbox 811 2245 1136 2300; x_wconf 90' lang='lat' dir='ltr'><strong>hodiernum</strong></span> <span class='ocrx_word' id='word_1_274' title='bbox 1173 2248 1316 2302; x_wconf 89' lang='lat' dir='ltr'><strong>diem</strong></span> <span class='ocrx_word' id='word_1_275' title='bbox 1366 2247 1506 2317; x_wconf 89' lang='lat' dir='ltr'><strong>lapis</strong></span> <span class='ocrx_word' id='word_1_276' title='bbox 1539 2247 1778 2310; x_wconf 86' lang='lat' dir='ltr'><strong>exsistit,</strong></span> <span class='ocrx_word' id='word_1_277' title='bbox 1814 2249 1907 2318; x_wconf 89' lang='lat' dir='ltr'><strong>qui</strong></span> <span class='ocrx_word' id='word_1_278' title='bbox 1940 2264 2071 2303; x_wconf 90' lang='lat' dir='ltr'><strong>con-</strong></span> 
     </span>
    </p>
   </div>
   <div class='ocr_carea' id='block_1_41' title="bbox 495 2335 2071 2408">
    <p class='ocr_par' dir='ltr' id='par_1_41' title="bbox 495 2335 2071 2408">
     <span class='ocr_line' id='line_1_41' title="bbox 495 2335 2071 2408; baseline 0.003 -20"><span class='ocrx_word' id='word_1_279' title='bbox 495 2335 747 2388; x_wconf 88' lang='lat' dir='ltr'><strong>culcatur</strong></span> <span class='ocrx_word' id='word_1_280' title='bbox 775 2337 842 2389; x_wconf 91' lang='lat' dir='ltr'><strong>ab</strong></span> <span class='ocrx_word' id='word_1_281' title='bbox 891 2337 1149 2391; x_wconf 90' lang='lat' dir='ltr'><strong>omnibus</strong></span> <span class='ocrx_word' id='word_1_282' title='bbox 1183 2337 1464 2408; x_wconf 80' lang='lat' dir='ltr'><strong>gentibus,</strong></span> <span class='ocrx_word' id='word_1_283' title='bbox 1493 2344 1547 2392; x_wconf 89' lang='lat' dir='ltr'><strong>et</strong></span> <span class='ocrx_word' id='word_1_284' title='bbox 1575 2338 1890 2408; x_wconf 81' lang='lat' dir='ltr'><strong>quicunque</strong></span> <span class='ocrx_word' id='word_1_285' title='bbox 1918 2339 2071 2392; x_wconf 92' lang='lat' dir='ltr'><strong>illum</strong></span> 
     </span>
    </p>
   </div>
   <div class='ocr_carea' id='block_1_42' title="bbox 495 2425 2073 2499">
    <p class='ocr_par' dir='ltr' id='par_1_42' title="bbox 495 2425 2073 2499">
     <span class='ocr_line' id='line_1_42' title="bbox 495 2425 2073 2499; baseline 0.001 -19"><span class='ocrx_word' id='word_1_286' title='bbox 495 2427 782 2480; x_wconf 89' lang='lat' dir='ltr'><strong>conculcat</strong></span> <span class='ocrx_word' id='word_1_287' title='bbox 813 2425 1049 2482; x_wconf 88' lang='lat' dir='ltr'><strong>illudens</strong></span> <span class='ocrx_word' id='word_1_288' title='bbox 1073 2429 1352 2495; x_wconf 89' lang='lat' dir='ltr'><strong>illudetur,</strong></span> <span class='ocrx_word' id='word_1_289' title='bbox 1382 2429 1525 2485; x_wconf 90' lang='lat' dir='ltr'><strong>sicut</strong></span> <span class='ocrx_word' id='word_1_290' title='bbox 1563 2429 1845 2499; x_wconf 90' lang='lat' dir='ltr'><strong>prophetia</strong></span> <span class='ocrx_word' id='word_1_291' title='bbox 1875 2428 2073 2498; x_wconf 65' lang='lat' dir='ltr'><strong>praedi~</strong></span> 
     </span>
    </p>
   </div>
   <div class='ocr_carea' id='block_1_43' title="bbox 493 2516 2072 2590">
    <p class='ocr_par' dir='ltr' id='par_1_43' title="bbox 493 2516 2072 2590">
     <span class='ocr_line' id='line_1_43' title="bbox 493 2516 2072 2590; baseline 0.001 -18"><span class='ocrx_word' id='word_1_292' title='bbox 493 2527 664 2572; x_wconf 82' lang='lat' dir='ltr'><strong>xerat.</strong></span> <span class='ocrx_word' id='word_1_293' title='bbox 699 2516 840 2583; x_wconf 84' lang='lat' dir='ltr'><strong>Quin</strong></span> <span class='ocrx_word' id='word_1_294' title='bbox 879 2519 1042 2572; x_wconf 90' lang='lat' dir='ltr'><strong>etiam</strong></span> <span class='ocrx_word' id='word_1_295' title='bbox 1080 2527 1367 2590; x_wconf 88' lang='lat' dir='ltr'><strong>propterea</strong></span> <span class='ocrx_word' id='word_1_296' title='bbox 1398 2517 1545 2590; x_wconf 92' lang='lat' dir='ltr'><strong>quod</strong></span> <span class='ocrx_word' id='word_1_297' title='bbox 1577 2520 1655 2572; x_wconf 90' lang='lat' dir='ltr'><strong>illi</strong></span> <span class='ocrx_word' id='word_1_298' title='bbox 1687 2520 1938 2585; x_wconf 85' lang='lat' dir='ltr'><strong>Domino,</strong></span> <span class='ocrx_word' id='word_1_299' title='bbox 1975 2521 2072 2590; x_wconf 89' lang='lat' dir='ltr'><strong>qui</strong></span> 
     </span>
    </p>
   </div>
   <div class='ocr_carea' id='block_1_44' title="bbox 493 2608 2072 2682">
    <p class='ocr_par' dir='ltr' id='par_1_44' title="bbox 493 2608 2072 2682">
     <span class='ocr_line' id='line_1_44' title="bbox 493 2608 2072 2682; baseline 0.004 -21"><span class='ocrx_word' id='word_1_300' title='bbox 493 2608 608 2662; x_wconf 68' lang='lat' dir='ltr'><strong>haec</strong></span> <span class='ocrx_word' id='word_1_301' title='bbox 640 2609 936 2675; x_wconf 89' lang='lat' dir='ltr'><strong>cecinerat,</strong></span> <span class='ocrx_word' id='word_1_302' title='bbox 959 2610 1380 2673; x_wconf 87' lang='lat' dir='ltr'><strong>insultaverunt,</strong></span> <span class='ocrx_word' id='word_1_303' title='bbox 1412 2625 1521 2664; x_wconf 89' lang='lat' dir='ltr'><strong>non</strong></span> <span class='ocrx_word' id='word_1_304' title='bbox 1554 2610 1752 2666; x_wconf 82' lang='lat' dir='ltr'><strong>defecit</strong></span> <span class='ocrx_word' id='word_1_305' title='bbox 1774 2627 1868 2667; x_wconf 86' lang='lat' dir='ltr'><strong>eos</strong></span> <span class='ocrx_word' id='word_1_306' title='bbox 1895 2626 2072 2682; x_wconf 57' lang='lat' dir='ltr'><strong>neque</strong></span> 
     </span>
    </p>
   </div>
   <div class='ocr_carea' id='block_1_45' title="bbox 493 2701 2068 2772">
    <p class='ocr_par' dir='ltr' id='par_1_45' title="bbox 493 2701 2068 2772">
     <span class='ocr_line' id='line_1_45' title="bbox 493 2701 2068 2772; baseline 0.002 -19"><span class='ocrx_word' id='word_1_307' title='bbox 493 2701 764 2769; x_wconf 88' lang='lat' dir='ltr'><strong>planctus,</strong></span> <span class='ocrx_word' id='word_1_308' title='bbox 794 2716 969 2769; x_wconf 87' lang='lat' dir='ltr'><strong>neque</strong></span> <span class='ocrx_word' id='word_1_309' title='bbox 990 2701 1188 2765; x_wconf 92' lang='lat' dir='ltr'><strong>luctus,</strong></span> <span class='ocrx_word' id='word_1_310' title='bbox 1221 2717 1398 2771; x_wconf 89' lang='lat' dir='ltr'><strong>neque</strong></span> <span class='ocrx_word' id='word_1_311' title='bbox 1421 2702 1757 2756; x_wconf 86' lang='lat' dir='ltr'><strong>lamentatio.</strong></span> <span class='ocrx_word' id='word_1_312' title='bbox 1781 2701 2068 2772; x_wconf 85' lang='lat' dir='ltr'><strong>Nunquam</strong></span> 
     </span>
    </p>
   </div>
   <div class='ocr_carea' id='block_1_46' title="bbox 493 2790 2069 2862">
    <p class='ocr_par' dir='ltr' id='par_1_46' title="bbox 493 2790 2069 2862">
     <span class='ocr_line' id='line_1_46' title="bbox 493 2790 2069 2862; baseline 0.003 -20"><span class='ocrx_word' id='word_1_313' title='bbox 493 2790 662 2860; x_wconf 82' lang='lat' dir='ltr'><strong>igitur</strong></span> <span class='ocrx_word' id='word_1_314' title='bbox 703 2791 838 2845; x_wconf 88' lang='lat' dir='ltr'><strong>alias</strong></span> <span class='ocrx_word' id='word_1_315' title='bbox 881 2791 990 2846; x_wconf 88' lang='lat' dir='ltr'><strong>nisi</strong></span> <span class='ocrx_word' id='word_1_316' title='bbox 1032 2800 1156 2862; x_wconf 88' lang='lat' dir='ltr'><strong>post</strong></span> <span class='ocrx_word' id='word_1_317' title='bbox 1207 2791 1510 2847; x_wconf 89' lang='lat' dir='ltr'><strong>Salvatoris</strong></span> <span class='ocrx_word' id='word_1_318' title='bbox 1554 2794 1728 2848; x_wconf 86' lang='lat' dir='ltr'><strong>nostri</strong></span> <span class='ocrx_word' id='word_1_319' title='bbox 1778 2794 2069 2848; x_wconf 84' lang='lat' dir='ltr'><strong>adventum</strong></span> 
     </span>
    </p>
   </div>
   <div class='ocr_carea' id='block_1_47' title="bbox 492 2883 2070 2956">
    <p class='ocr_par' dir='ltr' id='par_1_47' title="bbox 492 2883 2070 2956">
     <span class='ocr_line' id='line_1_47' title="bbox 492 2883 2070 2956; baseline 0.003 -20"><span class='ocrx_word' id='word_1_320' title='bbox 492 2899 668 2952; x_wconf 91' lang='lat' dir='ltr'><strong>usque</strong></span> <span class='ocrx_word' id='word_1_321' title='bbox 710 2883 779 2936; x_wconf 91' lang='lat' dir='ltr'><strong>ad</strong></span> <span class='ocrx_word' id='word_1_322' title='bbox 808 2884 950 2938; x_wconf 87' lang='lat' dir='ltr'><strong>hanc</strong></span> <span class='ocrx_word' id='word_1_323' title='bbox 981 2892 1384 2956; x_wconf 86' lang='lat' dir='ltr'><strong>tempestatem,</strong></span> <span class='ocrx_word' id='word_1_324' title='bbox 1420 2901 1610 2940; x_wconf 83' lang='lat' dir='ltr'><strong>omnes</strong></span> <span class='ocrx_word' id='word_1_325' title='bbox 1655 2886 1831 2941; x_wconf 88' lang='lat' dir='ltr'><strong>tribus</strong></span> <span class='ocrx_word' id='word_1_326' title='bbox 1857 2884 2070 2942; x_wconf 72' lang='lat' dir='ltr'><strong>Iudaeo—</strong></span> 
     </span>
    </p>
   </div>
   <div class='ocr_carea' id='block_1_48' title="bbox 493 2977 2065 3049">
    <p class='ocr_par' dir='ltr' id='par_1_48' title="bbox 493 2977 2065 3049">
     <span class='ocr_line' id='line_1_48' title="bbox 493 2977 2065 3049; baseline 0.004 -22"><span class='ocrx_word' id='word_1_327' title='bbox 493 2989 616 3028; x_wconf 88' lang='lat' dir='ltr'><strong>rum</strong></span> <span class='ocrx_word' id='word_1_328' title='bbox 684 2977 980 3046; x_wconf 90' lang='lat' dir='ltr'><strong>quidquam</strong></span> <span class='ocrx_word' id='word_1_329' title='bbox 1038 2978 1426 3033; x_wconf 85' lang='lat' dir='ltr'><strong>lamentatione</strong></span> <span class='ocrx_word' id='word_1_330' title='bbox 1484 2980 1777 3047; x_wconf 89' lang='lat' dir='ltr'><strong>planctuve</strong></span> <span class='ocrx_word' id='word_1_331' title='bbox 1841 2980 2065 3049; x_wconf 88' lang='lat' dir='ltr'><strong>dignum</strong></span> 
     </span>
    </p>
   </div>
   <div class='ocr_carea' id='block_1_49' title="bbox 491 3067 2064 3138">
    <p class='ocr_par' dir='ltr' id='par_1_49' title="bbox 491 3067 2064 3138">
     <span class='ocr_line' id='line_1_49' title="bbox 491 3067 2064 3138; baseline 0.004 -21"><span class='ocrx_word' id='word_1_332' title='bbox 491 3080 668 3136; x_wconf 86' lang='lat' dir='ltr'><strong>passae</strong></span> <span class='ocrx_word' id='word_1_333' title='bbox 699 3073 848 3130; x_wconf 89' lang='lat' dir='ltr'><strong>sunt,</strong></span> <span class='ocrx_word' id='word_1_334' title='bbox 882 3075 1100 3136; x_wconf 89' lang='lat' dir='ltr'><strong>propter</strong></span> <span class='ocrx_word' id='word_1_335' title='bbox 1130 3068 1341 3138; x_wconf 82' lang='lat' dir='ltr'><strong>plagam</strong></span> <span class='ocrx_word' id='word_1_336' title='bbox 1372 3083 1495 3138; x_wconf 74' lang='lat' dir='ltr'><strong>quae</strong></span> <span class='ocrx_word' id='word_1_337' title='bbox 1530 3068 1678 3138; x_wconf 86' lang='lat' dir='ltr'><strong>ipsos</strong></span> <span class='ocrx_word' id='word_1_338' title='bbox 1702 3067 1810 3124; x_wconf 85' lang='lat' dir='ltr'><strong>Deo</strong></span> <span class='ocrx_word' id='word_1_339' title='bbox 1836 3068 2064 3124; x_wconf 80' lang='lat' dir='ltr'><strong>feriente</strong></span> 
     </span>
    </p>
   </div>
   <div class='ocr_carea' id='block_1_50' title="bbox 491 3158 2061 3229">
    <p class='ocr_par' dir='ltr' id='par_1_50' title="bbox 491 3158 2061 3229">
     <span class='ocr_line' id='line_1_50' title="bbox 491 3158 2061 3229; baseline 0.006 -20"><span class='ocrx_word' id='word_1_340' title='bbox 491 3158 929 3226; x_wconf 87' lang='lat' dir='ltr'><strong>deprehenderit,</strong></span> <span class='ocrx_word' id='word_1_341' title='bbox 952 3173 1018 3212; x_wconf 84' lang='lat' dir='ltr'><strong>ex</strong></span> <span class='ocrx_word' id='word_1_342' title='bbox 1048 3174 1154 3229; x_wconf 85' lang='lat' dir='ltr'><strong>qua</strong></span> <span class='ocrx_word' id='word_1_343' title='bbox 1185 3161 1348 3214; x_wconf 90' lang='lat' dir='ltr'><strong>etiam</strong></span> <span class='ocrx_word' id='word_1_344' title='bbox 1377 3160 1619 3228; x_wconf 88' lang='lat' dir='ltr'><strong>ipsorum</strong></span> <span class='ocrx_word' id='word_1_345' title='bbox 1649 3169 1825 3215; x_wconf 88' lang='lat' dir='ltr'><strong>mater</strong></span> <span class='ocrx_word' id='word_1_346' title='bbox 1866 3162 2061 3218; x_wconf 89' lang='lat' dir='ltr'><strong>civitas</strong></span> 
     </span>
    </p>
   </div>
   <div class='ocr_carea' id='block_1_51' title="bbox 490 3250 2038 3322">
    <p class='ocr_par' dir='ltr' id='par_1_51' title="bbox 490 3250 2038 3322">
     <span class='ocr_line' id='line_1_51' title="bbox 490 3250 2038 3322; baseline 0.003 -19"><span class='ocrx_word' id='word_1_347' title='bbox 490 3250 733 3304; x_wconf 79' lang='lat' dir='ltr'><strong>externis</strong></span> <span class='ocrx_word' id='word_1_348' title='bbox 761 3250 1013 3320; x_wconf 85' lang='lat' dir='ltr'><strong>gentibus</strong></span> <span class='ocrx_word' id='word_1_349' title='bbox 1047 3250 1246 3304; x_wconf 89' lang='lat' dir='ltr'><strong>tradita</strong></span> <span class='ocrx_word' id='word_1_350' title='bbox 1269 3263 1371 3315; x_wconf 89' lang='lat' dir='ltr'><strong>est,</strong></span> <span class='ocrx_word' id='word_1_351' title='bbox 1409 3263 1462 3306; x_wconf 88' lang='lat' dir='ltr'><strong>et</strong></span> <span class='ocrx_word' id='word_1_352' title='bbox 1490 3253 1752 3322; x_wconf 88' lang='lat' dir='ltr'><strong>templum</strong></span> <span class='ocrx_word' id='word_1_353' title='bbox 1787 3269 2038 3309; x_wconf 88' lang='lat' dir='ltr'><strong>eversum</strong></span> 
     </span>
    </p>
   </div>
   <div class='ocr_carea' id='block_1_52' title="bbox 492 3341 2065 3415">
    <p class='ocr_par' dir='ltr' id='par_1_52' title="bbox 492 3341 2065 3415">
     <span class='ocr_line' id='line_1_52' title="bbox 492 3341 2065 3415; baseline 0.003 -19"><span class='ocrx_word' id='word_1_354' title='bbox 492 3341 893 3412; x_wconf 80' lang='lat' dir='ltr'><strong>sull‘ossumque</strong></span> <span class='ocrx_word' id='word_1_355' title='bbox 940 3349 1044 3405; x_wconf 88' lang='lat' dir='ltr'><strong>est,</strong></span> <span class='ocrx_word' id='word_1_356' title='bbox 1091 3341 1304 3411; x_wconf 87' lang='lat' dir='ltr'><strong>ipsique</strong></span> <span class='ocrx_word' id='word_1_357' title='bbox 1353 3343 1420 3398; x_wconf 91' lang='lat' dir='ltr'><strong>de</strong></span> <span class='ocrx_word' id='word_1_358' title='bbox 1462 3344 1684 3413; x_wconf 87' lang='lat' dir='ltr'><strong>propria</strong></span> <span class='ocrx_word' id='word_1_359' title='bbox 1723 3345 1942 3415; x_wconf 87' lang='lat' dir='ltr'><strong>regione</strong></span> <span class='ocrx_word' id='word_1_360' title='bbox 1977 3360 2065 3401; x_wconf 81' lang='lat' dir='ltr'><strong>ex-</strong></span> 
     </span>
    </p>
   </div>
   <div class='ocr_carea' id='block_1_53' title="bbox 491 3431 2062 3502">
    <p class='ocr_par' dir='ltr' id='par_1_53' title="bbox 491 3431 2062 3502">
     <span class='ocr_line' id='line_1_53' title="bbox 491 3431 2062 3502; baseline 0.004 -17"><span class='ocrx_word' id='word_1_361' title='bbox 491 3431 634 3500; x_wconf 89' lang='lat' dir='ltr'><strong>pulsi</strong></span> <span class='ocrx_word' id='word_1_362' title='bbox 657 3436 806 3495; x_wconf 89' lang='lat' dir='ltr'><strong>sunt,</strong></span> <span class='ocrx_word' id='word_1_363' title='bbox 834 3431 887 3484; x_wconf 88' lang='lat' dir='ltr'><strong>in</strong></span> <span class='ocrx_word' id='word_1_364' title='bbox 912 3437 1058 3485; x_wconf 89' lang='lat' dir='ltr'><strong>terra</strong></span> <span class='ocrx_word' id='word_1_365' title='bbox 1090 3431 1272 3486; x_wconf 91' lang='lat' dir='ltr'><strong>hostili</strong></span> <span class='ocrx_word' id='word_1_366' title='bbox 1298 3431 1536 3488; x_wconf 90' lang='lat' dir='ltr'><strong>inimicis</strong></span> <span class='ocrx_word' id='word_1_367' title='bbox 1567 3435 1888 3490; x_wconf 89' lang='lat' dir='ltr'><strong>servientes.</strong></span> <span class='ocrx_word' id='word_1_368' title='bbox 1914 3435 2062 3502; x_wconf 85' lang='lat' dir='ltr'><strong>Quas</strong></span> 
     </span>
    </p>
   </div>
   <div class='ocr_carea' id='block_1_54' title="bbox 490 3523 2062 3598">
    <p class='ocr_par' dir='ltr' id='par_1_54' title="bbox 490 3523 2062 3598">
     <span class='ocr_line' id='line_1_54' title="bbox 490 3523 2062 3598; baseline 0.003 -22"><span class='ocrx_word' id='word_1_369' title='bbox 490 3524 560 3578; x_wconf 92' lang='lat' dir='ltr'><strong>ob</strong></span> <span class='ocrx_word' id='word_1_370' title='bbox 593 3540 705 3590; x_wconf 89' lang='lat' dir='ltr'><strong>res,</strong></span> <span class='ocrx_word' id='word_1_371' title='bbox 749 3523 930 3579; x_wconf 90' lang='lat' dir='ltr'><strong>omnis</strong></span> <span class='ocrx_word' id='word_1_372' title='bbox 970 3524 1211 3592; x_wconf 90' lang='lat' dir='ltr'><strong>ipsorum</strong></span> <span class='ocrx_word' id='word_1_373' title='bbox 1243 3524 1458 3588; x_wconf 92' lang='lat' dir='ltr'><strong>domus,</strong></span> <span class='ocrx_word' id='word_1_374' title='bbox 1492 3527 1780 3597; x_wconf 88' lang='lat' dir='ltr'><strong>omnisque</strong></span> <span class='ocrx_word' id='word_1_375' title='bbox 1817 3528 2062 3598; x_wconf 89' lang='lat' dir='ltr'><strong>ipsorum</strong></span> 
     </span>
    </p>
   </div>
   <div class='ocr_carea' id='block_1_55' title="bbox 491 3614 2062 3685">
    <p class='ocr_par' dir='ltr' id='par_1_55' title="bbox 491 3614 2062 3685">
     <span class='ocr_line' id='line_1_55' title="bbox 491 3614 2062 3685; baseline 0.003 -17"><span class='ocrx_word' id='word_1_376' title='bbox 491 3614 673 3668; x_wconf 89' lang='lat' dir='ltr'><strong>anima</strong></span> <span class='ocrx_word' id='word_1_377' title='bbox 703 3616 758 3669; x_wconf 92' lang='lat' dir='ltr'><strong>in</strong></span> <span class='ocrx_word' id='word_1_378' title='bbox 789 3615 936 3670; x_wconf 90' lang='lat' dir='ltr'><strong>hunc</strong></span> <span class='ocrx_word' id='word_1_379' title='bbox 969 3631 1143 3685; x_wconf 90' lang='lat' dir='ltr'><strong>usque</strong></span> <span class='ocrx_word' id='word_1_380' title='bbox 1173 3616 1315 3670; x_wconf 91' lang='lat' dir='ltr'><strong>diem</strong></span> <span class='ocrx_word' id='word_1_381' title='bbox 1347 3615 1833 3673; x_wconf 87' lang='lat' dir='ltr'><strong>lamentationibus</strong></span> <span class='ocrx_word' id='word_1_382' title='bbox 1865 3618 2062 3672; x_wconf 82' lang='lat' dir='ltr'><strong>alllicta</strong></span> 
     </span>
    </p>
   </div>
   <div class='ocr_carea' id='block_1_56' title="bbox 487 3705 2061 3780">
    <p class='ocr_par' dir='ltr' id='par_1_56' title="bbox 487 3705 2061 3780">
     <span class='ocr_line' id='line_1_56' title="bbox 487 3705 2061 3780; baseline 0.002 -20"><span class='ocrx_word' id='word_1_383' title='bbox 487 3713 589 3760; x_wconf 89' lang='lat' dir='ltr'><strong>est.</strong></span> <span class='ocrx_word' id='word_1_384' title='bbox 631 3707 973 3775; x_wconf 85' lang='lat' dir='ltr'><strong>Quapropter</strong></span> <span class='ocrx_word' id='word_1_385' title='bbox 1025 3705 1287 3776; x_wconf 81' lang='lat' dir='ltr'><strong>prepheta</strong></span> <span class='ocrx_word' id='word_1_386' title='bbox 1335 3707 1416 3762; x_wconf 88' lang='lat' dir='ltr'><strong>sic</strong></span> <span class='ocrx_word' id='word_1_387' title='bbox 1459 3708 1533 3761; x_wconf 89' lang='lat' dir='ltr'><strong>ait</strong></span> <span class='ocrx_word' id='word_1_388' title='bbox 1571 3725 1585 3760; x_wconf 90' lang='lat'><strong>:</strong></span> <span class='ocrx_word' id='word_1_389' title='bbox 1637 3728 1655 3760; x_wconf 82' lang='grc' dir='ltr'><strong>ι</strong></span> <span class='ocrx_word' id='word_1_390' title='bbox 1695 3707 1762 3762; x_wconf 83' lang='lat' dir='ltr'><strong>Et</strong></span> <span class='ocrx_word' id='word_1_391' title='bbox 1805 3711 2061 3780; x_wconf 86' lang='lat' dir='ltr'><strong>plangent</strong></span> 
     </span>
    </p>
   </div>
   <div class='ocr_carea' id='block_1_57' title="bbox 488 3796 2058 3868">
    <p class='ocr_par' dir='ltr' id='par_1_57' title="bbox 488 3796 2058 3868">
     <span class='ocr_line' id='line_1_57' title="bbox 488 3796 2058 3868; baseline 0.004 -18"><span class='ocrx_word' id='word_1_392' title='bbox 488 3797 716 3866; x_wconf 61' lang='lat' dir='ltr'><strong>singulae</strong></span> <span class='ocrx_word' id='word_1_393' title='bbox 741 3796 917 3851; x_wconf 88' lang='lat' dir='ltr'><strong>tribus</strong></span> <span class='ocrx_word' id='word_1_394' title='bbox 939 3813 1034 3867; x_wconf 88' lang='lat' dir='ltr'><strong>per</strong></span> <span class='ocrx_word' id='word_1_395' title='bbox 1046 3798 1282 3866; x_wconf 86' lang='lat' dir='ltr'><strong>seipsas:</strong></span> <span class='ocrx_word' id='word_1_396' title='bbox 1303 3797 1464 3868; x_wconf 68' lang='grc'><strong>412</strong></span> <span class='ocrx_word' id='word_1_397' title='bbox 1483 3800 1657 3855; x_wconf 90' lang='lat' dir='ltr'><strong>tribus</strong></span> <span class='ocrx_word' id='word_1_398' title='bbox 1674 3801 1869 3858; x_wconf 90' lang='lat' dir='ltr'><strong>domus</strong></span> <span class='ocrx_word' id='word_1_399' title='bbox 1888 3802 2058 3857; x_wconf 88' lang='lat' dir='ltr'><strong>David</strong></span> 
     </span>
    </p>
   </div>
   <div class='ocr_carea' id='block_1_58' title="bbox 489 3885 2060 3964">
    <p class='ocr_par' dir='ltr' id='par_1_58' title="bbox 489 3885 2060 3964">
     <span class='ocr_line' id='line_1_58' title="bbox 489 3885 2060 3964; baseline 0.006 -26"><span class='ocrx_word' id='word_1_400' title='bbox 489 3899 759 3949; x_wconf 89' lang='lat' dir='ltr'><strong>seorsum,</strong></span> <span class='ocrx_word' id='word_1_401' title='bbox 790 3894 844 3939; x_wconf 88' lang='lat' dir='ltr'><strong>et</strong></span> <span class='ocrx_word' id='word_1_402' title='bbox 887 3885 1143 3940; x_wconf 86' lang='lat' dir='ltr'><strong>mulieres</strong></span> <span class='ocrx_word' id='word_1_403' title='bbox 1182 3902 1372 3940; x_wconf 90' lang='lat' dir='ltr'><strong>eorum</strong></span> <span class='ocrx_word' id='word_1_404' title='bbox 1419 3904 1668 3944; x_wconf 90' lang='lat' dir='ltr'><strong>seorsum</strong></span> <span class='ocrx_word' id='word_1_405' title='bbox 1689 3892 1753 3956; x_wconf 79' lang='grc'>¹²,</span> <span class='ocrx_word' id='word_1_406' title='bbox 1790 3912 1808 3944; x_wconf 76' lang='grc' dir='ltr'><strong>ι</strong></span> <span class='ocrx_word' id='word_1_407' title='bbox 1847 3901 1900 3948; x_wconf 90' lang='lat' dir='ltr'><strong>et</strong></span> <span class='ocrx_word' id='word_1_408' title='bbox 1938 3909 2060 3964; x_wconf 67' lang='lat' dir='ltr'><strong>quae</strong></span> 
     </span>
    </p>
   </div>
   <div class='ocr_carea' id='block_1_59' title="bbox 488 3975 2058 4054">
    <p class='ocr_par' dir='ltr' id='par_1_59' title="bbox 488 3975 2058 4054">
     <span class='ocr_line' id='line_1_59' title="bbox 488 3975 2058 4054; baseline 0.007 -25"><span class='ocrx_word' id='word_1_409' title='bbox 488 3982 811 4044; x_wconf 88' lang='lat' dir='ltr'><strong>sequuntur.</strong></span> <span class='ocrx_word' id='word_1_410' title='bbox 845 3975 953 4031; x_wconf 86' lang='lat' dir='ltr'><strong>Sed</strong></span> <span class='ocrx_word' id='word_1_411' title='bbox 994 3977 1087 4044; x_wconf 88' lang='lat' dir='ltr'><strong>qui</strong></span> <span class='ocrx_word' id='word_1_412' title='bbox 1117 3976 1334 4031; x_wconf 81' lang='lat' dir='ltr'><strong>tandem</strong></span> <span class='ocrx_word' id='word_1_413' title='bbox 1362 3987 1487 4047; x_wconf 91' lang='lat' dir='ltr'><strong>post</strong></span> <span class='ocrx_word' id='word_1_414' title='bbox 1516 3979 1791 4038; x_wconf 58' lang='lat' dir='ltr'><strong>Zachariae</strong></span> <span class='ocrx_word' id='word_1_415' title='bbox 1812 3991 2058 4054; x_wconf 87' lang='lat' dir='ltr'><strong>tempora</strong></span> 
     </span>
    </p>
   </div>
   <div class='ocr_carea' id='block_1_60' title="bbox 487 4067 2056 4140">
    <p class='ocr_par' dir='ltr' id='par_1_60' title="bbox 487 4067 2056 4140">
     <span class='ocr_line' id='line_1_60' title="bbox 487 4067 2056 4140; baseline 0.008 -20"><span class='ocrx_word' id='word_1_416' title='bbox 487 4067 660 4120; x_wconf 81' lang='lat' dir='ltr'><strong>secuti</strong></span> <span class='ocrx_word' id='word_1_417' title='bbox 687 4075 816 4122; x_wconf 87' lang='lat' dir='ltr'><strong>sunt</strong></span> <span class='ocrx_word' id='word_1_418' title='bbox 838 4069 978 4135; x_wconf 88' lang='lat' dir='ltr'><strong>dies,</strong></span> <span class='ocrx_word' id='word_1_419' title='bbox 1007 4069 1064 4122; x_wconf 89' lang='lat' dir='ltr'><strong>in</strong></span> <span class='ocrx_word' id='word_1_420' title='bbox 1090 4069 1292 4138; x_wconf 89' lang='lat' dir='ltr'><strong>quibus</strong></span> <span class='ocrx_word' id='word_1_421' title='bbox 1322 4071 1498 4140; x_wconf 90' lang='lat' dir='ltr'><strong>spolia</strong></span> <span class='ocrx_word' id='word_1_422' title='bbox 1540 4071 1842 4128; x_wconf 90' lang='lat' dir='ltr'><strong>Jerusalem</strong></span> <span class='ocrx_word' id='word_1_423' title='bbox 1881 4076 2056 4132; x_wconf 90' lang='lat' dir='ltr'><strong>divisa</strong></span> 
     </span>
    </p>
   </div>
   <div class='ocr_carea' id='block_1_61' title="bbox 487 4159 2053 4231">
    <p class='ocr_par' dir='ltr' id='par_1_61' title="bbox 487 4159 2053 4231">
     <span class='ocr_line' id='line_1_61' title="bbox 487 4159 2053 4231; baseline 0.008 -20"><span class='ocrx_word' id='word_1_424' title='bbox 487 4159 653 4212; x_wconf 85' lang='lat' dir='ltr'><strong>sunt?</strong></span> <span class='ocrx_word' id='word_1_425' title='bbox 692 4169 745 4214; x_wconf 91' lang='lat' dir='ltr'><strong>et</strong></span> <span class='ocrx_word' id='word_1_426' title='bbox 783 4169 973 4231; x_wconf 80' lang='lat' dir='ltr'><strong>gentes</strong></span> <span class='ocrx_word' id='word_1_427' title='bbox 1019 4163 1287 4216; x_wconf 81' lang='lat' dir='ltr'><strong>universae</strong></span> <span class='ocrx_word' id='word_1_428' title='bbox 1335 4162 1404 4216; x_wconf 90' lang='lat' dir='ltr'><strong>ad</strong></span> <span class='ocrx_word' id='word_1_429' title='bbox 1451 4163 1651 4216; x_wconf 88' lang='lat' dir='ltr'><strong>bellum</strong></span> <span class='ocrx_word' id='word_1_430' title='bbox 1702 4175 1894 4220; x_wconf 84' lang='lat' dir='ltr'><strong>contra</strong></span> <span class='ocrx_word' id='word_1_431' title='bbox 1935 4183 2053 4224; x_wconf 88' lang='lat' dir='ltr'><strong>eam</strong></span> 
     </span>
    </p>
   </div>
   <div class='ocr_carea' id='block_1_62' title="bbox 483 4250 2050 4329">
    <p class='ocr_par' dir='ltr' id='par_1_62' title="bbox 483 4250 2050 4329">
     <span class='ocr_line' id='line_1_62' title="bbox 483 4250 2050 4329; baseline 0.008 -26"><span class='ocrx_word' id='word_1_432' title='bbox 483 4250 787 4304; x_wconf 89' lang='lat' dir='ltr'><strong>coiverint?</strong></span> <span class='ocrx_word' id='word_1_433' title='bbox 833 4260 882 4306; x_wconf 88' lang='lat' dir='ltr'><strong>et</strong></span> <span class='ocrx_word' id='word_1_434' title='bbox 916 4255 1113 4308; x_wconf 89' lang='lat' dir='ltr'><strong>civitas</strong></span> <span class='ocrx_word' id='word_1_435' title='bbox 1147 4260 1303 4322; x_wconf 88' lang='lat' dir='ltr'><strong>capta</strong></span> <span class='ocrx_word' id='word_1_436' title='bbox 1344 4253 1436 4318; x_wconf 90' lang='lat' dir='ltr'><strong>sit,</strong></span> <span class='ocrx_word' id='word_1_437' title='bbox 1471 4262 1526 4307; x_wconf 92' lang='lat' dir='ltr'><strong>et</strong></span> <span class='ocrx_word' id='word_1_438' title='bbox 1567 4255 1762 4312; x_wconf 88' lang='lat' dir='ltr'><strong>domus</strong></span> <span class='ocrx_word' id='word_1_439' title='bbox 1807 4258 2050 4329; x_wconf 85' lang='lat' dir='ltr'><strong>direptae,</strong></span> 
     </span>
    </p>
   </div>
   <div class='ocr_carea' id='block_1_63' title="bbox 483 4344 2053 4416">
    <p class='ocr_par' dir='ltr' id='par_1_63' title="bbox 483 4344 2053 4416">
     <span class='ocr_line' id='line_1_63' title="bbox 483 4344 2053 4416; baseline 0.008 -22"><span class='ocrx_word' id='word_1_440' title='bbox 483 4350 537 4395; x_wconf 88' lang='lat' dir='ltr'><strong>et</strong></span> <span class='ocrx_word' id='word_1_441' title='bbox 571 4344 824 4399; x_wconf 86' lang='lat' dir='ltr'><strong>mulieres</strong></span> <span class='ocrx_word' id='word_1_442' title='bbox 853 4347 1074 4416; x_wconf 67' lang='lat' dir='ltr'><strong>polluta:</strong></span> <span class='ocrx_word' id='word_1_443' title='bbox 1106 4355 1272 4415; x_wconf 89' lang='lat' dir='ltr'><strong>atque</strong></span> <span class='ocrx_word' id='word_1_444' title='bbox 1302 4346 1355 4401; x_wconf 90' lang='lat' dir='ltr'><strong>in</strong></span> <span class='ocrx_word' id='word_1_445' title='bbox 1387 4346 1704 4401; x_wconf 88' lang='lat' dir='ltr'><strong>servitutem</strong></span> <span class='ocrx_word' id='word_1_446' title='bbox 1735 4350 1974 4405; x_wconf 76' lang='lat' dir='ltr'><strong>abactae?</strong></span> <span class='ocrx_word' id='word_1_447' title='bbox 2000 4362 2053 4406; x_wconf 92' lang='lat' dir='ltr'><strong>et</strong></span> 
     </span>
    </p>
   </div>
   <div class='ocr_carea' id='block_1_64' title="bbox 481 4433 2130 4528">
    <p class='ocr_par' dir='ltr' id='par_1_64' title="bbox 481 4433 2130 4528">
     <span class='ocr_line' id='line_1_64' title="bbox 481 4433 2130 4528; baseline 0.007 -43"><span class='ocrx_word' id='word_1_448' title='bbox 481 4433 701 4502; x_wconf 85' lang='lat' dir='ltr'><strong>quando</strong></span> <span class='ocrx_word' id='word_1_449' title='bbox 741 4435 906 4489; x_wconf 92' lang='lat' dir='ltr'><strong>simul</strong></span> <span class='ocrx_word' id='word_1_450' title='bbox 946 4437 1048 4491; x_wconf 89' lang='lat' dir='ltr'><strong>sub</strong></span> <span class='ocrx_word' id='word_1_451' title='bbox 1079 4437 1222 4492; x_wconf 90' lang='lat' dir='ltr'><strong>idem</strong></span> <span class='ocrx_word' id='word_1_452' title='bbox 1262 4443 1476 4507; x_wconf 90' lang='lat' dir='ltr'><strong>tempus</strong></span> <span class='ocrx_word' id='word_1_453' title='bbox 1507 4435 1766 4495; x_wconf 92' lang='lat' dir='ltr'><strong>Dominus</strong></span> <span class='ocrx_word' id='word_1_454' title='bbox 1801 4442 2050 4510; x_wconf 83' lang='lat' dir='ltr'><strong>gentibus</strong></span> <span class='ocrx_word' id='word_1_455' title='bbox 2083 4471 2130 4528; x_wconf 73' lang='grc' dir='ltr'><strong>ι)</strong></span> 
     </span>
    </p>
   </div>
   <div class='ocr_carea' id='block_1_65' title="bbox 477 4521 2053 4600">
    <p class='ocr_par' dir='ltr' id='par_1_65' title="bbox 477 4521 2053 4600">
     <span class='ocr_line' id='line_1_65' title="bbox 477 4521 2053 4600; baseline 0.006 -24"><span class='ocrx_word' id='word_1_456' title='bbox 477 4521 778 4578; x_wconf 86' lang='lat' dir='ltr'><strong>Jerusalem</strong></span> <span class='ocrx_word' id='word_1_457' title='bbox 808 4529 1260 4596; x_wconf 86' lang='lat' dir='ltr'><strong>oppugnantibus</strong></span> <span class='ocrx_word' id='word_1_458' title='bbox 1321 4527 1674 4592; x_wconf 83' lang='lat' dir='ltr'><strong>subveniens,</strong></span> <span class='ocrx_word' id='word_1_459' title='bbox 1714 4534 2053 4600; x_wconf 87' lang='lat' dir='ltr'><strong>comparavit</strong></span> 
     </span>
    </p>
   </div>
   <div class='ocr_carea' id='block_1_66' title="bbox 479 4614 2051 4702">
    <p class='ocr_par' dir='ltr' id='par_1_66' title="bbox 479 4614 2051 4702">
     <span class='ocr_line' id='line_1_66' title="bbox 479 4614 2051 4702; baseline 0.008 -35"><span class='ocrx_word' id='word_1_460' title='bbox 479 4629 540 4669; x_wconf 90' lang='lat' dir='ltr'><strong>se</strong></span> <span class='ocrx_word' id='word_1_461' title='bbox 568 4614 634 4668; x_wconf 82' lang='lat' dir='ltr'><strong>ad</strong></span> <span class='ocrx_word' id='word_1_462' title='bbox 667 4617 910 4684; x_wconf 64' lang='lat' dir='ltr'><strong>praelium</strong></span> <span class='ocrx_word' id='word_1_463' title='bbox 949 4633 1073 4673; x_wconf 91' lang='lat' dir='ltr'><strong>cum</strong></span> <span class='ocrx_word' id='word_1_464' title='bbox 1105 4617 1250 4702; x_wconf 74' lang='lat' dir='ltr'><strong>illis?</strong></span> <span class='ocrx_word' id='word_1_465' title='bbox 1283 4627 1376 4670; x_wconf 88' lang='lat' dir='ltr'><strong>aut</strong></span> <span class='ocrx_word' id='word_1_466' title='bbox 1405 4619 1625 4688; x_wconf 90' lang='lat' dir='ltr'><strong>quando</strong></span> <span class='ocrx_word' id='word_1_467' title='bbox 1655 4629 1919 4678; x_wconf 85' lang='lat' dir='ltr'><strong>steterunt</strong></span> <span class='ocrx_word' id='word_1_468' title='bbox 1953 4638 2051 4693; x_wconf 86' lang='lat' dir='ltr'><strong>pe-</strong></span> 
     </span>
    </p>
   </div>
   <div class='ocr_carea' id='block_1_67' title="bbox 477 4706 2053 4782">
    <p class='ocr_par' dir='ltr' id='par_1_67' title="bbox 477 4706 2053 4782">
     <span class='ocr_line' id='line_1_67' title="bbox 477 4706 2053 4782; baseline 0.006 -23"><span class='ocrx_word' id='word_1_469' title='bbox 477 4706 575 4762; x_wconf 91' lang='lat' dir='ltr'><strong>des</strong></span> <span class='ocrx_word' id='word_1_470' title='bbox 605 4708 726 4776; x_wconf 88' lang='lat' dir='ltr'><strong>ejus</strong></span> <span class='ocrx_word' id='word_1_471' title='bbox 777 4708 831 4762; x_wconf 92' lang='lat' dir='ltr'><strong>in</strong></span> <span class='ocrx_word' id='word_1_472' title='bbox 865 4719 1050 4766; x_wconf 90' lang='lat' dir='ltr'><strong>monte</strong></span> <span class='ocrx_word' id='word_1_473' title='bbox 1084 4711 1403 4768; x_wconf 82' lang='lat' dir='ltr'><strong>Ulivarum?</strong></span> <span class='ocrx_word' id='word_1_474' title='bbox 1446 4719 1542 4764; x_wconf 88' lang='lat' dir='ltr'><strong>aut</strong></span> <span class='ocrx_word' id='word_1_475' title='bbox 1590 4713 1809 4782; x_wconf 85' lang='lat' dir='ltr'><strong>quando</strong></span> <span class='ocrx_word' id='word_1_476' title='bbox 1843 4715 2053 4769; x_wconf 82' lang='lat' dir='ltr'><strong>exstitit</strong></span> 
     </span>
    </p>
   </div>
   <div class='ocr_carea' id='block_1_68' title="bbox 478 4797 2049 4876">
    <p class='ocr_par' dir='ltr' id='par_1_68' title="bbox 478 4797 2049 4876">
     <span class='ocr_line' id='line_1_68' title="bbox 478 4797 2049 4876; baseline 0.008 -27"><span class='ocrx_word' id='word_1_477' title='bbox 478 4797 741 4854; x_wconf 90' lang='lat' dir='ltr'><strong>Dominus</strong></span> <span class='ocrx_word' id='word_1_478' title='bbox 763 4799 819 4853; x_wconf 91' lang='lat' dir='ltr'><strong>in</strong></span> <span class='ocrx_word' id='word_1_479' title='bbox 857 4799 1058 4873; x_wconf 78' lang='lat' dir='ltr'><strong>Regem</strong></span> <span class='ocrx_word' id='word_1_480' title='bbox 1090 4819 1185 4872; x_wconf 91' lang='lat' dir='ltr'><strong>per</strong></span> <span class='ocrx_word' id='word_1_481' title='bbox 1219 4807 1532 4860; x_wconf 83' lang='lat' dir='ltr'><strong>universam</strong></span> <span class='ocrx_word' id='word_1_482' title='bbox 1562 4804 1803 4858; x_wconf 88' lang='lat' dir='ltr'><strong>terram?</strong></span> <span class='ocrx_word' id='word_1_483' title='bbox 1826 4807 2049 4876; x_wconf 89' lang='lat' dir='ltr'><strong>ipseque</strong></span> 
     </span>
    </p>
   </div>
   <div class='ocr_carea' id='block_1_69' title="bbox 473 4889 2047 4962">
    <p class='ocr_par' dir='ltr' id='par_1_69' title="bbox 473 4889 2047 4962">
     <span class='ocr_line' id='line_1_69' title="bbox 473 4889 2047 4962; baseline 0.006 -20"><span class='ocrx_word' id='word_1_484' title='bbox 473 4904 618 4944; x_wconf 91' lang='lat' dir='ltr'><strong>unus</strong></span> <span class='ocrx_word' id='word_1_485' title='bbox 664 4889 928 4946; x_wconf 88' lang='lat' dir='ltr'><strong>Dominus</strong></span> <span class='ocrx_word' id='word_1_486' title='bbox 981 4893 1124 4962; x_wconf 86' lang='lat' dir='ltr'><strong>apud</strong></span> <span class='ocrx_word' id='word_1_487' title='bbox 1176 4909 1366 4951; x_wconf 90' lang='lat' dir='ltr'><strong>omnes</strong></span> <span class='ocrx_word' id='word_1_488' title='bbox 1418 4894 1707 4952; x_wconf 86' lang='lat' dir='ltr'><strong>homines?</strong></span> <span class='ocrx_word' id='word_1_489' title='bbox 1751 4903 1804 4950; x_wconf 90' lang='lat' dir='ltr'><strong>et</strong></span> <span class='ocrx_word' id='word_1_490' title='bbox 1848 4912 2047 4951; x_wconf 89' lang='lat' dir='ltr'><strong>nomen</strong></span> 
     </span>
    </p>
   </div>
   <div class='ocr_carea' id='block_1_70' title="bbox 472 4982 2044 5051">
    <p class='ocr_par' dir='ltr' id='par_1_70' title="bbox 472 4982 2044 5051">
     <span class='ocr_line' id='line_1_70' title="bbox 472 4982 2044 5051; baseline 0.007 -18"><span class='ocrx_word' id='word_1_491' title='bbox 472 4982 592 5051; x_wconf 87' lang='lat' dir='ltr'><strong>ejus</strong></span> <span class='ocrx_word' id='word_1_492' title='bbox 625 4984 872 5040; x_wconf 89' lang='lat' dir='ltr'><strong>ambiens</strong></span> <span class='ocrx_word' id='word_1_493' title='bbox 893 4987 1201 5041; x_wconf 86' lang='lat' dir='ltr'><strong>universam</strong></span> <span class='ocrx_word' id='word_1_494' title='bbox 1225 4996 1428 5043; x_wconf 88' lang='lat' dir='ltr'><strong>terram</strong></span> <span class='ocrx_word' id='word_1_495' title='bbox 1449 4995 1504 5045; x_wconf 86' lang='lat' dir='ltr'><strong>et</strong></span> <span class='ocrx_word' id='word_1_496' title='bbox 1527 4989 1874 5043; x_wconf 89' lang='lat' dir='ltr'><strong>solitudinem</strong></span> <span class='ocrx_word' id='word_1_497' title='bbox 1892 4991 1914 5043; x_wconf 90' lang='lat'><strong>?</strong></span> <span class='ocrx_word' id='word_1_498' title='bbox 1931 4991 2044 5044; x_wconf 66' lang='lat' dir='ltr'><strong>haec</strong></span> 
     </span>
    </p>
   </div>
   <div class='ocr_carea' id='block_1_71' title="bbox 471 5072 2048 5147">
    <p class='ocr_par' dir='ltr' id='par_1_71' title="bbox 471 5072 2048 5147">
     <span class='ocr_line' id='line_1_71' title="bbox 471 5072 2048 5147; baseline 0.005 -23"><span class='ocrx_word' id='word_1_499' title='bbox 471 5072 614 5124; x_wconf 86' lang='lat' dir='ltr'><strong>enim</strong></span> <span class='ocrx_word' id='word_1_500' title='bbox 646 5088 923 5142; x_wconf 72' lang='lat' dir='ltr'><strong>nunquam</strong></span> <span class='ocrx_word' id='word_1_501' title='bbox 955 5076 1240 5147; x_wconf 87' lang='lat' dir='ltr'><strong>quisquam</strong></span> <span class='ocrx_word' id='word_1_502' title='bbox 1273 5087 1429 5131; x_wconf 90' lang='lat' dir='ltr'><strong>antea</strong></span> <span class='ocrx_word' id='word_1_503' title='bbox 1458 5078 1523 5132; x_wconf 92' lang='lat' dir='ltr'><strong>ad</strong></span> <span class='ocrx_word' id='word_1_504' title='bbox 1560 5091 1720 5129; x_wconf 85' lang='lat' dir='ltr'><strong>suum</strong></span> <span class='ocrx_word' id='word_1_505' title='bbox 1746 5075 1903 5130; x_wconf 76' lang='lat' dir='ltr'><strong>tinem</strong></span> <span class='ocrx_word' id='word_1_506' title='bbox 1930 5090 2048 5146; x_wconf 69' lang='lat' dir='ltr'><strong>per;</strong></span> 
     </span>
    </p>
   </div>
   <div class='ocr_carea' id='block_1_72' title="bbox 472 5162 2045 5235">
    <p class='ocr_par' dir='ltr' id='par_1_72' title="bbox 472 5162 2045 5235">
     <span class='ocr_line' id='line_1_72' title="bbox 472 5162 2045 5235; baseline 0.004 -21"><span class='ocrx_word' id='word_1_507' title='bbox 472 5162 636 5216; x_wconf 91' lang='lat' dir='ltr'><strong>ducta</strong></span> <span class='ocrx_word' id='word_1_508' title='bbox 663 5163 1038 5220; x_wconf 91' lang='lat' dir='ltr'><strong>demonstrare</strong></span> <span class='ocrx_word' id='word_1_509' title='bbox 1084 5167 1305 5235; x_wconf 88' lang='lat' dir='ltr'><strong>poterit,</strong></span> <span class='ocrx_word' id='word_1_510' title='bbox 1337 5168 1442 5220; x_wconf 91' lang='lat' dir='ltr'><strong>nisi</strong></span> <span class='ocrx_word' id='word_1_511' title='bbox 1485 5166 1856 5222; x_wconf 79' lang='lat' dir='ltr'><strong>Romanorum</strong></span> <span class='ocrx_word' id='word_1_512' title='bbox 1906 5173 2045 5220; x_wconf 85' lang='lat' dir='ltr'><strong>tem-</strong></span> 
     </span>
    </p>
   </div>
   <div class='ocr_carea' id='block_1_73' title="bbox 469 5253 2044 5330">
    <p class='ocr_par' dir='ltr' id='par_1_73' title="bbox 469 5253 2044 5330">
     <span class='ocr_line' id='line_1_73' title="bbox 469 5253 2044 5330; baseline 0.005 -25"><span class='ocrx_word' id='word_1_513' title='bbox 469 5253 716 5321; x_wconf 85' lang='lat' dir='ltr'><strong>poribus,</strong></span> <span class='ocrx_word' id='word_1_514' title='bbox 757 5255 956 5324; x_wconf 88' lang='lat' dir='ltr'><strong>quibus</strong></span> <span class='ocrx_word' id='word_1_515' title='bbox 999 5269 1123 5326; x_wconf 88' lang='lat' dir='ltr'><strong>post</strong></span> <span class='ocrx_word' id='word_1_516' title='bbox 1171 5257 1559 5330; x_wconf 83' lang='lat' dir='ltr'><strong>Babylonicum</strong></span> <span class='ocrx_word' id='word_1_517' title='bbox 1591 5258 1926 5324; x_wconf 83' lang='lat' dir='ltr'><strong>incendium,</strong></span> <span class='ocrx_word' id='word_1_518' title='bbox 1965 5261 2044 5313; x_wconf 89' lang='lat' dir='ltr'><strong>al-</strong></span> 
     </span>
    </p>
   </div>
   <div class='ocr_carea' id='block_1_74' title="bbox 471 5348 2039 5423">
    <p class='ocr_par' dir='ltr' id='par_1_74' title="bbox 471 5348 2039 5423">
     <span class='ocr_line' id='line_1_74' title="bbox 471 5348 2039 5423; baseline 0.006 -28"><span class='ocrx_word' id='word_1_519' title='bbox 471 5350 590 5400; x_wconf 83' lang='lat' dir='ltr'><strong>tero</strong></span> <span class='ocrx_word' id='word_1_520' title='bbox 637 5361 832 5402; x_wconf 89' lang='lat' dir='ltr'><strong>rursus</strong></span> <span class='ocrx_word' id='word_1_521' title='bbox 873 5348 1125 5405; x_wconf 87' lang='lat' dir='ltr'><strong>incendio</strong></span> <span class='ocrx_word' id='word_1_522' title='bbox 1159 5351 1402 5420; x_wconf 92' lang='lat' dir='ltr'><strong>ipsorum</strong></span> <span class='ocrx_word' id='word_1_523' title='bbox 1458 5353 1718 5423; x_wconf 91' lang='lat' dir='ltr'><strong>templum</strong></span> <span class='ocrx_word' id='word_1_524' title='bbox 1763 5359 2039 5404; x_wconf 88' lang='lat' dir='ltr'><strong>vastatum</strong></span> 
     </span>
    </p>
   </div>
   <div class='ocr_carea' id='block_1_75' title="bbox 471 5438 2042 5514">
    <p class='ocr_par' dir='ltr' id='par_1_75' title="bbox 471 5438 2042 5514">
     <span class='ocr_line' id='line_1_75' title="bbox 471 5438 2042 5514; baseline 0.005 -26"><span class='ocrx_word' id='word_1_525' title='bbox 471 5445 574 5504; x_wconf 89' lang='lat' dir='ltr'><strong>est,</strong></span> <span class='ocrx_word' id='word_1_526' title='bbox 613 5445 666 5492; x_wconf 90' lang='lat' dir='ltr'><strong>et</strong></span> <span class='ocrx_word' id='word_1_527' title='bbox 692 5438 886 5495; x_wconf 83' lang='lat' dir='ltr'><strong>civitas</strong></span> <span class='ocrx_word' id='word_1_528' title='bbox 911 5456 978 5495; x_wconf 85' lang='lat' dir='ltr'><strong>ex</strong></span> <span class='ocrx_word' id='word_1_529' title='bbox 1000 5441 1092 5496; x_wconf 91' lang='lat' dir='ltr'><strong>illo</strong></span> <span class='ocrx_word' id='word_1_530' title='bbox 1125 5443 1190 5496; x_wconf 87' lang='lat' dir='ltr'><strong>ad</strong></span> <span class='ocrx_word' id='word_1_531' title='bbox 1225 5443 1368 5496; x_wconf 90' lang='lat' dir='ltr'><strong>hunc</strong></span> <span class='ocrx_word' id='word_1_532' title='bbox 1402 5460 1575 5514; x_wconf 87' lang='lat' dir='ltr'><strong>usque</strong></span> <span class='ocrx_word' id='word_1_533' title='bbox 1606 5447 1746 5501; x_wconf 91' lang='lat' dir='ltr'><strong>diem</strong></span> <span class='ocrx_word' id='word_1_534' title='bbox 1769 5444 1842 5498; x_wconf 83' lang='lat' dir='ltr'><strong>ab</strong></span> <span class='ocrx_word' id='word_1_535' title='bbox 1863 5452 2042 5497; x_wconf 75' lang='lat' dir='ltr'><strong>exter-</strong></span> 
     </span>
    </p>
   </div>
   <div class='ocr_carea' id='block_1_76' title="bbox 472 5524 2037 5609">
    <p class='ocr_par' dir='ltr' id='par_1_76' title="bbox 472 5524 2037 5609">
     <span class='ocr_line' id='line_1_76' title="bbox 472 5524 2037 5609; baseline 0.008 -34"><span class='ocrx_word' id='word_1_536' title='bbox 472 5524 556 5578; x_wconf 89' lang='lat' dir='ltr'><strong>nis</strong></span> <span class='ocrx_word' id='word_1_537' title='bbox 585 5529 835 5595; x_wconf 88' lang='lat' dir='ltr'><strong>gentibus</strong></span> <span class='ocrx_word' id='word_1_538' title='bbox 854 5530 1086 5586; x_wconf 80' lang='lat' dir='ltr'><strong>habitari</strong></span> <span class='ocrx_word' id='word_1_539' title='bbox 1111 5535 1435 5587; x_wconf 89' lang='lat' dir='ltr'><strong>ostenditur.</strong></span> <span class='ocrx_word' id='word_1_540' title='bbox 1461 5533 1580 5600; x_wconf 86' lang='lat' dir='ltr'><strong>Quo</strong></span> <span class='ocrx_word' id='word_1_541' title='bbox 1609 5545 1856 5609; x_wconf 84' lang='lat' dir='ltr'><strong>tempore</strong></span> <span class='ocrx_word' id='word_1_542' title='bbox 1875 5536 2037 5590; x_wconf 89' lang='lat' dir='ltr'><strong>etiam</strong></span> 
     </span>
    </p>
   </div>
   <div class='ocr_carea' id='block_1_77' title="bbox 543 5700 1912 5776">
    <p class='ocr_par' dir='ltr' id='par_1_77' title="bbox 543 5700 1912 5776">
     <span class='ocr_line' id='line_1_77' title="bbox 543 5700 1912 5776; baseline 0.008 -21"><span class='ocrx_word' id='word_1_543' title='bbox 543 5702 582 5732; x_wconf 80' lang='lat'>“</span> <span class='ocrx_word' id='word_1_544' title='bbox 641 5700 838 5762; x_wconf 87' lang='lat' dir='ltr'><strong>Ezech.</strong></span> <span class='ocrx_word' id='word_1_545' title='bbox 877 5723 1012 5771; x_wconf 78' lang='lat' dir='ltr'><strong>xvu,</strong></span> <span class='ocrx_word' id='word_1_546' title='bbox 1046 5706 1130 5763; x_wconf 66' lang='lat'><strong>12.</strong></span> <span class='ocrx_word' id='word_1_547' title='bbox 1213 5708 1254 5738; x_wconf 84' lang='lat'>&quot;</span> <span class='ocrx_word' id='word_1_548' title='bbox 1298 5707 1527 5764; x_wconf 84' lang='lat' dir='ltr'><strong>Zachar.</strong></span> <span class='ocrx_word' id='word_1_549' title='bbox 1562 5725 1679 5776; x_wconf 75' lang='lat' dir='ltr'><strong>xu,</strong></span> <span class='ocrx_word' id='word_1_550' title='bbox 1719 5707 1912 5766; x_wconf 69' lang='lat' dir='ltr'><strong>12-M-</strong></span> 
     </span>
    </p>
   </div>
   <div class='ocr_carea' id='block_1_78' title="bbox 2174 1872 3747 1951">
    <p class='ocr_par' dir='ltr' id='par_1_78' title="bbox 2174 1872 3747 1951">
     <span class='ocr_line' id='line_1_78' title="bbox 2174 1872 3747 1951; baseline -0.006 -18"><span class='ocrx_word' id='word_1_551' title='bbox 2174 1879 2510 1951; x_wconf 83' lang='grc' dir='ltr'>πατούμενος</span> <span class='ocrx_word' id='word_1_552' title='bbox 2538 1880 2669 1932; x_wconf 81' lang='grc' dir='ltr'>πᾶσι</span> <span class='ocrx_word' id='word_1_553' title='bbox 2698 1880 2810 1940; x_wconf 82' lang='grc' dir='ltr'>τοῖς</span> <span class='ocrx_word' id='word_1_554' title='bbox 2841 1876 3038 1940; x_wconf 81' lang='grc' dir='ltr'>ἔθνεσι,</span> <span class='ocrx_word' id='word_1_555' title='bbox 3080 1875 3172 1928; x_wconf 73' lang='grc' dir='ltr'>καὶ</span> <span class='ocrx_word' id='word_1_556' title='bbox 3201 1876 3308 1938; x_wconf 82' lang='grc' dir='ltr'>πᾶς</span> <span class='ocrx_word' id='word_1_557' title='bbox 3352 1877 3381 1927; x_wconf 90' lang='lat'><strong>6</strong></span> <span class='ocrx_word' id='word_1_558' title='bbox 3419 1872 3747 1927; x_wconf 80' lang='grc' dir='ltr'>καταπατῶν</span> 
     </span>
    </p>
   </div>
   <div class='ocr_carea' id='block_1_79' title="bbox 2173 1966 3748 2043">
    <p class='ocr_par' dir='ltr' id='par_1_79' title="bbox 2173 1966 3748 2043">
     <span class='ocr_line' id='line_1_79' title="bbox 2173 1966 3748 2043; baseline -0.006 -19"><span class='ocrx_word' id='word_1_559' title='bbox 2173 1973 2340 2043; x_wconf 80' lang='grc' dir='ltr'>αὐτὴν</span> <span class='ocrx_word' id='word_1_560' title='bbox 2371 1971 2651 2042; x_wconf 78' lang='grc' dir='ltr'>ἐμπαίζων</span> <span class='ocrx_word' id='word_1_561' title='bbox 2699 1969 3059 2040; x_wconf 83' lang='grc' dir='ltr'>ἐμπαίξεται,</span> <span class='ocrx_word' id='word_1_562' title='bbox 3104 1966 3411 2030; x_wconf 81' lang='grc' dir='ltr'>ἀκολούθως</span> <span class='ocrx_word' id='word_1_563' title='bbox 3436 1968 3499 2036; x_wconf 79' lang='grc' dir='ltr'>τῇ</span> <span class='ocrx_word' id='word_1_564' title='bbox 3535 1981 3748 2034; x_wconf 75' lang='grc' dir='ltr'>προφη-</span> 
     </span>
    </p>
   </div>
   <div class='ocr_carea' id='block_1_80' title="bbox 2171 2055 3746 2138">
    <p class='ocr_par' dir='ltr' id='par_1_80' title="bbox 2171 2055 3746 2138">
     <span class='ocr_line' id='line_1_80' title="bbox 2171 2055 3746 2138; baseline -0.006 -19"><span class='ocrx_word' id='word_1_565' title='bbox 2171 2067 2311 2138; x_wconf 74' lang='grc' dir='ltr'>τείᾳ.</span> <span class='ocrx_word' id='word_1_566' title='bbox 2355 2063 2516 2118; x_wconf 82' lang='grc' dir='ltr'>Ἀλλὰ</span> <span class='ocrx_word' id='word_1_567' title='bbox 2560 2064 2653 2116; x_wconf 72' lang='grc' dir='ltr'><strong>καὶ</strong></span> <span class='ocrx_word' id='word_1_568' title='bbox 2686 2063 2802 2116; x_wconf 85' lang='grc' dir='ltr'>ἀνθ’</span> <span class='ocrx_word' id='word_1_569' title='bbox 2846 2055 2920 2114; x_wconf 84' lang='grc' dir='ltr'>ὧν</span> <span class='ocrx_word' id='word_1_570' title='bbox 2967 2061 3390 2132; x_wconf 87' lang='grc' dir='ltr'>κατωρχήσαντο</span> <span class='ocrx_word' id='word_1_571' title='bbox 3429 2056 3520 2111; x_wconf 89' lang='grc' dir='ltr'><strong>τοῦ</strong></span> <span class='ocrx_word' id='word_1_572' title='bbox 3569 2057 3746 2122; x_wconf 84' lang='grc' dir='ltr'>ταῦτα</span> 
     </span>
    </p>
   </div>
   <div class='ocr_carea' id='block_1_81' title="bbox 2173 2149 3746 2227">
    <p class='ocr_par' dir='ltr' id='par_1_81' title="bbox 2173 2149 3746 2227">
     <span class='ocr_line' id='line_1_81' title="bbox 2173 2149 3746 2227; baseline -0.008 -16"><span class='ocrx_word' id='word_1_573' title='bbox 2173 2157 2525 2220; x_wconf 88' lang='grc' dir='ltr'>θεσπίσαντος</span> <span class='ocrx_word' id='word_1_574' title='bbox 2560 2157 2790 2227; x_wconf 86' lang='grc' dir='ltr'>Κυρίου,</span> <span class='ocrx_word' id='word_1_575' title='bbox 2821 2154 2880 2209; x_wconf 87' lang='grc' dir='ltr'><strong>ού</strong></span> <span class='ocrx_word' id='word_1_576' title='bbox 2909 2153 3243 2206; x_wconf 72' lang='grc' dir='ltr'>διαλέλοιπεν</span> <span class='ocrx_word' id='word_1_577' title='bbox 3283 2151 3477 2213; x_wconf 78' lang='grc' dir='ltr'>αὐτοὺς</span> <span class='ocrx_word' id='word_1_578' title='bbox 3513 2149 3746 2211; x_wconf 81' lang='grc' dir='ltr'>κοπετὸς</span> 
     </span>
    </p>
   </div>
   <div class='ocr_carea' id='block_1_82' title="bbox 2172 2240 3740 2322">
    <p class='ocr_par' dir='ltr' id='par_1_82' title="bbox 2172 2240 3740 2322">
     <span class='ocr_line' id='line_1_82' title="bbox 2172 2240 3740 2322; baseline -0.007 -19"><span class='ocrx_word' id='word_1_579' title='bbox 2172 2251 2266 2303; x_wconf 71' lang='grc' dir='ltr'><strong>καὶ</strong></span> <span class='ocrx_word' id='word_1_580' title='bbox 2293 2250 2524 2322; x_wconf 84' lang='grc' dir='ltr'>ὀδυρμὸς</span> <span class='ocrx_word' id='word_1_581' title='bbox 2557 2250 2649 2302; x_wconf 73' lang='grc' dir='ltr'><strong>καὶ</strong></span> <span class='ocrx_word' id='word_1_582' title='bbox 2681 2247 2896 2318; x_wconf 82' lang='grc' dir='ltr'>θρῆνος.</span> <span class='ocrx_word' id='word_1_583' title='bbox 2945 2246 3019 2298; x_wconf 88' lang='grc' dir='ltr'>Ού</span> <span class='ocrx_word' id='word_1_584' title='bbox 3071 2244 3288 2299; x_wconf 86' lang='grc' dir='ltr'>πώποτε</span> <span class='ocrx_word' id='word_1_585' title='bbox 3326 2243 3454 2313; x_wconf 89' lang='grc' dir='ltr'>γοῦν</span> <span class='ocrx_word' id='word_1_586' title='bbox 3495 2242 3675 2295; x_wconf 72' lang='grc' dir='ltr'>ἄλλοτε</span> <span class='ocrx_word' id='word_1_587' title='bbox 3704 2240 3740 2310; x_wconf 80' lang='grc' dir='ltr'>ἢ</span> 
     </span>
    </p>
   </div>
   <div class='ocr_carea' id='block_1_83' title="bbox 2177 2334 3743 2413">
    <p class='ocr_par' dir='ltr' id='par_1_83' title="bbox 2177 2334 3743 2413">
     <span class='ocr_line' id='line_1_83' title="bbox 2177 2334 3743 2413; baseline -0.006 -19"><span class='ocrx_word' id='word_1_588' title='bbox 2177 2341 2311 2412; x_wconf 86' lang='grc' dir='ltr'>μετὰ</span> <span class='ocrx_word' id='word_1_589' title='bbox 2343 2342 2440 2413; x_wconf 83' lang='grc' dir='ltr'><strong>τὴν</strong></span> <span class='ocrx_word' id='word_1_590' title='bbox 2463 2340 2558 2393; x_wconf 87' lang='grc' dir='ltr'><strong>τοῦ</strong></span> <span class='ocrx_word' id='word_1_591' title='bbox 2593 2338 2843 2411; x_wconf 79' lang='grc' dir='ltr'>Σωτῆρος</span> <span class='ocrx_word' id='word_1_592' title='bbox 2869 2337 3024 2409; x_wconf 74' lang='grc' dir='ltr'>ἡμῶν</span> <span class='ocrx_word' id='word_1_593' title='bbox 3047 2336 3370 2408; x_wconf 88' lang='grc' dir='ltr'>παρουσίαν,</span> <span class='ocrx_word' id='word_1_594' title='bbox 3403 2335 3496 2387; x_wconf 76' lang='lat' dir='ltr'><strong>xai.</strong></span> <span class='ocrx_word' id='word_1_595' title='bbox 3533 2335 3611 2396; x_wconf 83' lang='grc' dir='ltr'><strong>εἰς</strong></span> <span class='ocrx_word' id='word_1_596' title='bbox 3648 2334 3743 2386; x_wconf 83' lang='grc' dir='ltr'><strong>τὸν</strong></span> 
     </span>
    </p>
   </div>
   <div class='ocr_carea' id='block_1_84' title="bbox 2172 2425 3744 2502">
    <p class='ocr_par' dir='ltr' id='par_1_84' title="bbox 2172 2425 3744 2502">
     <span class='ocr_line' id='line_1_84' title="bbox 2172 2425 3744 2502; baseline -0.006 -17"><span class='ocrx_word' id='word_1_597' title='bbox 2172 2432 2291 2486; x_wconf 87' lang='grc' dir='ltr'>καθ’</span> <span class='ocrx_word' id='word_1_598' title='bbox 2335 2434 2482 2502; x_wconf 82' lang='grc' dir='ltr'>ἡμᾶς</span> <span class='ocrx_word' id='word_1_599' title='bbox 2529 2431 2753 2502; x_wconf 90' lang='grc' dir='ltr'>χρόνον,</span> <span class='ocrx_word' id='word_1_600' title='bbox 2803 2431 2974 2482; x_wconf 84' lang='grc' dir='ltr'>πᾶσαι</span> <span class='ocrx_word' id='word_1_601' title='bbox 3016 2430 3072 2482; x_wconf 83' lang='grc' dir='ltr'><strong>αἱ</strong></span> <span class='ocrx_word' id='word_1_602' title='bbox 3118 2427 3279 2498; x_wconf 74' lang='grc' dir='ltr'>φυλαὶ</span> <span class='ocrx_word' id='word_1_603' title='bbox 3318 2425 3413 2478; x_wconf 83' lang='grc' dir='ltr'><strong>τοῦ</strong></span> <span class='ocrx_word' id='word_1_604' title='bbox 3477 2425 3744 2478; x_wconf 83' lang='grc' dir='ltr'>Ἰουδαίων</span> 
     </span>
    </p>
   </div>
   <div class='ocr_carea' id='block_1_85' title="bbox 2171 2509 3740 2596">
    <p class='ocr_par' dir='ltr' id='par_1_85' title="bbox 2171 2509 3740 2596">
     <span class='ocr_line' id='line_1_85' title="bbox 2171 2509 3740 2596; baseline -0.006 -19"><span class='ocrx_word' id='word_1_605' title='bbox 2171 2524 2356 2587; x_wconf 78' lang='grc' dir='ltr'>ἔθνους</span> <span class='ocrx_word' id='word_1_606' title='bbox 2385 2523 2596 2596; x_wconf 88' lang='grc' dir='ltr'>θρήνων</span> <span class='ocrx_word' id='word_1_607' title='bbox 2631 2523 2723 2574; x_wconf 78' lang='grc' dir='ltr'>καὶ</span> <span class='ocrx_word' id='word_1_608' title='bbox 2757 2520 3002 2575; x_wconf 86' lang='grc' dir='ltr'>κοπετῶν</span> <span class='ocrx_word' id='word_1_609' title='bbox 3034 2509 3160 2585; x_wconf 74' lang='grc' dir='ltr'>ἄξια</span> <span class='ocrx_word' id='word_1_610' title='bbox 3192 2517 3493 2571; x_wconf 85' lang='grc' dir='ltr'>πεπόνθασι</span> <span class='ocrx_word' id='word_1_611' title='bbox 3529 2515 3615 2569; x_wconf 84' lang='grc' dir='ltr'>διὰ</span> <span class='ocrx_word' id='word_1_612' title='bbox 3643 2515 3740 2586; x_wconf 76' lang='grc' dir='ltr'>τὴν</span> 
     </span>
    </p>
   </div>
   <div class='ocr_carea' id='block_1_86' title="bbox 2171 2604 3737 2681">
    <p class='ocr_par' dir='ltr' id='par_1_86' title="bbox 2171 2604 3737 2681">
     <span class='ocr_line' id='line_1_86' title="bbox 2171 2604 3737 2681; baseline -0.006 -12"><span class='ocrx_word' id='word_1_613' title='bbox 2171 2615 2580 2670; x_wconf 76' lang='grc' dir='ltr'>καταλαϐοῦσαν</span> <span class='ocrx_word' id='word_1_614' title='bbox 2614 2615 2810 2677; x_wconf 81' lang='grc' dir='ltr'>αὐτοὺς</span> <span class='ocrx_word' id='word_1_615' title='bbox 2841 2614 2907 2666; x_wconf 85' lang='grc' dir='ltr'><strong>ἐκ</strong></span> <span class='ocrx_word' id='word_1_616' title='bbox 2933 2611 3067 2664; x_wconf 82' lang='grc' dir='ltr'>Θεοῦ</span> <span class='ocrx_word' id='word_1_617' title='bbox 3097 2610 3330 2681; x_wconf 84' lang='grc' dir='ltr'>πληγὴν,</span> <span class='ocrx_word' id='word_1_618' title='bbox 3362 2610 3451 2678; x_wconf 82' lang='grc' dir='ltr'><strong>ὑφ’</strong></span> <span class='ocrx_word' id='word_1_619' title='bbox 3480 2604 3547 2681; x_wconf 81' lang='grc' dir='ltr'>ἦς</span> <span class='ocrx_word' id='word_1_620' title='bbox 3584 2608 3676 2661; x_wconf 76' lang='grc' dir='ltr'>καὶ</span> <span class='ocrx_word' id='word_1_621' title='bbox 3703 2609 3737 2678; x_wconf 75' lang='grc' dir='ltr'><strong>ἡ</strong></span> 
     </span>
    </p>
   </div>
   <div class='ocr_carea' id='block_1_87' title="bbox 2174 2697 3739 2780">
    <p class='ocr_par' dir='ltr' id='par_1_87' title="bbox 2174 2697 3739 2780">
     <span class='ocr_line' id='line_1_87' title="bbox 2174 2697 3739 2780; baseline -0.007 -20"><span class='ocrx_word' id='word_1_622' title='bbox 2174 2707 2498 2780; x_wconf 87' lang='grc' dir='ltr'>μητρόπολις</span> <span class='ocrx_word' id='word_1_623' title='bbox 2528 2705 2702 2759; x_wconf 82' lang='grc' dir='ltr'>αὐτῶν</span> <span class='ocrx_word' id='word_1_624' title='bbox 2728 2703 3042 2773; x_wconf 84' lang='grc' dir='ltr'>ἀλλοφύλοις</span> <span class='ocrx_word' id='word_1_625' title='bbox 3068 2701 3274 2755; x_wconf 75' lang='grc' dir='ltr'>ἔθνεσιν</span> <span class='ocrx_word' id='word_1_626' title='bbox 3290 2699 3526 2770; x_wconf 77' lang='grc' dir='ltr'>ἐξεδόθη,</span> <span class='ocrx_word' id='word_1_627' title='bbox 3552 2698 3651 2758; x_wconf 53' lang='grc' dir='ltr'>καὶ,</span> <span class='ocrx_word' id='word_1_628' title='bbox 3675 2697 3739 2750; x_wconf 83' lang='grc' dir='ltr'><strong>τὸ</strong></span> 
     </span>
    </p>
   </div>
   <div class='ocr_carea' id='block_1_88' title="bbox 2174 2787 3740 2868">
    <p class='ocr_par' dir='ltr' id='par_1_88' title="bbox 2174 2787 3740 2868">
     <span class='ocr_line' id='line_1_88' title="bbox 2174 2787 3740 2868; baseline -0.008 -19"><span class='ocrx_word' id='word_1_629' title='bbox 2174 2796 2315 2868; x_wconf 83' lang='grc' dir='ltr'>ἱερὸν</span> <span class='ocrx_word' id='word_1_630' title='bbox 2349 2795 2686 2866; x_wconf 58' lang='grc' dir='ltr'>κατεσκάφη,</span> <span class='ocrx_word' id='word_1_631' title='bbox 2722 2792 2874 2846; x_wconf 86' lang='grc' dir='ltr'>αύτοί</span> <span class='ocrx_word' id='word_1_632' title='bbox 2899 2808 2959 2844; x_wconf 89' lang='grc' dir='ltr'><strong>τε</strong></span> <span class='ocrx_word' id='word_1_633' title='bbox 2987 2793 3087 2862; x_wconf 81' lang='grc' dir='ltr'><strong>τῆς</strong></span> <span class='ocrx_word' id='word_1_634' title='bbox 3137 2789 3272 2852; x_wconf 86' lang='grc' dir='ltr'>ἰδίας</span> <span class='ocrx_word' id='word_1_635' title='bbox 3314 2790 3495 2860; x_wconf 85' lang='grc' dir='ltr'>χώρας</span> <span class='ocrx_word' id='word_1_636' title='bbox 3535 2787 3740 2856; x_wconf 77' lang='grc' dir='ltr'>ἀπελή-</span> 
     </span>
    </p>
   </div>
   <div class='ocr_carea' id='block_1_89' title="bbox 2169 2872 3740 2957">
    <p class='ocr_par' dir='ltr' id='par_1_89' title="bbox 2169 2872 3740 2957">
     <span class='ocr_line' id='line_1_89' title="bbox 2169 2872 3740 2957; baseline -0.007 -18"><span class='ocrx_word' id='word_1_637' title='bbox 2169 2886 2346 2949; x_wconf 85' lang='grc' dir='ltr'>λαντο,</span> <span class='ocrx_word' id='word_1_638' title='bbox 2371 2888 2428 2940; x_wconf 86' lang='grc' dir='ltr'><strong>ἐν</strong></span> <span class='ocrx_word' id='word_1_639' title='bbox 2459 2888 2524 2957; x_wconf 83' lang='grc' dir='ltr'>τῇ</span> <span class='ocrx_word' id='word_1_640' title='bbox 2564 2883 2798 2955; x_wconf 81' lang='grc' dir='ltr'>πολεμίᾳ</span> <span class='ocrx_word' id='word_1_641' title='bbox 2826 2881 3036 2952; x_wconf 84' lang='grc' dir='ltr'>ἐχθροῖς</span> <span class='ocrx_word' id='word_1_642' title='bbox 3064 2879 3402 2943; x_wconf 85' lang='grc' dir='ltr'>δουλεύοντες</span> <span class='ocrx_word' id='word_1_643' title='bbox 3425 2896 3439 2908; x_wconf 77' lang='grc' dir='ltr'><strong>ο</strong></span> <span class='ocrx_word' id='word_1_644' title='bbox 3473 2872 3546 2931; x_wconf 84' lang='grc' dir='ltr'>ὧν</span> <span class='ocrx_word' id='word_1_645' title='bbox 3577 2878 3740 2930; x_wconf 71' lang='grc' dir='ltr'>ἕνεκα</span> 
     </span>
    </p>
   </div>
   <div class='ocr_carea' id='block_1_90' title="bbox 2168 2968 3740 3044">
    <p class='ocr_par' dir='ltr' id='par_1_90' title="bbox 2168 2968 3740 3044">
     <span class='ocr_line' id='line_1_90' title="bbox 2168 2968 3740 3044; baseline -0.008 -12"><span class='ocrx_word' id='word_1_646' title='bbox 2168 2982 2276 3044; x_wconf 77' lang='grc' dir='ltr'>πᾶς</span> <span class='ocrx_word' id='word_1_647' title='bbox 2305 2980 2334 3031; x_wconf 91' lang='lat'><strong>6</strong></span> <span class='ocrx_word' id='word_1_648' title='bbox 2359 2973 2504 3042; x_wconf 82' lang='grc' dir='ltr'>οἶκος</span> <span class='ocrx_word' id='word_1_649' title='bbox 2525 2975 2723 3039; x_wconf 83' lang='grc' dir='ltr'>αὐτῶν,</span> <span class='ocrx_word' id='word_1_650' title='bbox 2755 2977 2848 3028; x_wconf 62' lang='grc' dir='ltr'><strong>καλ⁴</strong></span> <span class='ocrx_word' id='word_1_651' title='bbox 2884 2976 3033 3027; x_wconf 83' lang='grc' dir='ltr'>πᾶσα</span> <span class='ocrx_word' id='word_1_652' title='bbox 3051 2972 3196 3044; x_wconf 78' lang='grc' dir='ltr'>ψυχὴ</span> <span class='ocrx_word' id='word_1_653' title='bbox 3232 2971 3409 3024; x_wconf 84' lang='grc' dir='ltr'>αὐτῶν</span> <span class='ocrx_word' id='word_1_654' title='bbox 3437 2970 3602 3022; x_wconf 83' lang='grc' dir='ltr'>εἰσέτι</span> <span class='ocrx_word' id='word_1_655' title='bbox 3643 2968 3740 3022; x_wconf 71' lang='grc' dir='ltr'>καὶ</span> 
     </span>
    </p>
   </div>
   <div class='ocr_carea' id='block_1_91' title="bbox 2170 3063 3736 3143">
    <p class='ocr_par' dir='ltr' id='par_1_91' title="bbox 2170 3063 3736 3143">
     <span class='ocr_line' id='line_1_91' title="bbox 2170 3063 3736 3143; baseline -0.008 -18"><span class='ocrx_word' id='word_1_656' title='bbox 2170 3074 2406 3143; x_wconf 83' lang='grc' dir='ltr'>σήμερον</span> <span class='ocrx_word' id='word_1_657' title='bbox 2446 3070 2660 3142; x_wconf 84' lang='grc' dir='ltr'>θρήνοις</span> <span class='ocrx_word' id='word_1_658' title='bbox 2697 3067 3082 3138; x_wconf 74' lang='grc' dir='ltr'>ὑποϐέϐληται.</span> <span class='ocrx_word' id='word_1_659' title='bbox 3125 3065 3216 3117; x_wconf 89' lang='grc' dir='ltr'>Διό</span> <span class='ocrx_word' id='word_1_660' title='bbox 3254 3079 3416 3134; x_wconf 76' lang='grc' dir='ltr'>φησιν</span> <span class='ocrx_word' id='word_1_661' title='bbox 3462 3063 3496 3133; x_wconf 84' lang='grc' dir='ltr'><strong>ἡ</strong></span> <span class='ocrx_word' id='word_1_662' title='bbox 3525 3078 3736 3132; x_wconf 73' lang='grc' dir='ltr'>προφη-</span> 
     </span>
    </p>
   </div>
   <div class='ocr_carea' id='block_1_92' title="bbox 2163 3153 3736 3231">
    <p class='ocr_par' dir='ltr' id='par_1_92' title="bbox 2163 3153 3736 3231">
     <span class='ocr_line' id='line_1_92' title="bbox 2163 3153 3736 3231; baseline -0.007 -15"><span class='ocrx_word' id='word_1_663' title='bbox 2163 3165 2316 3217; x_wconf 88' lang='grc' dir='ltr'>τεία·</span> <span class='ocrx_word' id='word_1_664' title='bbox 2358 3183 2377 3214; x_wconf 70' lang='grc' dir='ltr'><strong>ί</strong></span> <span class='ocrx_word' id='word_1_665' title='bbox 2422 3164 2530 3216; x_wconf 79' lang='grc' dir='ltr'>Καὶ</span> <span class='ocrx_word' id='word_1_666' title='bbox 2559 3161 2781 3231; x_wconf 70' lang='grc' dir='ltr'>κόψεται</span> <span class='ocrx_word' id='word_1_667' title='bbox 2812 3159 2951 3230; x_wconf 83' lang='grc' dir='ltr'>φυλὴ</span> <span class='ocrx_word' id='word_1_668' title='bbox 2988 3157 3127 3211; x_wconf 81' lang='grc' dir='ltr'>κατὰ</span> <span class='ocrx_word' id='word_1_669' title='bbox 3168 3157 3361 3227; x_wconf 75' lang='grc' dir='ltr'>φυλὴν,</span> <span class='ocrx_word' id='word_1_670' title='bbox 3405 3154 3543 3226; x_wconf 80' lang='grc' dir='ltr'>φυλὴ</span> <span class='ocrx_word' id='word_1_671' title='bbox 3587 3153 3736 3208; x_wconf 78' lang='grc' dir='ltr'>οἴκου</span> 
     </span>
    </p>
   </div>
   <div class='ocr_carea' id='block_1_93' title="bbox 2163 3247 3729 3340">
    <p class='ocr_par' dir='ltr' id='par_1_93' title="bbox 2163 3247 3729 3340">
     <span class='ocr_line' id='line_1_93' title="bbox 2163 3247 3729 3340; baseline -0.007 -29"><span class='ocrx_word' id='word_1_672' title='bbox 2163 3257 2325 3311; x_wconf 75' lang='grc' dir='ltr'><strong>Δαὸὶδ</strong></span> <span class='ocrx_word' id='word_1_673' title='bbox 2347 3256 2468 3310; x_wconf 84' lang='grc' dir='ltr'>καθ’</span> <span class='ocrx_word' id='word_1_674' title='bbox 2491 3255 2710 3325; x_wconf 80' lang='grc' dir='ltr'>ἑαυτὴν,</span> <span class='ocrx_word' id='word_1_675' title='bbox 2733 3254 2826 3307; x_wconf 72' lang='grc' dir='ltr'><strong>καὶ</strong></span> <span class='ocrx_word' id='word_1_676' title='bbox 2852 3255 3111 3321; x_wconf 86' lang='grc' dir='ltr'>γυναῖκες</span> <span class='ocrx_word' id='word_1_677' title='bbox 3131 3250 3308 3304; x_wconf 81' lang='grc' dir='ltr'>αὐτῶν</span> <span class='ocrx_word' id='word_1_678' title='bbox 3337 3248 3459 3340; x_wconf 85' lang='grc' dir='ltr'>καθ’</span> <span class='ocrx_word' id='word_1_679' title='bbox 3479 3247 3729 3340; x_wconf 49' lang='grc' dir='ltr'>ἐαυτάίοῖ</span> 
     </span>
    </p>
   </div>
   <div class='ocr_carea' id='block_1_94' title="bbox 2164 3337 3734 3413">
    <p class='ocr_par' dir='ltr' id='par_1_94' title="bbox 2164 3337 3734 3413">
     <span class='ocr_line' id='line_1_94' title="bbox 2164 3337 3734 3413; baseline -0.006 -13"><span class='ocrx_word' id='word_1_680' title='bbox 2164 3349 2256 3401; x_wconf 80' lang='grc' dir='ltr'><strong>καὶ</strong></span> <span class='ocrx_word' id='word_1_681' title='bbox 2308 3346 2378 3399; x_wconf 82' lang='grc' dir='ltr'>τὰ</span> <span class='ocrx_word' id='word_1_682' title='bbox 2432 3344 2642 3406; x_wconf 88' lang='grc' dir='ltr'>τούτοις</span> <span class='ocrx_word' id='word_1_683' title='bbox 2682 3344 2943 3413; x_wconf 78' lang='grc' dir='ltr'>ἑπόμενα.</span> <span class='ocrx_word' id='word_1_684' title='bbox 2976 3343 3140 3395; x_wconf 88' lang='grc' dir='ltr'>Ποῖαι</span> <span class='ocrx_word' id='word_1_685' title='bbox 3185 3340 3243 3393; x_wconf 81' lang='grc' dir='ltr'>δὲ</span> <span class='ocrx_word' id='word_1_686' title='bbox 3289 3339 3427 3411; x_wconf 86' lang='grc' dir='ltr'><strong>μετά</strong></span> <span class='ocrx_word' id='word_1_687' title='bbox 3474 3339 3600 3401; x_wconf 83' lang='grc' dir='ltr'>τοὺς</span> <span class='ocrx_word' id='word_1_688' title='bbox 3641 3337 3734 3390; x_wconf 76' lang='grc' dir='ltr'><strong>τοῦ</strong></span> 
     </span>
    </p>
   </div>
   <div class='ocr_carea' id='block_1_95' title="bbox 2163 3422 3733 3504">
    <p class='ocr_par' dir='ltr' id='par_1_95' title="bbox 2163 3422 3733 3504">
     <span class='ocr_line' id='line_1_95' title="bbox 2163 3422 3733 3504; baseline -0.005 -18"><span class='ocrx_word' id='word_1_689' title='bbox 2163 3432 2432 3504; x_wconf 83' lang='grc' dir='ltr'>Ζαχαρίου</span> <span class='ocrx_word' id='word_1_690' title='bbox 2475 3431 2697 3502; x_wconf 92' lang='grc' dir='ltr'>χρόνους</span> <span class='ocrx_word' id='word_1_691' title='bbox 2731 3431 3016 3499; x_wconf 84' lang='grc' dir='ltr'>γεγόνασιν</span> <span class='ocrx_word' id='word_1_692' title='bbox 3055 3428 3278 3501; x_wconf 79' lang='grc' dir='ltr'>ἡμέραι,</span> <span class='ocrx_word' id='word_1_693' title='bbox 3330 3429 3388 3481; x_wconf 83' lang='grc' dir='ltr'><strong>ἐν</strong></span> <span class='ocrx_word' id='word_1_694' title='bbox 3423 3422 3511 3490; x_wconf 71' lang='grc' dir='ltr'>αἷς</span> <span class='ocrx_word' id='word_1_695' title='bbox 3554 3426 3733 3497; x_wconf 88' lang='grc' dir='ltr'>διεμε-</span> 
     </span>
    </p>
   </div>
   <div class='ocr_carea' id='block_1_96' title="bbox 2165 3517 3733 3594">
    <p class='ocr_par' dir='ltr' id='par_1_96' title="bbox 2165 3517 3733 3594">
     <span class='ocr_line' id='line_1_96' title="bbox 2165 3517 3733 3594; baseline -0.002 -20"><span class='ocrx_word' id='word_1_696' title='bbox 2165 3523 2318 3594; x_wconf 79' lang='grc' dir='ltr'>ρίσθη</span> <span class='ocrx_word' id='word_1_697' title='bbox 2359 3523 2428 3574; x_wconf 84' lang='grc' dir='ltr'>τὰ</span> <span class='ocrx_word' id='word_1_698' title='bbox 2475 3521 2644 3576; x_wconf 88' lang='grc' dir='ltr'>σκῦλα</span> <span class='ocrx_word' id='word_1_699' title='bbox 2691 3523 2790 3592; x_wconf 84' lang='grc' dir='ltr'><strong>τῆς</strong></span> <span class='ocrx_word' id='word_1_700' title='bbox 2845 3519 3214 3592; x_wconf 80' lang='grc' dir='ltr'>Ἰερουσαλὴμ,</span> <span class='ocrx_word' id='word_1_701' title='bbox 3251 3518 3346 3570; x_wconf 65' lang='grc' dir='ltr'><strong>κα)⁵</strong></span> <span class='ocrx_word' id='word_1_702' title='bbox 3400 3517 3733 3587; x_wconf 79' lang='grc' dir='ltr'>ἐπισυνήχθη</span> 
     </span>
    </p>
   </div>
   <div class='ocr_carea' id='block_1_97' title="bbox 2163 3608 3730 3684">
    <p class='ocr_par' dir='ltr' id='par_1_97' title="bbox 2163 3608 3730 3684">
     <span class='ocr_line' id='line_1_97' title="bbox 2163 3608 3730 3684; baseline -0.004 -17"><span class='ocrx_word' id='word_1_703' title='bbox 2163 3615 2339 3667; x_wconf 87' lang='grc' dir='ltr'>πάντα</span> <span class='ocrx_word' id='word_1_704' title='bbox 2383 3612 2454 3666; x_wconf 85' lang='grc' dir='ltr'>τὰ</span> <span class='ocrx_word' id='word_1_705' title='bbox 2493 3613 2618 3684; x_wconf 77' lang='grc' dir='ltr'>ἔθνη</span> <span class='ocrx_word' id='word_1_706' title='bbox 2652 3612 2737 3665; x_wconf 85' lang='grc' dir='ltr'>ἐπ’</span> <span class='ocrx_word' id='word_1_707' title='bbox 2779 3611 2946 3683; x_wconf 82' lang='grc' dir='ltr'>αὐτὴν</span> <span class='ocrx_word' id='word_1_708' title='bbox 2985 3611 3066 3674; x_wconf 88' lang='grc' dir='ltr'><strong>εἰς</strong></span> <span class='ocrx_word' id='word_1_709' title='bbox 3119 3610 3381 3680; x_wconf 87' lang='grc' dir='ltr'>πόλεμον,</span> <span class='ocrx_word' id='word_1_710' title='bbox 3430 3608 3546 3678; x_wconf 77' lang='grc' dir='ltr'>ἥλω</span> <span class='ocrx_word' id='word_1_711' title='bbox 3591 3625 3651 3661; x_wconf 91' lang='grc' dir='ltr'><strong>τε</strong></span> <span class='ocrx_word' id='word_1_712' title='bbox 3699 3611 3730 3677; x_wconf 81' lang='grc' dir='ltr'>ἡ</span> 
     </span>
    </p>
   </div>
   <div class='ocr_carea' id='block_1_98' title="bbox 2160 3702 3730 3778">
    <p class='ocr_par' dir='ltr' id='par_1_98' title="bbox 2160 3702 3730 3778">
     <span class='ocr_line' id='line_1_98' title="bbox 2160 3702 3730 3778; baseline -0.003 -19"><span class='ocrx_word' id='word_1_713' title='bbox 2160 3705 2335 3769; x_wconf 87' lang='grc' dir='ltr'>πόλις,</span> <span class='ocrx_word' id='word_1_714' title='bbox 2378 3706 2473 3759; x_wconf 71' lang='grc' dir='ltr'><strong>καί</strong></span> <span class='ocrx_word' id='word_1_715' title='bbox 2512 3705 2892 3778; x_wconf 80' lang='grc' dir='ltr'>διηρπάγησαν</span> <span class='ocrx_word' id='word_1_716' title='bbox 2923 3704 2980 3756; x_wconf 91' lang='grc' dir='ltr'><strong>αἰ</strong></span> <span class='ocrx_word' id='word_1_717' title='bbox 3011 3703 3212 3766; x_wconf 86' lang='grc' dir='ltr'>οἰκίαι,</span> <span class='ocrx_word' id='word_1_718' title='bbox 3250 3703 3342 3755; x_wconf 70' lang='grc' dir='ltr'><strong>καὶ</strong></span> <span class='ocrx_word' id='word_1_719' title='bbox 3382 3702 3437 3755; x_wconf 84' lang='grc' dir='ltr'><strong>αἰ</strong></span> <span class='ocrx_word' id='word_1_720' title='bbox 3479 3704 3730 3770; x_wconf 81' lang='grc' dir='ltr'>γυναῖκες</span> 
     </span>
    </p>
   </div>
   <div class='ocr_carea' id='block_1_99' title="bbox 2160 3776 3728 3870">
    <p class='ocr_par' dir='ltr' id='par_1_99' title="bbox 2160 3776 3728 3870">
     <span class='ocr_line' id='line_1_99' title="bbox 2160 3776 3728 3870; baseline -0.004 -20"><span class='ocrx_word' id='word_1_721' title='bbox 2160 3798 2550 3870; x_wconf 78' lang='grc' dir='ltr'>ἐμολύνθησαν,</span> <span class='ocrx_word' id='word_1_722' title='bbox 2587 3776 2922 3867; x_wconf 19' lang='grc' dir='ltr'>νάπήχθησάν</span> <span class='ocrx_word' id='word_1_723' title='bbox 2946 3813 3008 3847; x_wconf 87' lang='grc' dir='ltr'><strong>τε</strong></span> <span class='ocrx_word' id='word_1_724' title='bbox 3050 3796 3130 3858; x_wconf 88' lang='grc' dir='ltr'><strong>εἰς</strong></span> <span class='ocrx_word' id='word_1_725' title='bbox 3161 3793 3533 3864; x_wconf 77' lang='grc' dir='ltr'>αἰχμαλωσίαν</span> <span class='ocrx_word' id='word_1_726' title='bbox 3555 3832 3570 3856; x_wconf 93' lang='grc'><strong>,</strong></span> <span class='ocrx_word' id='word_1_727' title='bbox 3599 3791 3728 3863; x_wconf 83' lang='grc' dir='ltr'>ὁμοῦ</span> 
     </span>
    </p>
   </div>
   <div class='ocr_carea' id='block_1_100' title="bbox 2157 3884 3727 3960">
    <p class='ocr_par' dir='ltr' id='par_1_100' title="bbox 2157 3884 3727 3960">
     <span class='ocr_line' id='line_1_100' title="bbox 2157 3884 3727 3960; baseline -0.005 -16"><span class='ocrx_word' id='word_1_728' title='bbox 2157 3909 2217 3944; x_wconf 78' lang='grc' dir='ltr'><strong>τε</strong></span> <span class='ocrx_word' id='word_1_729' title='bbox 2234 3892 2327 3944; x_wconf 69' lang='grc' dir='ltr'>καὶ</span> <span class='ocrx_word' id='word_1_730' title='bbox 2353 3890 2495 3944; x_wconf 81' lang='grc' dir='ltr'>κατὰ</span> <span class='ocrx_word' id='word_1_731' title='bbox 2525 3888 2584 3942; x_wconf 83' lang='grc' dir='ltr'><strong>τὸ</strong></span> <span class='ocrx_word' id='word_1_732' title='bbox 2610 3889 2741 3943; x_wconf 82' lang='grc' dir='ltr'>αύτδ</span> <span class='ocrx_word' id='word_1_733' title='bbox 2767 3892 2794 3942; x_wconf 89' lang='grc' dir='ltr'>ὁ</span> <span class='ocrx_word' id='word_1_734' title='bbox 2825 3888 3048 3960; x_wconf 86' lang='grc' dir='ltr'>Κύριος,</span> <span class='ocrx_word' id='word_1_735' title='bbox 3080 3886 3379 3958; x_wconf 86' lang='grc' dir='ltr'>συμμαχῶν</span> <span class='ocrx_word' id='word_1_736' title='bbox 3418 3888 3531 3948; x_wconf 87' lang='grc' dir='ltr'>τοῖς</span> <span class='ocrx_word' id='word_1_737' title='bbox 3555 3884 3727 3937; x_wconf 79' lang='grc' dir='ltr'>ἔθνεσι</span> 
     </span>
    </p>
   </div>
   <div class='ocr_carea' id='block_1_101' title="bbox 2156 3977 3726 4054">
    <p class='ocr_par' dir='ltr' id='par_1_101' title="bbox 2156 3977 3726 4054">
     <span class='ocr_line' id='line_1_101' title="bbox 2156 3977 3726 4054; baseline -0.005 -20"><span class='ocrx_word' id='word_1_738' title='bbox 2156 3985 2269 4045; x_wconf 86' lang='grc' dir='ltr'>τοῖς</span> <span class='ocrx_word' id='word_1_739' title='bbox 2327 3983 2425 4054; x_wconf 84' lang='grc' dir='ltr'><strong>τὴν</strong></span> <span class='ocrx_word' id='word_1_740' title='bbox 2488 3979 2837 4052; x_wconf 83' lang='grc' dir='ltr'>Ἰερουσαλὴμ</span> <span class='ocrx_word' id='word_1_741' title='bbox 2899 3979 3229 4050; x_wconf 86' lang='grc' dir='ltr'>πολεμοῦσι,</span> <span class='ocrx_word' id='word_1_742' title='bbox 3283 3977 3625 4050; x_wconf 81' lang='grc' dir='ltr'>παρετάξατο</span> <span class='ocrx_word' id='word_1_743' title='bbox 3673 3978 3726 4028; x_wconf 79' lang='grc' dir='ltr'><strong>ἐν</strong></span> 
     </span>
    </p>
   </div>
   <div class='ocr_carea' id='block_1_102' title="bbox 2157 4069 3725 4143">
    <p class='ocr_par' dir='ltr' id='par_1_102' title="bbox 2157 4069 3725 4143">
     <span class='ocr_line' id='line_1_102' title="bbox 2157 4069 3725 4143; baseline -0.003 -18"><span class='ocrx_word' id='word_1_744' title='bbox 2157 4074 2373 4138; x_wconf 86' lang='grc' dir='ltr'>αὐτοῖς;</span> <span class='ocrx_word' id='word_1_745' title='bbox 2407 4073 2440 4143; x_wconf 83' lang='grc' dir='ltr'>ἢ</span> <span class='ocrx_word' id='word_1_746' title='bbox 2475 4072 2603 4125; x_wconf 86' lang='grc' dir='ltr'>πότε</span> <span class='ocrx_word' id='word_1_747' title='bbox 2634 4071 2866 4143; x_wconf 81' lang='grc' dir='ltr'>ἔστησαν</span> <span class='ocrx_word' id='word_1_748' title='bbox 2899 4070 2949 4122; x_wconf 89' lang='grc' dir='ltr'><strong>οἰ</strong></span> <span class='ocrx_word' id='word_1_749' title='bbox 2989 4071 3146 4134; x_wconf 88' lang='grc' dir='ltr'>πόδες</span> <span class='ocrx_word' id='word_1_750' title='bbox 3186 4069 3351 4123; x_wconf 82' lang='grc' dir='ltr'>αὑτοῦ</span> <span class='ocrx_word' id='word_1_751' title='bbox 3389 4070 3480 4122; x_wconf 77' lang='grc' dir='ltr'>ἐπὶ</span> <span class='ocrx_word' id='word_1_752' title='bbox 3512 4069 3572 4122; x_wconf 81' lang='grc' dir='ltr'><strong>τὸ</strong></span> <span class='ocrx_word' id='word_1_753' title='bbox 3605 4070 3725 4140; x_wconf 81' lang='grc' dir='ltr'>ὅρος</span> 
     </span>
    </p>
   </div>
   <div class='ocr_carea' id='block_1_103' title="bbox 2155 4159 3725 4235">
    <p class='ocr_par' dir='ltr' id='par_1_103' title="bbox 2155 4159 3725 4235">
     <span class='ocr_line' id='line_1_103' title="bbox 2155 4159 3725 4235; baseline -0.005 -17"><span class='ocrx_word' id='word_1_754' title='bbox 2155 4165 2260 4218; x_wconf 85' lang='grc' dir='ltr'><strong>τῶν</strong></span> <span class='ocrx_word' id='word_1_755' title='bbox 2299 4164 2562 4229; x_wconf 85' lang='grc' dir='ltr'>Ἑλαιῶν;</span> <span class='ocrx_word' id='word_1_756' title='bbox 2595 4164 2628 4235; x_wconf 84' lang='grc' dir='ltr'>ἢ</span> <span class='ocrx_word' id='word_1_757' title='bbox 2657 4163 2786 4216; x_wconf 87' lang='grc' dir='ltr'>πότε</span> <span class='ocrx_word' id='word_1_758' title='bbox 2813 4162 3004 4232; x_wconf 84' lang='grc' dir='ltr'>γέγονε</span> <span class='ocrx_word' id='word_1_759' title='bbox 3035 4164 3242 4234; x_wconf 85' lang='grc' dir='ltr'>Κύριος</span> <span class='ocrx_word' id='word_1_760' title='bbox 3274 4163 3356 4224; x_wconf 91' lang='grc' dir='ltr'><strong>εἰς</strong></span> <span class='ocrx_word' id='word_1_761' title='bbox 3389 4159 3608 4230; x_wconf 84' lang='grc' dir='ltr'>βασιλέα</span> <span class='ocrx_word' id='word_1_762' title='bbox 3637 4160 3725 4212; x_wconf 82' lang='grc' dir='ltr'><strong>ἐπὶ</strong></span> 
     </span>
    </p>
   </div>
   <div class='ocr_carea' id='block_1_104' title="bbox 2156 4251 3723 4327">
    <p class='ocr_par' dir='ltr' id='par_1_104' title="bbox 2156 4251 3723 4327">
     <span class='ocr_line' id='line_1_104' title="bbox 2156 4251 3723 4327; baseline -0.003 -19"><span class='ocrx_word' id='word_1_763' title='bbox 2156 4259 2333 4310; x_wconf 83' lang='grc' dir='ltr'>πᾶσαν</span> <span class='ocrx_word' id='word_1_764' title='bbox 2387 4257 2486 4327; x_wconf 83' lang='grc' dir='ltr'><strong>τὴν</strong></span> <span class='ocrx_word' id='word_1_765' title='bbox 2518 4256 2641 4326; x_wconf 85' lang='grc' dir='ltr'>γῆν,</span> <span class='ocrx_word' id='word_1_766' title='bbox 2689 4254 2852 4318; x_wconf 80' lang='grc' dir='ltr'>αὐτός</span> <span class='ocrx_word' id='word_1_767' title='bbox 2891 4271 2952 4308; x_wconf 87' lang='grc' dir='ltr'><strong>τε</strong></span> <span class='ocrx_word' id='word_1_768' title='bbox 3006 4251 3085 4317; x_wconf 74' lang='grc' dir='ltr'>εἷς</span> <span class='ocrx_word' id='word_1_769' title='bbox 3135 4254 3338 4325; x_wconf 83' lang='grc' dir='ltr'>Κύριος</span> <span class='ocrx_word' id='word_1_770' title='bbox 3380 4252 3471 4307; x_wconf 82' lang='grc' dir='ltr'><strong>ἐπὶ</strong></span> <span class='ocrx_word' id='word_1_771' title='bbox 3517 4252 3723 4312; x_wconf 81' lang='grc' dir='ltr'>πάντας</span> 
     </span>
    </p>
   </div>
   <div class='ocr_carea' id='block_1_105' title="bbox 2153 4343 3720 4419">
    <p class='ocr_par' dir='ltr' id='par_1_105' title="bbox 2153 4343 3720 4419">
     <span class='ocr_line' id='line_1_105' title="bbox 2153 4343 3720 4419; baseline -0.004 -19"><span class='ocrx_word' id='word_1_772' title='bbox 2153 4347 2491 4419; x_wconf 79' lang='grc' dir='ltr'>ἀνθρώπους,</span> <span class='ocrx_word' id='word_1_773' title='bbox 2525 4348 2619 4401; x_wconf 81' lang='grc' dir='ltr'><strong>καὶ</strong></span> <span class='ocrx_word' id='word_1_774' title='bbox 2660 4346 2722 4400; x_wconf 81' lang='grc' dir='ltr'>τὸ</span> <span class='ocrx_word' id='word_1_775' title='bbox 2765 4347 2940 4416; x_wconf 79' lang='grc' dir='ltr'>ὄνομα</span> <span class='ocrx_word' id='word_1_776' title='bbox 2990 4345 3155 4398; x_wconf 75' lang='grc' dir='ltr'>αὐτοῦ</span> <span class='ocrx_word' id='word_1_777' title='bbox 3212 4343 3509 4414; x_wconf 85' lang='grc' dir='ltr'>ἐγκυκλοῦν</span> <span class='ocrx_word' id='word_1_778' title='bbox 3544 4345 3720 4396; x_wconf 78' lang='grc' dir='ltr'>πᾶσαν</span> 
     </span>
    </p>
   </div>
   <div class='ocr_carea' id='block_1_106' title="bbox 2153 4434 3718 4510">
    <p class='ocr_par' dir='ltr' id='par_1_106' title="bbox 2153 4434 3718 4510">
     <span class='ocr_line' id='line_1_106' title="bbox 2153 4434 3718 4510; baseline -0.004 -20"><span class='ocrx_word' id='word_1_779' title='bbox 2153 4439 2252 4510; x_wconf 82' lang='grc' dir='ltr'><strong>τὴν</strong></span> <span class='ocrx_word' id='word_1_780' title='bbox 2284 4441 2386 4509; x_wconf 84' lang='grc' dir='ltr'>γῆν</span> <span class='ocrx_word' id='word_1_781' title='bbox 2419 4439 2511 4491; x_wconf 76' lang='grc' dir='ltr'><strong>καὶ</strong></span> <span class='ocrx_word' id='word_1_782' title='bbox 2537 4439 2637 4509; x_wconf 86' lang='grc' dir='ltr'>τὴν</span> <span class='ocrx_word' id='word_1_783' title='bbox 2676 4436 2880 4509; x_wconf 78' lang='grc' dir='ltr'>ἔρημον</span> <span class='ocrx_word' id='word_1_784' title='bbox 2902 4453 2916 4502; x_wconf 91' lang='grc'>;</span> <span class='ocrx_word' id='word_1_785' title='bbox 2940 4436 3113 4490; x_wconf 88' lang='grc' dir='ltr'>ταῦτα</span> <span class='ocrx_word' id='word_1_786' title='bbox 3135 4436 3243 4508; x_wconf 85' lang='grc' dir='ltr'><strong>γὰρ</strong></span> <span class='ocrx_word' id='word_1_787' title='bbox 3268 4437 3375 4488; x_wconf 79' lang='grc' dir='ltr'>οὐδ’</span> <span class='ocrx_word' id='word_1_788' title='bbox 3410 4434 3599 4488; x_wconf 82' lang='grc' dir='ltr'>ἄλλοτέ</span> <span class='ocrx_word' id='word_1_789' title='bbox 3638 4451 3718 4485; x_wconf 85' lang='grc' dir='ltr'><strong>πω</strong></span> 
     </span>
    </p>
   </div>
   <div class='ocr_carea' id='block_1_107' title="bbox 2153 4522 3718 4601">
    <p class='ocr_par' dir='ltr' id='par_1_107' title="bbox 2153 4522 3718 4601">
     <span class='ocr_line' id='line_1_107' title="bbox 2153 4522 3718 4601; baseline -0.004 -20"><span class='ocrx_word' id='word_1_790' title='bbox 2153 4531 2414 4601; x_wconf 86' lang='grc' dir='ltr'>πρότερον</span> <span class='ocrx_word' id='word_1_791' title='bbox 2439 4529 2551 4600; x_wconf 79' lang='grc' dir='ltr'>ἔχοι</span> <span class='ocrx_word' id='word_1_792' title='bbox 2573 4529 2638 4582; x_wconf 81' lang='grc' dir='ltr'>ἄν</span> <span class='ocrx_word' id='word_1_793' title='bbox 2658 4545 2742 4591; x_wconf 86' lang='grc' dir='ltr'><strong>τις</strong></span> <span class='ocrx_word' id='word_1_794' title='bbox 2762 4529 2842 4590; x_wconf 86' lang='grc' dir='ltr'><strong>εἰς</strong></span> <span class='ocrx_word' id='word_1_795' title='bbox 2866 4528 3038 4600; x_wconf 85' lang='grc' dir='ltr'>πέρας</span> <span class='ocrx_word' id='word_1_796' title='bbox 3057 4527 3223 4593; x_wconf 81' lang='grc' dir='ltr'>δεῖξαι</span> <span class='ocrx_word' id='word_1_797' title='bbox 3246 4526 3496 4596; x_wconf 85' lang='grc' dir='ltr'>ἀχθέντα,</span> <span class='ocrx_word' id='word_1_798' title='bbox 3521 4525 3555 4596; x_wconf 83' lang='grc' dir='ltr'>ἢ</span> <span class='ocrx_word' id='word_1_799' title='bbox 3582 4522 3718 4577; x_wconf 76' lang='grc' dir='ltr'>κατὰ</span> 
     </span>
    </p>
   </div>
   <div class='ocr_carea' id='block_1_108' title="bbox 2147 4613 3716 4691">
    <p class='ocr_par' dir='ltr' id='par_1_108' title="bbox 2147 4613 3716 4691">
     <span class='ocr_line' id='line_1_108' title="bbox 2147 4613 3716 4691; baseline -0.007 -17"><span class='ocrx_word' id='word_1_800' title='bbox 2147 4622 2272 4684; x_wconf 82' lang='grc' dir='ltr'>τοὺς</span> <span class='ocrx_word' id='word_1_801' title='bbox 2320 4621 2601 4690; x_wconf 87' lang='grc' dir='ltr'>Ῥωμαίων</span> <span class='ocrx_word' id='word_1_802' title='bbox 2645 4619 2888 4691; x_wconf 89' lang='grc' dir='ltr'>χρόνους,</span> <span class='ocrx_word' id='word_1_803' title='bbox 2933 4617 3053 4671; x_wconf 88' lang='grc' dir='ltr'>καθ’</span> <span class='ocrx_word' id='word_1_804' title='bbox 3103 4617 3198 4680; x_wconf 86' lang='grc' dir='ltr'><strong>οὒς</strong></span> <span class='ocrx_word' id='word_1_805' title='bbox 3246 4614 3573 4686; x_wconf 81' lang='grc' dir='ltr'>ἐμπρησμὸν</span> <span class='ocrx_word' id='word_1_806' title='bbox 3621 4613 3716 4664; x_wconf 87' lang='grc' dir='ltr'>ὑπ-</span> 
     </span>
    </p>
   </div>
   <div class='ocr_carea' id='block_1_109' title="bbox 2146 4706 3713 4785">
    <p class='ocr_par' dir='ltr' id='par_1_109' title="bbox 2146 4706 3713 4785">
     <span class='ocr_line' id='line_1_109' title="bbox 2146 4706 3713 4785; baseline -0.006 -19"><span class='ocrx_word' id='word_1_807' title='bbox 2146 4714 2329 4785; x_wconf 84' lang='grc' dir='ltr'>έμεινε</span> <span class='ocrx_word' id='word_1_808' title='bbox 2361 4713 2634 4784; x_wconf 88' lang='grc' dir='ltr'>δεύτερον,</span> <span class='ocrx_word' id='word_1_809' title='bbox 2666 4710 2804 4783; x_wconf 83' lang='grc' dir='ltr'>μετὰ</span> <span class='ocrx_word' id='word_1_810' title='bbox 2832 4711 2924 4763; x_wconf 81' lang='grc' dir='ltr'><strong>τὸν</strong></span> <span class='ocrx_word' id='word_1_811' title='bbox 2968 4709 3072 4762; x_wconf 85' lang='grc' dir='ltr'><strong>ὑπὸ</strong></span> <span class='ocrx_word' id='word_1_812' title='bbox 3101 4707 3454 4761; x_wconf 72' lang='grc' dir='ltr'>Βαϐυλωνίων</span> <span class='ocrx_word' id='word_1_813' title='bbox 3478 4745 3492 4770; x_wconf 84' lang='grc'><strong>,</strong></span> <span class='ocrx_word' id='word_1_814' title='bbox 3520 4706 3548 4757; x_wconf 88' lang='lat'><strong>6</strong></span> <span class='ocrx_word' id='word_1_815' title='bbox 3583 4706 3713 4766; x_wconf 83' lang='grc' dir='ltr'>νεὼς</span> 
     </span>
    </p>
   </div>
   <div class='ocr_carea' id='block_1_110' title="bbox 2145 4795 3714 4875">
    <p class='ocr_par' dir='ltr' id='par_1_110' title="bbox 2145 4795 3714 4875">
     <span class='ocr_line' id='line_1_110' title="bbox 2145 4795 3714 4875; baseline -0.007 -17"><span class='ocrx_word' id='word_1_816' title='bbox 2145 4805 2343 4869; x_wconf 74' lang='grc' dir='ltr'>αὐτῶν,</span> <span class='ocrx_word' id='word_1_817' title='bbox 2361 4805 2396 4875; x_wconf 75' lang='grc' dir='ltr'>ἦ</span> <span class='ocrx_word' id='word_1_818' title='bbox 2427 4821 2488 4856; x_wconf 82' lang='grc' dir='ltr'><strong>τε</strong></span> <span class='ocrx_word' id='word_1_819' title='bbox 2517 4802 2670 4866; x_wconf 88' lang='grc' dir='ltr'>πόλις</span> <span class='ocrx_word' id='word_1_820' title='bbox 2700 4801 2759 4868; x_wconf 78' lang='grc' dir='ltr'>ἐξ</span> <span class='ocrx_word' id='word_1_821' title='bbox 2781 4803 2989 4855; x_wconf 83' lang='grc' dir='ltr'>ἐκείνου</span> <span class='ocrx_word' id='word_1_822' title='bbox 3014 4802 3108 4854; x_wconf 77' lang='grc' dir='ltr'><strong>καὶ</strong></span> <span class='ocrx_word' id='word_1_823' title='bbox 3131 4802 3210 4862; x_wconf 86' lang='grc' dir='ltr'><strong>εἰς</strong></span> <span class='ocrx_word' id='word_1_824' title='bbox 3235 4798 3395 4869; x_wconf 84' lang='grc' dir='ltr'>δεῦρο</span> <span class='ocrx_word' id='word_1_825' title='bbox 3433 4797 3536 4850; x_wconf 83' lang='grc' dir='ltr'>ῦπὸ</span> <span class='ocrx_word' id='word_1_826' title='bbox 3565 4795 3714 4850; x_wconf 90' lang='grc' dir='ltr'>ἀλλο-</span> 
     </span>
    </p>
   </div>
   <div class='ocr_carea' id='block_1_111' title="bbox 2145 4885 3710 4966">
    <p class='ocr_par' dir='ltr' id='par_1_111' title="bbox 2145 4885 3710 4966">
     <span class='ocr_line' id='line_1_111' title="bbox 2145 4885 3710 4966; baseline -0.008 -15"><span class='ocrx_word' id='word_1_827' title='bbox 2145 4898 2325 4966; x_wconf 86' lang='grc' dir='ltr'>φύλων</span> <span class='ocrx_word' id='word_1_828' title='bbox 2361 4897 2528 4951; x_wconf 80' lang='grc' dir='ltr'>ἐθνῶν</span> <span class='ocrx_word' id='word_1_829' title='bbox 2580 4895 3006 4949; x_wconf 82' lang='grc' dir='ltr'>κατοικισθεῑσαι</span> <span class='ocrx_word' id='word_1_830' title='bbox 3054 4893 3362 4947; x_wconf 79' lang='grc' dir='ltr'>δείκνυταιο</span> <span class='ocrx_word' id='word_1_831' title='bbox 3411 4892 3498 4944; x_wconf 81' lang='grc' dir='ltr'>ὅτε</span> <span class='ocrx_word' id='word_1_832' title='bbox 3547 4889 3635 4942; x_wconf 78' lang='grc' dir='ltr'><strong>καὶ</strong></span> <span class='ocrx_word' id='word_1_833' title='bbox 3678 4885 3710 4937; x_wconf 75' lang='grc' dir='ltr'><strong>ό</strong></span> 
     </span>
    </p>
   </div>
   <div class='ocr_carea' id='block_1_112' title="bbox 2148 4978 3711 5059">
    <p class='ocr_par' dir='ltr' id='par_1_112' title="bbox 2148 4978 3711 5059">
     <span class='ocr_line' id='line_1_112' title="bbox 2148 4978 3711 5059; baseline -0.008 -17"><span class='ocrx_word' id='word_1_834' title='bbox 2148 4989 2349 5058; x_wconf 88' lang='grc' dir='ltr'>Κύριος</span> <span class='ocrx_word' id='word_1_835' title='bbox 2374 4987 2533 5059; x_wconf 81' lang='grc' dir='ltr'>ἡμῶν</span> <span class='ocrx_word' id='word_1_836' title='bbox 2571 4985 2775 5059; x_wconf 85' lang='grc' dir='ltr'>Ἰησοῦς</span> <span class='ocrx_word' id='word_1_837' title='bbox 2801 4989 2830 5040; x_wconf 89' lang='lat'><strong>6</strong></span> <span class='ocrx_word' id='word_1_838' title='bbox 2855 4983 3088 5057; x_wconf 83' lang='grc' dir='ltr'>Χριστὸς</span> <span class='ocrx_word' id='word_1_839' title='bbox 3112 4983 3206 5036; x_wconf 89' lang='grc' dir='ltr'><strong>τοῦ</strong></span> <span class='ocrx_word' id='word_1_840' title='bbox 3229 4981 3363 5036; x_wconf 84' lang='grc' dir='ltr'>Θεοῦ</span> <span class='ocrx_word' id='word_1_841' title='bbox 3389 4981 3486 5044; x_wconf 83' lang='grc' dir='ltr'><strong>τὰς</strong></span> <span class='ocrx_word' id='word_1_842' title='bbox 3512 4978 3711 5038; x_wconf 74' lang='grc' dir='ltr'>οἰκείας</span> 
     </span>
    </p>
   </div>
   <div class='ocr_carea' id='block_1_113' title="bbox 2145 5071 3710 5150">
    <p class='ocr_par' dir='ltr' id='par_1_113' title="bbox 2145 5071 3710 5150">
     <span class='ocr_line' id='line_1_113' title="bbox 2145 5071 3710 5150; baseline -0.008 -18"><span class='ocrx_word' id='word_1_843' title='bbox 2145 5082 2377 5134; x_wconf 88' lang='grc' dir='ltr'>ἐποιεῖτο</span> <span class='ocrx_word' id='word_1_844' title='bbox 2420 5078 2697 5150; x_wconf 76' lang='grc' dir='ltr'>διατριϐάς</span> <span class='ocrx_word' id='word_1_845' title='bbox 2747 5079 2839 5130; x_wconf 74' lang='grc' dir='ltr'>ἐπὶ</span> <span class='ocrx_word' id='word_1_846' title='bbox 2880 5077 2973 5130; x_wconf 89' lang='grc' dir='ltr'><strong>τοῦ</strong></span> <span class='ocrx_word' id='word_1_847' title='bbox 3018 5075 3274 5137; x_wconf 75' lang='grc' dir='ltr'>ἐλαιῶνος</span> <span class='ocrx_word' id='word_1_848' title='bbox 3318 5072 3414 5126; x_wconf 84' lang='grc' dir='ltr'><strong>τοῦ</strong></span> <span class='ocrx_word' id='word_1_849' title='bbox 3465 5071 3710 5139; x_wconf 84' lang='grc' dir='ltr'>ἄντικρυς</span> 
     </span>
    </p>
   </div>
   <div class='ocr_carea' id='block_1_114' title="bbox 2144 5163 3707 5242">
    <p class='ocr_par' dir='ltr' id='par_1_114' title="bbox 2144 5163 3707 5242">
     <span class='ocr_line' id='line_1_114' title="bbox 2144 5163 3707 5242; baseline -0.008 -19"><span class='ocrx_word' id='word_1_850' title='bbox 2144 5169 2244 5238; x_wconf 82' lang='grc' dir='ltr'>τῆς</span> <span class='ocrx_word' id='word_1_851' title='bbox 2279 5170 2630 5242; x_wconf 84' lang='grc' dir='ltr'>Ἰερουσαλὴμ</span> <span class='ocrx_word' id='word_1_852' title='bbox 2659 5169 2838 5241; x_wconf 78' lang='grc' dir='ltr'>ὅρους,</span> <span class='ocrx_word' id='word_1_853' title='bbox 2878 5166 3252 5238; x_wconf 81' lang='grc' dir='ltr'>πληρουμένου</span> <span class='ocrx_word' id='word_1_854' title='bbox 3296 5163 3389 5216; x_wconf 89' lang='grc' dir='ltr'><strong>τοῦ</strong></span> <span class='ocrx_word' id='word_1_855' title='bbox 3422 5163 3707 5230; x_wconf 77' lang='grc' dir='ltr'>φάσκοντος</span> 
     </span>
    </p>
   </div>
   <div class='ocr_carea' id='block_1_115' title="bbox 2143 5251 3706 5328">
    <p class='ocr_par' dir='ltr' id='par_1_115' title="bbox 2143 5251 3706 5328">
     <span class='ocr_line' id='line_1_115' title="bbox 2143 5251 3706 5328; baseline -0.006 -15"><span class='ocrx_word' id='word_1_856' title='bbox 2143 5261 2302 5328; x_wconf 88' lang='grc' dir='ltr'>λόγου</span> <span class='ocrx_word' id='word_1_857' title='bbox 2325 5278 2336 5290; x_wconf 95' lang='grc'><strong>·</strong></span> <span class='ocrx_word' id='word_1_858' title='bbox 2373 5281 2390 5312; x_wconf 73' lang='grc' dir='ltr'><strong>ι</strong></span> <span class='ocrx_word' id='word_1_859' title='bbox 2411 5263 2520 5315; x_wconf 75' lang='grc' dir='ltr'>Καὶ</span> <span class='ocrx_word' id='word_1_860' title='bbox 2551 5263 2838 5327; x_wconf 86' lang='grc' dir='ltr'>στήσονται</span> <span class='ocrx_word' id='word_1_861' title='bbox 2869 5261 2918 5313; x_wconf 86' lang='grc' dir='ltr'>οἱ</span> <span class='ocrx_word' id='word_1_862' title='bbox 2957 5259 3114 5321; x_wconf 89' lang='grc' dir='ltr'>πόδες</span> <span class='ocrx_word' id='word_1_863' title='bbox 3149 5255 3315 5311; x_wconf 77' lang='grc' dir='ltr'>αὑτοῦ</span> <span class='ocrx_word' id='word_1_864' title='bbox 3355 5256 3449 5308; x_wconf 73' lang='grc' dir='ltr'><strong>ἐπὶ</strong></span> <span class='ocrx_word' id='word_1_865' title='bbox 3486 5254 3548 5305; x_wconf 82' lang='grc' dir='ltr'>τὸ</span> <span class='ocrx_word' id='word_1_866' title='bbox 3590 5251 3706 5322; x_wconf 83' lang='grc' dir='ltr'>ὅρος</span> 
     </span>
    </p>
   </div>
   <div class='ocr_carea' id='block_1_116' title="bbox 2144 5337 3704 5417">
    <p class='ocr_par' dir='ltr' id='par_1_116' title="bbox 2144 5337 3704 5417">
     <span class='ocr_line' id='line_1_116' title="bbox 2144 5337 3704 5417; baseline -0.01 -13"><span class='ocrx_word' id='word_1_867' title='bbox 2144 5351 2252 5404; x_wconf 83' lang='grc' dir='ltr'>τῶν</span> <span class='ocrx_word' id='word_1_868' title='bbox 2291 5350 2518 5404; x_wconf 77' lang='grc' dir='ltr'>Ἐλαιῶν</span> <span class='ocrx_word' id='word_1_869' title='bbox 2540 5350 2600 5402; x_wconf 81' lang='grc' dir='ltr'>τὸ</span> <span class='ocrx_word' id='word_1_870' title='bbox 2621 5349 2904 5402; x_wconf 85' lang='grc' dir='ltr'>κατέναντι</span> <span class='ocrx_word' id='word_1_871' title='bbox 2941 5345 3294 5417; x_wconf 83' lang='grc' dir='ltr'>Ἰερουσαλήμ</span> <span class='ocrx_word' id='word_1_872' title='bbox 3312 5360 3325 5372; x_wconf 89' lang='grc'><strong>·</strong></span> <span class='ocrx_word' id='word_1_873' title='bbox 3367 5362 3386 5394; x_wconf 71' lang='grc' dir='ltr'><strong>ι</strong></span> <span class='ocrx_word' id='word_1_874' title='bbox 3433 5340 3572 5394; x_wconf 87' lang='grc' dir='ltr'>τοῦτ’</span> <span class='ocrx_word' id='word_1_875' title='bbox 3598 5337 3704 5389; x_wconf 80' lang='grc' dir='ltr'>ἔστι</span> 
     </span>
    </p>
   </div>
   <div class='ocr_carea' id='block_1_117' title="bbox 2144 5429 3702 5511">
    <p class='ocr_par' dir='ltr' id='par_1_117' title="bbox 2144 5429 3702 5511">
     <span class='ocr_line' id='line_1_117' title="bbox 2144 5429 3702 5511; baseline -0.009 -17"><span class='ocrx_word' id='word_1_876' title='bbox 2144 5441 2238 5494; x_wconf 91' lang='grc' dir='ltr'><strong>τοῦ</strong></span> <span class='ocrx_word' id='word_1_877' title='bbox 2268 5441 2549 5504; x_wconf 82' lang='grc' dir='ltr'>θεοσεϐοῦς</span> <span class='ocrx_word' id='word_1_878' title='bbox 2572 5440 2962 5511; x_wconf 88' lang='grc' dir='ltr'>πολιτεύματος</span> <span class='ocrx_word' id='word_1_879' title='bbox 2982 5437 3102 5491; x_wconf 85' lang='grc' dir='ltr'>καθ’</span> <span class='ocrx_word' id='word_1_880' title='bbox 3135 5437 3264 5505; x_wconf 84' lang='grc' dir='ltr'>ὅλης</span> <span class='ocrx_word' id='word_1_881' title='bbox 3290 5436 3388 5506; x_wconf 76' lang='grc' dir='ltr'><strong>τῆς</strong></span> <span class='ocrx_word' id='word_1_882' title='bbox 3417 5429 3702 5503; x_wconf 77' lang='grc' dir='ltr'>ἀνθρώπων</span> 
     </span>
    </p>
   </div>
   <div class='ocr_carea' id='block_1_118' title="bbox 2143 5515 3699 5604">
    <p class='ocr_par' dir='ltr' id='par_1_118' title="bbox 2143 5515 3699 5604">
     <span class='ocr_line' id='line_1_118' title="bbox 2143 5515 3699 5604; baseline -0.009 -18"><span class='ocrx_word' id='word_1_883' title='bbox 2143 5532 2464 5604; x_wconf 77' lang='grc' dir='ltr'>οἰκουμένης</span> <span class='ocrx_word' id='word_1_884' title='bbox 2489 5531 3016 5604; x_wconf 78' lang='grc' dir='ltr'>ἁνοικοδομηθέντος,</span> <span class='ocrx_word' id='word_1_885' title='bbox 3047 5528 3224 5582; x_wconf 82' lang='grc' dir='ltr'>πάντα</span> <span class='ocrx_word' id='word_1_886' title='bbox 3267 5526 3337 5578; x_wconf 78' lang='grc' dir='ltr'>τὰ</span> <span class='ocrx_word' id='word_1_887' title='bbox 3384 5523 3530 5594; x_wconf 78' lang='grc' dir='ltr'>ἔθνη,</span> <span class='ocrx_word' id='word_1_888' title='bbox 3571 5515 3699 5574; x_wconf 75' lang='grc' dir='ltr'>κατὰ</span> 
     </span>
    </p>
   </div>
  </div>
