  <div class='ocr_page' id='page_1' title='image "/cluster/home/n/w/nwhite01/storage/ocr_20150623/22/mdp.39015078384388/340.png"; bbox 0 0 3908 6266; ppageno 0'>
   <div class='ocr_carea' id='block_1_1' title="bbox 224 382 335 439">
    <p class='ocr_par' dir='ltr' id='par_1_1' title="bbox 224 382 335 439">
     <span class='ocr_line' id='line_1_1' title="bbox 224 382 335 439; baseline 0.027 -4"><span class='ocrx_word' id='word_1_1' title='bbox 224 382 335 439; x_wconf 69' lang='lat'><strong>615</strong></span> 
     </span>
    </p>
   </div>
   <div class='ocr_carea' id='block_1_2' title="bbox 1146 376 2642 438">
    <p class='ocr_par' dir='ltr' id='par_1_2' title="bbox 1146 376 2642 438">
     <span class='ocr_line' id='line_1_2' title="bbox 1146 376 2642 438; baseline 0.001 -4"><span class='ocrx_word' id='word_1_2' title='bbox 1146 378 1800 438; x_wconf 73' lang='lat' dir='ltr'><strong>DEMONSTRATIONIS</strong></span> <span class='ocrx_word' id='word_1_3' title='bbox 1838 379 2296 438; x_wconf 67' lang='lat' dir='ltr'><strong>EVANGELICE</strong></span> <span class='ocrx_word' id='word_1_4' title='bbox 2334 376 2464 437; x_wconf 84' lang='lat' dir='ltr'><strong>LIB.</strong></span> <span class='ocrx_word' id='word_1_5' title='bbox 2506 378 2642 436; x_wconf 79' lang='lat' dir='ltr'><strong>VIII.</strong></span> 
     </span>
    </p>
   </div>
   <div class='ocr_carea' id='block_1_3' title="bbox 3380 383 3486 440">
    <p class='ocr_par' dir='ltr' id='par_1_3' title="bbox 3380 383 3486 440">
     <span class='ocr_line' id='line_1_3' title="bbox 3380 383 3486 440; baseline -0.019 0"><span class='ocrx_word' id='word_1_6' title='bbox 3380 383 3486 440; x_wconf 63' lang='grc' dir='ltr'><strong>ΜΘ</strong></span> 
     </span>
    </p>
   </div>
   <div class='ocr_carea' id='block_1_4' title="bbox 226 498 1828 574">
    <p class='ocr_par' dir='ltr' id='par_1_4' title="bbox 226 498 1806 574">
     <span class='ocr_line' id='line_1_4' title="bbox 226 498 1806 574; baseline 0 -20"><span class='ocrx_word' id='word_1_7' title='bbox 226 503 330 572; x_wconf 80' lang='grc' dir='ltr'>τὴν</span> <span class='ocrx_word' id='word_1_8' title='bbox 384 500 748 574; x_wconf 79' lang='grc' dir='ltr'>προφητείαν,</span> <span class='ocrx_word' id='word_1_9' title='bbox 778 501 878 573; x_wconf 85' lang='grc' dir='ltr'>τὴν</span> <span class='ocrx_word' id='word_1_10' title='bbox 926 498 1117 572; x_wconf 74' lang='grc' dir='ltr'>ἑορτὴν</span> <span class='ocrx_word' id='word_1_11' title='bbox 1167 500 1262 571; x_wconf 84' lang='grc' dir='ltr'>τῆς</span> <span class='ocrx_word' id='word_1_12' title='bbox 1316 501 1696 572; x_wconf 81' lang='grc' dir='ltr'>Σκηνοπηγίας</span> <span class='ocrx_word' id='word_1_13' title='bbox 1746 501 1806 554; x_wconf 80' lang='grc' dir='ltr'><strong>ἐν</strong></span> 
     </span>
    </p>
   </div>
   <div class='ocr_carea' id='block_1_5' title="bbox 1916 498 3486 574">
    <p class='ocr_par' dir='ltr' id='par_1_5' title="bbox 1916 498 3486 558">
     <span class='ocr_line' id='line_1_5' title="bbox 1916 498 3486 558; baseline 0.003 -4"><span class='ocrx_word' id='word_1_14' title='bbox 1916 500 2172 558; x_wconf 85' lang='lat' dir='ltr'><strong>Dominus</strong></span> <span class='ocrx_word' id='word_1_15' title='bbox 2228 507 2420 557; x_wconf 91' lang='lat' dir='ltr'><strong>noster</strong></span> <span class='ocrx_word' id='word_1_16' title='bbox 2488 499 2651 557; x_wconf 83' lang='lat' dir='ltr'><strong>Jesus</strong></span> <span class='ocrx_word' id='word_1_17' title='bbox 2710 498 2965 558; x_wconf 77' lang='lat' dir='ltr'><strong>Christus</strong></span> <span class='ocrx_word' id='word_1_18' title='bbox 3013 499 3109 558; x_wconf 89' lang='lat' dir='ltr'><strong>Dei</strong></span> <span class='ocrx_word' id='word_1_19' title='bbox 3166 503 3376 557; x_wconf 86' lang='lat' dir='ltr'><strong>versari</strong></span> <span class='ocrx_word' id='word_1_20' title='bbox 3427 504 3486 558; x_wconf 81' lang='lat' dir='ltr'><strong>in</strong></span> 
     </span>
    </p>
   </div>
   <div class='ocr_carea' id='block_1_6' title="bbox 229 592 1802 665">
    <p class='ocr_par' dir='ltr' id='par_1_6' title="bbox 229 592 1802 665">
     <span class='ocr_line' id='line_1_6' title="bbox 229 592 1802 665; baseline 0.001 -20"><span class='ocrx_word' id='word_1_21' title='bbox 229 593 391 646; x_wconf 74' lang='grc' dir='ltr'>παντὶ</span> <span class='ocrx_word' id='word_1_22' title='bbox 423 593 575 664; x_wconf 85' lang='grc' dir='ltr'>τόπῳ</span> <span class='ocrx_word' id='word_1_23' title='bbox 620 593 697 665; x_wconf 79' lang='grc' dir='ltr'>τῷ</span> <span class='ocrx_word' id='word_1_24' title='bbox 752 592 870 664; x_wconf 85' lang='grc' dir='ltr'><strong>Θεῷ</strong></span> <span class='ocrx_word' id='word_1_25' title='bbox 911 592 1019 645; x_wconf 85' lang='grc' dir='ltr'><strong>τῶν</strong></span> <span class='ocrx_word' id='word_1_26' title='bbox 1075 592 1367 663; x_wconf 75' lang='grc' dir='ltr'><strong>προφητῶν</strong></span> <span class='ocrx_word' id='word_1_27' title='bbox 1408 592 1802 665; x_wconf 74' lang='grc' dir='ltr'>πανηγυρίζει,</span> 
     </span>
    </p>
   </div>
   <div class='ocr_carea' id='block_1_7' title="bbox 226 683 1805 754">
    <p class='ocr_par' dir='ltr' id='par_1_7' title="bbox 226 683 1805 754">
     <span class='ocr_line' id='line_1_7' title="bbox 226 683 1805 754; baseline -0.001 -15"><span class='ocrx_word' id='word_1_28' title='bbox 226 684 515 754; x_wconf 76' lang='grc' dir='ltr'>Αἰγύπτιοί</span> <span class='ocrx_word' id='word_1_29' title='bbox 546 703 627 751; x_wconf 88' lang='grc' dir='ltr'><strong>τε,</strong></span> <span class='ocrx_word' id='word_1_30' title='bbox 657 687 714 753; x_wconf 75' lang='grc' dir='ltr'><strong>ἐξ</strong></span> <span class='ocrx_word' id='word_1_31' title='bbox 738 685 948 739; x_wconf 87' lang='grc' dir='ltr'>ἐκείνου</span> <span class='ocrx_word' id='word_1_32' title='bbox 976 684 1066 738; x_wconf 91' lang='grc' dir='ltr'><strong>τὸν</strong></span> <span class='ocrx_word' id='word_1_33' title='bbox 1095 683 1203 737; x_wconf 83' lang='grc' dir='ltr'><strong>τῶν</strong></span> <span class='ocrx_word' id='word_1_34' title='bbox 1234 685 1368 738; x_wconf 82' lang='grc' dir='ltr'>ὅλων</span> <span class='ocrx_word' id='word_1_35' title='bbox 1396 684 1529 738; x_wconf 87' lang='grc' dir='ltr'>Θεὸν</span> <span class='ocrx_word' id='word_1_36' title='bbox 1552 685 1805 753; x_wconf 84' lang='grc' dir='ltr'>ἐπιγνόν-</span> 
     </span>
    </p>
   </div>
   <div class='ocr_carea' id='block_1_8' title="bbox 224 771 1805 847">
    <p class='ocr_par' dir='ltr' id='par_1_8' title="bbox 224 771 1805 847">
     <span class='ocr_line' id='line_1_8' title="bbox 224 771 1805 847; baseline 0.001 -18"><span class='ocrx_word' id='word_1_37' title='bbox 224 792 353 840; x_wconf 81' lang='grc' dir='ltr'>τες,</span> <span class='ocrx_word' id='word_1_38' title='bbox 400 776 501 840; x_wconf 75' lang='grc' dir='ltr'><strong>τὰς</strong></span> <span class='ocrx_word' id='word_1_39' title='bbox 536 776 740 847; x_wconf 76' lang='grc' dir='ltr'>σκηνὰς</span> <span class='ocrx_word' id='word_1_40' title='bbox 792 771 978 830; x_wconf 80' lang='grc' dir='ltr'>αὐτῶν</span> <span class='ocrx_word' id='word_1_41' title='bbox 1026 776 1110 844; x_wconf 80' lang='grc' dir='ltr'>ἐφ’</span> <span class='ocrx_word' id='word_1_42' title='bbox 1160 775 1398 843; x_wconf 79' lang='grc' dir='ltr'><strong>ἑκάστης</strong></span> <span class='ocrx_word' id='word_1_43' title='bbox 1450 775 1656 839; x_wconf 88' lang='grc' dir='ltr'>πόλεως</span> <span class='ocrx_word' id='word_1_44' title='bbox 1710 778 1805 832; x_wconf 81' lang='grc' dir='ltr'><strong>καὶ</strong></span> 
     </span>
    </p>
   </div>
   <div class='ocr_carea' id='block_1_9' title="bbox 221 861 1806 938">
    <p class='ocr_par' dir='ltr' id='par_1_9' title="bbox 221 861 1806 938">
     <span class='ocr_line' id='line_1_9' title="bbox 221 861 1806 938; baseline 0.002 -20"><span class='ocrx_word' id='word_1_45' title='bbox 221 867 413 938; x_wconf 80' lang='grc' dir='ltr'>χώρας</span> <span class='ocrx_word' id='word_1_46' title='bbox 441 867 833 937; x_wconf 81' lang='grc' dir='ltr'>κατεπήξαντο.</span> <span class='ocrx_word' id='word_1_47' title='bbox 863 863 989 919; x_wconf 77' lang='grc' dir='ltr'>Εἶεν</span> <span class='ocrx_word' id='word_1_48' title='bbox 1020 866 1066 919; x_wconf 84' lang='grc' dir='ltr'><strong>δ’</strong></span> <span class='ocrx_word' id='word_1_49' title='bbox 1104 865 1169 919; x_wconf 81' lang='grc' dir='ltr'><strong>ἂν</strong></span> <span class='ocrx_word' id='word_1_50' title='bbox 1194 861 1353 921; x_wconf 70' lang='grc' dir='ltr'>αὗται</span> <span class='ocrx_word' id='word_1_51' title='bbox 1379 867 1433 920; x_wconf 76' lang='lat' dir='ltr'><strong>at</strong></span> <span class='ocrx_word' id='word_1_52' title='bbox 1466 865 1608 938; x_wconf 82' lang='grc' dir='ltr'>κατὰ</span> <span class='ocrx_word' id='word_1_53' title='bbox 1641 867 1806 921; x_wconf 90' lang='grc' dir='ltr'>τόπον</span> 
     </span>
    </p>
   </div>
   <div class='ocr_carea' id='block_1_10' title="bbox 238 936 1807 1030">
    <p class='ocr_par' dir='ltr' id='par_1_10' title="bbox 238 936 1807 1030">
     <span class='ocr_line' id='line_1_10' title="bbox 238 936 1807 1030; baseline -0.002 -17"><span class='ocrx_word' id='word_1_54' title='bbox 238 936 555 1030; x_wconf 75' lang='grc' dir='ltr'>Ἐκκλησίαι</span> <span class='ocrx_word' id='word_1_55' title='bbox 584 936 677 1012; x_wconf 87' lang='grc' dir='ltr'><strong>τοῦ</strong></span> <span class='ocrx_word' id='word_1_56' title='bbox 706 957 960 1029; x_wconf 78' lang='grc' dir='ltr'><strong>Χριστοῦ.</strong></span> <span class='ocrx_word' id='word_1_57' title='bbox 988 958 1203 1022; x_wconf 79' lang='grc' dir='ltr'>Ταύτας</span> <span class='ocrx_word' id='word_1_58' title='bbox 1233 957 1342 1029; x_wconf 74' lang='grc' dir='ltr'>γὰρ</span> <span class='ocrx_word' id='word_1_59' title='bbox 1368 957 1502 1012; x_wconf 82' lang='grc' dir='ltr'>πολὺ</span> <span class='ocrx_word' id='word_1_60' title='bbox 1526 936 1807 1029; x_wconf 70' lang='grc' dir='ltr'>κρείττους</span> 
     </span>
    </p>
   </div>
   <div class='ocr_carea' id='block_1_11' title="bbox 224 1048 1806 1122">
    <p class='ocr_par' dir='ltr' id='par_1_11' title="bbox 224 1048 1806 1122">
     <span class='ocr_line' id='line_1_11' title="bbox 224 1048 1806 1122; baseline 0 -20"><span class='ocrx_word' id='word_1_61' title='bbox 224 1049 336 1102; x_wconf 85' lang='grc' dir='ltr'><strong>τῶν</strong></span> <span class='ocrx_word' id='word_1_62' title='bbox 384 1050 537 1122; x_wconf 84' lang='grc' dir='ltr'><strong>παρὰ</strong></span> <span class='ocrx_word' id='word_1_63' title='bbox 595 1050 819 1104; x_wconf 83' lang='grc' dir='ltr'>Μωῡσεῖ</span> <span class='ocrx_word' id='word_1_64' title='bbox 866 1048 1080 1119; x_wconf 81' lang='grc' dir='ltr'>σκηνῶν</span> <span class='ocrx_word' id='word_1_65' title='bbox 1131 1052 1163 1120; x_wconf 88' lang='grc' dir='ltr'><strong>ή</strong></span> <span class='ocrx_word' id='word_1_66' title='bbox 1210 1050 1303 1102; x_wconf 89' lang='grc' dir='ltr'><strong>τοῦ</strong></span> <span class='ocrx_word' id='word_1_67' title='bbox 1355 1050 1605 1121; x_wconf 85' lang='grc' dir='ltr'><strong>Σωτῆρος</strong></span> <span class='ocrx_word' id='word_1_68' title='bbox 1649 1050 1806 1120; x_wconf 80' lang='grc' dir='ltr'>ήμῶν</span> 
     </span>
    </p>
   </div>
   <div class='ocr_carea' id='block_1_12' title="bbox 240 1138 1807 1212">
    <p class='ocr_par' dir='ltr' id='par_1_12' title="bbox 240 1138 1807 1212">
     <span class='ocr_line' id='line_1_12' title="bbox 240 1138 1807 1212; baseline 0 -19"><span class='ocrx_word' id='word_1_69' title='bbox 240 1138 416 1211; x_wconf 85' lang='grc' dir='ltr'>Ἰησοῦ</span> <span class='ocrx_word' id='word_1_70' title='bbox 458 1139 696 1211; x_wconf 76' lang='grc' dir='ltr'><strong>Χριστοῦ</strong></span> <span class='ocrx_word' id='word_1_71' title='bbox 737 1138 961 1209; x_wconf 85' lang='grc' dir='ltr'>δύναμις</span> <span class='ocrx_word' id='word_1_72' title='bbox 998 1138 1120 1192; x_wconf 80' lang='grc' dir='ltr'>καθ’</span> <span class='ocrx_word' id='word_1_73' title='bbox 1160 1138 1288 1210; x_wconf 80' lang='grc' dir='ltr'>ὅλης</span> <span class='ocrx_word' id='word_1_74' title='bbox 1330 1140 1667 1212; x_wconf 80' lang='grc' dir='ltr'>συνεπήξατο</span> <span class='ocrx_word' id='word_1_75' title='bbox 1705 1139 1807 1210; x_wconf 83' lang='grc' dir='ltr'>τῆς</span> 
     </span>
    </p>
   </div>
   <div class='ocr_carea' id='block_1_13' title="bbox 226 1229 1805 1306">
    <p class='ocr_par' dir='ltr' id='par_1_13' title="bbox 226 1229 1805 1306">
     <span class='ocr_line' id='line_1_13' title="bbox 226 1229 1805 1306; baseline -0.001 -20"><span class='ocrx_word' id='word_1_76' title='bbox 226 1231 531 1306; x_wconf 76' lang='grc' dir='ltr'>ἀνθρώπων</span> <span class='ocrx_word' id='word_1_77' title='bbox 576 1233 924 1303; x_wconf 76' lang='grc' dir='ltr'>οἰκουμένης,</span> <span class='ocrx_word' id='word_1_78' title='bbox 967 1231 1047 1293; x_wconf 85' lang='grc' dir='ltr'>εἰς</span> <span class='ocrx_word' id='word_1_79' title='bbox 1074 1229 1135 1281; x_wconf 90' lang='grc' dir='ltr'><strong>τὸ</strong></span> <span class='ocrx_word' id='word_1_80' title='bbox 1167 1232 1275 1283; x_wconf 83' lang='grc' dir='ltr'><strong>πᾶν</strong></span> <span class='ocrx_word' id='word_1_81' title='bbox 1318 1232 1474 1300; x_wconf 87' lang='grc' dir='ltr'>γένος</span> <span class='ocrx_word' id='word_1_82' title='bbox 1505 1230 1805 1303; x_wconf 84' lang='grc' dir='ltr'>ἀνθρώπων</span> 
     </span>
    </p>
   </div>
   <div class='ocr_carea' id='block_1_14' title="bbox 227 1322 1807 1395">
    <p class='ocr_par' dir='ltr' id='par_1_14' title="bbox 227 1322 1807 1395">
     <span class='ocr_line' id='line_1_14' title="bbox 227 1322 1807 1395; baseline -0.001 -17"><span class='ocrx_word' id='word_1_83' title='bbox 227 1323 324 1378; x_wconf 78' lang='grc' dir='ltr'><strong>καὶ</strong></span> <span class='ocrx_word' id='word_1_84' title='bbox 372 1324 551 1378; x_wconf 85' lang='grc' dir='ltr'>πάντα</span> <span class='ocrx_word' id='word_1_85' title='bbox 592 1322 663 1377; x_wconf 78' lang='grc' dir='ltr'><strong>τὰ</strong></span> <span class='ocrx_word' id='word_1_86' title='bbox 716 1322 878 1393; x_wconf 83' lang='grc' dir='ltr'>έθνη,</span> <span class='ocrx_word' id='word_1_87' title='bbox 917 1323 1299 1395; x_wconf 87' lang='grc' dir='ltr'>Σκηνοπηγίας</span> <span class='ocrx_word' id='word_1_88' title='bbox 1352 1322 1541 1394; x_wconf 81' lang='grc' dir='ltr'>ἑορτὴν</span> <span class='ocrx_word' id='word_1_89' title='bbox 1584 1323 1662 1395; x_wconf 80' lang='grc' dir='ltr'><strong>τῷ</strong></span> <span class='ocrx_word' id='word_1_90' title='bbox 1713 1323 1807 1376; x_wconf 80' lang='grc' dir='ltr'><strong>ἐπὶ</strong></span> 
     </span>
    </p>
   </div>
   <div class='ocr_carea' id='block_1_15' title="bbox 226 1414 1806 1488">
    <p class='ocr_par' dir='ltr' id='par_1_15' title="bbox 226 1414 1806 1488">
     <span class='ocr_line' id='line_1_15' title="bbox 226 1414 1806 1488; baseline -0.001 -19"><span class='ocrx_word' id='word_1_91' title='bbox 226 1418 447 1471; x_wconf 82' lang='grc' dir='ltr'>πάντων</span> <span class='ocrx_word' id='word_1_92' title='bbox 467 1416 586 1488; x_wconf 86' lang='grc' dir='ltr'><strong>Θεῷ</strong></span> <span class='ocrx_word' id='word_1_93' title='bbox 617 1415 903 1469; x_wconf 85' lang='grc' dir='ltr'>ἐπιτελεῖν.</span> <span class='ocrx_word' id='word_1_94' title='bbox 926 1417 1055 1469; x_wconf 87' lang='grc' dir='ltr'>Ὅτε</span> <span class='ocrx_word' id='word_1_95' title='bbox 1072 1416 1250 1469; x_wconf 83' lang='grc' dir='ltr'>τοίνυν</span> <span class='ocrx_word' id='word_1_96' title='bbox 1278 1416 1373 1469; x_wconf 82' lang='grc' dir='ltr'><strong>καί</strong></span> <span class='ocrx_word' id='word_1_97' title='bbox 1393 1414 1565 1468; x_wconf 86' lang='grc' dir='ltr'>ταῦτα</span> <span class='ocrx_word' id='word_1_98' title='bbox 1583 1415 1653 1468; x_wconf 83' lang='grc' dir='ltr'>τὰ</span> <span class='ocrx_word' id='word_1_99' title='bbox 1672 1416 1806 1488; x_wconf 89' lang='grc' dir='ltr'>πρό-</span> 
     </span>
    </p>
   </div>
   <div class='ocr_carea' id='block_1_16' title="bbox 228 1507 1808 1581">
    <p class='ocr_par' dir='ltr' id='par_1_16' title="bbox 228 1507 1808 1581">
     <span class='ocr_line' id='line_1_16' title="bbox 228 1507 1808 1581; baseline -0.001 -17"><span class='ocrx_word' id='word_1_100' title='bbox 228 1512 397 1565; x_wconf 87' lang='grc' dir='ltr'>παλαι</span> <span class='ocrx_word' id='word_1_101' title='bbox 424 1512 533 1572; x_wconf 85' lang='grc' dir='ltr'>τοῖς</span> <span class='ocrx_word' id='word_1_102' title='bbox 566 1509 741 1563; x_wconf 78' lang='grc' dir='ltr'>ἔθνεσι</span> <span class='ocrx_word' id='word_1_103' title='bbox 764 1509 1285 1581; x_wconf 84' lang='grc' dir='ltr'>προαναφωνηθέντα</span> <span class='ocrx_word' id='word_1_104' title='bbox 1308 1507 1428 1563; x_wconf 86' lang='grc' dir='ltr'>καθ’</span> <span class='ocrx_word' id='word_1_105' title='bbox 1446 1510 1591 1579; x_wconf 78' lang='grc' dir='ltr'>ἡμᾶς</span> <span class='ocrx_word' id='word_1_106' title='bbox 1612 1509 1808 1573; x_wconf 76' lang='grc' dir='ltr'>αὐτοὺς</span> 
     </span>
    </p>
   </div>
   <div class='ocr_carea' id='block_1_17' title="bbox 226 1598 1805 1674">
    <p class='ocr_par' dir='ltr' id='par_1_17' title="bbox 226 1598 1805 1674">
     <span class='ocr_line' id='line_1_17' title="bbox 226 1598 1805 1674; baseline -0.001 -22"><span class='ocrx_word' id='word_1_107' title='bbox 226 1601 445 1672; x_wconf 87' lang='grc' dir='ltr'>ὁρῶμεν</span> <span class='ocrx_word' id='word_1_108' title='bbox 483 1601 583 1673; x_wconf 82' lang='grc' dir='ltr'>τὴν</span> <span class='ocrx_word' id='word_1_109' title='bbox 609 1599 831 1653; x_wconf 76' lang='grc' dir='ltr'>ἔκϐασιν</span> <span class='ocrx_word' id='word_1_110' title='bbox 868 1600 1226 1674; x_wconf 81' lang='grc' dir='ltr'>ἀπειληφότα,</span> <span class='ocrx_word' id='word_1_111' title='bbox 1270 1601 1339 1654; x_wconf 84' lang='grc' dir='ltr'>τά</span> <span class='ocrx_word' id='word_1_112' title='bbox 1382 1616 1442 1652; x_wconf 85' lang='grc' dir='ltr'><strong>τε</strong></span> <span class='ocrx_word' id='word_1_113' title='bbox 1482 1598 1575 1651; x_wconf 84' lang='grc' dir='ltr'><strong>τοῦ</strong></span> <span class='ocrx_word' id='word_1_114' title='bbox 1610 1600 1805 1672; x_wconf 85' lang='grc' dir='ltr'>θρήνου</span> 
     </span>
    </p>
   </div>
   <div class='ocr_carea' id='block_1_18' title="bbox 229 1691 1807 1763">
    <p class='ocr_par' dir='ltr' id='par_1_18' title="bbox 229 1691 1807 1763">
     <span class='ocr_line' id='line_1_18' title="bbox 229 1691 1807 1763; baseline -0.001 -18"><span class='ocrx_word' id='word_1_115' title='bbox 229 1694 324 1746; x_wconf 77' lang='grc' dir='ltr'><strong>καὶ</strong></span> <span class='ocrx_word' id='word_1_116' title='bbox 372 1692 468 1745; x_wconf 87' lang='grc' dir='ltr'><strong>τοῦ</strong></span> <span class='ocrx_word' id='word_1_117' title='bbox 505 1691 736 1746; x_wconf 84' lang='grc' dir='ltr'>κοπετοῦ</span> <span class='ocrx_word' id='word_1_118' title='bbox 774 1695 896 1755; x_wconf 90' lang='grc' dir='ltr'>ταῖς</span> <span class='ocrx_word' id='word_1_119' title='bbox 936 1693 1127 1763; x_wconf 84' lang='grc' dir='ltr'>φυλαῖς</span> <span class='ocrx_word' id='word_1_120' title='bbox 1164 1691 1259 1746; x_wconf 90' lang='grc' dir='ltr'><strong>τοῦ</strong></span> <span class='ocrx_word' id='word_1_121' title='bbox 1307 1691 1578 1746; x_wconf 82' lang='grc' dir='ltr'>Ἰουδαίων</span> <span class='ocrx_word' id='word_1_122' title='bbox 1624 1691 1807 1756; x_wconf 76' lang='grc' dir='ltr'>ἔθνους</span> 
     </span>
    </p>
   </div>
   <div class='ocr_carea' id='block_1_19' title="bbox 226 1784 1802 1857">
    <p class='ocr_par' dir='ltr' id='par_1_19' title="bbox 226 1784 1802 1857">
     <span class='ocr_line' id='line_1_19' title="bbox 226 1784 1802 1857; baseline -0.002 -18"><span class='ocrx_word' id='word_1_123' title='bbox 226 1784 744 1856; x_wconf 71' lang='grc' dir='ltr'>προκεκηρυγμένα,</span> <span class='ocrx_word' id='word_1_124' title='bbox 773 1784 841 1838; x_wconf 80' lang='grc' dir='ltr'><strong>τά</strong></span> <span class='ocrx_word' id='word_1_125' title='bbox 864 1802 923 1837; x_wconf 91' lang='grc' dir='ltr'><strong>τε</strong></span> <span class='ocrx_word' id='word_1_126' title='bbox 953 1785 1055 1855; x_wconf 80' lang='grc' dir='ltr'><strong>τῆς</strong></span> <span class='ocrx_word' id='word_1_127' title='bbox 1084 1784 1477 1857; x_wconf 87' lang='grc' dir='ltr'>πυρπολήσεως</span> <span class='ocrx_word' id='word_1_128' title='bbox 1500 1784 1594 1837; x_wconf 89' lang='grc' dir='ltr'><strong>τοῦ</strong></span> <span class='ocrx_word' id='word_1_129' title='bbox 1632 1784 1802 1854; x_wconf 79' lang='grc' dir='ltr'>ἱεροῦ,</span> 
     </span>
    </p>
   </div>
   <div class='ocr_carea' id='block_1_20' title="bbox 229 1875 1808 1948">
    <p class='ocr_par' dir='ltr' id='par_1_20' title="bbox 229 1875 1808 1948">
     <span class='ocr_line' id='line_1_20' title="bbox 229 1875 1808 1948; baseline -0.001 -17"><span class='ocrx_word' id='word_1_130' title='bbox 229 1879 324 1931; x_wconf 80' lang='grc' dir='ltr'><strong>καὶ</strong></span> <span class='ocrx_word' id='word_1_131' title='bbox 354 1877 453 1948; x_wconf 81' lang='grc' dir='ltr'><strong>τῆς</strong></span> <span class='ocrx_word' id='word_1_132' title='bbox 484 1877 719 1948; x_wconf 77' lang='grc' dir='ltr'>ἐσχάτης</span> <span class='ocrx_word' id='word_1_133' title='bbox 761 1876 941 1930; x_wconf 83' lang='grc' dir='ltr'>αὐτῶν</span> <span class='ocrx_word' id='word_1_134' title='bbox 968 1877 1202 1948; x_wconf 79' lang='grc' dir='ltr'><strong>ἐρημίας</strong></span> <span class='ocrx_word' id='word_1_135' title='bbox 1228 1917 1242 1939; x_wconf 91' lang='grc'><strong>,</strong></span> <span class='ocrx_word' id='word_1_136' title='bbox 1277 1876 1480 1947; x_wconf 83' lang='grc' dir='ltr'>ὁμοίως</span> <span class='ocrx_word' id='word_1_137' title='bbox 1513 1876 1605 1929; x_wconf 79' lang='grc' dir='ltr'>καὶ</span> <span class='ocrx_word' id='word_1_138' title='bbox 1636 1875 1808 1930; x_wconf 89' lang='grc' dir='ltr'>ταῦτα</span> 
     </span>
    </p>
   </div>
   <div class='ocr_carea' id='block_1_21' title="bbox 228 1967 1808 2044">
    <p class='ocr_par' dir='ltr' id='par_1_21' title="bbox 228 1967 1808 2044">
     <span class='ocr_line' id='line_1_21' title="bbox 228 1967 1808 2044; baseline -0.001 -22"><span class='ocrx_word' id='word_1_139' title='bbox 228 1972 348 2032; x_wconf 84' lang='grc' dir='ltr'>ταῖς</span> <span class='ocrx_word' id='word_1_140' title='bbox 375 1969 742 2044; x_wconf 74' lang='grc' dir='ltr'>προρρήσεσιν</span> <span class='ocrx_word' id='word_1_141' title='bbox 764 1969 932 2022; x_wconf 88' lang='grc' dir='ltr'>είσέτι</span> <span class='ocrx_word' id='word_1_142' title='bbox 969 1969 1062 2022; x_wconf 73' lang='grc' dir='ltr'><strong>καὶ</strong></span> <span class='ocrx_word' id='word_1_143' title='bbox 1085 1969 1322 2040; x_wconf 84' lang='grc' dir='ltr'>σήμερον</span> <span class='ocrx_word' id='word_1_144' title='bbox 1344 1967 1641 2039; x_wconf 77' lang='grc' dir='ltr'>ὀφθαλμοῖς</span> <span class='ocrx_word' id='word_1_145' title='bbox 1676 1967 1808 2021; x_wconf 89' lang='grc' dir='ltr'>θεω-</span> 
     </span>
    </p>
   </div>
   <div class='ocr_carea' id='block_1_22' title="bbox 229 2060 1810 2137">
    <p class='ocr_par' dir='ltr' id='par_1_22' title="bbox 229 2060 1810 2137">
     <span class='ocr_line' id='line_1_22' title="bbox 229 2060 1810 2137; baseline 0 -23"><span class='ocrx_word' id='word_1_146' title='bbox 229 2064 407 2137; x_wconf 80' lang='grc' dir='ltr'>ρεῖται</span> <span class='ocrx_word' id='word_1_147' title='bbox 425 2077 439 2091; x_wconf 77' lang='grc'><strong><em>⁸</em></strong></span> <span class='ocrx_word' id='word_1_148' title='bbox 474 2062 528 2114; x_wconf 84' lang='grc' dir='ltr'><strong>τί</strong></span> <span class='ocrx_word' id='word_1_149' title='bbox 548 2061 791 2114; x_wconf 88' lang='grc' dir='ltr'>λείπεται</span> <span class='ocrx_word' id='word_1_150' title='bbox 825 2061 918 2113; x_wconf 73' lang='grc' dir='ltr'><strong>ἐπὶ</strong></span> <span class='ocrx_word' id='word_1_151' title='bbox 938 2060 1147 2123; x_wconf 84' lang='grc' dir='ltr'>τούτοις</span> <span class='ocrx_word' id='word_1_152' title='bbox 1174 2060 1206 2131; x_wconf 81' lang='grc' dir='ltr'>ἢ</span> <span class='ocrx_word' id='word_1_153' title='bbox 1234 2061 1325 2114; x_wconf 77' lang='grc' dir='ltr'><strong>καὶ</strong></span> <span class='ocrx_word' id='word_1_154' title='bbox 1349 2060 1440 2113; x_wconf 87' lang='grc' dir='ltr'><strong>τὸν</strong></span> <span class='ocrx_word' id='word_1_155' title='bbox 1473 2061 1810 2130; x_wconf 85' lang='grc' dir='ltr'>προφητευό-</span> 
     </span>
    </p>
   </div>
   <div class='ocr_carea' id='block_1_23' title="bbox 233 2149 1809 2224">
    <p class='ocr_par' dir='ltr' id='par_1_23' title="bbox 233 2149 1809 2224">
     <span class='ocr_line' id='line_1_23' title="bbox 233 2149 1809 2224; baseline -0.001 -18"><span class='ocrx_word' id='word_1_156' title='bbox 233 2170 395 2224; x_wconf 83' lang='grc' dir='ltr'>μενον</span> <span class='ocrx_word' id='word_1_157' title='bbox 415 2152 649 2206; x_wconf 83' lang='grc' dir='ltr'>Βασιλέα</span> <span class='ocrx_word' id='word_1_158' title='bbox 681 2151 1033 2224; x_wconf 83' lang='grc' dir='ltr'>τὸν-Χριστὸν</span> <span class='ocrx_word' id='word_1_159' title='bbox 1058 2149 1150 2204; x_wconf 88' lang='grc' dir='ltr'><strong>τοῦ</strong></span> <span class='ocrx_word' id='word_1_160' title='bbox 1184 2150 1318 2204; x_wconf 82' lang='grc' dir='ltr'>Θεοῦ</span> <span class='ocrx_word' id='word_1_161' title='bbox 1342 2150 1655 2220; x_wconf 68' lang='grc' dir='ltr'>ἐληλυθέναι</span> <span class='ocrx_word' id='word_1_162' title='bbox 1679 2153 1809 2222; x_wconf 87' lang='grc' dir='ltr'>ὁμο-</span> 
     </span>
    </p>
   </div>
   <div class='ocr_carea' id='block_1_24' title="bbox 230 2243 1809 2317">
    <p class='ocr_par' dir='ltr' id='par_1_24' title="bbox 230 2243 1809 2317">
     <span class='ocr_line' id='line_1_24' title="bbox 230 2243 1809 2317; baseline -0.001 -19"><span class='ocrx_word' id='word_1_163' title='bbox 230 2245 446 2316; x_wconf 85' lang='grc' dir='ltr'>λογεῖν,</span> <span class='ocrx_word' id='word_1_164' title='bbox 501 2245 611 2299; x_wconf 86' lang='grc' dir='ltr'><strong>τῶν</strong></span> <span class='ocrx_word' id='word_1_165' title='bbox 668 2246 808 2300; x_wconf 80' lang='grc' dir='ltr'>κατὰ</span> <span class='ocrx_word' id='word_1_166' title='bbox 857 2247 956 2317; x_wconf 81' lang='grc' dir='ltr'>τὴν</span> <span class='ocrx_word' id='word_1_167' title='bbox 1007 2245 1309 2317; x_wconf 85' lang='grc' dir='ltr'>παρουσίαν</span> <span class='ocrx_word' id='word_1_168' title='bbox 1357 2243 1521 2297; x_wconf 81' lang='grc' dir='ltr'>αὐτοῦ</span> <span class='ocrx_word' id='word_1_169' title='bbox 1572 2243 1809 2314; x_wconf 79' lang='grc' dir='ltr'>σημείων</span> 
     </span>
    </p>
   </div>
   <div class='ocr_carea' id='block_1_25' title="bbox 232 2332 1811 2407">
    <p class='ocr_par' dir='ltr' id='par_1_25' title="bbox 232 2332 1811 2407">
     <span class='ocr_line' id='line_1_25' title="bbox 232 2332 1811 2407; baseline -0.001 -18"><span class='ocrx_word' id='word_1_170' title='bbox 232 2335 318 2405; x_wconf 65' lang='grc' dir='ltr'>ἐφ’</span> <span class='ocrx_word' id='word_1_171' title='bbox 379 2335 593 2407; x_wconf 80' lang='grc' dir='ltr'>ἑκάστῳ</span> <span class='ocrx_word' id='word_1_172' title='bbox 641 2334 748 2389; x_wconf 87' lang='grc' dir='ltr'><strong>τῶν</strong></span> <span class='ocrx_word' id='word_1_173' title='bbox 810 2335 1114 2407; x_wconf 83' lang='grc' dir='ltr'>εἰρημένων</span> <span class='ocrx_word' id='word_1_174' title='bbox 1166 2333 1371 2407; x_wconf 88' lang='grc' dir='ltr'>ἐναργῆ</span> <span class='ocrx_word' id='word_1_175' title='bbox 1431 2334 1531 2406; x_wconf 83' lang='grc' dir='ltr'>τὴν</span> <span class='ocrx_word' id='word_1_176' title='bbox 1588 2332 1811 2387; x_wconf 79' lang='grc' dir='ltr'>ἔκϐασιν</span> 
     </span>
    </p>
   </div>
   <div class='ocr_carea' id='block_1_26' title="bbox 231 2424 1045 2497">
    <p class='ocr_par' dir='ltr' id='par_1_26' title="bbox 231 2424 1045 2497">
     <span class='ocr_line' id='line_1_26' title="bbox 231 2424 1045 2497; baseline 0 -19"><span class='ocrx_word' id='word_1_177' title='bbox 231 2424 512 2497; x_wconf 85' lang='grc' dir='ltr'>εἰληφέναι</span> <span class='ocrx_word' id='word_1_178' title='bbox 545 2426 1045 2497; x_wconf 84' lang='grc' dir='ltr'>ἁποδεδειγμένων;</span> 
     </span>
    </p>
   </div>
   <div class='ocr_carea' id='block_1_27' title="bbox 1907 592 3485 663">
    <p class='ocr_par' dir='ltr' id='par_1_27' title="bbox 1907 592 3485 663">
     <span class='ocr_line' id='line_1_27' title="bbox 1907 592 3485 663; baseline 0.001 -14"><span class='ocrx_word' id='word_1_179' title='bbox 1907 594 2106 649; x_wconf 89' lang='lat' dir='ltr'><strong>oliveto</strong></span> <span class='ocrx_word' id='word_1_180' title='bbox 2129 596 2435 660; x_wconf 80' lang='lat' dir='ltr'><strong>consuevit,</strong></span> <span class='ocrx_word' id='word_1_181' title='bbox 2461 593 2607 663; x_wconf 93' lang='lat' dir='ltr'><strong>quod</strong></span> <span class='ocrx_word' id='word_1_182' title='bbox 2636 600 2722 649; x_wconf 89' lang='lat' dir='ltr'><strong>est</strong></span> <span class='ocrx_word' id='word_1_183' title='bbox 2775 593 2832 648; x_wconf 91' lang='lat' dir='ltr'><strong>in</strong></span> <span class='ocrx_word' id='word_1_184' title='bbox 2883 600 3069 649; x_wconf 89' lang='lat' dir='ltr'><strong>monte</strong></span> <span class='ocrx_word' id='word_1_185' title='bbox 3097 599 3290 648; x_wconf 88' lang='lat' dir='ltr'><strong>contra</strong></span> <span class='ocrx_word' id='word_1_186' title='bbox 3321 592 3485 650; x_wconf 82' lang='lat' dir='ltr'><strong>Jeru-</strong></span> 
     </span>
    </p>
   </div>
   <div class='ocr_carea' id='block_1_28' title="bbox 1908 683 3484 756">
    <p class='ocr_par' dir='ltr' id='par_1_28' title="bbox 1908 683 3484 756">
     <span class='ocr_line' id='line_1_28' title="bbox 1908 683 3484 756; baseline 0 -17"><span class='ocrx_word' id='word_1_187' title='bbox 1908 686 2101 748; x_wconf 86' lang='lat' dir='ltr'><strong>salem,</strong></span> <span class='ocrx_word' id='word_1_188' title='bbox 2129 686 2570 756; x_wconf 91' lang='lat' dir='ltr'><strong>completumque</strong></span> <span class='ocrx_word' id='word_1_189' title='bbox 2599 690 2684 739; x_wconf 91' lang='lat' dir='ltr'><strong>est</strong></span> <span class='ocrx_word' id='word_1_190' title='bbox 2717 685 3002 739; x_wconf 83' lang='lat' dir='ltr'><strong>oraculum</strong></span> <span class='ocrx_word' id='word_1_191' title='bbox 3033 684 3184 755; x_wconf 91' lang='lat' dir='ltr'><strong>quod</strong></span> <span class='ocrx_word' id='word_1_192' title='bbox 3213 685 3324 739; x_wconf 87' lang='lat' dir='ltr'><strong>ait:</strong></span> <span class='ocrx_word' id='word_1_193' title='bbox 3360 702 3379 736; x_wconf 74' lang='grc' dir='ltr'><strong>ι</strong></span> <span class='ocrx_word' id='word_1_194' title='bbox 3419 683 3484 739; x_wconf 73' lang='lat' dir='ltr'><strong>Et</strong></span> 
     </span>
    </p>
   </div>
   <div class='ocr_carea' id='block_1_29' title="bbox 1906 773 3477 846">
    <p class='ocr_par' dir='ltr' id='par_1_29' title="bbox 1906 773 3477 846">
     <span class='ocr_line' id='line_1_29' title="bbox 1906 773 3477 846; baseline -0.001 -14"><span class='ocrx_word' id='word_1_195' title='bbox 1906 777 2127 832; x_wconf 88' lang='lat' dir='ltr'><strong>stabunt</strong></span> <span class='ocrx_word' id='word_1_196' title='bbox 2145 775 2310 846; x_wconf 84' lang='lat' dir='ltr'><strong>pedes</strong></span> <span class='ocrx_word' id='word_1_197' title='bbox 2342 776 2462 846; x_wconf 89' lang='lat' dir='ltr'><strong>ejus</strong></span> <span class='ocrx_word' id='word_1_198' title='bbox 2490 776 2547 829; x_wconf 92' lang='lat' dir='ltr'><strong>in</strong></span> <span class='ocrx_word' id='word_1_199' title='bbox 2577 784 2761 829; x_wconf 90' lang='lat' dir='ltr'><strong>monte</strong></span> <span class='ocrx_word' id='word_1_200' title='bbox 2788 773 3091 842; x_wconf 86' lang='lat' dir='ltr'><strong>Olivarum,</strong></span> <span class='ocrx_word' id='word_1_201' title='bbox 3123 777 3216 845; x_wconf 90' lang='lat' dir='ltr'><strong>qui</strong></span> <span class='ocrx_word' id='word_1_202' title='bbox 3247 783 3331 832; x_wconf 83' lang='lat' dir='ltr'><strong>est</strong></span> <span class='ocrx_word' id='word_1_203' title='bbox 3351 792 3477 831; x_wconf 83' lang='lat' dir='ltr'><strong>con-</strong></span> 
     </span>
    </p>
   </div>
   <div class='ocr_carea' id='block_1_30' title="bbox 1905 863 3481 939">
    <p class='ocr_par' dir='ltr' id='par_1_30' title="bbox 1905 863 3481 939">
     <span class='ocr_line' id='line_1_30' title="bbox 1905 863 3481 939; baseline 0.003 -20"><span class='ocrx_word' id='word_1_204' title='bbox 1905 873 1989 919; x_wconf 89' lang='lat' dir='ltr'><strong>tra</strong></span> <span class='ocrx_word' id='word_1_205' title='bbox 2025 863 2353 932; x_wconf 83' lang='lat' dir='ltr'><strong>Jerusalem,</strong></span> <span class='ocrx_word' id='word_1_206' title='bbox 2390 885 2410 919; x_wconf 73' lang='grc' dir='ltr'><strong>ι</strong></span> <span class='ocrx_word' id='word_1_207' title='bbox 2446 865 2551 922; x_wconf 88' lang='lat' dir='ltr'><strong>hoc</strong></span> <span class='ocrx_word' id='word_1_208' title='bbox 2589 873 2677 922; x_wconf 91' lang='lat' dir='ltr'><strong>est</strong></span> <span class='ocrx_word' id='word_1_209' title='bbox 2727 867 2989 939; x_wconf 88' lang='lat' dir='ltr'><strong>religioso</strong></span> <span class='ocrx_word' id='word_1_210' title='bbox 3021 866 3222 938; x_wconf 88' lang='lat' dir='ltr'><strong>pioque</strong></span> <span class='ocrx_word' id='word_1_211' title='bbox 3265 868 3481 925; x_wconf 80' lang='lat' dir='ltr'><strong>vivendi</strong></span> 
     </span>
    </p>
   </div>
   <div class='ocr_carea' id='block_1_31' title="bbox 1907 957 3480 1028">
    <p class='ocr_par' dir='ltr' id='par_1_31' title="bbox 1907 957 3480 1028">
     <span class='ocr_line' id='line_1_31' title="bbox 1907 957 3480 1028; baseline 0.002 -16"><span class='ocrx_word' id='word_1_212' title='bbox 1907 957 2158 1014; x_wconf 90' lang='lat' dir='ltr'><strong>instituto</strong></span> <span class='ocrx_word' id='word_1_213' title='bbox 2202 973 2300 1028; x_wconf 87' lang='lat' dir='ltr'><strong>per</strong></span> <span class='ocrx_word' id='word_1_214' title='bbox 2348 958 2537 1013; x_wconf 87' lang='lat' dir='ltr'><strong>orbem</strong></span> <span class='ocrx_word' id='word_1_215' title='bbox 2592 965 2865 1014; x_wconf 87' lang='lat' dir='ltr'><strong>terrarum</strong></span> <span class='ocrx_word' id='word_1_216' title='bbox 2923 959 3146 1013; x_wconf 92' lang='lat' dir='ltr'><strong>condito</strong></span> <span class='ocrx_word' id='word_1_217' title='bbox 3186 967 3239 1015; x_wconf 92' lang='lat' dir='ltr'><strong>et</strong></span> <span class='ocrx_word' id='word_1_218' title='bbox 3277 968 3480 1028; x_wconf 89' lang='lat' dir='ltr'><strong>erecto,</strong></span> 
     </span>
    </p>
   </div>
   <div class='ocr_carea' id='block_1_32' title="bbox 1906 1050 3478 1122">
    <p class='ocr_par' dir='ltr' id='par_1_32' title="bbox 1906 1050 3478 1122">
     <span class='ocr_line' id='line_1_32' title="bbox 1906 1050 3478 1122; baseline 0.003 -20"><span class='ocrx_word' id='word_1_219' title='bbox 1906 1065 2097 1105; x_wconf 88' lang='lat' dir='ltr'><strong>omnes</strong></span> <span class='ocrx_word' id='word_1_220' title='bbox 2141 1050 2443 1106; x_wconf 89' lang='lat' dir='ltr'><strong>secundum</strong></span> <span class='ocrx_word' id='word_1_221' title='bbox 2472 1051 2839 1122; x_wconf 78' lang='lat' dir='ltr'><strong>prophetiam,</strong></span> <span class='ocrx_word' id='word_1_222' title='bbox 2870 1051 3014 1107; x_wconf 90' lang='lat' dir='ltr'><strong>diem</strong></span> <span class='ocrx_word' id='word_1_223' title='bbox 3047 1051 3244 1106; x_wconf 81' lang='lat' dir='ltr'><strong>festum</strong></span> <span class='ocrx_word' id='word_1_224' title='bbox 3277 1052 3478 1109; x_wconf 84' lang='lat' dir='ltr'><strong>Taber-</strong></span> 
     </span>
    </p>
   </div>
   <div class='ocr_carea' id='block_1_33' title="bbox 1909 1142 3484 1213">
    <p class='ocr_par' dir='ltr' id='par_1_33' title="bbox 1909 1142 3484 1213">
     <span class='ocr_line' id='line_1_33' title="bbox 1909 1142 3484 1213; baseline 0.002 -17"><span class='ocrx_word' id='word_1_225' title='bbox 1909 1144 2236 1197; x_wconf 89' lang='lat' dir='ltr'><strong>naculorum</strong></span> <span class='ocrx_word' id='word_1_226' title='bbox 2314 1143 2675 1198; x_wconf 89' lang='lat' dir='ltr'><strong>celebrabunt</strong></span> <span class='ocrx_word' id='word_1_227' title='bbox 2752 1142 2863 1198; x_wconf 93' lang='lat' dir='ltr'><strong>Deo</strong></span> <span class='ocrx_word' id='word_1_228' title='bbox 2934 1144 3357 1213; x_wconf 83' lang='lat' dir='ltr'><strong>prophetarum,</strong></span> <span class='ocrx_word' id='word_1_229' title='bbox 3429 1152 3484 1199; x_wconf 86' lang='lat' dir='ltr'><strong>et</strong></span> 
     </span>
    </p>
   </div>
   <div class='ocr_carea' id='block_1_34' title="bbox 1908 1235 3485 1307">
    <p class='ocr_par' dir='ltr' id='par_1_34' title="bbox 1908 1235 3485 1307">
     <span class='ocr_line' id='line_1_34' title="bbox 1908 1235 3485 1307; baseline -0.001 -16"><span class='ocrx_word' id='word_1_230' title='bbox 1908 1235 2149 1307; x_wconf 67' lang='lat' dir='ltr'><strong>Egyptii</strong></span> <span class='ocrx_word' id='word_1_231' title='bbox 2171 1252 2239 1293; x_wconf 80' lang='lat' dir='ltr'><strong>ex</strong></span> <span class='ocrx_word' id='word_1_232' title='bbox 2268 1236 2363 1291; x_wconf 92' lang='lat' dir='ltr'><strong>illo</strong></span> <span class='ocrx_word' id='word_1_233' title='bbox 2386 1235 2554 1291; x_wconf 91' lang='lat' dir='ltr'><strong>Deum</strong></span> <span class='ocrx_word' id='word_1_234' title='bbox 2583 1236 2828 1292; x_wconf 85' lang='lat' dir='ltr'><strong>universi</strong></span> <span class='ocrx_word' id='word_1_235' title='bbox 2847 1243 3208 1306; x_wconf 77' lang='lat' dir='ltr'><strong>agnoscentes</strong></span> <span class='ocrx_word' id='word_1_236' title='bbox 3238 1236 3485 1290; x_wconf 83' lang='lat' dir='ltr'><strong>taberna-</strong></span> 
     </span>
    </p>
   </div>
   <div class='ocr_carea' id='block_1_35' title="bbox 1907 1325 3480 1399">
    <p class='ocr_par' dir='ltr' id='par_1_35' title="bbox 1907 1325 3480 1399">
     <span class='ocr_line' id='line_1_35' title="bbox 1907 1325 3480 1399; baseline -0.001 -18"><span class='ocrx_word' id='word_1_237' title='bbox 1907 1327 2029 1381; x_wconf 90' lang='lat' dir='ltr'><strong>cula</strong></span> <span class='ocrx_word' id='word_1_238' title='bbox 2052 1342 2152 1382; x_wconf 88' lang='lat' dir='ltr'><strong>sua</strong></span> <span class='ocrx_word' id='word_1_239' title='bbox 2180 1327 2234 1382; x_wconf 91' lang='lat' dir='ltr'><strong>in</strong></span> <span class='ocrx_word' id='word_1_240' title='bbox 2259 1326 2490 1399; x_wconf 80' lang='lat' dir='ltr'><strong>singulis</strong></span> <span class='ocrx_word' id='word_1_241' title='bbox 2524 1327 2841 1382; x_wconf 86' lang='lat' dir='ltr'><strong>civitatibus</strong></span> <span class='ocrx_word' id='word_1_242' title='bbox 2866 1336 2921 1381; x_wconf 91' lang='lat' dir='ltr'><strong>et</strong></span> <span class='ocrx_word' id='word_1_243' title='bbox 2949 1326 3269 1397; x_wconf 76' lang='lat' dir='ltr'><strong>regionibus</strong></span> <span class='ocrx_word' id='word_1_244' title='bbox 3289 1325 3480 1394; x_wconf 84' lang='lat' dir='ltr'><strong>ﬁgent.</strong></span> 
     </span>
    </p>
   </div>
   <div class='ocr_carea' id='block_1_36' title="bbox 1907 1416 3486 1488">
    <p class='ocr_par' dir='ltr' id='par_1_36' title="bbox 1907 1416 3486 1488">
     <span class='ocr_line' id='line_1_36' title="bbox 1907 1416 3486 1488; baseline 0.002 -17"><span class='ocrx_word' id='word_1_245' title='bbox 1907 1416 2003 1472; x_wconf 65' lang='lat' dir='ltr'><strong>Hae</strong></span> <span class='ocrx_word' id='word_1_246' title='bbox 2032 1433 2197 1488; x_wconf 87' lang='lat' dir='ltr'><strong>porro</strong></span> <span class='ocrx_word' id='word_1_247' title='bbox 2230 1420 2342 1474; x_wconf 88' lang='lat' dir='ltr'><strong>sint</strong></span> <span class='ocrx_word' id='word_1_248' title='bbox 2364 1418 2571 1474; x_wconf 89' lang='lat' dir='ltr'><strong>Christi</strong></span> <span class='ocrx_word' id='word_1_249' title='bbox 2602 1418 2657 1472; x_wconf 91' lang='lat' dir='ltr'><strong>in</strong></span> <span class='ocrx_word' id='word_1_250' title='bbox 2694 1419 2845 1472; x_wconf 92' lang='lat' dir='ltr'><strong>omni</strong></span> <span class='ocrx_word' id='word_1_251' title='bbox 2880 1419 3003 1473; x_wconf 93' lang='lat' dir='ltr'><strong>loco</strong></span> <span class='ocrx_word' id='word_1_252' title='bbox 3033 1418 3271 1473; x_wconf 84' lang='lat' dir='ltr'><strong>conditae</strong></span> <span class='ocrx_word' id='word_1_253' title='bbox 3294 1417 3486 1474; x_wconf 84' lang='lat' dir='ltr'><strong>Eccle-</strong></span> 
     </span>
    </p>
   </div>
   <div class='ocr_carea' id='block_1_37' title="bbox 1907 1507 3486 1579">
    <p class='ocr_par' dir='ltr' id='par_1_37' title="bbox 1907 1507 3486 1579">
     <span class='ocr_line' id='line_1_37' title="bbox 1907 1507 3486 1579; baseline -0.001 -15"><span class='ocrx_word' id='word_1_254' title='bbox 1907 1510 2022 1564; x_wconf 66' lang='lat' dir='ltr'><strong>siae.</strong></span> <span class='ocrx_word' id='word_1_255' title='bbox 2059 1508 2168 1566; x_wconf 83' lang='lat' dir='ltr'><strong>Has</strong></span> <span class='ocrx_word' id='word_1_256' title='bbox 2197 1511 2341 1565; x_wconf 89' lang='lat' dir='ltr'><strong>enim</strong></span> <span class='ocrx_word' id='word_1_257' title='bbox 2366 1511 2537 1564; x_wconf 88' lang='lat' dir='ltr'><strong>multo</strong></span> <span class='ocrx_word' id='word_1_258' title='bbox 2570 1510 2977 1579; x_wconf 77' lang='lat' dir='ltr'><strong>praestantiores</strong></span> <span class='ocrx_word' id='word_1_259' title='bbox 3022 1507 3278 1567; x_wconf 81' lang='lat' dir='ltr'><strong>Mosaicis</strong></span> <span class='ocrx_word' id='word_1_260' title='bbox 3300 1509 3486 1565; x_wconf 85' lang='lat' dir='ltr'><strong>taber-</strong></span> 
     </span>
    </p>
   </div>
   <div class='ocr_carea' id='block_1_38' title="bbox 1907 1599 3484 1673">
    <p class='ocr_par' dir='ltr' id='par_1_38' title="bbox 1907 1599 3484 1673">
     <span class='ocr_line' id='line_1_38' title="bbox 1907 1599 3484 1673; baseline 0.001 -18"><span class='ocrx_word' id='word_1_261' title='bbox 1907 1603 2121 1657; x_wconf 90' lang='lat' dir='ltr'><strong>naculis</strong></span> <span class='ocrx_word' id='word_1_262' title='bbox 2155 1602 2454 1658; x_wconf 87' lang='lat' dir='ltr'><strong>Salvatoris</strong></span> <span class='ocrx_word' id='word_1_263' title='bbox 2480 1604 2653 1657; x_wconf 90' lang='lat' dir='ltr'><strong>nostri</strong></span> <span class='ocrx_word' id='word_1_264' title='bbox 2698 1600 2827 1658; x_wconf 81' lang='lat' dir='ltr'><strong>Jesu</strong></span> <span class='ocrx_word' id='word_1_265' title='bbox 2870 1601 3075 1658; x_wconf 85' lang='lat' dir='ltr'><strong>Christi</strong></span> <span class='ocrx_word' id='word_1_266' title='bbox 3131 1603 3394 1673; x_wconf 86' lang='lat' dir='ltr'><strong>potentia,</strong></span> <span class='ocrx_word' id='word_1_267' title='bbox 3424 1599 3484 1657; x_wconf 86' lang='lat' dir='ltr'><strong>in</strong></span> 
     </span>
    </p>
   </div>
   <div class='ocr_carea' id='block_1_39' title="bbox 1907 1693 3485 1765">
    <p class='ocr_par' dir='ltr' id='par_1_39' title="bbox 1907 1693 3485 1765">
     <span class='ocr_line' id='line_1_39' title="bbox 1907 1693 3485 1765; baseline 0.002 -18"><span class='ocrx_word' id='word_1_268' title='bbox 1907 1694 2055 1747; x_wconf 88' lang='lat' dir='ltr'><strong>omni</strong></span> <span class='ocrx_word' id='word_1_269' title='bbox 2091 1693 2161 1747; x_wconf 88' lang='lat' dir='ltr'><strong>ab</strong></span> <span class='ocrx_word' id='word_1_270' title='bbox 2192 1694 2504 1750; x_wconf 88' lang='lat' dir='ltr'><strong>hominibus</strong></span> <span class='ocrx_word' id='word_1_271' title='bbox 2540 1695 2784 1751; x_wconf 88' lang='lat' dir='ltr'><strong>habitato</strong></span> <span class='ocrx_word' id='word_1_272' title='bbox 2814 1695 2945 1749; x_wconf 90' lang='lat' dir='ltr'><strong>orbe</strong></span> <span class='ocrx_word' id='word_1_273' title='bbox 2987 1710 3085 1765; x_wconf 90' lang='lat' dir='ltr'><strong>per</strong></span> <span class='ocrx_word' id='word_1_274' title='bbox 3111 1710 3272 1751; x_wconf 86' lang='lat' dir='ltr'><strong>omne</strong></span> <span class='ocrx_word' id='word_1_275' title='bbox 3306 1695 3485 1750; x_wconf 83' lang='lat' dir='ltr'><strong>homi-</strong></span> 
     </span>
    </p>
   </div>
   <div class='ocr_carea' id='block_1_40' title="bbox 1910 1784 3484 1856">
    <p class='ocr_par' dir='ltr' id='par_1_40' title="bbox 1910 1784 3484 1856">
     <span class='ocr_line' id='line_1_40' title="bbox 1910 1784 3484 1856; baseline 0.001 -17"><span class='ocrx_word' id='word_1_276' title='bbox 1910 1800 2038 1840; x_wconf 89' lang='lat' dir='ltr'><strong>num</strong></span> <span class='ocrx_word' id='word_1_277' title='bbox 2073 1800 2264 1855; x_wconf 87' lang='lat' dir='ltr'><strong>genus,</strong></span> <span class='ocrx_word' id='word_1_278' title='bbox 2295 1800 2392 1855; x_wconf 86' lang='lat' dir='ltr'><strong>per</strong></span> <span class='ocrx_word' id='word_1_279' title='bbox 2420 1800 2610 1841; x_wconf 87' lang='lat' dir='ltr'><strong>omnes</strong></span> <span class='ocrx_word' id='word_1_280' title='bbox 2640 1794 2829 1856; x_wconf 81' lang='lat' dir='ltr'><strong>gentes</strong></span> <span class='ocrx_word' id='word_1_281' title='bbox 2860 1785 2997 1849; x_wconf 79' lang='lat' dir='ltr'><strong>ﬁxit,</strong></span> <span class='ocrx_word' id='word_1_282' title='bbox 3043 1793 3102 1840; x_wconf 92' lang='lat' dir='ltr'><strong>ut</strong></span> <span class='ocrx_word' id='word_1_283' title='bbox 3146 1784 3259 1841; x_wconf 88' lang='lat' dir='ltr'><strong>Deo</strong></span> <span class='ocrx_word' id='word_1_284' title='bbox 3297 1785 3484 1841; x_wconf 76' lang='lat' dir='ltr'><strong>omnia</strong></span> 
     </span>
    </p>
   </div>
   <div class='ocr_carea' id='block_1_41' title="bbox 1909 1876 3483 1933">
    <p class='ocr_par' dir='ltr' id='par_1_41' title="bbox 1909 1876 3483 1933">
     <span class='ocr_line' id='line_1_41' title="bbox 1909 1876 3483 1933; baseline -0.001 0"><span class='ocrx_word' id='word_1_285' title='bbox 1909 1876 2013 1933; x_wconf 88' lang='lat' dir='ltr'><strong>sub</strong></span> <span class='ocrx_word' id='word_1_286' title='bbox 2036 1876 2345 1932; x_wconf 65' lang='lat' dir='ltr'><strong>se&#39;habenti</strong></span> <span class='ocrx_word' id='word_1_287' title='bbox 2394 1876 2671 1931; x_wconf 90' lang='lat' dir='ltr'><strong>celebrent</strong></span> <span class='ocrx_word' id='word_1_288' title='bbox 2695 1876 2838 1932; x_wconf 91' lang='lat' dir='ltr'><strong>diem</strong></span> <span class='ocrx_word' id='word_1_289' title='bbox 2888 1876 3086 1932; x_wconf 82' lang='lat' dir='ltr'><strong>festum</strong></span> <span class='ocrx_word' id='word_1_290' title='bbox 3135 1876 3483 1933; x_wconf 80' lang='lat' dir='ltr'><strong>Tabernacu-</strong></span> 
     </span>
    </p>
   </div>
   <div class='ocr_carea' id='block_1_42' title="bbox 1915 1969 3487 2041">
    <p class='ocr_par' dir='ltr' id='par_1_42' title="bbox 1915 1969 3487 2041">
     <span class='ocr_line' id='line_1_42' title="bbox 1915 1969 3487 2041; baseline -0.001 -16"><span class='ocrx_word' id='word_1_291' title='bbox 1915 1970 2116 2025; x_wconf 87' lang='lat' dir='ltr'><strong>lorum.</strong></span> <span class='ocrx_word' id='word_1_292' title='bbox 2142 1969 2372 2036; x_wconf 85' lang='lat' dir='ltr'><strong>Quando</strong></span> <span class='ocrx_word' id='word_1_293' title='bbox 2394 1969 2564 2040; x_wconf 79' lang='lat' dir='ltr'><strong>igitur</strong></span> <span class='ocrx_word' id='word_1_294' title='bbox 2578 1971 2692 2025; x_wconf 85' lang='lat' dir='ltr'><strong>haec</strong></span> <span class='ocrx_word' id='word_1_295' title='bbox 2717 1971 2960 2041; x_wconf 81' lang='lat' dir='ltr'><strong>quaejam</strong></span> <span class='ocrx_word' id='word_1_296' title='bbox 2991 1971 3084 2025; x_wconf 90' lang='lat' dir='ltr'><strong>diu</strong></span> <span class='ocrx_word' id='word_1_297' title='bbox 3116 1971 3369 2040; x_wconf 79' lang='lat' dir='ltr'><strong>gentibus</strong></span> <span class='ocrx_word' id='word_1_298' title='bbox 3396 1970 3487 2025; x_wconf 51' lang='lat' dir='ltr'><strong>de.</strong></span> 
     </span>
    </p>
   </div>
   <div class='ocr_carea' id='block_1_43' title="bbox 1910 2061 3484 2132">
    <p class='ocr_par' dir='ltr' id='par_1_43' title="bbox 1910 2061 3484 2132">
     <span class='ocr_line' id='line_1_43' title="bbox 1910 2061 3484 2132; baseline -0.002 -16"><span class='ocrx_word' id='word_1_299' title='bbox 1910 2062 2160 2117; x_wconf 85' lang='lat' dir='ltr'><strong>nuntiata</strong></span> <span class='ocrx_word' id='word_1_300' title='bbox 2183 2061 2427 2125; x_wconf 79' lang='lat' dir='ltr'><strong>fuerunt,</strong></span> <span class='ocrx_word' id='word_1_301' title='bbox 2447 2062 2652 2117; x_wconf 90' lang='lat' dir='ltr'><strong>nostris</strong></span> <span class='ocrx_word' id='word_1_302' title='bbox 2669 2062 3004 2132; x_wconf 88' lang='lat' dir='ltr'><strong>temporibus</strong></span> <span class='ocrx_word' id='word_1_303' title='bbox 3017 2062 3263 2117; x_wconf 80' lang='lat' dir='ltr'><strong>videmus</strong></span> <span class='ocrx_word' id='word_1_304' title='bbox 3280 2062 3484 2117; x_wconf 84' lang='lat' dir='ltr'><strong>exitum</strong></span> 
     </span>
    </p>
   </div>
   <div class='ocr_carea' id='block_1_44' title="bbox 1910 2154 3489 2226">
    <p class='ocr_par' dir='ltr' id='par_1_44' title="bbox 1910 2154 3489 2226">
     <span class='ocr_line' id='line_1_44' title="bbox 1910 2154 3489 2226; baseline 0 -18"><span class='ocrx_word' id='word_1_305' title='bbox 1910 2157 2102 2209; x_wconf 86' lang='lat' dir='ltr'><strong>sortita</strong></span> <span class='ocrx_word' id='word_1_306' title='bbox 2135 2169 2281 2219; x_wconf 90' lang='lat' dir='ltr'><strong>esse,</strong></span> <span class='ocrx_word' id='word_1_307' title='bbox 2325 2164 2379 2210; x_wconf 90' lang='lat' dir='ltr'><strong>et</strong></span> <span class='ocrx_word' id='word_1_308' title='bbox 2420 2170 2541 2226; x_wconf 79' lang='lat' dir='ltr'><strong>quae</strong></span> <span class='ocrx_word' id='word_1_309' title='bbox 2587 2155 2655 2211; x_wconf 90' lang='lat' dir='ltr'><strong>de</strong></span> <span class='ocrx_word' id='word_1_310' title='bbox 2693 2156 2934 2210; x_wconf 88' lang='lat' dir='ltr'><strong>lamento</strong></span> <span class='ocrx_word' id='word_1_311' title='bbox 2971 2162 3026 2209; x_wconf 86' lang='lat' dir='ltr'><strong>et</strong></span> <span class='ocrx_word' id='word_1_312' title='bbox 3074 2154 3295 2224; x_wconf 87' lang='lat' dir='ltr'><strong>planctu</strong></span> <span class='ocrx_word' id='word_1_313' title='bbox 3336 2159 3489 2208; x_wconf 79' lang='lat' dir='ltr'><strong>tanto</strong></span> 
     </span>
    </p>
   </div>
   <div class='ocr_carea' id='block_1_45' title="bbox 1912 2244 3484 2311">
    <p class='ocr_par' dir='ltr' id='par_1_45' title="bbox 1912 2244 3484 2311">
     <span class='ocr_line' id='line_1_45' title="bbox 1912 2244 3484 2311; baseline -0.001 -11"><span class='ocrx_word' id='word_1_314' title='bbox 1912 2253 2039 2301; x_wconf 89' lang='lat' dir='ltr'><strong>ante</strong></span> <span class='ocrx_word' id='word_1_315' title='bbox 2071 2245 2140 2300; x_wconf 90' lang='lat' dir='ltr'><strong>ad</strong></span> <span class='ocrx_word' id='word_1_316' title='bbox 2181 2244 2440 2302; x_wconf 87' lang='lat' dir='ltr'><strong>Judaicas</strong></span> <span class='ocrx_word' id='word_1_317' title='bbox 2493 2248 2671 2302; x_wconf 87' lang='lat' dir='ltr'><strong>tribus</strong></span> <span class='ocrx_word' id='word_1_318' title='bbox 2700 2246 2967 2302; x_wconf 87' lang='lat' dir='ltr'><strong>divinitus</strong></span> <span class='ocrx_word' id='word_1_319' title='bbox 3010 2246 3307 2301; x_wconf 86' lang='lat' dir='ltr'><strong>inclamata</strong></span> <span class='ocrx_word' id='word_1_320' title='bbox 3333 2253 3484 2311; x_wconf 88' lang='lat' dir='ltr'><strong>sunt,</strong></span> 
     </span>
    </p>
   </div>
   <div class='ocr_carea' id='block_1_46' title="bbox 1916 2336 3484 2408">
    <p class='ocr_par' dir='ltr' id='par_1_46' title="bbox 1916 2336 3484 2408">
     <span class='ocr_line' id='line_1_46' title="bbox 1916 2336 3484 2408; baseline 0.001 -17"><span class='ocrx_word' id='word_1_321' title='bbox 1916 2353 2145 2408; x_wconf 64' lang='lat' dir='ltr'><strong>quaeque</strong></span> <span class='ocrx_word' id='word_1_322' title='bbox 2184 2338 2251 2393; x_wconf 91' lang='lat' dir='ltr'><strong>de</strong></span> <span class='ocrx_word' id='word_1_323' title='bbox 2295 2339 2605 2395; x_wconf 90' lang='lat' dir='ltr'><strong>vastatione</strong></span> <span class='ocrx_word' id='word_1_324' title='bbox 2647 2337 3015 2408; x_wconf 86' lang='lat' dir='ltr'><strong>incendioque</strong></span> <span class='ocrx_word' id='word_1_325' title='bbox 3070 2336 3277 2407; x_wconf 85' lang='lat' dir='ltr'><strong>templi,</strong></span> <span class='ocrx_word' id='word_1_326' title='bbox 3308 2345 3484 2392; x_wconf 86' lang='lat' dir='ltr'><strong>extre-</strong></span> 
     </span>
    </p>
   </div>
   <div class='ocr_carea' id='block_1_47' title="bbox 1916 2426 3489 2497">
    <p class='ocr_par' dir='ltr' id='par_1_47' title="bbox 1916 2426 3489 2497">
     <span class='ocr_line' id='line_1_47' title="bbox 1916 2426 3489 2497; baseline 0.001 -18"><span class='ocrx_word' id='word_1_327' title='bbox 1916 2440 2113 2496; x_wconf 84' lang='lat' dir='ltr'><strong>maque</strong></span> <span class='ocrx_word' id='word_1_328' title='bbox 2126 2426 2367 2496; x_wconf 89' lang='lat' dir='ltr'><strong>ipsorum</strong></span> <span class='ocrx_word' id='word_1_329' title='bbox 2386 2427 2681 2482; x_wconf 85' lang='lat' dir='ltr'><strong>solitudine</strong></span> <span class='ocrx_word' id='word_1_330' title='bbox 2702 2426 2982 2497; x_wconf 61' lang='lat' dir='ltr'><strong>praedicta,</strong></span> <span class='ocrx_word' id='word_1_331' title='bbox 3003 2440 3065 2481; x_wconf 84' lang='lat' dir='ltr'><strong>ea</strong></span> <span class='ocrx_word' id='word_1_332' title='bbox 3080 2426 3196 2496; x_wconf 86' lang='lat' dir='ltr'><strong>ipsa</strong></span> <span class='ocrx_word' id='word_1_333' title='bbox 3214 2440 3489 2496; x_wconf 82' lang='lat' dir='ltr'><strong>nusquam</strong></span> 
     </span>
    </p>
   </div>
   <div class='ocr_carea' id='block_1_48' title="bbox 234 2518 3495 2592">
    <p class='ocr_par' dir='ltr' id='par_1_48' title="bbox 234 2518 3495 2592">
     <span class='ocr_line' id='line_1_48' title="bbox 234 2518 3495 2592; baseline -0.001 -18"><span class='ocrx_word' id='word_1_334' title='bbox 234 2521 304 2575; x_wconf 89' lang='lat' dir='ltr'><strong>ab</strong></span> <span class='ocrx_word' id='word_1_335' title='bbox 332 2520 570 2577; x_wconf 87' lang='lat' dir='ltr'><strong>oraculis</strong></span> <span class='ocrx_word' id='word_1_336' title='bbox 601 2521 968 2591; x_wconf 87' lang='lat' dir='ltr'><strong>discrepantia</strong></span> <span class='ocrx_word' id='word_1_337' title='bbox 998 2535 1170 2590; x_wconf 89' lang='lat' dir='ltr'><strong>usque</strong></span> <span class='ocrx_word' id='word_1_338' title='bbox 1197 2519 1266 2574; x_wconf 90' lang='lat' dir='ltr'><strong>ad</strong></span> <span class='ocrx_word' id='word_1_339' title='bbox 1295 2519 1620 2575; x_wconf 90' lang='lat' dir='ltr'><strong>hodiernum</strong></span> <span class='ocrx_word' id='word_1_340' title='bbox 1653 2519 1795 2575; x_wconf 88' lang='lat' dir='ltr'><strong>diem</strong></span> <span class='ocrx_word' id='word_1_341' title='bbox 1833 2519 1917 2575; x_wconf 82' lang='lat' dir='ltr'><strong>vel</strong></span> <span class='ocrx_word' id='word_1_342' title='bbox 1960 2520 2136 2577; x_wconf 91' lang='lat' dir='ltr'><strong>oculis</strong></span> <span class='ocrx_word' id='word_1_343' title='bbox 2190 2535 2488 2590; x_wconf 88' lang='lat' dir='ltr'><strong>possumus</strong></span> <span class='ocrx_word' id='word_1_344' title='bbox 2527 2520 2729 2576; x_wconf 88' lang='lat' dir='ltr'><strong>intueri</strong></span> <span class='ocrx_word' id='word_1_345' title='bbox 2754 2536 2770 2587; x_wconf 90' lang='lat'><strong>;</strong></span> <span class='ocrx_word' id='word_1_346' title='bbox 2796 2519 2956 2592; x_wconf 63' lang='lat'><strong>413</strong></span> <span class='ocrx_word' id='word_1_347' title='bbox 2983 2518 3115 2589; x_wconf 84' lang='lat' dir='ltr'><strong>quid</strong></span> <span class='ocrx_word' id='word_1_348' title='bbox 3137 2518 3370 2589; x_wconf 85' lang='lat' dir='ltr'><strong>amplius</strong></span> <span class='ocrx_word' id='word_1_349' title='bbox 3398 2532 3495 2574; x_wconf 80' lang='lat' dir='ltr'><strong>su-</strong></span> 
     </span>
    </p>
   </div>
   <div class='ocr_carea' id='block_1_49' title="bbox 234 2609 3491 2685">
    <p class='ocr_par' dir='ltr' id='par_1_49' title="bbox 234 2609 3491 2685">
     <span class='ocr_line' id='line_1_49' title="bbox 234 2609 3491 2685; baseline -0 -19"><span class='ocrx_word' id='word_1_350' title='bbox 234 2620 436 2685; x_wconf 86' lang='lat' dir='ltr'><strong>perest,</strong></span> <span class='ocrx_word' id='word_1_351' title='bbox 462 2614 568 2668; x_wconf 88' lang='lat' dir='ltr'><strong>nisi</strong></span> <span class='ocrx_word' id='word_1_352' title='bbox 595 2622 654 2669; x_wconf 92' lang='lat' dir='ltr'><strong>ut</strong></span> <span class='ocrx_word' id='word_1_353' title='bbox 674 2609 895 2685; x_wconf 82' lang='lat' dir='ltr'><strong>Regem,</strong></span> <span class='ocrx_word' id='word_1_354' title='bbox 928 2614 996 2668; x_wconf 92' lang='lat' dir='ltr'><strong>de</strong></span> <span class='ocrx_word' id='word_1_355' title='bbox 1020 2628 1129 2684; x_wconf 90' lang='lat' dir='ltr'><strong>quo</strong></span> <span class='ocrx_word' id='word_1_356' title='bbox 1159 2614 1436 2684; x_wconf 80' lang='lat' dir='ltr'><strong>prophetae</strong></span> <span class='ocrx_word' id='word_1_357' title='bbox 1475 2613 1792 2684; x_wconf 89' lang='lat' dir='ltr'><strong>loquuntur,</strong></span> <span class='ocrx_word' id='word_1_358' title='bbox 1832 2628 1963 2668; x_wconf 88' lang='lat' dir='ltr'><strong>eum</strong></span> <span class='ocrx_word' id='word_1_359' title='bbox 2028 2613 2122 2683; x_wconf 91' lang='lat' dir='ltr'><strong>qui</strong></span> <span class='ocrx_word' id='word_1_360' title='bbox 2173 2613 2428 2670; x_wconf 87' lang='lat' dir='ltr'><strong>Christus</strong></span> <span class='ocrx_word' id='word_1_361' title='bbox 2467 2611 2565 2667; x_wconf 90' lang='lat' dir='ltr'><strong>Dei</strong></span> <span class='ocrx_word' id='word_1_362' title='bbox 2606 2617 2713 2676; x_wconf 87' lang='lat' dir='ltr'><strong>est,</strong></span> <span class='ocrx_word' id='word_1_363' title='bbox 2767 2613 2984 2669; x_wconf 89' lang='lat' dir='ltr'><strong>venisse</strong></span> <span class='ocrx_word' id='word_1_364' title='bbox 3033 2610 3491 2666; x_wconf 76' lang='lat' dir='ltr'><strong>fateamur‘lcum</strong></span> 
     </span>
    </p>
   </div>
   <div class='ocr_carea' id='block_1_50' title="bbox 234 2705 3494 2779">
    <p class='ocr_par' dir='ltr' id='par_1_50' title="bbox 234 2705 3494 2779">
     <span class='ocr_line' id='line_1_50' title="bbox 234 2705 3494 2779; baseline -0.001 -16"><span class='ocrx_word' id='word_1_365' title='bbox 234 2710 419 2779; x_wconf 84' lang='lat' dir='ltr'><strong>utique</strong></span> <span class='ocrx_word' id='word_1_366' title='bbox 463 2707 610 2762; x_wconf 89' lang='lat' dir='ltr'><strong>illius</strong></span> <span class='ocrx_word' id='word_1_367' title='bbox 648 2705 911 2762; x_wconf 85' lang='lat' dir='ltr'><strong>adventus</strong></span> <span class='ocrx_word' id='word_1_368' title='bbox 960 2706 1117 2777; x_wconf 84' lang='lat' dir='ltr'><strong>signa</strong></span> <span class='ocrx_word' id='word_1_369' title='bbox 1162 2707 1219 2761; x_wconf 91' lang='lat' dir='ltr'><strong>in</strong></span> <span class='ocrx_word' id='word_1_370' title='bbox 1262 2706 1513 2778; x_wconf 79' lang='lat' dir='ltr'><strong>singulis,</strong></span> <span class='ocrx_word' id='word_1_371' title='bbox 1558 2722 1679 2777; x_wconf 83' lang='lat' dir='ltr'><strong>quae</strong></span> <span class='ocrx_word' id='word_1_372' title='bbox 1722 2705 1789 2760; x_wconf 90' lang='lat' dir='ltr'><strong>de</strong></span> <span class='ocrx_word' id='word_1_373' title='bbox 1827 2706 1919 2761; x_wconf 94' lang='lat' dir='ltr'><strong>illo</strong></span> <span class='ocrx_word' id='word_1_374' title='bbox 1971 2705 2114 2760; x_wconf 88' lang='lat' dir='ltr'><strong>dicta</strong></span> <span class='ocrx_word' id='word_1_375' title='bbox 2142 2712 2292 2771; x_wconf 92' lang='lat' dir='ltr'><strong>sunt,</strong></span> <span class='ocrx_word' id='word_1_376' title='bbox 2340 2706 2647 2762; x_wconf 87' lang='lat' dir='ltr'><strong>evidentem</strong></span> <span class='ocrx_word' id='word_1_377' title='bbox 2683 2706 2894 2762; x_wconf 79' lang='lat' dir='ltr'><strong>exitum</strong></span> <span class='ocrx_word' id='word_1_378' title='bbox 2930 2707 3208 2778; x_wconf 84' lang='lat' dir='ltr'><strong>accepisse</strong></span> <span class='ocrx_word' id='word_1_379' title='bbox 3250 2706 3365 2777; x_wconf 85' lang='lat' dir='ltr'><strong>jam</strong></span> <span class='ocrx_word' id='word_1_380' title='bbox 3396 2705 3494 2762; x_wconf 87' lang='lat' dir='ltr'><strong>de-</strong></span> 
     </span>
    </p>
   </div>
   <div class='ocr_carea' id='block_1_51' title="bbox 234 2802 747 2859">
    <p class='ocr_par' dir='ltr' id='par_1_51' title="bbox 234 2802 747 2859">
     <span class='ocr_line' id='line_1_51' title="bbox 234 2802 747 2859; baseline 0.002 -3"><span class='ocrx_word' id='word_1_381' title='bbox 234 2802 747 2859; x_wconf 73' lang='lat' dir='ltr'><strong>monstraVerimus.</strong></span> 
     </span>
    </p>
   </div>
   <div class='ocr_carea' id='block_1_52' title="bbox 246 2912 1816 2982">
    <p class='ocr_par' dir='ltr' id='par_1_52' title="bbox 246 2912 1816 2982">
     <span class='ocr_line' id='line_1_52' title="bbox 246 2912 1816 2982; baseline -0.002 -15"><span class='ocrx_word' id='word_1_382' title='bbox 246 2912 380 2967; x_wconf 76' lang='grc' dir='ltr'>Ἀπὸ</span> <span class='ocrx_word' id='word_1_383' title='bbox 412 2912 520 2965; x_wconf 83' lang='grc' dir='ltr'><strong>τοῦ</strong></span> <span class='ocrx_word' id='word_1_384' title='bbox 558 2913 904 2966; x_wconf 84' lang='grc' dir='ltr'>Ἠσαΐου.--</span> <span class='ocrx_word' id='word_1_385' title='bbox 923 2912 1144 2981; x_wconf 83' lang='grc' dir='ltr'>Σημεῖα</span> <span class='ocrx_word' id='word_1_386' title='bbox 1179 2915 1412 2982; x_wconf 74' lang='grc' dir='ltr'>χρόνων</span> <span class='ocrx_word' id='word_1_387' title='bbox 1438 2912 1547 2981; x_wconf 79' lang='grc' dir='ltr'>τῆς</span> <span class='ocrx_word' id='word_1_388' title='bbox 1569 2912 1673 2965; x_wconf 86' lang='grc' dir='ltr'><strong>τοῦ</strong></span> <span class='ocrx_word' id='word_1_389' title='bbox 1705 2916 1816 2965; x_wconf 83' lang='grc' dir='ltr'>Κυ-</span> 
     </span>
    </p>
   </div>
   <div class='ocr_carea' id='block_1_53' title="bbox 295 2983 1814 3053">
    <p class='ocr_par' dir='ltr' id='par_1_53' title="bbox 295 2983 1814 3053">
     <span class='ocr_line' id='line_1_53' title="bbox 295 2983 1814 3053; baseline 0 -18"><span class='ocrx_word' id='word_1_390' title='bbox 295 2984 432 3051; x_wconf 81' lang='grc' dir='ltr'>ρίου</span> <span class='ocrx_word' id='word_1_391' title='bbox 458 2984 796 3051; x_wconf 68' lang='grc' dir='ltr'>παρουσίας</span> <span class='ocrx_word' id='word_1_392' title='bbox 813 3000 826 3013; x_wconf 83' lang='lat'><strong><em>°</em></strong></span> <span class='ocrx_word' id='word_1_393' title='bbox 846 2984 1182 3053; x_wconf 70' lang='grc' dir='ltr'>Αἰγυπτίων</span> <span class='ocrx_word' id='word_1_394' title='bbox 1207 2984 1529 3053; x_wconf 80' lang='grc' dir='ltr'>ἐπίγνωσις</span> <span class='ocrx_word' id='word_1_395' title='bbox 1564 2983 1669 3037; x_wconf 81' lang='grc' dir='ltr'><strong>τοῦ</strong></span> <span class='ocrx_word' id='word_1_396' title='bbox 1695 2983 1814 3037; x_wconf 71' lang='grc' dir='ltr'><strong>τῶν</strong></span> 
     </span>
    </p>
   </div>
   <div class='ocr_carea' id='block_1_54' title="bbox 304 3053 893 3123">
    <p class='ocr_par' dir='ltr' id='par_1_54' title="bbox 304 3053 893 3123">
     <span class='ocr_line' id='line_1_54' title="bbox 304 3053 893 3123; baseline 0.007 -19"><span class='ocrx_word' id='word_1_397' title='bbox 304 3053 623 3122; x_wconf 64' lang='grc' dir='ltr'>προφητῶν</span> <span class='ocrx_word' id='word_1_398' title='bbox 648 3054 893 3123; x_wconf 84' lang='grc' dir='ltr'>Κυρίου.</span> 
     </span>
    </p>
   </div>
   <div class='ocr_carea' id='block_1_55' title="bbox 310 3166 1808 3240">
    <p class='ocr_par' dir='ltr' id='par_1_55' title="bbox 310 3166 1808 3240">
     <span class='ocr_line' id='line_1_55' title="bbox 310 3166 1808 3240; baseline 0.001 -21"><span class='ocrx_word' id='word_1_399' title='bbox 310 3188 329 3219; x_wconf 74' lang='grc' dir='ltr'><strong>ι</strong></span> <span class='ocrx_word' id='word_1_400' title='bbox 370 3166 502 3222; x_wconf 85' lang='grc' dir='ltr'>Ἰδοὺ</span> <span class='ocrx_word' id='word_1_401' title='bbox 533 3166 737 3240; x_wconf 88' lang='grc' dir='ltr'>Κύριος</span> <span class='ocrx_word' id='word_1_402' title='bbox 782 3167 1014 3239; x_wconf 87' lang='grc' dir='ltr'>κάθηται</span> <span class='ocrx_word' id='word_1_403' title='bbox 1048 3167 1141 3221; x_wconf 78' lang='grc' dir='ltr'><strong>ἐπὶ</strong></span> <span class='ocrx_word' id='word_1_404' title='bbox 1174 3167 1402 3238; x_wconf 86' lang='grc' dir='ltr'>νεφέλης</span> <span class='ocrx_word' id='word_1_405' title='bbox 1430 3168 1638 3240; x_wconf 84' lang='grc' dir='ltr'>κούφης</span> <span class='ocrx_word' id='word_1_406' title='bbox 1658 3208 1673 3234; x_wconf 91' lang='grc'><strong>,</strong></span> <span class='ocrx_word' id='word_1_407' title='bbox 1713 3168 1808 3221; x_wconf 71' lang='grc' dir='ltr'><strong>καὶ</strong></span> 
     </span>
    </p>
   </div>
   <div class='ocr_carea' id='block_1_56' title="bbox 1921 2907 3491 2980">
    <p class='ocr_par' dir='ltr' id='par_1_56' title="bbox 1921 2907 3491 2980">
     <span class='ocr_line' id='line_1_56' title="bbox 1921 2907 3491 2980; baseline 0.003 -14"><span class='ocrx_word' id='word_1_408' title='bbox 1921 2912 2001 2966; x_wconf 80' lang='lat' dir='ltr'><strong>Ab</strong></span> <span class='ocrx_word' id='word_1_409' title='bbox 2036 2909 2212 2966; x_wconf 81' lang='lat' dir='ltr'><strong>Isaia.</strong></span> <span class='ocrx_word' id='word_1_410' title='bbox 2256 2941 2325 2950; x_wconf 93' lang='lat'>—</span> <span class='ocrx_word' id='word_1_411' title='bbox 2372 2908 2536 2980; x_wconf 86' lang='lat' dir='ltr'><strong>Signa</strong></span> <span class='ocrx_word' id='word_1_412' title='bbox 2593 2918 2883 2977; x_wconf 80' lang='lat' dir='ltr'><strong>temporum</strong></span> <span class='ocrx_word' id='word_1_413' title='bbox 2924 2907 3175 2965; x_wconf 76' lang='lat' dir='ltr'><strong>adventus</strong></span> <span class='ocrx_word' id='word_1_414' title='bbox 3222 2910 3491 2970; x_wconf 80' lang='lat' dir='ltr'><strong>Domini:</strong></span> 
     </span>
    </p>
   </div>
   <div class='ocr_carea' id='block_1_57' title="bbox 2062 2980 3345 3053">
    <p class='ocr_par' dir='ltr' id='par_1_57' title="bbox 2062 2980 3345 3053">
     <span class='ocr_line' id='line_1_57' title="bbox 2062 2980 3345 3053; baseline 0.001 -17"><span class='ocrx_word' id='word_1_415' title='bbox 2062 2980 2437 3053; x_wconf 60' lang='lat' dir='ltr'><strong>Egyptiorum</strong></span> <span class='ocrx_word' id='word_1_416' title='bbox 2467 2981 2667 3052; x_wconf 81' lang='lat' dir='ltr'><strong>agnitio</strong></span> <span class='ocrx_word' id='word_1_417' title='bbox 2699 2980 2913 3034; x_wconf 83' lang='lat' dir='ltr'><strong>Domini</strong></span> <span class='ocrx_word' id='word_1_418' title='bbox 2955 2981 3345 3049; x_wconf 79' lang='lat' dir='ltr'><strong>prophetarum.</strong></span> 
     </span>
    </p>
   </div>
   <div class='ocr_carea' id='block_1_58' title="bbox 1988 3154 3492 3226">
    <p class='ocr_par' dir='ltr' id='par_1_58' title="bbox 1988 3154 3492 3226">
     <span class='ocr_line' id='line_1_58' title="bbox 1988 3154 3492 3226; baseline 0.003 -16"><span class='ocrx_word' id='word_1_419' title='bbox 1988 3177 2009 3210; x_wconf 70' lang='grc' dir='ltr'><strong>ι</strong></span> <span class='ocrx_word' id='word_1_420' title='bbox 2039 3156 2180 3213; x_wconf 88' lang='lat' dir='ltr'><strong>Ecce</strong></span> <span class='ocrx_word' id='word_1_421' title='bbox 2210 3155 2472 3213; x_wconf 89' lang='lat' dir='ltr'><strong>Dominus</strong></span> <span class='ocrx_word' id='word_1_422' title='bbox 2504 3156 2654 3213; x_wconf 89' lang='lat' dir='ltr'><strong>sedet</strong></span> <span class='ocrx_word' id='word_1_423' title='bbox 2700 3169 2865 3226; x_wconf 82' lang='lat' dir='ltr'><strong>super</strong></span> <span class='ocrx_word' id='word_1_424' title='bbox 2893 3154 3039 3210; x_wconf 90' lang='lat' dir='ltr'><strong>nube</strong></span> <span class='ocrx_word' id='word_1_425' title='bbox 3069 3155 3197 3221; x_wconf 88' lang='lat' dir='ltr'><strong>levi,</strong></span> <span class='ocrx_word' id='word_1_426' title='bbox 3228 3163 3283 3212; x_wconf 90' lang='lat' dir='ltr'><strong>et</strong></span> <span class='ocrx_word' id='word_1_427' title='bbox 3311 3158 3492 3214; x_wconf 89' lang='lat' dir='ltr'><strong>veniet</strong></span> 
     </span>
    </p>
   </div>
   <div class='ocr_carea' id='block_1_59' title="bbox 234 3235 1828 3331">
    <p class='ocr_par' dir='ltr' id='par_1_59' title="bbox 234 3235 1809 3331">
     <span class='ocr_line' id='line_1_59' title="bbox 234 3235 1809 3331; baseline -0.001 -19"><span class='ocrx_word' id='word_1_428' title='bbox 234 3259 353 3329; x_wconf 61' lang='grc' dir='ltr'><strong>⁴ἡξει</strong></span> <span class='ocrx_word' id='word_1_429' title='bbox 388 3260 468 3323; x_wconf 91' lang='grc' dir='ltr'><strong>εἰς</strong></span> <span class='ocrx_word' id='word_1_430' title='bbox 489 3235 763 3328; x_wconf 71' lang='grc' dir='ltr'>Αἴγυπτον</span> <span class='ocrx_word' id='word_1_431' title='bbox 781 3300 799 3327; x_wconf 86' lang='grc'><strong>,</strong></span> <span class='ocrx_word' id='word_1_432' title='bbox 826 3235 921 3312; x_wconf 75' lang='grc' dir='ltr'><strong>καί</strong></span> <span class='ocrx_word' id='word_1_433' title='bbox 950 3235 1295 3330; x_wconf 85' lang='grc' dir='ltr'>σεισθήσεται</span> <span class='ocrx_word' id='word_1_434' title='bbox 1337 3235 1686 3331; x_wconf 48' lang='grc' dir='ltr'>γειροποίητα</span> <span class='ocrx_word' id='word_1_435' title='bbox 1713 3260 1809 3312; x_wconf 59' lang='grc' dir='ltr'>Αίέ-</span> 
     </span>
    </p>
   </div>
   <div class='ocr_carea' id='block_1_60' title="bbox 1916 3235 3491 3331">
    <p class='ocr_par' dir='ltr' id='par_1_60' title="bbox 1916 3247 3491 3323">
     <span class='ocr_line' id='line_1_60' title="bbox 1916 3247 3491 3323; baseline 0.001 -20"><span class='ocrx_word' id='word_1_436' title='bbox 1916 3250 1969 3304; x_wconf 90' lang='lat' dir='ltr'><strong>in</strong></span> <span class='ocrx_word' id='word_1_437' title='bbox 1998 3248 2316 3321; x_wconf 66' lang='lat' dir='ltr'><strong>Egyptum,</strong></span> <span class='ocrx_word' id='word_1_438' title='bbox 2344 3256 2398 3304; x_wconf 90' lang='lat' dir='ltr'><strong>et</strong></span> <span class='ocrx_word' id='word_1_439' title='bbox 2429 3248 2918 3303; x_wconf 85' lang='lat' dir='ltr'><strong>commovebuntur</strong></span> <span class='ocrx_word' id='word_1_440' title='bbox 2936 3247 3253 3302; x_wconf 83' lang='lat' dir='ltr'><strong>manufacta</strong></span> <span class='ocrx_word' id='word_1_441' title='bbox 3270 3249 3491 3323; x_wconf 65' lang='lat' dir='ltr'><strong>Egypti</strong></span> 
     </span>
    </p>
   </div>
   <div class='ocr_carea' id='block_1_61' title="bbox 237 3348 1813 3423">
    <p class='ocr_par' dir='ltr' id='par_1_61' title="bbox 237 3348 1813 3423">
     <span class='ocr_line' id='line_1_61' title="bbox 237 3348 1813 3423; baseline 0 -19"><span class='ocrx_word' id='word_1_442' title='bbox 237 3351 444 3420; x_wconf 82' lang='grc' dir='ltr'>γύπτου</span> <span class='ocrx_word' id='word_1_443' title='bbox 474 3348 582 3403; x_wconf 81' lang='grc' dir='ltr'><strong>ἀπὸ</strong></span> <span class='ocrx_word' id='word_1_444' title='bbox 619 3348 910 3422; x_wconf 83' lang='grc' dir='ltr'>προσώπου</span> <span class='ocrx_word' id='word_1_445' title='bbox 953 3349 1150 3415; x_wconf 80' lang='grc' dir='ltr'>αὐτοῦ,</span> <span class='ocrx_word' id='word_1_446' title='bbox 1186 3351 1282 3404; x_wconf 74' lang='grc' dir='ltr'><strong>καὶ</strong></span> <span class='ocrx_word' id='word_1_447' title='bbox 1327 3353 1359 3421; x_wconf 85' lang='grc' dir='ltr'><strong>ἡ</strong></span> <span class='ocrx_word' id='word_1_448' title='bbox 1406 3350 1602 3423; x_wconf 90' lang='grc' dir='ltr'>καρδία</span> <span class='ocrx_word' id='word_1_449' title='bbox 1634 3350 1813 3404; x_wconf 85' lang='grc' dir='ltr'>αὐτῶν</span> 
     </span>
    </p>
   </div>
   <div class='ocr_carea' id='block_1_62' title="bbox 238 3439 1814 3514">
    <p class='ocr_par' dir='ltr' id='par_1_62' title="bbox 238 3439 1814 3514">
     <span class='ocr_line' id='line_1_62' title="bbox 238 3439 1814 3514; baseline 0.001 -20"><span class='ocrx_word' id='word_1_450' title='bbox 238 3442 600 3514; x_wconf 86' lang='grc' dir='ltr'>ήττηθήσεται</span> <span class='ocrx_word' id='word_1_451' title='bbox 651 3443 710 3494; x_wconf 84' lang='grc' dir='ltr'><strong>ἐν</strong></span> <span class='ocrx_word' id='word_1_452' title='bbox 752 3442 966 3507; x_wconf 83' lang='grc' dir='ltr'>αὐτοῖς,</span> <span class='ocrx_word' id='word_1_453' title='bbox 1011 3439 1106 3495; x_wconf 78' lang='grc' dir='ltr'><strong>καὶ</strong></span> <span class='ocrx_word' id='word_1_454' title='bbox 1146 3441 1605 3514; x_wconf 82' lang='grc' dir='ltr'>ἐπεγερθήσονται</span> <span class='ocrx_word' id='word_1_455' title='bbox 1648 3441 1814 3511; x_wconf 80' lang='grc' dir='ltr'>Αίγύ-</span> 
     </span>
    </p>
   </div>
   <div class='ocr_carea' id='block_1_63' title="bbox 238 3532 1814 3605">
    <p class='ocr_par' dir='ltr' id='par_1_63' title="bbox 238 3532 1814 3605">
     <span class='ocr_line' id='line_1_63' title="bbox 238 3532 1814 3605; baseline 0 -18"><span class='ocrx_word' id='word_1_456' title='bbox 238 3550 384 3589; x_wconf 87' lang='grc' dir='ltr'>πτιοι</span> <span class='ocrx_word' id='word_1_457' title='bbox 415 3534 501 3587; x_wconf 77' lang='grc' dir='ltr'>ἐπ’</span> <span class='ocrx_word' id='word_1_458' title='bbox 528 3533 853 3602; x_wconf 86' lang='grc' dir='ltr'>Αἰγυπτίους</span> <span class='ocrx_word' id='word_1_459' title='bbox 873 3572 889 3597; x_wconf 94' lang='grc'><strong>,</strong></span> <span class='ocrx_word' id='word_1_460' title='bbox 935 3532 1028 3586; x_wconf 74' lang='grc' dir='ltr'><strong>καὶ</strong></span> <span class='ocrx_word' id='word_1_461' title='bbox 1071 3533 1367 3605; x_wconf 84' lang='grc' dir='ltr'>πολεμήσει</span> <span class='ocrx_word' id='word_1_462' title='bbox 1409 3532 1692 3604; x_wconf 80' lang='grc' dir='ltr'>ἄνθρωπος</span> <span class='ocrx_word' id='word_1_463' title='bbox 1721 3533 1814 3587; x_wconf 90' lang='grc' dir='ltr'><strong>τὸν</strong></span> 
     </span>
    </p>
   </div>
   <div class='ocr_carea' id='block_1_64' title="bbox 237 3620 1810 3697">
    <p class='ocr_par' dir='ltr' id='par_1_64' title="bbox 237 3620 1810 3697">
     <span class='ocr_line' id='line_1_64' title="bbox 237 3620 1810 3697; baseline -0.001 -17"><span class='ocrx_word' id='word_1_464' title='bbox 237 3626 463 3697; x_wconf 84' lang='grc' dir='ltr'>ἀδελφὸν</span> <span class='ocrx_word' id='word_1_465' title='bbox 494 3622 689 3690; x_wconf 82' lang='grc' dir='ltr'>αὑτοῦ,</span> <span class='ocrx_word' id='word_1_466' title='bbox 735 3620 829 3678; x_wconf 79' lang='grc' dir='ltr'><strong>καί</strong></span> <span class='ocrx_word' id='word_1_467' title='bbox 870 3622 1156 3696; x_wconf 82' lang='grc' dir='ltr'>ἄνθρωπος</span> <span class='ocrx_word' id='word_1_468' title='bbox 1200 3624 1293 3677; x_wconf 89' lang='grc' dir='ltr'><strong>τὸν</strong></span> <span class='ocrx_word' id='word_1_469' title='bbox 1343 3624 1571 3696; x_wconf 88' lang='grc' dir='ltr'>πλησίον</span> <span class='ocrx_word' id='word_1_470' title='bbox 1611 3624 1810 3679; x_wconf 78' lang='grc' dir='ltr'>αὐτοῦ’</span> 
     </span>
    </p>
   </div>
   <div class='ocr_carea' id='block_1_65' title="bbox 239 3717 1817 3791">
    <p class='ocr_par' dir='ltr' id='par_1_65' title="bbox 239 3717 1817 3791">
     <span class='ocr_line' id='line_1_65' title="bbox 239 3717 1817 3791; baseline -0.001 -18"><span class='ocrx_word' id='word_1_471' title='bbox 239 3717 701 3791; x_wconf 80' lang='grc' dir='ltr'>ἐπεγερθήσονται</span> <span class='ocrx_word' id='word_1_472' title='bbox 729 3717 882 3782; x_wconf 87' lang='grc' dir='ltr'>πόλις</span> <span class='ocrx_word' id='word_1_473' title='bbox 918 3717 1012 3770; x_wconf 76' lang='grc' dir='ltr'><strong>ἐπὶ</strong></span> <span class='ocrx_word' id='word_1_474' title='bbox 1052 3717 1237 3780; x_wconf 83' lang='grc' dir='ltr'>πόλιν,</span> <span class='ocrx_word' id='word_1_475' title='bbox 1271 3717 1367 3770; x_wconf 80' lang='grc' dir='ltr'><strong>καὶ</strong></span> <span class='ocrx_word' id='word_1_476' title='bbox 1403 3718 1566 3788; x_wconf 89' lang='grc' dir='ltr'>νόμος</span> <span class='ocrx_word' id='word_1_477' title='bbox 1601 3718 1694 3772; x_wconf 80' lang='grc' dir='ltr'><strong>ἐπὶ</strong></span> <span class='ocrx_word' id='word_1_478' title='bbox 1728 3718 1817 3772; x_wconf 82' lang='grc' dir='ltr'>νό-</span> 
     </span>
    </p>
   </div>
   <div class='ocr_carea' id='block_1_66' title="bbox 244 3806 1816 3881">
    <p class='ocr_par' dir='ltr' id='par_1_66' title="bbox 244 3806 1816 3881">
     <span class='ocr_line' id='line_1_66' title="bbox 244 3806 1816 3881; baseline 0 -18"><span class='ocrx_word' id='word_1_479' title='bbox 244 3827 361 3880; x_wconf 88' lang='grc' dir='ltr'>μον,</span> <span class='ocrx_word' id='word_1_480' title='bbox 387 3811 482 3863; x_wconf 74' lang='grc' dir='ltr'>καὶ</span> <span class='ocrx_word' id='word_1_481' title='bbox 503 3807 908 3881; x_wconf 88' lang='grc' dir='ltr'>ταραχθήσεται</span> <span class='ocrx_word' id='word_1_482' title='bbox 936 3808 995 3860; x_wconf 87' lang='grc' dir='ltr'><strong>τὸ</strong></span> <span class='ocrx_word' id='word_1_483' title='bbox 1030 3806 1247 3878; x_wconf 88' lang='grc' dir='ltr'>πνεῦμα</span> <span class='ocrx_word' id='word_1_484' title='bbox 1275 3806 1383 3861; x_wconf 88' lang='grc' dir='ltr'><strong>τῶν</strong></span> <span class='ocrx_word' id='word_1_485' title='bbox 1420 3808 1733 3878; x_wconf 79' lang='grc' dir='ltr'>Αἰγυπτίων</span> <span class='ocrx_word' id='word_1_486' title='bbox 1757 3810 1816 3862; x_wconf 90' lang='grc' dir='ltr'><strong>ἐν</strong></span> 
     </span>
    </p>
   </div>
   <div class='ocr_carea' id='block_1_67' title="bbox 240 3896 1816 3973">
    <p class='ocr_par' dir='ltr' id='par_1_67' title="bbox 240 3896 1816 3973">
     <span class='ocr_line' id='line_1_67' title="bbox 240 3896 1816 3973; baseline -0.001 -19"><span class='ocrx_word' id='word_1_487' title='bbox 240 3903 422 3966; x_wconf 77' lang='grc' dir='ltr'>αὐτοῖς</span> <span class='ocrx_word' id='word_1_488' title='bbox 441 3942 456 3967; x_wconf 90' lang='grc'><strong>,</strong></span> <span class='ocrx_word' id='word_1_489' title='bbox 486 3901 580 3955; x_wconf 75' lang='grc' dir='ltr'><strong>καὶ</strong></span> <span class='ocrx_word' id='word_1_490' title='bbox 607 3901 706 3973; x_wconf 83' lang='grc' dir='ltr'>τὴν</span> <span class='ocrx_word' id='word_1_491' title='bbox 738 3899 931 3970; x_wconf 81' lang='grc' dir='ltr'>βουλὴν</span> <span class='ocrx_word' id='word_1_492' title='bbox 967 3896 1147 3953; x_wconf 84' lang='grc' dir='ltr'>αὑτῶν</span> <span class='ocrx_word' id='word_1_493' title='bbox 1186 3898 1547 3963; x_wconf 79' lang='grc' dir='ltr'>διασκεδάσω,</span> <span class='ocrx_word' id='word_1_494' title='bbox 1582 3899 1676 3953; x_wconf 76' lang='grc' dir='ltr'>καὶ</span> <span class='ocrx_word' id='word_1_495' title='bbox 1715 3902 1816 3953; x_wconf 83' lang='grc' dir='ltr'>ἐπ-</span> 
     </span>
    </p>
   </div>
   <div class='ocr_carea' id='block_1_68' title="bbox 238 3992 1817 4065">
    <p class='ocr_par' dir='ltr' id='par_1_68' title="bbox 238 3992 1817 4065">
     <span class='ocr_line' id='line_1_68' title="bbox 238 3992 1817 4065; baseline -0.003 -16"><span class='ocrx_word' id='word_1_496' title='bbox 238 3994 575 4065; x_wconf 73' lang='grc' dir='ltr'>ιρωτήσουσι</span> <span class='ocrx_word' id='word_1_497' title='bbox 601 3994 729 4057; x_wconf 82' lang='grc' dir='ltr'>τοὺς</span> <span class='ocrx_word' id='word_1_498' title='bbox 744 3992 898 4058; x_wconf 84' lang='grc' dir='ltr'>θεοὺς</span> <span class='ocrx_word' id='word_1_499' title='bbox 922 3992 1099 4047; x_wconf 78' lang='grc' dir='ltr'>αὐτῶν</span> <span class='ocrx_word' id='word_1_500' title='bbox 1121 4032 1136 4056; x_wconf 94' lang='grc'><strong>,</strong></span> <span class='ocrx_word' id='word_1_501' title='bbox 1173 3993 1267 4045; x_wconf 78' lang='grc' dir='ltr'><strong>καὶ</strong></span> <span class='ocrx_word' id='word_1_502' title='bbox 1294 3992 1363 4045; x_wconf 84' lang='grc' dir='ltr'>τὰ</span> <span class='ocrx_word' id='word_1_503' title='bbox 1389 3992 1680 4064; x_wconf 83' lang='grc' dir='ltr'>ἀγάλματα</span> <span class='ocrx_word' id='word_1_504' title='bbox 1721 3993 1817 4045; x_wconf 85' lang='grc' dir='ltr'>αύ-</span> 
     </span>
    </p>
   </div>
   <div class='ocr_carea' id='block_1_69' title="bbox 236 4085 1818 4159">
    <p class='ocr_par' dir='ltr' id='par_1_69' title="bbox 236 4085 1818 4159">
     <span class='ocr_line' id='line_1_69' title="bbox 236 4085 1818 4159; baseline 0.001 -21"><span class='ocrx_word' id='word_1_505' title='bbox 236 4085 379 4150; x_wconf 89' lang='grc' dir='ltr'>τῶν,</span> <span class='ocrx_word' id='word_1_506' title='bbox 407 4086 500 4140; x_wconf 73' lang='grc' dir='ltr'><strong>καὶ</strong></span> <span class='ocrx_word' id='word_1_507' title='bbox 533 4087 659 4150; x_wconf 82' lang='grc' dir='ltr'>τοὺς</span> <span class='ocrx_word' id='word_1_508' title='bbox 697 4085 1187 4159; x_wconf 84' lang='grc' dir='ltr'>ἐγγαστριμύθους,</span> <span class='ocrx_word' id='word_1_509' title='bbox 1222 4087 1315 4140; x_wconf 77' lang='grc' dir='ltr'><strong>καὶ</strong></span> <span class='ocrx_word' id='word_1_510' title='bbox 1345 4085 1473 4149; x_wconf 82' lang='grc' dir='ltr'>τοὺς</span> <span class='ocrx_word' id='word_1_511' title='bbox 1500 4087 1564 4138; x_wconf 88' lang='grc' dir='ltr'><strong>ἐκ</strong></span> <span class='ocrx_word' id='word_1_512' title='bbox 1590 4085 1689 4157; x_wconf 82' lang='grc' dir='ltr'>τῆς</span> <span class='ocrx_word' id='word_1_513' title='bbox 1713 4086 1818 4157; x_wconf 81' lang='grc' dir='ltr'>γῆς</span> 
     </span>
    </p>
   </div>
   <div class='ocr_carea' id='block_1_70' title="bbox 242 4171 1816 4254">
    <p class='ocr_par' dir='ltr' id='par_1_70' title="bbox 242 4171 1816 4254">
     <span class='ocr_line' id='line_1_70' title="bbox 242 4171 1816 4254; baseline 0 -23"><span class='ocrx_word' id='word_1_514' title='bbox 242 4179 553 4249; x_wconf 81' lang='grc' dir='ltr'>φωνοῦντας</span> <span class='ocrx_word' id='word_1_515' title='bbox 572 4195 585 4209; x_wconf 91' lang='grc'><strong>·</strong></span> <span class='ocrx_word' id='word_1_516' title='bbox 627 4197 648 4231; x_wconf 71' lang='grc' dir='ltr'><strong>ι</strong></span> <span class='ocrx_word' id='word_1_517' title='bbox 680 4179 775 4233; x_wconf 73' lang='grc' dir='ltr'>καὶ</span> <span class='ocrx_word' id='word_1_518' title='bbox 798 4171 927 4250; x_wconf 83' lang='grc' dir='ltr'>ἐξῆς</span> <span class='ocrx_word' id='word_1_519' title='bbox 955 4179 1096 4254; x_wconf 85' lang='grc' dir='ltr'>μετὰ</span> <span class='ocrx_word' id='word_1_520' title='bbox 1142 4178 1368 4232; x_wconf 88' lang='grc' dir='ltr'>πλεῖστα</span> <span class='ocrx_word' id='word_1_521' title='bbox 1388 4179 1454 4232; x_wconf 85' lang='grc' dir='ltr'><strong>δι’</strong></span> <span class='ocrx_word' id='word_1_522' title='bbox 1482 4179 1816 4248; x_wconf 78' lang='grc' dir='ltr'>αἰνιγμάτων</span> 
     </span>
    </p>
   </div>
   <div class='ocr_carea' id='block_1_71' title="bbox 240 4268 1816 4344">
    <p class='ocr_par' dir='ltr' id='par_1_71' title="bbox 240 4268 1816 4344">
     <span class='ocr_line' id='line_1_71' title="bbox 240 4268 1816 4344; baseline 0.001 -22"><span class='ocrx_word' id='word_1_523' title='bbox 240 4269 538 4342; x_wconf 72' lang='grc' dir='ltr'>εἰρημένα,</span> <span class='ocrx_word' id='word_1_524' title='bbox 569 4269 913 4340; x_wconf 73' lang='grc' dir='ltr'>ἐπιλέγεταιο</span> <span class='ocrx_word' id='word_1_525' title='bbox 949 4289 969 4323; x_wconf 82' lang='grc' dir='ltr'><strong>ι</strong></span> <span class='ocrx_word' id='word_1_526' title='bbox 1011 4272 1100 4324; x_wconf 86' lang='grc' dir='ltr'>Ἐν</span> <span class='ocrx_word' id='word_1_527' title='bbox 1130 4272 1197 4343; x_wconf 75' lang='grc' dir='ltr'>τῇ</span> <span class='ocrx_word' id='word_1_528' title='bbox 1232 4270 1416 4342; x_wconf 73' lang='grc' dir='ltr'>ἡμέρᾳ</span> <span class='ocrx_word' id='word_1_529' title='bbox 1450 4269 1635 4344; x_wconf 79' lang='grc' dir='ltr'>ἐκείνῃ</span> <span class='ocrx_word' id='word_1_530' title='bbox 1663 4268 1816 4324; x_wconf 76' lang='grc' dir='ltr'>ἔσται</span> 
     </span>
    </p>
   </div>
   <div class='ocr_carea' id='block_1_72' title="bbox 242 4361 1816 4435">
    <p class='ocr_par' dir='ltr' id='par_1_72' title="bbox 242 4361 1816 4435">
     <span class='ocr_line' id='line_1_72' title="bbox 242 4361 1816 4435; baseline -0.001 -20"><span class='ocrx_word' id='word_1_531' title='bbox 242 4362 625 4435; x_wconf 82' lang='grc' dir='ltr'>θυσιαστήριον</span> <span class='ocrx_word' id='word_1_532' title='bbox 645 4361 723 4433; x_wconf 79' lang='grc' dir='ltr'>τῷ</span> <span class='ocrx_word' id='word_1_533' title='bbox 749 4363 939 4435; x_wconf 85' lang='grc' dir='ltr'>Κυρίῳ</span> <span class='ocrx_word' id='word_1_534' title='bbox 959 4364 1017 4416; x_wconf 85' lang='grc' dir='ltr'><strong>ἐν</strong></span> <span class='ocrx_word' id='word_1_535' title='bbox 1040 4361 1192 4434; x_wconf 70' lang='grc' dir='ltr'>χώρα</span> <span class='ocrx_word' id='word_1_536' title='bbox 1217 4361 1513 4431; x_wconf 75' lang='grc' dir='ltr'>Αἰγύπτου,</span> <span class='ocrx_word' id='word_1_537' title='bbox 1528 4362 1621 4415; x_wconf 71' lang='grc' dir='ltr'><strong>καὶ</strong></span> <span class='ocrx_word' id='word_1_538' title='bbox 1647 4363 1816 4434; x_wconf 87' lang='grc' dir='ltr'>στήλη</span> 
     </span>
    </p>
   </div>
   <div class='ocr_carea' id='block_1_73' title="bbox 242 4453 1816 4527">
    <p class='ocr_par' dir='ltr' id='par_1_73' title="bbox 242 4453 1816 4527">
     <span class='ocr_line' id='line_1_73' title="bbox 242 4453 1816 4527; baseline 0.001 -22"><span class='ocrx_word' id='word_1_539' title='bbox 242 4453 375 4524; x_wconf 86' lang='grc' dir='ltr'>πρὸς</span> <span class='ocrx_word' id='word_1_540' title='bbox 405 4454 468 4507; x_wconf 89' lang='grc' dir='ltr'><strong>τὸ</strong></span> <span class='ocrx_word' id='word_1_541' title='bbox 495 4454 641 4526; x_wconf 82' lang='grc' dir='ltr'>ὄριον</span> <span class='ocrx_word' id='word_1_542' title='bbox 666 4456 836 4527; x_wconf 80' lang='grc' dir='ltr'>αὐτῆς</span> <span class='ocrx_word' id='word_1_543' title='bbox 858 4454 938 4525; x_wconf 81' lang='grc' dir='ltr'>τῷ</span> <span class='ocrx_word' id='word_1_544' title='bbox 957 4454 1169 4526; x_wconf 82' lang='grc' dir='ltr'>Κυρίῳ,</span> <span class='ocrx_word' id='word_1_545' title='bbox 1187 4454 1283 4508; x_wconf 72' lang='grc' dir='ltr'><strong>καὶ</strong></span> <span class='ocrx_word' id='word_1_546' title='bbox 1314 4454 1464 4507; x_wconf 74' lang='grc' dir='ltr'>ἔσται</span> <span class='ocrx_word' id='word_1_547' title='bbox 1488 4457 1569 4518; x_wconf 91' lang='grc' dir='ltr'><strong>εἰς</strong></span> <span class='ocrx_word' id='word_1_548' title='bbox 1592 4457 1816 4526; x_wconf 88' lang='grc' dir='ltr'>σημεῖον</span> 
     </span>
    </p>
   </div>
   <div class='ocr_carea' id='block_1_74' title="bbox 1917 3340 3495 3412">
    <p class='ocr_par' dir='ltr' id='par_1_74' title="bbox 1917 3340 3495 3412">
     <span class='ocr_line' id='line_1_74' title="bbox 1917 3340 3495 3412; baseline 0 -15"><span class='ocrx_word' id='word_1_549' title='bbox 1917 3358 1949 3397; x_wconf 88' lang='lat' dir='ltr'><strong>a</strong></span> <span class='ocrx_word' id='word_1_550' title='bbox 1981 3341 2123 3398; x_wconf 79' lang='lat' dir='ltr'><strong>facie</strong></span> <span class='ocrx_word' id='word_1_551' title='bbox 2148 3342 2291 3412; x_wconf 87' lang='lat' dir='ltr'><strong>ejus,</strong></span> <span class='ocrx_word' id='word_1_552' title='bbox 2325 3349 2380 3396; x_wconf 91' lang='lat' dir='ltr'><strong>et</strong></span> <span class='ocrx_word' id='word_1_553' title='bbox 2407 3356 2505 3396; x_wconf 90' lang='lat' dir='ltr'><strong>eor</strong></span> <span class='ocrx_word' id='word_1_554' title='bbox 2532 3355 2723 3396; x_wconf 89' lang='lat' dir='ltr'><strong>eorum</strong></span> <span class='ocrx_word' id='word_1_555' title='bbox 2749 3342 3004 3411; x_wconf 81' lang='lat' dir='ltr'><strong>vincetur</strong></span> <span class='ocrx_word' id='word_1_556' title='bbox 3034 3340 3088 3393; x_wconf 93' lang='lat' dir='ltr'><strong>in</strong></span> <span class='ocrx_word' id='word_1_557' title='bbox 3124 3341 3277 3410; x_wconf 86' lang='lat' dir='ltr'><strong>ipsis,</strong></span> <span class='ocrx_word' id='word_1_558' title='bbox 3310 3349 3366 3396; x_wconf 90' lang='lat' dir='ltr'><strong>et</strong></span> <span class='ocrx_word' id='word_1_559' title='bbox 3399 3356 3495 3398; x_wconf 77' lang='lat' dir='ltr'><strong>ex-</strong></span> 
     </span>
    </p>
   </div>
   <div class='ocr_carea' id='block_1_75' title="bbox 1915 3429 3491 3503">
    <p class='ocr_par' dir='ltr' id='par_1_75' title="bbox 1915 3429 3491 3503">
     <span class='ocr_line' id='line_1_75' title="bbox 1915 3429 3491 3503; baseline -0.001 -15"><span class='ocrx_word' id='word_1_560' title='bbox 1915 3433 2234 3488; x_wconf 89' lang='lat' dir='ltr'><strong>citabuntur</strong></span> <span class='ocrx_word' id='word_1_561' title='bbox 2278 3430 2522 3503; x_wconf 65' lang='lat' dir='ltr'><strong>Egyptii</strong></span> <span class='ocrx_word' id='word_1_562' title='bbox 2571 3439 2764 3485; x_wconf 90' lang='lat' dir='ltr'><strong>contra</strong></span> <span class='ocrx_word' id='word_1_563' title='bbox 2816 3429 3143 3501; x_wconf 66' lang='lat' dir='ltr'><strong>Egyptios,</strong></span> <span class='ocrx_word' id='word_1_564' title='bbox 3186 3438 3242 3485; x_wconf 89' lang='lat' dir='ltr'><strong>et</strong></span> <span class='ocrx_word' id='word_1_565' title='bbox 3289 3431 3491 3486; x_wconf 90' lang='lat' dir='ltr'><strong>bellum</strong></span> 
     </span>
    </p>
   </div>
   <div class='ocr_carea' id='block_1_76' title="bbox 1915 3520 3492 3597">
    <p class='ocr_par' dir='ltr' id='par_1_76' title="bbox 1915 3520 3492 3597">
     <span class='ocr_line' id='line_1_76' title="bbox 1915 3520 3492 3597; baseline -0.003 -17"><span class='ocrx_word' id='word_1_566' title='bbox 1915 3532 2068 3597; x_wconf 85' lang='lat' dir='ltr'><strong>geret</strong></span> <span class='ocrx_word' id='word_1_567' title='bbox 2100 3525 2264 3579; x_wconf 91' lang='lat' dir='ltr'><strong>homo</strong></span> <span class='ocrx_word' id='word_1_568' title='bbox 2308 3530 2501 3577; x_wconf 85' lang='lat' dir='ltr'><strong>contra</strong></span> <span class='ocrx_word' id='word_1_569' title='bbox 2530 3521 2754 3577; x_wconf 79' lang='lat' dir='ltr'><strong>fratrem</strong></span> <span class='ocrx_word' id='word_1_570' title='bbox 2810 3537 2994 3583; x_wconf 90' lang='lat' dir='ltr'><strong>suum,</strong></span> <span class='ocrx_word' id='word_1_571' title='bbox 3026 3529 3081 3574; x_wconf 87' lang='lat' dir='ltr'><strong>et</strong></span> <span class='ocrx_word' id='word_1_572' title='bbox 3111 3520 3273 3575; x_wconf 89' lang='lat' dir='ltr'><strong>homo</strong></span> <span class='ocrx_word' id='word_1_573' title='bbox 3299 3528 3492 3575; x_wconf 89' lang='lat' dir='ltr'><strong>contra</strong></span> 
     </span>
    </p>
   </div>
   <div class='ocr_carea' id='block_1_77' title="bbox 1915 3614 3491 3688">
    <p class='ocr_par' dir='ltr' id='par_1_77' title="bbox 1915 3614 3491 3688">
     <span class='ocr_line' id='line_1_77' title="bbox 1915 3614 3491 3688; baseline -0.003 -16"><span class='ocrx_word' id='word_1_574' title='bbox 1915 3618 2223 3688; x_wconf 86' lang='lat' dir='ltr'><strong>proximum</strong></span> <span class='ocrx_word' id='word_1_575' title='bbox 2255 3627 2415 3671; x_wconf 88' lang='lat' dir='ltr'><strong>suum</strong></span> <span class='ocrx_word' id='word_1_576' title='bbox 2447 3634 2461 3671; x_wconf 89' lang='lat'><strong>:</strong></span> <span class='ocrx_word' id='word_1_577' title='bbox 2496 3615 2829 3669; x_wconf 81' lang='lat' dir='ltr'><strong>excitabitur</strong></span> <span class='ocrx_word' id='word_1_578' title='bbox 2872 3614 3067 3669; x_wconf 87' lang='lat' dir='ltr'><strong>civitas</strong></span> <span class='ocrx_word' id='word_1_579' title='bbox 3108 3615 3165 3669; x_wconf 92' lang='lat' dir='ltr'><strong>in</strong></span> <span class='ocrx_word' id='word_1_580' title='bbox 3194 3614 3491 3683; x_wconf 88' lang='lat' dir='ltr'><strong>civitatem,</strong></span> 
     </span>
    </p>
   </div>
   <div class='ocr_carea' id='block_1_78' title="bbox 1916 3704 3490 3778">
    <p class='ocr_par' dir='ltr' id='par_1_78' title="bbox 1916 3704 3490 3778">
     <span class='ocr_line' id='line_1_78' title="bbox 1916 3704 3490 3778; baseline -0.005 -11"><span class='ocrx_word' id='word_1_581' title='bbox 1916 3718 1970 3768; x_wconf 87' lang='lat' dir='ltr'><strong>et</strong></span> <span class='ocrx_word' id='word_1_582' title='bbox 2001 3710 2086 3765; x_wconf 83' lang='lat' dir='ltr'><strong>lex</strong></span> <span class='ocrx_word' id='word_1_583' title='bbox 2108 3712 2165 3763; x_wconf 92' lang='lat' dir='ltr'><strong>in</strong></span> <span class='ocrx_word' id='word_1_584' title='bbox 2205 3709 2400 3778; x_wconf 81' lang='lat' dir='ltr'><strong>legem,</strong></span> <span class='ocrx_word' id='word_1_585' title='bbox 2434 3713 2488 3762; x_wconf 89' lang='lat' dir='ltr'><strong>et</strong></span> <span class='ocrx_word' id='word_1_586' title='bbox 2518 3706 2830 3761; x_wconf 88' lang='lat' dir='ltr'><strong>turbabitur</strong></span> <span class='ocrx_word' id='word_1_587' title='bbox 2860 3706 3087 3775; x_wconf 86' lang='lat' dir='ltr'><strong>spiritus</strong></span> <span class='ocrx_word' id='word_1_588' title='bbox 3109 3704 3490 3775; x_wconf 66' lang='lat' dir='ltr'><strong>Egyptiorum</strong></span> 
     </span>
    </p>
   </div>
   <div class='ocr_carea' id='block_1_79' title="bbox 1915 3796 3494 3872">
    <p class='ocr_par' dir='ltr' id='par_1_79' title="bbox 1915 3796 3494 3872">
     <span class='ocr_line' id='line_1_79' title="bbox 1915 3796 3494 3872; baseline -0.006 -13"><span class='ocrx_word' id='word_1_589' title='bbox 1915 3805 1971 3859; x_wconf 92' lang='lat' dir='ltr'><strong>in</strong></span> <span class='ocrx_word' id='word_1_590' title='bbox 2004 3803 2163 3872; x_wconf 90' lang='lat' dir='ltr'><strong>ipsis,</strong></span> <span class='ocrx_word' id='word_1_591' title='bbox 2194 3807 2248 3855; x_wconf 92' lang='lat' dir='ltr'><strong>et</strong></span> <span class='ocrx_word' id='word_1_592' title='bbox 2282 3799 2572 3854; x_wconf 91' lang='lat' dir='ltr'><strong>consilium</strong></span> <span class='ocrx_word' id='word_1_593' title='bbox 2602 3812 2792 3853; x_wconf 90' lang='lat' dir='ltr'><strong>eorum</strong></span> <span class='ocrx_word' id='word_1_594' title='bbox 2827 3797 3128 3868; x_wconf 91' lang='lat' dir='ltr'><strong>dissipabo,</strong></span> <span class='ocrx_word' id='word_1_595' title='bbox 3175 3804 3231 3852; x_wconf 89' lang='lat' dir='ltr'><strong>et</strong></span> <span class='ocrx_word' id='word_1_596' title='bbox 3259 3796 3494 3851; x_wconf 87' lang='lat' dir='ltr'><strong>interro-</strong></span> 
     </span>
    </p>
   </div>
   <div class='ocr_carea' id='block_1_80' title="bbox 1915 3888 3496 3966">
    <p class='ocr_par' dir='ltr' id='par_1_80' title="bbox 1915 3888 3496 3966">
     <span class='ocr_line' id='line_1_80' title="bbox 1915 3888 3496 3966; baseline -0.003 -20"><span class='ocrx_word' id='word_1_597' title='bbox 1915 3894 2120 3966; x_wconf 86' lang='lat' dir='ltr'><strong>gabunt</strong></span> <span class='ocrx_word' id='word_1_598' title='bbox 2152 3890 2284 3945; x_wconf 88' lang='lat' dir='ltr'><strong>deos</strong></span> <span class='ocrx_word' id='word_1_599' title='bbox 2315 3904 2446 3946; x_wconf 91' lang='lat' dir='ltr'><strong>suos</strong></span> <span class='ocrx_word' id='word_1_600' title='bbox 2471 3899 2524 3944; x_wconf 89' lang='lat' dir='ltr'><strong>et</strong></span> <span class='ocrx_word' id='word_1_601' title='bbox 2557 3889 2855 3945; x_wconf 87' lang='lat' dir='ltr'><strong>simulacra</strong></span> <span class='ocrx_word' id='word_1_602' title='bbox 2887 3902 3006 3951; x_wconf 88' lang='lat' dir='ltr'><strong>sua,</strong></span> <span class='ocrx_word' id='word_1_603' title='bbox 3034 3897 3088 3943; x_wconf 87' lang='lat' dir='ltr'><strong>et</strong></span> <span class='ocrx_word' id='word_1_604' title='bbox 3112 3888 3409 3961; x_wconf 84' lang='lat' dir='ltr'><strong>Pythones,</strong></span> <span class='ocrx_word' id='word_1_605' title='bbox 3438 3897 3496 3943; x_wconf 89' lang='lat' dir='ltr'><strong>et</strong></span> 
     </span>
    </p>
   </div>
   <div class='ocr_carea' id='block_1_81' title="bbox 1917 3978 3494 4063">
    <p class='ocr_par' dir='ltr' id='par_1_81' title="bbox 1917 3978 3494 4063">
     <span class='ocr_line' id='line_1_81' title="bbox 1917 3978 3494 4063; baseline -0.004 -20"><span class='ocrx_word' id='word_1_606' title='bbox 1917 4002 2012 4043; x_wconf 91' lang='lat' dir='ltr'><strong>eos</strong></span> <span class='ocrx_word' id='word_1_607' title='bbox 2038 3987 2130 4058; x_wconf 90' lang='lat' dir='ltr'><strong>qui</strong></span> <span class='ocrx_word' id='word_1_608' title='bbox 2175 3986 2243 4041; x_wconf 93' lang='lat' dir='ltr'><strong>de</strong></span> <span class='ocrx_word' id='word_1_609' title='bbox 2286 3992 2434 4039; x_wconf 87' lang='lat' dir='ltr'><strong>terra</strong></span> <span class='ocrx_word' id='word_1_610' title='bbox 2474 3996 2666 4036; x_wconf 87' lang='lat' dir='ltr'><strong>vocem</strong></span> <span class='ocrx_word' id='word_1_611' title='bbox 2710 3978 3054 4036; x_wconf 78' lang='lat' dir='ltr'><strong>emittunt&quot;.</strong></span> <span class='ocrx_word' id='word_1_612' title='bbox 3088 4001 3107 4033; x_wconf 72' lang='grc' dir='ltr'><strong>ι</strong></span> <span class='ocrx_word' id='word_1_613' title='bbox 3141 3980 3207 4034; x_wconf 87' lang='lat' dir='ltr'><strong>Et</strong></span> <span class='ocrx_word' id='word_1_614' title='bbox 3236 3981 3494 4063; x_wconf 63' lang='lat' dir='ltr'><strong>deinceps</strong></span> 
     </span>
    </p>
   </div>
   <div class='ocr_carea' id='block_1_82' title="bbox 1919 4074 3492 4151">
    <p class='ocr_par' dir='ltr' id='par_1_82' title="bbox 1919 4074 3492 4151">
     <span class='ocr_line' id='line_1_82' title="bbox 1919 4074 3492 4151; baseline -0.006 -16"><span class='ocrx_word' id='word_1_615' title='bbox 1919 4087 2043 4151; x_wconf 89' lang='lat' dir='ltr'><strong>post</strong></span> <span class='ocrx_word' id='word_1_616' title='bbox 2072 4080 2303 4149; x_wconf 85' lang='lat' dir='ltr'><strong>plurima</strong></span> <span class='ocrx_word' id='word_1_617' title='bbox 2353 4090 2475 4146; x_wconf 80' lang='lat' dir='ltr'><strong>quae</strong></span> <span class='ocrx_word' id='word_1_618' title='bbox 2504 4074 2733 4146; x_wconf 84' lang='lat' dir='ltr'><strong>ﬁgurate</strong></span> <span class='ocrx_word' id='word_1_619' title='bbox 2780 4080 2834 4128; x_wconf 91' lang='lat' dir='ltr'><strong>et</strong></span> <span class='ocrx_word' id='word_1_620' title='bbox 2875 4074 3112 4130; x_wconf 89' lang='lat' dir='ltr'><strong>obscure</strong></span> <span class='ocrx_word' id='word_1_621' title='bbox 3152 4074 3297 4130; x_wconf 84' lang='lat' dir='ltr'><strong>dicta</strong></span> <span class='ocrx_word' id='word_1_622' title='bbox 3342 4082 3492 4139; x_wconf 90' lang='lat' dir='ltr'><strong>sunt,</strong></span> 
     </span>
    </p>
   </div>
   <div class='ocr_carea' id='block_1_83' title="bbox 1918 4163 3496 4242">
    <p class='ocr_par' dir='ltr' id='par_1_83' title="bbox 1918 4163 3496 4242">
     <span class='ocr_line' id='line_1_83' title="bbox 1918 4163 3496 4242; baseline -0.004 -17"><span class='ocrx_word' id='word_1_623' title='bbox 1918 4170 2271 4242; x_wconf 82' lang='lat' dir='ltr'><strong>adjungitur:</strong></span> <span class='ocrx_word' id='word_1_624' title='bbox 2308 4186 2327 4218; x_wconf 73' lang='grc' dir='ltr'><strong>ι</strong></span> <span class='ocrx_word' id='word_1_625' title='bbox 2358 4166 2416 4222; x_wconf 91' lang='lat' dir='ltr'><strong>ln</strong></span> <span class='ocrx_word' id='word_1_626' title='bbox 2447 4166 2536 4221; x_wconf 86' lang='lat' dir='ltr'><strong>die</strong></span> <span class='ocrx_word' id='word_1_627' title='bbox 2566 4166 2658 4219; x_wconf 91' lang='lat' dir='ltr'><strong>illa</strong></span> <span class='ocrx_word' id='word_1_628' title='bbox 2683 4164 2789 4220; x_wconf 90' lang='lat' dir='ltr'><strong>erit</strong></span> <span class='ocrx_word' id='word_1_629' title='bbox 2820 4165 2993 4220; x_wconf 91' lang='lat' dir='ltr'><strong>altare</strong></span> <span class='ocrx_word' id='word_1_630' title='bbox 3023 4163 3250 4219; x_wconf 87' lang='lat' dir='ltr'><strong>Domino</strong></span> <span class='ocrx_word' id='word_1_631' title='bbox 3273 4164 3328 4218; x_wconf 93' lang='lat' dir='ltr'><strong>in</strong></span> <span class='ocrx_word' id='word_1_632' title='bbox 3349 4175 3496 4218; x_wconf 81' lang='lat' dir='ltr'><strong>terra</strong></span> 
     </span>
    </p>
   </div>
   <div class='ocr_carea' id='block_1_84' title="bbox 1917 4252 3491 4335">
    <p class='ocr_par' dir='ltr' id='par_1_84' title="bbox 1917 4252 3491 4335">
     <span class='ocr_line' id='line_1_84' title="bbox 1917 4252 3491 4335; baseline -0.005 -16"><span class='ocrx_word' id='word_1_633' title='bbox 1917 4252 2160 4335; x_wconf 67' lang='lat' dir='ltr'><strong>Egypti,</strong></span> <span class='ocrx_word' id='word_1_634' title='bbox 2189 4269 2244 4317; x_wconf 88' lang='lat' dir='ltr'><strong>et</strong></span> <span class='ocrx_word' id='word_1_635' title='bbox 2282 4260 2474 4316; x_wconf 84' lang='lat' dir='ltr'><strong>titulus</strong></span> <span class='ocrx_word' id='word_1_636' title='bbox 2515 4257 2674 4328; x_wconf 83' lang='lat' dir='ltr'><strong>juxta</strong></span> <span class='ocrx_word' id='word_1_637' title='bbox 2723 4257 3022 4312; x_wconf 89' lang='lat' dir='ltr'><strong>terminum</strong></span> <span class='ocrx_word' id='word_1_638' title='bbox 3066 4259 3188 4329; x_wconf 91' lang='lat' dir='ltr'><strong>ejus</strong></span> <span class='ocrx_word' id='word_1_639' title='bbox 3212 4256 3443 4312; x_wconf 93' lang='lat' dir='ltr'><strong>Domino</strong></span> <span class='ocrx_word' id='word_1_640' title='bbox 3475 4273 3491 4311; x_wconf 92' lang='lat'><strong>:</strong></span> 
     </span>
    </p>
   </div>
   <div class='ocr_carea' id='block_1_85' title="bbox 1919 4349 3495 4426">
    <p class='ocr_par' dir='ltr' id='par_1_85' title="bbox 1919 4349 3495 4426">
     <span class='ocr_line' id='line_1_85' title="bbox 1919 4349 3495 4426; baseline -0.006 -13"><span class='ocrx_word' id='word_1_641' title='bbox 1919 4368 1975 4413; x_wconf 89' lang='lat' dir='ltr'><strong>et</strong></span> <span class='ocrx_word' id='word_1_642' title='bbox 2018 4358 2122 4413; x_wconf 86' lang='lat' dir='ltr'><strong>erit</strong></span> <span class='ocrx_word' id='word_1_643' title='bbox 2167 4356 2225 4410; x_wconf 89' lang='lat' dir='ltr'><strong>in</strong></span> <span class='ocrx_word' id='word_1_644' title='bbox 2277 4355 2495 4426; x_wconf 85' lang='lat' dir='ltr'><strong>signum</strong></span> <span class='ocrx_word' id='word_1_645' title='bbox 2545 4356 2602 4406; x_wconf 91' lang='lat' dir='ltr'><strong>in</strong></span> <span class='ocrx_word' id='word_1_646' title='bbox 2659 4361 2922 4406; x_wconf 81' lang='lat' dir='ltr'><strong>aeternum</strong></span> <span class='ocrx_word' id='word_1_647' title='bbox 2977 4350 3208 4405; x_wconf 90' lang='lat' dir='ltr'><strong>Domino</strong></span> <span class='ocrx_word' id='word_1_648' title='bbox 3253 4349 3308 4404; x_wconf 92' lang='lat' dir='ltr'><strong>in</strong></span> <span class='ocrx_word' id='word_1_649' title='bbox 3348 4358 3495 4404; x_wconf 88' lang='lat' dir='ltr'><strong>terra</strong></span> 
     </span>
    </p>
   </div>
   <div class='ocr_carea' id='block_1_86' title="bbox 1918 4442 3496 4523">
    <p class='ocr_par' dir='ltr' id='par_1_86' title="bbox 1918 4442 3496 4523">
     <span class='ocr_line' id='line_1_86' title="bbox 1918 4442 3496 4523; baseline -0.008 -16"><span class='ocrx_word' id='word_1_650' title='bbox 1918 4449 2164 4523; x_wconf 65' lang='lat' dir='ltr'><strong>Egypti,</strong></span> <span class='ocrx_word' id='word_1_651' title='bbox 2202 4448 2460 4520; x_wconf 88' lang='lat' dir='ltr'><strong>quoniam</strong></span> <span class='ocrx_word' id='word_1_652' title='bbox 2505 4446 2823 4501; x_wconf 81' lang='lat' dir='ltr'><strong>clamabunt</strong></span> <span class='ocrx_word' id='word_1_653' title='bbox 2852 4444 2920 4499; x_wconf 90' lang='lat' dir='ltr'><strong>ad</strong></span> <span class='ocrx_word' id='word_1_654' title='bbox 2955 4442 3243 4499; x_wconf 90' lang='lat' dir='ltr'><strong>Dominum</strong></span> <span class='ocrx_word' id='word_1_655' title='bbox 3274 4448 3496 4513; x_wconf 88' lang='lat' dir='ltr'><strong>propter</strong></span> 
     </span>
    </p>
   </div>
   <div class='ocr_carea' id='block_1_87' title="bbox 241 4532 1828 4640">
    <p class='ocr_par' dir='ltr' id='par_1_87' title="bbox 241 4547 1819 4620">
     <span class='ocr_line' id='line_1_87' title="bbox 241 4547 1819 4620; baseline 0.003 -23"><span class='ocrx_word' id='word_1_656' title='bbox 241 4547 319 4610; x_wconf 89' lang='grc' dir='ltr'><strong>εἰς</strong></span> <span class='ocrx_word' id='word_1_657' title='bbox 350 4547 441 4599; x_wconf 88' lang='grc' dir='ltr'><strong>τὸν</strong></span> <span class='ocrx_word' id='word_1_658' title='bbox 467 4547 642 4600; x_wconf 87' lang='grc' dir='ltr'>αἰῶνα</span> <span class='ocrx_word' id='word_1_659' title='bbox 672 4547 749 4620; x_wconf 78' lang='grc' dir='ltr'>τῷ</span> <span class='ocrx_word' id='word_1_660' title='bbox 773 4548 963 4620; x_wconf 85' lang='grc' dir='ltr'>Κυρίῳ</span> <span class='ocrx_word' id='word_1_661' title='bbox 990 4549 1048 4600; x_wconf 87' lang='grc' dir='ltr'><strong>ἐν</strong></span> <span class='ocrx_word' id='word_1_662' title='bbox 1075 4548 1229 4620; x_wconf 80' lang='grc' dir='ltr'>χώρᾳ</span> <span class='ocrx_word' id='word_1_663' title='bbox 1255 4550 1531 4618; x_wconf 81' lang='grc' dir='ltr'>Αἰγύπτου</span> <span class='ocrx_word' id='word_1_664' title='bbox 1551 4588 1565 4612; x_wconf 95' lang='grc'><strong>,</strong></span> <span class='ocrx_word' id='word_1_665' title='bbox 1616 4551 1697 4602; x_wconf 85' lang='grc' dir='ltr'>ὅτι</span> <span class='ocrx_word' id='word_1_666' title='bbox 1728 4566 1819 4602; x_wconf 90' lang='grc' dir='ltr'>κε-</span> 
     </span>
    </p>
   </div>
   <div class='ocr_carea' id='block_1_88' title="bbox 1916 4532 3492 4640">
    <p class='ocr_par' dir='ltr' id='par_1_88' title="bbox 1921 4532 3492 4614">
     <span class='ocr_line' id='line_1_88' title="bbox 1921 4532 3492 4614; baseline -0.01 -15"><span class='ocrx_word' id='word_1_667' title='bbox 1921 4544 2219 4614; x_wconf 82' lang='lat' dir='ltr'><strong>amigentes</strong></span> <span class='ocrx_word' id='word_1_668' title='bbox 2250 4557 2329 4601; x_wconf 89' lang='lat' dir='ltr'><strong>se.</strong></span> <span class='ocrx_word' id='word_1_669' title='bbox 2362 4547 2416 4595; x_wconf 88' lang='lat' dir='ltr'><strong>et</strong></span> <span class='ocrx_word' id='word_1_670' title='bbox 2441 4538 2621 4592; x_wconf 90' lang='lat' dir='ltr'><strong>mittet</strong></span> <span class='ocrx_word' id='word_1_671' title='bbox 2647 4538 2729 4592; x_wconf 93' lang='lat' dir='ltr'><strong>eis</strong></span> <span class='ocrx_word' id='word_1_672' title='bbox 2762 4536 3025 4591; x_wconf 89' lang='lat' dir='ltr'><strong>Dominus</strong></span> <span class='ocrx_word' id='word_1_673' title='bbox 3067 4532 3366 4593; x_wconf 89' lang='lat' dir='ltr'><strong>hominem,</strong></span> <span class='ocrx_word' id='word_1_674' title='bbox 3399 4533 3492 4601; x_wconf 90' lang='lat' dir='ltr'><strong>qui</strong></span> 
     </span>
    </p>
   </div>
   <div class='ocr_carea' id='block_1_89' title="bbox 242 4637 1811 4714">
    <p class='ocr_par' dir='ltr' id='par_1_89' title="bbox 242 4637 1811 4714">
     <span class='ocr_line' id='line_1_89' title="bbox 242 4637 1811 4714; baseline 0.001 -21"><span class='ocrx_word' id='word_1_675' title='bbox 242 4637 531 4711; x_wconf 76' lang='grc' dir='ltr'>κράξονται</span> <span class='ocrx_word' id='word_1_676' title='bbox 580 4641 714 4713; x_wconf 88' lang='grc' dir='ltr'>πρὸς</span> <span class='ocrx_word' id='word_1_677' title='bbox 740 4641 943 4714; x_wconf 86' lang='grc' dir='ltr'>Κύριον</span> <span class='ocrx_word' id='word_1_678' title='bbox 970 4641 1059 4695; x_wconf 78' lang='grc' dir='ltr'><strong>διὰ</strong></span> <span class='ocrx_word' id='word_1_679' title='bbox 1088 4643 1217 4706; x_wconf 78' lang='grc' dir='ltr'>τοὺς</span> <span class='ocrx_word' id='word_1_680' title='bbox 1266 4641 1545 4704; x_wconf 76' lang='grc' dir='ltr'>θλίϐοντας</span> <span class='ocrx_word' id='word_1_681' title='bbox 1582 4641 1811 4706; x_wconf 78' lang='grc' dir='ltr'>αὐτοὺς,</span> 
     </span>
    </p>
   </div>
   <div class='ocr_carea' id='block_1_90' title="bbox 241 4731 1815 4805">
    <p class='ocr_par' dir='ltr' id='par_1_90' title="bbox 241 4731 1815 4805">
     <span class='ocr_line' id='line_1_90' title="bbox 241 4731 1815 4805; baseline -0.001 -19"><span class='ocrx_word' id='word_1_682' title='bbox 241 4731 334 4786; x_wconf 76' lang='grc' dir='ltr'>καὶ</span> <span class='ocrx_word' id='word_1_683' title='bbox 364 4732 656 4786; x_wconf 83' lang='grc' dir='ltr'>ἀποστελεῖ</span> <span class='ocrx_word' id='word_1_684' title='bbox 702 4733 886 4797; x_wconf 85' lang='grc' dir='ltr'>αὐτοῖς</span> <span class='ocrx_word' id='word_1_685' title='bbox 930 4732 1136 4805; x_wconf 87' lang='grc' dir='ltr'>Κύριος</span> <span class='ocrx_word' id='word_1_686' title='bbox 1176 4733 1461 4805; x_wconf 78' lang='grc' dir='ltr'>ἄνθρωπον</span> <span class='ocrx_word' id='word_1_687' title='bbox 1483 4773 1498 4798; x_wconf 91' lang='grc'><strong>,</strong></span> <span class='ocrx_word' id='word_1_688' title='bbox 1541 4732 1599 4797; x_wconf 82' lang='grc' dir='ltr'>ὃς</span> <span class='ocrx_word' id='word_1_689' title='bbox 1652 4732 1815 4785; x_wconf 86' lang='grc' dir='ltr'>σώσει</span> 
     </span>
    </p>
   </div>
   <div class='ocr_carea' id='block_1_91' title="bbox 241 4824 1814 4898">
    <p class='ocr_par' dir='ltr' id='par_1_91' title="bbox 241 4824 1814 4898">
     <span class='ocr_line' id='line_1_91' title="bbox 241 4824 1814 4898; baseline -0.001 -18"><span class='ocrx_word' id='word_1_690' title='bbox 241 4824 439 4890; x_wconf 78' lang='grc' dir='ltr'>αὐτοὺς</span> <span class='ocrx_word' id='word_1_691' title='bbox 460 4865 477 4891; x_wconf 90' lang='grc'><strong>,</strong></span> <span class='ocrx_word' id='word_1_692' title='bbox 510 4825 712 4898; x_wconf 86' lang='grc' dir='ltr'>κρίνων</span> <span class='ocrx_word' id='word_1_693' title='bbox 761 4824 923 4880; x_wconf 86' lang='grc' dir='ltr'>σώσει</span> <span class='ocrx_word' id='word_1_694' title='bbox 968 4828 1196 4891; x_wconf 81' lang='grc' dir='ltr'>αὐτοὺς,</span> <span class='ocrx_word' id='word_1_695' title='bbox 1248 4827 1344 4879; x_wconf 75' lang='grc' dir='ltr'><strong>καὶ</strong></span> <span class='ocrx_word' id='word_1_696' title='bbox 1381 4824 1622 4894; x_wconf 85' lang='grc' dir='ltr'>γνωστὸς</span> <span class='ocrx_word' id='word_1_697' title='bbox 1661 4824 1814 4878; x_wconf 77' lang='grc' dir='ltr'>ἔσται</span> 
     </span>
    </p>
   </div>
   <div class='ocr_carea' id='block_1_92' title="bbox 241 4915 1815 4991">
    <p class='ocr_par' dir='ltr' id='par_1_92' title="bbox 241 4915 1815 4991">
     <span class='ocr_line' id='line_1_92' title="bbox 241 4915 1815 4991; baseline -0.002 -20"><span class='ocrx_word' id='word_1_698' title='bbox 241 4917 447 4991; x_wconf 86' lang='grc' dir='ltr'>Κύριος</span> <span class='ocrx_word' id='word_1_699' title='bbox 485 4921 597 4983; x_wconf 87' lang='grc' dir='ltr'>τοῖς</span> <span class='ocrx_word' id='word_1_700' title='bbox 622 4919 967 4988; x_wconf 86' lang='grc' dir='ltr'>Αἰγυπτίοις,</span> <span class='ocrx_word' id='word_1_701' title='bbox 999 4918 1095 4974; x_wconf 75' lang='grc' dir='ltr'><strong>καὶ</strong></span> <span class='ocrx_word' id='word_1_702' title='bbox 1125 4916 1424 4989; x_wconf 85' lang='grc' dir='ltr'>γνώσονται</span> <span class='ocrx_word' id='word_1_703' title='bbox 1450 4918 1501 4971; x_wconf 81' lang='grc' dir='ltr'>οἱ</span> <span class='ocrx_word' id='word_1_704' title='bbox 1529 4915 1815 4985; x_wconf 85' lang='grc' dir='ltr'>Αἰγύπτιοι</span> 
     </span>
    </p>
   </div>
   <div class='ocr_carea' id='block_1_93' title="bbox 239 5008 1816 5084">
    <p class='ocr_par' dir='ltr' id='par_1_93' title="bbox 239 5008 1816 5084">
     <span class='ocr_line' id='line_1_93' title="bbox 239 5008 1816 5084; baseline -0.002 -21"><span class='ocrx_word' id='word_1_705' title='bbox 239 5008 444 5080; x_wconf 78' lang='grc' dir='ltr'>Κύριον</span> <span class='ocrx_word' id='word_1_706' title='bbox 467 5009 559 5062; x_wconf 90' lang='grc' dir='ltr'><strong>τὸν</strong></span> <span class='ocrx_word' id='word_1_707' title='bbox 585 5010 716 5066; x_wconf 86' lang='grc' dir='ltr'>Θεὸν</span> <span class='ocrx_word' id='word_1_708' title='bbox 744 5013 801 5065; x_wconf 85' lang='grc' dir='ltr'><strong>ἐν</strong></span> <span class='ocrx_word' id='word_1_709' title='bbox 836 5014 903 5083; x_wconf 83' lang='grc' dir='ltr'>τῇ</span> <span class='ocrx_word' id='word_1_710' title='bbox 936 5011 1119 5083; x_wconf 77' lang='grc' dir='ltr'>ἡμέρᾳ</span> <span class='ocrx_word' id='word_1_711' title='bbox 1151 5010 1351 5084; x_wconf 79' lang='grc' dir='ltr'>ἐκείνῃ,</span> <span class='ocrx_word' id='word_1_712' title='bbox 1382 5009 1477 5063; x_wconf 76' lang='grc' dir='ltr'><strong>καὶ</strong></span> <span class='ocrx_word' id='word_1_713' title='bbox 1503 5009 1816 5079; x_wconf 86' lang='grc' dir='ltr'>ποιήσονται</span> 
     </span>
    </p>
   </div>
   <div class='ocr_carea' id='block_1_94' title="bbox 241 5098 1815 5174">
    <p class='ocr_par' dir='ltr' id='par_1_94' title="bbox 241 5098 1815 5174">
     <span class='ocr_line' id='line_1_94' title="bbox 241 5098 1815 5174; baseline -0.001 -21"><span class='ocrx_word' id='word_1_714' title='bbox 241 5098 432 5164; x_wconf 84' lang='grc' dir='ltr'>θυσίας</span> <span class='ocrx_word' id='word_1_715' title='bbox 456 5141 474 5165; x_wconf 87' lang='grc'><strong>,</strong></span> <span class='ocrx_word' id='word_1_716' title='bbox 500 5101 594 5155; x_wconf 81' lang='grc' dir='ltr'><strong>καί</strong></span> <span class='ocrx_word' id='word_1_717' title='bbox 624 5101 870 5167; x_wconf 74' lang='grc' dir='ltr'>εὔξονται</span> <span class='ocrx_word' id='word_1_718' title='bbox 896 5102 1062 5174; x_wconf 85' lang='grc' dir='ltr'>εὐχὰς</span> <span class='ocrx_word' id='word_1_719' title='bbox 1095 5101 1173 5173; x_wconf 80' lang='grc' dir='ltr'>τῷ</span> <span class='ocrx_word' id='word_1_720' title='bbox 1211 5103 1401 5174; x_wconf 86' lang='grc' dir='ltr'>Κυρίῳ</span> <span class='ocrx_word' id='word_1_721' title='bbox 1420 5143 1435 5167; x_wconf 90' lang='grc'><strong>,</strong></span> <span class='ocrx_word' id='word_1_722' title='bbox 1470 5101 1565 5154; x_wconf 77' lang='grc' dir='ltr'><strong>καὶ</strong></span> <span class='ocrx_word' id='word_1_723' title='bbox 1604 5098 1815 5155; x_wconf 83' lang='grc' dir='ltr'>ἀποδώ-</span> 
     </span>
    </p>
   </div>
   <div class='ocr_carea' id='block_1_95' title="bbox 245 5191 1816 5266">
    <p class='ocr_par' dir='ltr' id='par_1_95' title="bbox 245 5191 1816 5266">
     <span class='ocr_line' id='line_1_95' title="bbox 245 5191 1816 5266; baseline -0.003 -20"><span class='ocrx_word' id='word_1_724' title='bbox 245 5209 417 5246; x_wconf 87' lang='grc' dir='ltr'>σουσι.</span> <span class='ocrx_word' id='word_1_725' title='bbox 450 5213 471 5244; x_wconf 84' lang='grc'><strong>›</strong></span> <span class='ocrx_word' id='word_1_726' title='bbox 501 5194 613 5247; x_wconf 79' lang='grc' dir='ltr'>Καὶ</span> <span class='ocrx_word' id='word_1_727' title='bbox 639 5193 812 5247; x_wconf 89' lang='grc' dir='ltr'>ταῦτα</span> <span class='ocrx_word' id='word_1_728' title='bbox 844 5193 1204 5266; x_wconf 79' lang='grc' dir='ltr'>προλαϐόντες</span> <span class='ocrx_word' id='word_1_729' title='bbox 1238 5196 1302 5247; x_wconf 85' lang='grc' dir='ltr'><strong>ἐκ</strong></span> <span class='ocrx_word' id='word_1_730' title='bbox 1329 5193 1529 5265; x_wconf 87' lang='grc' dir='ltr'>μέρους</span> <span class='ocrx_word' id='word_1_731' title='bbox 1559 5191 1816 5262; x_wconf 85' lang='grc' dir='ltr'>διεσαφή-</span> 
     </span>
    </p>
   </div>
   <div class='ocr_carea' id='block_1_96' title="bbox 246 5279 1816 5357">
    <p class='ocr_par' dir='ltr' id='par_1_96' title="bbox 246 5279 1816 5357">
     <span class='ocr_line' id='line_1_96' title="bbox 246 5279 1816 5357; baseline -0.001 -21"><span class='ocrx_word' id='word_1_732' title='bbox 246 5300 438 5353; x_wconf 84' lang='grc' dir='ltr'>σαμεν.</span> <span class='ocrx_word' id='word_1_733' title='bbox 466 5286 530 5338; x_wconf 88' lang='grc' dir='ltr'>Εἰ</span> <span class='ocrx_word' id='word_1_734' title='bbox 569 5285 666 5357; x_wconf 74' lang='grc' dir='ltr'>μὲν</span> <span class='ocrx_word' id='word_1_735' title='bbox 697 5279 788 5339; x_wconf 78' lang='grc' dir='ltr'><strong>οὖν</strong></span> <span class='ocrx_word' id='word_1_736' title='bbox 826 5284 922 5356; x_wconf 85' lang='grc' dir='ltr'><strong>μὴ,</strong></span> <span class='ocrx_word' id='word_1_737' title='bbox 956 5284 1080 5347; x_wconf 82' lang='grc' dir='ltr'>τοὺς</span> <span class='ocrx_word' id='word_1_738' title='bbox 1105 5282 1388 5354; x_wconf 83' lang='grc' dir='ltr'>πατρῴους</span> <span class='ocrx_word' id='word_1_739' title='bbox 1415 5280 1568 5345; x_wconf 82' lang='grc' dir='ltr'>θεοὺς</span> <span class='ocrx_word' id='word_1_740' title='bbox 1592 5280 1816 5335; x_wconf 88' lang='grc' dir='ltr'>καταλι-</span> 
     </span>
    </p>
   </div>
   <div class='ocr_carea' id='block_1_97' title="bbox 244 5372 1815 5448">
    <p class='ocr_par' dir='ltr' id='par_1_97' title="bbox 244 5372 1815 5448">
     <span class='ocr_line' id='line_1_97' title="bbox 244 5372 1815 5448; baseline -0.004 -17"><span class='ocrx_word' id='word_1_741' title='bbox 244 5377 437 5442; x_wconf 78' lang='grc' dir='ltr'>πόντες</span> <span class='ocrx_word' id='word_1_742' title='bbox 455 5377 763 5447; x_wconf 86' lang='grc' dir='ltr'>Αἰγύπτιοι,</span> <span class='ocrx_word' id='word_1_743' title='bbox 788 5375 910 5430; x_wconf 86' lang='grc' dir='ltr'>καθ’</span> <span class='ocrx_word' id='word_1_744' title='bbox 936 5378 1084 5448; x_wconf 77' lang='grc' dir='ltr'>ἡμᾶς</span> <span class='ocrx_word' id='word_1_745' title='bbox 1112 5376 1309 5439; x_wconf 80' lang='grc' dir='ltr'>αὐτοὺς</span> <span class='ocrx_word' id='word_1_746' title='bbox 1330 5372 1560 5447; x_wconf 81' lang='grc' dir='ltr'>ὁρῶνται</span> <span class='ocrx_word' id='word_1_747' title='bbox 1581 5373 1674 5427; x_wconf 86' lang='grc' dir='ltr'><strong>τὸν</strong></span> <span class='ocrx_word' id='word_1_748' title='bbox 1704 5372 1815 5426; x_wconf 88' lang='grc' dir='ltr'><strong>τῶν</strong></span> 
     </span>
    </p>
   </div>
   <div class='ocr_carea' id='block_1_98' title="bbox 244 5464 1814 5539">
    <p class='ocr_par' dir='ltr' id='par_1_98' title="bbox 244 5464 1814 5539">
     <span class='ocr_line' id='line_1_98' title="bbox 244 5464 1814 5539; baseline -0.004 -17"><span class='ocrx_word' id='word_1_749' title='bbox 244 5467 539 5539; x_wconf 75' lang='grc' dir='ltr'>προφητῶν</span> <span class='ocrx_word' id='word_1_750' title='bbox 577 5468 709 5522; x_wconf 91' lang='grc' dir='ltr'>Θεὸν</span> <span class='ocrx_word' id='word_1_751' title='bbox 742 5466 1189 5538; x_wconf 65' lang='grc' dir='ltr'>ἐπικαλούμενον</span> <span class='ocrx_word' id='word_1_752' title='bbox 1225 5467 1272 5519; x_wconf 88' lang='grc' dir='ltr'><strong>εί</strong></span> <span class='ocrx_word' id='word_1_753' title='bbox 1308 5464 1383 5537; x_wconf 80' lang='grc' dir='ltr'>μὴ</span> <span class='ocrx_word' id='word_1_754' title='bbox 1412 5464 1531 5519; x_wconf 83' lang='grc' dir='ltr'>καθ’</span> <span class='ocrx_word' id='word_1_755' title='bbox 1560 5464 1687 5534; x_wconf 82' lang='grc' dir='ltr'>ὅλης</span> <span class='ocrx_word' id='word_1_756' title='bbox 1714 5464 1814 5535; x_wconf 80' lang='grc' dir='ltr'>τῆς</span> 
     </span>
    </p>
   </div>
   <div class='ocr_carea' id='block_1_99' title="bbox 251 5556 1817 5631">
    <p class='ocr_par' dir='ltr' id='par_1_99' title="bbox 251 5556 1817 5631">
     <span class='ocr_line' id='line_1_99' title="bbox 251 5556 1817 5631; baseline -0.004 -16"><span class='ocrx_word' id='word_1_757' title='bbox 251 5561 548 5631; x_wconf 73' lang='grc' dir='ltr'>Αἰγύπτου,</span> <span class='ocrx_word' id='word_1_758' title='bbox 580 5560 723 5616; x_wconf 87' lang='grc' dir='ltr'><strong>κατά</strong></span> <span class='ocrx_word' id='word_1_759' title='bbox 750 5561 926 5616; x_wconf 82' lang='grc' dir='ltr'>πάντα</span> <span class='ocrx_word' id='word_1_760' title='bbox 957 5560 1121 5615; x_wconf 86' lang='grc' dir='ltr'>τόπον</span> <span class='ocrx_word' id='word_1_761' title='bbox 1169 5560 1264 5615; x_wconf 76' lang='grc' dir='ltr'>καὶ</span> <span class='ocrx_word' id='word_1_762' title='bbox 1292 5558 1447 5613; x_wconf 90' lang='grc' dir='ltr'>πόλιν</span> <span class='ocrx_word' id='word_1_763' title='bbox 1494 5557 1590 5612; x_wconf 81' lang='grc' dir='ltr'>καὶ</span> <span class='ocrx_word' id='word_1_764' title='bbox 1633 5556 1817 5628; x_wconf 85' lang='grc' dir='ltr'>χώραν</span> 
     </span>
    </p>
   </div>
   <div class='ocr_carea' id='block_1_100' title="bbox 250 5648 1816 5727">
    <p class='ocr_par' dir='ltr' id='par_1_100' title="bbox 250 5648 1816 5727">
     <span class='ocr_line' id='line_1_100' title="bbox 250 5648 1816 5727; baseline -0.005 -18"><span class='ocrx_word' id='word_1_765' title='bbox 250 5656 610 5727; x_wconf 72' lang='grc' dir='ltr'>ἀνεγήγερται</span> <span class='ocrx_word' id='word_1_766' title='bbox 639 5654 1019 5725; x_wconf 86' lang='grc' dir='ltr'>θυσιαστήριον</span> <span class='ocrx_word' id='word_1_767' title='bbox 1048 5651 1126 5709; x_wconf 86' lang='grc' dir='ltr'><strong>τῶ</strong></span> <span class='ocrx_word' id='word_1_768' title='bbox 1149 5651 1298 5720; x_wconf 81' lang='grc' dir='ltr'>παρὰ</span> <span class='ocrx_word' id='word_1_769' title='bbox 1331 5650 1510 5720; x_wconf 88' lang='grc' dir='ltr'>μόνοις</span> <span class='ocrx_word' id='word_1_770' title='bbox 1546 5648 1816 5722; x_wconf 78' lang='grc' dir='ltr'>Ἑϐραίοις</span> 
     </span>
    </p>
   </div>
   <div class='ocr_carea' id='block_1_101' title="bbox 321 5828 1349 5896">
    <p class='ocr_par' dir='ltr' id='par_1_101' title="bbox 321 5828 1349 5896">
     <span class='ocr_line' id='line_1_101' title="bbox 321 5828 1349 5896; baseline -0.005 -9"><span class='ocrx_word' id='word_1_771' title='bbox 321 5831 366 5867; x_wconf 78' lang='grc'><em>³³</em></span> <span class='ocrx_word' id='word_1_772' title='bbox 409 5831 513 5888; x_wconf 86' lang='lat' dir='ltr'><strong>lsa.</strong></span> <span class='ocrx_word' id='word_1_773' title='bbox 552 5846 678 5896; x_wconf 72' lang='grc' dir='ltr'>ιιι,</span> <span class='ocrx_word' id='word_1_774' title='bbox 715 5829 831 5884; x_wconf 78' lang='grc'><strong>1-5.</strong></span> <span class='ocrx_word' id='word_1_775' title='bbox 909 5829 955 5861; x_wconf 73' lang='grc'><strong>¹⁸</strong></span> <span class='ocrx_word' id='word_1_776' title='bbox 992 5828 1124 5888; x_wconf 87' lang='lat' dir='ltr'><strong>ibid.</strong></span> <span class='ocrx_word' id='word_1_777' title='bbox 1163 5829 1349 5889; x_wconf 73' lang='lat'><strong>19-21.</strong></span> 
     </span>
    </p>
   </div>
   <div class='ocr_carea' id='block_1_102' title="bbox 1922 4620 3494 4699">
    <p class='ocr_par' dir='ltr' id='par_1_102' title="bbox 1922 4620 3494 4699">
     <span class='ocr_line' id='line_1_102' title="bbox 1922 4620 3494 4699; baseline -0.011 -10"><span class='ocrx_word' id='word_1_778' title='bbox 1922 4633 2155 4690; x_wconf 89' lang='lat' dir='ltr'><strong>salvabit</strong></span> <span class='ocrx_word' id='word_1_779' title='bbox 2182 4642 2301 4693; x_wconf 88' lang='lat' dir='ltr'><strong>eos,</strong></span> <span class='ocrx_word' id='word_1_780' title='bbox 2336 4628 2592 4699; x_wconf 88' lang='lat' dir='ltr'><strong>judicans</strong></span> <span class='ocrx_word' id='word_1_781' title='bbox 2625 4625 2859 4681; x_wconf 87' lang='lat' dir='ltr'><strong>salvabit</strong></span> <span class='ocrx_word' id='word_1_782' title='bbox 2882 4638 3001 4688; x_wconf 87' lang='lat' dir='ltr'><strong>eos,</strong></span> <span class='ocrx_word' id='word_1_783' title='bbox 3033 4629 3087 4677; x_wconf 91' lang='lat' dir='ltr'><strong>et</strong></span> <span class='ocrx_word' id='word_1_784' title='bbox 3109 4621 3364 4691; x_wconf 87' lang='lat' dir='ltr'><strong>cognitus</strong></span> <span class='ocrx_word' id='word_1_785' title='bbox 3389 4620 3494 4674; x_wconf 89' lang='lat' dir='ltr'><strong>erit</strong></span> 
     </span>
    </p>
   </div>
   <div class='ocr_carea' id='block_1_103' title="bbox 1923 4711 3497 4795">
    <p class='ocr_par' dir='ltr' id='par_1_103' title="bbox 1923 4711 3497 4795">
     <span class='ocr_line' id='line_1_103' title="bbox 1923 4711 3497 4795; baseline -0.009 -15"><span class='ocrx_word' id='word_1_786' title='bbox 1923 4726 2186 4795; x_wconf 77' lang='lat' dir='ltr'><strong>Dominus</strong></span> <span class='ocrx_word' id='word_1_787' title='bbox 2212 4721 2519 4793; x_wconf 27' lang='lat' dir='ltr'><strong>.A&#39;igyptiis,</strong></span> <span class='ocrx_word' id='word_1_788' title='bbox 2560 4727 2615 4774; x_wconf 89' lang='lat' dir='ltr'><strong>et</strong></span> <span class='ocrx_word' id='word_1_789' title='bbox 2662 4723 2994 4788; x_wconf 88' lang='lat' dir='ltr'><strong>cognoscent</strong></span> <span class='ocrx_word' id='word_1_790' title='bbox 3031 4714 3273 4787; x_wconf 58' lang='lat' dir='ltr'><strong>[Egyptii</strong></span> <span class='ocrx_word' id='word_1_791' title='bbox 3319 4711 3497 4767; x_wconf 82' lang='lat' dir='ltr'><strong>Domi-</strong></span> 
     </span>
    </p>
   </div>
   <div class='ocr_carea' id='block_1_104' title="bbox 1922 4805 3496 4876">
    <p class='ocr_par' dir='ltr' id='par_1_104' title="bbox 1922 4805 3496 4876">
     <span class='ocr_line' id='line_1_104' title="bbox 1922 4805 3496 4876; baseline -0.01 -2"><span class='ocrx_word' id='word_1_792' title='bbox 1922 4834 2054 4874; x_wconf 91' lang='lat' dir='ltr'><strong>num</strong></span> <span class='ocrx_word' id='word_1_793' title='bbox 2088 4816 2258 4872; x_wconf 92' lang='lat' dir='ltr'><strong>Deum</strong></span> <span class='ocrx_word' id='word_1_794' title='bbox 2288 4814 2452 4868; x_wconf 90' lang='lat' dir='ltr'><strong>indie</strong></span> <span class='ocrx_word' id='word_1_795' title='bbox 2480 4813 2594 4876; x_wconf 90' lang='lat' dir='ltr'><strong>illa,</strong></span> <span class='ocrx_word' id='word_1_796' title='bbox 2624 4817 2678 4865; x_wconf 89' lang='lat' dir='ltr'><strong>et</strong></span> <span class='ocrx_word' id='word_1_797' title='bbox 2709 4809 2911 4864; x_wconf 81' lang='lat' dir='ltr'><strong>facient</strong></span> <span class='ocrx_word' id='word_1_798' title='bbox 2938 4805 3228 4871; x_wconf 89' lang='lat' dir='ltr'><strong>sacriﬁcia,</strong></span> <span class='ocrx_word' id='word_1_799' title='bbox 3259 4814 3313 4860; x_wconf 91' lang='lat' dir='ltr'><strong>et</strong></span> <span class='ocrx_word' id='word_1_800' title='bbox 3332 4818 3496 4859; x_wconf 85' lang='lat' dir='ltr'><strong>vove-</strong></span> 
     </span>
    </p>
   </div>
   <div class='ocr_carea' id='block_1_105' title="bbox 1920 4897 3495 4972">
    <p class='ocr_par' dir='ltr' id='par_1_105' title="bbox 1920 4897 3495 4972">
     <span class='ocr_line' id='line_1_105' title="bbox 1920 4897 3495 4972; baseline -0.01 -5"><span class='ocrx_word' id='word_1_801' title='bbox 1920 4913 2057 4968; x_wconf 87' lang='lat' dir='ltr'><strong>bunt</strong></span> <span class='ocrx_word' id='word_1_802' title='bbox 2085 4915 2208 4964; x_wconf 88' lang='lat' dir='ltr'><strong>vota</strong></span> <span class='ocrx_word' id='word_1_803' title='bbox 2240 4906 2491 4972; x_wconf 87' lang='lat' dir='ltr'><strong>Domino,</strong></span> <span class='ocrx_word' id='word_1_804' title='bbox 2522 4913 2577 4960; x_wconf 89' lang='lat' dir='ltr'><strong>et</strong></span> <span class='ocrx_word' id='word_1_805' title='bbox 2606 4903 2910 4960; x_wconf 73' lang='lat' dir='ltr'><strong>reddent&quot;.</strong></span> <span class='ocrx_word' id='word_1_806' title='bbox 2945 4923 2964 4955; x_wconf 72' lang='grc' dir='ltr'><strong>ι</strong></span> <span class='ocrx_word' id='word_1_807' title='bbox 2997 4901 3123 4956; x_wconf 64' lang='lat' dir='ltr'><strong>Haec</strong></span> <span class='ocrx_word' id='word_1_808' title='bbox 3149 4913 3251 4955; x_wconf 90' lang='lat' dir='ltr'><strong>nos</strong></span> <span class='ocrx_word' id='word_1_809' title='bbox 3277 4897 3495 4969; x_wconf 87' lang='lat' dir='ltr'><strong>quidem</strong></span> 
     </span>
    </p>
   </div>
   <div class='ocr_carea' id='block_1_106' title="bbox 1923 4988 3495 5072">
    <p class='ocr_par' dir='ltr' id='par_1_106' title="bbox 1923 4988 3495 5072">
     <span class='ocr_line' id='line_1_106' title="bbox 1923 4988 3495 5072; baseline -0.011 -13"><span class='ocrx_word' id='word_1_810' title='bbox 1923 5013 2081 5059; x_wconf 89' lang='lat' dir='ltr'><strong>antea</strong></span> <span class='ocrx_word' id='word_1_811' title='bbox 2111 5015 2328 5072; x_wconf 90' lang='lat' dir='ltr'><strong>quoque</strong></span> <span class='ocrx_word' id='word_1_812' title='bbox 2355 4997 2666 5061; x_wconf 88' lang='lat' dir='ltr'><strong>citavimus,</strong></span> <span class='ocrx_word' id='word_1_813' title='bbox 2696 5003 2751 5051; x_wconf 88' lang='lat' dir='ltr'><strong>et</strong></span> <span class='ocrx_word' id='word_1_814' title='bbox 2772 4995 2826 5048; x_wconf 92' lang='lat' dir='ltr'><strong>in</strong></span> <span class='ocrx_word' id='word_1_815' title='bbox 2853 5001 3009 5065; x_wconf 71' lang='lat' dir='ltr'><strong>parte</strong></span> <span class='ocrx_word' id='word_1_816' title='bbox 3031 4993 3225 5049; x_wconf 89' lang='lat' dir='ltr'><strong>saltem</strong></span> <span class='ocrx_word' id='word_1_817' title='bbox 3247 4988 3495 5058; x_wconf 86' lang='lat' dir='ltr'><strong>planiora</strong></span> 
     </span>
    </p>
   </div>
   <div class='ocr_carea' id='block_1_107' title="bbox 1920 5079 3497 5164">
    <p class='ocr_par' dir='ltr' id='par_1_107' title="bbox 1920 5079 3497 5164">
     <span class='ocr_line' id='line_1_107' title="bbox 1920 5079 3497 5164; baseline -0.013 -11"><span class='ocrx_word' id='word_1_818' title='bbox 1920 5095 2259 5153; x_wconf 87' lang='lat' dir='ltr'><strong>reddidimus</strong></span> <span class='ocrx_word' id='word_1_819' title='bbox 2289 5113 2302 5149; x_wconf 92' lang='lat'><strong>:</strong></span> <span class='ocrx_word' id='word_1_820' title='bbox 2338 5091 2486 5164; x_wconf 90' lang='lat' dir='ltr'><strong>quod</strong></span> <span class='ocrx_word' id='word_1_821' title='bbox 2521 5091 2568 5147; x_wconf 90' lang='lat' dir='ltr'><strong>si</strong></span> <span class='ocrx_word' id='word_1_822' title='bbox 2594 5107 2702 5145; x_wconf 93' lang='lat' dir='ltr'><strong>non</strong></span> <span class='ocrx_word' id='word_1_823' title='bbox 2733 5088 2928 5161; x_wconf 87' lang='lat' dir='ltr'><strong>patriis</strong></span> <span class='ocrx_word' id='word_1_824' title='bbox 2955 5086 3062 5143; x_wconf 91' lang='lat' dir='ltr'><strong>diis</strong></span> <span class='ocrx_word' id='word_1_825' title='bbox 3099 5083 3305 5141; x_wconf 90' lang='lat' dir='ltr'><strong>relictis</strong></span> <span class='ocrx_word' id='word_1_826' title='bbox 3334 5079 3497 5152; x_wconf 66' lang='lat' dir='ltr'><strong>Egy-</strong></span> 
     </span>
    </p>
   </div>
   <div class='ocr_carea' id='block_1_108' title="bbox 1921 5171 3501 5257">
    <p class='ocr_par' dir='ltr' id='par_1_108' title="bbox 1921 5171 3501 5257">
     <span class='ocr_line' id='line_1_108' title="bbox 1921 5171 3501 5257; baseline -0.009 -16"><span class='ocrx_word' id='word_1_827' title='bbox 1921 5187 2067 5257; x_wconf 91' lang='lat' dir='ltr'><strong>ptios</strong></span> <span class='ocrx_word' id='word_1_828' title='bbox 2096 5186 2200 5239; x_wconf 90' lang='lat' dir='ltr'><strong>hoc</strong></span> <span class='ocrx_word' id='word_1_829' title='bbox 2217 5184 2336 5256; x_wconf 86' lang='lat' dir='ltr'><strong>ipso</strong></span> <span class='ocrx_word' id='word_1_830' title='bbox 2362 5190 2609 5253; x_wconf 87' lang='lat' dir='ltr'><strong>tempore</strong></span> <span class='ocrx_word' id='word_1_831' title='bbox 2640 5182 2889 5237; x_wconf 83' lang='lat' dir='ltr'><strong>videmus</strong></span> <span class='ocrx_word' id='word_1_832' title='bbox 2912 5178 3300 5250; x_wconf 86' lang='lat' dir='ltr'><strong>prophetarum</strong></span> <span class='ocrx_word' id='word_1_833' title='bbox 3326 5171 3501 5228; x_wconf 87' lang='lat' dir='ltr'><strong>Deum</strong></span> 
     </span>
    </p>
   </div>
   <div class='ocr_carea' id='block_1_109' title="bbox 1922 5264 3504 5346">
    <p class='ocr_par' dir='ltr' id='par_1_109' title="bbox 1922 5264 3504 5346">
     <span class='ocr_line' id='line_1_109' title="bbox 1922 5264 3504 5346; baseline -0.009 -14"><span class='ocrx_word' id='word_1_834' title='bbox 1922 5280 2271 5342; x_wconf 89' lang='lat' dir='ltr'><strong>invocantes;</strong></span> <span class='ocrx_word' id='word_1_835' title='bbox 2308 5275 2352 5330; x_wconf 92' lang='lat' dir='ltr'><strong>si</strong></span> <span class='ocrx_word' id='word_1_836' title='bbox 2400 5291 2496 5346; x_wconf 91' lang='lat' dir='ltr'><strong>per</strong></span> <span class='ocrx_word' id='word_1_837' title='bbox 2544 5274 2858 5329; x_wconf 91' lang='lat' dir='ltr'><strong>universam</strong></span> <span class='ocrx_word' id='word_1_838' title='bbox 2908 5269 3202 5341; x_wconf 66' lang='lat' dir='ltr'><strong>Egyptum</strong></span> <span class='ocrx_word' id='word_1_839' title='bbox 3249 5265 3304 5320; x_wconf 92' lang='lat' dir='ltr'><strong>in</strong></span> <span class='ocrx_word' id='word_1_840' title='bbox 3345 5264 3504 5319; x_wconf 90' lang='lat' dir='ltr'><strong>omni</strong></span> 
     </span>
    </p>
   </div>
   <div class='ocr_carea' id='block_1_110' title="bbox 1923 5358 3504 5437">
    <p class='ocr_par' dir='ltr' id='par_1_110' title="bbox 1923 5358 3504 5437">
     <span class='ocr_line' id='line_1_110' title="bbox 1923 5358 3504 5437; baseline -0.009 -13"><span class='ocrx_word' id='word_1_841' title='bbox 1923 5372 2063 5434; x_wconf 92' lang='lat' dir='ltr'><strong>loco,</strong></span> <span class='ocrx_word' id='word_1_842' title='bbox 2099 5378 2153 5424; x_wconf 90' lang='lat' dir='ltr'><strong>et</strong></span> <span class='ocrx_word' id='word_1_843' title='bbox 2180 5366 2421 5431; x_wconf 90' lang='lat' dir='ltr'><strong>civitate,</strong></span> <span class='ocrx_word' id='word_1_844' title='bbox 2462 5373 2517 5419; x_wconf 91' lang='lat' dir='ltr'><strong>et</strong></span> <span class='ocrx_word' id='word_1_845' title='bbox 2542 5364 2783 5437; x_wconf 88' lang='lat' dir='ltr'><strong>regione,</strong></span> <span class='ocrx_word' id='word_1_846' title='bbox 2816 5364 2987 5418; x_wconf 82' lang='lat' dir='ltr'><strong>altare</strong></span> <span class='ocrx_word' id='word_1_847' title='bbox 3016 5361 3092 5416; x_wconf 90' lang='lat' dir='ltr'><strong>illi</strong></span> <span class='ocrx_word' id='word_1_848' title='bbox 3116 5358 3226 5415; x_wconf 92' lang='lat' dir='ltr'><strong>Deo</strong></span> <span class='ocrx_word' id='word_1_849' title='bbox 3253 5363 3504 5413; x_wconf 88' lang='lat' dir='ltr'><strong>erectum</strong></span> 
     </span>
    </p>
   </div>
   <div class='ocr_carea' id='block_1_111' title="bbox 1923 5449 3506 5529">
    <p class='ocr_par' dir='ltr' id='par_1_111' title="bbox 1923 5449 3506 5529">
     <span class='ocr_line' id='line_1_111' title="bbox 1923 5449 3506 5529; baseline -0.009 -13"><span class='ocrx_word' id='word_1_850' title='bbox 1923 5475 2033 5516; x_wconf 89' lang='lat' dir='ltr'><strong>non</strong></span> <span class='ocrx_word' id='word_1_851' title='bbox 2059 5467 2163 5526; x_wconf 89' lang='lat' dir='ltr'><strong>est,</strong></span> <span class='ocrx_word' id='word_1_852' title='bbox 2196 5460 2289 5528; x_wconf 89' lang='lat' dir='ltr'><strong>qui</strong></span> <span class='ocrx_word' id='word_1_853' title='bbox 2317 5456 2462 5529; x_wconf 90' lang='lat' dir='ltr'><strong>apud</strong></span> <span class='ocrx_word' id='word_1_854' title='bbox 2512 5458 2660 5512; x_wconf 91' lang='lat' dir='ltr'><strong>solos</strong></span> <span class='ocrx_word' id='word_1_855' title='bbox 2685 5454 2941 5510; x_wconf 69' lang='lat' dir='ltr'><strong>Hebraeos</strong></span> <span class='ocrx_word' id='word_1_856' title='bbox 2975 5452 3229 5507; x_wconf 87' lang='lat' dir='ltr'><strong>laudibus</strong></span> <span class='ocrx_word' id='word_1_857' title='bbox 3258 5449 3506 5505; x_wconf 86' lang='lat' dir='ltr'><strong>celebra-</strong></span> 
     </span>
    </p>
   </div>
   <div class='ocr_carea' id='block_1_112' title="bbox 1922 5535 3509 5621">
    <p class='ocr_par' dir='ltr' id='par_1_112' title="bbox 1922 5535 3509 5621">
     <span class='ocr_line' id='line_1_112' title="bbox 1922 5535 3509 5621; baseline -0.007 -14"><span class='ocrx_word' id='word_1_858' title='bbox 1922 5560 2033 5620; x_wconf 91' lang='lat' dir='ltr'><strong>tur,</strong></span> <span class='ocrx_word' id='word_1_859' title='bbox 2064 5551 2112 5607; x_wconf 91' lang='lat' dir='ltr'><strong>si</strong></span> <span class='ocrx_word' id='word_1_860' title='bbox 2146 5550 2452 5605; x_wconf 81' lang='lat' dir='ltr'><strong>manufacta</strong></span> <span class='ocrx_word' id='word_1_861' title='bbox 2488 5547 2708 5621; x_wconf 65' lang='lat' dir='ltr'><strong>Egypti</strong></span> <span class='ocrx_word' id='word_1_862' title='bbox 2734 5555 3003 5602; x_wconf 87' lang='lat' dir='ltr'><strong>commota</strong></span> <span class='ocrx_word' id='word_1_863' title='bbox 3024 5559 3133 5599; x_wconf 91' lang='lat' dir='ltr'><strong>non</strong></span> <span class='ocrx_word' id='word_1_864' title='bbox 3155 5547 3304 5606; x_wconf 89' lang='lat' dir='ltr'><strong>sunt,</strong></span> <span class='ocrx_word' id='word_1_865' title='bbox 3335 5535 3509 5611; x_wconf 65' lang='grc'><strong>416</strong></span> 
     </span>
    </p>
   </div>
   <div class='ocr_carea' id='block_1_113' title="bbox 1924 5637 3498 5715">
    <p class='ocr_par' dir='ltr' id='par_1_113' title="bbox 1924 5637 3498 5715">
     <span class='ocr_line' id='line_1_113' title="bbox 1924 5637 3498 5715; baseline -0.011 -12"><span class='ocrx_word' id='word_1_866' title='bbox 1924 5655 1979 5703; x_wconf 86' lang='lat' dir='ltr'><strong>et</strong></span> <span class='ocrx_word' id='word_1_867' title='bbox 2000 5645 2297 5703; x_wconf 74' lang='lat' dir='ltr'><strong>daemonica</strong></span> <span class='ocrx_word' id='word_1_868' title='bbox 2334 5645 2417 5701; x_wconf 88' lang='lat' dir='ltr'><strong>vis</strong></span> <span class='ocrx_word' id='word_1_869' title='bbox 2446 5658 2568 5715; x_wconf 83' lang='lat' dir='ltr'><strong>quae</strong></span> <span class='ocrx_word' id='word_1_870' title='bbox 2610 5641 2817 5697; x_wconf 90' lang='lat' dir='ltr'><strong>circum</strong></span> <span class='ocrx_word' id='word_1_871' title='bbox 2861 5639 2952 5694; x_wconf 90' lang='lat' dir='ltr'><strong>illa</strong></span> <span class='ocrx_word' id='word_1_872' title='bbox 2996 5637 3345 5702; x_wconf 85' lang='lat' dir='ltr'><strong>versabatur,</strong></span> <span class='ocrx_word' id='word_1_873' title='bbox 3389 5647 3498 5688; x_wconf 91' lang='lat' dir='ltr'><strong>non</strong></span> 
     </span>
    </p>
   </div>
  </div>
