3908 6266
398 376 498 431 σιτ

1025 368 1291 425 EUSEBII
1328 366 1808 425 CESARIENSIS
1845 364 1995 420 OPP.
2028 362 2206 417 PARS
2245 362 2376 417 ll.-—
2407 361 2906 421 APOLOGETICA.

3510 364 3622 417 618

396 492 615 555 defecit,
646 501 906 559 vetusque
954 487 1330 557 .Egyptiorum
1384 484 1697 555 superstitio
1739 500 1806 538 ex
1834 483 1950 538 ani-

2052 479 2448 549 θεολογουμένῳ
2479 477 2627 549 Θεῷο
2679 480 2727 531 εἰ
2764 478 2838 550 μὴ
2867 477 3134 531 σέσεισται
3162 477 3228 530 τὰ
3264 477 3622 548 χειροποίητα

398 599 503 639 mis
529 596 716 637 eorum
749 587 960 635 sublata
1000 592 1109 631 non
1138 586 1266 643 est;
1306 582 1582 646 praeterea,
1615 575 1660 629 si
1701 589 1797 643 per
1840 574 1953 629 sin-

397 674 552 744 gulas
576 675 820 728 civitates
847 677 899 722 et
929 684 1023 737 per
1050 668 1294 738 singulas
1329 668 1541 729 domos,
1576 666 1770 719 bellum
1816 664 1953 718 inte-

398 767 598 820 stinum
645 762 783 830 apud
834 760 1118 831 [Egyptios
1164 775 1273 814 non
1325 766 1637 829 grassatur,
1682 757 1810 810 dum
1861 755 1949 809 alii

395 856 612 927 quidem
642 853 927 907 Dominum
956 858 1010 907 et
1032 851 1237 905 cultum
1274 848 1366 903 Dei
1393 848 1772 917 prophetarum
1807 845 1952 900 acci-

395 948 572 1017 piunt,
603 958 954 1013 erroremque
981 958 1089 1012 quo
1118 942 1186 996 ab
1225 941 1381 995 initio
1415 939 1549 995 deos
1579 939 1778 993 multos
1802 938 1951 993 cole-

395 1038 545 1101 bant,
582 1020 923 1101 aversantur,
956 1036 1046 1089 alii
1096 1049 1225 1089 vero
1257 1041 1542 1103 propterea
1571 1031 1716 1100 quod
1758 1032 1951 1101 patriis

395 1130 571 1183 adhuc
594 1127 756 1182 malis
786 1126 964 1182 allecti
994 1128 1060 1183 iis
1090 1127 1387 1188 adhaerent,
1412 1140 1507 1180 eos
1546 1124 1636 1194 qui
1665 1123 1950 1180 Dominum

394 1222 722 1291 acceperint,
753 1227 1094 1290 oppugnant,
1128 1218 1174 1272 si
1225 1232 1332 1271 non
1376 1217 1535 1272 hodie
1566 1230 1778 1286 quoque
1822 1215 1951 1269 dum

393 1328 522 1369 suos
553 1312 685 1367 deos
723 1327 929 1381 suaque
987 1311 1300 1373 simulacra,
1340 1299 1546 1380 eesque
1583 1308 1675 1379 qui
1710 1308 1778 1364 de
1804 1317 1948 1364 terra

392 1419 555 1460 voces
591 1404 864 1468 emittunt,
894 1411 949 1458 et
1002 1402 1276 1473 Pythones
1313 1417 1508 1472 rogare
1539 1408 1828 1464 conantur,
1860 1399 1949 1453 in-

396 1491 596 1547 fectum
628 1498 789 1562 atque
818 1491 978 1546 inane
1024 1491 1090 1544 ad
1133 1497 1330 1545 cuncta
1378 1489 1492 1543 bzec
1523 1487 1828 1559 perfugium
1856 1502 1952 1542 ex-

396 1583 701 1653 periuntur,
748 1589 1033 1653 prepterea
1079 1582 1224 1651 quod
1265 1595 1374 1635 non
1418 1578 1651 1649 amplius
1682 1586 1741 1634 ut
1793 1585 1950 1631 antea

395 1673 579 1727 itidem
602 1671 709 1726 vim
733 1685 885 1726 suam
916 1684 1170 1725 exercere
1196 1669 1468 1723 daemones
1490 1671 1737 1737 possunt;
1765 1664 1811 1718 si
1840 1678 1949 1717 non

397 1761 646 1816 universa
678 1761 788 1815 haec
827 1760 1004 1829 reipsa
1050 1760 1209 1815 linem
1260 1775 1419 1815 suum
1473 1757 1746 1812 invenisse
1766 1763 1951 1811 osten-

392 1853 642 1909 duntur:
676 1868 808 1909 sane
857 1828 1096 1908 nondum
1145 1852 1432 1921 quisquam
1482 1849 1613 1903 mihi
1661 1849 1953 1904 arbitretur
1983 1828 2024 1881 Β

393 1945 766 2016 propheticum
820 1959 942 2000 esse
1004 1945 1335 2013 completum
1391 1941 1708 2003 oraculum,
1777 1954 1951 2009 neque

396 2036 680 2091 Dominum
728 2036 877 2089 illum
924 2035 1132 2105 ipsum,
1179 2048 1340 2104 quem
1390 2033 1665 2102 prophetae
1715 2040 1948 2095 canunt,

394 2127 537 2196 apud
565 2125 816 2181 homines
845 2125 1064 2180 vixisse.
1097 2125 1155 2178 Si
1184 2138 1312 2178 vero
1355 2138 1415 2179 re
1452 2122 1590 2193 ipsa,
1615 2137 1736 2193 quae
1770 2121 1951 2177 verbis

394 2218 554 2289 longe
591 2226 676 2273 est
719 2217 1042 2281 evidentior,
1078 2215 1173 2280 qui
1215 2215 1506 2286 Egyptum
1554 2213 1799 2267 incolunt
1833 2227 1954 2267 cer-

394 2318 598 2366 nuntur
646 2309 886 2378 interim,
921 2322 1048 2378 pars
1088 2305 1307 2376 quidem
1348 2304 1733 2375 prophetarum
1782 2301 1950 2359 Deum

393 2401 703 2474 agnovisse,
729 2406 783 2455 et
811 2406 1033 2470 propter
1056 2398 1206 2452 illum
1238 2398 1444 2468 patrios
1470 2397 1601 2452 deos
1642 2396 1949 2465 reliquisse,

392 2493 485 2548 alii
517 2507 648 2548 vero
692 2497 884 2545 contra
930 2490 1031 2544 hos
1074 2488 1371 2543 seditiones
1403 2487 1623 2543 assidue
1651 2486 1949 2550 concitare,

394 2590 448 2638 et
479 2582 570 2637 alii
597 2580 729 2637 deos
757 2594 907 2643 suos,
950 2593 1157 2648 suaque
1186 2578 1499 2643 simulacra,
1532 2592 1737 2647 eosque
1761 2576 1856 2647 qui
1886 2575 1955 2633 de

394 2685 540 2729 terra
569 2687 729 2728 voces
756 2671 1032 2733 emittunt,
1064 2670 1381 2724 invocantes
1423 2668 1559 2723 nihil
1588 2683 1749 2738 posse
1785 2666 1952 2737 profi-

394 2778 540 2826 cere,
567 2761 656 2815 alii
698 2759 928 2814 Domino
975 2758 1362 2829 prophetarum
1406 2758 1463 2812 in
1513 2756 1660 2811 omni
1699 2754 1953 2827 zEgyptia

395 2854 634 2926 regione,
660 2853 834 2907 altare
860 2865 957 2920 per
988 2850 1232 2920 singulas
1263 2849 1523 2904 ecclesias
1566 2848 1826 2911 erexisse,
1867 2847 1952 2900 in-

395 2960 499 3017 que
545 2943 926 3001 aﬁlictionibus
969 2951 1022 2996 et
1060 2941 1164 2996 sibi
1205 2939 1421 2996 infestis
1462 2940 1949 3004 insectationibus,

394 3054 503 3093 non
539 3036 769 3105 amplius
796 3034 1005 3089 belluas
1033 3048 1209 3102 neque
1239 3031 1451 3101 reptilia
1492 3039 1651 3085 terrae
1678 3031 1831 3096 deos,
1858 3047 1954 3087 ne-

394 3146 500 3201 que
528 3134 766 3200 agrestes
788 3127 932 3182 feras
959 3134 1013 3181 et
1034 3126 1194 3180 bruta
1219 3124 1495 3186 animalia,
1525 3131 1804 3194 parentum
1826 3138 1956 3178 suo-
1980 3160 2021 3216 ρ

394 3237 514 3277 rum
546 3220 743 3287 instar,
773 3218 867 3274 sed
894 3232 1204 3288 supremum
1244 3215 1413 3270 Deum
1444 3217 1717 3279 invocare,
1743 3215 1952 3271 solum-

393 3329 500 3384 que
525 3326 673 3375 eum,
703 3309 931 3379 ejusque
985 3309 1231 3363 timorem
1279 3307 1335 3361 in
1367 3306 1483 3361 suis
1516 3305 1792 3362 mentibus
1822 3321 1955 3360 con-

393 3411 609 3474 ceptum
643 3411 846 3467 tenere,
896 3391 1198 3469 vavereque
1240 3397 1414 3453 eidem
1448 3403 1596 3460 vota,
1626 3412 1737 3451 non
1772 3404 1951 3451 autem

394 3496 729 3553 daemonibus
772 3501 830 3548 ut
863 3494 1036 3564 prius,
1069 3499 1123 3547 et
1169 3505 1288 3561 quae
1332 3490 1433 3559 ipsi
1476 3488 1587 3544 Deo
1630 3489 1954 3543 conveniant

394 3585 663 3658 promissa
691 3584 920 3640 reddere
948 3596 1092 3638 :-cur
1130 3594 1242 3635 non
1286 3579 1553 3649 sequitur,
1597 3585 1657 3633 ut
1689 3579 1954 3633 fateamur

393 3678 557 3734 etiam
584 3692 670 3740 ea,
701 3690 825 3746 quae
853 3675 1005 3746 ipsos
1027 3681 1255 3729 eventus
1284 3680 1693 3727 antecesserunt
1727 3670 1784 3724 in
1815 3685 1953 3740 opus

390 3771 503 3841 jam
546 3768 905 3840 processisse,
947 3781 1047 3822 nec
1087 3764 1268 3819 futura
1310 3764 1541 3835 amplius
1570 3763 1625 3817 in
1651 3771 1949 3833 posterum,

393 3862 490 3918 sed
535 3860 593 3916 in
638 3860 969 3930 praeteritum
1016 3856 1256 3911 abiisse?
1292 3854 1464 3910 Porro
1519 3855 1635 3925 ipsa
1675 3855 1789 3909 hate
1825 3860 1953 3908 sunt

394 3952 567 4023 ipsius
604 3949 812 4004 Domini
841 3947 909 4002 ad
940 3946 1222 4017 [Egyptios
1248 3946 1376 3999 olim
1411 3945 1649 4008 futurus,
1693 3959 1802 3999 non
1835 3944 1953 3999 sine

393 4057 622 4113 corpore
655 4041 940 4104 adventus,
968 4037 1065 4093 sed
1093 4052 1187 4107 per
1215 4035 1413 4090 nubem
1452 4036 1645 4100 levem,
1677 4049 1741 4089 ac
1770 4034 1953 4104 potius

395 4149 492 4205 per
521 4129 939 4188 crassitudinem
971 4128 1185 4198 agilem.
1220 4125 1312 4181 Sic
1345 4126 1490 4181 enim
1524 4124 1822 4181 Hebraicus
1854 4125 1952 4179 ha-

395 4227 486 4281 bet
509 4229 818 4288 contextus,
851 4221 978 4276 dum
1014 4219 1160 4275 illius
1193 4233 1513 4288 corporeum
1544 4218 1832 4273 adventum
1854 4218 1953 4274 ob-

396 4330 556 4371 scure
606 4312 894 4386 signiﬁcat.
951 4309 1187 4366 Proinde
1237 4308 1382 4363 hunc
1436 4309 1611 4378 ipsum
1666 4324 1951 4379 progressa

394 4407 610 4478 longius
676 4406 883 4469 oratio,
946 4403 1221 4458 hominem
1300 4399 1635 4455 Salvatorem
1702 4404 1947 4466 vocavit,

2052 567 2347 637 Αἰγύπτου,
2370 569 2470 638 τῆς
2503 569 2630 640 περί
2652 569 2788 622 αὐτὰ
2814 569 3131 641 δαιμνικῆς
3161 569 3443 638 δυνάμεως
3471 568 3626 621 ὲκλε-

2052 658 2297 722 λοιπυίας
2313 701 2328 719 .
2354 659 2450 713 καὶ
2475 660 2572 731 τῆς
2598 660 2831 724 παλαιᾶς
2852 660 3262 731 δεισιδαιμονίας
3284 659 3349 713 ἐκ
3374 660 3476 730 τῆς
3511 660 3624 713 τῶν

2052 750 2356 819 Αἰγυπτίων
2385 749 2563 821 ψυχῆς
2603 750 2860 821 ἀρθείσης
2880 768 2893 781 ·
2923 752 3016 804 καὶ
3044 751 3122 805 ἔτι
3152 751 3288 823 πρὸς
3326 751 3543 814 τούτοις
3574 753 3625 805 εἰ

2056 842 2129 914 μὴ
2161 841 2280 896 καθ’
2312 843 2544 913 ἑκάστην
2576 843 2728 895 πόλιν
2759 844 2854 895 καὶ
2875 843 2996 896 καθ’
3030 843 3258 896 ἕκαστον
3283 838 3429 895 οἷκον
3458 844 3626 896 πόλε-

2055 952 2154 1004 μος
2187 933 2447 1004 ἐμφύλιος
2488 936 2600 998 τοῖς
2642 934 2959 1001 Αἰγυπτίοις
2991 934 3337 999 συνίσταται,
3375 933 3486 988 τῶν
3523 935 3623 1005 μὲν

2050 1028 2141 1082 τὸν
2186 1028 2387 1099 Κύριον
2431 1028 2523 1080 καί¹
2565 1027 2626 1079 τὸ
2669 1026 2830 1090 σέϐας
2859 1025 2953 1079 τοῦ
2995 1027 3128 1080 Θεοῦ
3169 1025 3279 1079 τῶν
3319 1025 3624 1097 προφητῶν

2052 1116 2464 1187 ἀποδεξαμένων
2487 1157 2502 1182 ,
2559 1117 2652 1169 καὶ
2692 1117 3144 1188 ἀποστραφέντων
3187 1118 3287 1190 τὴν
3319 1116 3378 1181 ἐξ
3420 1116 3625 1180 αἰῶνος

2052 1206 2307 1263 πολύθεον
2340 1208 2546 1280 πλάνην
2572 1246 2587 1271 ,
2636 1208 2743 1261 τῶν
2775 1207 2833 1260 δὲ
2856 1248 2871 1266 .
2914 1207 3003 1261 διὰ
3024 1206 3085 1261 τὸ
3114 1210 3226 1272 τοῖς
3256 1208 3510 1280 πατρίοις
3541 1207 3624 1260 ἔτι

2052 1300 2479 1372 προστετηκέναι
2528 1302 2744 1363 κακοῖς,
2783 1300 2907 1362 τοὺς,
2939 1298 3028 1352 τὸν
3059 1298 3261 1370 Κύριον
3309 1298 3625 1370 παραδεξα-

2055 1392 2245 1461 μένους
2267 1390 2640 1463 πολεμούντων
2660 1408 2674 1422 ·
2709 1394 2757 1445 εἰ
2793 1391 2866 1462 μὴ
2898 1392 3063 1444 εἰσέτι
3095 1390 3190 1444 καὶ
3218 1390 3375 1463 δεῦρο
3404 1394 3625 1462 ἐπερω-

2050 1482 2147 1552 τᾷν
2181 1481 2508 1554 πειρώμενοι
2534 1483 2658 1546 τοὺς
2688 1483 2890 1536 ἑαυτῶν
2916 1482 3070 1547 θεοὺς
3093 1483 3186 1536 καὶ
3208 1483 3275 1536 τὰ
3301 1483 3620 1554 ἀγάλματα,

2052 1573 2143 1626 καὶ
2168 1575 2294 1637 τοὺς
2325 1575 2389 1627 ἐκ
2417 1574 2518 1644 τῆς
2544 1576 2647 1645 γῆς
2677 1575 2983 1644 φωνοῦντας
3002 1614 3017 1636 ,
3053 1574 3147 1627 καὶ
3175 1573 3298 1638 τοὺς
3326 1576 3625 1644 ἐγγαστρι-

2055 1663 2272 1734 μύθους,
2295 1664 2456 1734 ἀτελῆ
2480 1664 2573 1719 καί
2600 1666 2874 1735 ἄπρακτον
2898 1667 2996 1737 τὴν
3023 1666 3114 1718 ἐπὶ
3141 1662 3263 1717 τάδε
3296 1664 3623 1735 καταφυγὴν

2051 1753 2324 1808 ποιοῦνται
2347 1794 2362 1820 ,
2388 1755 2477 1807 διὰ
2510 1753 2570 1808 τὸ
2598 1756 2790 1826 μηκέθ’
2817 1755 3016 1827 ὁμοίως
3049 1754 3288 1826 ἐνεργεῖν
3313 1753 3581 1808 δύνασθαι
3607 1793 3621 1816 ,

2052 1843 2237 1915 ὥσπερ
2268 1844 2327 1897 τὸ
2352 1845 2478 1914 πρὶν
2504 1883 2519 1907 ,
2549 1848 2676 1909 τοὺς
2702 1846 2993 1926 δαίμονας
3027 1848 3076 1898 εἰ
3121 1844 3194 1916 μὴ
3234 1844 3413 1898 πάντα
3443 1843 3625 1897 ταῦτα

2052 1932 2230 2006 ἔργοις
2257 1935 2436 1999 αὐτοῖς
2462 1934 2614 1999 τέλος
2655 1935 2913 2007 εἰληφότα
2939 1934 3242 1999 δείκνυται,
3281 1935 3352 2004 μή
3394 1932 3487 1985 πώ
3534 1950 3624 2003 μοι

2051 2026 2320 2095 νομίζοιτο
2358 2030 2420 2081 τὸ
2459 2022 2790 2099 προφητικὸν
2822 2020 3208 2098 πεπληρῶσθαι
3240 2025 3452 2093 λόγιον,
3489 2024 3625 2095 μηδὲ

2049 2116 2142 2171 τὸν
2167 2117 2548 2189 θεσπιζόμενον
2578 2119 2778 2190 Κύριον
2803 2117 3251 2189 ἐπιδεδημηκέναι
3281 2117 3359 2188 τῷ
3389 2116 3495 2187 βίῳ
3514 2116 3625 2169 τῶν

2052 2208 2367 2282 ἀνθρώπων.
2396 2212 2458 2264 Εἰ
2482 2211 2537 2266 δὲ
2562 2210 2745 2273 αὐτοῖς
2767 2209 2946 2281 ἔργοις
2976 2210 3113 2262 κατά
3146 2210 3277 2264 πολὺ
3301 2209 3411 2262 τῶν
3437 2208 3623 2277 λόγων

2052 2302 2460 2375 ὲναργεστέροις
2490 2303 2655 2357 εἰσέτι
2690 2302 2847 2373 δεῦρο
2881 2301 3206 2372 θεωροῦνται
3234 2304 3281 2354 οἰ
3313 2303 3414 2372 τὴν
3450 2301 3628 2369 Αἰγυ-

2052 2411 2184 2447 πτον
2218 2393 2508 2457 οἰκοῦντες,
2536 2395 2584 2447 οἱ
2621 2394 2719 2465 μὲν
2750 2393 2841 2446 τὸν
2873 2393 3004 2446 Θεὸν
3041 2392 3150 2446 τῶν
3181 2391 3479 2463 προφητῶν
3529 2394 3627 2445 ὲπο

2053 2488 2367 2557 εγνωκότες,
2396 2488 2491 2542 καὶ
2511 2488 2578 2540 δι’
2600 2488 2759 2542 αὐτὸν
2786 2489 2911 2551 τοὺς
2945 2487 3204 2557 πατρίους
3233 2485 3626 2541 καταλελοιπό-

2051 2596 2142 2643 τες
2168 2578 2341 2643 θεοὺς,
2364 2581 2412 2632 οἱ
2439 2578 2496 2631 δὲ
2529 2577 2663 2650 πρὸς
2685 2577 2910 2643 τούτους
2947 2576 3338 2641 στασιαστικῶς
3366 2576 3622 2647 ἔχοντες·

2054 2670 2148 2723 καὶ
2172 2670 2220 2723 ot
2263 2670 2359 2741 μὲν
2384 2671 2507 2733 τοὺς
2543 2666 2698 2733 θεοὺς
2730 2668 2907 2722 αὐτῶν
2938 2669 3102 2722 εἰσέτι
3133 2668 3227 2722 νῦν
3255 2668 3625 2740 ἐπικαλούμε-

2053 2777 2131 2814 νοι
2155 2761 2247 2814 καὶ
2271 2759 2339 2813 τὰ
2357 2761 2666 2832 ἀγάλματα,
2689 2760 2782 2815 καὶ
2804 2762 2929 2824 τοὺς
2949 2762 3012 2814 ἐκ
3035 2760 3134 2830 τῆς
3159 2760 3262 2830 γῆς
3283 2761 3622 2829 φωνοῦντας,

2057 2852 2221 2923 μηδέν
2247 2869 2308 2905 τε
2337 2853 2575 2924 ἐνεργεῖν
2606 2853 2934 2923 δυναμένους
2957 2893 2971 2914 ,
3001 2854 3050 2906 οἰ
3079 2853 3135 2906 δὲ
3175 2851 3252 2923 τῷ
3281 2853 3476 2925 Κυρίῳ
3511 2853 3623 2905 τῶν

2054 2945 2341 3015 προφητῶν
2364 2945 2422 2998 έν
2447 2944 2596 3015 πάσῃ
2627 2946 2693 3014 τῇ
2717 2943 3025 3013 Αἰγυπτίων
3048 2942 3200 3016 χώρᾳ
3233 2944 3626 3016 θυσιαστήριον

2053 3034 2175 3088 καθ’
2220 3035 2452 3107 ἑκάστην
2495 3035 2788 3106 ἐκκλησίαν
2854 3037 3283 3107 συστησάμενοι,
3312 3036 3368 3091 ἒν
3409 3054 3470 3090 τε
3498 3040 3625 3101 ταῖς

2055 3125 2263 3195 θλίψεσι
2312 3128 2406 3181 καὶ
2447 3131 2559 3190 τοῖς
2606 3129 2725 3181 κατ’
2774 3128 2951 3180 αὐτῶν
3000 3129 3258 3199 διωγμοῖς
3307 3123 3495 3183 οὐκέτι
3558 3130 3628 3182 τά

2055 3216 2327 3283 κνώδαλα,
2361 3218 2482 3271 οὐδὲ
2510 3218 2578 3272 τὰ
2616 3218 2821 3291 ἑρπετά
2848 3219 2948 3289 τῆς
2974 3221 3077 3290 γῆς
3097 3258 3111 3281 ,
3159 3219 3234 3283 ὡς
3275 3218 3431 3282 θεοὺς
3451 3260 3465 3284 ,
3502 3219 3628 3273 οὐδὲ

2051 3310 2176 3372 τοὺς
2211 3311 2434 3380 ἀγρίους
2460 3310 2633 3382 θῆρας
2665 3312 2759 3365 καὶ
2784 3310 2854 3364 τὰ
2884 3312 3053 3381 ἄλογα
3090 3310 3204 3375 ζῶα
3227 3351 3242 3375 ,
3272 3311 3475 3383 ὁμοίως
3509 3316 3627 3375 τοῖς

2052 3401 2230 3454 αὐτῶν
2263 3402 2527 3473 πατράσι,
2556 3400 2690 3455 ἀλλὰ
2732 3398 2822 3455 τὸν
2865 3403 2955 3454 ἐπὶ
2987 3401 3202 3456 πάντων
3244 3389 3373 3454 Θεὸν
3418 3402 3627 3457 ἐπικα-

2051 3492 2334 3563 λούμενοι,
2373 3494 2467 3546 καί
2514 3492 2671 3564 μόνον
2706 3493 2865 3547 αὑτὸν
2899 3493 2993 3546 καὶ
3024 3489 3114 3546 τὸν
3160 3490 3324 3546 αὐτοῦ
3357 3491 3530 3562 φόϐον
3570 3497 3627 3547 ὲν

2049 3584 2171 3646 ταῖς
2205 3581 2382 3639 αὐτῶν
2413 3584 2672 3649 διανοίαις
2697 3583 3098 3654 κατειληφότες,
3121 3582 3403 3655 εὐχόμενοί
3427 3601 3491 3636 τε
3524 3586 3626 3639 αὐ-

2050 3674 2128 3746 τῷ
2161 3674 2344 3747 εὐχὰς,
2370 3675 2484 3729 ἀλλ’
2516 3676 2697 3729 οὐκέτι
2724 3678 2835 3739 τοῖς
2858 3675 3103 3747 δαίμοσι,
3149 3675 3243 3729 καί⁹
3278 3675 3629 3740 ἀποδιδόντες

2051 3765 2149 3830 τὰς
2181 3766 2501 3838 θεοπρεπεῖς
2529 3765 2880 3835 ἐπαγγελίας,
2902 3766 3020 3832 πῶς
3046 3767 3143 3836 οὐχ
3172 3766 3361 3819 ἕπεται
3389 3782 3626 3837 συνομο-

2049 3858 2226 3928 λογεῖν
2277 3858 2369 3911 καὶ
2418 3857 2486 3911 τὰ
2532 3857 2638 3929 πρὸ
2681 3856 2789 3911 τῶν
2830 3857 3279 3929 ἀποτελεσμάτων
3328 3859 3409 3921 εἰς
3456 3857 3627 3929 ἔργον

2050 3950 2150 4021 ῆδη
2182 3949 2555 4020 κεχωρηκέναι
2579 3965 2594 4013 ;
2620 3944 2688 4020 ἦν
2715 3949 2773 4003 δὲ
2806 3948 3007 4013 ταῦτα,
3039 3948 3134 4002 τοῦ
3172 3950 3376 4021 Κυρίου
3406 3966 3623 4021 παρου-

2053 4039 2141 4092 σία
2180 4041 2258 4103 εἰς
2290 4038 2563 4108 Αἴγυπτον
2592 4038 2691 4091 οὐκ
2721 4037 3011 4109 ἀσώματος
3040 4038 3445 4110 ἀποϐησομένη,
3478 4039 3623 4092 ἀλλά

2049 4131 2138 4185 διὰ
2178 4130 2407 4202 νεφέλης
2442 4130 2648 4202 κούφης,
2667 4169 2681 4194 ,
2707 4129 2742 4200 ἢ
2771 4132 2866 4183 καὶ
2896 4129 3095 4200 μᾶλλον
3130 4129 3218 4183 διὰ
3248 4131 3455 4200 πάχους
3492 4130 3625 4184 ἐλα-

2054 4222 2209 4294 φροῦ.
2232 4223 2386 4276 Οὕτω
2409 4222 2517 4294 γάρ
2548 4223 2609 4276 τὸ
2636 4221 2919 4294 Ἐὁραῖκὸν
2947 4223 3206 4294 περιέχει,
3227 4222 3327 4293 τὴν
3353 4221 3623 4293 ἔνσαρκον

2053 4313 2216 4369 αὐτοῦ
2264 4310 2565 4385 παρουσίαν
2595 4315 2980 4385 αἰνιττόμενον.
3017 4313 3216 4368 Τοῦτον
3249 4315 3306 4368 δὲ
3332 4310 3424 4368 οὖν
3450 4316 3622 4369 αὑτὸν

2051 4404 2256 4480 προῖὼν
2287 4404 2413 4477 ἑξῆς
2451 4409 2479 4460 ὁ
2512 4406 2668 4474 λόγος
2697 4407 2977 4478 ἄνθρωπον
3018 4407 3245 4478 Σωτῆρα
3269 4406 3581 4461 ἀπεκάλεσε
3602 4449 3618 4469 ,

393 4497 554 4570 415
570 4496 656 4553 his
675 4496 854 4552 verbis
881 4514 894 4550 :
930 4514 949 4547 ‹
984 4493 1050 4548 Et
1075 4493 1250 4548 mittet
1267 4491 1346 4548 eis
1363 4490 1624 4547 Dominus
1653 4492 1947 4556 hominem,

2055 4500 2263 4570 φήσας’
2305 4519 2324 4551 ι
2362 4499 2472 4553 Καὶ
2499 4499 2789 4553 ἀποστελεῖ
2823 4500 3005 4562 αὐτοῖς
3049 4499 3252 4571 Κύριος
3303 4498 3618 4569 ἄνθρωπον,

393 4591 487 4661 qui
514 4588 744 4646 salvabit
779 4602 895 4644 eos.
925 4604 945 4638 ι
973 4584 1107 4639 Nam
1142 4583 1230 4638 hic
1258 4599 1447 4640 rursus
1490 4583 1542 4637 in
1573 4583 1841 4639 Hebraieo
1870 4585 1950 4639 si:

392 4688 478 4739 est
512 4701 525 4737 :
564 4700 583 4732 ι
621 4679 687 4733 Et
724 4684 900 4734 mittet
929 4679 1008 4733 eis
1041 4676 1301 4731 Dominus
1326 4675 1684 4740 Salvatorem,
1711 4676 1805 4745 qui
1839 4676 1948 4732 sal-

395 4772 540 4827 vabit
568 4785 683 4826 eos.
717 4790 735 4822 ι
770 4768 900 4834 Quae
947 4783 1070 4823 cum
1109 4767 1243 4823 adeo
1271 4765 1575 4822 evidentem
1609 4765 1949 4821 demonstra-

392 4863 594 4919 tionem
624 4861 933 4924 exhibeant,
961 4859 1193 4915 arbitror
1210 4859 1371 4913 etiam
1397 4858 1728 4922 constitisse,
1752 4858 1949 4927 quibus

393 4955 728 5025 temporibus
773 4967 836 5007 ea
871 4951 1052 5006 futura
1080 4960 1425 5013 canerentur,
1459 4964 1580 5019 quae
1628 4950 1695 5003 ad
1735 4948 1950 5004 Domini

392 5047 682 5102 adventum
706 5044 772 5100 ad
795 5045 1040 5098 homines
1067 5043 1426 5111 pertinebant.
1456 5040 1581 5096 Haec
1607 5057 1739 5096 sane
1760 5043 1949 5112 paucis

393 5141 601 5196 anobis
622 5139 847 5194 collecta
882 5145 1029 5202 sunt,
1055 5139 1122 5193 de
1155 5135 1490 5207 temporibus
1524 5135 1723 5204 quibus
1761 5134 1947 5189 Domi-

393 5243 499 5281 nus
530 5226 632 5280 fuit
662 5228 728 5281 ad
777 5227 1023 5281 homines
1074 5233 1354 5281 venturus.
1405 5225 1568 5277 Plura
1620 5233 1802 5278 autem
1852 5240 1950 5294 per

394 5319 566 5373 otium
597 5319 867 5390 quispiam
891 5318 1162 5383 inveniet,
1188 5318 1234 5373 si
1265 5317 1504 5387 reliquas
1532 5317 1659 5372 item
1696 5316 1950 5389 Scriptu-

395 5424 486 5464 ras
508 5412 854 5479 percurrerit.
883 5409 991 5465 Nos
1022 5417 1202 5464 autem
1242 5411 1327 5467 his
1349 5410 1587 5465 contenti
1618 5424 1738 5479 quae
1762 5409 1951 5464 hacte-

396 5516 500 5557 nus
526 5500 669 5554 dicta
697 5507 842 5563 sunt,
856 5501 969 5572 jam
993 5516 1137 5556 nunc
1156 5501 1393 5572 reliquas
1421 5517 1635 5571 quoque
1666 5500 1949 5571 aggredia-

397 5610 518 5647 mur
554 5593 880 5661 prophetias.
914 5594 1094 5659 Quare
1124 5608 1246 5662 qua:
1277 5593 1343 5645 ab
1384 5592 1477 5646 illo
1520 5591 1661 5646 inter
1698 5593 1947 5648 homines

398 5698 500 5737 suo
537 5682 726 5735 ordine
764 5692 889 5738 sunt
929 5682 1300 5736 administrata
1325 5723 1340 5747 ,
1375 5698 1437 5738 ex
1480 5682 1678 5736 divinis
1709 5683 1945 5739 oraculis

397 5774 737 5842 colligamus.

2050 4590 2109 4654 ὃς
2135 4588 2297 4644 σώσει
2327 4589 2543 4654 αὐτούς.
2574 4611 2592 4642 ›
2634 4590 2802 4643 Πάλιν
2831 4589 2962 4658 γοῦν
2994 4590 3270 4644 κάνταῦθα
3301 4589 3361 4642 τὸ
3402 4584 3621 4663 Ἑϐραῖ-

2052 4680 2166 4745 κὸν,
2201 4700 2220 4732 ι
2249 4680 2360 4734 Καὶ
2393 4681 2682 4734 ἀποστελεῖ
2707 4681 2886 4744 αὐτοῖς
2915 4679 3117 4751 Κύριος
3150 4680 3404 4751 Σωτῆρα,
3425 4679 3486 4743 ὃς
3518 4681 3619 4732 σώ-

2054 4791 2136 4827 σει
2164 4775 2359 4838 αὒτοὺς
2377 4813 2392 4838 ,
2422 4794 2440 4825 ι
2481 4773 2611 4844 ἔχει.
2641 4767 2741 4826 Ὧν
2766 4772 2940 4836 οὕτως
2966 4772 3170 4843 ἐναργῆ
3206 4772 3304 4844 τὴν
3340 4770 3618 4837 ἀπόδειξιν

2052 4868 2460 4939 παρεχομένων,
2490 4867 2728 4938 ἡγοῦμαι
2757 4867 2853 4920 καὶ
2881 4866 3007 4928 τοὺς
3032 4865 3260 4936 χρόνους
3288 4867 3481 4935 σαφεῖς
3520 4882 3616 4933 γε-

2049 4959 2283 5029 γονέναι,
2319 4956 2439 5014 καθ’
2464 4959 2556 5023 οὒς
2588 4960 2658 5012 τὰ
2684 4959 2783 5029 τῆς
2817 4961 2897 5021 εἰς
2930 4956 3250 5028 ἀνθρώπους
3275 4957 3368 5011 τοῦ
3402 4956 3612 5028 Κυρίου

2052 5051 2353 5123 παρουσίας
2384 5048 2716 5114 ὲθεσπίζετο.
2750 5048 2998 5102 Τοσαῦτα
3020 5047 3107 5101 διὰ
3141 5048 3385 5119 βραχέων
3417 5050 3511 5102 καὶ
3544 5048 3613 5102 τὰ

2052 5140 2180 5209 περί
2224 5142 2331 5195 τῶν
2379 5141 2586 5211 χρόνων
2635 5140 2735 5209 τῆς
2782 5139 2877 5192 τοῦ
2920 5139 3122 5211 Κυρίου
3166 5141 3247 5203 εἰς
3291 5137 3611 5210 ἀνθρώπους

2052 5233 2275 5300 φανείας
2301 5231 2561 5301 συνῆκται
2578 5246 2590 5259 ’
2609 5230 2826 5283 πλείονα
2847 5229 2890 5282 δ’
2918 5229 2981 5283 ἀν
3001 5247 3084 5292 τις
3103 5228 3195 5281 ἐπὶ
3223 5228 3414 5300 σχολῆς
3437 5228 3606 5300 εὖροι.

2052 5322 2144 5375 καὶ
2186 5322 2287 5384 τὰς
2328 5320 2520 5384 λοιπὰς
2561 5319 2851 5392 ὲκπεριιὼν
2879 5319 3118 5391 Γραφάς.
3155 5321 3346 5390 Ἡμεῖς
3374 5336 3439 5389 γε
3471 5321 3604 5391 μὴν,

2050 5415 2160 5475 τοῖς
2203 5412 2508 5482 εἰρημένοις
2547 5410 2935 5483 ἀρκεσθέντες,
2970 5410 3194 5481 μέτιμεν
3233 5410 3332 5482 ἤδη
3383 5411 3479 5464 καὶ
3516 5410 3607 5465 ἐπὶ

2049 5501 2148 5566 τὰς
2186 5502 2376 5567 λοιπάς
2406 5503 2738 5575 προφητείας
2758 5543 2773 5567 ,
2804 5502 2869 5555 δι’
2902 5494 2977 5557 ὧν
3006 5503 3076 5556 τά
3101 5502 3521 5574 οἰκονομηθέντα
3547 5506 3606 5556 ὲν

2052 5593 2355 5665 ἀνθρώποις
2392 5594 2698 5658 ἀκολούθως
2734 5593 2882 5664 αὑτῷ
2921 5596 2984 5647 ὲκ
3013 5594 3118 5648 τῶν
3157 5594 3317 5650 θείων
3360 5596 3605 5668 προρρή-

2054 5702 2188 5738 σεων
2221 5686 2604 5758 ἀναλεξόμεθα.
