3908 6266
450 297 543 354 rs:
1078 291 1343 349 susse"
1382 284 1857 345 emsamsnsrs
1896 282 2049 341 ore.
2082 250 2279 340 ralis.
2317 282 2381 339 ιι.
2407 314 2475 325 -
2515 273 3015 341 APOLOGETICA.
3569 296 3664 355 53,

447 425 667 482 eventu,
693 415 1073 472 declarabitur.
1109 414 1245 468 Cum
1291 412 1455 482 igitur
1490 409 1725 479 primum
1762 404 1990 460 omniun

2120 405 2205 474 τῆς
2224 404 2492 473 γενέσεως
2522 402 2685 457 αὑτοῦ
2708 444 2723 468 ,
2752 404 2940 474 γένους
2963 421 3022 457 τε
3051 404 3142 459 καὶ
3167 407 3356 477 φυλῆς,
3389 406 3482 462 καὶ
3515 411 3663 482 σπέρ-

447 523 535 571 ea,
570 523 691 579 quae
721 509 787 563 ad
818 507 963 562 illius
1006 516 1059 561 et
1096 512 1297 568 ortum,
1330 510 1385 556 et
1407 515 1600 572 genus.
1625 508 1678 554 et
1701 499 1924 561 tribum,
1958 512 1986 551 e

2122 513 2283 567 ματος
2306 494 2680 549 ἀποδέδεικται
2710 535 2726 560 ,
2754 497 2885 567 φέρε
2915 496 2982 550 τά
3024 498 3152 571 περὶ
3179 498 3271 554 τοῦ
3303 500 3556 569 φανέντος
3585 505 3665 558 ἐπὶ

448 616 629 654 semen
667 599 960 669 pertinent,
989 596 1364 652 demonstrata
1411 594 1540 655 sint,
1571 605 1716 646 nunc
1740 590 1852 660 jam
1882 589 1991 660 quit

2123 592 2177 660 τῇ
2205 588 2414 658 γενέσει
2440 588 2605 643 αὐτοῦ
2633 590 2752 642 νέου
2776 591 2921 655 τινος
2944 591 3037 645 καὶ
3065 591 3364 659 ξενίζοντος
3386 595 3532 667 παρά
3554 596 3666 662 τοὺς

445 691 512 744 de
545 689 721 744 sidere
750 690 842 743 illo
872 690 943 744 sit
971 687 1284 745 dicendum.
1315 685 1460 757 quod
1491 698 1690 739 novum
1737 690 1792 736 et
1825 682 1988 736 insoli

2122 682 2369 754 συνήθεις
2412 683 2641 755 ἀστέρος
2667 681 2987 752 θεασώμεθα
3010 701 3024 715 ·
3055 687 3176 739 ἐπεὶ
3208 686 3303 739 καλ⁵
3332 687 3487 741 τοῦτο
3518 689 3665 742 πάλαι

443 790 559 837 tum
586 791 781 852 praeter
809 790 1071 838 consueta
1106 792 1160 836 et
1190 781 1351 835 nobis
1378 778 1593 849 cognita
1626 776 1805 832 sidera
1836 775 1891 829 in
1924 790 1986 829 or

2126 777 2374 849 πρότερον
2408 777 2472 828 ἐκ
2519 775 2744 848 μακρῶν
2792 776 2997 831 ἄνωθεν
3030 779 3237 849 χρόνων
3280 782 3433 852 παρά
3466 783 3669 836 Μωῦσεί

443 883 502 929 ιιι
533 876 680 931 illius
708 876 955 940 emicuit,
986 890 1174 945 quaeso
1236 873 1690 943 contemplemur.
1743 868 1878 923 Nam
1909 868 1986 923 ho:

1743 868 1878 923 Nam
1909 868 2013 923 hoc
2117 866 2387 939 βοώμενον
2416 864 2602 919 τοῦτον
2635 865 2911 939 ἱστόρηται
2938 867 3029 922 τὸν
3057 869 3276 940 τρόπον.

441 971 855 1043 ipsumguoque
872 970 1196 1042 jampridem
1231 970 1299 1025 ab
1328 967 1569 1038 antiquis
1592 980 1765 1036 usque
1785 973 1839 1021 et
1862 964 2053 1035 primis
2076 964 2416 1035 temporibus
2446 960 2589 1032 apud
2611 961 2813 1018 Mosem
2837 962 3172 1020 celebratum
3207 964 3504 1030 invenitur,
3528 973 3673 1038 atque

442 1065 496 1119 in
527 1065 673 1120 hunc
700 1065 917 1120 modum
953 1064 1283 1134 expositum.

440 1189 479 1241 Α
523 1185 793 1241 Numeris.
816 1215 885 1225 ——
906 1184 981 1238 De
1009 1185 1163 1239 rebus
1193 1183 1474 1238 secundum
1506 1181 1794 1254 humanam
1820 1179 1885 1234 ab
1916 1179 1983 1254 illi

2131 1176 2263 1230 Ἀπὸ
2284 1173 2400 1229 τῶν
2412 1172 2705 1254 Ἆρ-ιθμεῦν.
2726 1203 2794 1214 —
2808 1172 2944 1254 IIf‘pi
2959 1173 3077 1254 τῶξ·
3092 1177 3242 1231 κατὰ
3262 1178 3378 1254 τὴν
3399 1181 3662 1252 ἐνανθρώ-

510 1266 834 1325 assumptam
876 1269 1125 1309 naturam
1159 1255 1417 1325 gerendis,
1459 1264 1508 1307 et
1540 1254 1602 1307 de
1629 1252 1785 1307 stella
1814 1267 1931 1321 qua:
1954 1251 2009 1303 in

2189 1263 2380 1325 πησςν
2442 1245 2627 1325 adeo}?
2679 1244 3210 1325 εξραχιῆησομένωζ,
3271 1244 3370 1304 καὶ
3414 1255 3546 1325 ,περὶ
3572 1244 3671 1309 Eoi}

510 1340 633 1389 om;
662 1312 961 1383 Saluatoris
989 1312 1181 1380 nostri"
1192 1312 1457 1394 apparuit.
1826 1312 1837 1321 ’

2187 1312 2479 1386 φανέντος
2508 1316 2605 1369 ἐπὶ
2642 1312 2729 1383 τῇ
2751 1312 3003 1386 γενέσει
3024 1315 3295 1387 Σωτῆρος
3329 1312 3672 1391 ἠμῶνῖάστέ-

2178 1405 2307 1457 ρος.

510 1497 687 1555 Moses
714 1501 769 1554 in
802 1498 1053 1555 Numeris
1080 1500 1146 1556 de
1174 1502 1350 1564 stella,
1383 1516 1504 1571 qua:
1524 1502 1577 1555 in
1609 1508 1731 1555 ortu
1764 1499 2011 1555 Salvato-

2185 1501 2449 1572 Μωῡσῆς,
2486 1502 2545 1554 ἐν
2587 1498 2889 1568 Ἀριθμοῖς,
2923 1499 3162 1570 περὶτοῦ
3213 1503 3471 1571 φανέντος
3494 1506 3582 1559 ἐπὶ
3613 1510 3670 1580 τῇ

419 1590 515 1646 iris
544 1591 715 1646 nostri
751 1591 866 1647 visa
899 1600 1003 1657 est,
1029 1592 1143 1648 haec
1198 1594 1273 1647 ait
1308 1610 1320 1646 :
1365 1611 1384 1644 ‹
1426 1591 1570 1647 Dixit
1600 1591 1823 1646 Balaam
1860 1591 1962 1645 [iliu

2131 1592 2432 1663 γενέσειτοῦ
2463 1591 2714 1662 Σωτῆρος
2746 1589 2900 1661 ἡμῶν
2923 1591 3149 1663 ἀστέρος
3164 1594 3295 1663 φησί
3315 1611 3329 1625 ο
3369 1614 3387 1646 ι
3417 1597 3555 1667 Φησὶ
3581 1599 3674 1652 Ba-

418 1682 595 1749 ﬂeor,
625 1683 764 1738 dixit
819 1684 981 1739 homo
1020 1687 1112 1755 qui
1167 1700 1293 1740 vere
1344 1684 1508 1748 videt,
1540 1684 1633 1755 qui
1659 1683 1811 1739 audit
1837 1683 1961 1738 verb

2128 1688 2260 1758 ιαάμ
2289 1686 2400 1748 υἱὸς
2425 1682 2597 1755 Βεὼρ,
2618 1681 2781 1754 φησιν
2812 1684 2840 1735 6
2871 1681 3152 1754 ἄνθρωπος
3180 1684 3492 1757 όάληθινῶς
3523 1689 3671 1761 ὁρῶν,

414 1774 550 1839 ιΒεὶ,
577 1775 670 1847 qui
702 1776 854 1830 novit
902 1775 1185 1831 scientiam
1225 1775 1515 1840 Altissimi,
1541 1786 1593 1832 et
1616 1776 1710 1847 qui
1740 1775 1957 1831 visione:

2129 1776 2320 1831 ὶκούων
2339 1777 2492 1847 λόγια
2509 1775 2665 1841 Θεοῦ,
2685 1778 3043 1847 ἐπιστάμενος
3062 1779 3370 1852 ἐπιστήμην
3404 1782 3672 1852 Ὑψίστου,

420 1866 531 1922 =Dei
564 1867 716 1933 vidit,
745 1868 802 1921 in
855 1882 1049 1923 somno
1102 1869 1278 1938 aperti
1334 1868 1477 1923 oculi
1525 1868 1646 1937 ejus
1683 1866 1963 1924 :ostendal

2133 1872 2201 1924 ταὶ
2225 1872 2412 1942 ὅρασιν
2440 1870 2535 1924 τοῦ
2565 1870 2698 1923 Θεοῦ
2737 1868 2879 1936 ἰδὼν,
2903 1872 2960 1923 ἐν
2991 1870 3142 1943 ὕπνῳ
3171 1873 3676 1948 ἀποκεκαλυμμένοι

416 1958 533 2022 illi,
563 1958 658 2013 sed
687 1974 978 2013 nouznunc
1015 1977 1030 2014 :
1069 1960 1285 2014 beatum
1317 1958 1464 2022 dico,
1500 1958 1595 2014 sed
1644 1974 1754 2013 non
1810 1974 1959 2030 appr:

2134 1962 2156 2013 υἱ
2185 1960 2450 2033 ὀφθαλμοὶ
2487 1959 2682 2014 αὐτοῦ·
2706 1959 2865 2027 δείξω
2896 1950 3064 2032 αθτῷ,
3095 1963 3186 2014 καὶ
3215 1962 3334 2034 οὐχ).
3364 1963 3482 2027 νῦν,
3512 1983 3677 2036 μακά·

433 2051 660 2121 pinquat
694 2069 707 2104 :
740 2051 950 2105 orietur
992 2051 1149 2106 stella
1178 2067 1245 2106 ex
1276 2048 1466 2115 Jacob,
1500 2059 1555 2104 et
1601 2059 1789 2121 surget
1843 2051 1976 2105 hom

2132 2053 2263 2119 δίζω,
2293 2053 2387 2107 καὶ
2417 2052 2517 2106 οὐκ
2564 2052 2793 2122 ἐγγίζει.
2845 2052 3113 2105 ’Λνατελεί
3150 2053 3347 2126 ἄστρον
3371 2054 3429 2122 ἐξ
3470 2057 3675 2124 Ἰακὼϐ,

430 2155 500 2197 ex
530 2142 786 2205 lsrael,et
811 2140 1022 2212 franget
1046 2142 1305 2197 ductores
1338 2140 1519 2205 Moab,
1549 2151 1603 2197 et
1629 2143 1875 2212 captivas
1904 2143 1973 2197 du

2135 2145 2202 2199 :al.
2227 2146 2591 2213 ἀναστήσεται
2636 2144 2918 2217 ἄνθρωπος
2964 2144 3022 2211 ἐξ
3066 2144 3299 2218 Ἰσραὴλ,
3337 2148 3430 2201 καὶ
3458 2147 3678 2221 θραύσει

430 2238 518 2285 cet
550 2246 739 2287 omnes
775 2231 917 2287 ﬁlios
949 2231 1101 2297 Seth,
1125 2242 1179 2288 et
1232 2235 1338 2288 erit
1391 2233 1563 2288 Edoni
1620 2233 1930 2299 hazrcditas,
1953 2263 1973 2290 ε

2140 2237 2232 2299 οὺς
2261 2234 2537 2307 ἀρχηγοὺς
2564 2232 2759 2297 Μωάϐ,
2784 2234 2878 2287 καὶ
2906 2232 3263 2304 προνομεύσει
3287 2235 3500 2298 πάντας
3537 2234 3678 2297 υἱοὺς

429 2324 535 2377 erit
554 2323 842 2380 haereditas
880 2323 1022 2381 Esau
1056 2325 1311 2382 inimicus
1335 2326 1474 2396 ejus,
1499 2336 1553 2381 et
1586 2323 1753 2382 Israel
1784 2325 1915 2382 fecit
1949 2328 1965 2382 i

2136 2327 2236 2400 ἒὴθ.
2268 2328 2378 2381 Kal.
2413 2325 2562 2379 ἔσται
2602 2323 2776 2396 Ἑδὼμ
2798 2323 3148 2396 κληρονομία,
3183 2324 3273 2378 καὶ
3297 2325 3448 2379 ἔσται
3488 2326 3679 2403 κληρο-

429 2414 647 2482 robore,
678 2425 732 2473 et
753 2416 1086 2472 excitabitur
1113 2433 1180 2473 ex
1215 2416 1406 2487 Jacob,
1446 2425 1501 2473 et
1527 2418 1719 2489 perdet
1737 2434 1886 2482 eum,
1911 2435 1972 2489 qu

2134 2419 2268 2490 ομία
2339 2414 2508 2470 Ἠσαῦ
2551 2417 2580 2470 6
2620 2413 2812 2486 ἐχθρὸς
2838 2413 3026 2477 αὑτοῦ,
3058 2415 3153 2467 καὶ
3191 2414 3406 2486 Ἰσραὴλ
3430 2416 3677 2487 ἐποίησεν

429 2515 690 2564 servatur
726 2506 795 2564 de
821 2509 1044 2565 civitate
1069 2510 1134 2567 “.
1172 2528 1199 2562 λ»
1229 2507 1352 2564 Hoc
1393 2511 1654 2566 vaticinio
1703 2524 1972 2569 commoto

2137 2528 2164 2564 ν
2196 2509 2359 2582 ἰσχύϊ,
2413 2510 2507 2564 καὶ
2552 2510 2970 2583 ἐξεγερθήσεται
3005 2510 3072 2575 ἐξ
3115 2509 3329 2574 Ἰακὼϐ,
3372 2513 3465 2565 κα)⁸
3491 2510 3680 2564 ἁπολεί

428 2600 507 2654 ait
539 2615 890 2657 successores
912 2601 1141 2656 Balaam
1177 2600 1253 2672 (id
1279 2603 1424 2657 enim
1454 2602 1725 2658 incolume
1762 2605 1971 2660 exstitis

2135 2603 2412 2673 ’ωζόμενον
2444 2604 2508 2656 ὲκ
2534 2602 2760 2666 πόλεως.
2805 2623 2824 2655 ι
2874 2602 2995 2656 Ἐπὶ
3028 2601 3197 2673 ταύτῃ
3223 2602 3354 2673 φησὶ
3377 2605 3442 2674 τῇ
3472 2619 3678 2673 προςη-

428 2705 489 2744 se
531 2691 734 2755 adhuc,
768 2699 827 2746 ut
882 2707 983 2762 par
1041 2699 1148 2753 est,
1205 2691 1350 2761 apud
1403 2692 1550 2759 illos,
1581 2708 1706 2747 cum
1752 2692 1809 2747 in
1864 2695 1967 2748 coal

2139 2697 2224 2766 είᾳ
2271 2695 2589 2767 κινηθέντας
2636 2696 2762 2758 τοὺς
2808 2693 3078 2767 διαδόχους
3121 2694 3372 2765 Βαλαάμ.
3403 2694 3678 2748 Σεσῶσθαι

425 2781 672 2851 ignotum
728 2782 1001 2854 quoddam
1055 2782 1211 2838 sidus
1262 2792 1459 2853 praeter
1510 2784 1727 2855 cognita
1764 2784 1968 2841 nobis:

2134 2784 2214 2856 ’ἀρ
2239 2783 2427 2855 αὐτὴν,
2459 2785 2535 2849 ὡς
2575 2786 2665 2839 καὶ
2707 2781 2776 2855 ἦν
2811 2784 2976 2851 εἰκὸς,
3011 2788 3143 2857 παρ’
3175 2787 3378 2849 αὐτοῖς.
3417 2784 3677 2857 Ὀπηνίκα

426 2882 712 2940 consueta,
751 2890 918 2946 supra
966 2876 1259 2944 verticem,
1292 2885 1351 2931 ut
1402 2876 1483 2932 sic
1529 2877 1782 2940 dixerim,
1828 2887 1883 2933 et
1935 2892 1965 2931 a

2135 2877 2344 2930 υνεῖδον
2370 2878 2427 2930 ἐν
2443 2876 2655 2950 οὐρανῷ
2682 2875 2961 2941 ξενίζοντά
2974 2894 3093 2931 τινα
3116 2877 3267 2949 παρὰ
3286 2876 3413 2942 τοὺς
3433 2876 3678 2949 συνήθεις

427 2967 878 3037 perpendiculum
925 2975 1086 3023 terrae
1112 2966 1312 3025 Iudaeae
1354 2971 1710 3026 constitutum
1752 2972 1970 3042 inspexc

2133 2968 2330 3042 ιστέρα,
2375 2969 2518 3024 κατά
2566 2968 2827 3041 κορυφῆς,
2877 2970 2952 3035 ὠς
2993 2970 3058 3024 ἂν
3107 2968 3251 3023 εἴποι
3278 2986 3380 3033 τις,
3413 2971 3505 3023 καὶ
3542 2967 3676 3024 κατά

404 3059 578 3129 .runt)
630 3059 925 3116 festinasse
976 3068 1036 3114 ut
1084 3060 1140 3115 in
1190 3060 1534 3117 Palaestinam
1582 3072 1784 3119 terram
1834 3061 1947 3136 5.11

2141 3059 2330 3114 ἀθετον
2385 3061 2483 3131 τῆς
2543 3060 2800 3125 Ἰουδαίας
2833 3060 3243 3133 ἐστηριγμένον,
3300 3061 3537 3133 σπουδὴν
3586 3077 3679 3114 πε-

406 3150 798 3220 .pervenirent,
827 3160 995 3221 utque
1049 3151 1466 3209 sciscitarentur
1498 3154 1567 3210 de
1622 3170 1747 3226 rege
1776 3156 1871 3225 qui
1903 3170 1949 3226 pl

2132 3152 2358 3223 τοιῆσθαι
2383 3152 2475 3206 ἐπὶ
2509 3151 2606 3224 τὴν
2637 3152 3004 3207 Ιῐαλαιστινῶν
3046 3152 3345 3222 ἀφικέσθαι
3379 3151 3506 3223 γῆν,
3537 3155 3675 3206 ἱστο-

402 3257 547 3298 -eam
571 3244 784 3299 stellam
815 3260 978 3314 quam
1014 3245 1119 3316 ipsi
1142 3244 1411 3310 viderant,
1445 3230 1878 3317 signiﬁcabatur.
1910 3245 1945 3298 F

2141 3244 2223 3305 ίας
2282 3242 2445 3295 ἕνεκα
2488 3241 2583 3295 τοῦ
2610 3241 2698 3295 διὰ
2737 3242 2994 3312 φανέντος
3022 3242 3250 3315 ἀστέρος
3280 3243 3678 3317 σημαινομένου

404 3336 550 3392 ιόοιη
590 3337 676 3393 his
715 3335 846 3392 facit
888 3339 1224 3410 evangelista
1274 3337 1582 3404 Matthaeus,
1620 3340 1705 3395 his
1763 3339 1947 3395 verbis

2133 3334 2381 3398 ασιλέως.
2399 3336 2683 3407 Μαρτυρεῖ
2712 3333 2916 3399 τούτοις
2940 3336 2968 3388 6
2992 3335 3382 3407 εύαγγελιστὴς
3403 3338 3675 3403 Ματθαῖος

431 3429 617 3486 ι·(1ιιιιι
662 3439 846 3487 autem
884 3430 1047 3488 Jesus
1083 3442 1249 3487 natus
1282 3441 1426 3489 esset
1454 3434 1510 3488 in
1560 3432 1873 3489 Betlilehem
1900 3430 1974 3486 Ju

2133 3430 2269 3497 έγων
2293 3446 2306 3459 ο
2354 3448 2372 3481 ι
2402 3422 2509 3482 Τοῦ
2534 3428 2591 3481 δὲ
2631 3427 2803 3500 Ἰησοῦ
2835 3428 3182 3499 γεννηθέντος
3212 3431 3270 3482 ἐν
3299 3428 3549 3501 Βηθλεὲμ
3576 3430 3676 3500 τῆς

423 3525 549 3580 daea:
582 3524 637 3578 in
663 3523 856 3580 diebus
901 3523 1134 3582 Herodis
1169 3525 1487 3597 regis,ccce
1524 3520 1659 3596 Magi
1684 3526 1754 3581 ab
1775 3524 1963 3581 Orient

2128 3521 2365 3586 ιουδαίας
2411 3523 2470 3575 ἐν
2527 3521 2761 3593 ἡμέραις
2825 3520 3061 3591 Ἡρώδου
3109 3521 3204 3575 τοῦ
3241 3522 3525 3594 βασιλέως,
3563 3524 3669 3578 ἰδοὺ

423 3627 688 3674 venerunt
720 3617 776 3673 in
808 3616 1133 3685 Jerusalem,
1178 3618 1423 3675 dicentes
1452 3638 1466 3672 :
1503 3615 1608 3673 Ubi
1640 3626 1744 3685 est,
1775 3619 1867 3688 qui
1897 3634 1964 3672 na

2129 3617 2262 3685 ,ἀγοι
2307 3616 2416 3669 ἀπὸ
2476 3614 2746 3670 ἀνατολῶν
2772 3614 3132 3685 παρεγένοντο
3173 3617 3253 3679 εἰς
3296 3616 3672 3690 Ἰερουσαλὴμ,

423 3721 510 3768 tus
549 3722 633 3769 est
666 3726 762 3767 rex
789 3708 1144 3766 Iudaeorum?
1183 3709 1430 3767 Vidimus
1458 3711 1602 3766 enim
1636 3711 1846 3765 stellam
1872 3710 1958 3780 eju

2126 3709 2339 3777 ἐγοντες
2363 3725 2378 3740 ·
2412 3707 2523 3761 Ποῦ
2560 3709 2707 3763 ἐστιν
2759 3711 2788 3763 6
2831 3708 3041 3780 τεχθεὶς
3087 3709 3336 3780 βασιλεὺς
3377 3710 3485 3763 τῶν
3536 3712 3668 3765 Ἰου-

420 3805 475 3857 in
517 3801 761 3868 Oriente,
793 3810 849 3857 et
879 3802 1132 3857 venimus
1156 3801 1385 3857 adorare
1418 3818 1544 3857 eum
1578 3802 1641 3866 ⁸⁷,
1679 3821 1697 3854 ι
1730 3817 1839 3872 quo
1859 3812 1963 3856 tem

2127 3800 2290 3864 αίων;
2320 3800 2530 3871 εἴδομεν
2555 3798 2664 3871 γὰρ
2689 3800 2851 3853 αὑτοῦ
2881 3800 2971 3853 τὸν
2999 3800 3202 3873 ἀστέρα
3233 3802 3292 3855 ἐν
3317 3804 3383 3873 τῇ
3412 3800 3670 3874 ἀνατολῇ,

420 3910 549 3964 pore
581 3894 745 3949 iidem
781 3893 934 3950 missi
983 3893 1039 3948 in
1068 3892 1383 3949 Bethlehem
1431 3893 1701 3957 abierunt,
1732 3911 1752 3944 ι
1783 3902 1837 3948 et
1865 3907 1963 3948 ecca

2123 3892 2186 3946 :al.
2211 3892 2446 3964 ἤλθομεν
2475 3892 2845 3965 προσκυνῆσαι
2870 3891 3016 3963 αὐτῷ
3033 3910 3046 3923 ’
3089 3912 3106 3944 ι
3126 3895 3214 3947 ὅτε
3256 3896 3352 3948 καὶ
3372 3910 3666 3965 παραπεμ-

418 4001 614 4047 rursus
645 3985 835 4040 eadem
871 3985 1028 4041 stella
1071 4000 1234 4056 quam
1266 3987 1517 4042 viderant
1549 3986 1603 4039 in
1624 3983 1867 4049 Oriente,
1893 3999 1959 4038 an

2126 3985 2317 4050 ιθέντες
2332 3988 2412 4049 εἰς
2436 3986 2683 4058 Βηθλεὲμ
2710 3986 3105 4058 ἐπορεύθησαν,
3134 4006 3152 4038 ‹
3178 3987 3272 4040 καὶ
3302 3987 3409 4041 ἰδοὺ
3446 3985 3607 4040 πάλιν
3635 3986 3669 4038 6

417 4079 702 4135 tecedebat
722 4093 839 4144 eos,
859 4077 1034 4133 donec
1065 4078 1288 4133 veniens
1332 4085 1503 4133 staret
1545 4091 1710 4148 supra
1741 4076 1833 4131 ubi
1870 4092 1960 4131 era

2115 4076 2249 4139 ιύτὸς
2266 4077 2460 4149 ἀστὴρ,
2485 4077 2543 4130 ὃν
2570 4073 2707 4130 εἶδον
2726 4078 2783 4130 ἐν
2809 4080 2875 4148 τῇ
2899 4076 3153 4148 ἀνατολῇ,
3176 4076 3417 4148 προῆγεν
3441 4077 3658 4140 αὐτοὺς,

404 4184 571 4239 2ριιοικ
603 4166 863 4224 Videntes
910 4178 1091 4223 autem
1120 4168 1336 4223 stellam
1388 4168 1563 4238 gavisi
1606 4172 1736 4221 sunt
1789 4165 1947 4237 gaudi

2119 4187 2191 4232 ως
2222 4167 2392 4222 ἐλθὼν
2431 4168 2630 4241 ἐστάθη
2663 4170 2844 4224 ἐπάνω
2874 4164 2934 4224 οὗ
2971 4165 3040 4241 ἦν
3070 4168 3132 4223 τὸ
3162 4168 3395 4225 παιδίον.
3444 4169 3662 4233 ’ἰδόντες

415 4279 612 4336 magno
640 4263 820 4332 valde,
849 4274 903 4321 et
937 4265 1169 4336 ingressi
1202 4263 1447 4325 domum,
1489 4259 1744 4315 viderunt
1783 4275 1954 4330 pueru

2116 4263 2141 4316 ἐ
2166 4262 2256 4315 τὸν
2281 4261 2486 4332 ἀστέρα
2518 4262 2791 4333 ἐχάρησαν
2835 4260 3006 4333 χαρὰν
3042 4260 3282 4331 μεγάλην
3309 4261 3534 4333 σφόδρα,
3562 4260 3658 4314 καὶ

412 4360 525 4413 lum
568 4374 694 4415 cum
727 4357 896 4413 Maria
954 4365 1129 4413 matre
1159 4357 1303 4426 ejus,
1328 4362 1389 4410 et
1417 4353 1840 4426 procumbentes
1886 4353 1952 4408 ad

2121 4350 2416 4415 ίσε).θὸντες
2443 4352 2521 4415 εἰς
2542 4352 2641 4423 τὴν
2661 4351 2856 4414 οἰκίαν,
2883 4347 3019 4404 εἶδον
3049 4349 3110 4403 τὸ
3132 4350 3341 4405 παιδίον
3377 4350 3512 4422 μετά
3539 4350 3658 4404 Μα-

409 4460 703 4508 oraverunt
746 4468 869 4507 eum
903 4451 969 4506 ιδ.
1012 4449 1330 4506 illactenus
1370 4447 1596 4519 quidem
1632 4445 1952 4517 Evangeliun

2112 4442 2211 4504 ιίας
2233 4442 2332 4512 τῆς
2372 4442 2574 4513 μητρὸς
2622 4440 2807 4498 αὐτοῦ.
2842 4441 2936 4495 καὶ
2965 4442 3217 4504 πεσόντες
3243 4440 3655 4512 προσεκύνησαν

410 4555 683 4602 sanctum.
709 4548 778 4600 At
808 4560 937 4600 vero
978 4545 1153 4616 ipsius
1184 4542 1485 4614 prophetiae
1529 4539 1814 4595 oraculum
1848 4537 1953 4607 (ιυὶι

2111 4533 2253 4604 ιύτῷ.
2285 4553 2302 4584 ι
2335 4534 2519 4588 Ταῦτα
2551 4536 2647 4606 μὲν
2676 4535 2738 4587 τὸ
2771 4535 2910 4608 ἱερὸν
2945 4533 3272 4603 Εὑαγγέλιον
3292 4551 3307 4564 ·
3329 4535 3357 4586 6
3382 4533 3438 4587 δέ
3463 4550 3523 4603 γε
3552 4531 3654 4601 τῆς

409 4640 485 4692 ait
516 4636 735 4692 tandem
766 4635 884 4692 fore
904 4645 999 4691 aut
1026 4636 1082 4690 in
1113 4636 1261 4691 illius
1293 4635 1417 4688 novi
1448 4630 1645 4690 sideris
1668 4628 1952 4700 eruptione

2111 4626 2420 4697 προφητείας
2475 4625 2628 4694 λόγος
2684 4626 2776 4678 ἐπὶ
2805 4629 2870 4696 τῇ
2909 4625 3002 4680 τοῦ
3031 4625 3255 4696 ἀστέρος
3292 4624 3530 4696 ἐπιτολῇ,
3557 4622 3654 4677 καὶ

406 4738 503 4784 aut
540 4730 595 4784 in
626 4728 930 4784 Salvatoris
958 4729 1133 4784 nostri
1155 4726 1289 4784 Jesu
1315 4725 1524 4782 Christi
1570 4731 1719 4788 ortu,
1755 4723 1949 4792 dignun

2108 4719 2150 4788 τῇ
2203 4715 2296 4769 τοῦ
2356 4717 2603 4788 Σωτῆρος
2627 4714 2784 4787 ἡμῶν
2823 4714 2998 4785 Ἰησοῦ
3030 4713 3265 4785 Χριστοῦ
3297 4716 3509 4783 γενέσει
3533 4712 3651 4766 τίνα

404 4820 550 4889 quod
601 4819 1007 4890 cognoscatur?
1058 4834 1253 4889 nempe
1304 4817 1627 4872 fractionem
1689 4812 1947 4868 ductorum

2107 4806 2249 4878 φησὶν
2298 4805 2538 4873 ἔσεσθαι,
2585 4806 2816 4860 συνιδεῖν
2880 4805 3065 4873 ἀξιον
3110 4803 3351 4876 Θραῦσιν
3399 4802 3650 4877 ἀρχηγῶν

405 4912 583 4979 Moab,
615 4920 670 4967 et
695 4911 1053 4983 direptionem
1084 4911 1320 4965 ﬁliorum
1374 4907 1525 4973 Setli,
1561 4913 1822 4977 prater-ea
1851 4903 1947 4959 reli

2107 4896 2278 4958 γίωάϐ,
2299 4897 2394 4949 καὶ
2427 4897 2703 4968 προνομὴν
2757 4893 2888 4948 υἱῶν
2925 4893 3055 4964 Σὴθ,
3085 4893 3181 4946 καὶ⁸
3207 4893 3316 4946 τῶν
3349 4911 3413 4963 γε
3457 4892 3650 4948 λοιπιῖιν

401 5021 637 5075 quorum
681 4979 922 5059 Judaicae
960 5004 1136 5074 gentis
1170 5003 1410 5059 hostium
1462 4999 1851 5062 haereditatem,
1882 5013 1944 5067 qu

2107 4988 2172 5042 '05
2244 4988 2511 5043 Ἰουδαίων
2560 4988 2745 5051 ἔθνους
2781 4986 3056 5057 πολεμίων
3082 4984 3478 5056 κληρονομίαν·
3511 4979 3650 5039 οὗτοι

399 5099 620 5169 quidem
653 5098 840 5153 hostes
871 5105 1029 5151 erant
1050 5096 1221 5151 Edom
1252 5104 1307 5151 et
1341 5094 1507 5152 Esau.
1536 5091 1942 5161 Caeterum,qui

2103 5081 2135 5134 ἑὲ
2163 5078 2300 5154 ἦσαν
2340 5079 2519 5152 Ἐδὼμ
2548 5080 2643 5134 καὶ
2683 5077 2874 5132 Ἢσαῦ.
2907 5079 2971 5131 Τί
3000 5076 3056 5131 δὲ
3073 5075 3293 5148 ¹ᾑνίίξατο
3314 5077 3406 5131 διά
3430 5076 3646 5138 τούτων,

399 5167 548 5257 aliud
602 5190 821 5244 tandem
871 5188 1200 5259 signiﬁcavit
1246 5188 1333 5244 bis
1387 5186 1600 5249 verbis,
1649 5199 1813 5255 quam
1878 5200 1942 5254 pe

2105 5177 2112 5245 ᾗ
2137 5173 2225 5228 διὰ
2256 5173 2354 5245 μὲν
2385 5173 2492 5226 τῶν
2516 5173 2775 5244 ἀρχηγῶν
2815 5169 2988 5225 Μωὰὸ
3011 5170 3109 5240 τὴν
3139 5168 3247 5223 τῶν
3287 5171 3529 5242 ἀοράτων
3552 5167 3648 5236 ἀρ-

394 5279 657 5336 ductores
709 5277 884 5345 Moab,
931 5278 1287 5334 invisibilium
1323 5277 1561 5332 hostium
1610 5275 1937 5330 eversionem

2102 5278 2280 5337 [οντων
2327 5266 2664 5338 καθαίρεσιν,
2713 5263 2889 5319 αὐτῶν
2935 5261 2998 5333 δὴ
3026 5260 3134 5315 τῶν
3166 5262 3334 5315 πάλαι
3363 5262 3509 5333 παρὰ
3538 5261 3645 5321 τοῖς

399 5371 665 5441 ipsorum,
691 5374 938 5443 inquam,
964 5373 1297 5435 darmonum,
1323 5371 1415 5441 qui
1439 5356 1570 5425 olim
1603 5367 1748 5439 apud
1771 5365 1942 5421 Moabi

2101 5358 2393 5420 ιίωαϐίταις
2420 5355 2849 5427 θεολογουμένων
2869 5352 3169 5423 δαιμόνων;
3202 5352 3319 5406 ἀλλ’
3335 5352 3432 5423 οὐχ
3451 5349 3644 5443 ἐτέρων

400 5437 485 5519 tas
516 5464 744 5519 deorum
767 5437 907 5520 loco
930 5465 1288 5520 ferebantur?
1329 5437 1492 5534 Atqui
1546 5437 1780 5516 aliorum
1816 5473 1942 5514 men

2104 5451 2325 5522 pvﬁcrO-q
2345 5450 2434 5504 διὰ
2462 5449 2559 5520 τὴν
2597 5445 3037 5516 εἰδωλολατρείαν
3065 5443 3157 5498 τοῦ
3192 5443 3410 5515 Ἰσραὴλ
3553 5437 3647 5534 ἐπὶ

394 5558 604 5617 tionem
626 5572 734 5611 non
753 5558 896 5621 fecit,
922 5565 1144 5627 propter
1159 5525 1583 5613 simulacrorum
1602 5552 1776 5624 ipsius
1807 5550 1937 5605 lsrat

2104 5543 2177 5613 ’ῆς
2196 5542 2401 5616 ἐρήμου
2416 5541 2737 5611 γενομένην,
2777 5539 2864 5593 ὅτε
2905 5534 3161 5607 ἐτελέσθη
3180 5535 3210 5586 6
3235 5534 3365 5599 λαὸς
3388 5530 3464 5605 τῷ
3493 5525 3647 5584 Βεελ-

466 5715 516 5753 λο
556 5710 713 5767 Num.
754 5727 898 5772 xxxv,
924 5711 1107 5768 15-19.
1190 5714 1228 5743 "
1272 5710 1462 5766 Matth.
1498 5726 1558 5775 ιι,
1593 5709 1645 5772 1,
1676 5707 1733 5769 2.
1814 5705 1855 5748 "
1898 5702 2027 5766 ibid.
2058 5697 2245 5762 9'“.
