3908 6266
286 390 382 446 653

1164 380 1814 438 DEMONSTRATIONIS
1863 373 2315 434 ΕνΑΝοΕωωΕ
2367 374 2609 432 LIBJX.

3393 375 3502 437 656

283 499 479 572 φεγώρ·
502 498 711 569 δαίμων
739 493 882 570 δὲῆν
919 492 1067 561 οὗτος
1097 497 1172 557 ὡς
1198 496 1317 560 θεὸς
1346 498 1498 568 παρὰ
1531 495 1607 567 τῷ
1638 495 1839 566 βασιλεῖ

1944 492 2167 558 cultum,
2189 507 2299 563 quo
2326 492 2380 546 in
2400 490 2618 563 deserto
2646 505 2780 547 usus
2802 497 2907 555 est,
2922 506 3029 561 quo
3060 498 3301 562 tempore
3332 508 3505 564 popa.

281 590 448 648 Μωαὸ
498 590 577 661 τῷ
625 590 808 645 Βαλὰκ
859 588 1185 661 τιμώμενος.
1230 590 1382 643 Ἐπεὶ
1422 584 1514 642 οὖν
1543 589 1791 656 νενίκητο
1816 589 1844 640 6

293 682 501 755 Ἰσραὴλ
557 682 699 737 κατὰ
748 682 905 736 τοῦτο
947 681 1038 734 τοῦ
1072 680 1266 752 καιροῦ
1305 680 1438 752 πρὸς
1461 679 1566 732 τῶν
1600 679 1844 750 ἀοράτων

279 776 552 848 ἀρχόντων
583 774 673 829 τού
699 774 891 834 Nimim,
923 774 1062 843 λέγω
1086 774 1141 827 δὲ
1169 773 1275 827 τῶν
1320 771 1470 845 παρὰ
1489 775 1602 837 τοῖς
1632 771 1848 825 Μωαϐί-

282 881 395 928 ταις
415 865 817 935 νενομισμένων
864 865 1000 918 θεῶν
1023 882 1035 895 ·
1080 863 1556 935 (είδωλολᾶτρησαν
1593 862 1720 931 γοῦν
1750 862 1845 916 καὶ

284 957 690 1029 προσεκύνησαν
733 960 845 1019 τοῖς
887 957 1173 1024 γλυπτοῖς,
1218 957 1292 1020 ὦς
1352 958 1577 1028 φησινή
1621 956 1840 1027 Γραφή-

288 1069 306 1100 ε
335 1051 441 1104 Καὶ
466 1050 820 1120 ὲτελέσθησαν
847 1049 923 1120 τῷ
955 1049 1293 1121 Βεελφεγὼρ,
1324 1069 1342 1102 ι
1384 1050 1587 1120 δαίμων
1610 1050 1665 1101 δὲ
1693 1045 1846 1113 οὗτος

281 1142 385 1195 τῶν
427 1141 732 1195 Μωαϐιτῶν
787 1137 889 1211 ἦν,
925 1141 1013 1194 ὅτε
1061 1142 1155 1193 κα)¹
1200 1141 1590 1211 ὲξεπόρνευσαν
1627 1142 1707 1204 εἰς
1747 1140 1844 1202 τὰς

283 1234 676 1302 Μωαϐίτιδας’)
727 1233 948 1296 εἰκότως
1006 1233 1066 1286 τὸ
1107 1232 1293 1303 μέλλον
1316 1232 1531 1286 ἔσεσθαί
1566 1249 1715 1294 ποτε,
1751 1232 1842 1285 καὶ

283 1323 375 1393 τὴν
407 1326 485 1385 είς
513 1322 818 1376 τούναντίον
852 1321 959 1374 τῶν
988 1322 1325 1393 πραγμάτων
1379 1320 1676 1390 μεταϐολὴν
1705 1317 1847 1373 κατὰ

284 1414 468 1486 καιρὸν
487 1414 516 1466 6
544 1412 766 1482 Βαλαὰμ
788 1410 1057 1476 θεσπίζει,
1077 1410 1248 1479 λέγων
1269 1427 1280 1440 ·
1306 1430 1323 1460 ι
1366 1409 1635 1463 Ἀνατελεῖ
1651 1410 1845 1481 ἄστρον

285 1504 339 1571 ἐξ
386 1503 596 1569 Ἰακὼϐ,
631 1505 725 1558 καὶ
776 1505 1135 1575 ἀναστήσεται
1165 1502 1447 1574 ἄνθρωπος
1488 1500 1548 1565 ἐξ
1596 1500 1839 1571 Ἰσραήλ·

285 1595 374 1648 καὶ
423 1594 644 1666 θραύσει
692 1592 966 1666 ἡγεμόνας
1027 1594 1218 1647 Μωάο.
1261 1614 1280 1646 ι
1324 1594 1470 1647 Ὠσεὶ
1514 1594 1843 1662 σαφέστερον

285 1686 452 1754 ἔλεγε,
478 1687 602 1750 τοὺς
642 1686 1157 1757 μεγαλαυχήσαντας
1184 1684 1321 1738 κατὰ
1353 1684 1445 1738 τοῦ
1492 1684 1701 1755 Ἰσραὴλ
1733 1684 1846 1738 δαί-

289 1796 445 1850 μονας
466 1778 573 1831 τῶν
600 1778 903 1832 Μωαϐιτῶν
926 1779 1016 1831 ἐπὶ
1044 1780 1110 1847 τῇ
1144 1776 1351 1844 γενέσει
1382 1773 1475 1828 τοῦ
1514 1792 1844 1845 προφητευο-

289 1869 462 1939 μένου,
506 1866 729 1939 θραῦσίν
782 1883 911 1919 ποτε
957 1865 1049 1918 καὶ
1074 1863 1277 1916 πτῶσιν
1307 1862 1531 1915 παθεῖν’
1564 1856 1637 1915 ὧν
1676 1861 1841 1931 θραυ-

288 1957 532 2019 σθέντων,
558 1956 683 2020 τοὺς
710 1956 856 2019 υἱοὺς
888 1953 1017 2025 Σὴθ,
1044 1954 1138 2006 καὶ
1176 1951 1372 2022 Ἐδὼμ,
1402 1951 1495 2004 καὶ
1536 1948 1724 2014 Ἠσαῦ,
1750 1949 1842 2002 καὶ

285 2048 350 2102 τὰ
380 2047 541 2101 λοιπὰ
564 2046 713 2118 ἔθνη,
745 2046 782 2101 ἂ
824 2045 910 2098 διὰ
958 2044 1157 2098 τούτων
1199 2041 1557 2113 σημαίνεσθαι
1580 2040 1839 2111 ἡγοῦμαι,

287 2140 351 2193 τὰ
377 2139 542 2193 πάλαι
574 2135 1081 2205 καταδεδουλωμένα
1108 2137 1175 2206 τῇ
1204 2134 1486 2203 δαιμονικῇ
1516 2132 1711 2203 πλάνῃ,
1746 2148 1840 2201 με·

285 2230 577 2283 ταδαλόντα
626 2228 727 2298 τῆς
770 2226 1181 2296 δεισιδαιμονίας
1204 2265 1219 2289 ,
1267 2226 1441 2279 οἰκεῖα
1464 2223 1558 2278 τοῦ
1589 2223 1839 2286 θεσπιζο-

292 2319 443 2390 μένου
491 2317 830 2388 γενήσεσθαι.
866 2336 884 2368 ‹
937 2318 1044 2370 Καὶ
1084 2316 1256 2382 ἔσται,
1294 2316 1401 2387 γάρ
1444 2332 1629 2387 φησιν,
1666 2312 1843 2384 Ἐδὼμ

283 2408 628 2481 κληρονομία,
681 2408 774 2461 καὶ
820 2407 970 2459 ἔσται
1027 2405 1357 2478 κληρονομία
1393 2405 1560 2459 Ἠσαῦ
1590 2407 1618 2458 6
1650 2405 1841 2476 ἐχθρὸς

282 2501 467 2555 αὐτοῦ.
521 2518 541 2554 ι
592 2502 653 2555 0i
699 2500 807 2571 γὰρ
862 2499 1023 2553 πάλαι
1071 2498 1254 2571 ἐχθροὶ
1286 2498 1378 2552 τοῦ
1434 2496 1567 2551 Θεοῦ
1612 2498 1705 2552 καὶ
1748 2496 1839 2551 τοῦ

295 2590 542 2662 Ἰσραὴλ,
585 2590 748 2661 φησὶ,
823 2590 1142 2661 γενήσονται
1188 2589 1520 2660 κληρονομία
1567 2588 1660 2643 τοῦ
1712 2606 1843 2660 προ-

281 2683 662 2755 φητευομένου.
714 2682 885 2746 Αὐτὸς
910 2681 1018 2753 γὰρ
1049 2677 1116 2753 ἦν
1153 2674 1198 2750 ᾧ
1224 2681 1408 2753 εἴρητο
1431 2681 1566 2753 πρὸς
1593 2682 1685 2735 τοῦ
1710 2681 1841 2735 Θεοῦ

280 2772 373 2828 καὶ
398 2772 610 2845 [ἰατρὸς
660 2771 823 2827 αὐτοῦ
845 2789 860 2803 ο
900 2790 920 2823 ι
968 2772 1198 2843 Αἴτησαι
1234 2772 1361 2842 παρ’
1383 2771 1539 2842 ἐμοῦ,
1563 2772 1659 2825 καὶ
1688 2772 1842 2826 δώσω

281 2882 362 2920 σοι
393 2864 517 2937 ἔθνη
561 2864 659 2936 τὴν
703 2863 1062 2936 κληρονομίαν
1085 2879 1197 2917 σου’
1240 2882 1259 2914 ι
1304 2856 1379 2916 ὧν
1402 2864 1479 2926 εἰς
1526 2863 1616 2916 τὸν
1647 2864 1844 2935 κλῆρον

278 2958 384 3012 τῶν
412 2956 581 3026 ἁγίων
618 2955 1018 3027 μεταστάντων,
1060 2955 1319 3009 τάναντία
1361 2954 1439 3026 τῷ
1482 2954 1695 3027 Ἰσραὴλ
1723 2956 1842 3009 ἔσε-

281 3049 404 3102 σθαι
430 3045 695 3128 θεσπίζει.
739 3048 875 3120 Φησὶ
913 3046 1070 3116 γοῦν·
1125 3064 1142 3097 ι
1178 3048 1285 3101 Καὶ
1336 3046 1551 3118 Ἰσραὴλ
1593 3047 1844 3120 ἐποίησεν

278 3143 333 3194 ὲν
368 3140 535 3212 ἰσχύϊ.
574 3159 593 3191 ι
627 3140 699 3193 Τὸ
730 3138 809 3204 δὲ,
840 3139 1093 3210 ἐποίησεν
1121 3140 1177 3191 ὲν
1211 3138 1354 3209 ἰσχύϊ
1379 3138 1477 3209 τὴν
1504 3138 1718 3194 πάντων
1752 3156 1847 3211 με-
1872 3177 1914 3235 C

277 3233 471 3303 γίστην
503 3230 752 3285 ἀσέϐειαν
772 3248 783 3263 ·
838 3230 919 3283 διὸ
958 3229 1370 3301 ὲξεγερθήσεται
1401 3230 1495 3282 ἀπ’
1540 3230 1718 3285 αὐτῶν
1749 3232 1841 3284 καὶ

277 3324 719 3395 ἑξαναστήσεται.
776 3322 867 3385 Τίς
919 3317 1128 3392 οὗτοςῆ
1160 3323 1189 3374 6
1238 3320 1704 3393 προφητευόμενος
1748 3322 1841 3375 τοῦ

278 3416 413 3471 Θεοῦ
448 3417 640 3485 Λόγος,
666 3415 724 3479 ὃς
752 3416 846 3469 καὶ
892 3413 1138 3468 ἀπώλεσε
1178 3413 1475 3484 σωζόμενον
1508 3415 1572 3467 ἐκ
1604 3414 1840 3482 πόλεως;

277 3504 428 3579 οἶμαι
476 3508 537 3562 δὲ
596 3508 694 3580 τὴν
737 3506 1089 3578 Ἰερουσαλὴμ
1117 3504 1464 3569 αἰνίττεσθαι,
1495 3504 1553 3572 ἐξ
1584 3499 1651 3576 ἦς
1679 3504 1843 3559 ὤλετο

280 3602 383 3664 πᾶς
416 3597 743 3670 σωζόμενος,
775 3599 807 3670 ἢ
832 3598 926 3652 καὶ
956 3598 1017 3650 τὸ
1060 3597 1169 3651 πᾶν
1200 3597 1293 3650 τοῦ
1323 3596 1507 3660 ἔθνους
1533 3596 1710 3650 αὐτῶν
1744 3614 1842 3650 πο-

277 3691 528 3763 λίτευμα.
561 3691 745 3744 Ταῦτα
788 3690 844 3743 δὲ
878 3691 999 3743 ὅποι
1040 3689 1225 3753 τέλους
1256 3688 1462 3759 ἔτυχεν,
1492 3688 1624 3760 ὁμοῦ
1652 3693 1718 3761 τῇ
1747 3688 1841 3742 τοῦ

276 3783 530 3855 Σωτῆρος
556 3780 716 3853 ημῶν
734 3782 814 3844 είς
838 3778 1153 3853 ἀνθρώπους
1183 3780 1567 3851 ὲκλὰμψειτῶν
1590 3781 1687 3852 μὲν
1715 3783 1841 3852 πρὶν

276 3871 677 3944 είδωλολατρῶν
697 3870 863 3925 ὲθνῶν
886 3872 967 3935 εἰς
993 3871 1083 3925 τὸν
1116 3870 1295 3925 αὐτῶν
1322 3872 1696 3942 μεταστάντων
1708 3873 1840 3943 κλῆ-

278 3982 386 4038 ρον,
416 3963 519 4019 τοῦ
549 3964 605 4017 δὲ
667 3962 931 4017 Ἰουδαίων
982 3961 1164 4027 ἔθνους
1197 3964 1291 4016 καὶ
1329 3963 1427 4034 τῆς
1465 3964 1842 4035 μητροπόλεως

275 4058 453 4112 αὐτῶν
514 4055 852 4110 πεπονθότων
905 4057 1062 4109 ὁποῖα
1118 4052 1478 4118 οὐδεπώποτε,
1512 4056 1571 4108 οὐ
1617 4056 1838 4127 μακρῶν

274 4146 377 4201 δεῖν
405 4143 568 4218 οἶμαι
595 4146 784 4215 λόγων.
832 4144 990 4197 Ἀλλὰ
1017 4143 1085 4197 τὰ
1118 4144 1215 4215 μὲν
1241 4145 1338 4213 τῆς
1382 4143 1715 4215 συμφωνίας,
1743 4147 1841 4217 τῆς

272 4254 335 4291 τε
385 4238 735 4310 προφητικῆς
784 4237 1156 4307 προρρήσεως,
1203 4236 1298 4288 καὶ
1342 4235 1441 4305 τῆς
1483 4235 1841 4308 εύαγγελικῆς

276 4328 727 4401 συμπερανσεως,
790 4322 891 4381 ὧδέ
938 4344 1053 4390 πως
1113 4326 1281 4396 ἐχέτω
1312 4326 1481 4390 τέλος.
1521 4328 1585 4380 Τί
1614 4326 1657 4381 δ’
1685 4324 1751 4399 ἦν
1780 4328 1840 4380 τὸ

275 4422 441 4477 αἴτιον
490 4421 593 4492 τῆς
627 4421 973 4491 ἐπιλάμψεως
1012 4419 1105 4473 τοῦ
1135 4420 1390 4488 φανέντος
1417 4420 1661 4491 ἀστέρος,
1715 4438 1840 4475 συν-

1946 589 2031 644 lus
2080 586 2325 641 initiatus
2377 592 2461 641 est
2510 584 2859 656 Beelpbegor.
2900 583 3030 638 Erat
3085 599 3245 656 porro
3273 585 3362 640 hic
3391 584 3502 641 όωο

1947 694 2094 745 mon,
2141 679 2235 749 qui
2270 686 2329 740 ut
2376 677 2510 731 deus
2548 692 2577 730 a
2606 692 2731 747 rege
2772 676 2928 731 Moab
2958 675 3076 746 ipso
3108 676 3266 731 Balac
3285 678 3505 733 coleba-

1947 779 2057 827 tur.
2090 770 2352 837 Quoniam
2385 769 2549 839 igitur
2570 768 2745 823 victus
2768 776 2850 823 est
2878 766 3040 823 Israel
3073 769 3163 823 illo
3191 776 3436 840 tempore
3470 786 3504 825 a

1946 861 2287 932 principibus
2335 858 2492 913 Moab
2521 859 2698 912 visum
2729 858 3131 928 ell‘ugientibus.
3164 859 3286 914 dico
3318 867 3506 916 autem

1946 952 2013 1003 ab
2063 950 2130 1006 iis
2172 950 2263 1019 qui
2293 949 2434 1018 apud
2466 947 2726 1002 Moabitas
2754 963 2849 1018 pro
2874 948 2978 1002 diis
3004 950 3322 1003 colebantur
3352 949 3507 1021 (sane

1945 1044 2151 1098 idcirco
2207 1051 2261 1097 ct
2310 1043 2600 1096 simulacra
2667 1041 2986 1106 coluerunt,
3038 1051 3091 1096 et
3144 1043 3507 1099 adoravernnt

1948 1134 2243 1203 sculptilia,
2267 1144 2322 1185 ut
2352 1133 2427 1186 ait
2455 1131 2733 1201 Sr-riptttra
2767 1151 2781 1187 :
2814 1152 2831 1183 ι
2871 1133 2935 1187 Et
2971 1134 3163 1187 initiati
3192 1143 3319 1190 sunt
3350 1135 3506 1192 Beel-

1944 1226 2233 1295 pbcgor”.
2285 1242 2304 1275 ι
2361 1225 2451 1294 qui
2522 1223 2858 1293 Btclpbegor
2912 1224 3119 1279 daemon
3190 1236 3306 1281 erat
3363 1229 3506 1298 apud

1946 1314 2231 1380 Moabitas,
2266 1329 2374 1384 quo
2407 1322 2651 1383 tempore
2687 1314 2849 1368 iidem
2891 1330 3012 1368 cum
3061 1315 3278 1372 feminis
3312 1316 3508 1373 Moabi-

1946 1416 2121 1461 tarum
2160 1406 2406 1460 fornicati
2436 1408 2608 1470 sunt),
2642 1407 2835 1460 merito
2871 1408 3013 1476 quod
3044 1407 3174 1461 olim
3215 1418 3333 1463 erat
3359 1409 3508 1464 futu-

1945 1512 2089 1561 rum,
2122 1513 2303 1552 rerum
2337 1499 2524 1567 utique
2578 1496 2633 1550 in
2682 1497 3015 1552 contrarium
3062 1499 3417 1555 mutationem
3450 1501 3506 1555 in

1944 1594 2187 1657 tempore
2218 1587 2425 1642 divinat
2472 1588 2713 1652 Balaam,
2745 1588 2978 1644 dicens:
3023 1608 3042 1640 ι
3083 1589 3303 1647 Orietur
3350 1593 3506 1647 stella

1945 1694 2009 1733 ex
2038 1678 2227 1743 Jacob,
2253 1687 2306 1734 et
2339 1687 2524 1749 surget
2560 1680 2720 1734 homo
2752 1695 2816 1735 ex
2848 1677 3034 1737 Israel.
3065 1679 3131 1734 Et
3162 1680 3374 1752 franget
3407 1685 3510 1738 tiu-

1946 1785 2037 1824 ces
2068 1769 2244 1825 Moab.
2269 1790 2286 1821 ι
2310 1770 2590 1840 Tanquam
2624 1771 2669 1825 si
2690 1771 3032 1845 manifestius
3050 1772 3275 1837 diceret,
3303 1773 3508 1829 Moabi-

1945 1869 2119 1915 tarnm
2138 1863 2411 1916 daemonas
2427 1862 2520 1932 qui
2533 1877 2676 1917 nunc
2693 1862 2955 1917 adversus
2968 1863 3360 1933 lsraelgloriati
3378 1873 3507 1922 sunt

1943 1954 1998 2007 in
2019 1964 2138 2009 ortu
2173 1956 2291 2024 ejus
2319 1954 2385 2009 de
2403 1968 2511 2024 quo
2535 1955 2651 2024 ipse
2669 1954 3017 2014 vaticinatur.
3042 1954 3361 2012 fractionem
3384 1968 3508 2012 tan-

1942 2045 2063 2100 dem
2111 2055 2164 2101 et
2204 2046 2416 2100 ruinam
2463 2061 2720 2114 passuros
2770 2063 2784 2101 :
2848 2046 3049 2117 quibus
3095 2046 3304 2115 fractis,
3366 2050 3507 2106 ﬁlios

1940 2135 2105 2207 419
2135 2136 2285 2203 Seth,
2313 2145 2366 2193 et
2406 2136 2595 2202 Edom,
2627 2147 2681 2194 et
2714 2136 2879 2203 Esau,
2911 2146 2966 2192 et
3013 2138 3254 2210 reliquas
3292 2150 3505 2212 gentes,

1942 2244 2079 2297 quas
2129 2228 2213 2283 bis
2260 2228 2572 2284 nominibus
2615 2228 2911 2298 signiﬁcari
2959 2230 3229 2296 arbitror,
3276 2239 3337 2286 ut
3373 2234 3507 2290 olim

1945 2319 2244 2374 daemonica
2271 2321 2445 2375 errori
2490 2320 2720 2375 addicta:
2748 2329 2925 2387 erant,
2959 2324 3039 2379 sic
3079 2324 3280 2393 rejecta
3310 2340 3505 2396 super-

1944 2411 2185 2476 Stitione,
2222 2411 2513 2469 familiares
2544 2413 2688 2469 illius
2719 2413 2956 2479 futuras,
2995 2417 3086 2486 qui
3122 2424 3386 2473 venturus
3409 2433 3506 2472 ca-

1943 2504 2109 2558 nitur.
2151 2521 2171 2555 ι
2209 2502 2275 2556 Et
2324 2504 2447 2569 erit,
2497 2504 2696 2575 inquit,
2737 2504 2904 2560 Edom
2948 2508 3270 2575 hmreditas,
3309 2518 3365 2566 et
3400 2510 3508 2566 erit

1944 2593 2231 2649 lnereditas
2276 2593 2420 2650 Esau
2468 2595 2723 2651 inimicus
2772 2597 2913 2667 ejus;
2954 2617 2974 2649 ι
3016 2605 3246 2664 veteres,
3301 2601 3501 2671 inquit,

1942 2683 2129 2738 hostes
2162 2680 2259 2738 Dei
2302 2691 2462 2753 atque
2512 2683 2677 2738 Israel
2709 2693 2870 2741 erunt
2908 2686 3198 2744 haereditas
3237 2688 3379 2759 ejus,
3408 2691 3501 2760 qui

1942 2778 2158 2831 canitur
2184 2776 2421 2842 futurus;
2452 2778 2568 2846 ipse
2593 2778 2736 2833 enim
2764 2788 2849 2833 est
2871 2780 2960 2833 cui
2990 2779 3194 2835 dictum
3215 2788 3303 2837 est
3334 2796 3366 2835 a
3397 2781 3507 2840 Deo

1943 2876 1996 2923 ct
2027 2867 2185 2922 Patre
2221 2883 2322 2923 suo
2354 2887 2366 2922 :
2405 2886 2424 2919 ι
2459 2867 2681 2924 Postula
2710 2883 2743 2923 α
2776 2884 2882 2937 me,
2915 2878 2968 2925 et
2997 2870 3137 2927 dabo
3183 2872 3282 2927 tibi
3317 2882 3504 2943 gentes

1944 2960 2311 3015 haereditatem
2343 2967 2490 3014 tuam
2509 2961 2575 3014 ²⁰.
2620 2980 2640 3013 ι
2670 2960 2802 3027 Quae
2822 2977 2947 3016 cum
2972 2962 3027 3017 in
3050 2972 3249 3019 sortem
3285 2973 3507 3021 sanctoo

1945 3067 2065 3108 rum
2099 3052 2434 3115 transierint,
2470 3054 2742 3109 contraria
2784 3054 2887 3124 ipsi
2921 3052 3083 3111 Israel
3117 3053 3235 3111 fore
3275 3056 3504 3116 divinat.

1945 3145 2036 3198 Ait
2065 3144 2232 3214 igitur
2259 3163 2271 3197 :
2313 3163 2330 3195 ι
2370 3143 2439 3197 Ει
2463 3144 2631 3199 Israel
2661 3143 2789 3199 fecit
2807 3144 2862 3198 in
2886 3145 3102 3211 robore,
3132 3164 3152 3198 ι
3178 3146 3307 3202 fecit
3325 3156 3505 3205 autem

1947 3236 2003 3289 in
2050 3237 2245 3290 robore
2290 3235 2533 3291 omnium
2584 3236 2880 3291 maximum
2928 3238 3140 3305 scelus;
3178 3247 3509 3311 quapropter

1966 3328 2293 3382 excitabitur
2353 3337 2407 3384 et
2453 3336 2727 3398 exsurget.
2795 3328 2929 3395 Quis
2998 3330 3217 3386 tandem
3259 3332 3365 3389 iste
3400 3331 3511 3389 nisi

1947 3417 1997 3473 is
2023 3419 2171 3487 quia
2204 3418 2482 3488 prophetis
2534 3419 2751 3473 canitur
2805 3419 2899 3475 Dei
2938 3419 3198 3485 Verbum,
3224 3424 3317 3493 qui
3343 3423 3508 3481 etiam

1947 3510 2180 3578 perdidit
2205 3525 2327 3565 eum
2362 3510 2454 3579 qui
2482 3518 2731 3565 servatur
2763 3526 2829 3565 ex
2859 3511 3115 3567 civitate?
3148 3512 3358 3578 Quibus
3386 3530 3509 3570 ver-

1946 3598 2032 3654 bis
2086 3598 2256 3668 ipsam
2316 3597 2617 3654 Jerusalem
2664 3599 2964 3669 signiticari
3016 3600 3271 3664 arbitror,
3304 3618 3372 3658 ex
3397 3619 3506 3673 qua

1947 3687 2102 3757 periit
2117 3687 2293 3742 omnis
2320 3687 2629 3756 quicunque
2657 3695 2934 3757 superstes
2962 3689 3161 3745 mansit
3191 3706 3205 3742 ε
3228 3698 3321 3745 aut
3344 3693 3506 3748 etiam

1945 3791 2105 3832 omne
2149 3776 2270 3844 ejus
2324 3776 2500 3846 gentis
2560 3776 2715 3831 civile
2774 3777 3105 3834 institutum.
3153 3777 3280 3834 Haec
3325 3789 3506 3837 autem

1945 3881 2232 3939 quemnam
2265 3868 2469 3921 exitum
2501 3866 2692 3921 sortita
2719 3867 2852 3930 sint,
2883 3882 3007 3923 cum
3040 3877 3229 3940 gentes
3255 3872 3408 3941 prius
3430 3872 3511 3929 si-

1944 3959 2188 4013 mulacra
2218 3958 2457 4013 colentes
2495 3972 2605 4012 una
2642 3973 2767 4013 cum
2817 3958 3118 4018 Salvatoris
3161 3971 3333 4018 nostri
3366 3964 3510 4020 inter

1945 4052 2194 4108 homines
2222 4059 2437 4114 exortu,
2471 4052 2527 4105 in
2567 4051 2782 4106 illorum
2816 4061 3019 4108 sortem
3052 4056 3335 4111 translata:
3371 4056 3506 4123 sint,

1942 4141 2170 4198 Judaica
2199 4157 2327 4197 vero
2361 4158 2512 4212 gens,
2544 4152 2598 4197 et
2639 4141 2950 4197 Judmorum
2995 4153 3169 4201 mater
3209 4145 3402 4202 civitas
3441 4162 3508 4204 ea

1944 4249 2214 4306 perpessa:
2252 4235 2364 4290 sint
2408 4250 2527 4303 quae
2565 4250 2845 4305 nunquam
2892 4244 3071 4304 antea,
3119 4253 3227 4293 non
3277 4239 3511 4310 longiori

1945 4328 2181 4382 arbitror
2231 4327 2476 4380 oratione
2514 4326 2755 4397 indigere
2803 4332 2862 4379 ut
2889 4329 3133 4396 apertius
3164 4330 3509 4386 ostendatur.

1944 4419 2194 4472 Attamen
2225 4433 2344 4487 quae
2376 4417 2441 4472 ad
2476 4432 2801 4472 consensum
2834 4419 3105 4486 pertinent
3130 4426 3242 4474 tum
3268 4422 3508 4492 prophe-

277 4514 401 4568 ιδεῖν
421 4514 597 4580 ἄξιον.
614 4516 708 4578 Εἰς
743 4514 944 4585 σημεῖά
975 4529 1135 4585 φησιν
1157 4514 1185 4566 6
1208 4513 1464 4585 Μωῦσῆς,
1494 4515 1589 4567 καὶ
1622 4516 1701 4577 είς
1722 4531 1840 4567 και-

1944 4510 2063 4565 1.ίοίὲ
2086 4510 2470 4581 praedictionis,
2494 4519 2609 4564 tum
2645 4514 2967 4583 evangelica:
2995 4515 3506 4582 consummationis,

276 4608 398 4677 ροὺς
423 4605 696 4660 τεθεῖσθαι
741 4607 865 4668 τοὺς
918 4605 1123 4667 πάντας
1154 4604 1211 4657 ἐν
1248 4603 1325 4674 τῷ
1369 4604 1703 4677 στερεώματι
1734 4605 1837 4658 ὑπὸ

272 4692 362 4750 τοῦ
384 4695 532 4752 θεοῦ
560 4696 817 4767 ἀστέρας·
851 4695 997 4760 ξένος
1022 4695 1078 4747 δὲ
1106 4691 1197 4749 οὖν
1229 4696 1319 4749 καὶ
1342 4696 1403 4749 οὐ
1437 4696 1689 4767 συνήθης,
1718 4697 1836 4750 οὐδὲ

271 4788 377 4842 τῶν
418 4787 636 4843 πολλῶν
671 4786 765 4841 καὶ
800 4787 1089 4857 γνωρίμων
1120 4782 1219 4851 εἷς,
1251 4786 1386 4841 ἀλλά
1416 4804 1499 4850 τις
1535 4787 1715 4851 καινὸς
1747 4788 1839 4840 καὶ

274 4880 386 4944 νέος
415 4880 600 4951 ἀστὴρ
634 4880 913 4946 ἐπιφανεὶς
944 4876 1022 4948 τῷ
1058 4878 1175 4950 βίῳ,
1201 4881 1420 4947 σημεῖον
1449 4876 1596 4943 ξένου
1624 4879 1839 4949 φωστῆ-

280 4986 364 5042 ρος
389 4970 586 5040 ὲδῆλου
632 4968 1078 5041 καταλάμψαντος
1114 4967 1189 5039 τῷ
1227 4968 1386 5022 παντὶ
1447 4969 1654 5040 κόσμῳ,
1688 4970 1746 5034 ὃς
1771 4966 1839 5041 ἦν

273 5064 303 5115 6
330 5064 572 5136 Χριστὸς
624 5062 719 5115 τοῦ
755 5061 912 5123 Θεοῦ,
958 5061 1130 5132 μέγας
1158 5060 1252 5114 καὶ
1284 5060 1404 5123 νέος
1432 5061 1625 5132 ἀστὴρ,
1654 5054 1715 5114 οὗ
1740 5061 1839 5132 τὴν

275 5155 457 5209 εἰκόνα
498 5151 839 5223 συμϐολικῶς
880 5154 910 5207 ό
947 5152 1132 5220 φανεὶς
1166 5150 1287 5205 τότε
1327 5153 1438 5215 τοῖς
1499 5153 1693 5222 μάγοις
1738 5155 1838 5207 ἐπ-

258 5245 519 5316 ϊφέρετο.
567 5244 783 5315 Ἐπειδὴ
803 5244 913 5317 γὰρ
942 5243 1061 5297 καθ’
1102 5242 1230 5314 ὅλης
1270 5244 1368 5313 τῆς
1418 5244 1567 5315 ἱερᾶς
1595 5243 1689 5297 καὶ
1721 5244 1837 5299 θεο-

275 5337 541 5392 πνεύστου
566 5337 787 5409 Γραφῖκ
822 5339 851 5391 6
887 5335 1287 5409 προηγούμενος
1316 5335 1416 5406 τῆς
1445 5336 1680 5402 διανοίας
1712 5354 1833 5393 axo-

274 5427 372 5491 πὸς
405 5426 791 5500 μυστικώτερα
827 5428 921 5482 καὶ
950 5428 1069 5483 θεῖα
1101 5426 1347 5497 βούλεται
1381 5426 1672 5493 παιδεύειν,
1700 5427 1839 5499 μετὰ

272 5518 383 5572 τοῦε
412 5517 511 5574 καὶ
560 5520 660 5591 τὴν
709 5518 997 5590 πρόχειρον
1038 5518 1277 5573 διάνοιαν
1299 5515 1566 5581 σώζεσθαι
1584 5520 1643 5572 ὲν
1683 5519 1834 5592 μέρει

273 5610 566 5683 ιστορικῶς
593 5610 1013 5680 πεπραγμένων,
1050 5611 1275 5672 εἰκότως
1304 5611 1398 5663 καὶ
1425 5613 1458 5681 ή
1486 5610 1622 5681 μετὰ
1646 5614 1834 5681 χεῖρας

343 5789 386 5820 ⁸³
424 5787 577 5845 Ρωι.
607 5802 703 5854 cv,
736 5788 826 5845 28.
903 5791 946 5823 ὀ
985 5788 1126 5846 Psal.
1161 5804 1201 5845 ιι
1224 5829 1238 5855 ,
1268 5790 1324 5846 8.

1942 4602 2104 4656 talem
2145 4617 2276 4657 sane
2311 4602 2547 4658 habeant
2567 4604 2790 4658 exitum.
2824 4603 3093 4660 Cancrum
3136 4620 3256 4675 qua:
3286 4604 3507 4660 tandem

1943 4708 2110 4748 causa
2138 4693 2347 4748 exstitit
2372 4704 2594 4763 propter
2616 4710 2778 4764 quam
2803 4696 2957 4749 stella
2984 4711 3103 4767 quae
3127 4704 3239 4751 tum
3261 4697 3376 4752 visa
3399 4707 3503 4763 est,

1943 4784 2204 4850 illuxerit,
2235 4800 2355 4854 quae
2387 4784 2602 4855 quidem
2628 4801 2792 4843 causa
2826 4789 3193 4859 contemplatu
3225 4788 3386 4859 digna
3410 4789 3507 4845 sit?

1944 4876 2123 4933 Moses
2144 4876 2360 4947 quidem
2384 4879 2438 4930 in
2468 4878 2618 4949 signa
2646 4880 2719 4934 ait
2741 4888 2795 4935 et
2818 4889 3061 4951 tempora
3079 4881 3134 4935 in
3164 4879 3505 4939 ﬁrmamento

1946 4984 1977 5023 a
2011 4968 2119 5024 Deo
2146 4969 2322 5039 posita
2350 4968 2517 5024 fuisse
2553 4971 2732 5026 sidera
2755 4971 3043 5038 universa;
3079 4982 3134 5027 at
3158 4988 3286 5029 vero
3318 4971 3422 5029 hoc
3449 4982 3506 5029 et

1942 5062 2285 5131 peregrinum
2336 5069 2391 5115 et
2420 5063 2723 5125 insolitum,
2754 5079 2931 5133 neque
2957 5062 3097 5119 idem
3134 5079 3200 5118 ex
3235 5066 3419 5119 multis
3450 5071 3506 5119 et

1942 5153 2175 5223 cognitis
2209 5168 2399 5214 unum,
2436 5153 2530 5208 sed
2564 5169 2761 5208 novum
2814 5156 2995 5225 potius
3029 5155 3300 5225 quoddam
3330 5170 3506 5226 neque

1941 5252 2101 5299 antea
2125 5244 2300 5299 visum
2333 5244 2507 5306 sidus,
2539 5244 2683 5315 quod
2713 5246 2835 5300 vita:
2867 5244 3147 5299 hominum
3191 5245 3387 5305 illuxit.
3416 5261 3504 5301 re~

1941 5338 2116 5393 centis
2159 5336 2442 5406 cujusdam
2484 5338 2767 5393 luminaris
2816 5339 3064 5409 signum,
3095 5339 3240 5407 quod
3286 5339 3503 5393 univer-

1943 5441 2064 5482 sum
2102 5426 2362 5481 mundum
2396 5427 2713 5490 illustraret,
2757 5424 3071 5480 indicabat:
3102 5423 3249 5494 quod
3281 5422 3500 5494 quidem

1941 5519 2209 5575 luminare
2251 5518 2504 5574 Christus
2543 5517 2638 5573 Dei
2693 5527 2833 5582 erat,
2865 5518 3058 5587 ingens
3103 5515 3235 5571 illud
3270 5528 3504 5570 novum-

1938 5626 2043 5682 que
2071 5611 2244 5679 sidus,
2291 5610 2449 5680 cujus
2477 5610 2764 5686 imaginem
2792 5624 2859 5664 ex
2892 5608 3299 5680 comparatione
3327 5622 3392 5663 ac
3422 5604 3506 5664 si-
