3908 6266
404 326 508 384 655

1037 323 1303 381 EUSEBII
1341 320 1821 378 CASSARIENSIS
1861 320 2012 377 OPP.
2058 321 2263 378 PARS.
2306 321 2464 380 IL—
2495 317 2988 384 APOLOGETICA.

3535 335 3624 394 δῖε

401 444 708 500 militudine
735 442 990 514 quadam,
1015 443 1143 495 illud
1165 441 1311 513 quod
1343 449 1472 495 tunc
1497 439 1668 510 magis
1695 438 1964 509 apparuit,

2078 439 2386 512 πρόρρησις
2409 439 2710 513 ἐπληροῦτο
2747 441 2881 514 πρὸς
2899 441 3045 508 λέξιν
3075 440 3170 494 ἐπὶ
3196 444 3260 515 τῇ
3285 441 3378 497 τοῦ
3412 461 3624 518 προανα-

401 536 688 591 referebat.
729 533 863 590 Cum
915 531 1057 587 enim
1103 548 1200 602 per
1252 540 1421 585 totam
1468 536 1874 587 sacrosanctam
1919 538 1973 586 et

402 643 430 681 ε
453 629 636 682 divino
676 625 880 696 Spiritu
908 624 1165 678 traditam
1199 623 1565 695 Scripturam,
1604 623 1650 679 si
1695 623 1820 692 quis
1852 635 1974 676 eam

401 719 467 772 ad
496 732 715 773 sensum
752 715 1156 784 interpretetur,
1203 716 1438 786 primum
1484 715 1556 769 sit
1603 712 1968 784 propositum,

401 813 460 859 ut
490 804 714 876 mystica
741 802 987 874 quaedam
1033 803 1326 874 divinaque
1371 803 1586 867 doceat,
1639 809 1856 857 servato
1886 807 1973 853 ta-

398 913 521 952 men
549 897 742 952 saltem
766 897 822 950 in
851 903 1006 967 parte
1035 897 1201 951 etiam
1231 895 1442 965 vulgari
1465 903 1759 965 apertoque
1808 907 1972 948 sensu

395 1003 586 1044 eorum
617 1003 739 1059 qua:
781 987 1043 1043 historice
1074 995 1225 1058 gesta
1259 994 1388 1042 sunt
1417 1005 1428 1040 :
1460 986 1659 1041 merito
1699 984 1803 1039 hoc
1837 999 1975 1054 quo-

396 1097 503 1151 que
527 1082 672 1152 quod
703 1097 848 1136 nunc
884 1089 1151 1136 tractatur
1183 1079 1486 1145 oraculum,
1520 1081 1577 1132 in
1603 1078 1723 1149 ejus
1753 1077 1970 1140 sideris,

397 1174 682 1244 prophetia
722 1173 868 1244 quod
905 1174 958 1227 in
989 1184 1110 1227 ortu
1152 1169 1452 1226 Salvatoris
1485 1170 1660 1225 nostri
1703 1171 1972 1224 oriturum

400 1263 856 1328 denuntiabatur,
903 1263 1066 1318 etiam
1113 1263 1180 1316 ad
1220 1262 1442 1317 verbum
1490 1262 1814 1331 completum
1865 1267 1969 1314 εει.

396 1353 560 1427 420
588 1353 872 1411 Exsistunt
917 1354 1137 1426 quidem
1186 1353 1309 1407 aliis
1355 1367 1574 1423 quoque
1623 1351 1879 1422 gloriosis
1917 1359 1973 1404 et

395 1449 706 1504 illustribus
734 1448 866 1504 viris
895 1447 1237 1502 insolitarum
1268 1445 1548 1500 stellarum
1581 1444 1754 1514 ignes,
1790 1449 1847 1496 ut
1879 1455 1973 1496 ea-

396 1558 517 1596 rum
552 1557 670 1611 quze
717 1555 746 1597 a
777 1540 1104 1611 quibusdam
1139 1539 1351 1593 crinitae
1373 1545 1661 1600 vocantur,
1695 1538 1822 1591 item
1852 1550 1972 1606 quae

398 1634 587 1693 trabis,
633 1640 725 1686 aut
759 1647 880 1701 qua:
905 1631 1086 1686 barba:
1125 1628 1535 1685 similitudinem
1571 1627 1831 1692 ferentes,
1865 1626 1973 1680 uti-

393 1741 500 1796 que
534 1726 694 1779 etiam
729 1722 1090 1794 quarumdam
1131 1721 1364 1775 aliarum
1405 1720 1491 1776 bis
1533 1719 1815 1783 similium,
1853 1732 1972 1788 qua:

2078 531 2416 603 φωνηθέντος
2469 532 2696 605 ἀστέρος
2741 533 2834 587 ἐπὶ
2881 536 2947 605 τῇ
2999 533 3206 602 γενέσει
3251 533 3345 588 τοῦ
3396 537 3622 612 Σωτῆρος

2075 623 2231 696 ἡμῶν
2270 625 2596 696 προφητείᾳ.
2650 624 2930 694 Γίγνονται
2975 625 3074 697 μὲν
3099 621 3191 680 οὖν
3213 628 3306 680 καὶ
3337 627 3421 697 ἐφ’
3448 631 3626 704 ἐτέρων

2073 715 2329 782 ἐπιδόξων
2364 717 2459 770 καὶ
2507 715 2783 786 ἐπιφανῶν
2815 717 3022 788 ἀνδρῶν
3060 717 3368 784 ξενιζόντων
3404 720 3626 793 ἀστέρων

2074 807 2390 878 ἐκλάμψεις,
2419 801 2530 860 οἷον
2553 806 2660 860 τῶν
2675 806 3022 877 καλουμένων
3051 809 3201 879 παρά
3231 826 3341 861 τισι
3371 812 3625 882 κομητῶν,

2073 900 2106 970 ἢ
2168 898 2410 964 δοκίδων,
2463 898 2498 971 ἢ
2548 896 2867 968 πωγωνιῶν,
2911 899 2945 969 ἡ
2994 915 3154 952 τινων
3191 899 3392 971 ἐτέρων
3439 902 3628 971 τούτοις

2076 990 2493 1060 παραπλησίων,
2543 989 2638 1042 ἐπὶ
2700 988 2953 1060 μεγάλοις
3013 990 3330 1061 πράγμασιν
3388 991 3446 1057 ἐξ
3491 993 3630 1060 ἔθους

2074 1081 2541 1153 ἀναφαινομένων.
2609 1081 2767 1134 Ἀλλά
2814 1082 2866 1135 τί
2895 1081 3006 1153 γὰρ
3039 1083 3338 1157 κρεῖττονῆ
3363 1085 3534 1156 μεῖζον
3561 1085 3630 1156 τῷ

2074 1170 2236 1222 παντὶ
2269 1169 2458 1240 κόσμῳ
2501 1169 2697 1238 γένοιτ’
2725 1171 2789 1224 ἀν
2833 1187 2962 1223 ποτε
2988 1171 3020 1242 ἦ
3043 1172 3102 1224 τὸ
3125 1172 3213 1228 διὰ
3246 1175 3509 1247 σωτηρίου
3533 1177 3632 1229 ἐπι-

2075 1261 2298 1332 φανείας
2317 1264 2481 1316 πᾶσιν
2510 1261 2758 1334 ὑπάρξαν
2796 1261 3103 1335 ἀνθρώποις
3123 1265 3308 1338 νοερὸν
3342 1267 3474 1337 φῶς,
3494 1268 3630 1322 εὐσε-

2074 1352 2224 1416 ϐείας
2279 1353 2374 1407 καὶ
2421 1353 2747 1422 θεογνωσίας
2797 1353 3029 1426 ἀληθοῦς
3060 1356 3362 1429 κατάληψιν
3407 1357 3630 1427 λογικαῖς

2071 1441 2268 1513 ψυχαῖς
2295 1443 2645 1514 νομιζόμενον
2669 1459 2682 1508 ;
2725 1433 2785 1496 οὗ
2823 1444 2887 1514 δὴ
2917 1445 3076 1516 χάριν
3104 1445 3166 1498 τὸ
3192 1447 3332 1517 μέγα
3364 1450 3575 1517 σημεῖον
3604 1449 3628 1502 ό

2073 1535 2357 1606 προφανὴς
2396 1535 2583 1606 ἐδήλου
2643 1535 2837 1608 ἀστὴρ,
2885 1537 3055 1606 μέγαν
3107 1540 3202 1590 καὶ
3241 1538 3358 1592 νέον
3389 1537 3632 1610 φωστῆρα

2072 1627 2456 1698 ἐπιλάμψαντα
2481 1626 2558 1698 τῷ
2587 1628 2750 1680 παντὶ
2799 1627 2990 1699 κόσμῳ
3025 1627 3116 1682 τὸν
3137 1629 3369 1701 Χριστὸν
3389 1630 3481 1683 τοῦ
3509 1629 3630 1683 Θεοῦ

2072 1721 2238 1773 πᾶσιν
2294 1719 2681 1790 αἰνιττόμενος.
2725 1719 2884 1772 Κατά
2944 1719 3005 1772 τὸ
3034 1720 3165 1773 αὐτὸ
3195 1721 3308 1791 δὲή
3345 1707 3633 1792 προφητεία

393 1817 604 1887 magnis
648 1814 1062 1869 imminentibus
1108 1813 1275 1868 rebus
1315 1813 1491 1867 solent
1539 1811 1825 1867 exsistere.
1887 1809 1957 1863 At

2072 1808 2354 1880 ἄνθρωπον
2395 1807 2530 1879 ὁμοῦ
2565 1808 2660 1862 καὶ
2705 1808 2909 1880 ἀστέρα
2955 1808 3198 1875 θεσπίζει
3229 1811 3295 1863 δι’
3329 1805 3407 1864 ὧν
3444 1829 3628 1882 φησιν·

397 1908 544 1962 enim
575 1906 706 1977 quid
746 1905 962 1960 tandem
1012 1915 1103 1958 aut
1123 1901 1476 1958 excellentius
1517 1911 1610 1955 aut
1653 1900 1830 1969 majus
1869 1898 1969 1953 toti

393 1999 597 2054 mundo
632 2012 871 2068 unquam
914 1995 1226 2066 contigerit,
1276 2009 1438 2064 quam
1467 1994 1611 2064 quod
1647 2009 1743 2063 per
1773 1992 1972 2046 saluta-

390 2105 510 2144 rem
544 2088 832 2144 adventum
869 2088 1124 2142 omnibus
1166 2086 1347 2148 illuxit
1392 2084 1716 2139 mortalibus
1771 2083 1971 2138 intelli-

394 2181 588 2249 gentiae
618 2180 821 2246 lumen,
854 2177 1000 2248 quod
1039 2187 1094 2231 et
1136 2176 1356 2246 pietatis
1391 2184 1444 2230 ει
1485 2191 1624 2228 vera:
1674 2173 1968 2244 agnitionis

391 2270 486 2325 Dei
517 2271 917 2342 perceptionem
952 2269 1148 2323 animis
1187 2267 1546 2322 rationalibus
1571 2266 1780 2330 attulit,
1804 2265 1967 2335 cujus

390 2360 588 2429 gratia,
612 2359 807 2430 ingens
837 2359 1054 2430 signum
1087 2357 1161 2420 id,
1195 2357 1262 2413 de
1289 2373 1401 2428 quo
1434 2361 1592 2410 antea
1625 2355 1830 2409 dictum
1859 2362 1966 2419 εει,

390 2450 668 2505 indicabat
710 2451 886 2515 sidus,
932 2451 1061 2504 dum
1110 2451 1302 2521 ingens
1355 2457 1407 2504 et
1447 2463 1646 2502 novum
1697 2447 1969 2502 luminare

392 2542 538 2611 quod
573 2550 746 2596 totum
788 2542 1085 2596 illustravit
1131 2543 1414 2604 mundum,
1455 2539 1734 2594 Christum
1781 2538 1968 2609 utique

389 2633 485 2688 Dei
508 2633 762 2689 omnibus
786 2633 1079 2704 signiﬁcat?
1108 2632 1312 2688 Eodem
1347 2646 1474 2686 vero
1511 2631 1630 2684 loco
1660 2631 1964 2700 prophetia,

389 2733 444 2780 et
472 2725 746 2780 hominem
782 2733 837 2778 et
887 2725 1040 2780 sidus
1068 2724 1310 2778 futurum
1358 2723 1587 2787 divinat,
1619 2721 1706 2775 his
1729 2721 1914 2776 verbis
1949 2740 1963 2776 :

396 2828 414 2862 ι
462 2810 754 2866 Exorietur
789 2812 945 2866 stella
973 2828 1041 2867 ex
1076 2810 1266 2877 Jacob,
1293 2820 1347 2866 et
1378 2817 1565 2880 surget
1600 2811 1764 2865 homo
1789 2826 1854 2865 ex
1888 2811 1968 2866 ls-

388 2907 525 2974 rael,
558 2925 576 2958 ι
613 2915 798 2976 utpote
835 2922 956 2977 quae
987 2912 1040 2961 et
1083 2906 1307 2960 coeleste
1344 2904 1614 2958 luminare
1636 2903 1806 2959 Deum
1831 2902 1961 2959 Ver-

377 3000 520 3059 bum
545 3015 666 3054 esse
696 2999 984 3070 signiﬁcet,
1011 3008 1064 3054 et
1097 3006 1278 3052 tamen
1300 2996 1549 3051 eumdem
1579 2997 1854 3051 hominem
1878 3011 1969 3068 ap-

388 3093 571 3161 pellet.
603 3090 766 3146 Varie
810 3107 974 3164 porro
1026 3091 1179 3145 illum
1221 3090 1344 3146 aliis
1393 3104 1611 3160 quoque
1650 3090 1706 3144 in
1748 3089 1883 3145 locis
1914 3098 1966 3144 et

2075 1920 2094 1952 ι
2131 1900 2399 1955 ’Δνατελεῖ
2418 1902 2614 1972 ἄστρον
2631 1899 2692 1966 ἐξ
2718 1899 2933 1968 Ἰακὼϐ,
2950 1903 3042 1956 καὶ
3064 1902 3428 1974 ἀναστήσεται
3448 1905 3634 1977 ἄνθρω-

2069 2011 2168 2057 πος
2211 1993 2268 2059 ἐξ
2321 1993 2571 2065 Ἰσραήλ·
2613 2011 2632 2044 ι
2682 1993 2773 2046 τὸν
2824 1993 2922 2064 μὲν
2976 1995 3223 2066 οὐράνιον
3254 1996 3513 2069 φωστῆρα
3549 1998 3632 2050 τὸν

2068 2085 2199 2138 Θεὸν
2261 2085 2432 2153 Λόγον
2491 2081 2656 2150 εἶναι,
2701 2086 2794 2139 τὸν
2838 2086 3003 2139 αὐτὸν
3031 2087 3087 2138 δὲ
3129 2086 3415 2160 ἄνθρωπον
3455 2091 3636 2161 ὀνομά-

2069 2178 2253 2243 ξουσα.
2291 2178 2572 2250 Διαφόρως
2607 2180 2665 2232 δὲ
2712 2179 2872 2232 αὐτὸν
2914 2180 3006 2232 καὶ
3052 2182 3108 2232 ἐν
3152 2183 3355 2253 ἑτέροις
3387 2183 3633 2254 ἀνατολὴν

2067 2271 2222 2342 ὁμοῦ,
2253 2271 2345 2324 καὶ
2377 2271 2511 2340 φῶς,
2558 2273 2651 2324 καὶ
2684 2271 2829 2340 ἥλιον
2881 2270 3225 2343 δικαιοσύνης
3253 2274 3535 2338 ἀποκαλεῖ,
3567 2275 3633 2338 ὡς

2068 2364 2124 2415 ἐν
2153 2366 2264 2426 τοῖς
2287 2362 2521 2435 πρώτοις
2557 2362 2937 2433 ἀπεδείξαμεν.
2986 2360 3122 2416 Εἶτα
3158 2365 3217 2417 τὸ
3250 2366 3350 2436 μὲν
3381 2367 3633 2438 θειότερον

2069 2453 2250 2520 αὐτοῦ,
2283 2454 2376 2507 ἆτε
2416 2453 2646 2522 φωτίζον
2691 2454 2873 2508 πάντα
2917 2454 3204 2526 ἄνθρωπον
3245 2457 3534 2528 ἐρχόμενον
3564 2460 3633 2521 εἰς

2066 2547 2156 2600 τὸν
2185 2545 2407 2615 κόσμον,
2441 2544 2519 2614 τῷ
2540 2546 2637 2615 τῆς
2665 2544 2928 2614 ἀνατολῆς
2949 2547 3255 2617 ἐπεφήμισε
3289 2551 3634 2620 προσρήματι

2069 2639 2272 2709 φήσαςο
2305 2655 2322 2688 ι
2375 2635 2645 2689 Ἀνατελεῖ
2687 2636 2885 2709 ἄστρον
2933 2635 2992 2700 ἐξ
3036 2637 3261 2690 Ἰακώϐ’
3301 2656 3317 2688 ι
3349 2639 3444 2693 τὸν
3469 2639 3522 2692 δὲ
3550 2640 3635 2694 ἄν·

2068 2727 2281 2798 θρωπον
2337 2726 2425 2780 διὰ
2473 2727 2533 2779 τὸ
2584 2727 2795 2797 συμϐὰν
2861 2727 2988 2796 περὶ
3033 2728 3196 2781 αὑτὸν
3245 2729 3441 2795 πάθος,
3476 2729 3548 2792 ὡς
3575 2729 3636 2784 ἂν

2068 2818 2414 2884 πεπτωκότα,
2466 2820 2863 2891 ἀναστήσεσθαι
2914 2819 3176 2883 θεσπίζει,
3216 2820 3419 2891 ὁμοίως
3445 2815 3524 2885 οἷς
3550 2821 3638 2873 καὶ

2079 2912 2308 2975 Ἡσαΐας
2357 2912 2486 2984 περὶ
2530 2911 2696 2964 αὐτοῦ
2749 2926 2920 2983 φησι·
2958 2930 2977 2963 ι
3017 2913 3125 2964 Καὶ
3153 2912 3302 2966 ἔσται
3339 2916 3377 2985 ἠ
3407 2913 3526 2986 ῥίζα
3549 2911 3638 2966 τοῦ

2080 3002 2296 3068 Ἰεσσαὶ,
2333 3003 2427 3056 καὶ
2475 3005 2504 3056 ό
2537 3002 2892 3073 ἀνιστάμενος
2937 3001 3124 3073 ἄρχειν
3161 3001 3348 3067 ἐθνῶν,
3388 3004 3475 3056 ἐπ’
3498 3001 3631 3073 αύτῴ

2066 3091 2192 3163 ἔθνη
2240 3092 2506 3146 ἐλπιοῦσι.
2545 3111 2564 3144 ι
2599 3093 2710 3146 Kal.
2751 3093 2920 3161 σαφές
2954 3109 3017 3161 γε
3059 3093 3179 3147 τίνα
3206 3093 3414 3164 τρόπον
3440 3093 3496 3146 τὸ
3527 3092 3633 3162 φῶς

387 3193 567 3239 ortum
599 3184 784 3251 simul,
820 3191 874 3238 et
912 3184 1096 3238 lumen
1139 3188 1194 3238 et
1237 3181 1405 3237 solem
1433 3180 1661 3250 justitize
1690 3190 1870 3246 vocat,
1901 3189 1962 3236 ut

2066 3184 2154 3237 τοῦ
2185 3185 2435 3256 Σωτῆρος
2488 3185 2643 3255 ἡμῶν
2695 3186 2758 3237 ἐκ
2781 3184 2874 3237 τοῦ
2921 3184 3112 3238 Ἰακὼϐ
3159 3185 3469 3250 ἀνατεῖλαν,
3501 3184 3632 3239 τοῦτ’

386 3279 443 3332 in
478 3276 754 3348 prioribus
779 3275 936 3332 libris
967 3275 1330 3331 ostendimus.
1363 3273 1632 3328 Caeterum
1659 3271 1806 3342 quod
1841 3273 1965 3343 qui-

384 3371 509 3426 dem
541 3371 598 3425 in
629 3369 721 3425 illo
749 3369 990 3426 divinius
1023 3375 1130 3433 est,
1161 3375 1423 3438 tanquam
1443 3366 1497 3421 id
1525 3364 1670 3437 quod
1698 3365 1965 3420 illuminet

386 3476 602 3516 omnem
633 3460 908 3516 hominem
938 3461 1244 3516 venientem
1298 3460 1353 3514 in
1383 3459 1528 3513 hunc
1561 3457 1848 3524 mundum,
1873 3472 1955 3511 or-

385 3563 476 3610 tus
506 3553 774 3610 vocabulo
803 3553 1120 3618 celebravit,
1153 3553 1208 3606 in
1240 3553 1389 3606 hunc
1437 3549 1660 3606 modum
1697 3569 1710 3604 :
1747 3568 1766 3601 ι
1807 3546 1964 3604 Orie-

387 3655 478 3701 ωι-
496 3645 651 3701 stella
677 3661 741 3700 ex
762 3643 951 3700 Jacob.
975 3664 994 3698 ι
1013 3642 1296 3700 Hominem
1319 3657 1450 3698 vero
1471 3641 1718 3697 eumdem
1744 3649 1964 3712 propter

388 3739 734 3796 :nlilictionem
777 3753 842 3794 ac
894 3747 1125 3794 mortem
1181 3752 1344 3807 quam
1401 3735 1647 3807 pertulit,
1698 3741 1962 3804 tanquam

383 3847 507 3886 eum
535 3830 628 3902 qui
659 3830 955 3893 ceciderat,
988 3839 1366 3886 surrecturum
1401 3826 1631 3890 divinat,
1660 3824 1861 3896 quibus
1885 3823 1962 3879 si-

383 3921 531 3974 milia
563 3920 631 3975 de
659 3919 850 3975 eodem
881 3919 1050 3977 Isaias
1079 3919 1228 3974 canit
1256 3937 1269 3972 :
1309 3935 1328 3968 ι
1363 3914 1430 3969 Et
1461 3915 1568 3970 erit
1598 3915 1752 3970 radix
1783 3911 1958 3978 Jesse,

380 4019 437 4064 et
475 4011 568 4081 qui
612 4011 789 4081 surgit
826 4020 888 4065 ut
936 4011 1167 4080 imperet
1212 4005 1468 4079 gentibus
1503 4022 1516 4058 :
1551 4005 1608 4059 in
1657 4020 1723 4060 eo
1771 4011 1960 4075 gentes

381 4101 759 4172 sperabunt“.
801 4120 820 4154 ι
856 4101 920 4156 Ει
944 4102 1296 4156 manifestum
1326 4099 1547 4169 quidem
1581 4105 1684 4160 est,
1721 4112 1959 4168 quonam

379 4193 546 4250 modo
586 4192 887 4250 Salvatoris
916 4193 1091 4249 nostri
1145 4192 1330 4248 lumen
1365 4190 1433 4246 de
1474 4189 1642 4246 Jacob
1686 4198 1956 4254 exortum,

378 4285 489 4340 hoc
554 4294 640 4341 est
676 4285 743 4342 de
792 4284 1021 4341 Iudaico
1071 4284 1292 4356 populo,
1324 4297 1435 4338 non
1483 4283 1588 4354 ipsi
1617 4280 1787 4338 Jacob
1815 4283 1960 4338 unde

377 4377 687 4448 profectum
737 4386 851 4445 est,
915 4377 1012 4435 sed
1061 4377 1320 4433 omnibus
1385 4376 1639 4448 gentibus
1693 4375 1954 4431 illuxerit.

2065 3278 2210 3342 ἔστιν
2235 3278 2343 3331 ἀπὸ
2371 3276 2463 3330 τοῦ
2495 3279 2559 3330 ἐκ
2598 3279 2898 3350 περιτομῆς
2921 3277 3072 3344 λαοῦ,
3107 3281 3239 3332 πᾶσι
3271 3282 3388 3345 τοῖς
3419 3272 3636 3342 ἔθνεσιν,

2063 3371 2174 3424 ἀλλ’
2202 3371 2321 3442 οὐχ).
2342 3369 2422 3441 τῷ
2483 3369 2700 3434 Ἰακὼϐ,
2734 3369 2856 3424 ὃθεν
2901 3370 2996 3424 καὶ
3019 3369 3312 3444 προῆλθεν,
3345 3371 3630 3441 ἐξέλαμψε.

2063 3461 2230 3516 Τοῦτο
2279 3462 2336 3516 δὲ
2375 3462 2472 3516 καὶ
2508 3463 2614 3516 ἀπὸ
2641 3462 2908 3517 πλείστων
2953 3463 3153 3535 ἐτέρων
3189 3464 3454 3536 πάρεστιν
3496 3464 3639 3517 ἐκλα-

2063 3554 2177 3608 ϐεῖν
2209 3554 2572 3626 προφητειῶν,
2591 3555 2666 3619 ὼς
2689 3554 2823 3626 πρὸς
2855 3555 3015 3609 αὐτὸν
3040 3556 3365 3625 φασκουσῶν
3396 3557 3486 3610 τὸν
3515 3557 3638 3626 Χρι-

2065 3647 2216 3700 στόνο
2263 3667 2280 3700 ι
2327 3648 2457 3701 Ἰδοὺ
2515 3647 2736 3702 τέθεικά
2784 3665 2843 3700 σε
2892 3649 2972 3711 είς
3007 3647 3280 3721 Διαθήκην
3325 3650 3536 3718 γένους,
3564 3649 3638 3709 είς

2065 3739 2180 3809 φῶς
2225 3737 2396 3793 ἐθνῶν
2417 3756 2430 3768 ·
2472 3759 2490 3792 ι
2527 3740 2588 3792 οὐ
2617 3739 2720 3811 μὴν
2766 3739 2898 3793 ἀλλά
2931 3739 3026 3794 καὶ
3051 3741 3114 3793 ἐκ
3153 3739 3260 3793 τῶν
3288 3742 3385 3794 τοῦ
3418 3738 3638 3810 Βαλαὰμ

2061 3831 2254 3900 λόγων,
2277 3831 2342 3884 δι’
2374 3824 2448 3884 ὧν
2471 3848 2664 3902 φησιν·
2706 3850 2724 3884 ι
2773 3830 3140 3900 Ἐξελεύσεται
3174 3833 3237 3884 ἐκ
3268 3831 3366 3886 τοῦ
3396 3832 3639 3904 σπέρμα·

2059 3939 2150 3985 τος
2177 3919 2339 3974 αὑτοῦ
2372 3919 2676 3992 ἄνθρωπος,
2705 3920 2799 3973 καὶ
2827 3919 3104 3992 κυριεύσει
3133 3919 3303 3974 ἐθνῶν
3346 3920 3576 3974 πολλῶν.
3613 3936 3632 3970 ι

2061 4008 2216 4072 Τίνος
2242 4008 2298 4060 δὲ
2323 4009 2388 4060 ἐκ
2421 4007 2734 4078 σπέρματος
2759 4011 2791 4078 ἢ
2819 4008 2912 4061 τοῦ
2955 4008 3188 4080 Ἰσραὴλ,
3218 4010 3294 4075 ὼς
3313 4013 3347 4082 ή
3382 4009 3626 4082 σύμφρα-

2061 4116 2144 4162 σις
2173 4098 2515 4170 παρέστησε;
2547 4098 2640 4151 καὶ
2665 4099 2729 4168 δὴ
2759 4097 3052 4169 κυριεύσας
3081 4097 3248 4152 ἐθνῶν
3273 4101 3302 4152 ὀ
3331 4099 3428 4153 τοῦ
3456 4097 3638 4166 Σωτῆ-

2063 4208 2152 4263 ρος
2173 4190 2326 4261 ἡμῶν
2369 4189 2558 4258 Λόγος,
2601 4188 2875 4260 ἀρχούσας
2920 4190 3185 4262 ἀοράτους
3226 4191 3322 4243 καὶ
3361 4187 3639 4261 μοχθηρὰς

2056 4283 2312 4354 δυνάμεις
2332 4283 2568 4347 καθεῖλε,
2583 4285 2765 4338 καὶτὰ
2786 4284 3128 4356 πνευματικὰ
3145 4285 3243 4355 τῆς
3267 4286 3559 4357 πονηρίας,
3580 4282 3637 4335 τό

2058 4391 2118 4427 τε
2152 4378 2340 4444 στῖφος
2372 4375 2432 4427 τὸ
2471 4374 2800 4446 δαιμονικὸν,
2843 4375 3118 4448 ἀρχηγοὺς
3154 4375 3352 4441 Μωάϐ,
3390 4377 3488 4430 καὶ
3510 4374 3636 4446 Σὴθ,

379 4471 496 4526 Hoc
520 4487 654 4528 vero
687 4488 812 4528 cum
851 4486 920 4527 ex
951 4470 1072 4526 aliis
1103 4469 1358 4542 plurimis
1398 4467 1698 4540 prophetiis
1746 4467 1958 4525 discere

2066 4468 2152 4520 ml.
2220 4465 2414 4537 Ἐδὼμ,
2455 4467 2548 4519 καὶ
2612 4466 2782 4520 Ἠσαῦ
2834 4466 3234 4540 τροπικώτερον
3259 4469 3319 4521 ἐν
3345 4470 3463 4531 τοῖς
3505 4464 3638 4539 μετὰ

379 4582 692 4638 possumus,
723 4576 984 4635 tanquam
1010 4563 1079 4618 ad
1102 4564 1278 4635 ipsum
1303 4562 1582 4618 Christum
1607 4561 1950 4616 dicentibus:

383 4680 401 4712 ι
442 4659 581 4716 Ecce
617 4659 777 4732 posui
807 4668 858 4714 te
886 4659 943 4712 in
975 4657 1386 4714 Testamentum
1419 4654 1658 4726 generis,
1686 4654 1740 4708 in
1773 4654 1955 4708 lumen

377 4752 706 4822 gentium";
739 4770 752 4803 ι
783 4761 894 4806 tum
920 4749 1083 4804 etiam
1100 4764 1163 4803 ex
1185 4747 1358 4816 ipsius
1378 4745 1811 4812 Balaamverbis,
1837 4760 1957 4816 quae

377 4845 459 4900 sic
486 4845 689 4899 habent
723 4863 736 4896 :
774 4861 792 4893 ‹
832 4841 1152 4912 Egredietur
1180 4839 1248 4893 de
1275 4838 1484 4894 semine
1522 4837 1642 4908 ejus
1682 4837 1866 4903 homo,
1898 4844 1954 4892 et

376 4935 745 4990 dominabitur
775 4935 1025 5005 gentibus
1059 4931 1242 4986 multis
1264 4931 1329 4982 ³³.
1370 4949 1388 4983 ι
1425 4929 1590 5000 Atqui
1620 4929 1687 4984 de
1715 4943 1949 4998 quonam

377 5029 484 5081 alio
537 5027 745 5082 semine
796 5041 956 5096 quam
995 5024 1064 5079 de
1098 5024 1282 5087 Israel,
1335 5029 1394 5076 ut
1442 5020 1599 5076 facile
1627 5027 1844 5075 constat
1884 5034 1950 5075 ex

378 5119 552 5190 ipsius
608 5119 876 5174 orationis
927 5116 1221 5172 contextu?
1272 5113 1510 5169 Proinde
1553 5113 1666 5182 jam
1705 5111 1947 5183 gentium

376 5211 659 5265 dominatu
691 5218 915 5281 accepto
966 5207 1266 5264 Salvatoris
1318 5205 1495 5262 nostri
1519 5203 1783 5269 Verbum,
1823 5219 1946 5258 cum

375 5304 492 5370 ipsa
519 5301 803 5373 prophetia
831 5300 1197 5360 concordans.
1240 5313 1428 5354 omnes
1459 5311 1801 5368 quaecunque
1840 5295 1947 5348 illis

376 5393 648 5462 quondam
681 5393 1044 5464 imperabant,
1071 5391 1372 5446 invisibiles
1403 5397 1458 5444 et
1481 5389 1819 5459 perniciosas
1846 5401 1944 5456 po-

377 5493 599 5539 testates
626 5485 844 5548 delevit,
896 5499 1108 5539 necnon
1141 5483 1444 5553 spiritualia
1495 5480 1714 5533 malitiae
1763 5487 1945 5532 cater-

1985 4527 2032 4586 D

2060 4561 2247 4630 χεῖρας
2274 4557 2653 4630 ὼνομασμένα.
2708 4558 2958 4628 Ἀσαφῶς
2986 4559 3044 4612 δὲ
3076 4559 3329 4629 κείμενον
3353 4558 3512 4631 παρά
3531 4559 3638 4618 τοῖς

2074 4651 2470 4723 Ἑϐδομήκοντα
2523 4649 2605 4715 τὸ,
2645 4669 2665 4701 ι
2704 4648 2873 4714 Δείξω
2896 4649 3065 4720 αύτῷ,
3101 4650 3193 4703 καὶ
3225 4651 3346 4720 οὐχὶ
3371 4649 3490 4711 νῦν,
3530 4665 3631 4720 μα-

2063 4740 2293 4814 καρίζω,
2329 4742 2424 4796 καὶ
2447 4741 2546 4795 οὐκ
2575 4740 2802 4810 ἐγγίζει,
2841 4761 2858 4793 ›
2899 4743 3228 4814 σαφέστερον
3268 4744 3297 4794 ό
3329 4743 3434 4811 μὲν
3482 4741 3638 4794 Ἀκύ-

2057 4837 2152 4900 λας
2197 4836 2455 4903 ἐξέδωκεν
2483 4852 2496 4866 ο
2526 4853 2545 4887 ι
2583 4835 2819 4906 Ὄψομαι
2856 4835 3018 4888 αὐτὸν
3046 4873 3062 4898 ,
3114 4836 3207 4888 καὶ
3241 4835 3300 4888 ού
3346 4835 3468 4900 νῦν,
3506 4849 3638 4906 προο

2061 4926 2265 4993 σκοπῶ,
2300 4926 2414 4980 ἀλλ’
2444 4927 2543 4979 οὐκ
2567 4926 2730 4995 ἐγγύς
2755 4943 2769 4956 ·
2800 4945 2818 4978 ι
2849 4927 2876 4978 ὁ
2896 4926 2948 4978 δὲ
2977 4925 3267 4997 Σύμμαχος
3289 4927 3635 4996 λευκότερον,

2059 5023 2266 5093 φήσας·
2305 5040 2323 5072 ι
2377 5020 2515 5092 Ὀρῶ
2559 5019 2742 5084 αὐτὸν,
2791 5018 2903 5072 ἀλλ’
2929 5020 3027 5072 οὐκ
3068 5019 3250 5088 ἐγγύς.
3288 5038 3305 5070 ι
3339 5015 3638 5087 Λέγοιτοᾶ

2057 5115 2123 5169 ἂν
2149 5113 2318 5166 ταῦτα
2347 5113 2452 5166 ὑπὸ
2497 5111 2590 5166 τοῦ
2620 5112 2867 5183 Βαλαὰμ,
2893 5113 2968 5176 ὡς
2999 5117 3228 5185 μακροῖς
3254 5113 3487 5186 ὓστερον
3523 5111 3634 5184 μετ’

2056 5205 2217 5258 αὐτὸν
2245 5205 2454 5276 χρόνοις
2505 5202 2804 5274 μελλόντων
2850 5204 3361 5275 ἐπιτελεσθήσεσθαι
3401 5204 3513 5257 τῶν
3543 5204 3634 5273 δη-

2053 5295 2356 5365 λουμένων·
2384 5293 2520 5364 μετὰ
2555 5291 2683 5360 γοῦν
2712 5291 3063 5362 δισχιλιοπδν
3104 5291 3222 5353 ἔτος
3254 5291 3354 5360 τῆς
3386 5292 3632 5364 προρρή-

2055 5403 2190 5448 σεως
2219 5384 2522 5455 ἐπληροῦτο
2576 5383 2769 5446 ταῦτα,
2816 5383 2911 5435 ἐπὶ
2933 5382 3032 5452 τῆς
3059 5382 3152 5436 τοῦ
3192 5382 3453 5454 Σωτῆρος
3481 5380 3633 5452 ἡμῶν

2051 5479 2130 5540 εἰς
2154 5475 2473 5548 ἀνθρώπους
2490 5475 2801 5546 ἐπιδημίας.

376 5594 607 5648 vanique
643 5579 1021 5641 daemonieam,
1057 5592 1179 5646 qua;
1235 5577 1493 5631 ductores
1534 5573 1712 5638 Moab,
1744 5579 1798 5627 et
1844 5570 1997 5635 Seth,
2021 5580 2073 5624 et
2108 5569 2299 5633 Edom,
2330 5577 2382 5623 et
2419 5567 2577 5637 421
2617 5566 2783 5631 Esau,
2809 5566 3088 5638 ﬁguratius
3121 5567 3176 5621 in
3217 5566 3280 5620 iis
3309 5568 3439 5635 quin
3488 5575 3630 5616 nunc

377 5679 699 5732 u'actamus,
745 5670 1095 5724 denominata
1141 5677 1288 5724 sunt.
1318 5669 1454 5722 Cum
1491 5677 1668 5721 autem
1725 5665 1864 5734 apud
1905 5662 2044 5716 LXX
2067 5664 2355 5720 obscurius
2406 5663 2642 5731 positum
2687 5661 2756 5717 sit
2795 5661 2972 5717 illud:
3013 5679 3037 5715 ι,
3059 5659 3354 5716 Ostendam
3406 5657 3512 5721 illi,
3535 5655 3631 5712 sed

443 5789 485 5818 ²ι
527 5785 629 5840 lsa.
669 5801 752 5846 χι,
794 5786 877 5840 10.
960 5786 1000 5818 ³³
1043 5784 1121 5837 lsa
1186 5801 1324 5844 xui,
1362 5785 1413 5840 6.
1491 5783 1534 5815 ³³
1575 5782 1732 5835 Num.
1771 5798 1928 5840 xxiv.
1963 5779 2049 5834 19.
