  <div class='ocr_page' id='page_1' title='image "/cluster/home/n/w/nwhite01/storage/ocr_20150623/22/mdp.39015078384388/346.png"; bbox 0 0 3908 6266; ppageno 0'>
   <div class='ocr_carea' id='block_1_1' title="bbox 333 329 429 386">
    <p class='ocr_par' dir='ltr' id='par_1_1' title="bbox 333 329 429 386">
     <span class='ocr_line' id='line_1_1' title="bbox 333 329 429 386; baseline -0.021 -1"><span class='ocrx_word' id='word_1_1' title='bbox 333 329 429 386; x_wconf 70' lang='grc'><strong>857</strong></span> 
     </span>
    </p>
   </div>
   <div class='ocr_carea' id='block_1_2' title="bbox 1198 309 2658 375">
    <p class='ocr_par' dir='ltr' id='par_1_2' title="bbox 1198 309 2658 375">
     <span class='ocr_line' id='line_1_2' title="bbox 1198 309 2658 375; baseline -0.008 -2"><span class='ocrx_word' id='word_1_2' title='bbox 1198 317 1851 375; x_wconf 73' lang='lat' dir='ltr'><strong>DEMONSTRATIONIS</strong></span> <span class='ocrx_word' id='word_1_3' title='bbox 1885 313 2343 374; x_wconf 64' lang='lat' dir='ltr'><strong>EVANGELICAE</strong></span> <span class='ocrx_word' id='word_1_4' title='bbox 2397 312 2523 367; x_wconf 81' lang='lat' dir='ltr'><strong>LIB.</strong></span> <span class='ocrx_word' id='word_1_5' title='bbox 2567 309 2658 367; x_wconf 74' lang='lat' dir='ltr'><strong>IX.</strong></span> 
     </span>
    </p>
   </div>
   <div class='ocr_carea' id='block_1_3' title="bbox 3468 307 3582 362">
    <p class='ocr_par' dir='ltr' id='par_1_3' title="bbox 3468 307 3582 362">
     <span class='ocr_line' id='line_1_3' title="bbox 3468 307 3582 362; baseline 0 0"><span class='ocrx_word' id='word_1_6' title='bbox 3468 307 3582 362; x_wconf 78' lang='lat'><strong>658&#39;</strong></span> 
     </span>
    </p>
   </div>
   <div class='ocr_carea' id='block_1_4' title="bbox 331 423 3572 511">
    <p class='ocr_par' dir='ltr' id='par_1_4' title="bbox 331 423 3572 511">
     <span class='ocr_line' id='line_1_4' title="bbox 331 423 3572 511; baseline -0.007 -12"><span class='ocrx_word' id='word_1_7' title='bbox 331 463 435 500; x_wconf 81' lang='lat' dir='ltr'><strong>non</strong></span> <span class='ocrx_word' id='word_1_8' title='bbox 479 459 646 508; x_wconf 89' lang='lat' dir='ltr'><strong>nunc,</strong></span> <span class='ocrx_word' id='word_1_9' title='bbox 687 443 905 499; x_wconf 83' lang='lat' dir='ltr'><strong>beatum</strong></span> <span class='ocrx_word' id='word_1_10' title='bbox 942 442 1086 507; x_wconf 88' lang='lat' dir='ltr'><strong>dico,</strong></span> <span class='ocrx_word' id='word_1_11' title='bbox 1121 439 1213 496; x_wconf 89' lang='lat' dir='ltr'><strong>sed</strong></span> <span class='ocrx_word' id='word_1_12' title='bbox 1260 455 1370 494; x_wconf 90' lang='lat' dir='ltr'><strong>non</strong></span> <span class='ocrx_word' id='word_1_13' title='bbox 1415 441 1834 511; x_wconf 79' lang='lat' dir='ltr'><strong>appropinquat,</strong></span> <span class='ocrx_word' id='word_1_14' title='bbox 1884 458 1903 492; x_wconf 71' lang='grc' dir='ltr'><strong>ι</strong></span> <span class='ocrx_word' id='word_1_15' title='bbox 1932 435 2075 493; x_wconf 89' lang='lat' dir='ltr'><strong>idem</strong></span> <span class='ocrx_word' id='word_1_16' title='bbox 2119 435 2253 489; x_wconf 89' lang='lat' dir='ltr'><strong>illud</strong></span> <span class='ocrx_word' id='word_1_17' title='bbox 2307 434 2551 505; x_wconf 77' lang='lat' dir='ltr'><strong>apertius</strong></span> <span class='ocrx_word' id='word_1_18' title='bbox 2602 429 2794 502; x_wconf 85' lang='lat' dir='ltr'><strong>Aquila</strong></span> <span class='ocrx_word' id='word_1_19' title='bbox 2863 427 3068 484; x_wconf 77' lang='lat' dir='ltr'><strong>edidit:</strong></span> <span class='ocrx_word' id='word_1_20' title='bbox 3099 445 3116 478; x_wconf 82' lang='grc' dir='ltr'><strong>ι</strong></span> <span class='ocrx_word' id='word_1_21' title='bbox 3155 425 3360 480; x_wconf 83' lang='lat' dir='ltr'><strong>Videbo</strong></span> <span class='ocrx_word' id='word_1_22' title='bbox 3419 423 3572 478; x_wconf 89' lang='lat' dir='ltr'><strong>illum</strong></span> 
     </span>
    </p>
   </div>
   <div class='ocr_carea' id='block_1_5' title="bbox 332 523 3572 610">
    <p class='ocr_par' dir='ltr' id='par_1_5' title="bbox 332 523 3572 610">
     <span class='ocr_line' id='line_1_5' title="bbox 332 523 3572 610; baseline -0.007 -12"><span class='ocrx_word' id='word_1_23' title='bbox 332 541 426 599; x_wconf 78' lang='lat' dir='ltr'><strong>sed</strong></span> <span class='ocrx_word' id='word_1_24' title='bbox 486 557 596 596; x_wconf 91' lang='lat' dir='ltr'><strong>non</strong></span> <span class='ocrx_word' id='word_1_25' title='bbox 640 556 813 606; x_wconf 90' lang='lat' dir='ltr'><strong>nunc,</strong></span> <span class='ocrx_word' id='word_1_26' title='bbox 849 538 1122 610; x_wconf 83' lang='lat' dir='ltr'><strong>prospicio</strong></span> <span class='ocrx_word' id='word_1_27' title='bbox 1173 538 1348 602; x_wconf 91' lang='lat' dir='ltr'><strong>illum,</strong></span> <span class='ocrx_word' id='word_1_28' title='bbox 1405 537 1500 593; x_wconf 89' lang='lat' dir='ltr'><strong>sed</strong></span> <span class='ocrx_word' id='word_1_29' title='bbox 1547 552 1656 593; x_wconf 92' lang='lat' dir='ltr'><strong>non</strong></span> <span class='ocrx_word' id='word_1_30' title='bbox 1707 552 1898 608; x_wconf 80' lang='lat' dir='ltr'><strong>prope.</strong></span> <span class='ocrx_word' id='word_1_31' title='bbox 1929 554 1948 588; x_wconf 72' lang='grc' dir='ltr'><strong>ι</strong></span> <span class='ocrx_word' id='word_1_32' title='bbox 1989 533 2350 606; x_wconf 85' lang='lat' dir='ltr'><strong>Symmachus</strong></span> <span class='ocrx_word' id='word_1_33' title='bbox 2402 539 2608 596; x_wconf 89' lang='lat' dir='ltr'><strong>autem,</strong></span> <span class='ocrx_word' id='word_1_34' title='bbox 2666 527 2952 586; x_wconf 85' lang='lat' dir='ltr'><strong>candidius</strong></span> <span class='ocrx_word' id='word_1_35' title='bbox 2992 545 3004 580; x_wconf 93' lang='lat'>:</span> <span class='ocrx_word' id='word_1_36' title='bbox 3047 542 3066 576; x_wconf 83' lang='grc' dir='ltr'><strong>ι</strong></span> <span class='ocrx_word' id='word_1_37' title='bbox 3106 523 3296 584; x_wconf 75' lang='lat' dir='ltr'><strong>Video,</strong></span> <span class='ocrx_word' id='word_1_38' title='bbox 3352 523 3572 592; x_wconf 89' lang='lat' dir='ltr'><strong>inquit,</strong></span> 
     </span>
    </p>
   </div>
   <div class='ocr_carea' id='block_1_6' title="bbox 326 620 3571 706">
    <p class='ocr_par' dir='ltr' id='par_1_6' title="bbox 326 620 3571 706">
     <span class='ocr_line' id='line_1_6' title="bbox 326 620 3571 706; baseline -0.006 -15"><span class='ocrx_word' id='word_1_39' title='bbox 326 635 498 698; x_wconf 91' lang='lat' dir='ltr'><strong>illum,</strong></span> <span class='ocrx_word' id='word_1_40' title='bbox 529 635 627 692; x_wconf 88' lang='lat' dir='ltr'><strong>sed</strong></span> <span class='ocrx_word' id='word_1_41' title='bbox 669 651 779 690; x_wconf 90' lang='lat' dir='ltr'><strong>non</strong></span> <span class='ocrx_word' id='word_1_42' title='bbox 812 651 999 706; x_wconf 91' lang='lat' dir='ltr'><strong>pr0pe.</strong></span> <span class='ocrx_word' id='word_1_43' title='bbox 1031 655 1050 686; x_wconf 72' lang='grc' dir='ltr'><strong>ι</strong></span> <span class='ocrx_word' id='word_1_44' title='bbox 1087 633 1203 689; x_wconf 92' lang='lat' dir='ltr'><strong>Dici</strong></span> <span class='ocrx_word' id='word_1_45' title='bbox 1253 649 1380 689; x_wconf 89' lang='lat' dir='ltr'><strong>vero</strong></span> <span class='ocrx_word' id='word_1_46' title='bbox 1419 633 1533 688; x_wconf 75' lang='lat' dir='ltr'><strong>haec</strong></span> <span class='ocrx_word' id='word_1_47' title='bbox 1582 633 1836 688; x_wconf 90' lang='lat' dir='ltr'><strong>videntur</strong></span> <span class='ocrx_word' id='word_1_48' title='bbox 1869 647 1899 686; x_wconf 92' lang='lat' dir='ltr'><strong>a</strong></span> <span class='ocrx_word' id='word_1_49' title='bbox 1932 626 2172 696; x_wconf 80' lang='lat' dir='ltr'><strong>Balaam,</strong></span> <span class='ocrx_word' id='word_1_50' title='bbox 2202 639 2462 699; x_wconf 81' lang='lat' dir='ltr'><strong>tanquam</strong></span> <span class='ocrx_word' id='word_1_51' title='bbox 2510 625 2687 698; x_wconf 79' lang='lat' dir='ltr'><strong>longis</strong></span> <span class='ocrx_word' id='word_1_52' title='bbox 2733 624 2990 694; x_wconf 80' lang='lat' dir='ltr'><strong>deinceps</strong></span> <span class='ocrx_word' id='word_1_53' title='bbox 3033 628 3158 691; x_wconf 92' lang='lat' dir='ltr'><strong>post</strong></span> <span class='ocrx_word' id='word_1_54' title='bbox 3203 620 3381 690; x_wconf 94' lang='lat' dir='ltr'><strong>ipsum</strong></span> <span class='ocrx_word' id='word_1_55' title='bbox 3431 626 3571 672; x_wconf 84' lang='lat' dir='ltr'><strong>tem-</strong></span> 
     </span>
    </p>
   </div>
   <div class='ocr_carea' id='block_1_7' title="bbox 324 711 3572 799">
    <p class='ocr_par' dir='ltr' id='par_1_7' title="bbox 324 711 3572 799">
     <span class='ocr_line' id='line_1_7' title="bbox 324 711 3572 799; baseline -0.004 -19"><span class='ocrx_word' id='word_1_56' title='bbox 324 727 545 797; x_wconf 86' lang='lat' dir='ltr'><strong>poribus</strong></span> <span class='ocrx_word' id='word_1_57' title='bbox 597 727 926 798; x_wconf 90' lang='lat' dir='ltr'><strong>perﬁcienda</strong></span> <span class='ocrx_word' id='word_1_58' title='bbox 971 733 1156 782; x_wconf 78' lang='lat' dir='ltr'><strong>essent</strong></span> <span class='ocrx_word' id='word_1_59' title='bbox 1205 742 1290 790; x_wconf 88' lang='lat' dir='ltr'><strong>ea,</strong></span> <span class='ocrx_word' id='word_1_60' title='bbox 1330 743 1451 797; x_wconf 70' lang='lat' dir='ltr'><strong>qua:</strong></span> <span class='ocrx_word' id='word_1_61' title='bbox 1503 727 1572 782; x_wconf 88' lang='lat' dir='ltr'><strong>ab</strong></span> <span class='ocrx_word' id='word_1_62' title='bbox 1631 727 1752 799; x_wconf 90' lang='lat' dir='ltr'><strong>ipso</strong></span> <span class='ocrx_word' id='word_1_63' title='bbox 1802 728 2180 782; x_wconf 84' lang='lat' dir='ltr'><strong>canebantur:</strong></span> <span class='ocrx_word' id='word_1_64' title='bbox 2215 737 2340 778; x_wconf 89' lang='lat' dir='ltr'><strong>nam</strong></span> <span class='ocrx_word' id='word_1_65' title='bbox 2381 720 2596 776; x_wconf 84' lang='lat' dir='ltr'><strong>duobus</strong></span> <span class='ocrx_word' id='word_1_66' title='bbox 2648 718 2888 774; x_wconf 88' lang='lat' dir='ltr'><strong>millibus</strong></span> <span class='ocrx_word' id='word_1_67' title='bbox 2952 730 3222 770; x_wconf 89' lang='lat' dir='ltr'><strong>annorum</strong></span> <span class='ocrx_word' id='word_1_68' title='bbox 3266 719 3391 784; x_wconf 89' lang='lat' dir='ltr'><strong>post</strong></span> <span class='ocrx_word' id='word_1_69' title='bbox 3437 711 3572 767; x_wconf 90' lang='lat' dir='ltr'><strong>illud</strong></span> 
     </span>
    </p>
   </div>
   <div class='ocr_carea' id='block_1_8' title="bbox 321 812 3569 894">
    <p class='ocr_par' dir='ltr' id='par_1_8' title="bbox 321 812 3569 894">
     <span class='ocr_line' id='line_1_8' title="bbox 321 812 3569 894; baseline -0.004 -16"><span class='ocrx_word' id='word_1_70' title='bbox 321 823 638 878; x_wconf 81' lang='lat' dir='ltr'><strong>vaticinium</strong></span> <span class='ocrx_word' id='word_1_71' title='bbox 665 824 932 893; x_wconf 88' lang='lat' dir='ltr'><strong>completa</strong></span> <span class='ocrx_word' id='word_1_72' title='bbox 981 832 1109 878; x_wconf 90' lang='lat' dir='ltr'><strong>sunt</strong></span> <span class='ocrx_word' id='word_1_73' title='bbox 1141 822 1276 889; x_wconf 59' lang='lat' dir='ltr'><strong>haec,</strong></span> <span class='ocrx_word' id='word_1_74' title='bbox 1325 838 1433 894; x_wconf 91' lang='lat' dir='ltr'><strong>quo</strong></span> <span class='ocrx_word' id='word_1_75' title='bbox 1484 823 1738 878; x_wconf 78' lang='lat' dir='ltr'><strong>videlicet</strong></span> <span class='ocrx_word' id='word_1_76' title='bbox 1776 831 2024 893; x_wconf 91' lang='lat' dir='ltr'><strong>tempore</strong></span> <span class='ocrx_word' id='word_1_77' title='bbox 2083 819 2338 874; x_wconf 81' lang='lat' dir='ltr'><strong>Salvator</strong></span> <span class='ocrx_word' id='word_1_78' title='bbox 2391 824 2581 872; x_wconf 92' lang='lat' dir='ltr'><strong>noster</strong></span> <span class='ocrx_word' id='word_1_79' title='bbox 2624 829 2749 869; x_wconf 89' lang='lat' dir='ltr'><strong>eum</strong></span> <span class='ocrx_word' id='word_1_80' title='bbox 2802 812 3114 868; x_wconf 86' lang='lat' dir='ltr'><strong>hominibus</strong></span> <span class='ocrx_word' id='word_1_81' title='bbox 3156 817 3406 868; x_wconf 86' lang='lat' dir='ltr'><strong>versatus</strong></span> <span class='ocrx_word' id='word_1_82' title='bbox 3467 819 3569 866; x_wconf 82' lang='lat' dir='ltr'><strong>est.</strong></span> 
     </span>
    </p>
   </div>
   <div class='ocr_carea' id='block_1_9' title="bbox 327 942 1975 1013">
    <p class='ocr_par' dir='ltr' id='par_1_9' title="bbox 327 942 1975 1013">
     <span class='ocr_line' id='line_1_9' title="bbox 327 942 1975 1013; baseline 0.001 -17"><span class='ocrx_word' id='word_1_83' title='bbox 327 942 471 998; x_wconf 70' lang='grc' dir='ltr'><strong>Ἀπὸ</strong></span> <span class='ocrx_word' id='word_1_84' title='bbox 500 943 607 997; x_wconf 86' lang='grc' dir='ltr'><em>τοῦ</em></span> <span class='ocrx_word' id='word_1_85' title='bbox 649 944 908 1000; x_wconf 80' lang='grc' dir='ltr'><em>Ἡσαΐου.</em></span> <span class='ocrx_word' id='word_1_86' title='bbox 941 975 1009 984; x_wconf 91' lang='grc'><strong><em>-</em></strong></span> <span class='ocrx_word' id='word_1_87' title='bbox 1054 944 1149 1010; x_wconf 80' lang='grc' dir='ltr'><em>’.Ως</em></span> <span class='ocrx_word' id='word_1_88' title='bbox 1201 947 1235 998; x_wconf 82' lang='grc' dir='ltr'><strong>ό</strong></span> <span class='ocrx_word' id='word_1_89' title='bbox 1281 946 1513 1013; x_wconf 83' lang='grc' dir='ltr'><em>Κύριος.</em></span> <span class='ocrx_word' id='word_1_90' title='bbox 1569 944 1774 1009; x_wconf 77' lang='grc' dir='ltr'><em>ἐπιϐὰς</em></span> <span class='ocrx_word' id='word_1_91' title='bbox 1828 943 1898 997; x_wconf 85' lang='grc' dir='ltr'><em>οὗ</em></span> <span class='ocrx_word' id='word_1_92' title='bbox 1929 949 1975 1007; x_wconf 85' lang='grc' dir='ltr'>Α</span> 
     </span>
    </p>
   </div>
   <div class='ocr_carea' id='block_1_10' title="bbox 382 1014 1892 1083">
    <p class='ocr_par' dir='ltr' id='par_1_10' title="bbox 382 1014 1892 1083">
     <span class='ocr_line' id='line_1_10' title="bbox 382 1014 1892 1083; baseline 0 -16"><span class='ocrx_word' id='word_1_93' title='bbox 382 1014 716 1083; x_wconf 71' lang='grc' dir='ltr'><strong>ἀνείληφεν</strong></span> <span class='ocrx_word' id='word_1_94' title='bbox 752 1014 820 1077; x_wconf 77' lang='grc' dir='ltr'><em>ἐξ</em></span> <span class='ocrx_word' id='word_1_95' title='bbox 859 1015 1032 1083; x_wconf 76' lang='grc' dir='ltr'><em>ἁγίας</em></span> <span class='ocrx_word' id='word_1_96' title='bbox 1058 1014 1364 1083; x_wconf 82' lang='grc' dir='ltr'><strong>Παρθένου</strong></span> <span class='ocrx_word' id='word_1_97' title='bbox 1394 1015 1689 1083; x_wconf 81' lang='grc' dir='ltr'><em>σώματος,</em></span> <span class='ocrx_word' id='word_1_98' title='bbox 1723 1014 1892 1080; x_wconf 74' lang='grc' dir='ltr'><em>ἦξειν</em></span> 
     </span>
    </p>
   </div>
   <div class='ocr_carea' id='block_1_11' title="bbox 377 1084 1889 1152">
    <p class='ocr_par' dir='ltr' id='par_1_11' title="bbox 377 1084 1889 1152">
     <span class='ocr_line' id='line_1_11' title="bbox 377 1084 1889 1152; baseline 0.001 -16"><span class='ocrx_word' id='word_1_99' title='bbox 377 1085 469 1148; x_wconf 78' lang='grc' dir='ltr'><strong>εἰς</strong></span> <span class='ocrx_word' id='word_1_100' title='bbox 492 1085 797 1152; x_wconf 76' lang='grc' dir='ltr'><em>Αἴγυπτον</em></span> <span class='ocrx_word' id='word_1_101' title='bbox 829 1084 1028 1152; x_wconf 73' lang='grc' dir='ltr'><em>ῥητῶς</em></span> <span class='ocrx_word' id='word_1_102' title='bbox 1062 1102 1124 1139; x_wconf 85' lang='grc' dir='ltr'><strong>τε</strong></span> <span class='ocrx_word' id='word_1_103' title='bbox 1163 1086 1260 1138; x_wconf 79' lang='grc' dir='ltr'><strong>καὶ</strong></span> <span class='ocrx_word' id='word_1_104' title='bbox 1292 1086 1440 1138; x_wconf 82' lang='grc' dir='ltr'><em>κατὰ</em></span> <span class='ocrx_word' id='word_1_105' title='bbox 1467 1084 1738 1138; x_wconf 80' lang='grc' dir='ltr'><em>διάνοιαν</em></span> <span class='ocrx_word' id='word_1_106' title='bbox 1763 1086 1889 1138; x_wconf 80' lang='grc' dir='ltr'><em>ἐθε-</em></span> 
     </span>
    </p>
   </div>
   <div class='ocr_carea' id='block_1_12' title="bbox 380 1153 1891 1222">
    <p class='ocr_par' dir='ltr' id='par_1_12' title="bbox 380 1153 1891 1222">
     <span class='ocr_line' id='line_1_12' title="bbox 380 1153 1891 1222; baseline 0.001 -16"><span class='ocrx_word' id='word_1_107' title='bbox 380 1153 641 1218; x_wconf 74' lang='grc' dir='ltr'><em>σπίζετο,</em></span> <span class='ocrx_word' id='word_1_108' title='bbox 693 1153 860 1207; x_wconf 83' lang='grc' dir='ltr'><em>πᾶσά</em></span> <span class='ocrx_word' id='word_1_109' title='bbox 914 1171 977 1206; x_wconf 84' lang='grc' dir='ltr'><strong>τε</strong></span> <span class='ocrx_word' id='word_1_110' title='bbox 1028 1154 1128 1207; x_wconf 80' lang='grc' dir='ltr'><em>ἐπὶ</em></span> <span class='ocrx_word' id='word_1_111' title='bbox 1169 1154 1280 1222; x_wconf 81' lang='grc' dir='ltr'><em>τῆς</em></span> <span class='ocrx_word' id='word_1_112' title='bbox 1339 1155 1674 1222; x_wconf 83' lang='grc' dir='ltr'><strong>παρουσίας</strong></span> <span class='ocrx_word' id='word_1_113' title='bbox 1705 1154 1891 1208; x_wconf 83' lang='grc' dir='ltr'><em>αὑτοῦ</em></span> 
     </span>
    </p>
   </div>
   <div class='ocr_carea' id='block_1_13' title="bbox 381 1222 1750 1295">
    <p class='ocr_par' dir='ltr' id='par_1_13' title="bbox 381 1222 1750 1295">
     <span class='ocr_line' id='line_1_13' title="bbox 381 1222 1750 1295; baseline 0.001 -19"><span class='ocrx_word' id='word_1_114' title='bbox 381 1224 911 1292; x_wconf 72' lang='grc' dir='ltr'><strong>καθαιρεθήσεσθαι</strong></span> <span class='ocrx_word' id='word_1_115' title='bbox 939 1222 1057 1276; x_wconf 85' lang='grc' dir='ltr'><strong>τῶν</strong></span> <span class='ocrx_word' id='word_1_116' title='bbox 1079 1225 1268 1280; x_wconf 84' lang='grc' dir='ltr'><em>ἐθνῶν</em></span> <span class='ocrx_word' id='word_1_117' title='bbox 1299 1223 1750 1295; x_wconf 77' lang='grc' dir='ltr'><strong>δεισιδαιμονία.</strong></span> 
     </span>
    </p>
   </div>
   <div class='ocr_carea' id='block_1_14' title="bbox 383 1332 1891 1409">
    <p class='ocr_par' dir='ltr' id='par_1_14' title="bbox 383 1332 1891 1409">
     <span class='ocr_line' id='line_1_14' title="bbox 383 1332 1891 1409; baseline -0.001 -19"><span class='ocrx_word' id='word_1_118' title='bbox 383 1354 406 1390; x_wconf 72' lang='grc' dir='ltr'><strong>ι</strong></span> <span class='ocrx_word' id='word_1_119' title='bbox 454 1332 587 1390; x_wconf 81' lang='grc' dir='ltr'><strong>Ἰδοῦ</strong></span> <span class='ocrx_word' id='word_1_120' title='bbox 625 1335 829 1409; x_wconf 87' lang='grc' dir='ltr'><em>Κύριος</em></span> <span class='ocrx_word' id='word_1_121' title='bbox 869 1335 1104 1407; x_wconf 77' lang='grc' dir='ltr'><em>κάθηται</em></span> <span class='ocrx_word' id='word_1_122' title='bbox 1149 1337 1242 1390; x_wconf 75' lang='grc' dir='ltr'><em>ἐπὶ</em></span> <span class='ocrx_word' id='word_1_123' title='bbox 1274 1335 1502 1409; x_wconf 76' lang='grc' dir='ltr'><strong>νεφέλης</strong></span> <span class='ocrx_word' id='word_1_124' title='bbox 1540 1335 1768 1408; x_wconf 81' lang='grc' dir='ltr'><strong>κούφης,</strong></span> <span class='ocrx_word' id='word_1_125' title='bbox 1797 1336 1891 1389; x_wconf 77' lang='grc' dir='ltr'><strong>καὶ</strong></span> 
     </span>
    </p>
   </div>
   <div class='ocr_carea' id='block_1_15' title="bbox 299 1423 1890 1498">
    <p class='ocr_par' dir='ltr' id='par_1_15' title="bbox 299 1423 1890 1498">
     <span class='ocr_line' id='line_1_15' title="bbox 299 1423 1890 1498; baseline 0.001 -21"><span class='ocrx_word' id='word_1_126' title='bbox 299 1423 424 1496; x_wconf 68' lang='grc' dir='ltr'><em>ἥξει</em></span> <span class='ocrx_word' id='word_1_127' title='bbox 453 1427 534 1489; x_wconf 87' lang='grc' dir='ltr'><strong>εἰς</strong></span> <span class='ocrx_word' id='word_1_128' title='bbox 564 1424 872 1494; x_wconf 71' lang='grc' dir='ltr'><em>Αἴγυπτονο</em></span> <span class='ocrx_word' id='word_1_129' title='bbox 909 1427 1003 1479; x_wconf 76' lang='grc' dir='ltr'><strong>καὶ</strong></span> <span class='ocrx_word' id='word_1_130' title='bbox 1039 1426 1379 1498; x_wconf 84' lang='grc' dir='ltr'><em>σεισθήσεται</em></span> <span class='ocrx_word' id='word_1_131' title='bbox 1423 1426 1492 1479; x_wconf 79' lang='grc' dir='ltr'><em>τὰ</em></span> <span class='ocrx_word' id='word_1_132' title='bbox 1535 1427 1890 1498; x_wconf 82' lang='grc' dir='ltr'><strong>χειροποίητα</strong></span> 
     </span>
    </p>
   </div>
   <div class='ocr_carea' id='block_1_16' title="bbox 299 1516 1888 1590">
    <p class='ocr_par' dir='ltr' id='par_1_16' title="bbox 299 1516 1888 1590">
     <span class='ocr_line' id='line_1_16' title="bbox 299 1516 1888 1590; baseline 0 -20"><span class='ocrx_word' id='word_1_133' title='bbox 299 1516 580 1588; x_wconf 74' lang='grc' dir='ltr'><strong>Αἰγύπτου</strong></span> <span class='ocrx_word' id='word_1_134' title='bbox 606 1517 715 1571; x_wconf 73' lang='grc' dir='ltr'><strong>ἀπὸ</strong></span> <span class='ocrx_word' id='word_1_135' title='bbox 747 1516 1038 1590; x_wconf 83' lang='grc' dir='ltr'><strong>προσώπου</strong></span> <span class='ocrx_word' id='word_1_136' title='bbox 1071 1517 1257 1583; x_wconf 78' lang='grc' dir='ltr'><em>αὐτοῦ,</em></span> <span class='ocrx_word' id='word_1_137' title='bbox 1287 1519 1381 1572; x_wconf 76' lang='grc' dir='ltr'><strong>καὶ</strong></span> <span class='ocrx_word' id='word_1_138' title='bbox 1415 1520 1448 1589; x_wconf 84' lang='grc' dir='ltr'><strong>ἡ</strong></span> <span class='ocrx_word' id='word_1_139' title='bbox 1483 1518 1676 1590; x_wconf 80' lang='grc' dir='ltr'><strong>καρδία</strong></span> <span class='ocrx_word' id='word_1_140' title='bbox 1711 1517 1888 1571; x_wconf 76' lang='grc' dir='ltr'><em>αὐτῶν</em></span> 
     </span>
    </p>
   </div>
   <div class='ocr_carea' id='block_1_17' title="bbox 295 1609 1888 1680">
    <p class='ocr_par' dir='ltr' id='par_1_17' title="bbox 295 1609 1888 1680">
     <span class='ocr_line' id='line_1_17' title="bbox 295 1609 1888 1680; baseline 0.001 -18"><span class='ocrx_word' id='word_1_141' title='bbox 295 1609 669 1680; x_wconf 77' lang='grc' dir='ltr'><em>ἡττηθήσεται</em></span> <span class='ocrx_word' id='word_1_142' title='bbox 692 1612 750 1663; x_wconf 84' lang='grc' dir='ltr'><strong>ἐν</strong></span> <span class='ocrx_word' id='word_1_143' title='bbox 785 1611 986 1674; x_wconf 78' lang='grc' dir='ltr'><em>αὐτοῖς.</em></span> <span class='ocrx_word' id='word_1_144' title='bbox 1021 1629 1039 1662; x_wconf 73' lang='grc' dir='ltr'><strong>ι</strong></span> <span class='ocrx_word' id='word_1_145' title='bbox 1071 1611 1146 1664; x_wconf 83' lang='grc' dir='ltr'>Τὸ</span> <span class='ocrx_word' id='word_1_146' title='bbox 1167 1611 1212 1664; x_wconf 84' lang='grc' dir='ltr'><em>δ’</em></span> <span class='ocrx_word' id='word_1_147' title='bbox 1249 1611 1421 1665; x_wconf 78' lang='grc' dir='ltr'><em>αἴτιον</em></span> <span class='ocrx_word' id='word_1_148' title='bbox 1448 1609 1542 1664; x_wconf 80' lang='grc' dir='ltr'><em>τοῦ</em></span> <span class='ocrx_word' id='word_1_149' title='bbox 1570 1609 1660 1664; x_wconf 77' lang='grc' dir='ltr'><em>τὸν</em></span> <span class='ocrx_word' id='word_1_150' title='bbox 1682 1611 1888 1680; x_wconf 81' lang='grc' dir='ltr'><em>Κύριον</em></span> 
     </span>
    </p>
   </div>
   <div class='ocr_carea' id='block_1_18' title="bbox 293 1700 1882 1776">
    <p class='ocr_par' dir='ltr' id='par_1_18' title="bbox 293 1700 1882 1776">
     <span class='ocr_line' id='line_1_18' title="bbox 293 1700 1882 1776; baseline 0.001 -22"><span class='ocrx_word' id='word_1_151' title='bbox 293 1701 453 1772; x_wconf 72' lang='grc' dir='ltr'><em>ἥξειν</em></span> <span class='ocrx_word' id='word_1_152' title='bbox 483 1704 562 1765; x_wconf 89' lang='grc' dir='ltr'><strong>εἰς</strong></span> <span class='ocrx_word' id='word_1_153' title='bbox 585 1701 853 1771; x_wconf 80' lang='grc' dir='ltr'><em>Αἴγυπτον</em></span> <span class='ocrx_word' id='word_1_154' title='bbox 887 1702 1257 1768; x_wconf 75' lang='grc' dir='ltr'><em>θεσπίζεσθαι,</em></span> <span class='ocrx_word' id='word_1_155' title='bbox 1283 1704 1400 1758; x_wconf 85' lang='grc' dir='ltr'><em>τόδε</em></span> <span class='ocrx_word' id='word_1_156' title='bbox 1444 1705 1533 1776; x_wconf 77' lang='grc' dir='ltr'><em>μοὶ</em></span> <span class='ocrx_word' id='word_1_157' title='bbox 1559 1700 1698 1758; x_wconf 74' lang='grc' dir='ltr'><em>εἶναι</em></span> <span class='ocrx_word' id='word_1_158' title='bbox 1721 1703 1882 1756; x_wconf 81' lang='grc' dir='ltr'><em>δοκεῖ.</em></span> 
     </span>
    </p>
   </div>
   <div class='ocr_carea' id='block_1_19' title="bbox 291 1794 1887 1868">
    <p class='ocr_par' dir='ltr' id='par_1_19' title="bbox 291 1794 1887 1868">
     <span class='ocr_line' id='line_1_19' title="bbox 291 1794 1887 1868; baseline 0.001 -18"><span class='ocrx_word' id='word_1_159' title='bbox 291 1794 517 1866; x_wconf 77' lang='grc' dir='ltr'><em>Πρῶτοι</em></span> <span class='ocrx_word' id='word_1_160' title='bbox 543 1795 641 1866; x_wconf 82' lang='grc' dir='ltr'><em>μὲν</em></span> <span class='ocrx_word' id='word_1_161' title='bbox 677 1797 894 1850; x_wconf 84' lang='grc' dir='ltr'><em>πάντων</em></span> <span class='ocrx_word' id='word_1_162' title='bbox 920 1795 1206 1864; x_wconf 81' lang='grc' dir='ltr'><em>Αἰγύπτιοι</em></span> <span class='ocrx_word' id='word_1_163' title='bbox 1236 1797 1334 1868; x_wconf 81' lang='grc' dir='ltr'><em>τῆς</em></span> <span class='ocrx_word' id='word_1_164' title='bbox 1360 1796 1623 1851; x_wconf 86' lang='grc' dir='ltr'><em>πολυθέου</em></span> <span class='ocrx_word' id='word_1_165' title='bbox 1649 1800 1743 1852; x_wconf 77' lang='grc' dir='ltr'><strong>καὶ</strong></span> <span class='ocrx_word' id='word_1_166' title='bbox 1774 1799 1887 1852; x_wconf 85' lang='grc' dir='ltr'><em>δαι-</em></span> 
     </span>
    </p>
   </div>
   <div class='ocr_carea' id='block_1_20' title="bbox 292 1887 1882 1959">
    <p class='ocr_par' dir='ltr' id='par_1_20' title="bbox 292 1887 1882 1959">
     <span class='ocr_line' id='line_1_20' title="bbox 292 1887 1882 1959; baseline 0.003 -20"><span class='ocrx_word' id='word_1_167' title='bbox 292 1887 531 1958; x_wconf 82' lang='grc' dir='ltr'><em>μονικῆς</em></span> <span class='ocrx_word' id='word_1_168' title='bbox 572 1887 780 1957; x_wconf 86' lang='grc' dir='ltr'><strong>πλάνης</strong></span> <span class='ocrx_word' id='word_1_169' title='bbox 831 1887 1177 1959; x_wconf 75' lang='grc' dir='ltr'><em>ἀπάρξασθαι</em></span> <span class='ocrx_word' id='word_1_170' title='bbox 1217 1888 1486 1957; x_wconf 84' lang='grc' dir='ltr'><em>λέγονται,</em></span> <span class='ocrx_word' id='word_1_171' title='bbox 1511 1891 1603 1943; x_wconf 76' lang='grc' dir='ltr'><strong>καὶ</strong></span> <span class='ocrx_word' id='word_1_172' title='bbox 1634 1894 1746 1954; x_wconf 84' lang='grc' dir='ltr'><em>τοῖς</em></span> <span class='ocrx_word' id='word_1_173' title='bbox 1773 1891 1882 1944; x_wconf 89' lang='grc' dir='ltr'><em>λοι-</em></span> 
     </span>
    </p>
   </div>
   <div class='ocr_carea' id='block_1_21' title="bbox 289 1977 1886 2054">
    <p class='ocr_par' dir='ltr' id='par_1_21' title="bbox 289 1977 1886 2054">
     <span class='ocr_line' id='line_1_21' title="bbox 289 1977 1886 2054; baseline 0.003 -23"><span class='ocrx_word' id='word_1_174' title='bbox 289 1980 422 2041; x_wconf 78' lang='grc' dir='ltr'><em>ποῖς</em></span> <span class='ocrx_word' id='word_1_175' title='bbox 457 1979 623 2032; x_wconf 71' lang='grc' dir='ltr'><em>πᾶσιν</em></span> <span class='ocrx_word' id='word_1_176' title='bbox 663 1977 970 2050; x_wconf 83' lang='grc' dir='ltr'><em>ἀνθρώποις</em></span> <span class='ocrx_word' id='word_1_177' title='bbox 999 1979 1162 2032; x_wconf 73' lang='grc' dir='ltr'><em>αἴτιοι</em></span> <span class='ocrx_word' id='word_1_178' title='bbox 1200 1981 1530 2052; x_wconf 83' lang='grc' dir='ltr'><em>καταστῆναι</em></span> <span class='ocrx_word' id='word_1_179' title='bbox 1561 1981 1886 2054; x_wconf 82' lang='grc' dir='ltr'><em>δεισιδαιμο-</em></span> 
     </span>
    </p>
   </div>
   <div class='ocr_carea' id='block_1_22' title="bbox 286 2069 1885 2145">
    <p class='ocr_par' dir='ltr' id='par_1_22' title="bbox 286 2069 1885 2145">
     <span class='ocr_line' id='line_1_22' title="bbox 286 2069 1885 2145; baseline 0.004 -24"><span class='ocrx_word' id='word_1_180' title='bbox 286 2069 438 2132; x_wconf 81' lang='grc' dir='ltr'><em>νίας,</em></span> <span class='ocrx_word' id='word_1_181' title='bbox 471 2069 609 2122; x_wconf 81' lang='grc' dir='ltr'><em>ἀλλὰ</em></span> <span class='ocrx_word' id='word_1_182' title='bbox 641 2071 737 2122; x_wconf 71' lang='grc' dir='ltr'><strong>καί⁹</strong></span> <span class='ocrx_word' id='word_1_183' title='bbox 780 2069 997 2123; x_wconf 84' lang='grc' dir='ltr'><em>πάντων</em></span> <span class='ocrx_word' id='word_1_184' title='bbox 1041 2069 1241 2141; x_wconf 82' lang='grc' dir='ltr'><em>μᾶλλον</em></span> <span class='ocrx_word' id='word_1_185' title='bbox 1273 2072 1400 2144; x_wconf 83' lang='grc' dir='ltr'><strong>περί</strong></span> <span class='ocrx_word' id='word_1_186' title='bbox 1440 2072 1538 2136; x_wconf 85' lang='grc' dir='ltr'><em>τὰς</em></span> <span class='ocrx_word' id='word_1_187' title='bbox 1569 2073 1885 2145; x_wconf 74' lang='grc' dir='ltr'><em>δαιμονικὰς</em></span> 
     </span>
    </p>
   </div>
   <div class='ocr_carea' id='block_1_23' title="bbox 285 2160 1882 2235">
    <p class='ocr_par' dir='ltr' id='par_1_23' title="bbox 285 2160 1882 2235">
     <span class='ocr_line' id='line_1_23' title="bbox 285 2160 1882 2235; baseline 0.004 -21"><span class='ocrx_word' id='word_1_188' title='bbox 285 2160 582 2231; x_wconf 76' lang='grc' dir='ltr'><strong>ἐνεργείας</strong></span> <span class='ocrx_word' id='word_1_189' title='bbox 641 2178 701 2213; x_wconf 88' lang='grc' dir='ltr'><strong>τε</strong></span> <span class='ocrx_word' id='word_1_190' title='bbox 755 2161 847 2215; x_wconf 76' lang='grc' dir='ltr'><strong>καὶ</strong></span> <span class='ocrx_word' id='word_1_191' title='bbox 894 2163 1243 2233; x_wconf 88' lang='grc' dir='ltr'><em>περιεργείας</em></span> <span class='ocrx_word' id='word_1_192' title='bbox 1311 2164 1678 2235; x_wconf 77' lang='grc' dir='ltr'><em>ἠσχολῆσθαι·</em></span> <span class='ocrx_word' id='word_1_193' title='bbox 1739 2162 1882 2221; x_wconf 73' lang='grc' dir='ltr'><em>οὗτοι</em></span> 
     </span>
    </p>
   </div>
   <div class='ocr_carea' id='block_1_24' title="bbox 279 2251 1956 2350">
    <p class='ocr_par' dir='ltr' id='par_1_24' title="bbox 279 2251 1956 2350">
     <span class='ocr_line' id='line_1_24' title="bbox 279 2251 1956 2350; baseline 0.004 -44"><span class='ocrx_word' id='word_1_194' title='bbox 279 2251 343 2306; x_wconf 83' lang='grc' dir='ltr'><em>δὲ</em></span> <span class='ocrx_word' id='word_1_195' title='bbox 408 2253 509 2350; x_wconf 60' lang='grc' dir='ltr'><strong>καὶ</strong></span> <span class='ocrx_word' id='word_1_196' title='bbox 567 2252 673 2305; x_wconf 77' lang='grc' dir='ltr'><strong>ὑπὸ</strong></span> <span class='ocrx_word' id='word_1_197' title='bbox 719 2253 820 2323; x_wconf 80' lang='grc' dir='ltr'><em>τῆς</em></span> <span class='ocrx_word' id='word_1_198' title='bbox 873 2253 1056 2307; x_wconf 81' lang='grc' dir='ltr'><strong>ἐνθέου</strong></span> <span class='ocrx_word' id='word_1_199' title='bbox 1117 2254 1341 2326; x_wconf 84' lang='grc' dir='ltr'><em>Γραφῆς</em></span> <span class='ocrx_word' id='word_1_200' title='bbox 1380 2255 1564 2326; x_wconf 75' lang='grc' dir='ltr'><em>ἐχθροὶ</em></span> <span class='ocrx_word' id='word_1_201' title='bbox 1611 2257 1706 2310; x_wconf 82' lang='grc' dir='ltr'><em>τοῦ</em></span> <span class='ocrx_word' id='word_1_202' title='bbox 1753 2258 1880 2312; x_wconf 82' lang='grc' dir='ltr'><em>λαοῦ</em></span> <span class='ocrx_word' id='word_1_203' title='bbox 1913 2291 1956 2350; x_wconf 70' lang='grc' dir='ltr'><strong><em>Β</em></strong></span> 
     </span>
    </p>
   </div>
   <div class='ocr_carea' id='block_1_25' title="bbox 278 2343 1876 2421">
    <p class='ocr_par' dir='ltr' id='par_1_25' title="bbox 278 2343 1876 2421">
     <span class='ocr_line' id='line_1_25' title="bbox 278 2343 1876 2421; baseline 0.004 -24"><span class='ocrx_word' id='word_1_204' title='bbox 278 2344 382 2398; x_wconf 78' lang='grc' dir='ltr'><em>τοῦ</em></span> <span class='ocrx_word' id='word_1_205' title='bbox 456 2343 594 2398; x_wconf 75' lang='grc' dir='ltr'><em>Θεοῦ</em></span> <span class='ocrx_word' id='word_1_206' title='bbox 647 2345 850 2400; x_wconf 79' lang='grc' dir='ltr'><em>ἄνωθεν</em></span> <span class='ocrx_word' id='word_1_207' title='bbox 920 2345 1014 2400; x_wconf 79' lang='grc' dir='ltr'><strong>καὶ</strong></span> <span class='ocrx_word' id='word_1_208' title='bbox 1076 2345 1135 2412; x_wconf 76' lang='grc' dir='ltr'><em>ἐξ</em></span> <span class='ocrx_word' id='word_1_209' title='bbox 1203 2347 1380 2419; x_wconf 84' lang='grc' dir='ltr'><em>ἀρχῆς</em></span> <span class='ocrx_word' id='word_1_210' title='bbox 1444 2348 1720 2417; x_wconf 86' lang='grc' dir='ltr'><em>γεγονέναι</em></span> <span class='ocrx_word' id='word_1_211' title='bbox 1779 2368 1876 2421; x_wconf 87' lang='grc' dir='ltr'><em>με-</em></span> 
     </span>
    </p>
   </div>
   <div class='ocr_carea' id='block_1_26' title="bbox 280 2435 1878 2511">
    <p class='ocr_par' dir='ltr' id='par_1_26' title="bbox 280 2435 1878 2511">
     <span class='ocr_line' id='line_1_26' title="bbox 280 2435 1878 2511; baseline 0.005 -23"><span class='ocrx_word' id='word_1_212' title='bbox 280 2435 703 2508; x_wconf 79' lang='grc' dir='ltr'><em>μαρτύρηνται·</em></span> <span class='ocrx_word' id='word_1_213' title='bbox 754 2438 848 2491; x_wconf 81' lang='grc' dir='ltr'><strong>καὶ</strong></span> <span class='ocrx_word' id='word_1_214' title='bbox 896 2438 924 2492; x_wconf 85' lang='grc' dir='ltr'><strong>ὃ</strong></span> <span class='ocrx_word' id='word_1_215' title='bbox 963 2454 1027 2506; x_wconf 89' lang='grc' dir='ltr'><strong>γε</strong></span> <span class='ocrx_word' id='word_1_216' title='bbox 1072 2438 1302 2503; x_wconf 84' lang='grc' dir='ltr'><em>παλαιὸς</em></span> <span class='ocrx_word' id='word_1_217' title='bbox 1379 2439 1556 2493; x_wconf 80' lang='grc' dir='ltr'><em>αὐτῶν</em></span> <span class='ocrx_word' id='word_1_218' title='bbox 1627 2440 1878 2511; x_wconf 84' lang='grc' dir='ltr'><em>βασιλεὺς</em></span> 
     </span>
    </p>
   </div>
   <div class='ocr_carea' id='block_1_27' title="bbox 273 2526 1874 2601">
    <p class='ocr_par' dir='ltr' id='par_1_27' title="bbox 273 2526 1874 2601">
     <span class='ocr_line' id='line_1_27' title="bbox 273 2526 1874 2601; baseline 0.003 -22"><span class='ocrx_word' id='word_1_219' title='bbox 273 2526 570 2598; x_wconf 84' lang='grc' dir='ltr'><em>ὁμολογῶν</em></span> <span class='ocrx_word' id='word_1_220' title='bbox 610 2526 686 2598; x_wconf 81' lang='grc' dir='ltr'><em>μὴ</em></span> <span class='ocrx_word' id='word_1_221' title='bbox 723 2527 919 2581; x_wconf 87' lang='grc' dir='ltr'><em>εἰδέναι</em></span> <span class='ocrx_word' id='word_1_222' title='bbox 964 2528 1055 2582; x_wconf 80' lang='grc' dir='ltr'><em>τὸν</em></span> <span class='ocrx_word' id='word_1_223' title='bbox 1099 2529 1302 2600; x_wconf 82' lang='grc' dir='ltr'><em>Κύριον</em></span> <span class='ocrx_word' id='word_1_224' title='bbox 1325 2529 1758 2601; x_wconf 79' lang='grc' dir='ltr'><em>ἀναγέγραπται,</em></span> <span class='ocrx_word' id='word_1_225' title='bbox 1786 2531 1874 2584; x_wconf 84' lang='grc' dir='ltr'><em>ὅτε</em></span> 
     </span>
    </p>
   </div>
   <div class='ocr_carea' id='block_1_28' title="bbox 272 2608 1875 2692">
    <p class='ocr_par' dir='ltr' id='par_1_28' title="bbox 272 2608 1875 2692">
     <span class='ocr_line' id='line_1_28' title="bbox 272 2608 1875 2692; baseline 0.001 -20"><span class='ocrx_word' id='word_1_226' title='bbox 272 2608 343 2690; x_wconf 71' lang='grc' dir='ltr'><em>δὴ</em></span> <span class='ocrx_word' id='word_1_227' title='bbox 371 2617 652 2688; x_wconf 71' lang='grc' dir='ltr'><em>ἔφασκενο</em></span> <span class='ocrx_word' id='word_1_228' title='bbox 691 2638 709 2670; x_wconf 81' lang='grc' dir='ltr'><strong>ι</strong></span> <span class='ocrx_word' id='word_1_229' title='bbox 750 2619 864 2674; x_wconf 85' lang='grc' dir='ltr'><strong>Ούκ</strong></span> <span class='ocrx_word' id='word_1_230' title='bbox 887 2614 1002 2672; x_wconf 76' lang='grc' dir='ltr'><em>οἰδα</em></span> <span class='ocrx_word' id='word_1_231' title='bbox 1033 2617 1126 2671; x_wconf 82' lang='grc' dir='ltr'><em>τὸν</em></span> <span class='ocrx_word' id='word_1_232' title='bbox 1158 2618 1384 2690; x_wconf 81' lang='grc' dir='ltr'><em>Κύριον,</em></span> <span class='ocrx_word' id='word_1_233' title='bbox 1415 2619 1511 2672; x_wconf 78' lang='grc' dir='ltr'><strong>καὶ</strong></span> <span class='ocrx_word' id='word_1_234' title='bbox 1536 2619 1624 2672; x_wconf 84' lang='grc' dir='ltr'><em>τὸν</em></span> <span class='ocrx_word' id='word_1_235' title='bbox 1660 2619 1875 2692; x_wconf 79' lang='grc' dir='ltr'><em>Ἰσραὴλ</em></span> 
     </span>
    </p>
   </div>
   <div class='ocr_carea' id='block_1_29' title="bbox 270 2707 1872 2784">
    <p class='ocr_par' dir='ltr' id='par_1_29' title="bbox 270 2707 1872 2784">
     <span class='ocr_line' id='line_1_29' title="bbox 270 2707 1872 2784; baseline 0.001 -18"><span class='ocrx_word' id='word_1_236' title='bbox 270 2711 383 2767; x_wconf 75' lang='grc' dir='ltr'><strong>οὐκ</strong></span> <span class='ocrx_word' id='word_1_237' title='bbox 425 2710 787 2778; x_wconf 80' lang='grc' dir='ltr'><em>ἐξαποστελῶ.</em></span> <span class='ocrx_word' id='word_1_238' title='bbox 812 2731 830 2762; x_wconf 85' lang='grc'><strong>›</strong></span> <span class='ocrx_word' id='word_1_239' title='bbox 851 2711 922 2765; x_wconf 89' lang='grc' dir='ltr'>Τὸ</span> <span class='ocrx_word' id='word_1_240' title='bbox 949 2711 1013 2784; x_wconf 79' lang='grc' dir='ltr'><em>δὴ</em></span> <span class='ocrx_word' id='word_1_241' title='bbox 1048 2707 1140 2766; x_wconf 78' lang='grc' dir='ltr'><em>οὖν</em></span> <span class='ocrx_word' id='word_1_242' title='bbox 1171 2711 1315 2782; x_wconf 85' lang='grc' dir='ltr'><em>μέγα</em></span> <span class='ocrx_word' id='word_1_243' title='bbox 1341 2710 1521 2783; x_wconf 82' lang='grc' dir='ltr'><em>θαῦμα</em></span> <span class='ocrx_word' id='word_1_244' title='bbox 1559 2712 1658 2784; x_wconf 80' lang='grc' dir='ltr'><em>τῆς</em></span> <span class='ocrx_word' id='word_1_245' title='bbox 1690 2712 1872 2767; x_wconf 80' lang='grc' dir='ltr'><em>ἐνθέου</em></span> 
     </span>
    </p>
   </div>
   <div class='ocr_carea' id='block_1_30' title="bbox 269 2801 1872 2876">
    <p class='ocr_par' dir='ltr' id='par_1_30' title="bbox 269 2801 1872 2876">
     <span class='ocr_line' id='line_1_30' title="bbox 269 2801 1872 2876; baseline 0 -18"><span class='ocrx_word' id='word_1_246' title='bbox 269 2801 377 2858; x_wconf 71' lang='grc' dir='ltr'><em>τοῦ</em></span> <span class='ocrx_word' id='word_1_247' title='bbox 429 2803 668 2876; x_wconf 82' lang='grc' dir='ltr'><em>Χριστοῦ</em></span> <span class='ocrx_word' id='word_1_248' title='bbox 712 2803 996 2874; x_wconf 80' lang='grc' dir='ltr'><em>δυνάμεως</em></span> <span class='ocrx_word' id='word_1_249' title='bbox 1048 2803 1401 2874; x_wconf 76' lang='grc' dir='ltr'><em>παραστῆσαι</em></span> <span class='ocrx_word' id='word_1_250' title='bbox 1465 2803 1788 2874; x_wconf 85' lang='grc' dir='ltr'><em>βουλόμενος</em></span> <span class='ocrx_word' id='word_1_251' title='bbox 1843 2807 1872 2858; x_wconf 86' lang='grc' dir='ltr'><strong>ό</strong></span> 
     </span>
    </p>
   </div>
   <div class='ocr_carea' id='block_1_31' title="bbox 268 2895 1869 2968">
    <p class='ocr_par' dir='ltr' id='par_1_31' title="bbox 268 2895 1869 2968">
     <span class='ocr_line' id='line_1_31' title="bbox 268 2895 1869 2968; baseline -0.001 -17"><span class='ocrx_word' id='word_1_252' title='bbox 268 2896 466 2966; x_wconf 79' lang='grc' dir='ltr'><em>λόγος,</em></span> <span class='ocrx_word' id='word_1_253' title='bbox 506 2895 750 2960; x_wconf 80' lang='grc' dir='ltr'><em>θεσπίζει</em></span> <span class='ocrx_word' id='word_1_254' title='bbox 778 2895 871 2949; x_wconf 84' lang='grc' dir='ltr'><em>τοῦ</em></span> <span class='ocrx_word' id='word_1_255' title='bbox 902 2897 1106 2968; x_wconf 85' lang='grc' dir='ltr'><em>Κυρίου</em></span> <span class='ocrx_word' id='word_1_256' title='bbox 1131 2896 1230 2968; x_wconf 79' lang='grc' dir='ltr'><em>τὴν</em></span> <span class='ocrx_word' id='word_1_257' title='bbox 1261 2898 1342 2960; x_wconf 87' lang='grc' dir='ltr'><strong>εἰς</strong></span> <span class='ocrx_word' id='word_1_258' title='bbox 1365 2896 1636 2966; x_wconf 79' lang='grc' dir='ltr'><em>Αἴγυπτον</em></span> <span class='ocrx_word' id='word_1_259' title='bbox 1670 2897 1869 2965; x_wconf 79' lang='grc' dir='ltr'><em>ἄφιξιν,</em></span> 
     </span>
    </p>
   </div>
   <div class='ocr_carea' id='block_1_32' title="bbox 267 2985 1870 3064">
    <p class='ocr_par' dir='ltr' id='par_1_32' title="bbox 267 2985 1870 3064">
     <span class='ocr_line' id='line_1_32' title="bbox 267 2985 1870 3064; baseline 0 -20"><span class='ocrx_word' id='word_1_260' title='bbox 267 2991 360 3061; x_wconf 79' lang='grc' dir='ltr'><strong>ἐφ’</strong></span> <span class='ocrx_word' id='word_1_261' title='bbox 480 2990 779 3061; x_wconf 76' lang='grc' dir='ltr'><em>μεταϐολὴν</em></span> <span class='ocrx_word' id='word_1_262' title='bbox 825 2991 884 3043; x_wconf 85' lang='grc' dir='ltr'><strong>ού</strong></span> <span class='ocrx_word' id='word_1_263' title='bbox 945 2991 1044 3061; x_wconf 76' lang='grc' dir='ltr'><em>τὴν</em></span> <span class='ocrx_word' id='word_1_264' title='bbox 1096 2988 1365 3060; x_wconf 77' lang='grc' dir='ltr'><em>τυχοῦσαν</em></span> <span class='ocrx_word' id='word_1_265' title='bbox 1409 2989 1519 3042; x_wconf 89' lang='grc' dir='ltr'><strong>τῶν</strong></span> <span class='ocrx_word' id='word_1_266' title='bbox 1565 2990 1870 3059; x_wconf 73' lang='grc' dir='ltr'><em>Αἰγυπτίων</em></span> 
     </span>
    </p>
   </div>
   <div class='ocr_carea' id='block_1_33' title="bbox 265 3079 1868 3151">
    <p class='ocr_par' dir='ltr' id='par_1_33' title="bbox 265 3079 1868 3151">
     <span class='ocr_line' id='line_1_33' title="bbox 265 3079 1868 3151; baseline 0 -17"><span class='ocrx_word' id='word_1_267' title='bbox 265 3080 506 3134; x_wconf 82' lang='grc' dir='ltr'><em>ἔσεσθαι</em></span> <span class='ocrx_word' id='word_1_268' title='bbox 539 3080 887 3151; x_wconf 81' lang='grc' dir='ltr'><em>προφητεύει,</em></span> <span class='ocrx_word' id='word_1_269' title='bbox 923 3081 1094 3150; x_wconf 87' lang='grc' dir='ltr'><em>λέγων</em></span> <span class='ocrx_word' id='word_1_270' title='bbox 1143 3079 1302 3151; x_wconf 76' lang='grc' dir='ltr'><em>ἐξῆς⁶</em></span> <span class='ocrx_word' id='word_1_271' title='bbox 1346 3099 1364 3130; x_wconf 85' lang='grc' dir='ltr'><strong>ι</strong></span> <span class='ocrx_word' id='word_1_272' title='bbox 1419 3079 1868 3149; x_wconf 73' lang='grc' dir='ltr'><em>Καὶ’γνώσονται</em></span> 
     </span>
    </p>
   </div>
   <div class='ocr_carea' id='block_1_34' title="bbox 264 3173 1865 3245">
    <p class='ocr_par' dir='ltr' id='par_1_34' title="bbox 264 3173 1865 3245">
     <span class='ocr_line' id='line_1_34' title="bbox 264 3173 1865 3245; baseline 0.002 -19"><span class='ocrx_word' id='word_1_273' title='bbox 264 3174 317 3226; x_wconf 87' lang='grc' dir='ltr'><em>οἱ</em></span> <span class='ocrx_word' id='word_1_274' title='bbox 351 3173 653 3242; x_wconf 79' lang='grc' dir='ltr'><em>Αἰγύπτιοι</em></span> <span class='ocrx_word' id='word_1_275' title='bbox 691 3173 782 3226; x_wconf 82' lang='grc' dir='ltr'><em>τὸν</em></span> <span class='ocrx_word' id='word_1_276' title='bbox 818 3173 1043 3245; x_wconf 86' lang='grc' dir='ltr'><em>Κύριον,</em></span> <span class='ocrx_word' id='word_1_277' title='bbox 1074 3192 1092 3226; x_wconf 73' lang='grc' dir='ltr'><strong>ι</strong></span> <span class='ocrx_word' id='word_1_278' title='bbox 1126 3175 1321 3244; x_wconf 59' lang='lat' dir='ltr'><strong>eis:pr</strong></span> <span class='ocrx_word' id='word_1_279' title='bbox 1361 3174 1436 3245; x_wconf 84' lang='grc' dir='ltr'><em>μὴ</em></span> <span class='ocrx_word' id='word_1_280' title='bbox 1461 3175 1661 3238; x_wconf 86' lang='grc' dir='ltr'><em>εἰδότες</em></span> <span class='ocrx_word' id='word_1_281' title='bbox 1684 3175 1865 3241; x_wconf 77' lang='grc' dir='ltr'><em>αὑτὸν,</em></span> 
     </span>
    </p>
   </div>
   <div class='ocr_carea' id='block_1_35' title="bbox 270 3261 1868 3335">
    <p class='ocr_par' dir='ltr' id='par_1_35' title="bbox 270 3261 1868 3335">
     <span class='ocr_line' id='line_1_35' title="bbox 270 3261 1868 3335; baseline -0.001 -17"><span class='ocrx_word' id='word_1_282' title='bbox 270 3283 292 3317; x_wconf 77' lang='grc' dir='ltr'><strong>ι</strong></span> <span class='ocrx_word' id='word_1_283' title='bbox 325 3265 436 3318; x_wconf 74' lang='grc' dir='ltr'><strong>καὶ</strong></span> <span class='ocrx_word' id='word_1_284' title='bbox 454 3262 699 3328; x_wconf 74' lang='grc' dir='ltr'><em>εὔξονται</em></span> <span class='ocrx_word' id='word_1_285' title='bbox 722 3263 800 3332; x_wconf 82' lang='grc' dir='ltr'><em>τῷ</em></span> <span class='ocrx_word' id='word_1_286' title='bbox 822 3263 1010 3333; x_wconf 80' lang='grc' dir='ltr'><em>Κυρίῳ</em></span> <span class='ocrx_word' id='word_1_287' title='bbox 1025 3261 1241 3332; x_wconf 79' lang='grc' dir='ltr'><em>εύχὰς,›</em></span> <span class='ocrx_word' id='word_1_288' title='bbox 1270 3263 1362 3314; x_wconf 74' lang='grc' dir='ltr'><strong>καὶ</strong></span> <span class='ocrx_word' id='word_1_289' title='bbox 1381 3261 1450 3315; x_wconf 88' lang='grc' dir='ltr'><em>τὰ</em></span> <span class='ocrx_word' id='word_1_290' title='bbox 1462 3261 1668 3327; x_wconf 85' lang='grc' dir='ltr'><em>τούτοις</em></span> <span class='ocrx_word' id='word_1_291' title='bbox 1693 3281 1868 3335; x_wconf 84' lang='grc' dir='ltr'><em>παρα-</em></span> 
     </span>
    </p>
   </div>
   <div class='ocr_carea' id='block_1_36' title="bbox 263 3347 1865 3427">
    <p class='ocr_par' dir='ltr' id='par_1_36' title="bbox 263 3347 1865 3427">
     <span class='ocr_line' id='line_1_36' title="bbox 263 3347 1865 3427; baseline -0.001 -17"><span class='ocrx_word' id='word_1_292' title='bbox 263 3357 509 3427; x_wconf 79' lang='grc' dir='ltr'><em>πλήσια.</em></span> <span class='ocrx_word' id='word_1_293' title='bbox 585 3355 862 3426; x_wconf 82' lang='grc' dir='ltr'><em>Ἀνωτέρω</em></span> <span class='ocrx_word' id='word_1_294' title='bbox 895 3355 993 3425; x_wconf 81' lang='grc' dir='ltr'><em>μὲν</em></span> <span class='ocrx_word' id='word_1_295' title='bbox 1026 3347 1117 3407; x_wconf 72' lang='grc' dir='ltr'><em>οὖν</em></span> <span class='ocrx_word' id='word_1_296' title='bbox 1147 3356 1204 3406; x_wconf 86' lang='grc' dir='ltr'><strong>ἐν</strong></span> <span class='ocrx_word' id='word_1_297' title='bbox 1252 3353 1329 3425; x_wconf 83' lang='grc' dir='ltr'><em>τῷ</em></span> <span class='ocrx_word' id='word_1_298' title='bbox 1361 3355 1469 3426; x_wconf 82' lang='grc' dir='ltr'><em>πρὸ</em></span> <span class='ocrx_word' id='word_1_299' title='bbox 1518 3355 1707 3408; x_wconf 86' lang='grc' dir='ltr'><em>τούτου</em></span> <span class='ocrx_word' id='word_1_300' title='bbox 1771 3372 1865 3408; x_wconf 84' lang='grc' dir='ltr'><strong>κε-</strong></span> 
     </span>
    </p>
   </div>
   <div class='ocr_carea' id='block_1_37' title="bbox 262 3445 1865 3519">
    <p class='ocr_par' dir='ltr' id='par_1_37' title="bbox 262 3445 1865 3519">
     <span class='ocr_line' id='line_1_37' title="bbox 262 3445 1865 3519; baseline -0.001 -17"><span class='ocrx_word' id='word_1_301' title='bbox 262 3447 498 3518; x_wconf 80' lang='grc' dir='ltr'><em>φαλαίῳ</em></span> <span class='ocrx_word' id='word_1_302' title='bbox 559 3448 889 3519; x_wconf 80' lang='grc' dir='ltr'><em>κληρονομία</em></span> <span class='ocrx_word' id='word_1_303' title='bbox 942 3445 1036 3500; x_wconf 78' lang='grc' dir='ltr'><em>τοῦ</em></span> <span class='ocrx_word' id='word_1_304' title='bbox 1088 3445 1480 3516; x_wconf 79' lang='grc' dir='ltr'><em>θεσπιζομένου</em></span> <span class='ocrx_word' id='word_1_305' title='bbox 1546 3445 1723 3517; x_wconf 89' lang='grc' dir='ltr'><em>Ἐδὼμ</em></span> <span class='ocrx_word' id='word_1_306' title='bbox 1773 3448 1865 3500; x_wconf 74' lang='grc' dir='ltr'><strong>καὶ</strong></span> 
     </span>
    </p>
   </div>
   <div class='ocr_carea' id='block_1_38' title="bbox 271 3539 1865 3612">
    <p class='ocr_par' dir='ltr' id='par_1_38' title="bbox 271 3539 1865 3612">
     <span class='ocr_line' id='line_1_38' title="bbox 271 3539 1865 3612; baseline -0.001 -18"><span class='ocrx_word' id='word_1_307' title='bbox 271 3539 463 3594; x_wconf 72' lang='grc' dir='ltr'><em>Ἠσαῦ</em></span> <span class='ocrx_word' id='word_1_308' title='bbox 493 3539 728 3608; x_wconf 80' lang='grc' dir='ltr'><em>ἐλέγετο,</em></span> <span class='ocrx_word' id='word_1_309' title='bbox 758 3539 866 3593; x_wconf 88' lang='grc' dir='ltr'><strong>τῶν</strong></span> <span class='ocrx_word' id='word_1_310' title='bbox 897 3539 1189 3611; x_wconf 81' lang='grc' dir='ltr'><em>ἀλλοτρίων</em></span> <span class='ocrx_word' id='word_1_311' title='bbox 1235 3540 1450 3610; x_wconf 79' lang='grc' dir='ltr'><em>Ἰσραὴλ</em></span> <span class='ocrx_word' id='word_1_312' title='bbox 1481 3539 1622 3594; x_wconf 78' lang='grc' dir='ltr'><em>οὕτω</em></span> <span class='ocrx_word' id='word_1_313' title='bbox 1666 3557 1865 3612; x_wconf 86' lang='grc' dir='ltr'><em>σημαι-</em></span> 
     </span>
    </p>
   </div>
   <div class='ocr_carea' id='block_1_39' title="bbox 2002 933 3571 1004">
    <p class='ocr_par' dir='ltr' id='par_1_39' title="bbox 2002 933 3571 1004">
     <span class='ocr_line' id='line_1_39' title="bbox 2002 933 3571 1004; baseline -0.005 -8"><span class='ocrx_word' id='word_1_314' title='bbox 2002 941 2081 997; x_wconf 82' lang='lat' dir='ltr'><strong>Ab</strong></span> <span class='ocrx_word' id='word_1_315' title='bbox 2136 939 2321 994; x_wconf 80' lang='lat' dir='ltr'><strong>Esaia.</strong></span> <span class='ocrx_word' id='word_1_316' title='bbox 2378 966 2450 978; x_wconf 90' lang='lat'><strong>—</strong></span> <span class='ocrx_word' id='word_1_317' title='bbox 2507 935 2959 1004; x_wconf 84' lang='lat' dir='ltr'><strong>Quemadmodum</strong></span> <span class='ocrx_word' id='word_1_318' title='bbox 3011 933 3268 988; x_wconf 74' lang='lat' dir='ltr'><strong>Dominus</strong></span> <span class='ocrx_word' id='word_1_319' title='bbox 3326 933 3571 988; x_wconf 69' lang='lat' dir='ltr'><strong>insistens</strong></span> 
     </span>
    </p>
   </div>
   <div class='ocr_carea' id='block_1_40' title="bbox 2071 1005 3568 1080">
    <p class='ocr_par' dir='ltr' id='par_1_40' title="bbox 2071 1005 3568 1080">
     <span class='ocr_line' id='line_1_40' title="bbox 2071 1005 3568 1080; baseline -0.007 -15"><span class='ocrx_word' id='word_1_320' title='bbox 2071 1011 2206 1065; x_wconf 80' lang='lat' dir='ltr'><strong>illud</strong></span> <span class='ocrx_word' id='word_1_321' title='bbox 2255 1008 2393 1080; x_wconf 85' lang='lat' dir='ltr'><strong>quod</strong></span> <span class='ocrx_word' id='word_1_322' title='bbox 2443 1007 2739 1080; x_wconf 79' lang='lat' dir='ltr'><strong>de_sancta</strong></span> <span class='ocrx_word' id='word_1_323' title='bbox 2788 1005 2996 1076; x_wconf 78' lang='lat' dir='ltr'><strong>Virgine</strong></span> <span class='ocrx_word' id='word_1_324' title='bbox 3044 1005 3328 1080; x_wconf 66' lang='lat' dir='ltr'><strong>assumpsit</strong></span> <span class='ocrx_word' id='word_1_325' title='bbox 3360 1018 3568 1080; x_wconf 69' lang='lat' dir='ltr'><strong>corpus,</strong></span> 
     </span>
    </p>
   </div>
   <div class='ocr_carea' id='block_1_41' title="bbox 2065 1075 3571 1148">
    <p class='ocr_par' dir='ltr' id='par_1_41' title="bbox 2065 1075 3571 1148">
     <span class='ocr_line' id='line_1_41' title="bbox 2065 1075 3571 1148; baseline -0.007 -12"><span class='ocrx_word' id='word_1_326' title='bbox 2065 1075 2310 1137; x_wconf 73' lang='lat' dir='ltr'><strong>venturus</strong></span> <span class='ocrx_word' id='word_1_327' title='bbox 2360 1082 2414 1134; x_wconf 88' lang='lat' dir='ltr'><strong>in</strong></span> <span class='ocrx_word' id='word_1_328' title='bbox 2473 1077 2762 1148; x_wconf 62' lang='lat' dir='ltr'><strong>Egyptum</strong></span> <span class='ocrx_word' id='word_1_329' title='bbox 2819 1075 2895 1130; x_wconf 17' lang='lat' dir='ltr'><strong>eti</strong></span> <span class='ocrx_word' id='word_1_330' title='bbox 2927 1075 3240 1148; x_wconf 26' lang='lat' dir='ltr'><strong>secundum-</strong></span> <span class='ocrx_word' id='word_1_331' title='bbox 3273 1075 3462 1148; x_wconf 80' lang='lat' dir='ltr'><strong>verba,</strong></span> <span class='ocrx_word' id='word_1_332' title='bbox 3494 1083 3571 1148; x_wconf 67' lang='grc' dir='ltr'><strong>Δει</strong></span> 
     </span>
    </p>
   </div>
   <div class='ocr_carea' id='block_1_42' title="bbox 2064 1142 3571 1217">
    <p class='ocr_par' dir='ltr' id='par_1_42' title="bbox 2064 1142 3571 1217">
     <span class='ocr_line' id='line_1_42' title="bbox 2064 1142 3571 1217; baseline -0.006 -10"><span class='ocrx_word' id='word_1_333' title='bbox 2064 1151 2346 1207; x_wconf 77' lang='lat' dir='ltr'><strong>secundum</strong></span> <span class='ocrx_word' id='word_1_334' title='bbox 2363 1142 2672 1204; x_wconf 69' lang='lat' dir='ltr'><strong>sententiam</strong></span> <span class='ocrx_word' id='word_1_335' title='bbox 2691 1149 2974 1217; x_wconf 73' lang='lat' dir='ltr'><strong>prmaictus</strong></span> <span class='ocrx_word' id='word_1_336' title='bbox 2989 1155 3084 1217; x_wconf 77' lang='lat' dir='ltr'><strong>est,</strong></span> <span class='ocrx_word' id='word_1_337' title='bbox 3101 1145 3368 1216; x_wconf 75' lang='lat' dir='ltr'><strong>omnisque</strong></span> <span class='ocrx_word' id='word_1_338' title='bbox 3383 1146 3437 1199; x_wconf 83' lang='lat' dir='ltr'><strong>in</strong></span> <span class='ocrx_word' id='word_1_339' title='bbox 3455 1142 3571 1214; x_wconf 78' lang='lat' dir='ltr'><strong>ejus</strong></span> 
     </span>
    </p>
   </div>
   <div class='ocr_carea' id='block_1_43' title="bbox 2065 1216 3174 1290">
    <p class='ocr_par' dir='ltr' id='par_1_43' title="bbox 2065 1216 3174 1290">
     <span class='ocr_line' id='line_1_43' title="bbox 2065 1216 3174 1290; baseline -0.005 -14"><span class='ocrx_word' id='word_1_340' title='bbox 2065 1223 2288 1277; x_wconf 84' lang='lat' dir='ltr'><strong>adventu</strong></span> <span class='ocrx_word' id='word_1_341' title='bbox 2311 1219 2585 1276; x_wconf 77' lang='lat' dir='ltr'><strong>evertenda</strong></span> <span class='ocrx_word' id='word_1_342' title='bbox 2605 1216 2834 1290; x_wconf 74' lang='lat' dir='ltr'><strong>gentium</strong></span> <span class='ocrx_word' id='word_1_343' title='bbox 2856 1216 3174 1285; x_wconf 75' lang='lat' dir='ltr'><strong>superstitio.</strong></span> 
     </span>
    </p>
   </div>
   <div class='ocr_carea' id='block_1_44' title="bbox 2067 1329 3569 1402">
    <p class='ocr_par' dir='ltr' id='par_1_44' title="bbox 2067 1329 3569 1402">
     <span class='ocr_line' id='line_1_44' title="bbox 2067 1329 3569 1402; baseline -0.004 -14"><span class='ocrx_word' id='word_1_344' title='bbox 2067 1354 2086 1388; x_wconf 87' lang='grc' dir='ltr'><strong>ι</strong></span> <span class='ocrx_word' id='word_1_345' title='bbox 2113 1335 2253 1391; x_wconf 84' lang='lat' dir='ltr'><strong>Ecce</strong></span> <span class='ocrx_word' id='word_1_346' title='bbox 2291 1335 2552 1391; x_wconf 90' lang='lat' dir='ltr'><strong>Dominus</strong></span> <span class='ocrx_word' id='word_1_347' title='bbox 2583 1333 2735 1388; x_wconf 84' lang='lat' dir='ltr'><strong>sedet</strong></span> <span class='ocrx_word' id='word_1_348' title='bbox 2773 1347 2938 1402; x_wconf 88' lang='lat' dir='ltr'><strong>super</strong></span> <span class='ocrx_word' id='word_1_349' title='bbox 2967 1331 3111 1386; x_wconf 87' lang='lat' dir='ltr'><strong>nube</strong></span> <span class='ocrx_word' id='word_1_350' title='bbox 3145 1331 3272 1394; x_wconf 87' lang='lat' dir='ltr'><strong>levi,</strong></span> <span class='ocrx_word' id='word_1_351' title='bbox 3310 1338 3366 1389; x_wconf 82' lang='lat' dir='ltr'><strong>et</strong></span> <span class='ocrx_word' id='word_1_352' title='bbox 3389 1329 3569 1386; x_wconf 84' lang='lat' dir='ltr'><strong>veniet</strong></span> 
     </span>
    </p>
   </div>
   <div class='ocr_carea' id='block_1_45' title="bbox 1991 1414 3566 1498">
    <p class='ocr_par' dir='ltr' id='par_1_45' title="bbox 1991 1414 3566 1498">
     <span class='ocr_line' id='line_1_45' title="bbox 1991 1414 3566 1498; baseline -0.01 -16"><span class='ocrx_word' id='word_1_353' title='bbox 1991 1427 2046 1482; x_wconf 90' lang='lat' dir='ltr'><strong>in</strong></span> <span class='ocrx_word' id='word_1_354' title='bbox 2065 1425 2358 1498; x_wconf 67' lang='lat' dir='ltr'><strong>Egyptum</strong></span> <span class='ocrx_word' id='word_1_355' title='bbox 2382 1443 2394 1479; x_wconf 91' lang='lat'><strong>:</strong></span> <span class='ocrx_word' id='word_1_356' title='bbox 2419 1432 2473 1478; x_wconf 89' lang='lat' dir='ltr'><strong>et</strong></span> <span class='ocrx_word' id='word_1_357' title='bbox 2502 1420 2995 1478; x_wconf 89' lang='lat' dir='ltr'><strong>commovebuntur</strong></span> <span class='ocrx_word' id='word_1_358' title='bbox 3016 1417 3324 1474; x_wconf 82' lang='lat' dir='ltr'><strong>manufacta</strong></span> <span class='ocrx_word' id='word_1_359' title='bbox 3347 1414 3566 1486; x_wconf 67' lang='lat' dir='ltr'><strong>Egypti</strong></span> 
     </span>
    </p>
   </div>
   <div class='ocr_carea' id='block_1_46' title="bbox 1989 1508 3561 1588">
    <p class='ocr_par' dir='ltr' id='par_1_46' title="bbox 1989 1508 3561 1588">
     <span class='ocr_line' id='line_1_46' title="bbox 1989 1508 3561 1588; baseline -0.01 -14"><span class='ocrx_word' id='word_1_360' title='bbox 1989 1534 2021 1574; x_wconf 90' lang='lat' dir='ltr'><strong>a</strong></span> <span class='ocrx_word' id='word_1_361' title='bbox 2073 1519 2214 1576; x_wconf 81' lang='lat' dir='ltr'><strong>facie</strong></span> <span class='ocrx_word' id='word_1_362' title='bbox 2264 1517 2406 1588; x_wconf 85' lang='lat' dir='ltr'><strong>ejus,</strong></span> <span class='ocrx_word' id='word_1_363' title='bbox 2458 1524 2513 1572; x_wconf 90' lang='lat' dir='ltr'><strong>et</strong></span> <span class='ocrx_word' id='word_1_364' title='bbox 2541 1529 2637 1570; x_wconf 90' lang='lat' dir='ltr'><strong>eor</strong></span> <span class='ocrx_word' id='word_1_365' title='bbox 2664 1528 2855 1570; x_wconf 87' lang='lat' dir='ltr'><strong>eorum</strong></span> <span class='ocrx_word' id='word_1_366' title='bbox 2895 1512 3144 1568; x_wconf 89' lang='lat' dir='ltr'><strong>vincetur</strong></span> <span class='ocrx_word' id='word_1_367' title='bbox 3176 1511 3230 1564; x_wconf 94' lang='lat' dir='ltr'><strong>in</strong></span> <span class='ocrx_word' id='word_1_368' title='bbox 3263 1509 3396 1578; x_wconf 88' lang='lat' dir='ltr'><strong>ipsis</strong></span> <span class='ocrx_word' id='word_1_369' title='bbox 3429 1508 3498 1561; x_wconf 74' lang='lat'><strong>“.</strong></span> <span class='ocrx_word' id='word_1_370' title='bbox 3542 1527 3561 1559; x_wconf 76' lang='grc' dir='ltr'><strong>ι</strong></span> 
     </span>
    </p>
   </div>
   <div class='ocr_carea' id='block_1_47' title="bbox 1988 1600 3566 1682">
    <p class='ocr_par' dir='ltr' id='par_1_47' title="bbox 1988 1600 3566 1682">
     <span class='ocr_line' id='line_1_47' title="bbox 1988 1600 3566 1682; baseline -0.009 -15"><span class='ocrx_word' id='word_1_371' title='bbox 1988 1609 2168 1667; x_wconf 89' lang='lat' dir='ltr'><strong>Causa</strong></span> <span class='ocrx_word' id='word_1_372' title='bbox 2206 1625 2374 1682; x_wconf 90' lang='lat' dir='ltr'><strong>porro</strong></span> <span class='ocrx_word' id='word_1_373' title='bbox 2425 1622 2526 1664; x_wconf 91' lang='lat' dir='ltr'><strong>cur</strong></span> <span class='ocrx_word' id='word_1_374' title='bbox 2554 1605 2816 1662; x_wconf 90' lang='lat' dir='ltr'><strong>Dominus</strong></span> <span class='ocrx_word' id='word_1_375' title='bbox 2855 1605 2929 1659; x_wconf 89' lang='lat' dir='ltr'><strong>ita</strong></span> <span class='ocrx_word' id='word_1_376' title='bbox 2984 1604 3036 1657; x_wconf 93' lang='lat' dir='ltr'><strong>in</strong></span> <span class='ocrx_word' id='word_1_377' title='bbox 3067 1601 3363 1674; x_wconf 70' lang='lat' dir='ltr'><strong>Egyptum</strong></span> <span class='ocrx_word' id='word_1_378' title='bbox 3396 1600 3566 1656; x_wconf 83' lang='lat' dir='ltr'><strong>desti—</strong></span> 
     </span>
    </p>
   </div>
   <div class='ocr_carea' id='block_1_48' title="bbox 1987 1691 3569 1764">
    <p class='ocr_par' dir='ltr' id='par_1_48' title="bbox 1987 1691 3569 1764">
     <span class='ocr_line' id='line_1_48' title="bbox 1987 1691 3569 1764; baseline -0.006 -8"><span class='ocrx_word' id='word_1_379' title='bbox 1987 1707 2149 1756; x_wconf 89' lang='lat' dir='ltr'><strong>netur</strong></span> <span class='ocrx_word' id='word_1_380' title='bbox 2176 1709 2462 1764; x_wconf 87' lang='lat' dir='ltr'><strong>venturus,</strong></span> <span class='ocrx_word' id='word_1_381' title='bbox 2510 1699 2628 1754; x_wconf 61' lang='lat' dir='ltr'><strong>hac</strong></span> <span class='ocrx_word' id='word_1_382' title='bbox 2673 1695 2806 1750; x_wconf 90' lang='lat' dir='ltr'><strong>mihi</strong></span> <span class='ocrx_word' id='word_1_383' title='bbox 2850 1709 2972 1750; x_wconf 84' lang='lat' dir='ltr'><strong>esse</strong></span> <span class='ocrx_word' id='word_1_384' title='bbox 3012 1693 3244 1750; x_wconf 89' lang='lat' dir='ltr'><strong>videtur.</strong></span> <span class='ocrx_word' id='word_1_385' title='bbox 3288 1691 3452 1748; x_wconf 89' lang='lat' dir='ltr'><strong>Primi</strong></span> <span class='ocrx_word' id='word_1_386' title='bbox 3492 1693 3569 1746; x_wconf 84' lang='lat' dir='ltr'><strong>si-</strong></span> 
     </span>
    </p>
   </div>
   <div class='ocr_carea' id='block_1_49' title="bbox 1987 1783 3568 1864">
    <p class='ocr_par' dir='ltr' id='par_1_49' title="bbox 1987 1783 3568 1864">
     <span class='ocr_line' id='line_1_49' title="bbox 1987 1783 3568 1864; baseline -0.006 -16"><span class='ocrx_word' id='word_1_387' title='bbox 1987 1791 2203 1864; x_wconf 88' lang='lat' dir='ltr'><strong>quidem</strong></span> <span class='ocrx_word' id='word_1_388' title='bbox 2231 1792 2475 1847; x_wconf 91' lang='lat' dir='ltr'><strong>omnium</strong></span> <span class='ocrx_word' id='word_1_389' title='bbox 2490 1789 2730 1862; x_wconf 64' lang='lat' dir='ltr'><strong>Egyptii</strong></span> <span class='ocrx_word' id='word_1_390' title='bbox 2748 1787 2925 1843; x_wconf 90' lang='lat' dir='ltr'><strong>errori</strong></span> <span class='ocrx_word' id='word_1_391' title='bbox 2954 1785 3167 1842; x_wconf 89' lang='lat' dir='ltr'><strong>colendi</strong></span> <span class='ocrx_word' id='word_1_392' title='bbox 3199 1785 3399 1850; x_wconf 87' lang='lat' dir='ltr'><strong>multos</strong></span> <span class='ocrx_word' id='word_1_393' title='bbox 3429 1783 3568 1839; x_wconf 87' lang='lat' dir='ltr'><strong>deos</strong></span> 
     </span>
    </p>
   </div>
   <div class='ocr_carea' id='block_1_50' title="bbox 1986 1877 3565 1948">
    <p class='ocr_par' dir='ltr' id='par_1_50' title="bbox 1986 1877 3565 1948">
     <span class='ocr_line' id='line_1_50' title="bbox 1986 1877 3565 1948; baseline -0.005 -8"><span class='ocrx_word' id='word_1_394' title='bbox 1986 1900 2052 1940; x_wconf 90' lang='lat' dir='ltr'><strong>ac</strong></span> <span class='ocrx_word' id='word_1_395' title='bbox 2075 1884 2355 1940; x_wconf 59' lang='lat' dir='ltr'><strong>daemonas</strong></span> <span class='ocrx_word' id='word_1_396' title='bbox 2384 1882 2602 1937; x_wconf 90' lang='lat' dir='ltr'><strong>initium</strong></span> <span class='ocrx_word' id='word_1_397' title='bbox 2639 1880 2856 1936; x_wconf 88' lang='lat' dir='ltr'><strong>dedisse</strong></span> <span class='ocrx_word' id='word_1_398' title='bbox 2902 1879 3180 1942; x_wconf 88' lang='lat' dir='ltr'><strong>dicuntur,</strong></span> <span class='ocrx_word' id='word_1_399' title='bbox 3237 1884 3292 1932; x_wconf 87' lang='lat' dir='ltr'><strong>et</strong></span> <span class='ocrx_word' id='word_1_400' title='bbox 3340 1877 3565 1948; x_wconf 85' lang='lat' dir='ltr'><strong>reliquis</strong></span> 
     </span>
    </p>
   </div>
   <div class='ocr_carea' id='block_1_51' title="bbox 1986 1969 3564 2044">
    <p class='ocr_par' dir='ltr' id='par_1_51' title="bbox 1986 1969 3564 2044">
     <span class='ocr_line' id='line_1_51' title="bbox 1986 1969 3564 2044; baseline -0.004 -14"><span class='ocrx_word' id='word_1_401' title='bbox 1986 1974 2258 2031; x_wconf 87' lang='lat' dir='ltr'><strong>universis</strong></span> <span class='ocrx_word' id='word_1_402' title='bbox 2288 1974 2614 2029; x_wconf 88' lang='lat' dir='ltr'><strong>mortalibus</strong></span> <span class='ocrx_word' id='word_1_403' title='bbox 2648 1970 3053 2044; x_wconf 87' lang='lat' dir='ltr'><strong>superstitionis</strong></span> <span class='ocrx_word' id='word_1_404' title='bbox 3097 1980 3348 2025; x_wconf 88' lang='lat' dir='ltr'><strong>auctores</strong></span> <span class='ocrx_word' id='word_1_405' title='bbox 3392 1969 3564 2024; x_wconf 79' lang='lat' dir='ltr'><strong>exsti-</strong></span> 
     </span>
    </p>
   </div>
   <div class='ocr_carea' id='block_1_52' title="bbox 1983 2061 3560 2140">
    <p class='ocr_par' dir='ltr' id='par_1_52' title="bbox 1983 2061 3560 2140">
     <span class='ocr_line' id='line_1_52' title="bbox 1983 2061 3560 2140; baseline -0.004 -18"><span class='ocrx_word' id='word_1_406' title='bbox 1983 2069 2142 2134; x_wconf 90' lang='lat' dir='ltr'><strong>tisse,</strong></span> <span class='ocrx_word' id='word_1_407' title='bbox 2164 2067 2298 2140; x_wconf 89' lang='lat' dir='ltr'><strong>quin</strong></span> <span class='ocrx_word' id='word_1_408' title='bbox 2333 2065 2500 2123; x_wconf 88' lang='lat' dir='ltr'><strong>etiam</strong></span> <span class='ocrx_word' id='word_1_409' title='bbox 2540 2065 2786 2123; x_wconf 89' lang='lat' dir='ltr'><strong>omnium</strong></span> <span class='ocrx_word' id='word_1_410' title='bbox 2814 2065 3045 2120; x_wconf 90' lang='lat' dir='ltr'><strong>aliorum</strong></span> <span class='ocrx_word' id='word_1_411' title='bbox 3084 2062 3337 2126; x_wconf 81' lang='lat' dir='ltr'><strong>maxime,</strong></span> <span class='ocrx_word' id='word_1_412' title='bbox 3363 2061 3560 2116; x_wconf 62' lang='lat' dir='ltr'><strong>daemo-</strong></span> 
     </span>
    </p>
   </div>
   <div class='ocr_carea' id='block_1_53' title="bbox 1983 2153 3556 2231">
    <p class='ocr_par' dir='ltr' id='par_1_53' title="bbox 1983 2153 3556 2231">
     <span class='ocr_line' id='line_1_53' title="bbox 1983 2153 3556 2231; baseline -0.004 -16"><span class='ocrx_word' id='word_1_413' title='bbox 1983 2161 2126 2216; x_wconf 90' lang='lat' dir='ltr'><strong>nicis</strong></span> <span class='ocrx_word' id='word_1_414' title='bbox 2182 2159 2596 2231; x_wconf 89' lang='lat' dir='ltr'><strong>operationibus</strong></span> <span class='ocrx_word' id='word_1_415' title='bbox 2651 2165 2701 2214; x_wconf 81' lang='lat' dir='ltr'><strong>et</strong></span> <span class='ocrx_word' id='word_1_416' title='bbox 2763 2155 3178 2213; x_wconf 87' lang='lat' dir='ltr'><strong>curiositatibus</strong></span> <span class='ocrx_word' id='word_1_417' title='bbox 3229 2153 3556 2210; x_wconf 87' lang='lat' dir='ltr'><strong>studuisse:</strong></span> 
     </span>
    </p>
   </div>
   <div class='ocr_carea' id='block_1_54' title="bbox 1983 2246 3560 2322">
    <p class='ocr_par' dir='ltr' id='par_1_54' title="bbox 1983 2246 3560 2322">
     <span class='ocr_line' id='line_1_54' title="bbox 1983 2246 3560 2322; baseline -0.005 -16"><span class='ocrx_word' id='word_1_418' title='bbox 1983 2250 2145 2306; x_wconf 90' lang='lat' dir='ltr'><strong>iidem</strong></span> <span class='ocrx_word' id='word_1_419' title='bbox 2185 2261 2445 2322; x_wconf 57' lang='lat' dir='ltr'><strong>praeterea</strong></span> <span class='ocrx_word' id='word_1_420' title='bbox 2481 2251 2550 2306; x_wconf 92' lang='lat' dir='ltr'><strong>ab</strong></span> <span class='ocrx_word' id='word_1_421' title='bbox 2605 2250 2724 2321; x_wconf 88' lang='lat' dir='ltr'><strong>ipsa</strong></span> <span class='ocrx_word' id='word_1_422' title='bbox 2780 2248 3064 2320; x_wconf 89' lang='lat' dir='ltr'><strong>Scriptura</strong></span> <span class='ocrx_word' id='word_1_423' title='bbox 3112 2246 3296 2302; x_wconf 91' lang='lat' dir='ltr'><strong>divina</strong></span> <span class='ocrx_word' id='word_1_424' title='bbox 3372 2246 3560 2302; x_wconf 84' lang='lat' dir='ltr'><strong>hostes</strong></span> 
     </span>
    </p>
   </div>
   <div class='ocr_carea' id='block_1_55' title="bbox 1983 2338 3556 2414">
    <p class='ocr_par' dir='ltr' id='par_1_55' title="bbox 1983 2338 3556 2414">
     <span class='ocr_line' id='line_1_55' title="bbox 1983 2338 3556 2414; baseline -0.003 -18"><span class='ocrx_word' id='word_1_425' title='bbox 1983 2343 2169 2414; x_wconf 87' lang='lat' dir='ltr'><strong>populi</strong></span> <span class='ocrx_word' id='word_1_426' title='bbox 2208 2342 2301 2398; x_wconf 88' lang='lat' dir='ltr'><strong>Dei</strong></span> <span class='ocrx_word' id='word_1_427' title='bbox 2337 2342 2506 2398; x_wconf 84' lang='lat' dir='ltr'><strong>fuisse</strong></span> <span class='ocrx_word' id='word_1_428' title='bbox 2532 2341 2906 2413; x_wconf 88' lang='lat' dir='ltr'><strong>perhibentur.</strong></span> <span class='ocrx_word' id='word_1_429' title='bbox 2928 2338 3035 2396; x_wconf 88' lang='lat' dir='ltr'><strong>Sed</strong></span> <span class='ocrx_word' id='word_1_430' title='bbox 3061 2339 3318 2409; x_wconf 89' lang='lat' dir='ltr'><strong>antiquus</strong></span> <span class='ocrx_word' id='word_1_431' title='bbox 3337 2352 3556 2408; x_wconf 89' lang='lat' dir='ltr'><strong>quoque</strong></span> 
     </span>
    </p>
   </div>
   <div class='ocr_carea' id='block_1_56' title="bbox 1982 2431 3552 2506">
    <p class='ocr_par' dir='ltr' id='par_1_56' title="bbox 1982 2431 3552 2506">
     <span class='ocr_line' id='line_1_56' title="bbox 1982 2431 3552 2506; baseline -0.004 -16"><span class='ocrx_word' id='word_1_432' title='bbox 1982 2436 2224 2506; x_wconf 88' lang='lat' dir='ltr'><strong>ipsorum</strong></span> <span class='ocrx_word' id='word_1_433' title='bbox 2259 2451 2354 2492; x_wconf 80' lang='lat' dir='ltr'><strong>rex</strong></span> <span class='ocrx_word' id='word_1_434' title='bbox 2389 2435 2544 2490; x_wconf 82' lang='lat' dir='ltr'><strong>fateri</strong></span> <span class='ocrx_word' id='word_1_435' title='bbox 2593 2450 2652 2490; x_wconf 92' lang='lat' dir='ltr'><strong>se</strong></span> <span class='ocrx_word' id='word_1_436' title='bbox 2684 2449 2792 2488; x_wconf 92' lang='lat' dir='ltr'><strong>non</strong></span> <span class='ocrx_word' id='word_1_437' title='bbox 2824 2449 2985 2490; x_wconf 90' lang='lat' dir='ltr'><strong>nosse</strong></span> <span class='ocrx_word' id='word_1_438' title='bbox 3011 2432 3324 2498; x_wconf 91' lang='lat' dir='ltr'><strong>Dominum,</strong></span> <span class='ocrx_word' id='word_1_439' title='bbox 3374 2431 3552 2501; x_wconf 89' lang='lat' dir='ltr'><strong>palam</strong></span> 
     </span>
    </p>
   </div>
   <div class='ocr_carea' id='block_1_57' title="bbox 1980 2524 3547 2599">
    <p class='ocr_par' dir='ltr' id='par_1_57' title="bbox 1980 2524 3547 2599">
     <span class='ocr_line' id='line_1_57' title="bbox 1980 2524 3547 2599; baseline -0.003 -16"><span class='ocrx_word' id='word_1_440' title='bbox 1980 2528 2289 2599; x_wconf 89' lang='lat' dir='ltr'><strong>descriptus</strong></span> <span class='ocrx_word' id='word_1_441' title='bbox 2313 2535 2418 2594; x_wconf 89' lang='lat' dir='ltr'><strong>est,</strong></span> <span class='ocrx_word' id='word_1_442' title='bbox 2439 2528 2568 2584; x_wconf 92' lang='lat' dir='ltr'><strong>dum</strong></span> <span class='ocrx_word' id='word_1_443' title='bbox 2596 2527 2676 2584; x_wconf 91' lang='lat' dir='ltr'><strong>sic</strong></span> <span class='ocrx_word' id='word_1_444' title='bbox 2708 2526 2785 2582; x_wconf 91' lang='lat' dir='ltr'><strong>ait</strong></span> <span class='ocrx_word' id='word_1_445' title='bbox 2827 2545 2839 2580; x_wconf 92' lang='lat'>:</span> <span class='ocrx_word' id='word_1_446' title='bbox 2877 2545 2896 2578; x_wconf 85' lang='grc' dir='ltr'><strong>ι</strong></span> <span class='ocrx_word' id='word_1_447' title='bbox 2943 2525 3061 2580; x_wconf 89' lang='lat' dir='ltr'><strong>Non</strong></span> <span class='ocrx_word' id='word_1_448' title='bbox 3085 2528 3210 2582; x_wconf 91' lang='lat' dir='ltr'><strong>novi</strong></span> <span class='ocrx_word' id='word_1_449' title='bbox 3237 2524 3547 2590; x_wconf 90' lang='lat' dir='ltr'><strong>Dominum,</strong></span> 
     </span>
    </p>
   </div>
   <div class='ocr_carea' id='block_1_58' title="bbox 1979 2617 3553 2690">
    <p class='ocr_par' dir='ltr' id='par_1_58' title="bbox 1979 2617 3553 2690">
     <span class='ocr_line' id='line_1_58' title="bbox 1979 2617 3553 2690; baseline -0.005 -14"><span class='ocrx_word' id='word_1_450' title='bbox 1979 2629 2034 2676; x_wconf 89' lang='lat' dir='ltr'><strong>et</strong></span> <span class='ocrx_word' id='word_1_451' title='bbox 2083 2620 2248 2677; x_wconf 89' lang='lat' dir='ltr'><strong>Israel</strong></span> <span class='ocrx_word' id='word_1_452' title='bbox 2294 2637 2403 2675; x_wconf 91' lang='lat' dir='ltr'><strong>non</strong></span> <span class='ocrx_word' id='word_1_453' title='bbox 2451 2621 2695 2676; x_wconf 87' lang='lat' dir='ltr'><strong>emittam</strong></span> <span class='ocrx_word' id='word_1_454' title='bbox 2740 2622 2806 2675; x_wconf 78' lang='lat'><strong>”.</strong></span> <span class='ocrx_word' id='word_1_455' title='bbox 2839 2639 2858 2672; x_wconf 73' lang='grc' dir='ltr'><strong>ι</strong></span> <span class='ocrx_word' id='word_1_456' title='bbox 2895 2619 3036 2690; x_wconf 91' lang='lat' dir='ltr'><strong>Ergo</strong></span> <span class='ocrx_word' id='word_1_457' title='bbox 3065 2619 3254 2688; x_wconf 88' lang='lat' dir='ltr'><strong>ingens</strong></span> <span class='ocrx_word' id='word_1_458' title='bbox 3282 2617 3553 2687; x_wconf 86' lang='lat' dir='ltr'><strong>quoddam</strong></span> 
     </span>
    </p>
   </div>
   <div class='ocr_carea' id='block_1_59' title="bbox 1979 2708 3555 2768">
    <p class='ocr_par' dir='ltr' id='par_1_59' title="bbox 1979 2708 3555 2768">
     <span class='ocr_line' id='line_1_59' title="bbox 1979 2708 3555 2768; baseline -0.003 0"><span class='ocrx_word' id='word_1_459' title='bbox 1979 2713 2175 2768; x_wconf 78' lang='lat' dir='ltr'><strong>divina:</strong></span> <span class='ocrx_word' id='word_1_460' title='bbox 2212 2713 2417 2768; x_wconf 89' lang='lat' dir='ltr'><strong>Christi</strong></span> <span class='ocrx_word' id='word_1_461' title='bbox 2459 2711 3054 2768; x_wconf 66' lang='lat' dir='ltr'><strong>virtutismiraculum</strong></span> <span class='ocrx_word' id='word_1_462' title='bbox 3103 2710 3358 2764; x_wconf 82' lang='lat' dir='ltr'><strong>exhibere</strong></span> <span class='ocrx_word' id='word_1_463' title='bbox 3397 2708 3555 2763; x_wconf 91' lang='lat' dir='ltr'><strong>nobis</strong></span> 
     </span>
    </p>
   </div>
   <div class='ocr_carea' id='block_1_60' title="bbox 1976 2800 3554 2876">
    <p class='ocr_par' dir='ltr' id='par_1_60' title="bbox 1976 2800 3554 2876">
     <span class='ocr_line' id='line_1_60' title="bbox 1976 2800 3554 2876; baseline -0.005 -16"><span class='ocrx_word' id='word_1_464' title='bbox 1976 2806 2169 2860; x_wconf 91' lang='lat' dir='ltr'><strong>volens</strong></span> <span class='ocrx_word' id='word_1_465' title='bbox 2203 2803 2520 2876; x_wconf 87' lang='lat' dir='ltr'><strong>prophetica</strong></span> <span class='ocrx_word' id='word_1_466' title='bbox 2549 2805 2746 2867; x_wconf 88' lang='lat' dir='ltr'><strong>oratio,</strong></span> <span class='ocrx_word' id='word_1_467' title='bbox 2773 2801 2985 2858; x_wconf 88' lang='lat' dir='ltr'><strong>Domini</strong></span> <span class='ocrx_word' id='word_1_468' title='bbox 3011 2802 3064 2856; x_wconf 93' lang='lat' dir='ltr'><strong>in</strong></span> <span class='ocrx_word' id='word_1_469' title='bbox 3091 2800 3384 2871; x_wconf 69' lang='lat' dir='ltr'><strong>Egyptum</strong></span> <span class='ocrx_word' id='word_1_470' title='bbox 3407 2800 3554 2853; x_wconf 89' lang='lat' dir='ltr'><strong>canit</strong></span> 
     </span>
    </p>
   </div>
   <div class='ocr_carea' id='block_1_61' title="bbox 1978 2890 3554 2968">
    <p class='ocr_par' dir='ltr' id='par_1_61' title="bbox 1978 2890 3554 2968">
     <span class='ocr_line' id='line_1_61' title="bbox 1978 2890 3554 2968; baseline -0.004 -16"><span class='ocrx_word' id='word_1_471' title='bbox 1978 2896 2472 2968; x_wconf 54' lang='lat' dir='ltr'><strong>adventurmﬂaz</strong></span> <span class='ocrx_word' id='word_1_472' title='bbox 2486 2895 2591 2950; x_wconf 90' lang='lat' dir='ltr'><strong>sub</strong></span> <span class='ocrx_word' id='word_1_473' title='bbox 2618 2910 2780 2966; x_wconf 90' lang='lat' dir='ltr'><strong>quem</strong></span> <span class='ocrx_word' id='word_1_474' title='bbox 2803 2909 2912 2948; x_wconf 90' lang='lat' dir='ltr'><strong>non</strong></span> <span class='ocrx_word' id='word_1_475' title='bbox 2935 2893 3103 2948; x_wconf 86' lang='lat' dir='ltr'><strong>levem</strong></span> <span class='ocrx_word' id='word_1_476' title='bbox 3135 2890 3554 2961; x_wconf 52' lang='lat' dir='ltr'><strong>futuramIEgy-</strong></span> 
     </span>
    </p>
   </div>
   <div class='ocr_carea' id='block_1_62' title="bbox 1975 2984 3546 3060">
    <p class='ocr_par' dir='ltr' id='par_1_62' title="bbox 1975 2984 3546 3060">
     <span class='ocr_line' id='line_1_62' title="bbox 1975 2984 3546 3060; baseline -0.005 -16"><span class='ocrx_word' id='word_1_477' title='bbox 1975 2990 2216 3060; x_wconf 87' lang='lat' dir='ltr'><strong>ptiorum</strong></span> <span class='ocrx_word' id='word_1_478' title='bbox 2251 2990 2631 3053; x_wconf 87' lang='lat' dir='ltr'><strong>mutationem,</strong></span> <span class='ocrx_word' id='word_1_479' title='bbox 2657 2987 2866 3041; x_wconf 83' lang='lat' dir='ltr'><strong>divinat</strong></span> <span class='ocrx_word' id='word_1_480' title='bbox 2896 2986 3152 3055; x_wconf 89' lang='lat' dir='ltr'><strong>deinceps</strong></span> <span class='ocrx_word' id='word_1_481' title='bbox 3187 2985 3266 3040; x_wconf 91' lang='lat' dir='ltr'><strong>sic</strong></span> <span class='ocrx_word' id='word_1_482' title='bbox 3307 2984 3494 3039; x_wconf 86' lang='lat' dir='ltr'><strong>dicens</strong></span> <span class='ocrx_word' id='word_1_483' title='bbox 3534 3003 3546 3036; x_wconf 93' lang='lat'>:</span> 
     </span>
    </p>
   </div>
   <div class='ocr_carea' id='block_1_63' title="bbox 1980 3076 3552 3152">
    <p class='ocr_par' dir='ltr' id='par_1_63' title="bbox 1980 3076 3552 3152">
     <span class='ocr_line' id='line_1_63' title="bbox 1980 3076 3552 3152; baseline -0.005 -16"><span class='ocrx_word' id='word_1_484' title='bbox 1980 3099 2000 3136; x_wconf 80' lang='grc' dir='ltr'><strong>ι</strong></span> <span class='ocrx_word' id='word_1_485' title='bbox 2039 3082 2104 3137; x_wconf 90' lang='lat' dir='ltr'><strong>Et</strong></span> <span class='ocrx_word' id='word_1_486' title='bbox 2132 3091 2467 3152; x_wconf 79' lang='lat' dir='ltr'><strong>cognoscent</strong></span> <span class='ocrx_word' id='word_1_487' title='bbox 2492 3081 2733 3152; x_wconf 61' lang='lat' dir='ltr'><strong>Egyptii</strong></span> <span class='ocrx_word' id='word_1_488' title='bbox 2766 3079 3078 3140; x_wconf 89' lang='lat' dir='ltr'><strong>Dominum,</strong></span> <span class='ocrx_word' id='word_1_489' title='bbox 3125 3097 3143 3130; x_wconf 68' lang='grc' dir='ltr'><strong>ι</strong></span> <span class='ocrx_word' id='word_1_490' title='bbox 3177 3078 3270 3148; x_wconf 91' lang='lat' dir='ltr'><strong>qui</strong></span> <span class='ocrx_word' id='word_1_491' title='bbox 3299 3076 3552 3132; x_wconf 88' lang='lat' dir='ltr'><strong>videlicet</strong></span> 
     </span>
    </p>
   </div>
   <div class='ocr_carea' id='block_1_64' title="bbox 1975 3167 3548 3246">
    <p class='ocr_par' dir='ltr' id='par_1_64' title="bbox 1975 3167 3548 3246">
     <span class='ocr_line' id='line_1_64' title="bbox 1975 3167 3548 3246; baseline -0.004 -17"><span class='ocrx_word' id='word_1_492' title='bbox 1975 3191 2081 3230; x_wconf 91' lang='lat' dir='ltr'><strong>non</strong></span> <span class='ocrx_word' id='word_1_493' title='bbox 2131 3176 2533 3246; x_wconf 79' lang='lat' dir='ltr'><strong>cognoscebant</strong></span> <span class='ocrx_word' id='word_1_494' title='bbox 2574 3173 2723 3226; x_wconf 86' lang='lat' dir='ltr'><strong>illum</strong></span> <span class='ocrx_word' id='word_1_495' title='bbox 2757 3172 2931 3242; x_wconf 90' lang='lat' dir='ltr'><strong>prius,</strong></span> <span class='ocrx_word' id='word_1_496' title='bbox 2973 3191 2991 3223; x_wconf 80' lang='grc' dir='ltr'><strong>ι</strong></span> <span class='ocrx_word' id='word_1_497' title='bbox 3038 3179 3090 3225; x_wconf 86' lang='lat' dir='ltr'><strong>et</strong></span> <span class='ocrx_word' id='word_1_498' title='bbox 3145 3169 3412 3224; x_wconf 86' lang='lat' dir='ltr'><strong>vovebunt</strong></span> <span class='ocrx_word' id='word_1_499' title='bbox 3440 3167 3548 3222; x_wconf 89' lang='lat' dir='ltr'><strong>Do-</strong></span> 
     </span>
    </p>
   </div>
   <div class='ocr_carea' id='block_1_65' title="bbox 1973 3258 3548 3337">
    <p class='ocr_par' dir='ltr' id='par_1_65' title="bbox 1973 3258 3548 3337">
     <span class='ocr_line' id='line_1_65' title="bbox 1973 3258 3548 3337; baseline -0.005 -16"><span class='ocrx_word' id='word_1_500' title='bbox 1973 3269 2121 3322; x_wconf 90' lang='lat' dir='ltr'><strong>mino</strong></span> <span class='ocrx_word' id='word_1_501' title='bbox 2152 3275 2277 3324; x_wconf 90' lang='lat' dir='ltr'><strong>vota</strong></span> <span class='ocrx_word' id='word_1_502' title='bbox 2301 3268 2368 3332; x_wconf 75' lang='lat'><strong>’°,</strong></span> <span class='ocrx_word' id='word_1_503' title='bbox 2404 3288 2422 3319; x_wconf 68' lang='grc' dir='ltr'><strong>ι</strong></span> <span class='ocrx_word' id='word_1_504' title='bbox 2457 3275 2510 3321; x_wconf 91' lang='lat' dir='ltr'><strong>et</strong></span> <span class='ocrx_word' id='word_1_505' title='bbox 2549 3283 2670 3337; x_wconf 69' lang='lat' dir='ltr'><strong>quae</strong></span> <span class='ocrx_word' id='word_1_506' title='bbox 2714 3266 2800 3321; x_wconf 85' lang='lat' dir='ltr'><strong>bis</strong></span> <span class='ocrx_word' id='word_1_507' title='bbox 2832 3265 3032 3321; x_wconf 86' lang='lat' dir='ltr'><strong>similia</strong></span> <span class='ocrx_word' id='word_1_508' title='bbox 3079 3269 3402 3333; x_wconf 82' lang='lat' dir='ltr'><strong>sequuntur.</strong></span> <span class='ocrx_word' id='word_1_509' title='bbox 3441 3258 3548 3314; x_wconf 78' lang='lat' dir='ltr'><strong>Su-</strong></span> 
     </span>
    </p>
   </div>
   <div class='ocr_carea' id='block_1_66' title="bbox 1974 3354 3546 3430">
    <p class='ocr_par' dir='ltr' id='par_1_66' title="bbox 1974 3354 3546 3430">
     <span class='ocr_line' id='line_1_66' title="bbox 1974 3354 3546 3430; baseline -0.006 -15"><span class='ocrx_word' id='word_1_510' title='bbox 1974 3361 2173 3429; x_wconf 84' lang='lat' dir='ltr'><strong>periuri</strong></span> <span class='ocrx_word' id='word_1_511' title='bbox 2203 3360 2422 3430; x_wconf 89' lang='lat' dir='ltr'><strong>quidem</strong></span> <span class='ocrx_word' id='word_1_512' title='bbox 2469 3359 2718 3429; x_wconf 80' lang='lat' dir='ltr'><strong>proximo</strong></span> <span class='ocrx_word' id='word_1_513' title='bbox 2745 3357 2923 3426; x_wconf 90' lang='lat' dir='ltr'><strong>capite</strong></span> <span class='ocrx_word' id='word_1_514' title='bbox 2954 3354 3241 3411; x_wconf 69' lang='lat' dir='ltr'><strong>haereditas</strong></span> <span class='ocrx_word' id='word_1_515' title='bbox 3269 3355 3419 3424; x_wconf 89' lang='lat' dir='ltr'><strong>ejus,</strong></span> <span class='ocrx_word' id='word_1_516' title='bbox 3451 3354 3546 3422; x_wconf 89' lang='lat' dir='ltr'><strong>qui</strong></span> 
     </span>
    </p>
   </div>
   <div class='ocr_carea' id='block_1_67' title="bbox 1973 3445 3546 3516">
    <p class='ocr_par' dir='ltr' id='par_1_67' title="bbox 1973 3445 3546 3516">
     <span class='ocr_line' id='line_1_67' title="bbox 1973 3445 3546 3516; baseline -0.003 -13"><span class='ocrx_word' id='word_1_517' title='bbox 1973 3459 2235 3506; x_wconf 79' lang='lat' dir='ltr'><strong>venturus</strong></span> <span class='ocrx_word' id='word_1_518' title='bbox 2263 3453 2501 3514; x_wconf 90' lang='lat' dir='ltr'><strong>canitur,</strong></span> <span class='ocrx_word' id='word_1_519' title='bbox 2535 3449 2704 3505; x_wconf 85' lang='lat' dir='ltr'><strong>Edom</strong></span> <span class='ocrx_word' id='word_1_520' title='bbox 2730 3457 2784 3504; x_wconf 91' lang='lat' dir='ltr'><strong>et</strong></span> <span class='ocrx_word' id='word_1_521' title='bbox 2813 3449 2956 3502; x_wconf 88' lang='lat' dir='ltr'><strong>Esau</strong></span> <span class='ocrx_word' id='word_1_522' title='bbox 2985 3447 3289 3508; x_wconf 89' lang='lat' dir='ltr'><strong>dicebatur,</strong></span> <span class='ocrx_word' id='word_1_523' title='bbox 3342 3445 3546 3516; x_wconf 87' lang='lat' dir='ltr'><strong>quippe</strong></span> 
     </span>
    </p>
   </div>
   <div class='ocr_carea' id='block_1_68' title="bbox 1969 3536 3544 3610">
    <p class='ocr_par' dir='ltr' id='par_1_68' title="bbox 1969 3536 3544 3610">
     <span class='ocr_line' id='line_1_68' title="bbox 1969 3536 3544 3610; baseline -0.003 -15"><span class='ocrx_word' id='word_1_524' title='bbox 1969 3558 2092 3596; x_wconf 87' lang='lat' dir='ltr'><strong>eum</strong></span> <span class='ocrx_word' id='word_1_525' title='bbox 2121 3542 2281 3596; x_wconf 84' lang='lat' dir='ltr'><strong>alieni</strong></span> <span class='ocrx_word' id='word_1_526' title='bbox 2321 3545 2388 3596; x_wconf 90' lang='lat' dir='ltr'><strong>ab</strong></span> <span class='ocrx_word' id='word_1_527' title='bbox 2423 3540 2586 3596; x_wconf 89' lang='lat' dir='ltr'><strong>Israel</strong></span> <span class='ocrx_word' id='word_1_528' title='bbox 2619 3555 2683 3595; x_wconf 86' lang='lat' dir='ltr'><strong>eo</strong></span> <span class='ocrx_word' id='word_1_529' title='bbox 2730 3541 2892 3595; x_wconf 91' lang='lat' dir='ltr'><strong>modo</strong></span> <span class='ocrx_word' id='word_1_530' title='bbox 2935 3540 3372 3610; x_wconf 86' lang='lat' dir='ltr'><strong>signiﬁcarentur</strong></span> <span class='ocrx_word' id='word_1_531' title='bbox 3405 3555 3419 3590; x_wconf 89' lang='lat'><strong>:</strong></span> <span class='ocrx_word' id='word_1_532' title='bbox 3455 3536 3544 3590; x_wconf 87' lang='lat' dir='ltr'><strong>hic</strong></span> 
     </span>
    </p>
   </div>
   <div class='ocr_carea' id='block_1_69' title="bbox 260 3628 1867 3714">
    <p class='ocr_par' dir='ltr' id='par_1_69' title="bbox 260 3628 1862 3702">
     <span class='ocr_line' id='line_1_69' title="bbox 260 3628 1862 3702; baseline -0.001 -17"><span class='ocrx_word' id='word_1_533' title='bbox 260 3631 527 3702; x_wconf 78' lang='grc' dir='ltr'><em>νομένων</em></span> <span class='ocrx_word' id='word_1_534' title='bbox 548 3647 560 3660; x_wconf 88' lang='grc'><strong>·</strong></span> <span class='ocrx_word' id='word_1_535' title='bbox 596 3628 828 3682; x_wconf 79' lang='grc' dir='ltr'><em>ἐνταῦθα</em></span> <span class='ocrx_word' id='word_1_536' title='bbox 865 3629 921 3682; x_wconf 86' lang='grc' dir='ltr'><em>δὲ</em></span> <span class='ocrx_word' id='word_1_537' title='bbox 950 3631 982 3701; x_wconf 76' lang='grc' dir='ltr'>ἡ</span> <span class='ocrx_word' id='word_1_538' title='bbox 1020 3629 1309 3697; x_wconf 78' lang='grc' dir='ltr'><em>Αἴγυπτος,</em></span> <span class='ocrx_word' id='word_1_539' title='bbox 1341 3628 1469 3692; x_wconf 82' lang='grc' dir='ltr'><em>λαὸς</em></span> <span class='ocrx_word' id='word_1_540' title='bbox 1494 3629 1593 3682; x_wconf 74' lang='grc' dir='ltr'><strong>οὐκ</strong></span> <span class='ocrx_word' id='word_1_541' title='bbox 1623 3628 1725 3693; x_wconf 78' lang='grc' dir='ltr'><em>ἔτι,</em></span> <span class='ocrx_word' id='word_1_542' title='bbox 1755 3629 1862 3684; x_wconf 87' lang='grc' dir='ltr'><strong>τῶν</strong></span> 
     </span>
    </p>
   </div>
   <div class='ocr_carea' id='block_1_70' title="bbox 1978 3628 3546 3714">
    <p class='ocr_par' dir='ltr' id='par_1_70' title="bbox 1978 3631 3546 3705">
     <span class='ocr_line' id='line_1_70' title="bbox 1978 3631 3546 3705; baseline -0.004 -17"><span class='ocrx_word' id='word_1_543' title='bbox 1978 3649 2098 3688; x_wconf 86' lang='lat' dir='ltr'><strong>vero</strong></span> <span class='ocrx_word' id='word_1_544' title='bbox 2143 3642 2197 3690; x_wconf 89' lang='lat' dir='ltr'><strong>et</strong></span> <span class='ocrx_word' id='word_1_545' title='bbox 2248 3633 2516 3705; x_wconf 58' lang='lat' dir='ltr'><strong>Egyptus</strong></span> <span class='ocrx_word' id='word_1_546' title='bbox 2545 3641 2598 3688; x_wconf 89' lang='lat' dir='ltr'><strong>et</strong></span> <span class='ocrx_word' id='word_1_547' title='bbox 2648 3631 2866 3704; x_wconf 64' lang='lat' dir='ltr'><strong>Egypti</strong></span> <span class='ocrx_word' id='word_1_548' title='bbox 2896 3632 3149 3702; x_wconf 89' lang='lat' dir='ltr'><strong>populus,</strong></span> <span class='ocrx_word' id='word_1_549' title='bbox 3175 3647 3285 3686; x_wconf 91' lang='lat' dir='ltr'><strong>non</strong></span> <span class='ocrx_word' id='word_1_550' title='bbox 3319 3631 3546 3684; x_wconf 82' lang='lat' dir='ltr'><strong>simula-</strong></span> 
     </span>
    </p>
   </div>
   <div class='ocr_carea' id='block_1_71' title="bbox 258 3716 1864 3792">
    <p class='ocr_par' dir='ltr' id='par_1_71' title="bbox 258 3716 1864 3792">
     <span class='ocr_line' id='line_1_71' title="bbox 258 3716 1864 3792; baseline -0.001 -17"><span class='ocrx_word' id='word_1_551' title='bbox 258 3721 538 3784; x_wconf 83' lang='grc' dir='ltr'><em>εἰδώλων,</em></span> <span class='ocrx_word' id='word_1_552' title='bbox 564 3720 678 3774; x_wconf 82' lang='grc' dir='ltr'><em>ἀλλ’</em></span> <span class='ocrx_word' id='word_1_553' title='bbox 705 3720 868 3774; x_wconf 81' lang='grc' dir='ltr'><em>αὐτού</em></span> <span class='ocrx_word' id='word_1_554' title='bbox 896 3719 990 3773; x_wconf 83' lang='grc' dir='ltr'><em>τοῦ</em></span> <span class='ocrx_word' id='word_1_555' title='bbox 1019 3720 1170 3792; x_wconf 75' lang='grc' dir='ltr'><em>παρὰ</em></span> <span class='ocrx_word' id='word_1_556' title='bbox 1195 3722 1307 3783; x_wconf 88' lang='grc' dir='ltr'><em>τοῖς</em></span> <span class='ocrx_word' id='word_1_557' title='bbox 1353 3716 1619 3773; x_wconf 79' lang='grc' dir='ltr'><em>Ἰουδαίων</em></span> <span class='ocrx_word' id='word_1_558' title='bbox 1653 3723 1864 3792; x_wconf 81' lang='grc' dir='ltr'><em>προφή-</em></span> 
     </span>
    </p>
   </div>
   <div class='ocr_carea' id='block_1_72' title="bbox 255 3811 1861 3885">
    <p class='ocr_par' dir='ltr' id='par_1_72' title="bbox 255 3811 1861 3885">
     <span class='ocr_line' id='line_1_72' title="bbox 255 3811 1861 3885; baseline -0.001 -16"><span class='ocrx_word' id='word_1_559' title='bbox 255 3830 394 3878; x_wconf 84' lang='grc' dir='ltr'><em>ταις</em></span> <span class='ocrx_word' id='word_1_560' title='bbox 455 3811 876 3884; x_wconf 87' lang='grc' dir='ltr'><em>θεολογουμένου</em></span> <span class='ocrx_word' id='word_1_561' title='bbox 933 3813 1139 3884; x_wconf 81' lang='grc' dir='ltr'><em>Κυρίου</em></span> <span class='ocrx_word' id='word_1_562' title='bbox 1191 3811 1529 3876; x_wconf 80' lang='grc' dir='ltr'><em>θεσπίζεται.</em></span> <span class='ocrx_word' id='word_1_563' title='bbox 1592 3814 1768 3885; x_wconf 80' lang='grc' dir='ltr'><em>Ἀπερ</em></span> <span class='ocrx_word' id='word_1_564' title='bbox 1813 3816 1861 3867; x_wconf 88' lang='grc' dir='ltr'><em>εἰ</em></span> 
     </span>
    </p>
   </div>
   <div class='ocr_carea' id='block_1_73' title="bbox 259 3903 1862 3978">
    <p class='ocr_par' dir='ltr' id='par_1_73' title="bbox 259 3903 1862 3978">
     <span class='ocr_line' id='line_1_73' title="bbox 259 3903 1862 3978; baseline -0.001 -17"><span class='ocrx_word' id='word_1_565' title='bbox 259 3908 368 3978; x_wconf 85' lang='grc' dir='ltr'><em>μὲν</em></span> <span class='ocrx_word' id='word_1_566' title='bbox 434 3905 512 3977; x_wconf 82' lang='grc' dir='ltr'><em>μὴ</em></span> <span class='ocrx_word' id='word_1_567' title='bbox 558 3904 677 3976; x_wconf 71' lang='grc' dir='ltr'><em>ὄψει</em></span> <span class='ocrx_word' id='word_1_568' title='bbox 728 3903 1126 3976; x_wconf 80' lang='grc' dir='ltr'><em>συντελούμενα</em></span> <span class='ocrx_word' id='word_1_569' title='bbox 1151 3904 1455 3975; x_wconf 83' lang='grc' dir='ltr'><em>θεωρεῖται,</em></span> <span class='ocrx_word' id='word_1_570' title='bbox 1482 3905 1582 3958; x_wconf 79' lang='grc' dir='ltr'><strong>οὐκ</strong></span> <span class='ocrx_word' id='word_1_571' title='bbox 1614 3905 1758 3960; x_wconf 77' lang='grc' dir='ltr'><em>ἐστιν</em></span> <span class='ocrx_word' id='word_1_572' title='bbox 1787 3907 1862 3959; x_wconf 82' lang='grc' dir='ltr'><em>είο</em></span> 
     </span>
    </p>
   </div>
   <div class='ocr_carea' id='block_1_74' title="bbox 255 3995 1860 4070">
    <p class='ocr_par' dir='ltr' id='par_1_74' title="bbox 255 3995 1860 4070">
     <span class='ocr_line' id='line_1_74' title="bbox 255 3995 1860 4070; baseline -0.001 -18"><span class='ocrx_word' id='word_1_573' title='bbox 255 4001 392 4052; x_wconf 87' lang='grc' dir='ltr'><em>πεῖν</em></span> <span class='ocrx_word' id='word_1_574' title='bbox 447 3997 550 4068; x_wconf 83' lang='grc' dir='ltr'><em>τὴν</em></span> <span class='ocrx_word' id='word_1_575' title='bbox 599 3996 991 4068; x_wconf 78' lang='grc' dir='ltr'><em>θεσπιζομένην</em></span> <span class='ocrx_word' id='word_1_576' title='bbox 1041 3997 1224 4065; x_wconf 77' lang='grc' dir='ltr'><em>ἄφιξιν</em></span> <span class='ocrx_word' id='word_1_577' title='bbox 1259 3996 1353 4050; x_wconf 83' lang='grc' dir='ltr'><em>τοῦ</em></span> <span class='ocrx_word' id='word_1_578' title='bbox 1404 3995 1606 4070; x_wconf 84' lang='grc' dir='ltr'><em>Κυρίου</em></span> <span class='ocrx_word' id='word_1_579' title='bbox 1645 3999 1725 4061; x_wconf 88' lang='grc' dir='ltr'><strong>εἰς</strong></span> <span class='ocrx_word' id='word_1_580' title='bbox 1763 3998 1860 4068; x_wconf 85' lang='grc' dir='ltr'><em>τὴν</em></span> 
     </span>
    </p>
   </div>
   <div class='ocr_carea' id='block_1_75' title="bbox 252 4088 1858 4160">
    <p class='ocr_par' dir='ltr' id='par_1_75' title="bbox 252 4088 1858 4160">
     <span class='ocr_line' id='line_1_75' title="bbox 252 4088 1858 4160; baseline -0.002 -15"><span class='ocrx_word' id='word_1_581' title='bbox 252 4092 554 4160; x_wconf 75' lang='grc' dir='ltr'><em>Αἴγυπτον</em></span> <span class='ocrx_word' id='word_1_582' title='bbox 597 4089 910 4158; x_wconf 87' lang='grc' dir='ltr'><em>γεγονέναι·</em></span> <span class='ocrx_word' id='word_1_583' title='bbox 939 4090 987 4142; x_wconf 82' lang='grc' dir='ltr'><strong>εί</strong></span> <span class='ocrx_word' id='word_1_584' title='bbox 1026 4088 1082 4141; x_wconf 85' lang='grc' dir='ltr'><strong>δέ</strong></span> <span class='ocrx_word' id='word_1_585' title='bbox 1109 4089 1248 4160; x_wconf 83' lang='grc' dir='ltr'><em>ὑπὲρ</em></span> <span class='ocrx_word' id='word_1_586' title='bbox 1278 4089 1454 4143; x_wconf 84' lang='grc' dir='ltr'><em>πάντα</em></span> <span class='ocrx_word' id='word_1_587' title='bbox 1489 4088 1644 4157; x_wconf 90' lang='grc' dir='ltr'><em>λόγον</em></span> <span class='ocrx_word' id='word_1_588' title='bbox 1669 4091 1701 4160; x_wconf 87' lang='grc' dir='ltr'><strong>ή</strong></span> <span class='ocrx_word' id='word_1_589' title='bbox 1728 4089 1858 4160; x_wconf 84' lang='grc' dir='ltr'><strong>ἀλή-</strong></span> 
     </span>
    </p>
   </div>
   <div class='ocr_carea' id='block_1_76' title="bbox 254 4181 1860 4254">
    <p class='ocr_par' dir='ltr' id='par_1_76' title="bbox 254 4181 1860 4254">
     <span class='ocr_line' id='line_1_76' title="bbox 254 4181 1860 4254; baseline -0.004 -15"><span class='ocrx_word' id='word_1_590' title='bbox 254 4185 388 4239; x_wconf 86' lang='grc' dir='ltr'><em>θεια</em></span> <span class='ocrx_word' id='word_1_591' title='bbox 411 4185 686 4254; x_wconf 85' lang='grc' dir='ltr'><em>μαρτυρεί</em></span> <span class='ocrx_word' id='word_1_592' title='bbox 710 4184 820 4246; x_wconf 85' lang='grc' dir='ltr'><em>τοῖς</em></span> <span class='ocrx_word' id='word_1_593' title='bbox 845 4181 1151 4253; x_wconf 80' lang='grc' dir='ltr'><em>πράγμασι,</em></span> <span class='ocrx_word' id='word_1_594' title='bbox 1181 4183 1274 4235; x_wconf 79' lang='grc' dir='ltr'><strong>καὶ</strong></span> <span class='ocrx_word' id='word_1_595' title='bbox 1299 4184 1411 4246; x_wconf 84' lang='grc' dir='ltr'><em>τοῖς</em></span> <span class='ocrx_word' id='word_1_596' title='bbox 1444 4181 1860 4252; x_wconf 84' lang='grc' dir='ltr'><em>ἀγνωμονεστά-</em></span> 
     </span>
    </p>
   </div>
   <div class='ocr_carea' id='block_1_77' title="bbox 251 4272 1858 4347">
    <p class='ocr_par' dir='ltr' id='par_1_77' title="bbox 251 4272 1858 4347">
     <span class='ocr_line' id='line_1_77' title="bbox 251 4272 1858 4347; baseline -0.003 -16"><span class='ocrx_word' id='word_1_597' title='bbox 251 4294 377 4340; x_wconf 88' lang='grc' dir='ltr'><em>τοις</em></span> <span class='ocrx_word' id='word_1_598' title='bbox 409 4272 664 4347; x_wconf 78' lang='grc' dir='ltr'><em>ἐναργῶς</em></span> <span class='ocrx_word' id='word_1_599' title='bbox 693 4273 961 4328; x_wconf 88' lang='grc' dir='ltr'><em>δείκνυσιν</em></span> <span class='ocrx_word' id='word_1_600' title='bbox 1005 4274 1201 4338; x_wconf 79' lang='grc' dir='ltr'><em>αὐτοὺς</em></span> <span class='ocrx_word' id='word_1_601' title='bbox 1241 4275 1588 4344; x_wconf 81' lang='grc' dir='ltr'><em>Αἰγυπτίους,</em></span> <span class='ocrx_word' id='word_1_602' title='bbox 1619 4275 1717 4344; x_wconf 81' lang='grc' dir='ltr'><em>τῆς</em></span> <span class='ocrx_word' id='word_1_603' title='bbox 1758 4275 1858 4345; x_wconf 86' lang='grc' dir='ltr'><em>μὲν</em></span> 
     </span>
    </p>
   </div>
   <div class='ocr_carea' id='block_1_78' title="bbox 254 4365 1858 4437">
    <p class='ocr_par' dir='ltr' id='par_1_78' title="bbox 254 4365 1858 4437">
     <span class='ocr_line' id='line_1_78' title="bbox 254 4365 1858 4437; baseline -0.003 -14"><span class='ocrx_word' id='word_1_604' title='bbox 254 4367 316 4435; x_wconf 79' lang='grc' dir='ltr'><em>ἐξ</em></span> <span class='ocrx_word' id='word_1_605' title='bbox 352 4368 564 4429; x_wconf 87' lang='grc' dir='ltr'><em>αἰῶνος</em></span> <span class='ocrx_word' id='word_1_606' title='bbox 609 4365 1087 4437; x_wconf 83' lang='grc' dir='ltr'><em>πατροπαραδότου</em></span> <span class='ocrx_word' id='word_1_607' title='bbox 1128 4365 1547 4437; x_wconf 81' lang='grc' dir='ltr'><em>δεισιδαιμονίας</em></span> <span class='ocrx_word' id='word_1_608' title='bbox 1580 4366 1858 4435; x_wconf 85' lang='grc' dir='ltr'><em>ἀνακεχω-</em></span> 
     </span>
    </p>
   </div>
   <div class='ocr_carea' id='block_1_79' title="bbox 255 4456 1854 4534">
    <p class='ocr_par' dir='ltr' id='par_1_79' title="bbox 255 4456 1854 4534">
     <span class='ocr_line' id='line_1_79' title="bbox 255 4456 1854 4534; baseline -0.002 -21"><span class='ocrx_word' id='word_1_609' title='bbox 255 4459 535 4534; x_wconf 84' lang='grc' dir='ltr'><em>ρηκότας,</em></span> <span class='ocrx_word' id='word_1_610' title='bbox 558 4457 931 4522; x_wconf 84' lang='grc' dir='ltr'><em>οἰκειωθέντας</em></span> <span class='ocrx_word' id='word_1_611' title='bbox 957 4459 1014 4512; x_wconf 78' lang='grc' dir='ltr'><em>δὲ</em></span> <span class='ocrx_word' id='word_1_612' title='bbox 1037 4459 1115 4529; x_wconf 81' lang='grc' dir='ltr'><em>τῷ</em></span> <span class='ocrx_word' id='word_1_613' title='bbox 1137 4457 1255 4528; x_wconf 82' lang='grc' dir='ltr'><strong>Θεῷ</strong></span> <span class='ocrx_word' id='word_1_614' title='bbox 1278 4458 1387 4512; x_wconf 86' lang='grc' dir='ltr'><strong>τῶν</strong></span> <span class='ocrx_word' id='word_1_615' title='bbox 1412 4456 1587 4512; x_wconf 81' lang='grc' dir='ltr'><em>ταῦτα</em></span> <span class='ocrx_word' id='word_1_616' title='bbox 1615 4474 1854 4529; x_wconf 84' lang='grc' dir='ltr'><em>προανα-</em></span> 
     </span>
    </p>
   </div>
   <div class='ocr_carea' id='block_1_80' title="bbox 252 4546 1850 4620">
    <p class='ocr_par' dir='ltr' id='par_1_80' title="bbox 252 4546 1850 4620">
     <span class='ocr_line' id='line_1_80' title="bbox 252 4546 1850 4620; baseline -0.001 -17"><span class='ocrx_word' id='word_1_617' title='bbox 252 4548 640 4620; x_wconf 77' lang='grc' dir='ltr'><em>φωνησάντων</em></span> <span class='ocrx_word' id='word_1_618' title='bbox 679 4547 992 4620; x_wconf 80' lang='grc' dir='ltr'><em>προφητῶν,</em></span> <span class='ocrx_word' id='word_1_619' title='bbox 1031 4549 1127 4602; x_wconf 76' lang='grc' dir='ltr'><strong>καὶ</strong></span> <span class='ocrx_word' id='word_1_620' title='bbox 1156 4548 1342 4601; x_wconf 80' lang='grc' dir='ltr'><em>τοῦτον</em></span> <span class='ocrx_word' id='word_1_621' title='bbox 1381 4547 1538 4619; x_wconf 88' lang='grc' dir='ltr'><em>μόνον</em></span> <span class='ocrx_word' id='word_1_622' title='bbox 1581 4546 1850 4613; x_wconf 81' lang='grc' dir='ltr'><em>σέϐοντας,</em></span> 
     </span>
    </p>
   </div>
   <div class='ocr_carea' id='block_1_81' title="bbox 250 4638 1853 4711">
    <p class='ocr_par' dir='ltr' id='par_1_81' title="bbox 250 4638 1853 4711">
     <span class='ocr_line' id='line_1_81' title="bbox 250 4638 1853 4711; baseline -0.005 -13"><span class='ocrx_word' id='word_1_623' title='bbox 250 4643 353 4697; x_wconf 75' lang='grc' dir='ltr'><strong>καὶ</strong></span> <span class='ocrx_word' id='word_1_624' title='bbox 400 4639 589 4692; x_wconf 85' lang='grc' dir='ltr'><em>πάντα</em></span> <span class='ocrx_word' id='word_1_625' title='bbox 640 4638 867 4692; x_wconf 83' lang='grc' dir='ltr'><em>θάνατον</em></span> <span class='ocrx_word' id='word_1_626' title='bbox 913 4638 1325 4710; x_wconf 80' lang='grc' dir='ltr'><em>ἀσπαζομένους</em></span> <span class='ocrx_word' id='word_1_627' title='bbox 1351 4640 1490 4711; x_wconf 84' lang='grc' dir='ltr'><em>ὑπὲρ</em></span> <span class='ocrx_word' id='word_1_628' title='bbox 1520 4639 1620 4709; x_wconf 81' lang='grc' dir='ltr'><em>τῆς</em></span> <span class='ocrx_word' id='word_1_629' title='bbox 1649 4641 1729 4702; x_wconf 87' lang='grc' dir='ltr'><strong>εἰς</strong></span> <span class='ocrx_word' id='word_1_630' title='bbox 1756 4639 1853 4692; x_wconf 85' lang='grc' dir='ltr'><em>αύ-</em></span> 
     </span>
    </p>
   </div>
   <div class='ocr_carea' id='block_1_82' title="bbox 248 4731 1848 4805">
    <p class='ocr_par' dir='ltr' id='par_1_82' title="bbox 248 4731 1848 4805">
     <span class='ocr_line' id='line_1_82' title="bbox 248 4731 1848 4805; baseline -0.004 -15"><span class='ocrx_word' id='word_1_631' title='bbox 248 4736 345 4790; x_wconf 81' lang='grc' dir='ltr'><em>τὺν</em></span> <span class='ocrx_word' id='word_1_632' title='bbox 377 4732 699 4795; x_wconf 70' lang='grc' dir='ltr'><em>εὐσεϐείας·</em></span> <span class='ocrx_word' id='word_1_633' title='bbox 731 4731 848 4803; x_wconf 84' lang='grc' dir='ltr'><em>ὥρα</em></span> <span class='ocrx_word' id='word_1_634' title='bbox 884 4733 957 4805; x_wconf 80' lang='grc' dir='ltr'><em>μὴ</em></span> <span class='ocrx_word' id='word_1_635' title='bbox 984 4732 1157 4796; x_wconf 72' lang='grc' dir='ltr'><em>ἄλλως</em></span> <span class='ocrx_word' id='word_1_636' title='bbox 1185 4732 1357 4786; x_wconf 77' lang='grc' dir='ltr'><em>ταῦτα</em></span> <span class='ocrx_word' id='word_1_637' title='bbox 1387 4732 1667 4801; x_wconf 86' lang='grc' dir='ltr'><em>γεγονέναι</em></span> <span class='ocrx_word' id='word_1_638' title='bbox 1722 4749 1848 4785; x_wconf 89' lang='grc' dir='ltr'><em>συν-</em></span> 
     </span>
    </p>
   </div>
   <div class='ocr_carea' id='block_1_83' title="bbox 248 4820 1846 4896">
    <p class='ocr_par' dir='ltr' id='par_1_83' title="bbox 248 4820 1846 4896">
     <span class='ocr_line' id='line_1_83' title="bbox 248 4820 1846 4896; baseline 0 -18"><span class='ocrx_word' id='word_1_639' title='bbox 248 4824 556 4896; x_wconf 81' lang='grc' dir='ltr'><em>ομολογεῖν</em></span> <span class='ocrx_word' id='word_1_640' title='bbox 582 4821 614 4892; x_wconf 82' lang='grc' dir='ltr'>ἢ</span> <span class='ocrx_word' id='word_1_641' title='bbox 638 4820 731 4875; x_wconf 80' lang='grc' dir='ltr'><em>τοῦ</em></span> <span class='ocrx_word' id='word_1_642' title='bbox 758 4823 960 4895; x_wconf 90' lang='grc' dir='ltr'><em>Κυρίου</em></span> <span class='ocrx_word' id='word_1_643' title='bbox 988 4823 1307 4894; x_wconf 77' lang='grc' dir='ltr'><em>ἐληλυθότος</em></span> <span class='ocrx_word' id='word_1_644' title='bbox 1328 4826 1407 4887; x_wconf 88' lang='grc' dir='ltr'><strong>εἰς</strong></span> <span class='ocrx_word' id='word_1_645' title='bbox 1430 4822 1702 4892; x_wconf 80' lang='grc' dir='ltr'><em>Αἴγυπτον</em></span> <span class='ocrx_word' id='word_1_646' title='bbox 1715 4824 1846 4878; x_wconf 84' lang='grc' dir='ltr'><strong>ἀκο-</strong></span> 
     </span>
    </p>
   </div>
   <div class='ocr_carea' id='block_1_84' title="bbox 247 4911 1849 4988">
    <p class='ocr_par' dir='ltr' id='par_1_84' title="bbox 247 4911 1849 4988">
     <span class='ocr_line' id='line_1_84' title="bbox 247 4911 1849 4988; baseline 0.001 -20"><span class='ocrx_word' id='word_1_647' title='bbox 247 4915 476 4978; x_wconf 82' lang='grc' dir='ltr'><em>λούθως</em></span> <span class='ocrx_word' id='word_1_648' title='bbox 510 4917 576 4985; x_wconf 81' lang='grc' dir='ltr'><em>τῇ</em></span> <span class='ocrx_word' id='word_1_649' title='bbox 609 4915 942 4988; x_wconf 80' lang='grc' dir='ltr'><em>προκειμένῃ</em></span> <span class='ocrx_word' id='word_1_650' title='bbox 977 4917 1296 4988; x_wconf 73' lang='grc' dir='ltr'><em>προρρήσει.</em></span> <span class='ocrx_word' id='word_1_651' title='bbox 1330 4917 1485 4969; x_wconf 87' lang='grc' dir='ltr'><em>Ἔστι</em></span> <span class='ocrx_word' id='word_1_652' title='bbox 1509 4915 1607 4986; x_wconf 86' lang='grc' dir='ltr'><em>μὲν</em></span> <span class='ocrx_word' id='word_1_653' title='bbox 1638 4911 1729 4969; x_wconf 78' lang='grc' dir='ltr'><em>οὖν</em></span> <span class='ocrx_word' id='word_1_654' title='bbox 1754 4917 1849 4970; x_wconf 76' lang='grc' dir='ltr'><strong>καὶ</strong></span> 
     </span>
    </p>
   </div>
   <div class='ocr_carea' id='block_1_85' title="bbox 1966 3723 3540 3795">
    <p class='ocr_par' dir='ltr' id='par_1_85' title="bbox 1966 3723 3540 3795">
     <span class='ocr_line' id='line_1_85' title="bbox 1966 3723 3540 3795; baseline -0.001 -15"><span class='ocrx_word' id='word_1_655' title='bbox 1966 3742 2184 3781; x_wconf 87' lang='lat' dir='ltr'><strong>crurum</strong></span> <span class='ocrx_word' id='word_1_656' title='bbox 2222 3727 2456 3795; x_wconf 90' lang='lat' dir='ltr'><strong>amplius</strong></span> <span class='ocrx_word' id='word_1_657' title='bbox 2510 3725 2728 3780; x_wconf 79' lang='lat' dir='ltr'><strong>futurus</strong></span> <span class='ocrx_word' id='word_1_658' title='bbox 2783 3725 3018 3790; x_wconf 87' lang='lat' dir='ltr'><strong>canitur,</strong></span> <span class='ocrx_word' id='word_1_659' title='bbox 3056 3725 3150 3779; x_wconf 92' lang='lat' dir='ltr'><strong>sed</strong></span> <span class='ocrx_word' id='word_1_660' title='bbox 3177 3725 3296 3794; x_wconf 89' lang='lat' dir='ltr'><strong>ejus</strong></span> <span class='ocrx_word' id='word_1_661' title='bbox 3328 3723 3540 3778; x_wconf 90' lang='lat' dir='ltr'><strong>Domlni</strong></span> 
     </span>
    </p>
   </div>
   <div class='ocr_carea' id='block_1_86' title="bbox 1963 3813 3534 3886">
    <p class='ocr_par' dir='ltr' id='par_1_86' title="bbox 1963 3813 3534 3886">
     <span class='ocr_line' id='line_1_86' title="bbox 1963 3813 3534 3886; baseline -0.003 -16"><span class='ocrx_word' id='word_1_662' title='bbox 1963 3818 2058 3886; x_wconf 91' lang='lat' dir='ltr'><strong>qui</strong></span> <span class='ocrx_word' id='word_1_663' title='bbox 2098 3815 2240 3886; x_wconf 89' lang='lat' dir='ltr'><strong>apud</strong></span> <span class='ocrx_word' id='word_1_664' title='bbox 2274 3813 2588 3870; x_wconf 74' lang='lat' dir='ltr'><strong>Judaeorum</strong></span> <span class='ocrx_word' id='word_1_665' title='bbox 2617 3813 2912 3885; x_wconf 86' lang='lat' dir='ltr'><strong>prophetas</strong></span> <span class='ocrx_word' id='word_1_666' title='bbox 2937 3829 3037 3884; x_wconf 91' lang='lat' dir='ltr'><strong>pro</strong></span> <span class='ocrx_word' id='word_1_667' title='bbox 3064 3813 3173 3870; x_wconf 90' lang='lat' dir='ltr'><strong>Deo</strong></span> <span class='ocrx_word' id='word_1_668' title='bbox 3203 3814 3534 3869; x_wconf 85' lang='lat' dir='ltr'><strong>celebratur.</strong></span> 
     </span>
    </p>
   </div>
   <div class='ocr_carea' id='block_1_87' title="bbox 1964 3905 3538 3976">
    <p class='ocr_par' dir='ltr' id='par_1_87' title="bbox 1964 3905 3538 3976">
     <span class='ocr_line' id='line_1_87' title="bbox 1964 3905 3538 3976; baseline 0 -15"><span class='ocrx_word' id='word_1_669' title='bbox 1964 3907 2094 3974; x_wconf 76' lang='lat' dir='ltr'><strong>Quae</strong></span> <span class='ocrx_word' id='word_1_670' title='bbox 2118 3907 2163 3962; x_wconf 88' lang='lat' dir='ltr'><strong>si</strong></span> <span class='ocrx_word' id='word_1_671' title='bbox 2187 3906 2360 3962; x_wconf 89' lang='lat' dir='ltr'><strong>oculis</strong></span> <span class='ocrx_word' id='word_1_672' title='bbox 2391 3907 2657 3976; x_wconf 88' lang='lat' dir='ltr'><strong>completa</strong></span> <span class='ocrx_word' id='word_1_673' title='bbox 2687 3921 2796 3962; x_wconf 92' lang='lat' dir='ltr'><strong>non</strong></span> <span class='ocrx_word' id='word_1_674' title='bbox 2830 3914 3154 3973; x_wconf 89' lang='lat' dir='ltr'><strong>cernuntur,</strong></span> <span class='ocrx_word' id='word_1_675' title='bbox 3187 3922 3256 3961; x_wconf 89' lang='lat' dir='ltr'><strong>ne</strong></span> <span class='ocrx_word' id='word_1_676' title='bbox 3289 3905 3538 3961; x_wconf 87' lang='lat' dir='ltr'><strong>dicamus</strong></span> 
     </span>
    </p>
   </div>
   <div class='ocr_carea' id='block_1_88' title="bbox 1963 3998 3538 4070">
    <p class='ocr_par' dir='ltr' id='par_1_88' title="bbox 1963 3998 3538 4070">
     <span class='ocr_line' id='line_1_88' title="bbox 1963 3998 3538 4070; baseline -0.003 -14"><span class='ocrx_word' id='word_1_677' title='bbox 1963 4015 2095 4056; x_wconf 82' lang='lat' dir='ltr'><strong>sane</strong></span> <span class='ocrx_word' id='word_1_678' title='bbox 2119 3998 2409 4054; x_wconf 88' lang='lat' dir='ltr'><strong>adventum</strong></span> <span class='ocrx_word' id='word_1_679' title='bbox 2452 3999 2602 4054; x_wconf 91' lang='lat' dir='ltr'><strong>illum</strong></span> <span class='ocrx_word' id='word_1_680' title='bbox 2639 3999 2874 4064; x_wconf 90' lang='lat' dir='ltr'><strong>Domini,</strong></span> <span class='ocrx_word' id='word_1_681' title='bbox 2905 3999 2998 4070; x_wconf 91' lang='lat' dir='ltr'><strong>qui</strong></span> <span class='ocrx_word' id='word_1_682' title='bbox 3044 3999 3098 4053; x_wconf 94' lang='lat' dir='ltr'><strong>in</strong></span> <span class='ocrx_word' id='word_1_683' title='bbox 3131 3998 3423 4070; x_wconf 62' lang='lat' dir='ltr'><strong>Egyptum</strong></span> <span class='ocrx_word' id='word_1_684' title='bbox 3453 3998 3538 4052; x_wconf 81' lang='lat' dir='ltr'><strong>fu-</strong></span> 
     </span>
    </p>
   </div>
   <div class='ocr_carea' id='block_1_89' title="bbox 1964 4090 3539 4166">
    <p class='ocr_par' dir='ltr' id='par_1_89' title="bbox 1964 4090 3539 4166">
     <span class='ocr_line' id='line_1_89' title="bbox 1964 4090 3539 4166; baseline -0.003 -17"><span class='ocrx_word' id='word_1_685' title='bbox 1964 4102 2119 4149; x_wconf 89' lang='lat' dir='ltr'><strong>turus</strong></span> <span class='ocrx_word' id='word_1_686' title='bbox 2175 4094 2510 4166; x_wconf 73' lang='lat' dir='ltr'><strong>praedicitur,</strong></span> <span class='ocrx_word' id='word_1_687' title='bbox 2575 4092 2745 4149; x_wconf 79' lang='lat' dir='ltr'><strong>fuisse</strong></span> <span class='ocrx_word' id='word_1_688' title='bbox 2809 4092 3010 4148; x_wconf 85' lang='lat' dir='ltr'><strong>adhuc.</strong></span> <span class='ocrx_word' id='word_1_689' title='bbox 3083 4090 3188 4147; x_wconf 90' lang='lat' dir='ltr'><strong>Sed</strong></span> <span class='ocrx_word' id='word_1_690' title='bbox 3255 4092 3302 4148; x_wconf 91' lang='lat' dir='ltr'><strong>si</strong></span> <span class='ocrx_word' id='word_1_691' title='bbox 3369 4107 3539 4162; x_wconf 87' lang='lat' dir='ltr'><strong>supra</strong></span> 
     </span>
    </p>
   </div>
   <div class='ocr_carea' id='block_1_90' title="bbox 1962 4180 3534 4253">
    <p class='ocr_par' dir='ltr' id='par_1_90' title="bbox 1962 4180 3534 4253">
     <span class='ocr_line' id='line_1_90' title="bbox 1962 4180 3534 4253; baseline -0.003 -13"><span class='ocrx_word' id='word_1_692' title='bbox 1962 4200 2178 4240; x_wconf 89' lang='lat' dir='ltr'><strong>omnem</strong></span> <span class='ocrx_word' id='word_1_693' title='bbox 2228 4185 2516 4249; x_wconf 86' lang='lat' dir='ltr'><strong>rationem,</strong></span> <span class='ocrx_word' id='word_1_694' title='bbox 2573 4184 2738 4240; x_wconf 86' lang='lat' dir='ltr'><strong>rebus</strong></span> <span class='ocrx_word' id='word_1_695' title='bbox 2790 4183 2948 4238; x_wconf 89' lang='lat' dir='ltr'><strong>ﬁdem</strong></span> <span class='ocrx_word' id='word_1_696' title='bbox 2983 4182 3101 4253; x_wconf 93' lang='lat' dir='ltr'><strong>ipsa</strong></span> <span class='ocrx_word' id='word_1_697' title='bbox 3136 4183 3339 4238; x_wconf 89' lang='lat' dir='ltr'><strong>veritas</strong></span> <span class='ocrx_word' id='word_1_698' title='bbox 3384 4180 3534 4246; x_wconf 79' lang='lat' dir='ltr'><strong>facit,</strong></span> 
     </span>
    </p>
   </div>
   <div class='ocr_carea' id='block_1_91' title="bbox 1960 4273 3536 4347">
    <p class='ocr_par' dir='ltr' id='par_1_91' title="bbox 1960 4273 3536 4347">
     <span class='ocr_line' id='line_1_91' title="bbox 1960 4273 3536 4347; baseline 0 -17"><span class='ocrx_word' id='word_1_699' title='bbox 1960 4282 2123 4347; x_wconf 90' lang='lat' dir='ltr'><strong>atque</strong></span> <span class='ocrx_word' id='word_1_700' title='bbox 2151 4275 2315 4331; x_wconf 91' lang='lat' dir='ltr'><strong>etiam</strong></span> <span class='ocrx_word' id='word_1_701' title='bbox 2357 4275 2666 4330; x_wconf 88' lang='lat' dir='ltr'><strong>rudissimis</strong></span> <span class='ocrx_word' id='word_1_702' title='bbox 2704 4282 2758 4330; x_wconf 90' lang='lat' dir='ltr'><strong>et</strong></span> <span class='ocrx_word' id='word_1_703' title='bbox 2807 4289 2973 4329; x_wconf 89' lang='lat' dir='ltr'><strong>sensu</strong></span> <span class='ocrx_word' id='word_1_704' title='bbox 3018 4274 3165 4329; x_wconf 91' lang='lat' dir='ltr'><strong>omni</strong></span> <span class='ocrx_word' id='word_1_705' title='bbox 3221 4273 3536 4330; x_wconf 85' lang='lat' dir='ltr'><strong>carentibus</strong></span> 
     </span>
    </p>
   </div>
   <div class='ocr_carea' id='block_1_92' title="bbox 1958 4365 3533 4437">
    <p class='ocr_par' dir='ltr' id='par_1_92' title="bbox 1958 4365 3533 4437">
     <span class='ocr_line' id='line_1_92' title="bbox 1958 4365 3533 4437; baseline -0.003 -13"><span class='ocrx_word' id='word_1_706' title='bbox 1958 4368 2238 4424; x_wconf 80' lang='lat' dir='ltr'><strong>evidenter</strong></span> <span class='ocrx_word' id='word_1_707' title='bbox 2263 4367 2524 4432; x_wconf 86' lang='lat' dir='ltr'><strong>ostendit,</strong></span> <span class='ocrx_word' id='word_1_708' title='bbox 2582 4368 2730 4437; x_wconf 92' lang='lat' dir='ltr'><strong>ipsos</strong></span> <span class='ocrx_word' id='word_1_709' title='bbox 2765 4365 3052 4437; x_wconf 64' lang='lat' dir='ltr'><strong>Egyptios</strong></span> <span class='ocrx_word' id='word_1_710' title='bbox 3081 4367 3149 4420; x_wconf 88' lang='lat' dir='ltr'><strong>ab</strong></span> <span class='ocrx_word' id='word_1_711' title='bbox 3177 4382 3238 4422; x_wconf 90' lang='lat' dir='ltr'><strong>ea</strong></span> <span class='ocrx_word' id='word_1_712' title='bbox 3265 4367 3533 4436; x_wconf 86' lang='lat' dir='ltr'><strong>supersti-</strong></span> 
     </span>
    </p>
   </div>
   <div class='ocr_carea' id='block_1_93' title="bbox 1958 4458 3533 4532">
    <p class='ocr_par' dir='ltr' id='par_1_93' title="bbox 1958 4458 3533 4532">
     <span class='ocr_line' id='line_1_93' title="bbox 1958 4458 3533 4532; baseline 0 -18"><span class='ocrx_word' id='word_1_713' title='bbox 1958 4461 2107 4515; x_wconf 81' lang='lat' dir='ltr'><strong>tione</strong></span> <span class='ocrx_word' id='word_1_714' title='bbox 2146 4461 2463 4526; x_wconf 88' lang='lat' dir='ltr'><strong>recessisse,</strong></span> <span class='ocrx_word' id='word_1_715' title='bbox 2499 4475 2662 4532; x_wconf 88' lang='lat' dir='ltr'><strong>quam</strong></span> <span class='ocrx_word' id='word_1_716' title='bbox 2691 4475 2867 4529; x_wconf 91' lang='lat' dir='ltr'><strong>usque</strong></span> <span class='ocrx_word' id='word_1_717' title='bbox 2903 4459 2973 4513; x_wconf 90' lang='lat' dir='ltr'><strong>ab</strong></span> <span class='ocrx_word' id='word_1_718' title='bbox 3013 4458 3172 4514; x_wconf 92' lang='lat' dir='ltr'><strong>initio</strong></span> <span class='ocrx_word' id='word_1_719' title='bbox 3215 4473 3246 4512; x_wconf 91' lang='lat' dir='ltr'><strong>a</strong></span> <span class='ocrx_word' id='word_1_720' title='bbox 3281 4458 3533 4528; x_wconf 89' lang='lat' dir='ltr'><strong>patribus</strong></span> 
     </span>
    </p>
   </div>
   <div class='ocr_carea' id='block_1_94' title="bbox 1959 4551 3533 4623">
    <p class='ocr_par' dir='ltr' id='par_1_94' title="bbox 1959 4551 3533 4623">
     <span class='ocr_line' id='line_1_94' title="bbox 1959 4551 3533 4623; baseline 0 -17"><span class='ocrx_word' id='word_1_721' title='bbox 1959 4553 2074 4608; x_wconf 89' lang='lat' dir='ltr'><strong>suis</strong></span> <span class='ocrx_word' id='word_1_722' title='bbox 2129 4559 2488 4623; x_wconf 90' lang='lat' dir='ltr'><strong>acceperant,</strong></span> <span class='ocrx_word' id='word_1_723' title='bbox 2551 4553 2739 4622; x_wconf 89' lang='lat' dir='ltr'><strong>illique</strong></span> <span class='ocrx_word' id='word_1_724' title='bbox 2795 4551 2905 4608; x_wconf 90' lang='lat' dir='ltr'><strong>Deo</strong></span> <span class='ocrx_word' id='word_1_725' title='bbox 2967 4551 3282 4614; x_wconf 66' lang='lat' dir='ltr'><strong>adhaesisse,</strong></span> <span class='ocrx_word' id='word_1_726' title='bbox 3340 4551 3432 4622; x_wconf 92' lang='lat' dir='ltr'><strong>qui</strong></span> <span class='ocrx_word' id='word_1_727' title='bbox 3501 4567 3533 4606; x_wconf 89' lang='lat' dir='ltr'><strong>a</strong></span> 
     </span>
    </p>
   </div>
   <div class='ocr_carea' id='block_1_95' title="bbox 1957 4641 3539 4713">
    <p class='ocr_par' dir='ltr' id='par_1_95' title="bbox 1957 4641 3539 4713">
     <span class='ocr_line' id='line_1_95' title="bbox 1957 4641 3539 4713; baseline -0.002 -16"><span class='ocrx_word' id='word_1_728' title='bbox 1957 4641 2239 4713; x_wconf 88' lang='lat' dir='ltr'><strong>prophetis</strong></span> <span class='ocrx_word' id='word_1_729' title='bbox 2269 4644 2384 4698; x_wconf 67' lang='lat' dir='ltr'><strong>haec</strong></span> <span class='ocrx_word' id='word_1_730' title='bbox 2412 4643 2531 4713; x_wconf 90' lang='lat' dir='ltr'><strong>ipsa</strong></span> <span class='ocrx_word' id='word_1_731' title='bbox 2559 4641 2930 4696; x_wconf 85' lang='lat' dir='ltr'><strong>divinantibus</strong></span> <span class='ocrx_word' id='word_1_732' title='bbox 2959 4641 3330 4705; x_wconf 83' lang='lat' dir='ltr'><strong>colebatur,et</strong></span> <span class='ocrx_word' id='word_1_733' title='bbox 3362 4656 3539 4694; x_wconf 88' lang='lat' dir='ltr'><strong>unum-</strong></span> 
     </span>
    </p>
   </div>
   <div class='ocr_carea' id='block_1_96' title="bbox 1956 4733 3532 4805">
    <p class='ocr_par' dir='ltr' id='par_1_96' title="bbox 1956 4733 3532 4805">
     <span class='ocr_line' id='line_1_96' title="bbox 1956 4733 3532 4805; baseline 0 -17"><span class='ocrx_word' id='word_1_734' title='bbox 1956 4733 2101 4790; x_wconf 90' lang='lat' dir='ltr'><strong>hune</strong></span> <span class='ocrx_word' id='word_1_735' title='bbox 2132 4736 2348 4790; x_wconf 89' lang='lat' dir='ltr'><strong>interim</strong></span> <span class='ocrx_word' id='word_1_736' title='bbox 2378 4736 2577 4800; x_wconf 90' lang='lat' dir='ltr'><strong>colere,</strong></span> <span class='ocrx_word' id='word_1_737' title='bbox 2606 4750 2780 4805; x_wconf 87' lang='lat' dir='ltr'><strong>neque</strong></span> <span class='ocrx_word' id='word_1_738' title='bbox 2815 4735 2980 4788; x_wconf 88' lang='lat' dir='ltr'><strong>ullam</strong></span> <span class='ocrx_word' id='word_1_739' title='bbox 3013 4741 3242 4790; x_wconf 90' lang='lat' dir='ltr'><strong>mortem</strong></span> <span class='ocrx_word' id='word_1_740' title='bbox 3274 4749 3532 4790; x_wconf 87' lang='lat' dir='ltr'><strong>recusare</strong></span> 
     </span>
    </p>
   </div>
   <div class='ocr_carea' id='block_1_97' title="bbox 1955 4826 3528 4900">
    <p class='ocr_par' dir='ltr' id='par_1_97' title="bbox 1955 4826 3528 4900">
     <span class='ocr_line' id='line_1_97' title="bbox 1955 4826 3528 4900; baseline -0.001 -18"><span class='ocrx_word' id='word_1_741' title='bbox 1955 4843 2055 4899; x_wconf 90' lang='lat' dir='ltr'><strong>pro</strong></span> <span class='ocrx_word' id='word_1_742' title='bbox 2087 4829 2237 4884; x_wconf 91' lang='lat' dir='ltr'><strong>cultu</strong></span> <span class='ocrx_word' id='word_1_743' title='bbox 2289 4836 2345 4884; x_wconf 87' lang='lat' dir='ltr'><strong>et</strong></span> <span class='ocrx_word' id='word_1_744' title='bbox 2383 4831 2584 4898; x_wconf 90' lang='lat' dir='ltr'><strong>pietate</strong></span> <span class='ocrx_word' id='word_1_745' title='bbox 2637 4843 2766 4900; x_wconf 90' lang='lat' dir='ltr'><strong>erga</strong></span> <span class='ocrx_word' id='word_1_746' title='bbox 2797 4828 2988 4882; x_wconf 92' lang='lat' dir='ltr'><strong>illum:</strong></span> <span class='ocrx_word' id='word_1_747' title='bbox 3035 4826 3166 4898; x_wconf 88' lang='lat' dir='ltr'><strong>quid</strong></span> <span class='ocrx_word' id='word_1_748' title='bbox 3219 4828 3368 4884; x_wconf 90' lang='lat' dir='ltr'><strong>aliud</strong></span> <span class='ocrx_word' id='word_1_749' title='bbox 3413 4827 3528 4898; x_wconf 77' lang='lat' dir='ltr'><strong>jam</strong></span> 
     </span>
    </p>
   </div>
   <div class='ocr_carea' id='block_1_98' title="bbox 1957 4920 3530 4991">
    <p class='ocr_par' dir='ltr' id='par_1_98' title="bbox 1957 4920 3530 4991">
     <span class='ocr_line' id='line_1_98' title="bbox 1957 4920 3530 4991; baseline -0.001 -15"><span class='ocrx_word' id='word_1_750' title='bbox 1957 4928 2226 4991; x_wconf 87' lang='lat' dir='ltr'><strong>superest,</strong></span> <span class='ocrx_word' id='word_1_751' title='bbox 2254 4921 2365 4976; x_wconf 89' lang='lat' dir='ltr'><strong>nisi</strong></span> <span class='ocrx_word' id='word_1_752' title='bbox 2416 4929 2474 4975; x_wconf 91' lang='lat' dir='ltr'><strong>ut</strong></span> <span class='ocrx_word' id='word_1_753' title='bbox 2528 4921 2798 4977; x_wconf 76' lang='lat' dir='ltr'><strong>fateamur</strong></span> <span class='ocrx_word' id='word_1_754' title='bbox 2844 4936 2954 4975; x_wconf 89' lang='lat' dir='ltr'><strong>non</strong></span> <span class='ocrx_word' id='word_1_755' title='bbox 2988 4921 3144 4978; x_wconf 87' lang='lat' dir='ltr'><strong>aliter</strong></span> <span class='ocrx_word' id='word_1_756' title='bbox 3199 4920 3303 4976; x_wconf 92' lang='lat' dir='ltr'><strong>ista</strong></span> <span class='ocrx_word' id='word_1_757' title='bbox 3351 4921 3530 4976; x_wconf 80' lang='lat' dir='ltr'><strong>conti-</strong></span> 
     </span>
    </p>
   </div>
   <div class='ocr_carea' id='block_1_99' title="bbox 248 5004 1867 5082">
    <p class='ocr_par' dir='ltr' id='par_1_99' title="bbox 248 5004 1848 5081">
     <span class='ocr_line' id='line_1_99' title="bbox 248 5004 1848 5081; baseline 0 -19"><span class='ocrx_word' id='word_1_758' title='bbox 248 5008 442 5068; x_wconf 77' lang='grc' dir='ltr'><em>ἄλλως</em></span> <span class='ocrx_word' id='word_1_759' title='bbox 468 5004 563 5058; x_wconf 79' lang='grc' dir='ltr'><em>τὸν</em></span> <span class='ocrx_word' id='word_1_760' title='bbox 590 5005 746 5075; x_wconf 84' lang='grc' dir='ltr'><em>λόγον</em></span> <span class='ocrx_word' id='word_1_761' title='bbox 773 5006 1102 5062; x_wconf 84' lang='grc' dir='ltr'><em>αἰνίττεσθαι</em></span> <span class='ocrx_word' id='word_1_762' title='bbox 1133 5007 1411 5081; x_wconf 83' lang='grc' dir='ltr'><em>τροπικῶς</em></span> <span class='ocrx_word' id='word_1_763' title='bbox 1437 5008 1527 5060; x_wconf 83' lang='grc' dir='ltr'><em>τὸν</em></span> <span class='ocrx_word' id='word_1_764' title='bbox 1570 5007 1848 5080; x_wconf 83' lang='grc' dir='ltr'><em>περίγειον</em></span> 
     </span>
    </p>
   </div>
   <div class='ocr_carea' id='block_1_100' title="bbox 1978 5004 3525 5082">
    <p class='ocr_par' dir='ltr' id='par_1_100' title="bbox 1978 5009 3525 5082">
     <span class='ocr_line' id='line_1_100' title="bbox 1978 5009 3525 5082; baseline -0.001 -17"><span class='ocrx_word' id='word_1_765' title='bbox 1978 5012 2118 5080; x_wconf 73' lang='grc' dir='ltr'><em>ςίεεο,</em></span> <span class='ocrx_word' id='word_1_766' title='bbox 2155 5026 2318 5082; x_wconf 87' lang='lat' dir='ltr'><strong>quam</strong></span> <span class='ocrx_word' id='word_1_767' title='bbox 2350 5027 2447 5082; x_wconf 90' lang='lat' dir='ltr'><strong>per</strong></span> <span class='ocrx_word' id='word_1_768' title='bbox 2492 5010 2708 5068; x_wconf 89' lang='lat' dir='ltr'><strong>Domini</strong></span> <span class='ocrx_word' id='word_1_769' title='bbox 2761 5011 2817 5066; x_wconf 93' lang='lat' dir='ltr'><strong>in</strong></span> <span class='ocrx_word' id='word_1_770' title='bbox 2871 5009 3164 5082; x_wconf 61' lang='lat' dir='ltr'><strong>Egyptum</strong></span> <span class='ocrx_word' id='word_1_771' title='bbox 3209 5011 3525 5072; x_wconf 79' lang='lat' dir='ltr'><strong>adventum,</strong></span> 
     </span>
    </p>
   </div>
   <div class='ocr_carea' id='block_1_101' title="bbox 249 5099 1852 5172">
    <p class='ocr_par' dir='ltr' id='par_1_101' title="bbox 249 5099 1852 5172">
     <span class='ocr_line' id='line_1_101' title="bbox 249 5099 1852 5172; baseline 0 -19"><span class='ocrx_word' id='word_1_772' title='bbox 249 5101 497 5170; x_wconf 82' lang='grc' dir='ltr'><em>κόσμον,</em></span> <span class='ocrx_word' id='word_1_773' title='bbox 540 5100 619 5162; x_wconf 88' lang='grc' dir='ltr'><em>εἰς</em></span> <span class='ocrx_word' id='word_1_774' title='bbox 659 5099 717 5152; x_wconf 83' lang='grc' dir='ltr'><strong>δν</strong></span> <span class='ocrx_word' id='word_1_775' title='bbox 758 5099 787 5152; x_wconf 85' lang='grc' dir='ltr'>ὁ</span> <span class='ocrx_word' id='word_1_776' title='bbox 831 5099 986 5168; x_wconf 87' lang='grc' dir='ltr'><em>λόγος</em></span> <span class='ocrx_word' id='word_1_777' title='bbox 1030 5099 1361 5172; x_wconf 86' lang='grc' dir='ltr'><em>προφητεύει</em></span> <span class='ocrx_word' id='word_1_778' title='bbox 1389 5099 1483 5153; x_wconf 85' lang='grc' dir='ltr'><em>τὸν</em></span> <span class='ocrx_word' id='word_1_779' title='bbox 1513 5099 1716 5171; x_wconf 86' lang='grc' dir='ltr'><em>Κύριον</em></span> <span class='ocrx_word' id='word_1_780' title='bbox 1759 5101 1852 5154; x_wconf 73' lang='grc' dir='ltr'><em>ἐπὶ</em></span> 
     </span>
    </p>
   </div>
   <div class='ocr_carea' id='block_1_102' title="bbox 251 5190 1852 5264">
    <p class='ocr_par' dir='ltr' id='par_1_102' title="bbox 251 5190 1852 5264">
     <span class='ocr_line' id='line_1_102' title="bbox 251 5190 1852 5264; baseline 0 -19"><span class='ocrx_word' id='word_1_781' title='bbox 251 5192 504 5262; x_wconf 67' lang='grc' dir='ltr'><em>νεφέλης</em></span> <span class='ocrx_word' id='word_1_782' title='bbox 550 5191 757 5262; x_wconf 71' lang='grc' dir='ltr'><em>κούφης</em></span> <span class='ocrx_word' id='word_1_783' title='bbox 802 5191 973 5261; x_wconf 82' lang='grc' dir='ltr'><em>ἥξειν,</em></span> <span class='ocrx_word' id='word_1_784' title='bbox 1018 5193 1164 5246; x_wconf 73' lang='grc' dir='ltr'><em>οὕτω</em></span> <span class='ocrx_word' id='word_1_785' title='bbox 1209 5193 1298 5246; x_wconf 81' lang='grc' dir='ltr'><em>τὸν</em></span> <span class='ocrx_word' id='word_1_786' title='bbox 1339 5194 1404 5246; x_wconf 84' lang='grc' dir='ltr'><em>ἐκ</em></span> <span class='ocrx_word' id='word_1_787' title='bbox 1449 5190 1726 5264; x_wconf 85' lang='grc' dir='ltr'><em>Παρθένου</em></span> <span class='ocrx_word' id='word_1_788' title='bbox 1757 5193 1852 5246; x_wconf 81' lang='grc' dir='ltr'><strong>καὶ</strong></span> 
     </span>
    </p>
   </div>
   <div class='ocr_carea' id='block_1_103' title="bbox 249 5283 1850 5357">
    <p class='ocr_par' dir='ltr' id='par_1_103' title="bbox 249 5283 1850 5357">
     <span class='ocr_line' id='line_1_103' title="bbox 249 5283 1850 5357; baseline -0.001 -19"><span class='ocrx_word' id='word_1_789' title='bbox 249 5284 591 5356; x_wconf 86' lang='grc' dir='ltr'><em>Πνεύματος</em></span> <span class='ocrx_word' id='word_1_790' title='bbox 627 5285 781 5352; x_wconf 85' lang='grc' dir='ltr'><em>ἁγίου</em></span> <span class='ocrx_word' id='word_1_791' title='bbox 821 5283 1090 5357; x_wconf 82' lang='grc' dir='ltr'><em>ληφθέντα</em></span> <span class='ocrx_word' id='word_1_792' title='bbox 1115 5283 1262 5355; x_wconf 83' lang='grc' dir='ltr'><em>αύτῷ</em></span> <span class='ocrx_word' id='word_1_793' title='bbox 1298 5284 1582 5356; x_wconf 84' lang='grc' dir='ltr'><em>ἄνθρωπον</em></span> <span class='ocrx_word' id='word_1_794' title='bbox 1619 5284 1850 5338; x_wconf 85' lang='grc' dir='ltr'><em>αἰνιττό-</em></span> 
     </span>
    </p>
   </div>
   <div class='ocr_carea' id='block_1_104' title="bbox 253 5375 1844 5448">
    <p class='ocr_par' dir='ltr' id='par_1_104' title="bbox 253 5375 1844 5448">
     <span class='ocr_line' id='line_1_104' title="bbox 253 5375 1844 5448; baseline 0.003 -23"><span class='ocrx_word' id='word_1_795' title='bbox 253 5390 429 5445; x_wconf 81' lang='grc' dir='ltr'><em>μενος</em></span> <span class='ocrx_word' id='word_1_796' title='bbox 451 5390 464 5406; x_wconf 80' lang='grc'><em>’</em></span> <span class='ocrx_word' id='word_1_797' title='bbox 497 5375 847 5447; x_wconf 85' lang='grc' dir='ltr'><em>χειροποίητα</em></span> <span class='ocrx_word' id='word_1_798' title='bbox 873 5376 928 5428; x_wconf 89' lang='grc' dir='ltr'><strong>δέ</strong></span> <span class='ocrx_word' id='word_1_799' title='bbox 952 5375 1227 5444; x_wconf 76' lang='grc' dir='ltr'><em>Αἰγύπτου</em></span> <span class='ocrx_word' id='word_1_800' title='bbox 1251 5375 1626 5448; x_wconf 87' lang='grc' dir='ltr'><em>σεισθήσεσθαι</em></span> <span class='ocrx_word' id='word_1_801' title='bbox 1648 5376 1716 5430; x_wconf 87' lang='grc' dir='ltr'><em>τὰ</em></span> <span class='ocrx_word' id='word_1_802' title='bbox 1735 5376 1844 5429; x_wconf 85' lang='grc' dir='ltr'><strong>τῶν</strong></span> 
     </span>
    </p>
   </div>
   <div class='ocr_carea' id='block_1_105' title="bbox 245 5465 1842 5540">
    <p class='ocr_par' dir='ltr' id='par_1_105' title="bbox 245 5465 1842 5540">
     <span class='ocr_line' id='line_1_105' title="bbox 245 5465 1842 5540; baseline 0.003 -20"><span class='ocrx_word' id='word_1_803' title='bbox 245 5466 436 5520; x_wconf 80' lang='grc' dir='ltr'><em>ἐθνῶν</em></span> <span class='ocrx_word' id='word_1_804' title='bbox 486 5465 670 5531; x_wconf 84' lang='grc' dir='ltr'><em>ξόανα,</em></span> <span class='ocrx_word' id='word_1_805' title='bbox 700 5469 793 5522; x_wconf 76' lang='grc' dir='ltr'><strong>καὶ</strong></span> <span class='ocrx_word' id='word_1_806' title='bbox 838 5468 966 5532; x_wconf 79' lang='grc' dir='ltr'><em>τοὺς</em></span> <span class='ocrx_word' id='word_1_807' title='bbox 1014 5470 1072 5521; x_wconf 86' lang='grc' dir='ltr'><strong>ἐν</strong></span> <span class='ocrx_word' id='word_1_808' title='bbox 1111 5469 1294 5532; x_wconf 79' lang='grc' dir='ltr'><em>αὐτοῖς</em></span> <span class='ocrx_word' id='word_1_809' title='bbox 1335 5468 1614 5540; x_wconf 84' lang='grc' dir='ltr'><em>δαίμονας,</em></span> <span class='ocrx_word' id='word_1_810' title='bbox 1661 5469 1737 5534; x_wconf 84' lang='grc' dir='ltr'><em>ὼς</em></span> <span class='ocrx_word' id='word_1_811' title='bbox 1773 5466 1842 5524; x_wconf 78' lang='grc' dir='ltr'><em>αὖ</em></span> 
     </span>
    </p>
   </div>
   <div class='ocr_carea' id='block_1_106' title="bbox 247 5559 1844 5632">
    <p class='ocr_par' dir='ltr' id='par_1_106' title="bbox 247 5559 1844 5632">
     <span class='ocr_line' id='line_1_106' title="bbox 247 5559 1844 5632; baseline 0.003 -21"><span class='ocrx_word' id='word_1_812' title='bbox 247 5560 431 5614; x_wconf 76' lang='grc' dir='ltr'><em>πάλιν</em></span> <span class='ocrx_word' id='word_1_813' title='bbox 481 5560 814 5627; x_wconf 81' lang='grc' dir='ltr'><em>Αἰγυπτίους</em></span> <span class='ocrx_word' id='word_1_814' title='bbox 867 5559 1213 5632; x_wconf 57' lang='grc' dir='ltr'><em>ἡττωμένους</em></span> <span class='ocrx_word' id='word_1_815' title='bbox 1263 5559 1469 5626; x_wconf 80' lang='grc' dir='ltr'><em>πάντας</em></span> <span class='ocrx_word' id='word_1_816' title='bbox 1515 5563 1641 5626; x_wconf 80' lang='grc' dir='ltr'><em>τοὺς</em></span> <span class='ocrx_word' id='word_1_817' title='bbox 1679 5562 1844 5616; x_wconf 86' lang='grc' dir='ltr'><em>πάλαι</em></span> 
     </span>
    </p>
   </div>
   <div class='ocr_carea' id='block_1_107' title="bbox 244 5650 1848 5725">
    <p class='ocr_par' dir='ltr' id='par_1_107' title="bbox 244 5650 1848 5725">
     <span class='ocr_line' id='line_1_107' title="bbox 244 5650 1848 5725; baseline 0 -21"><span class='ocrx_word' id='word_1_818' title='bbox 244 5650 531 5722; x_wconf 77' lang='grc' dir='ltr'><em>πρότερον</em></span> <span class='ocrx_word' id='word_1_819' title='bbox 600 5652 728 5723; x_wconf 73' lang='grc' dir='ltr'><em>περὶ</em></span> <span class='ocrx_word' id='word_1_820' title='bbox 789 5651 888 5724; x_wconf 84' lang='grc' dir='ltr'><em>τὴν</em></span> <span class='ocrx_word' id='word_1_821' title='bbox 961 5651 1400 5724; x_wconf 80' lang='grc' dir='ltr'><em>είδωλολατρείαν</em></span> <span class='ocrx_word' id='word_1_822' title='bbox 1453 5655 1848 5725; x_wconf 80' lang='grc' dir='ltr'><em>ἐπτοημένους..</em></span> 
     </span>
    </p>
   </div>
   <div class='ocr_carea' id='block_1_108' title="bbox 319 5805 1719 5878">
    <p class='ocr_par' dir='ltr' id='par_1_108' title="bbox 319 5805 1719 5878">
     <span class='ocr_line' id='line_1_108' title="bbox 319 5805 1719 5878; baseline 0.004 -15"><span class='ocrx_word' id='word_1_823' title='bbox 319 5807 371 5841; x_wconf 73' lang='grc'><strong>’⁸</strong></span> <span class='ocrx_word' id='word_1_824' title='bbox 415 5805 519 5864; x_wconf 68' lang='grc' dir='ltr'><strong>ιω.</strong></span> <span class='ocrx_word' id='word_1_825' title='bbox 557 5822 688 5875; x_wconf 71' lang='lat' dir='ltr'><strong>tux,</strong></span> <span class='ocrx_word' id='word_1_826' title='bbox 727 5808 778 5862; x_wconf 79' lang='lat' dir='ltr'><strong>i.</strong></span> <span class='ocrx_word' id='word_1_827' title='bbox 860 5809 904 5842; x_wconf 84' lang='lat'>&quot;</span> <span class='ocrx_word' id='word_1_828' title='bbox 945 5808 1113 5865; x_wconf 74' lang='lat' dir='ltr'><strong>Exod.</strong></span> <span class='ocrx_word' id='word_1_829' title='bbox 1149 5824 1216 5878; x_wconf 67' lang='grc' dir='ltr'><strong>γ,</strong></span> <span class='ocrx_word' id='word_1_830' title='bbox 1246 5811 1296 5863; x_wconf 72' lang='grc'><em>2.</em></span> <span class='ocrx_word' id='word_1_831' title='bbox 1375 5813 1418 5842; x_wconf 68' lang='grc'><strong>³⁸</strong></span> <span class='ocrx_word' id='word_1_832' title='bbox 1460 5810 1590 5867; x_wconf 79' lang='lat' dir='ltr'><strong>ibid.</strong></span> <span class='ocrx_word' id='word_1_833' title='bbox 1624 5810 1719 5868; x_wconf 75' lang='lat'><strong>‘21.</strong></span> 
     </span>
    </p>
   </div>
   <div class='ocr_carea' id='block_1_109' title="bbox 1953 5102 3530 5174">
    <p class='ocr_par' dir='ltr' id='par_1_109' title="bbox 1953 5102 3530 5174">
     <span class='ocr_line' id='line_1_109' title="bbox 1953 5102 3530 5174; baseline -0.001 -16"><span class='ocrx_word' id='word_1_834' title='bbox 1953 5102 2098 5158; x_wconf 88' lang='lat' dir='ltr'><strong>sicut</strong></span> <span class='ocrx_word' id='word_1_835' title='bbox 2127 5103 2446 5158; x_wconf 90' lang='lat' dir='ltr'><strong>vaticinium</strong></span> <span class='ocrx_word' id='word_1_836' title='bbox 2478 5103 2726 5174; x_wconf 79' lang='lat' dir='ltr'><strong>proxime</strong></span> <span class='ocrx_word' id='word_1_837' title='bbox 2778 5103 3088 5174; x_wconf 83' lang='lat' dir='ltr'><strong>expositum</strong></span> <span class='ocrx_word' id='word_1_838' title='bbox 3145 5102 3530 5174; x_wconf 88' lang='lat' dir='ltr'><strong>signiﬁcabat?</strong></span> 
     </span>
    </p>
   </div>
   <div class='ocr_carea' id='block_1_110' title="bbox 1952 5192 3529 5267">
    <p class='ocr_par' dir='ltr' id='par_1_110' title="bbox 1952 5192 3529 5267">
     <span class='ocr_line' id='line_1_110' title="bbox 1952 5192 3529 5267; baseline 0.001 -20"><span class='ocrx_word' id='word_1_839' title='bbox 1952 5192 2019 5248; x_wconf 87' lang='lat' dir='ltr'><strong>Et</strong></span> <span class='ocrx_word' id='word_1_840' title='bbox 2042 5194 2176 5248; x_wconf 85' lang='lat' dir='ltr'><strong>nihil</strong></span> <span class='ocrx_word' id='word_1_841' title='bbox 2195 5194 2413 5266; x_wconf 90' lang='lat' dir='ltr'><strong>quidem</strong></span> <span class='ocrx_word' id='word_1_842' title='bbox 2438 5196 2664 5267; x_wconf 89' lang='lat' dir='ltr'><strong>impedit</strong></span> <span class='ocrx_word' id='word_1_843' title='bbox 2685 5196 2842 5250; x_wconf 88' lang='lat' dir='ltr'><strong>aliter</strong></span> <span class='ocrx_word' id='word_1_844' title='bbox 2862 5211 3081 5266; x_wconf 86' lang='lat' dir='ltr'><strong>quoque</strong></span> <span class='ocrx_word' id='word_1_845' title='bbox 3108 5194 3250 5250; x_wconf 91' lang='lat' dir='ltr'><strong>idem</strong></span> <span class='ocrx_word' id='word_1_846' title='bbox 3279 5195 3529 5264; x_wconf 88' lang='lat' dir='ltr'><strong>accipere</strong></span> 
     </span>
    </p>
   </div>
   <div class='ocr_carea' id='block_1_111' title="bbox 1950 5285 3529 5356">
    <p class='ocr_par' dir='ltr' id='par_1_111' title="bbox 1950 5285 3529 5356">
     <span class='ocr_line' id='line_1_111' title="bbox 1950 5285 3529 5356; baseline 0 -18"><span class='ocrx_word' id='word_1_847' title='bbox 1950 5285 2253 5348; x_wconf 88' lang='lat' dir='ltr'><strong>oraculum,</strong></span> <span class='ocrx_word' id='word_1_848' title='bbox 2273 5295 2330 5340; x_wconf 89' lang='lat' dir='ltr'><strong>ut</strong></span> <span class='ocrx_word' id='word_1_849' title='bbox 2357 5285 2612 5342; x_wconf 90' lang='lat' dir='ltr'><strong>videlicet</strong></span> <span class='ocrx_word' id='word_1_850' title='bbox 2643 5286 2867 5356; x_wconf 84' lang='lat' dir='ltr'><strong>ﬁgurate</strong></span> <span class='ocrx_word' id='word_1_851' title='bbox 2892 5293 3168 5340; x_wconf 89' lang='lat' dir='ltr'><strong>terrenum</strong></span> <span class='ocrx_word' id='word_1_852' title='bbox 3197 5285 3344 5339; x_wconf 87' lang='lat' dir='ltr'><strong>hunc</strong></span> <span class='ocrx_word' id='word_1_853' title='bbox 3374 5300 3529 5338; x_wconf 80' lang='lat' dir='ltr'><strong>mun-</strong></span> 
     </span>
    </p>
   </div>
   <div class='ocr_carea' id='block_1_112' title="bbox 1948 5375 3526 5450">
    <p class='ocr_par' dir='ltr' id='par_1_112' title="bbox 1948 5375 3526 5450">
     <span class='ocr_line' id='line_1_112' title="bbox 1948 5375 3526 5450; baseline -0.001 -19"><span class='ocrx_word' id='word_1_854' title='bbox 1948 5376 2077 5431; x_wconf 89' lang='lat' dir='ltr'><strong>dum</strong></span> <span class='ocrx_word' id='word_1_855' title='bbox 2104 5376 2376 5448; x_wconf 88' lang='lat' dir='ltr'><strong>signiﬁcet</strong></span> <span class='ocrx_word' id='word_1_856' title='bbox 2403 5396 2416 5432; x_wconf 90' lang='lat'><strong>:</strong></span> <span class='ocrx_word' id='word_1_857' title='bbox 2441 5378 2496 5432; x_wconf 92' lang='lat' dir='ltr'><strong>in</strong></span> <span class='ocrx_word' id='word_1_858' title='bbox 2521 5393 2682 5450; x_wconf 91' lang='lat' dir='ltr'><strong>quem</strong></span> <span class='ocrx_word' id='word_1_859' title='bbox 2705 5378 2866 5433; x_wconf 87' lang='lat' dir='ltr'><strong>verba</strong></span> <span class='ocrx_word' id='word_1_860' title='bbox 2906 5377 3024 5449; x_wconf 91' lang='lat' dir='ltr'><strong>ipsa</strong></span> <span class='ocrx_word' id='word_1_861' title='bbox 3045 5375 3335 5433; x_wconf 91' lang='lat' dir='ltr'><strong>Dominum</strong></span> <span class='ocrx_word' id='word_1_862' title='bbox 3361 5391 3526 5446; x_wconf 89' lang='lat' dir='ltr'><strong>super</strong></span> 
     </span>
    </p>
   </div>
   <div class='ocr_carea' id='block_1_113' title="bbox 1949 5463 3524 5540">
    <p class='ocr_par' dir='ltr' id='par_1_113' title="bbox 1949 5463 3524 5540">
     <span class='ocr_line' id='line_1_113' title="bbox 1949 5463 3524 5540; baseline -0.001 -17"><span class='ocrx_word' id='word_1_863' title='bbox 1949 5468 2095 5524; x_wconf 89' lang='lat' dir='ltr'><strong>nube</strong></span> <span class='ocrx_word' id='word_1_864' title='bbox 2114 5468 2216 5525; x_wconf 90' lang='lat' dir='ltr'><strong>levi</strong></span> <span class='ocrx_word' id='word_1_865' title='bbox 2247 5479 2536 5526; x_wconf 87' lang='lat' dir='ltr'><strong>venturum</strong></span> <span class='ocrx_word' id='word_1_866' title='bbox 2571 5470 2933 5525; x_wconf 89' lang='lat' dir='ltr'><strong>vaticinentur</strong></span> <span class='ocrx_word' id='word_1_867' title='bbox 2966 5487 2978 5524; x_wconf 94' lang='lat'>:</span> <span class='ocrx_word' id='word_1_868' title='bbox 3012 5468 3214 5540; x_wconf 85' lang='lat' dir='ltr'><strong>quippe</strong></span> <span class='ocrx_word' id='word_1_869' title='bbox 3261 5484 3383 5539; x_wconf 67' lang='lat' dir='ltr'><strong>quae</strong></span> <span class='ocrx_word' id='word_1_870' title='bbox 3419 5463 3524 5522; x_wconf 89' lang='lat' dir='ltr'><strong>hoc</strong></span> 
     </span>
    </p>
   </div>
   <div class='ocr_carea' id='block_1_114' title="bbox 1950 5561 3522 5634">
    <p class='ocr_par' dir='ltr' id='par_1_114' title="bbox 1950 5561 3522 5634">
     <span class='ocr_line' id='line_1_114' title="bbox 1950 5561 3522 5634; baseline -0.001 -18"><span class='ocrx_word' id='word_1_871' title='bbox 1950 5561 2113 5616; x_wconf 92' lang='lat' dir='ltr'><strong>modo</strong></span> <span class='ocrx_word' id='word_1_872' title='bbox 2139 5562 2412 5619; x_wconf 87' lang='lat' dir='ltr'><strong>hominem</strong></span> <span class='ocrx_word' id='word_1_873' title='bbox 2449 5564 2516 5618; x_wconf 89' lang='lat' dir='ltr'><strong>ab</strong></span> <span class='ocrx_word' id='word_1_874' title='bbox 2546 5563 2640 5618; x_wconf 92' lang='lat' dir='ltr'><strong>illo</strong></span> <span class='ocrx_word' id='word_1_875' title='bbox 2673 5563 2740 5618; x_wconf 90' lang='lat' dir='ltr'><strong>de</strong></span> <span class='ocrx_word' id='word_1_876' title='bbox 2775 5562 2994 5634; x_wconf 84' lang='lat' dir='ltr'><strong>Virgine</strong></span> <span class='ocrx_word' id='word_1_877' title='bbox 3023 5571 3076 5618; x_wconf 93' lang='lat' dir='ltr'><strong>et</strong></span> <span class='ocrx_word' id='word_1_878' title='bbox 3108 5562 3312 5634; x_wconf 86' lang='lat' dir='ltr'><strong>Spiritu</strong></span> <span class='ocrx_word' id='word_1_879' title='bbox 3332 5569 3522 5617; x_wconf 83' lang='lat' dir='ltr'><strong>sancto</strong></span> 
     </span>
    </p>
   </div>
   <div class='ocr_carea' id='block_1_115' title="bbox 1955 5653 3520 5729">
    <p class='ocr_par' dir='ltr' id='par_1_115' title="bbox 1955 5653 3520 5729">
     <span class='ocr_line' id='line_1_115' title="bbox 1955 5653 3520 5729; baseline -0.002 -19"><span class='ocrx_word' id='word_1_880' title='bbox 1955 5664 2318 5729; x_wconf 88' lang='lat' dir='ltr'><strong>assumptum,</strong></span> <span class='ocrx_word' id='word_1_881' title='bbox 2370 5655 2597 5727; x_wconf 88' lang='lat' dir='ltr'><strong>intelligi</strong></span> <span class='ocrx_word' id='word_1_882' title='bbox 2662 5655 2848 5712; x_wconf 84' lang='lat' dir='ltr'><strong>velint.</strong></span> <span class='ocrx_word' id='word_1_883' title='bbox 2910 5654 3072 5712; x_wconf 81' lang='lat' dir='ltr'><strong>Manu</strong></span> <span class='ocrx_word' id='word_1_884' title='bbox 3141 5663 3321 5711; x_wconf 90' lang='lat' dir='ltr'><strong>autem</strong></span> <span class='ocrx_word' id='word_1_885' title='bbox 3376 5653 3520 5709; x_wconf 79' lang='lat' dir='ltr'><strong>facta</strong></span> 
     </span>
    </p>
   </div>
  </div>
