3908 6266
406 354 515 414 659
1041 346 1310 407 EUSEBlI
1341 341 1819 404 CA'ISARlENSlS
1857 341 2008 398 OPP.
2052 338 2250 397 PARS.
2291 337 2442 394 ll.—
2480 332 2978 393 APOLOGETICA.
3530 334 3625 390 660

407 467 629 540 Egypti
662 468 1070 529 commovenda,
1122 467 1237 535 ipsa
1270 462 1511 534 gentium
1563 459 1855 515 simulacra
1878 498 1893 521 ,
1922 463 1972 520 et

2078 455 2222 526 Πλὴν
2254 453 2388 508 ἀλλὰ
2408 453 2500 507 καὶ
2532 452 2856 522 σωματικῶς
2876 453 2967 506 τοῦ
3003 453 3256 525 Σωτῆρος
3284 452 3435 525 ἡμῶν
3467 457 3611 508 ἐπεισ

407 559 464 616 in
499 561 603 615 illis
632 560 936 614 habitantes
960 556 1254 619 dmmonas,
1291 554 1431 610 sicut
1458 567 1652 607 rursus
1687 549 1970 621 Egyptios

405 654 603 717 victos,
640 666 829 706 onincs
878 650 1153 721 prioribus
1182 648 1308 705 olim
1345 646 1680 715 temporibus
1728 641 1972 696 colendis

407 740 716 813 simulacris
746 721 1011 794 addictos.
1050 738 1299 792 Attamen
1331 754 1451 792 cum
1504 736 1665 790 etiam
1703 735 1817 803 ipso
1850 746 1972 787 cor—

405 848 537 902 pore
570 830 819 905 Salvator
848 839 1033 886 noster
1079 834 1132 883 in
1189 838 1389 884 terram
1422 826 1730 898 Algyptiam
1783 833 1970 880 rectus

406 924 497 983 sit.
526 938 634 992 quo
660 931 904 994 tempore
929 923 1155 976 oraculo
1190 922 1427 976 monitus
1475 918 1675 989 Joseph
1709 916 1967 979 surrexit,

404 1013 739 1085 Mariamque
768 1031 874 1070 una
920 1030 1042 1070 cum
1095 1016 1322 1085 puerulo
1361 1012 1598 1083 arcepitf,
1635 1020 1837 1064 etcum
1872 1023 1969 1061 0c-

403 1107 549 1162 culta
596 1123 696 1162 sua
723 1107 922 1163 virtute
950 1114 1112 1177 atque
1139 1104 1372 1161 efficacia
1423 1105 1477 1158 in
1513 1102 1802 1173 ngyptum
1850 1114 1974 1169 per-

400 1199 573 1260 venit,
626 1199 893 1269 malignas
945 1197 1020 1253 ibi
1078 1197 1231 1267 prius
1284 1196 1597 1250 habitantes
1653 1198 1971 1261 potestates,

402 1306 513 1346 non
535 1291 882 1346 mediocriter
906 1296 1206 1346 commotas
1225 1286 1392 1343 fuisse
1418 1302 1515 1358 par
1538 1291 1709 1346 est,et
1737 1284 1974 1336 maxime

403 1399 528 1438 cun
578 1394 766 1453 postea
821 1399 918 1453 per
971 1382 1118 1437 illius
1177 1380 1482 1441 doctrinam
1543 1375 1971 1432 innumerabiles

403 1489 615 1539 eorum,
647 1475 740 1546 qui
784 1475 1074 1546 Egyptum
1109 1474 1354 1529 incolunt
1404 1478 1739 1531 conventus,
1786 1468 1854 1522 ab
1882 1481 1972 1520 er-

403 1581 529 1621 rore
562 1581 627 1622 ac
663 1566 855 1622 fraude
897 1566 1203 1623 daemonum
1243 1564 1599 1625 recedentes,
1634 1563 1797 1617 etiam
1826 1574 1971 1613 nunc

2078 550 2425 620 κομισθέντος
2494 550 2556 618 τῇ
2608 548 2916 615 Αὲγυπτίων
2975 545 3147 619 χώρᾳ,
3192 547 3301 608 ὅτε,
3349 549 3485 601 κατὰ
3544 548 3627 601 τὸν

2077 641 2340 712 χρησμὸν,
2382 638 2614 702 ἀναστὰς
2658 641 2685 692 ὁ
2736 638 2929 709 Ἰωσὴφ
2976 638 3245 709 παρέλαϐε
3276 638 3370 709 τὴν
3411 639 3628 712 Μαριὰμ

2076 736 2171 788 καὶ
2203 734 2263 786 τὸ
2303 732 2533 794 παιδίον,
2567 734 2659 785 καὶ
2703 728 2865 802 ἦλθεν
2914 733 2992 795 εἰς
3030 730 3320 799 Αἴγυπτον,
3349 732 3628 804 ἀπορρήτιε)

2074 827 2297 897 δυνάμει
2353 825 2447 879 καὶ
2494 825 2739 896 ἐνεργείᾳ
2782 823 2880 886 τὰς
2905 822 3090 877 αὐτόθι
3132 822 3192 876 τό
3234 822 3363 894 πρὶν
3393 823 3628 890 οἰκούσας

2076 919 2315 987 πονηρὰς
2357 918 2613 989 δυνάμεις
2647 918 2792 981 εἰκὸς
2835 917 2895 969 οὐ
2931 916 3140 988 μικρῶς
3177 915 3510 985 κεκινῆσθαι,
3542 917 3628 970 καὶ

2075 1011 2307 1081 μάλιστα
2359 1010 2446 1062 ὅτε
2480 1010 2566 1063 διὰ
2594 1010 2690 1080 τῆς
2743 1009 3033 1079 μετέπειτα
3077 1007 3422 1068 διδασκαλίας
3476 1004 3627 1060 αὑτοῦ

2076 1101 2242 1172 μυρία
2276 1100 2453 1171 πλήθη
2480 1101 2588 1153 τῶν
2638 1100 2731 1171 τὴν
2770 1100 3041 1168 Αἴγυπτον
3070 1099 3378 1159 οἰκούντων,
3412 1098 3506 1167 τῆς
3530 1097 3628 1149 τῶν

2071 1193 2338 1265 δαιμόνων
2391 1194 2737 1262 ἀποφυγόντα
2787 1193 3124 1263 πλανήσεως,
3158 1192 3237 1245 ἔτι
3282 1193 3375 1245 καὶ
3419 1190 3508 1244 νῦν
3546 1191 3629 1244 τὸν

2073 1282 2181 1336 τῶν
2205 1283 2340 1337 ὅλων
2382 1284 2630 1354 ὁμολογεῖ
2664 1283 2820 1354 μόνον
2866 1283 3059 1337 εἰδέναι
3085 1282 3237 1337 Θεόν.
3266 1282 3347 1336 Τὰ
3378 1281 3423 1335 δ’
3451 1283 3506 1334 ἐν
3528 1285 3631 1344 τοῖς

2077 1376 2203 1444 ἐξῆς
2250 1377 2628 1450 ἐπιλεγόμενα,
2681 1377 3051 1448 αἰνιγματώδη
3103 1377 3251 1440 ὄντα,
3294 1375 3532 1440 πλείονός
3573 1393 3629 1431 τε

2074 1467 2301 1539 δεόμενα
2355 1472 2754 1542 πραγματείας,
2795 1472 2883 1523 ἐπ’
2906 1470 3111 1535 οἰκείας
3142 1470 3332 1542 σχολῆς
3380 1468 3630 1542 ἑρμηνεύ-

2079 1578 2261 1634 σομεν.

403 1671 572 1713 unum
605 1658 843 1713 universi
874 1656 1042 1712 Deum
1088 1673 1147 1714 se
1184 1672 1348 1713 nosse
1379 1651 1868 1725 fateantur.j423
1916 1649 2047 1717 Quae
2086 1670 2213 1710 vero
2271 1656 2529 1728 deinceps
2573 1666 2895 1730 sequuntur,
2938 1674 3062 1714 cum
3104 1655 3516 1732 obscurioribus
3573 1648 3631 1704 fl-

403 1748 556 1818 guris
594 1749 852 1819 implicita
877 1751 1006 1815 sint,
1047 1765 1300 1822 curaeque
1333 1764 1397 1805 ac
1442 1748 1735 1819 diligentiae
1793 1744 2019 1816 majoris
2059 1746 2358 1820 indigeant,
2418 1752 2557 1807 alias
2598 1768 2881 1818 seorsum,
2931 1767 3057 1808 cum
3096 1767 3191 1824 per
3224 1750 3397 1806 otium
3441 1746 3629 1818 licebit,

402 1840 904 1911 interpretabimur.

405 1978 447 2032 A
489 1977 761 2040 Numeris.
807 2010 878 2021 -—
920 1979 1376 2045 Quemadmodum
1423 1980 1667 2036 Christus
1711 1979 1764 2033 in
1803 1975 1970 2045 [Ερυ-

2090 1976 2229 2031 Ἃπὸ
2265 1977 2804 2050 τῶννἈριθμῶν.-
2829 1980 2926 2046 Ὠς
2966 1983 2998 2034 ὀ
3047 1978 3299 2047 Χριστὸς
3343 1981 3432 2045 εἰς
3472 1981 3633 2050 Αιγυ-

471 2059 619 2122 ριωηι
649 2058 919 2114 venturus,
959 2060 1114 2122 atque
1156 2053 1305 2107 illinc
1344 2068 1646 2108 reversurus
1690 2049 1976 2121 prwdictus

474 2120 657 2187 fuerit.

485 2250 503 2283 ι
536 2232 683 2288 Dixit
716 2233 934 2289 Balaam
984 2235 1125 2291 filius
1157 2235 1294 2291 Beor
1329 2254 1342 2290 :
1378 2235 1514 2290 dixit
1542 2236 1705 2291 homo
1734 2234 1827 2305 qui
1854 2248 1979 2289 vere

403 2324 574 2391 videt,
609 2324 747 2380 dixit
789 2326 882 2395 qui
913 2326 1065 2382 audit
1092 2328 1315 2382 oracula
1350 2327 1527 2392 fortis,
1574 2328 1668 2398 qui
1713 2326 1977 2381 visionem

404 2415 503 2471 Dei
567 2417 739 2484 vidit,
795 2419 852 2473 in
908 2434 1101 2475 somno
1169 2421 1341 2491 aperti
1392 2421 1536 2476 oculi
1600 2420 1753 2489 ejus,
1813 2433 1976 2489 quam

405 2509 646 2579 pulchra:
667 2510 862 2566 domus
894 2520 999 2567 tua:
1021 2511 1226 2578 Jacob,
1260 2514 1607 2569 tabernacula
1649 2522 1742 2567 tua
1786 2510 1974 2574 Israel,

404 2606 465 2654 ut
494 2601 666 2657 saltus
689 2603 954 2669 umbrosi,
980 2611 1036 2659 et
1062 2607 1222 2675 quasi
1254 2606 1444 2661 hortus
1474 2606 1630 2675 juxta
1653 2605 1898 2669 ﬂumina,
1923 2610 1979 2658 et

404 2694 562 2761 quasi
598 2694 946 2749 tabernacula
976 2712 1098 2766 qua:
1140 2696 1254 2751 fixit
1283 2697 1566 2762 Dominus,
1592 2698 1749 2768 quasi
1778 2696 1977 2752 cedrus

398 2783 554 2853 juxta
588 2799 780 2856 aquas.
813 2774 1135 2858 Egredietur
1174 2789 1338 2845 homo
1387 2792 1455 2847 de
1502 2793 1709 2848 semine
1756 2792 1898 2862 ejus,
1923 2800 1979 2847 et

404 2874 776 2932 dominabitur
824 2879 1077 2948 gentibus
1138 2882 1356 2948 multis,
1410 2890 1467 2938 et
1511 2884 1807 2939 extolletur
1861 2882 1978 2954 Gog

403 2984 653 3037 regnum,
706 2977 761 3027 et
807 2973 1093 3042 augebitur
1137 2990 1362 3045 regnum
1412 2976 1552 3044 ejus.
1623 2975 1768 3032 Deus
1820 2977 1978 3032 duxit

402 3060 558 3114 illum
608 3077 674 3116 ex
726 3061 982 3133 Egypto,
1036 3067 1192 3135 quasi
1250 3067 1420 3137 gloria
1454 3069 1818 3125 rhinocerotis
1874 3070 1973 3126 illi.

411 3148 708 3206 Devorabit
732 3162 922 3224 gentes
949 3154 1296 3211 inimicorum
1330 3172 1577 3225 suorum,
1623 3167 1677 3214 et
1710 3161 1978 3216 crassitu-

401 3243 560 3298 dines
590 3258 778 3299 eorum
804 3248 1131 3312 attenuabit,
1161 3255 1216 3304 et
1261 3250 1461 3317 jaculis
1508 3253 1623 3309 suis
1660 3252 1815 3309 feriet
1864 3255 1974 3310 ini-

2146 2065 2300 2103 πτον
2341 2049 2533 2117 ἥξειν,
2589 2050 2862 2107 κάκεῖθεν
2905 2050 3418 2105 ἐπανελεύσεσθαι
3447 2050 3629 2120 προεί-

2138 2138 2307 2190 ρητο.
3484 2133 3493 2141 ·

2148 2258 2175 2285 ι
2207 2237 2343 2306 Φησί
2389 2236 2617 2308 Βαλαὰμ
2665 2235 2778 2299 υίὸς
2810 2234 2985 2306 Βεὼρ
3034 2234 3195 2304 φησὶν
3237 2234 3266 2286 ὁ
3298 2232 3574 2305 ἄνθρωπος
3607 2233 3635 2285 ὁ

2078 2326 2347 2399 ἀληθινῶς
2391 2327 2550 2398 ὁρῶν,
2589 2328 2751 2397 φησὶν
2789 2327 3000 2380 ἁκούων
3043 2325 3195 2394 λόγια
3233 2323 3478 2394 ἰσχυροῦ,
3501 2323 3633 2385 ὅστις

2077 2421 2266 2491 ὅρασιν
2320 2420 2454 2473 Θεοῦ
2505 2417 2675 2484 εἶδεν,
2721 2422 2778 2473 ἐν
2836 2421 2987 2485 ὕπνῳ
3034 2417 3544 2488 ἁποκεκαλυμμένοι
3587 2415 3634 2469 οἱ

2076 2513 2342 2584 ὀφθαλμοὶ
2393 2514 2578 2578 αὐτοῦ,
2619 2514 2695 2577 ὡς
2742 2513 2893 2567 καλοί
2921 2514 2971 2565 οἰ
3016 2507 3153 2565 οἶκοί
3183 2529 3297 2574 σου,
3341 2507 3551 2573 Ἰακὼϐ,
3581 2508 3634 2562 αἱ

2080 2605 2274 2677 σκηναί
2321 2622 2434 2670 σου,
2484 2606 2717 2679 Ἰσραὴλ,
2763 2606 2894 2659 ὼσεί
2942 2605 3109 2659 νάπαι
3165 2601 3507 2668 σκιάζουσαι,
3549 2602 3634 2657 καὶ

2076 2700 2151 2763 ὡς
2200 2700 2523 2769 παράδεισος
2579 2700 2672 2753 ἐπὶ
2723 2698 3003 2769 ποταμῶν,
3033 2698 3124 2752 καὶ
3152 2697 3289 2751 ’ὠσεί
3342 2696 3550 2767 σκηναὶ,
3575 2694 3634 2759 ἃς

2077 2791 2244 2863 ἔπηξε
2279 2791 2500 2865 Κύριος,
2525 2793 2655 2846 ὡσεὶ
2677 2793 2855 2865 κέδροι
2889 2794 3017 2864 παρ’
3052 2791 3239 2846 ὕδατα.
3284 2789 3635 2857 Ἑξελεύσεται

2077 2884 2361 2955 ἄνθρωπος
2415 2887 2479 2937 ἐκ
2529 2884 2622 2937 τοῦ
2673 2884 2983 2955 σπέρματος
3012 2883 3203 2947 αὐτοῦ,
3238 2884 3335 2938 καὶ
3374 2881 3635 2954 κυριεύσει

2076 2977 2244 3031 ἐθνῶν
2278 2976 2511 3041 πολλῶν,
2542 2978 2636 3031 καὶ
2681 2977 3024 3048 ὑψωθήσεται
3054 2979 3088 3049 ὴ
3117 2976 3237 3046 Γὼγ
3271 2976 3533 3045 βασιλεία,
3550 2975 3636 3029 καὶ

2076 3070 2500 3142 αὑξηθήσεταιή
2537 3071 2778 3141 βασιλεία
2821 3069 3005 3124 αὐτοῦ.
3040 3071 3171 3134 Θεὸς
3223 3070 3503 3141 ὡδήγησεν
3548 3067 3636 3120 αὑ-

2073 3164 2165 3219 τὸν
2199 3162 2258 3228 ἐξ
2288 3163 2584 3232 Αἰγύπτου,
2616 3163 2691 3227 ὡς
2718 3163 2846 3229 δόξα
2884 3162 3250 3233 μονοκέρωτος
3296 3161 3467 3231 αὐτῷ.
3497 3159 3636 3213 Ἐδε-

2074 3273 2164 3310 ται
2199 3255 2321 3327 ἔθνη
2356 3254 2563 3327 ἐχθρῶν
2596 3254 2781 3319 αὑτοῦ,
2818 3254 2912 3307 καὶ
2947 3255 3016 3307 τὰ
3059 3253 3206 3324 πάχη
3256 3253 3438 3307 αὐτῶν
3480 3254 3634 3323 ἐκμυ-

402 3334 629 3389 mieum.
656 3336 945 3394 Accubans
972 3332 1177 3409 quievit
1201 3348 1259 3394 ut
1283 3343 1388 3406 leo,
1412 3350 1465 3399 et
1491 3350 1551 3397 ut
1582 3345 1819 3409 catulus,
1852 3346 1972 3416 quis

2079 3346 2200 3411 λιεῖ,
2236 3347 2328 3399 καί
2374 3348 2493 3409 ταῖς
2543 3345 2743 3416 βολίσιν
2775 3344 2939 3400 αὑτοῦ
2997 3343 3386 3409 κατατοξεύσει
3434 3342 3632 3414 ἐχθρόν.

402 3424 663 3480 excitabit
714 3428 908 3483 illum?
947 3430 1036 3500 qui
1084 3431 1408 3487 benedicunt
1459 3434 1579 3499 tibi,
1632 3436 1767 3505 ipsis
1810 3436 1975 3492 bene-

402 3515 607 3571 dictum
630 3527 735 3582 est,
760 3528 810 3575 et
840 3522 932 3591 qui
954 3524 1287 3579 maledicunt
1318 3526 1432 3595 tibi,
1464 3529 1598 3598 ipsis
1627 3529 1973 3585 maledictum

400 3615 488 3663 est
522 3611 589 3663 ⁸⁷.
612 3610 920 3697 i‘Superius
954 3631 1052 3686 per
1076 3631 1195 3672 eam
1220 3619 1560 3690 prophetiam
1589 3636 1707 3690 qua:
1728 3622 1975 3690 proxime

400 3707 648 3785 exposita
699 3715 806 3770 est,
860 3708 988 3763 dum
1038 3711 1342 3775 oraculum,
1375 3720 1665 3767 venturum
1713 3715 1769 3767 in
1806 3712 1976 3785 Egy-

401 3805 554 3868 ptum
611 3797 900 3855 Dominum
948 3799 1208 3865 afﬁrmat,
1266 3801 1565 3859 Salvatoris
1621 3804 1795 3859 nostri
1844 3803 1972 3860 Jesu

400 3890 603 3946 Christi
655 3893 1033 3963 migrationem
1084 3910 1190 3949 una
1220 3910 1342 3950 eum
1388 3897 1703 3965 parentibus
1756 3896 1871 3951 suis
1920 3898 1974 3951 in

402 3978 698 4052 Egyptum
757 3984 829 4037 illi
870 3984 971 4053 ipsi
1036 3984 1273 4041 futuram
1320 3987 1614 4045 indicabat.
1650 3988 1750 4043 Hic
1792 3998 1972 4044 autem

400 4072 636 4127 reditum
669 4073 738 4128 ab
760 4072 1015 4145 Egypto,
1040 4086 1099 4130 ut
1123 4077 1259 4131 ordo
1277 4079 1534 4147 postulat,
1564 4095 1673 4148 quo
1700 4079 1753 4137 in
1774 4088 1972 4134 terram

401 4161 569 4218 Israel
600 4179 707 4218 una
739 4180 865 4219 cum
928 4168 1248 4235 parentibus
1274 4184 1527 4225 reversus
1552 4180 1657 4231 est,
1691 4171 1838 4226 canit
1887 4171 1973 4228 his

398 4257 622 4313 verbis:
665 4276 683 4309 ι
718 4256 859 4314 Deus
885 4260 1038 4314 duxit
1062 4260 1211 4315 illum
1239 4262 1308 4318 ab
1338 4261 1592 4335 Egypto.
1636 4285 1654 4315 ι
1688 4263 1851 4321 Solus
1877 4280 1975 4319 au-

399 4353 511 4400 tem
539 4347 747 4403 exstitit
788 4348 1038 4407 Salvator
1073 4359 1127 4407 et
1164 4352 1423 4410 Dominus
1456 4368 1640 4411 noster
1669 4356 1848 4420 Jesus,
1880 4357 1974 4427 qui

399 4435 654 4496 Christus
691 4449 776 4496 est
804 4440 919 4506 Dei,
958 4458 1137 4514 neque
1176 4445 1317 4502 alius
1369 4454 1628 4517 prreterea
1654 4449 1969 4520 quisquam.

396 4548 465 4593 ex
509 4536 717 4591 semine
751 4537 936 4605 Israel,
973 4548 1027 4594 et
1073 4537 1297 4595 Judaica
1328 4550 1486 4613 gente
1521 4546 1830 4614 profectus,
1879 4547 1971 4618 qui

2078 3436 2441 3501 Κατακλιθείς
2484 3437 2826 3491 ἀνεπαύσατο
2864 3436 2939 3501 ὡς
2962 3436 3118 3498 λέων,
3150 3438 3245 3492 καὶ
3273 3437 3350 3500 ὼς
3381 3434 3632 3506 σκύμνοςο

2076 3533 2161 3596 τίς
2194 3534 2375 3604 ἐγερεῖ
2420 3531 2616 3598 αὐτόνς
2645 3533 2694 3584 οἱ
2722 3530 3065 3600 εὐλογοῦντες
3090 3548 3147 3583 σε
3182 3529 3517 3601 εὑλόγηνται,
3548 3527 3633 3582 καὶ

2077 3627 2125 3680 οἰ
2155 3623 2531 3697 καταρώμενοί
2561 3640 2619 3677 σε
2656 3626 3072 3694 κεκατήρανται.
3104 3640 3123 3674 ι
3145 3621 3427 3693 Ἀνωτέρω
3449 3618 3533 3673 διὰ
3545 3618 3633 3687 τῆς

2077 3719 2522 3800 προτεταγμένης
2574 3717 2906 3788 προφητέας
2963 3717 3140 3786 φήσας
3190 3717 3218 3767 ὁ
3265 3714 3509 3786 χρησμὸς
3552 3711 3633 3765 τὸν

2077 3814 2281 3885 Κύριον
2308 3812 2456 3883 ἥξειν
2490 3812 2570 3874 εἰς
2611 3812 2901 3878 Αἴγυπτον,
2934 3808 3121 3879 ἐδήλου
3152 3806 3248 3876 τὴν
3270 3806 3366 3859 τοῦ
3402 3804 3636 3874 Σωτῆρος

2078 3906 2232 3978 ἡμῶν
2280 3904 2453 3974 Ἰησοῦ
2490 3903 2725 3976 Χριστοῦ
2756 3901 3093 3974 διακομιδὴν,
3121 3900 3219 3971 τὴν
3259 3900 3377 3971 ἅμα
3421 3900 3526 3961 τοῖς
3555 3911 3634 3963 γο-

2077 3999 2260 4052 νεῦσιν
2306 4000 2387 4060 εἰς
2411 3996 2685 4063 Αἴγυπτε-ον
2729 3994 2875 4066 αὐτῷ
2905 3994 3303 4066 γενησομένην·
3341 3995 3399 4044 ἐν
3442 3989 3633 4050 τούτοις

2076 4092 2133 4145 δὲ
2165 4092 2263 4164 τὴν
2298 4091 2549 4145 ἐπάνοδον
2584 4090 2710 4161 ἐξῆς
2752 4092 2845 4144 καὶ
2878 4089 3182 4151 ἀκολούθως
3220 4086 3319 4157 τὴν
3365 4086 3457 4142 ἀπ’
3482 4080 3632 4151 Αἰγύ-

2078 4200 2232 4245 πτου,
2260 4185 2324 4256 ἣν
2353 4183 2467 4253 ἅμα
2509 4184 2621 4246 τοῖς
2659 4181 2905 4250 γονεῦσιν
2938 4182 3016 4245 είς
3041 4180 3138 4251 τήν
3166 4180 3268 4249 γῆν
3298 4178 3393 4231 τοῦ
3433 4171 3633 4247 Ἰσραὴλ

2076 4279 2386 4349 ἐποιήσατο,
2418 4274 2661 4339 θεσπίζει
2694 4275 2897 4343 λέγων·
2941 4292 2959 4324 ι
3011 4273 3141 4336 Θεὸς
3177 4272 3458 4343 ιωήγήσεν
3486 4266 3634 4323 αὐτδν

2077 4370 2135 4435 ἐξ
2178 4368 2470 4437 Αἰγύπτου.
2515 4386 2533 4417 ι
2572 4366 2747 4428 Μόνος
2796 4365 2853 4418 δὲ
2897 4360 2965 4435 ἦν
3022 4365 3050 4416 ὁ
3086 4362 3277 4434 Σωτὴρ
3319 4363 3415 4416 καὶ
3446 4360 3633 4431 Κύριος

2075 4466 2105 4533 ή
2118 4463 2231 4533 μῶν
2271 4459 2479 4529 Ἰησοῦς
2517 4460 2546 4511 ὁ
2586 4458 2818 4530 Χριστὸς
2851 4456 2945 4510 τοῦ
2988 4456 3144 4519 θεοῦ,
3173 4458 3265 4509 καὶ
3303 4455 3424 4509 οὺδέ
3468 4453 3630 4514 ἄλλος,

2075 4559 2103 4610 ὁ
2130 4557 2192 4607 ἐκ
2222 4552 2314 4606 τοῦ
2346 4551 2657 4622 σπέρματος
2686 4548 3034 4620 Ἰσραήλ,κα“ι
3048 4546 3139 4600 τοῦ
3179 4546 3445 4600 Ἰουδαίων
3464 4542 3633 4604 ἔθνους

396 4625 586 4680 multis
616 4626 929 4684 dominatus
986 4630 1056 4684 sit
1092 4632 1374 4700 gentibus,
1407 4640 1465 4687 ut
1513 4634 1720 4704 absque
1752 4635 1971 4690 haesita-

2078 4645 2373 4719 προελθὼν,
2427 4644 2518 4697 καὶ
2552 4640 2761 4695 πολλῶν
2805 4639 3238 4712 κατακυριεύσας
3273 4638 3457 4698 ἐθνῶν,
3505 4635 3631 4687 ὥστε

396 4714 545 4770 tione
581 4715 737 4772 fateri
772 4734 997 4777 necesse
1028 4721 1120 4788 sit,
1155 4738 1395 4793 praesens
1425 4725 1739 4782 vaticinium
1776 4728 1830 4783 in
1878 4730 1972 4789 illo

395 4807 602 4862 exitum
662 4825 821 4865 suum
853 4811 1150 4876 invenisse.
1179 4824 1365 4886 utpote
1395 4819 1537 4888 quod
1587 4819 1763 4889 palam
1792 4836 1970 4875 enun-

395 4900 517 4964 tiet,
543 4900 611 4956 de
636 4890 863 4981 Iudaica
891 4916 1047 4976 gente
1077 4923 1427 4979 cgressurum
1461 4912 1747 4981 quemdam
1788 4912 1970 4968 homi-

393 5009 519 5052 nem
553 4994 720 5070 424
751 5005 805 5053 et
848 4998 1252 5056 dominuturum
1286 5004 1539 5075 gentibus
1597 5006 1783 5062 multis
1817 5026 1832 5062 :
1875 5013 1970 5061 aut

394 5089 577 5158 quivis
626 5090 757 5144 mihi
789 5090 958 5160 dicat,
1012 5100 1194 5148 utrum
1243 5095 1533 5153 habeatex
1564 5098 1634 5153 iis
1675 5100 1766 5170 qui
1820 5101 1965 5172 apud

395 5178 654 5236 Hebraeos
713 5198 952 5254 unquam
1020 5184 1262 5243 illustres
1325 5186 1527 5245 fuerint
1581 5192 1746 5247 alium
1805 5210 1968 5266 quem

393 5271 655 5342 proferat,
708 5275 799 5346 qui
852 5277 1147 5333 multarum
1198 5281 1438 5351 gentium
1488 5284 1825 5339 dominatum
1876 5300 1970 5340 ac-

393 5364 617 5430 ceperit.
650 5366 814 5439 Atqui
835 5385 994 5426 nemo
1024 5387 1262 5442 unquam
1286 5373 1433 5429 istud
1453 5376 1672 5440 dixerit,
1712 5379 1967 5448 quoniam

392 5469 464 5509 ne
504 5455 708 5511 factum
748 5461 966 5530 quidem
1007 5472 1110 5519 est.
1147 5466 1217 5520 At
1266 5483 1396 5524 vero
1436 5469 1491 5524 in
1539 5469 1823 5526 Salvatore
1870 5489 1969 5529 no-

394 5555 534 5613 ϋηο,
556 5551 771 5608 etiamsi
798 5572 898 5613 nos
926 5560 1059 5615 nihil
1089 5560 1363 5626 dicamus,
1415 5562 1530 5634 ipsa
1566 5571 1743 5619 tamen
1771 5566 1971 5621 nihilo-

391 5642 578 5706 minus
610 5647 806 5705 veritas
843 5652 1121 5719 clamabit,
1152 5664 1208 5709 et
1251 5655 1602 5712 vehementer
1648 5656 1970 5717 vociferabi-

455 5799 502 5842 ⁸¹
541 5794 710 5863 Num.
780 5818 939 5873 xxiv,
974 5806 1095 5863 5-9.

2068 4738 2452 4813 ἀναμφιλόγως
2476 4732 2850 4806 ὁμολογεῖσθαι
2884 4733 3056 4804 πέρας
3089 4732 3231 4804 ἔχειν
3263 4733 3348 4784 ἐπ’
3373 4727 3519 4797 αὐτῷ
3550 4725 3633 4780 καὶ

2068 4836 2165 4909 τὴν
2222 4828 2504 4903 παροῦσαν
2554 4827 2859 4899 πρόρρησιν
2927 4825 3221 4897 διαρρήδην
3277 4821 3631 4893 ἐκςιωνοῦσαν,

2067 4928 2150 4982 ὅτι
2180 4925 2246 4997 δὴ
2281 4925 2346 4976 ἐκ
2372 4920 2465 4976 τοῦ
2482 4920 2745 4975 Ἰουδαίων
2764 4919 2951 4983 ἔθνους
2982 4916 3317 4984 ἐξελεύσεταί
3343 4933 3425 4981 τις
3444 4913 3634 4983 ἄνθρω-

2069 5037 2187 5085 πος,
2239 5016 2333 5070 καὶ
2375 5012 2650 5086 κυριεύσει
2685 5011 2854 5065 ἐθνῶν
2891 5011 3131 5065 πολλῶν·
3171 5011 3202 5082 ἢ
3232 5010 3439 5077 λεγέτω
3464 5010 3492 5061 ὀ
3518 5006 3631 5077 βου-

2074 5109 2316 5180 λόμενος,
2345 5109 2394 5161 εἰ
2446 5106 2557 5177 ἔχοι
2620 5104 2776 5159 ἄλλον
2824 5103 3088 5173 συστῆσαι
3123 5103 3230 5157 τῶν
3268 5100 3482 5155 πώποτε
3515 5094 3631 5167 παρ’

2087 5200 2355 5273 Ἑϐραίοις
2414 5198 2658 5265 ἐνδόξων,
2718 5196 2924 5251 πολλῶν
2977 5196 3144 5249 ἐθνῶν
3197 5194 3469 5267 ι’ὶρξαντασΔ
3528 5187 3630 5242 ἀλλ’

2073 5291 2173 5346 οὐκ
2218 5293 2286 5345 ἂν
2352 5289 2498 5345 εἴποι
2552 5306 2657 5352 τις,
2718 5288 2800 5342 δτι
2858 5287 2991 5359 μηδὲ
3036 5288 3272 5357 γέγονεν.
3323 5287 3445 5339 Ἐπί
3482 5282 3536 5339 δέ
3575 5297 3630 5351 γε

2076 5381 2169 5437 τοῦ
2201 5382 2452 5455 Σωτῆρος
2482 5381 2638 5453 ήμῶν
2666 5382 2731 5437 ἂν
2765 5382 2858 5436 καί
2901 5382 3061 5451 ἡμεῖς
3096 5380 3169 5452 μὴ
3216 5378 3479 5449 λέγωμεν,
3505 5374 3626 5445 αὐτή

2075 5491 2141 5545 γε
2173 5478 2205 5547 ή
2232 5474 2458 5543 ἀλήθεια
2490 5474 2674 5546 βοήσει
2703 5474 2798 5528 καὶ
2843 5473 2983 5544 μέγα
3015 5473 3357 5546 κεκράξεται,
3390 5472 3630 5539 ἄντικρυς

2076 5564 2415 5636 παριστῶσα,
2447 5566 2594 5630 ὅπως
2642 5568 2676 5637 ἡ
2723 5565 2903 5630 ἔνθεος
2942 5565 3105 5619 αὐτοῦ
3152 5563 3401 5634 δύναμις,
3430 5561 3514 5616 διὲι
3542 5554 3628 5612 τοῦ

2076 5659 2469 5733 ἀναληφθέντος
2502 5660 2651 5735 αὐτῷ
2686 5663 2754 5718 ἐκ
2794 5660 3105 5733 σπέρματος
3147 5658 3359 5733 Ἰσραήλ
3385 5656 3477 5711 τοῦ
3499 5648 3627 5710 uti
