3908 6266
1163 291 1821 355 DEMONSTRATIONIS
1861 284 2317 348 EVANGELICAB
2386 283 2515 340 LlD.
2556 282 2646 338 ΚΧ.

3388 274 3491 331 662

256 419 444 488 σάρκα
478 412 759 487 ἀνθρώπου
783 413 1087 488 ἐκυρίευσε,
1114 428 1208 470 και
1239 415 1405 468 εἰσέτι
1432 412 1526 467 νῦν
1557 410 1829 484 κυριεύσει
1860 438 1873 470 λ

1962 423 2042 471 ur,
2091 404 2405 476 planissime
2473 399 2752 461 indicans,
2810 391 3260 469 quemadmodum
3311 391 3493 445 letlla

254 511 432 566 ἐθνῶν
489 507 717 565 πολλῶν.
776 508 946 572 Αὐτὸς
993 508 1097 580 ἄρα
1145 500 1299 571 οὗτος
1356 509 1559 571 ἐκεῖνος
1610 501 1698 576 ἦν,
1740 505 1835 558 καὶ

253 603 370 658 οὐδ’
400 602 577 666 ἄλλος,
606 600 665 655 δν
693 604 726 673 ή
758 600 1056 673 προφητεία
1082 600 1472 673 προηγόρευσε,
1507 597 1626 655 καθ’
1656 597 1714 651 ὃν
1744 598 1837 652 καὶ

254 699 290 770 ἡ
316 695 444 766 Γὼγ
469 694 656 768 ὑψώθη
681 694 941 766 βασιλεία,
962 693 1060 763 τῆς
1082 692 1316 765 Χριστοῦ
1336 692 1610 763 δυνάμεως
1640 708 1834 746 συναυ-

255 788 483 858 ξούσης.
536 784 738 841 Τοῦτον
783 786 827 840 δ’
873 786 1106 840 ἐνταῦθά
1150 801 1311 854 φησιν
1360 782 1689 839 αἰνίττεσθαι
1716 781 1836 838 καθ’

267 879 562 953 Ἐϐραίους
596 878 687 932 τδν
720 879 917 950 τρόπον
942 878 1041 949 τὴν
1068 877 1178 931 τῶν
1219 876 1503 946 Ῥωμαίων
1544 874 1836 944 βασιλείαν,

251 966 289 1047 ᾗ
338 972 439 1024 καὶ
484 971 885 1042 συνήκμασενὴ
918 966 1152 1040 Χριστοῦ
1190 966 1519 1021 διδασκαλία.
1553 966 1839 1037 Μέμνηται

249 1059 312 1115 δὲ
340 1059 442 1113 τοῦ
476 1058 599 1129 Γὼγ
624 1061 717 1113 καὶ
741 1062 768 1112 ὁ
797 1061 1078 1130 προφήτης
1104 1057 1382 1131 Ἰεζεκιὴλ,
1408 1057 1644 1129 ἄρχοντα
1682 1054 1838 1119 Ῥὼς,

250 1149 453 1222 Mr;sz
501 1149 594 1203 καὶ
634 1148 801 1202 Θοϐὲλ
846 1147 1156 1219 ὀνομάζων·
1201 1146 1287 1199 διὰ
1329 1146 1430 1216 μὲν
1465 1143 1559 1197 τοῦ
1576 1143 1709 1207 Ῥὼς
1742 1141 1840 1213 τὴν

262 1240 588 1313 Ῥωμαίων,
619 1239 695 1304 ὡς
747 1238 912 1305 ἔοικε,
954 1236 1106 1290 πόλιν
1151 1236 1544 1307 αἰνιττόμενος,
1577 1235 1699 1287 ἐπεὶ
1748 1234 1842 1287 καί

252 1332 411 1405 ἁρχὴ
463 1331 557 1387 καὶ⁷
601 1332 810 1403 κεφαλὴ
835 1330 975 1385 κατὰ
1004 1328 1102 1401 τὴν
1143 1328 1407 1399 Ἑϐραίων
1437 1326 1615 1398 φωνὴν
1639 1324 1725 1379 διὰ
1748 1324 1841 1378 τοῦ

259 1424 415 1488 Ῥὼς
442 1423 724 1494 δηλοῦται·
756 1422 843 1476 διὰ
875 1421 930 1474 δὲ
960 1419 1051 1474 τοῦ
1084 1419 1266 1489 Μοσὸχ
1290 1418 1388 1490 τὴν
1408 1418 1643 1481 Μυσίαν,
1665 1416 1757 1470 καί
1777 1414 1845 1469 τὰ

252 1514 430 1587 πέριξ
476 1512 679 1584 ταύτης
717 1512 864 1584 ἔθνη,
894 1513 993 1565 ὃσα
1021 1510 1115 1564 νῦν
1152 1512 1326 1563 οἰκεῖα
1367 1508 1651 1579 Ῥωμαίων
1696 1507 1839 1560 ἐστί·

246 1606 347 1661 διὰ
407 1607 465 1660 δὲ
499 1604 592 1659 τοῦ
634 1604 801 1659 Θοϐὲλ
842 1604 941 1676 τὴν
998 1601 1256 1675 Ἰϐηρίαν,
1284 1600 1425 1655 οὕτω
1459 1618 1575 1664 πως
1610 1598 1717 1653 ἀπὸ
1755 1597 1844 1653 τοῦ

251 1697 440 1753 Θοϐὲλ
473 1697 754 1766 γεγονέναι
805 1696 1027 1765 φάσκων
1072 1693 1371 1765 Θοϐεήλους
1419 1693 1545 1755 τοὺς
1593 1689 1843 1762 Ἵϐηρας’

1936 501 2081 555 illius
2110 500 2282 554 virtus
2312 512 2407 567 per
2435 495 2608 556 illum,
2636 493 2725 564 qui
2751 492 2819 547 ab
2847 490 2965 562 ipso
3003 489 3069 544 de
3097 487 3302 544 semine
3330 485 3513 540 lsraei‘

1934 591 2145 647 ratione
2181 589 2425 659 corporis
2456 596 2767 655 assumptus
2791 590 2895 648 est,
2927 578 3198 636 hominem
3223 577 3497 633 duminata

1935 691 2037 747 est,
2061 690 2222 751 atque
2248 681 2409 735 etiam
2456 694 2603 733 nunc
2647 675 2960 731 dominatur
2998 668 3249 744 gentibus
3291 668 3515 724 multis;.

1936 773 2037 830 Hic
2064 774 2229 844 igitur
2259 773 2347 826 ille
2378 773 2493 842 ipse
2514 778 2651 835 erat,
2682 784 2789 823 non
2814 768 2952 823 alius
2996 766 3285 837 quispiam,
3339 773 3518 834 queur

1937 867 2217 939 prophetia
2268 864 2628 935 praedixerat,
2672 862 2830 929 cujus
2884 868 3125 930 tempore
3170 858 3333 914 etiam
3388 854 3502 923 Gog

1940 975 2164 1031 regnum
2197 958 2249 1011 in
2284 957 2515 1012 sublime
2573 956 2864 1009 adauctum
2908 961 3023 1011 est.
3061 966 3181 1004 cum
3225 941 3293 1003 eo
3342 947 3500 1004 simul

1938 1049 2143 1105 Christi
2181 1048 2378 1102 virtute
2427 1061 2488 1100 ac
2539 1044 2778 1116 potentia
2829 1051 3131 1097 crescente.
3165 1040 3277 1095 Hoc
3326 1046 3502 1092 autem

1941 1141 2101 1196 modo
2121 1140 2272 1193 aiunt
2286 1137 2652 1193 Romanorum
2677 1150 2902 1206 regnum
2934 1134 3231 1189 secundum
3249 1130 3506 1187 Hebraeos

1943 1231 2263 1303 signiﬁcari,
2294 1247 2418 1286 cum
2464 1245 2572 1301 quo
2605 1228 2768 1285 simul
2794 1226 2999 1283 Christi
3049 1225 3296 1280 doctrina
3339 1225 3507 1280 robur

1943 1333 2106 1396 atque
2159 1326 2552 1380 incrementum
2597 1322 2827 1391 accepit.
2879 1318 3118 1375 Meminit
3173 1326 3350 1373 autem
3394 1316 3509 1388 Gog

1942 1426 2111 1478 etiam
2173 1417 2435 1491 propheta
2492 1414 2779 1478 Ezechiel,
2826 1413 2957 1468 dum
3009 1411 3309 1483 principem
3376 1407 3509 1474 Bos,

1945 1512 2167 1570 Mosoch
2196 1518 2251 1566 et
2276 1508 2483 1565 Thobel
2510 1506 2784 1569 nominat,
2836 1504 2930 1559 ubi
2973 1520 3069 1575 per
3110 1502 3244 1558 illud
3290 1500 3509 1572 quidem

1944 1605 2077 1670 Ros,
2109 1603 2506 1667 Romanorum,
2538 1606 2597 1655 ut
2625 1613 2724 1670 par
2750 1604 2855 1661 est,
2891 1596 3167 1651 civitatem
3201 1594 3508 1664 signiﬁcat:

1947 1696 2390 1770 quandoquidem
2438 1692 2773 1764 principatus
2824 1699 2879 1745 et
2910 1697 3072 1760 caput
3097 1702 3163 1743 ea
3208 1701 3340 1741 voce
3369 1682 3512 1754 apud

248 1786 331 1847 ὧν
393 1792 653 1847 ἁπάντων
696 1789 929 1860 ἄρχοντα
965 1786 1056 1839 τὸν
1105 1785 1228 1854 Γὼγ
1260 1781 1637 1854 ὑψωθήσεσθαί
1682 1798 1844 1853 φησιν

1962 1790 2205 1845 Hebraeos
2237 1785 2578 1855 intelligitur;
2630 1796 2727 1852 per
2758 1779 2979 1836 Mosoch
3038 1786 3216 1833 autem
3262 1774 3511 1846 Mysiam,

246 1882 354 1937 ἐπὶ
384 1881 492 1952 τῆς
520 1879 611 1932 τοῦ
644 1878 1118 1950 προφητειιομένου
1166 1874 1401 1947 Χριστοῦ
1445 1873 1764 1947 παρουσίας,
1787 1874 1844 1927 ὃν

245 1978 282 2035 ὁ
314 1976 462 2039 Θεὸς
506 1973 783 2044 ὡδήγησεν
833 1969 891 2037 ἐξ
934 1969 1228 2039 Αἰγύπτου,
1256 1969 1346 2023 ὅτε
1393 1967 1536 2022 κατὰ
1570 1967 1658 2020 τὸν
1690 1968 1846 2021 Ματ-

250 2068 442 2132 θαῖον,
473 2061 916 2126 ἐπιϐουλεύοντος
948 2060 1040 2115 τοῦ
1085 2061 1324 2133 Ἡρώδου
1357 2060 1506 2114 παιδὶ
1538 2058 1650 2113 ὄντι
1676 2058 1843 2130 αὐτῷ,

249 2156 665 2233 χρηματισθεὶς
694 2156 723 2207 ὁ
761 2153 959 2225 Ἰωσὴφ
993 2152 1265 2224 παρέλαϐε
1302 2151 1363 2204 τὸ
1388 2150 1597 2204 παιδίον
1641 2151 1733 2203 καὶ
1751 2150 1848 2222 τὴν

256 2250 490 2322 μητέρα
525 2245 710 2314 αὑτοῦ,
740 2246 835 2299 καὶ
861 2243 1161 2316 ἐπανῆλθεν
1190 2243 1268 2306 εἰς
1301 2242 1404 2312 γῆν
1444 2241 1681 2313 Ἰσραήλ.
1712 2241 1849 2308 Δόξα

252 2344 316 2398 δὲ
376 2342 760 2415 μονοκέρωτος
806 2337 953 2409 αὐτῷ
982 2336 1059 2408 τῷ
1088 2334 1307 2406 Χριστῷ
1351 2336 1552 2408 παρῆν,
1583 2336 1669 2390 διὰ
1704 2337 1765 2390 τὸ
1792 2339 1850 2391 ἐν

245 2436 422 2508 ,αὐτῷ
471 2431 823 2504 εὐδοκηκέναι
865 2430 1189 2500 κατοικῆσαι
1223 2430 1329 2482 πᾶν
1363 2429 1424 2483 τὸ
1457 2429 1727 2502 πλήρωμα
1750 2430 1851 2501 τῆς

255 2529 549 2601 θεότητος,
589 2525 732 2579 κατὰ
757 2524 848 2580 τὸν
894 2523 1038 2595 ἱερὸν
1077 2521 1416 2576 Ἀπόστολον.
1442 2522 1641 2595 Διόπερ
1665 2522 1741 2586 ὡς
1768 2523 1854 2577 κέ-

257 2638 367 2695 ρας
417 2618 858 2691 ἐπιγραφόμενος
901 2615 992 2671 τὸν
1020 2614 1129 2669 τῶν
1178 2615 1314 2669 ὅλων
1350 2614 1483 2669 Θεὸν
1510 2615 1603 2669 καὶ
1634 2614 1853 2686 Πατέρα

256 2711 461 2776 αύτοῦ,
506 2709 810 2782 μονόκερως
837 2709 931 2762 καὶ
959 2709 1016 2760 ἐν
1047 2706 1258 2778 ἑτέραις
1276 2707 1516 2779 Γραφαῖς
1540 2705 1850 2779 ὠνομάσθη.

268 2807 331 2860 '0
363 2806 417 2858 δ’
447 2803 613 2866 αὐτὸς
639 2802 735 2856 τοῦ
761 2799 895 2854 Θεοῦ
922 2799 1091 2868 Λόγος
1117 2800 1229 2865 τοῖς
1258 2801 1467 2870 νοητοῖς
1496 2798 1592 2860 ,καὶ
1620 2798 1854 2868 λογικοῖς

259 2894 442 2953 αὑτοῦ
470 2895 649 2967 βέλεσι
667 2893 758 2947 τὸν
783 2892 975 2964 ἐχθρὸν
1003 2891 1098 2944 κιιὺ⁵
1118 2889 1490 2961 ἀντικείμενον
1519 2889 1668 2961 αὐτῷ
1687 2889 1858 2944 διάϐο-

257 2989 381 3055 λον,
403 2988 590 3050 πάσας
611 3002 671 3038 τε
700 2984 799 3047 τὰς
824 2982 957 3054 ἀμφ’
988 2982 1149 3037 αὐτὸν
1175 2981 1438 3051 ἀοράτους
1481 2981 1574 3036 καὶ
1616 2979 1858 3053 πονηράς

261 3082 558 3152 δυνάμεις,
593 3079 681 3132 διὰ
717 3077 1021 3150 κρείττονος
1049 3074 1143 3129 καὶ
1189 3073 1545 3145 ἀκαταμάχου
1577 3072 1857 3145 δυνάμεως

264 3171 716 3248 ἧλαυνεν,εἰσέτι
743 3186 803 3223 τε
837 3166 933 3221 νῦν
968 3164 1209 3239 κυριεύει
1247 3164 1416 3218 ἐθνῶν
1444 3164 1674 3231 πολλῶν,
1694 3157 1767 3217 ὧν
1788 3163 1856 3217 τά

265 3267 431 3338 πάχη
449 3262 619 3317 καὶτὸ
634 3261 885 3334 φρόνημα
895 3260 992 3331 τῆς
1010 3257 1209 3330 σαρκὸς
1224 3255 1517 3320 λεπτύνων,
1532 3257 1624 3310 ἐπὶ
1634 3256 1733 3328 τὴν
1751 3272 1861 3310 στεο

266 3357 373 3427 νὴν
391 3355 520 3407 ὁδον
540 3352 639 3422 τῆς
667 3350 884 3405 αἰωνίου
913 3348 1058 3418 ζωῆς
1081 3345 1416 3418 ἐπιτηδείους
1440 3343 1858 3409 κατασκευάζει.

281 3445 459 3501 Ἀλλὰ
488 3444 585 3501 καὶ
608 3443 952 3505 κατακλιθεὶς
980 3441 1139 3503 αὐτὸς
1165 3432 1319 3502 οὗτος
1349 3440 1378 3491 ὁ
1402 3437 1458 3505 ἐξ
1495 3438 1710 3511 Ἰσραὴλ
1738 3455 1865 3511 προ-

270 3539 456 3594 ελθὼν
508 3536 811 3609 ἄνθρωπος,
862 3536 891 3588 ὁ
937 3531 1369 3602 κατακυριεύσας
1420 3530 1586 3585 ἐθνῶν
1634 3530 1863 3597 πολλῶν,

278 3653 298 3685 ι
328 3630 708 3696 ἀνεπαύσατο,
780 3630 962 3699 φησίν,
1004 3628 1079 3692 ὡς
1140 3627 1299 3690 λέων,
1329 3645 1347 3677 ι
1375 3624 1517 3677 οὕτω
1569 3623 1742 3696 δηλῶν
1797 3624 1864 3695 ἢν

272 3722 577 3788 ἀνεδέξατο
607 3721 934 3792 οἰκονομίαν,
970 3718 1089 3773 καθ’
1118 3719 1184 3790 ἢν
1232 3717 1419 3788 ῶσπερ
1465 3732 1546 3780 τις
1594 3714 1865 3786 βασιλικὸς

273 3816 377 3869 καὶ
411 3812 716 3885 θαρραλέος
759 3811 862 3883 θὴρ
910 3810 1272 3873 ἀνεπαύσατο,
1314 3807 1537 3880 μηδενὸς
1570 3807 1734 3861 αὐτοῦ
1766 3809 1867 3881 τὴν

276 3909 467 3981 ἀρχὴν
495 3908 591 3961 καὶ
622 3905 721 3977 τὴν
756 3903 1027 3975 βασιλείαν
1069 3899 1502 3974 μεταστήσασθαι
1529 3900 1825 3971 δυναμένου
1851 3917 1864 3931 ·

279 4002 499 4062 πάντες
532 4015 591 4051 τε
632 3999 681 4051 οἱ
716 3996 806 4050 τὸν
847 3994 1081 4067 Χριστὸν
1113 3992 1477 4061 εὐλογοῦντες,
1512 3992 1654 4063 λόγῳ
1685 4010 1743 4045 τε
1777 3992 1872 4046 καὶ

282 4093 393 4164 βίῳ
423 4090 780 4162 σεμνύνοντες
812 4088 911 4160 τὴν
942 4087 1138 4158 ἀρετὴν
1183 4086 1276 4139 τοῦ
1313 4084 1651 4153 διδασκάλου,
1679 4085 1777 4156 τῆς
1808 4087 1873 4138 ἐκ

281 4183 431 4239 Θεοῦ
470 4179 855 4254 μετειλήφασιν
884 4177 1152 4246 εὐλογίας,
1188 4174 1441 4241 αὗξοντες
1478 4174 1746 4248 ὁσημέραι
1778 4177 1873 4229 καί

285 4274 683 4347 πληθύνοντες,
718 4267 861 4323 κατὰ
880 4268 961 4333 τὸ,
998 4286 1016 4319 ι
1039 4267 1363 4334 Αύξάνεσθε,
1391 4267 1485 4320 καί⁸
1516 4264 1870 4338 πληθύνεσθε,

286 4367 390 4422 καὶ
449 4358 773 4433 πληρώσατε
827 4357 924 4431 τὴν
971 4359 1096 4428 γῆν,
1129 4377 1147 4408 ιι
1184 4352 1541 4430 ἀληθέστερον
1587 4358 1673 4410 ἐπ’
1697 4356 1873 4410 αὐτῶν

1946 1881 2068 1938 etei
2101 1880 2362 1935 ﬁnitimas
2392 1883 2603 1948 gentes,
2626 1886 2966 1945 quaecunque
2994 1885 3139 1926 nunc
3184 1867 3286 1923 sub
3314 1865 3516 1922 Roma-

1948 1990 2140 2032 norum
2183 1972 2409 2044 imperio
2452 1978 2601 2036 sunt,
2647 1980 2701 2025 et
2742 1983 2840 2039 per
2868 1964 3099 2027 Thobel,
3132 1962 3358 2019 lberiam
3421 1959 3517 2016 Jo-

1948 2068 2151 2138 seplius
2199 2064 2491 2136 intelligit,
2533 2061 2625 2133 qui
2673 2074 2704 2115 a
2758 2057 2965 2114 Thobel
2994 2056 3126 2111 dicit
3171 2054 3345 2109 factos
3393 2066 3519 2109 esse

1948 2158 2273 2222 Tbobeelos,
2300 2156 2395 2227 qui
2456 2154 2638 2208 Iberes
2712 2149 2994 2212 dicuntur,
3029 2146 3233 2218 quibus
3262 2139 3520 2201 omnibus

1950 2250 2306 2321 imperantem
2349 2245 2466 2317 Gog
2496 2245 2553 2299 in
2598 2242 2831 2299 sublime
2876 2237 3251 2309 adaugendum
3284 2236 3379 2299 ait,
3417 2235 3520 2291 sub

1949 2342 2068 2412 ejus
2097 2340 2301 2396 Christi
2331 2337 2400 2401 de
2424 2352 2534 2408 quo
2558 2334 2838 2407 propheta:
2876 2332 3176 2403 loquuntur
3206 2328 3519 2394 adventum,

1951 2448 2111 2502 quem
2142 2430 2285 2486 Deus
2321 2428 2477 2484 duxit
2496 2442 2564 2482 ex
2598 2424 2979 2497 Egypto,quo
3007 2429 3272 2491 tempore,
3298 2427 3355 2472 ut
3378 2418 3519 2489 apud

1952 2520 2260 2575 Matthaaum
2291 2518 2505 2589 legitur,
2521 2515 2650 2570 dum
2675 2514 2779 2586 ipsi
2813 2512 2994 2567 adhuc
3023 2524 3192 2581 puero
3232 2506 3524 2563 insidiatur

1954 2613 2215 2673 Herodes.
2256 2609 2456 2679 .Ioseph
2489 2615 2714 2677 accepto
2746 2603 2970 2660 oraculo
2990 2642 3005 2666 ,
3035 2601 3246 2672 accepit
3297 2614 3523 2667 puerum

1953 2717 2007 2762 et
2053 2713 2276 2759 matrem
2310 2702 2450 2771 ejus,
2475 2708 2529 2755 et
2560 2712 2815 2754 reversus
2865 2703 2951 2751 est
3003 2695 3057 2748 in
3089 2700 3291 2748 terram
3337 2689 3523 2744 Israel.

1955 2795 2340 2852 Rhiuocerotis
2411 2808 2540 2848 vero
2610 2789 2786 2862 gloria
2851 2786 2954 2858 ipsi
3035 2785 3254 2840 Christo
3310 2781 3525 2846 adfuit,

1956 2896 2240 2963 propterea
2286 2883 2430 2958 quod
2488 2882 2757 2954 placuerit
2807 2881 2864 2934 in
2900 2895 2967 2934 eo
3013 2877 3258 2933 habitare
3313 2889 3528 2929 onmem

1956 2980 2346 3056 plenitudinem
2392 2974 2720 3040 divinitatis,
2752 2979 2810 3027 ut
2841 2972 2918 3024 ait
2960 2976 3183 3026 sanctus
3213 2965 3529 3036 Apostolus.

1960 3053 2303 3144 Quapropter
2340 3067 2469 3122 dum
2500 3065 2668 3121 veluti
2713 3078 2887 3119 cornu
2931 3060 3036 3117 sibi
3087 3055 3329 3113 universi
3362 3053 3531 3108 Deum

1962 3163 2178 3220 Patrem
2212 3160 2458 3225 ascribit,
2484 3158 2648 3231 etiam
2677 3152 2957 3209 unicornis
2988 3152 3043 3206 in
3065 3150 3186 3204 aliis
3208 3145 3533 3218 quibusdam

1967 3255 2269 3327 Scripturis
2297 3259 2383 3308 est
2410 3250 2741 3308 nominatus.
2786 3245 2932 3301 Idem
2966 3256 3131 3314 porro
3169 3239 3265 3294 Dei
3301 3234 3534 3292 Verbum

1962 3345 2392 3418 intelligibilihus
2440 3340 2910 3408 rationalibusque
2968 3335 3085 3392 suis
3126 3333 3372 3403 sagittis,
3431 3329 3540 3382 ini-

1968 3440 2169 3494 micum
2219 3436 2433 3506 sibique
2478 3433 2856 3488 adversantem
2907 3427 3207 3488 diabolum,
3243 3436 3541 3491 omnesque

1967 3531 2116 3586 circa
2162 3529 2313 3583 illum
2359 3534 2643 3581 versantes
2680 3520 2988 3577 invisibiles
3031 3524 3085 3572 et
3134 3516 3400 3585 malignas
3444 3528 3542 3582 pc-

1971 3629 2216 3686 testates,
2247 3618 2615 3693 praestantiori
2667 3632 2765 3671 sua
2808 3623 2865 3669 et
2903 3608 3313 3681 inexpugnabili
3344 3607 3543 3661 virtute

1971 3715 2228 3782 conﬁxit,
2285 3724 2447 3784 atque
2505 3712 2667 3766 etiam
2702 3714 2873 3763 'nunc
2930 3705 3182 3777 gentibus
3228 3701 3414 3755 multis
3444 3699 3542 3753 do-

1973 3806 2245 3871 minatur,
2302 3818 2535 3874 quarum
2586 3797 2980 3855 crassitudines
3035 3803 3090 3848 et
3160 3791 3359 3846 fastum
3420 3804 3542 3844 cor-

1974 3913 2151 3969 porea:
2226 3908 2420 3951 massae
2498 3900 2800 3948 extenuans
2872 3887 2941 3942 ad
3022 3891 3310 3956 angustam
3382 3890 3541 3936 aeter-

1973 3995 2069 4047 nae'
2092 3992 2215 4046 vita:
2279 3989 2422 4043 viam
2485 3982 2894 4056 ingrediendum
2965 3980 3188 4035 idoneas
3244 3980 3543 4045 comparat.

1975 4082 2137 4157 425
2178 4080 2284 4136 Sed
2314 4080 2476 4135 etiam
2508 4076 2833 4132 reCumbens
2877 4072 3021 4128 idem
3053 4070 3143 4125 hic
3177 4069 3342 4123 homo
3365 4082 3431 4122 ex
3469 4064 3548 4119 ls-

1977 4177 2089 4232 rael
2125 4172 2421 4246 prolectus,
2458 4168 2549 4240 qui
2584 4167 2769 4222 multis
2801 4165 3115 4220 dominatus
3154 4166 3240 4215 est
3272 4157 3547 4230 gentibus.

1985 4286 2005 4319 ι
2041 4245 2265 4337 quievit,
2304 4262 2501 4331 inquit,
2534 4266 2594 4313 ut
2623 4259 2729 4323 leo,
2769 4275 2788 4309 ι
2826 4254 3027 4327 quibus
3051 4249 3231 4306 verbis
3265 4261 3427 4320 quam
3463 4245 3550 4299 ille

1983 4356 2282 4427 assumpsit
2331 4354 2835 4427 dispensationem,
2899 4349 3190 4420 significat,
3250 4341 3550 4400 secundum

288 4459 391 4513 καὶ
426 4456 889 4529 θεοπρεπέστερον
921 4458 1018 4529 τῆς
1042 4457 1193 4522 θείας
1253 4455 1645 4528 ἐκτελουμένης
1677 4454 1873 4526 φωνῆς.

1986 4464 2148 4520 quam
2176 4446 2333 4517 quasi
2361 4446 2581 4516 quidam
2616 4445 2861 4515 regulus,
2885 4450 2938 4497 et
2966 4438 3123 4511 quasi
3157 4437 3270 4492 fera
3305 4434 3552 4506 quaedam

302 4552 397 4617 Ὠς
424 4551 659 4622 ἔμπαλιν
683 4554 731 4606 οἱ
757 4552 866 4606 ἀπὸ
889 4551 1110 4624 πρώτης
1132 4552 1230 4623 τῆς
1260 4551 1380 4604 κατ’
1403 4549 1567 4605 αὑτοῦ
1589 4548 1877 4620 ἐπιϐουλῆς

291 4643 470 4696 εἰσέτι
496 4643 591 4696 καὶ
610 4642 705 4698 νῦν
731 4643 889 4697 αὐτὸν
916 4645 973 4696 ἐν
999 4646 1110 4707 τοῖς
1137 4641 1314 4696 αὐτῶν
1344 4642 1638 4715 συνεδρίοις
1663 4640 1881 4715 ἀρώμε-

292 4752 403 4798 νοι,
434 4734 536 4805 τὴν
561 4736 625 4788 ἐκ
660 4734 795 4789 Θεοῦ
819 4736 1060 4806 κατάραν
1094 4736 1151 4802 ἐξ
1182 4735 1388 4788 ἐκείνου
1413 4736 1506 4789 καὶ
1536 4735 1699 4787 εἰσέτι
1724 4733 1882 4806 δεῦρο

296 4824 427 4879 καθ’
455 4825 667 4878 ἑαυτῶν
715 4826 1113 4881 ἐπεσπάσαντο.
1146 4825 1237 4879 Διὸ
1281 4827 1374 4879 καὶ
1414 4826 1512 4896 τὴν
1558 4824 1791 4898 ἐσχάτην
1820 4826 1880 4878 οὐ

303 4918 473 4988 μόνον
508 4917 607 4988 τῆς
636 4916 928 4987 βασιλείας,
962 4916 1099 4972 ἀλλὰ
1121 4917 1213 4969 καὶ
1245 4914 1337 4970 τοῦ
1366 4915 1531 4970 πάλαι
1556 4916 1884 4987 σεμνοτάτου

300 5008 490 5063 αὐτῶν
518 5009 857 5081 ἁγιάσματος
887 5012 985 5084 ἐρη
996 5011 1121 5081 μίαν
1152 5027 1213 5063 τε
1243 5009 1339 5064 καὶ
1368 5009 1571 5080 φθορὰν
1594 5009 1655 5062 ού
1686 5010 1887 5064 παύον-

302 5118 399 5155 ται
432 5101 730 5172 ὀφθαλμοῖς
755 5101 1202 5174 ὀρῶντες.Ἀξιον
1221 5102 1278 5156 δὲ
1298 5100 1622 5173 παραθεῖναι
1650 5103 1759 5164 τοῖς
1792 5117 1889 5171 με-

303 5192 378 5246 τὰ
410 5196 597 5264 χεῖρας
640 5193 739 5264 τὴν
786 5194 922 5265 πρὸς
960 5193 1052 5248 τὸν
1090 5193 1287 5247 Ἰούδαν
1323 5192 1416 5247 τοῦ
1461 5190 1651 5246 Ἰακὼϐ
1684 5208 1892 5262 προφη-

304 5284 484 5350 τείαν,
514 5286 581 5357 ῆν
626 5286 718 5338 καὶ
764 5284 931 5357 αὐτὴν
976 5285 1341 5356 ἐναργέστατα
1380 5287 1459 5350 εἰς
1500 5284 1590 5338 τὸν
1623 5284 1887 5356 ἡμέτερον

307 5377 543 5449 Σωτῆρα
591 5376 920 5449 ἐφαρμόζειν
967 5378 1519 5450 προπαρεστὴσαμεν,
1557 5375 1783 5429 συνιδεῖν
1828 5393 1889 5429 τε

308 5466 424 5539 τὴν
444 5470 502 5523 ἐν
531 5469 811 5540 ἑκατέροις
853 5470 1189 5542 συμφωνίαν.
1207 5470 1294 5533 Ὠς
1328 5469 1438 5541 γὰρ
1465 5467 1699 5522 ἐνταῦθα
1739 5469 1891 5541 εἴρη-

309 5575 407 5639 ται
427 5576 442 5590 ·
482 5580 500 5614 ι
523 5561 888 5629 Ἐξελεύσεται
915 5560 1197 5635 ἄνθρωπος
1235 5561 1299 5616 ἐκ
1328 5558 1422 5614 τοῦ
1457 5558 1767 5631 σπέρματος
1796 5557 1894 5613 αύ-

395 5743 439 5782 “
476 5742 612 5801 Gen.
649 5742 824 5809 1.9.8.

1986 4540 2248 4596 audacior
2275 4538 2642 4610 quievit,dum
2672 4537 2818 4590 illius
2840 4534 3197 4605 principatum
3233 4543 3297 4583 ac
3326 4542 3552 4599 regnum

1988 4649 2207 4689 movere
2230 4633 2351 4686 loco
2376 4646 2535 4686 nemo
2557 4637 2642 4684 est
2671 4628 2762 4699 qui
2795 4626 2991 4696 possit.
3023 4623 3229 4678 Omnes
3255 4627 3436 4675 autem
3459 4617 3552 4688 qui

1987 4728 2210 4784 Christo
2258 4725 2440 4780 favent
2492 4738 2557 4776 ac
2617 4719 2987 4780 benedicunt,
3035 4705 3107 4770 ρι’
3140 4722 3256 4767 tum
3311 4710 3558 4766 oratione

1990 4830 2102 4876 tum
2137 4821 2244 4873 vita
2281 4817 2467 4872 virtuti
2502 4811 2853 4885 prmccptoris
2891 4808 3096 4863 addunt
3123 4807 3328 4859 cultum
3374 4810 3427 4856 et
3472 4816 3556 4854 re-

1988 4914 2305 4975 verentiam,
2333 4907 2533 4962 favoris
2566 4900 3067 4968 benedictionisque
3100 4897 3298 4950 divinae
3315 4891 3584 4949 vicissim.

1991 5002 2285 5073 participes
2337 4998 2484 5062 facti,
2547 5000 2849 5066 augescunt
2894 4988 3137 5061 quotidie
3184 5000 3249 5040 ac
3300 4981 3595 5051 niultipli~.

1992 5107 2210 5157 cantur,
2237 5099 2425 5160 utpote
2446 5104 2569 5144 cum
2608 5089 2664 5142 in
2700 5085 2834 5157 ipsis
2859 5082 3045 5138 divina
3068 5079 3159 5133 illa
3187 5092 3290 5130 vox
3322 5093 3335 5128 :
3374 5091 3393 5124 ι
3424 5072 3562 5133 Cre-

1995 5188 2129 5244 scite
2160 5194 2215 5240 et
2243 5178 2676 5252 multiplicamini
2710 5187 2764 5232 et
2784 5175 2986 5245 replete
3004 5179 3204 5226 terram
3234 5166 3301 5230 ’⁸,
3333 5185 3352 5218 ι
3382 5173 3436 5222 et
3471 5178 3595 5221 ves-

1994 5280 2108 5334 rius
2138 5285 2192 5333 et
2213 5276 2323 5330 Deo
2354 5270 2767 5329 convenientius
2795 5266 2953 5321 linem
2977 5279 3137 5319 suum
3162 5262 3559 5339 consequatur;

1995 5371 2139 5425 sicut
2176 5365 2520 5433 ‘econtrario,
2562 5364 2657 5435 qui
2690 5378 2721 5417 a
2749 5360 2925 5435 prima
2951 5358 3215 5413 adversus
3238 5355 3402 5414 illum
3425 5365 3560 5407 con-

1999 5463 2298 5533 spiratione
2323 5462 2489 5516 etiam
2521 5472 2669 5513 nunc
2721 5457 2776 5510 in
2805 5454 2921 5510 suis
2951 5448 3380 5531 illumgonsiliis
3407 5460 3566 5502 exse-

2000 5562 2248 5621 crantur,
2281 5552 2377 5610 Dei
2409 5553 2466 5607 in
2524 5551 2734 5623 seipsos
2782 5544 3217 5609 exsecrationem
3261 5555 3327 5597 ex
3386 5537 3478 5593 illo
3507 5534 3564 5594 in
