3908 6266
401 339 505 393 663

1033 319 1297 378 EUSEBll
1339 315 1817 373 CAESARIENSIS
1855 315 1949 372 ΟΡ]

2058 315 2243 372 PARS.
2285 314 2348 370 ll.
2377 347 2445 356 —
2465 316 2958 375 APOLOGETICA.

3517 324 3615 381 664

403 457 547 513 hunc
588 466 762 523 usque
810 448 950 502 diem
991 449 1393 498 contraxerunt.
1455 438 1796 507 Quapropter
1849 451 1949 489 non

2060 436 2173 501 τοῦ,
2206 457 2225 488 ι
2261 435 2452 508 (δῆλον
2495 435 2537 488 δ’
2564 436 2644 489 ὃτι
2689 436 2781 491 τοῦ
2816 435 3047 506 Ἰακὼϐ,)
3085 437 3223 491 οὕτω
3263 438 3452 491 κάκεϊο
3485 461 3503 491 ι
3525 441 3618 496 Ἐκ

401 545 556 616 regni
579 543 776 602 solum,
803 536 896 593 sed
921 532 1078 588 etiam
1114 530 1198 584 sui
1227 529 1394 591 illius,
1429 526 1570 596 quod
1610 526 1814 580 honore
1849 541 1960 580 om-

402 639 457 692 ni
479 652 543 690 ac
569 629 870 688 reverentia
899 624 1170 681 colebant,
1204 620 1521 683 sanctuarii,
1550 625 1847 674 extremam
1871 633 1958 673 so-

401 727 687 784 litudinem
721 729 880 790 atque
927 715 1205 770 interitum
1243 713 1297 765 in
1331 713 1505 765 oculis
1543 711 1761 773 habere,
1801 719 1959 779 atque

401 817 597 873 intueri
620 829 726 868 non
758 811 1036 865 desinunt.
1063 804 1180 859 Non
1209 804 1306 858 abs
1329 819 1387 856 re
1412 812 1588 856 autem
1624 802 1786 855 fuerit
1812 802 1958 856 hisce

401 923 520 978 quae
549 919 693 959 nunc
725 909 1040 962 tractamus,
1074 895 1250 967 ipsius
1297 893 1464 947 Jacob
1491 892 1559 946 ad
1601 890 1796 946 Judam
1833 907 1959 962 pro-

403 996 638 1067 phetiam
675 987 989 1061 adiungere,
1019 999 1183 1055 quam
1208 983 1370 1038 etiam
1405 983 1578 1051 ipsam
1607 981 1958 1037 evidentissi-

401 1099 488 1138 me
524 1081 792 1135 Salvatori
816 1084 1000 1132 nostro
1025 1070 1542 1139 accommodarijam
1560 1069 1958 1125 demonstravi-

397 1159 539 1237 mus,
593 1169 1053 1240 contemplarique
1103 1179 1245 1227 eam,
1279 1173 1398 1233 qua:
1450 1161 1503 1215 in
1559 1161 1803 1230 utrisque
1851 1163 1954 1216 est,

396 1264 761 1320 concordiam.
795 1255 1257 1327 Quemadmodum
1291 1254 1433 1309 enim
1457 1252 1545 1306 hic
1590 1252 1794 1306 dictum
1827 1257 1912 1306 est
1940 1269 1953 1304 :

403 1375 421 1407 ι
468 1353 788 1425 Egredietur
811 1351 974 1404 homo
1003 1349 1071 1402 de
1113 1348 1318 1402 semine
1341 1343 1458 1414 ejus
1485 1343 1680 1415 (ipsius
1711 1342 1958 1397 videlicet

397 1446 618 1517 Iacob),
642 1465 660 1497 ι
692 1445 766 1498 ita
790 1443 954 1498 etiam
995 1439 1336 1508 illicgdictum
1367 1445 1451 1492 est
1487 1455 1502 1492 :
1534 1455 1552 1488 ι
1590 1435 1666 1490 De
1691 1435 1954 1506 germine,

398 1537 474 1591 ﬁli
506 1536 607 1600 mi,
649 1533 942 1590 ascendisti
975 1532 1043 1599 ”,
1081 1549 1100 1582 ι
1135 1530 1204 1584 ab
1234 1529 1354 1600 ipso
1383 1526 1572 1591 Jacob,
1623 1526 1691 1581 ad
1717 1541 1840 1581 eum
1889 1525 1960 1581 de

397 1642 506 1699 quo
541 1627 657 1698 ipse
685 1625 1028 1679 vaticinatur.
1068 1621 1244 1691 thue
1277 1622 1332 1675 in
1367 1619 1618 1691 praesenti
1660 1619 1861 1674 dicitur
1893 1618 1960 1672 il-

397 1717 488 1772 lud
518 1734 538 1776 ι
568 1734 588 1768 ι
619 1712 685 1768 Εῑ
713 1713 1085 1770 dominabitur
1112 1711 1362 1783 gentibus
1386 1711 1594 1775 multis,
1622 1728 1640 1761 ι
1662 1709 1743 1765 sic
1767 1710 1822 1764 in
1846 1709 1954 1764 illis

2060 528 2310 600 βλαστοῦ,
2362 529 2447 582 υἱέ
2500 547 2621 600 μου,
2665 528 2881 598 ἀνέϐης,
2915 547 2932 577 ι
2970 529 3151 600 εἴρητο
3195 530 3286 582 ὑπ’
3316 530 3478 585 αὐτοῦ
3525 535 3615 588 τοῦ

2071 619 2260 673 Ἰακὼϐ
2293 620 2430 693 πρὸς
2459 621 2547 673 τὸν
2590 619 3078 691 προφητευόμενον.
3123 621 3231 673 Kal
3275 621 3348 684 ὡς
3391 624 3483 676 ἐπὶ
3525 625 3616 678 τοῦ

2061 715 2324 786 παρόντος
2348 715 2558 782 λέγεται
2580 714 2660 778 τὸ,
2685 733 2702 764 ι
2725 714 2832 766 Καὶ
2853 714 3128 785 κυριεύσει
3157 715 3327 767 ἐθνῶν
3353 716 3611 779 πολλῶν,ι

2056 807 2252 877 ὁμοίως
2282 807 2374 858 καὶ
2403 807 2459 858 ἐν
2486 804 2706 868 ἐκείνοις
2735 805 2814 869 τὸ,
2851 824 2868 856 ι
2896 807 3004 858 Καὶ
3032 805 3190 869 αὐτὸς
3220 805 3366 859 ἔσται
3400 809 3620 878 προσδο-

2057 899 2150 952 κία
2195 897 2380 951 ἐθνῶν.
2429 917 2449 949 ι
2506 899 2616 950 Καὶ
2664 897 2823 950 πάλιν
2875 895 3102 950 ἐνταῦθα
3150 897 3266 968 μὲν,
3321 917 3338 949 ι
3384 898 3617 962 Ἔδεται,

2058 991 2240 1060 φησιν,
2287 1009 2304 1041 ν
2331 990 2456 1060 ἔθνη
2499 989 2705 1060 ἐχθρῶν
2732 989 2916 1052 αὑτοῦ,
2950 989 3042 1041 καὶ
3073 992 3191 1052 ταῖς
3229 989 3426 1058 βολίσιν
3455 991 3618 1043 αὑτοῦ

2057 1081 2437 1147 κατατοξεύσει
2465 1080 2682 1151 ἐχθρόν·
2711 1100 2730 1132 ›
2752 1079 3017 1144 Ὡσαύτως
3044 1080 3099 1132 δέ
3127 1081 3218 1133 καὶ
3266 1083 3324 1134 ἐν
3367 1081 3619 1144 ἐκείνοις,

2063 1192 2080 1223 ς
2115 1173 2179 1224 Al
2206 1172 2384 1244 χεῖρές
2409 1189 2499 1226 σου
2524 1171 2616 1225 ἐπ)⁸
2641 1170 2808 1225 νώτου
2831 1169 2935 1224 τῶν
2965 1170 3172 1241 ἐχθρῶν
3205 1188 3318 1235 σου,
3339 1189 3356 1221 ι
3383 1171 3617 1239 ἐλέγετο.

2057 1264 2168 1317 Καὶ
2216 1264 2296 1331 τὸ,
2331 1281 2350 1315 ι
2381 1263 2623 1333 Σκύμνος
2666 1263 2876 1326 λέοντος
2909 1261 3094 1324 Ἰούδα,
3122 1281 3141 1315 ι
3173 1262 3264 1314 καὶ
3308 1260 3388 1324 τὸ,
3420 1281 3438 1312 ι
3464 1262 3620 1315 Ἀνα-

2058 1355 2235 1410 πεσὼν
2259 1356 2552 1427 ἐκοιμήθης
2574 1355 2648 1419 ὡς
2667 1356 2820 1420 λέων,
2835 1357 2928 1409 καὶ
2945 1355 3019 1418 ὡς
3047 1354 3281 1425 σκύμνος
3296 1371 3309 1384 ’
3329 1355 3410 1417 τίς
3442 1356 3627 1426 ἐγερεῖ

2057 1449 2250 1512 αὑτόν;
2290 1467 2307 1500 ι
2341 1448 2398 1499 ἐν
2427 1446 2655 1509 ἐκείνοις
2681 1446 2983 1518 εἰρημένον,
3012 1445 3161 1499 οὐδέν
3197 1463 3284 1516 μοι
3329 1445 3476 1499 δοκεί
3511 1446 3624 1499 δια-

2058 1540 2244 1611 φέρειν
2275 1539 2372 1610 τῆς
2409 1537 2544 1609 μετά
2573 1540 2759 1609 χεῖρας
2785 1537 2978 1602 λέξεως
3008 1537 3349 1608 φασκούσης·
3387 1557 3406 1588 ι
3436 1539 3624 1592 Κατα-

2059 1629 2258 1693 κλιθεὶς
2307 1628 2650 1682 ἀνεπαύσατο
2695 1628 2770 1692 ὼς
2817 1629 2972 1694 λέων,
3000 1630 3093 1682 καὶ
3133 1629 3208 1692 ὡς
3236 1629 3504 1700 σκύμνοςο
3539 1631 3626 1694 τίς

2062 1721 2354 1791 ἀναστήσει
2401 1720 2594 1786 αὑτόν;
2633 1738 2650 1771 ι
2697 1719 2882 1775 Ταῦτα
2930 1721 2986 1775 δὲ
3034 1721 3256 1786 εἰκότως
3303 1723 3381 1784 εἰς
3432 1722 3624 1775 ταύτὸν

395 1825 614 1883 quoque
642 1807 774 1863 illud
808 1826 822 1863 :
851 1825 869 1858 ι
897 1807 963 1861 Ει
989 1807 1104 1877 ipse
1118 1779 1575 1874 eritexspectatio
1593 1802 1835 1872 gentium
1852 1800 1949 1855 ".i

2064 1779 2459 1884 συνηγάγομεν,
2492 1811 2559 1864 ἵν’
2582 1779 2778 1884 ’ὥσπερ
2806 1811 2897 1865 ἐπὶ
2919 1812 3182 1884 στόματος
3211 1779 3302 1866 δύο
3334 1779 3625 1884 μαρτύρων

394 1905 462 1962 Et
494 1917 690 1957 rursus
722 1899 813 1954 hic
843 1897 1062 1970 quidem
1099 1915 1116 1956 ι
1150 1915 1169 1949 ι
1205 1895 1514 1958 Devorabit,
1539 1893 1734 1964 inquit,
1771 1900 1949 1965 gentes

2059 1905 2156 1975 τῆς
2200 1905 2258 1956 ἐν
2289 1907 2408 1966 ταῖς
2438 1902 2791 1974 προφητείαις
2835 1905 3204 1976 συμφωνίαςὴ
3238 1906 3364 1975 περὶ
3390 1903 3481 1957 τοῦ
3516 1905 3626 1958 Σω-

393 1994 738 2054 inimicorum
771 2005 1019 2054 suorum,
1056 1996 1111 2044 et
1160 1988 1358 2058 jaculis
1401 1986 1517 2042 suis
1565 1985 1724 2040 feriet
1775 1985 1949 2039 inimi-

2058 1994 2220 2066 τῆρος
2247 1995 2278 2065 ἡ
2287 1993 2399 2064 μῶν
2422 1994 2687 2060 ἀπόδειξις
2710 1994 3053 2066 βεϐαιοτέραν
3072 1994 3222 2050 λάϐοι
3240 1994 3338 2066 τὴν
3359 1995 3623 2066 κύρωσιν.

392 2101 593 2150 cuin-,i
636 2084 693 2137 in
723 2081 833 2137 illis
878 2088 1061 2136 autem
1094 2079 1259 2135 simili
1308 2077 1518 2132 ratione
1568 2073 1702 2130 illud
1748 2075 1949 2130 dictum

2058 2083 2242 2139 Πάντα
2265 2084 2309 2136 δ’
2333 2081 2424 2139 οὖν
2453 2085 2520 2138 τὰ
2544 2087 2621 2148 εἰς
2645 2086 2741 2159 τὴν
2769 2085 2862 2138 τοῦ
2896 2085 3084 2140 Ἰακὼϐ
3109 2087 3406 2158 πρόρρησιν
3434 2087 3628 2140 τεθεω-

392 2187 475 2233 est
507 2195 520 2232 :
558 2193 580 2228 ι
622 2174 814 2232 Manus
837 2181 943 2227 tuae
970 2173 1024 2227 in
1055 2179 1206 2240 tergo
1233 2170 1579 2224 inimicorum
1611 2175 1830 2221 tuorum
1852 2168 1949 2220 ".i

2058 2176 2265 2247 ρημένα
2299 2176 2586 2246 ἀρμόσειεν
2626 2176 2692 2232 ἂν
2733 2178 2826 2232 καὶ
2873 2181 2952 2241 είς
2990 2177 3084 2248 τὴν
3129 2177 3220 2230 τοῦ
3272 2177 3498 2247 Βαλαὰμ
3525 2177 3624 2248 τῆς

391 2269 524 2324 Item
553 2268 684 2324 illud
713 2285 726 2321 :
755 2285 772 2318 ι
811 2265 1038 2321 Catulus
1065 2262 1238 2318 leonis
1266 2259 1426 2327 Juda,
1467 2279 1486 2312 ι
1509 2268 1562 2315 et
1590 2259 1722 2314 illud
1757 2279 1768 2314 :
1805 2279 1824 2310 ι
1851 2257 1949 2314 Re-

2058 2263 2376 2334 ὑμοιότητος
2411 2264 2516 2326 τῷν
2562 2265 2862 2337 λεγομένων
2899 2267 3077 2320 ἕνεκα.
3110 2267 3173 2319 Εἰ
3221 2267 3283 2336 δὴ
3322 2269 3507 2320 ἐκεῖνα
3537 2267 3625 2319 διὰ

390 2359 654 2413 cumbens
678 2355 984 2412 dormivisti
1017 2361 1076 2409 ut
1103 2354 1208 2418 leo,
1260 2359 1313 2408 et
1347 2360 1408 2406 ut
1436 2351 1674 2418 catulus,
1707 2351 1830 2422 quis
1855 2367 1949 2406 ex-

2058 2355 2252 2426 πολλῆς
2273 2355 2596 2423 ἀποδείξεως
2622 2359 2714 2410 ἐπὶ
2744 2358 2834 2411 τὸν
2869 2359 3130 2430 ἡμέτερον
3157 2358 3380 2430 Σωτῆρα
3408 2359 3623 2430 πεπλη-

388 2449 580 2504 citabit
609 2449 762 2502 illum
791 2443 876 2501 "‘2
915 2466 934 2498 ι
992 2444 1138 2516 quod
1165 2445 1220 2499 in
1268 2444 1376 2499 illis
1425 2443 1630 2498 dictum
1683 2450 1787 2510 est,
1819 2443 1949 2497 nihil

2058 2449 2274 2517 ρωμένα
2305 2448 2553 2522 συνέστη,
2588 2449 2875 2503 ἀκόλουθον
2921 2450 2986 2505 ἂν
3033 2452 3116 2521 εἴη
3154 2452 3246 2504 καὶ
3275 2450 3342 2504 τὰ
3378 2452 3624 2523 παρόντα

391 2539 524 2593 mihi
562 2537 781 2594 differre
833 2537 1045 2592 videtur
1077 2537 1145 2590 ab
1175 2550 1260 2600 eo,
1311 2533 1457 2604 quod
1486 2549 1632 2588 nunc
1659 2541 1958 2590 tractamus
2053 2537 2352 2608 ὁμολογεῖν.

387 2633 631 2697 oraculo,
665 2632 822 2702 cujus
847 2631 937 2686 illa
966 2637 1094 2686 sunt
1114 2628 1279 2683 verba
1310 2647 1324 2682 :
1362 2646 1380 2678 ι
1419 2626 1764 2684 Recumbens
1794 2629 1997 2699 quievit
2020 2629 2102 2685 'ut
2154 2632 2259 2698 leo,
2293 2641 2346 2688 et
2393 2640 2452 2688 ut
2494 2639 2727 2698 catulus,
2759 2638 2881 2708 quis
2935 2638 3192 2693 excitabit
3238 2638 3426 2692 illum?
3452 2657 3473 2688 ι
3495 2636 3627 2692 llzec

389 2735 566 2781 autem
600 2741 708 2780 non
741 2725 839 2780 abs
859 2739 921 2779 ro
947 2740 1115 2780 unum
1147 2724 1201 2777 in
1224 2724 1400 2777 locum
1425 2723 1723 2792 coegimus,
1767 2732 1826 2778 ut
1878 2727 2032 2795 quasi
2065 2726 2122 2780 in
2175 2743 2269 2784 ore
2319 2729 2550 2784 duorum
2600 2733 2841 2797 testium,
2889 2734 3009 2804 ejus
3059 2750 3178 2804 quae
3232 2736 3286 2789 in
3321 2733 3626 2805 prophetis

387 2823 666 2886 spectatur
726 2815 1052 2878 concordiae,
1102 2815 1169 2870 de
1215 2813 1498 2869 Salvatore
1543 2822 1732 2871 nostro
1775 2816 2166 2875 demonstratio
2222 2821 2517 2878 firmiorem
2570 2826 2802 2896 accipiat
2835 2826 3233 2881 auctoritatem.
3280 2825 3386 2880 Sed
3437 2826 3623 2878 omnia

385 2922 722 2979 Quaecunque
744 2909 798 2962 in
815 2907 1130 2962 vaticinium
1165 2905 1334 2962 Jacob
1377 2907 1794 2979 contemplanda
1841 2913 2194 2982 contulimus,
2230 2914 2358 2971 huic
2387 2917 2515 2972 item
2564 2919 2708 2989 quod
2753 2935 2783 2973 a
2814 2919 3028 2974 Balaam
3064 2920 3265 2975 dictum
3300 2929 3404 2982 est,
3456 2918 3628 2991 426

388 3003 785 3058 accommodari
836 3011 1109 3074 poterunt,
1141 3011 1364 3074 propter
1414 3019 1603 3059 eorum
1657 3010 1777 3075 ηυδε
1809 3005 1954 3062 dicta
1987 3016 2114 3063 sunt
2169 3011 2603 3070 similitudinem.
2633 3016 2786 3082 Quod
2842 3018 2886 3072 si
2923 3019 3011 3070 illa
3046 3017 3101 3071 in
3135 3025 3322 3073 nostro
3373 3015 3625 3070 Salvato-

386 3111 447 3154 re
494 3097 762 3167 completa
811 3110 933 3153 esse
962 3094 1213 3166 ampliori
1262 3096 1732 3152 demonstratione
1782 3108 1902 3165 tum
1955 3102 2221 3168 constitit,
2277 3107 2524 3176 sequitur
2573 3108 2684 3178 jam
2732 3117 2792 3162 ut
2849 3113 3135 3179 praesentia
3191 3125 3406 3182 quoque
3453 3107 3628 3162 fatea-

387 3205 531 3245 mur.

386 3321 467 3379 Ab
490 3322 655 3403 ρδεε,
685 3351 756 3363 —-
801 3321 953 3403 Itan-1‘
964 3323 1029 3403 de
1061 3324 1152 3378 illo
1199 3324 1335 3390 quod
1392 3323 1708 3403 dictuin__est
1739 3341 1763 3403 :_
1793 3343 1812 3376 ι
1870 3325 1949 3380 Εα

2071 3330 2202 3403 Ἀπὸ
2222 3348 2338 3403 ,του
2378 3329 2569 3399 Ὠσηέ.
2599 3332 2797 3383 -Ἕτι
2826 3331 2956 3401 περὶ
2982 3333 3109 3395 τοῦ,
3141 3352 3158 3383 ι
3192 3333 3290 3396 Ἐξ
3319 3335 3626 3403 Αἰγύπτου
3699 3375 3707 3385 .

459 3391 1105 3467 .Egypto_vocaviFili_um
1141 3410 1330 3456 meum,
1365 3413 1384 3446 ι
1417 3407 1464 3449 et
1492 3395 1556 3448 de
1586 3393 1793 3449 Herode
1818 3412 1952 3467 rege,

457 3473 507 3522 et
535 3464 797 3518 eversione
825 3469 971 3536 regni
992 3463 1319 3518 Juda’oram.

463 3686 485 3720 ι
512 3666 579 3722 Et
609 3675 866 3738 exsurget
903 3668 1136 3739 perditio
1168 3671 1222 3722 in
1273 3670 1473 3740 populo
1505 3676 1620 3732 tuo,
1662 3675 1716 3724 et
1763 3684 1951 3726 omnia

390 3760 600 3815 munita
625 3769 716 3815 tua
745 3760 1018 3831 peribunt,
1053 3773 1114 3814 ut
1143 3761 1397 3830 princeps
1423 3760 1676 3815 Salaman
1705 3761 1772 3816 de
1792 3760 1952 3816 domo

383 3849 692 3907 Jeroboam.
721 3849 780 3905 ln
808 3851 999 3906 diebus
1048 3851 1174 3906 belli
1217 3861 1442 3907 matrem
1489 3869 1651 3923 super
1676 3853 1801 3908 filiis
1835 3853 1953 3906 alli-

386 3951 593 3996 serunt.
626 3939 716 3996 Sic
745 3940 1132 4018 faciam,vobis
1155 3941 1350 3998 domus
1379 3942 1567 4009 Israel,
1593 3961 1623 3998 a
1647 3943 1780 3999 facie
1807 3943 1952 4012 inju-

384 4030 592 4085 riarum
627 4038 956 4092 vestrarum.
1007 4031 1162 4087 Mane
1193 4032 1350 4103 ejecti
1405 4044 1534 4089 sunt
1566 4055 1578 4090 :
1615 4036 1822 4105 ejectus
1867 4045 1950 4091 est

386 4137 484 4178 rex
513 4121 700 4189 Israel,
731 4123 990 4192 quoniam
1041 4122 1224 4178 infans
1282 4122 1468 4181 Israel.
1529 4125 1593 4181 Et
1645 4142 1744 4197 ego
1782 4127 1948 4182 dilexi

383 4226 553 4268 eum:
585 4221 640 4269 et
685 4228 752 4268 ex
784 4210 1021 4284 Egypto
1066 4214 1289 4269 evocavi
1341 4215 1481 4270 filios
1519 4216 1638 4286 ejus
1678 4217 1740 4271 ³³.
1783 4236 1801 4269 ι
1843 4215 1948 4272 Sed

384 4303 581 4375 Aquila
613 4343 630 4370 ,
690 4301 973 4361 Hebraiea:
1024 4305 1318 4361 elocutioni
1390 4307 1722 4374 inserviens,
1781 4327 1800 4360 ι
1871 4308 1946 4362 Ex

387 4392 617 4468 (Egypto
658 4398 847 4453 vocavi
905 4397 1075 4454 ﬁlium
1135 4415 1334 4463 meum,
1370 4420 1389 4453 ι
1424 4401 1808 4470 interpretatus
1840 4411 1942 4458 est.

383 4486 500 4558 Ego
533 4497 711 4544 autem
765 4491 1075 4545 necessario
1124 4491 1192 4545 ad
1242 4493 1465 4549 verbum
1516 4493 1698 4546 notavi
1744 4494 1942 4560 locum,

383 4578 643 4648 quoniam
670 4578 957 4636 Matthams
981 4597 1199 4653 quoque
1240 4583 1422 4652 posuit
1453 4581 1813 4652 prophetiam,
1851 4583 1943 4638 ubi

382 4671 438 4730 in
470 4669 769 4744 Egyptum'
789 4676 1179 4746 commigrasse
1220 4674 1428 4741 Jesum,
1453 4684 1507 4731 et
1541 4676 1689 4730 illinc
1719 4675 1945 4733 rediisse

383 4763 438 4816 in
465 4771 666 4818 terram
689 4764 854 4820 Israel
879 4765 1170 4830 indicavit;
1217 4769 1262 4822 si
1294 4769 1415 4838 quis
1434 4775 1612 4822 autem
1643 4765 1943 4825 Salvatoris

380 4854 555 4909 nostri
586 4854 644 4909 in
674 4851 968 4926 Egyptum
1010 4855 1399 4927 profectionem
1431 4864 1670 4922 accuset,
1704 4858 1842 4912 sciat
1886 4858 1941 4912 id

379 4955 556 5001 totum
585 4947 822 5002 maxima
868 4963 992 5002 cum
1037 4949 1248 5004 ratione
1279 4949 1481 5004 factum
1515 4949 1702 5007 fuisse.
1757 4950 1940 5024 Neque

379 5040 525 5093 enim
577 5036 809 5095 Herodis
842 5041 1202 5096 voluntariam
1255 5043 1513 5100 malitiam
1549 5028 1946 5115 cohibere'par

379 5142 521 5196 erat,
549 5146 727 5202 neque
751 5147 945 5189 rursus
973 5131 1334 5199 Salvatorem,
1377 5151 1604 5205 puerum
1636 5136 1817 5191 adhuc
1845 5137 1946 5190 mi—

379 5223 568 5278 racula
597 5224 842 5280 exordiri
897 5225 1012 5296 jam
1044 5234 1178 5290 tum,
1207 5234 1370 5296 atque
1399 5234 1524 5282 ante
1548 5235 1764 5298 tempus
1803 5227 1941 5282 divi-

377 5328 503 5370 nam
535 5324 811 5374 ostentare
830 5319 1084 5375 virtutem
1121 5338 1134 5374 :
1163 5318 1308 5390 quod
1343 5334 1474 5375 sane
1495 5319 1700 5376 factum
1727 5318 1940 5386 fuisset,

334 5455 343 5462 .
380 5405 424 5460 si
471 5407 706 5464 mirabili
743 5409 977 5481 quadam
1016 5411 1224 5466 ratione
1253 5411 1599 5468 insidiantem
1633 5411 1736 5467 sibi
1763 5410 1938 5467 Hero-

378 5491 499 5545 dem
531 5495 851 5564 punivisset,
875 5495 1050 5571 neque
1069 5501 1178 5555 ullo
1205 5500 1365 5556 modo
1385 5502 1530 5555 illam
1560 5502 1615 5556 in
1642 5501 1937 5572 Egyptum

379 5590 488 5638 una
518 5591 643 5638 cum
696 5589 1018 5657 parentibus
1062 5592 1426 5649 secessionem
1464 5594 1796 5665 pertulisset.
1834 5591 1937 5647 νον

2125 3400 2389 3456 ἐκάλεσα
2419 3403 2523 3454 τὸν
2551 3403 2686 3455 Υἱόν
2707 3420 2846 3469 μου,
2877 3400 2908 3452 ιθ
2927 3403 3023 3456 καὶ
3049 3403 3179 3471 περὶ
3225 3400 3475 3471 Ἡρώδου
3514 3405 3625 3460 τοῦ

2119 3471 2445 3541 βασιλέως,
2477 3474 2574 3525 καὶ
2620 3474 2750 3539 περὶ
2788 3473 2898 3541 τῆς
2925 3473 3319 3541 καθαιρέσεως
3341 3473 3448 3541 τῆς
3486 3477 3624 3531 Ἰου-

2121 3539 2304 3594 δαίων
2326 3543 2665 3608 βασιλείας.

2128 3673 2147 3706 ‹
2181 3655 2291 3709 Καὶ
2324 3654 2741 3728 ἐξαναστήσεται
2770 3657 3021 3712 ’ἀπώλεια
3050 3660 3107 3711 ἐν
3131 3659 3208 3730 τῷ
3237 3658 3350 3730 λαῷ
3379 3677 3495 3724 σου,
3525 3661 3624 3714 καὶ

2053 3748 2227 3801 πάντα
2259 3747 2328 3801 τά
2357 3751 2856 3821 περιτετειχισμένα
2890 3770 2980 3804 σου
3019 3753 3313 3823 οἰχήσεται,
3336 3753 3412 3816 ὡς
3436 3754 3622 3824 ἄρχων

2051 3840 2301 3911 Σαλαμάν
2319 3844 2382 3896 ἐκ
2403 3841 2494 3895 τοῦ
2515 3841 2662 3896 οἴκου
2681 3843 2973 3914 Ἰεροϐοάμ.
3009 3844 3096 3898 Ἐν
3115 3845 3345 3916 ἡμέραις
3380 3845 3621 3915 πολέμου

2055 3935 2263 4005 μητέρα
2276 3934 2366 3987 ἐπὶ
2390 3933 2595 3998 τέκνοις
2609 3935 2890 4004 ἧδάφισαν.
2911 3936 3064 3989 Ούτω
3086 3937 3291 4006 ποιήσω
3303 3939 3454 4008 ὑμῖν,
3472 3934 3621 4002 οἶκος

2065 4025 2298 4098 Ἰσραὴλ,
2349 4026 2455 4080 ἀπὸ
2477 4026 2763 4097 προσώπου
2789 4027 2894 4081 τῶν
2924 4027 3143 4081 ἀδικιῶν
3169 4029 3338 4099 ὑμῶν.
3381 4029 3619 4100 Ὄρθρου

2049 4117 2448 4189 ἀπεῤῥίφησαψ
2473 4119 2748 4190 ἀπερρίφη
2767 4118 3013 4188 βασιλεὺς
3031 4119 3260 4192 Ἰσραὴλ,
3277 4120 3410 4172 διότι
3429 4123 3619 4192 νήπιος

2061 4209 2295 4282 Ἰσραήλ.
2315 4211 2423 4264 Καὶ
2451 4212 2560 4279 ἐγὼ
2597 4213 2854 4281 ἠγάπησα
2889 4211 3070 4275 αὐτὸν,
3115 4212 3208 4264 καὶ
3244 4211 3302 4276 ἐξ
3338 4211 3614 4281 Αἰγύπτου

2051 4301 2384 4371 μετ-ἐκάλεσα
2400 4301 2468 4357 τὰ
2481 4303 2642 4356 τέκνα
2659 4303 2836 4358 αὐτοῦ.
2869 4323 2887 4355 ι
2908 4302 3202 4368 Δουλεύσας
3224 4304 3301 4374 τῷ
3317 4303 3612 4376 Ἐϐραῖκῷ,

2051 4410 2070 4443 ι
2096 4393 2181 4460 Ἐξ
2215 4393 2483 4462 Αἰγύπτου
2519 4395 2751 4448 ἐκάλεσα
2794 4395 2885 4449 τὸν
2933 4396 3043 4450 υἱόν
3088 4413 3208 4466 μου,
3241 4415 3259 4447 ι
3296 4394 3555 4461 ἐξέδωκεν
3587 4399 3614 4449 ὁ

2059 4484 2305 4548 Ἀκύλας.
2324 4486 2656 4554 Ἀναγκαίως
2707 4487 2761 4540 δέ
2807 4489 2867 4541 τὸ
2910 4487 3069 4560 ῥητὸν
3097 4488 3612 4559 ἐπεσημειωσάμην,

2044 4577 2272 4650 ἐπείπερ
2318 4580 2413 4632 καὶ
2456 4581 2484 4632 ὁ
2531 4578 2803 4643 Ματθαῖος
2833 4579 3071 4632 τέθειται
3108 4579 3207 4651 τὴν
3255 4581 3611 4651 προφητείαν,

2047 4668 2278 4739 ὁπηνίκα
2310 4668 2388 4732 εἰς
2416 4667 2687 4737 Αἴγυπτον
2715 4668 3120 4740 διακομισθῆναι
3143 4668 3230 4722 τὸν
3266 4667 3492 4738 Ἰησοῦν,
3516 4668 3614 4721 κάς

2049 4762 2224 4816 κεῖθεν
2271 4761 2582 4815 ἐπανελθεῖν
2630 4760 2721 4813 ἐπὶ
2767 4760 2862 4832 τὴν
2894 4761 2994 4830 γῆν
3024 4760 3117 4813 τοῦ
3155 4760 3369 4831 Ἰσραὴλ
3401 4759 3608 4830 ἐδήλου.

2046 4857 2110 4908 Εἰ
2145 4855 2200 4908 δέ
2237 4854 2598 4926 ἐπιμέμφοιτὸ
2629 4871 2708 4916 τις
2740 4856 2803 4924 τῇ
2842 4854 2918 4917 εἰς
2953 4853 3222 4923 Αἴγυπτον
3266 4854 3610 4924 ἀναχωρήσει

2044 4945 2138 4999 τοῦ
2161 4946 2312 5016 Σωτῆ
2323 4965 2410 5018 ρος
2436 4945 2612 5018 ἡμῶν,
2634 4945 2762 4998 ἴστω
2785 4945 2924 4998 κατὰ
2946 4945 3099 5014 λόγον
3117 4944 3282 5016 αὐτὴν
3305 4945 3605 5014 γεγονέναι.

2042 5037 2178 5092 Οὔτε
2211 5040 2318 5110 γὰρ
2351 5041 2592 5110 ἐπισχεῖν
2623 5038 2711 5091 τὸν
2751 5036 2994 5110 Ἡρώδην
3019 5039 3116 5108 τῆς
3154 5037 3606 5110 αύτοπροαιρέτου

2043 5129 2239 5191 κακίας
2267 5129 2541 5200 προσῆκον
2564 5123 2651 5199 ἦν,
2674 5125 2783 5179 οὔτ’
2806 5127 2870 5180 ἂν
2902 5126 3098 5199 βρέφος
3136 5127 3208 5180 ἔτ’
3231 5127 3358 5180 ὄντα
3384 5128 3473 5179 τὸν

2039 5219 2183 5291 τῆρα
2208 5220 2316 5276 τῶν
2346 5218 2635 5289 θαυμάτων
2658 5218 3023 5290 ἀπάρξασθαι,
3047 5218 3140 5272 καὶ
3162 5218 3265 5292 πρὸ
3297 5221 3490 5292 καιροῦ
3512 5217 3605 5289 τὴν

2041 5310 2190 5366 θείαν
2224 5309 2620 5366 ἐπιδείκνυσθαι
2653 5310 2908 5382 δύναμιν·
2961 5311 3094 5382 ὅπερ
3142 5310 3207 5363 ἂν
3250 5312 3521 5388 ἐπράχθη,
3556 5319 3603 5371 εί

2041 5401 2355 5474 παραδόξως
2373 5400 2785 5455 ἐπιϐουλεύοντα
2801 5401 2950 5473 αὐτῷ
2978 5403 3065 5454 τὸν
3088 5401 3326 5476 Ἡρώδην
3353 5406 3599 5476 μετῆλθε,

2044 5493 2300 5566 μηδαμῶς
2333 5495 2626 5566 ὑπομείνας
2655 5494 2754 5565 τὴν
2795 5495 2876 5556 εἰς
2923 5494 3187 5562 Αἴγυπτον
3229 5495 3344 5566 ἅμα
3373 5501 3484 5562 τοῖς
3510 5515 3600 5566 γο-

2039 5587 2219 5640 νεῦσιν
2245 5589 2604 5660 ἀναχώρησιν.
2625 5585 2783 5639 Ἀλλὰ
2825 5585 2933 5658 γὰρ
2972 5582 3040 5659 ἦν
3070 5588 3164 5660 τῆς
3195 5589 3501 5660 κρείττονος
3526 5594 3598 5649 οἰ-

454 5735 498 5778 “
538 5739 671 5800 Gen.
706 5759 868 5813 xm,
901 5746 955 5802 9.
1031 5748 1074 5781 '°
1114 5749 1244 5804 ibid.
1286 5750 1363 5806 10.
1447 5752 1484 5782 δ’
1529 5751 1658 5806 ibid.
1693 5750 1745 5808 8.
1823 5753 1870 5790 η
1908 5749 1949 5806 il

2074 5751 2125 5809 9.
2205 5753 2248 5830 ’ἒ
2287 5751 2411 5808 Ose.
2444 5752 2766 5822 ι,14,15;
2809 5752 2974 5818 ιι,1.
