3908 6266
227 352 319 407 eos
1066 345 1721 405 DEMONSTRATIONIS
1766 345 2220 403 EVANGELICAZ
2268 334 2393 403 LIB.
2458 346 2549 405 1x.
3324 358 3427 415 θδθ

224 465 461 538 κονομίας
486 467 573 520 ἐπί⁵
606 466 797 539 καιροῦ
824 467 917 521 τοῦ
941 469 1303 541 προσήκοντος
1326 467 1434 521 τῶν
1456 467 1555 538 τῆς
1577 466 1764 536 θεότη-

1884 478 1988 517 ·ιιηι
2019 464 2163 518 enim
2220 465 2612 534 praestantioris
2667 467 2955 537 cujusdam
3008 469 3427 541 dispensationis

222 575 300 622 τος
327 556 666 627 ἀπάρξασθαι
687 556 997 629 θαυμάτων,
1030 552 1075 627 ᾧ
1098 576 1160 627 γε
1188 559 1275 613 διὰ
1307 557 1504 620 παντὸς
1528 554 1620 608 τοῦ
1648 554 1763 625 βίου

1884 571 1928 609 ιε
1948 556 2228 617 sapientia?
2264 557 2390 620 fuit,
2419 573 2520 612 suo
2554 566 2718 629 atque
2746 562 3155 619 accommodato
3183 573 3427 636 tempore

219 651 271 703 τὸ
315 650 483 720 πρᾶον
522 649 614 701 καὶ
655 649 971 713 ἀνεξίκακον
1018 650 1450 724 μεμαρτύρηται,
1496 648 1762 720 προχείρῳ

1882 649 2273 715 niraculorum,
2306 664 2428 720 qua:
2478 650 2544 706 ad
2600 652 2939 709 divinitatem
2997 658 3287 726 pertinent.
3329 661 3425 714 ini-

222 741 308 811 μέν
334 742 409 804 είς
440 739 536 805 τὰς
576 740 823 806 εὐποιίας
857 743 949 795 καὶ
987 742 1083 805 τὰς
1118 742 1299 807 κοινὰς
1328 740 1641 811 εὐεργεσίας
1668 756 1761 808 γε-

1881 738 1996 791 ium
2026 737 2205 793 facere
2224 754 2347 793 eum
2379 740 2467 794 cui
2521 740 2574 794 in
2610 748 2723 796 tota
2754 744 2862 796 vita
2893 748 3331 803 mansuetudinis
3370 757 3424 803 et

217 831 425 903 νομένῳ,
466 832 667 902 μηδένα
707 833 763 886 δὲ
806 833 913 887 τῶν
958 835 1030 906 μὴ
1080 836 1380 889 ἀκουόντων
1417 835 1758 907 ἀμυνομένῳ,

1880 828 2158 884 :lementiae
2203 831 2572 886 testimonium
2633 833 2903 889 redditum
2960 844 3064 902 est,
3107 840 3310 910 quique
3358 842 3423 896 ad

218 925 337 997 μηδέ
381 926 468 978 ὅτε
509 925 583 989 ὡς
632 926 903 999 πρόϐατον
947 928 1039 980 ἐπὶ
1084 928 1297 999 σφαγὴν
1336 927 1519 997 ἦγετο,
1550 928 1644 979 καὶ
1685 926 1759 990 ὡς

1880 922 2300 987 tromerendum,
2333 929 2496 993 atque
2548 923 2615 978 ad
2651 928 2962 981 communia
2992 929 3162 984 cilicia
3191 932 3423 1002 fungen-

214 1017 365 1087 ἀμνὸς
389 1017 626 1071 ἐναντίον
665 1018 757 1072 τοῦ
791 1018 1057 1091 κείροντος
1078 1020 1309 1088 ἄφωνος.
1341 1017 1465 1081 Πῶς
1493 1013 1585 1071 οὖν
1613 1019 1757 1083 εἰκὸς

1879 1012 1927 1066 Ia
1957 1027 2259 1082 propensus
2286 1013 2515 1077 exstitit,
2542 1029 2643 1069 nec
2695 1015 2931 1086 aliquem
2966 1034 3203 1089 unquam
3234 1036 3422 1077 eorum

210 1105 269 1180 ἦν
290 1108 376 1162 τὸν
408 1108 646 1164 τοιοῦτον
668 1110 775 1164 δεῖν
807 1112 864 1164 ἐν
898 1111 1095 1182 παιδίῳ
1136 1110 1210 1182 μὴ
1255 1111 1375 1181 ούχὶ
1404 1110 1753 1182 ὑποχωρῆσαι

1883 1103 1951 1173 [υἱ
1974 1118 2082 1157 non
2109 1104 2211 1174 ipsi
2244 1106 2711 1170 auscultaverunt,
2740 1109 2889 1164 ultus
2910 1116 3015 1174 est,
3047 1127 3118 1167 ne
3145 1121 3277 1168 tunc
3301 1114 3426 1184 qui-

209 1202 264 1271 τῇ
294 1198 382 1253 τοῦ
423 1200 660 1272 Ἡρώδου
690 1202 877 1274 κακίᾳ,
905 1196 949 1270 ᾧ
981 1204 1074 1258 καὶ
1098 1204 1154 1255 ἐν
1183 1202 1337 1274 ἀνδρὶ
1364 1201 1425 1254 τὸ
1456 1202 1752 1274 ἀναχωρεῖν

1880 1194 1977 1249 lem
2003 1209 2127 1249 cum
2159 1201 2219 1249 ut
2249 1196 2367 1252 ovis
2415 1197 2482 1253 ad
2520 1200 2853 1275 occisionem
2907 1200 3227 1267 ducebatur,
3261 1213 3423 1275 atque

209 1293 289 1345 καὶ
317 1293 436 1357 τοὺς
451 1294 735 1364 πονηροὺς
761 1294 1026 1348 ἐκκλίνειν
1063 1294 1499 1366 μεμαρτύρηται,
1529 1291 1752 1365 ἐπικρύ-

1876 1292 1914 1337 It
1939 1300 2113 1356 agnus
2142 1300 2325 1342 coram
2368 1289 2630 1347 tondente
2660 1305 2721 1347 se
2746 1331 2761 1356 ,
2793 1293 3227 1351 obmutescebat.
3257 1295 3419 1368 527

207 1382 413 1437 πτεσθαί
460 1400 519 1438 τε
560 1385 652 1438 καὶ
698 1385 1024 1456 ὑποφεύγειν
1052 1386 1144 1440 τὸν
1180 1387 1271 1439 ἐπὶ
1299 1390 1417 1453 ταῖς
1455 1385 1750 1458 παραδοξο-

1873 1373 1955 1442 Qui
1976 1383 2177 1441 autem,
2196 1394 2405 1448 quaaso,
2422 1381 2792 1450 convenisset,
2816 1398 2962 1449 eum,
2991 1385 3084 1455 qui
3122 1386 3248 1441 talis
3275 1396 3416 1449 erat,

205 1475 388 1540 ποιίαις
408 1472 657 1543 ἐπαινονς
701 1477 934 1550 παρῄνει
972 1478 1102 1547 γοῦν
1134 1482 1245 1543 τοῖς
1276 1479 1367 1533 ὑπ’
1400 1477 1561 1533 αὑτοῦ
1589 1479 1748 1551 θερα-

1876 1480 2079 1520 merum
2109 1466 2288 1522 adhuc
2320 1467 2552 1525 Herodis
2579 1472 2798 1529 malitiae
2833 1486 2943 1529 non
2975 1475 3298 1543 concedere,
3327 1481 3419 1535 cui

205 1565 500 1636 πενομένοις
529 1566 714 1640 μηδενὶ
740 1567 935 1637 λέγειν.
972 1569 1034 1622 Ει
1058 1569 1102 1623 δ’
1124 1571 1215 1623 ἐπὶ
1233 1570 1324 1623 τὸν
1350 1570 1481 1625 λαὸν
1496 1570 1596 1643 τὴν
1620 1586 1748 1641 προ-

1878 1556 2011 1609 tiam
2041 1556 2111 1611 ad
2142 1559 2352 1614 virilem
2411 1566 2625 1618 aetatem
2686 1564 2953 1634 profecto,
3001 1566 3338 1623 concedendi
3366 1577 3421 1625 et

205 1654 407 1725 φητείαν
437 1656 696 1729 ἀναφέροι
728 1675 831 1724 τις,
863 1658 1085 1728 φάσκων
1116 1660 1242 1731 περὶ
1287 1658 1380 1713 τοῦ
1406 1661 1470 1713 ἐκ
1504 1659 1748 1732 σπέρμα-

1880 1646 2113 1717 malignos
2164 1649 2498 1716 declinandi.
2531 1654 2908 1711 testimonium
2964 1656 3239 1714 redditum
3291 1660 3423 1715 est?

202 1762 279 1808 τος
320 1745 410 1799 τοῦ
444 1747 662 1819 Ἰσραὴλ
709 1747 836 1804 λαοῦ
885 1749 1149 1822 εἰρῆσθαι,
1182 1751 1526 1823 ἐπιστησάτω
1553 1755 1617 1822 τῇ
1651 1749 1745 1805 τοῦ

1876 1736 2050 1809 [ιιίῑιυε
2097 1747 2151 1794 ει
2208 1755 2269 1797 se
2330 1744 2630 1810 occultare,
2666 1747 2805 1802 etin
2857 1748 3143 1806 miraculis
3190 1751 3419 1812 edendis

201 1836 337 1905 λόγου
368 1838 677 1913 ἀκολουθίᾳ,
708 1840 881 1895 ταῦτα
924 1842 1139 1896 ἔσεσθαι
1177 1843 1395 1916 φησάσῃ
1428 1842 1564 1914 μετά
1590 1843 1652 1896 τδ
1677 1842 1744 1896 εί-

1877 1829 2069 1885 audem
2092 1830 2330 1903 eﬂ‘ugere
2356 1839 2744 1893 consueverit?
2763 1853 2890 1893 nam
2921 1855 3060 1912 quos
3080 1843 3198 1912 ipse
3229 1860 3420 1902 curas-

204 1931 304 1982 πεῖν
329 1929 400 1994 ὡς
425 1930 564 2003 πρὸς
598 1932 767 2004 αὐτὴν
807 1933 906 2005 τὴν
943 1934 1326 2007 Ἰερουσαλήμο
1370 1953 1388 1986 ι
1417 1935 1527 1989 Καὶ
1557 1933 1747 2000 ἐξανα-

1874 1928 1955 1986 et,
1990 1922 2058 1978 iis
2089 1924 2390 1995 imperabat
2426 1936 2486 1981 ut
2511 1928 2712 1986 nemini
2736 1930 3000 1989 dicerent.
3027 1935 3183 2002 Quod
3215 1938 3262 1993 si
3294 1940 3417 2007 quis

201 2022 429 2092 στήσεται
453 2021 697 2078 ἀπώλεια
724 2025 782 2077 ἐν
811 2024 888 2096 τῷ
916 2024 1029 2097 λαῷ
1061 2043 1174 2089 σου,
1205 2028 1300 2080 καὶ
1328 2026 1504 2080 πάντα
1537 2042 1744 2098 περιτε-

1875 2012 2187 2083 prophetiam
2222 2015 2364 2072 hanc
2392 2017 2460 2073 ad
2486 2021 2743 2090 populum
2774 2021 2996 2084 referat.
3015 2024 3273 2097 dicatque
3302 2029 3418 2085 lizec

196 2112 489 2182 τειχισμένα
515 2130 608 2166 σου
623 2114 919 2186 οίχήσεται.
952 2124 979 2167 ι
999 2116 1109 2170 Καὶ
1137 2116 1299 2188 ειπερ,
1325 2116 1507 2188 φησιν,
1529 2118 1557 2170 6
1585 2115 1739 2169 τοιόσ-

1874 2103 1914 2158 le
1944 2106 2146 2174 populo
2173 2121 2237 2161 ex
2272 2109 2483 2167 semine
2531 2110 2698 2168 Israel
2746 2115 2982 2170 oriundo
3008 2116 3154 2172 dicta
3192 2135 3335 2187 esse,
3369 2120 3417 2178 is

195 2202 240 2254 δε
263 2203 431 2274 ἀρχων
462 2205 696 2259 πέπονθε
730 2207 871 2261 κατὰ
920 2207 1011 2261 τὸν
1064 2206 1358 2262 ἐπελθόντα
1394 2206 1542 2278 αὑτῷ
1586 2206 1738 2260 πόλε-

1873 2196 2089 2251 ιιιεηάειι
2118 2199 2412 2254 verborum
2456 2202 2703 2259 ordinem
2755 2204 2812 2258 in
2842 2208 3042 2276 quibus
3083 2209 3197 2265 haec
3232 2210 3416 2269 futura

198 2309 299 2362 μον,
327 2296 382 2347 ἐν
422 2289 470 2363 ᾧ
501 2296 711 2368 μητέρα
752 2297 844 2353 ἐπὶ
892 2297 1103 2362 τέκνοις
1137 2299 1424 2369 ὴδάφισαν,
1454 2298 1523 2351 τὰ
1567 2314 1741 2369 παρα-

1872 2284 2122 2352 licuntur,
2143 2298 2433 2361 postquam
2465 2293 2670 2349 dictum
2714 2305 2800 2353 est
2826 2299 2983 2367 quasi
3015 2300 3080 2354 ad
3119 2301 3295 2371 ipsum
3325 2302 3415 2359 Je-

194 2386 372 2457 πλήσια
390 2391 485 2442 καὶ
504 2390 632 2460 ὑμῖν
659 2391 842 2455 αὐτοῖς
866 2395 1074 2464 ποιήσω
1103 2391 1189 2445 διὰ
1220 2393 1317 2455 τὰς
1338 2391 1533 2456 κακίας
1565 2391 1738 2463 ὑμῶν.
1846 2380 2109 2443 τυδθιθηῖν
2146 2399 2165 2431 ⁴
2202 2391 2256 2436 ει
2284 2393 2545 2456 “sunset
2590 2388 2826 2457 Ρθτάίίίο
2870 2392 2928 2445 in
2961 2394 3163 2463 Ρθβυίο
3208 2402 3324 2461 tuo:
3358 2406 3416 2453 ει

203 2475 339 2548 Ὑμῖν
378 2477 434 2533 δὲ
485 2479 595 2533 τίσι
642 2479 673 2552 ἢ
718 2483 831 2545 τοῖς
880 2481 1237 2553 καλουμένοις
1280 2482 1658 2554 Ἰσραηλίταις,
1690 2482 1741 2535 οἳ

1891 2468 2025 2523 mnia
2080 2472 2289 2527 munita
2347 2483 2440 2528 tua
2501 2478 2797 2547 peribunt;
2858 2501 2878 2534 ο
2915 2489 2971 2537 ει
3020 2498 3143 2553 quae
3192 2486 3414 2555 quidem

192 2570 270 2622 καὶ
303 2571 640 2643 ἀπερρίφητε
670 2572 767 2625 σὺν
802 2572 877 2642 τῷ
911 2572 1121 2643 βασιλεῖ
1149 2573 1335 2644 ύμῶν;
1367 2573 1455 2625 τὸν
1498 2572 1735 2645 Ἡρώδην

1872 2560 2095 2631 ντίηεερε
2127 2578 2323 2633 passus
2362 2575 2446 2622 est
2485 2568 2540 2622 in
2577 2569 2739 2635 bello,
2774 2573 2829 2627 in
2863 2588 2969 2643 quo
2991 2584 3217 2631 matrem
3250 2592 3415 2648 super

192 2659 530 2731 αἰνιττόμενος
549 2677 562 2690 ⁸
590 2661 683 2714 καὶ
724 2659 894 2715 ταῦτά
922 2679 984 2730 γε
1029 2661 1206 2716 πάντα
1228 2662 1549 2728 πεπόνθατε,
1574 2663 1735 2716 (διότι

1869 2652 1988 2715 liis,
2024 2661 2185 2710 teme
2234 2658 2540 2725 alliserunt,
2579 2663 2768 2719 eadem
2804 2666 2956 2722 vobis
3002 2682 3222 2739 quoque
3277 2670 3412 2740 ipsis

192 2751 317 2814 παῖς,
343 2770 360 2802 ι
401 2751 591 2823 φησιν,
633 2772 651 2804 ι
676 2752 909 2823 Ἰσραὴλ,
948 2752 1043 2807 καὶ
1091 2753 1201 2822 ἐγὼ
1241 2754 1507 2826 ἠγάπησα
1553 2754 1735 2820 αὑτὸν,

1870 2745 2034 2799 aciam
2068 2758 2291 2819 propter
2328 2753 2567 2809 malitias
2612 2765 2849 2812 vestras.
2885 2756 3055 2815 Vobis
3098 2775 3263 2830 porro
3289 2761 3413 2831 qui-

191 2844 268 2899 καὶ
308 2845 360 2912 ἐξ
390 2846 670 2915 Αἰγύπτου
720 2847 952 2901 ἐκάλεσα
998 2847 1086 2900 τὸν
1118 2846 1243 2899 Υίόν
1275 2864 1395 2918 μου.
1429 2866 1446 2898 ι
1478 2848 1602 2912 Πῶς
1629 2849 1734 2921 γάρ

1877 2850 1940 2889 us
1995 2837 2215 2892 tandem
2261 2841 2406 2905 aliis,
2469 2844 2578 2899 nisi
2632 2849 2726 2917 qui
2785 2850 3059 2904 vocamini
3116 2851 3414 2907 Israelitae?

189 2931 281 2990 οἷόν
304 2954 357 2992 τε
390 2938 533 2992 κατά
562 2937 621 2991 τὸ
646 2939 777 2992 αὐτὸ
816 2942 925 3003 τοῖς
968 2940 1149 3003 αὐτοῖς
1182 2940 1607 3011 ἐπιμέμφεσθαι,
1642 2943 1737 2996 καὶ
1836 2929 2041 2999 (ιιιίειυθ
2062 2931 2225 2985 etiam
2256 2934 2447 3003 Υθίθοῑῖ
2471 2937 2608 2993 esus
2629 2954 2753 2993 cum
2786 2956 2913 3012 νεεδ
2942 2944 3160 2997 νθειτοῗ
3184 2944 3276 2999 "bi
3306 2944 3413 2999 “9"

188 3028 324 3084 πάλιν
357 3031 483 3095 τοὺς
528 3031 724 3094 αὐτοὺς
769 3032 1009 3084 ἐπαινεῖν
1029 3047 1042 3097 ;
1062 3030 1200 3084 Ἀλλ’
1227 3026 1295 3102 ἦν
1324 3033 1352 3084 6
1380 3030 1582 3103 ἀληθὴς
1612 3031 1731 3096 νοῦς

1867 3018 2019 3073 odcm
2072 3021 2366 3081 obscurius
2421 3026 2678 3084 indicat:
2732 3036 2788 3084 et
2839 3030 2955 3086 hac
3019 3033 3204 3088 omnia
3261 3035 3410 3105 passi

188 3121 364 3194 ταύτην
389 3122 528 3195 ἔχων
555 3122 808 3197 θεωρίαν.
828 3124 1044 3195 Ἰσραὴλ
1063 3123 1170 3196 γὰρ
1191 3124 1219 3176 6
1240 3124 1474 3195 Χριστὸς
1494 3125 1586 3179 καὶ
1609 3124 1731 3179 καθ’

1869 3113 1989 3175 stis,
2023 3131 2042 3165 ι
2084 3117 2343 3185 quoniam
2365 3133 2521 3188 puer,
2550 3119 2749 3191 inquit,
2775 3130 2859 3177 est
2888 3124 3054 3179 Israel
3080 3164 3094 3189 ,
3117 3134 3171 3180 et
3198 3141 3297 3197 ego
3325 3127 3410 3181 di-

188 3180 351 3288 ἐτέρας
394 3180 755 3288 ἀνηγόρευται
804 3180 1157 3288 προξςητείας,
1192 3180 1474 3288 ὡσπεροῦν
1511 3216 1606 3270 καὶ
1638 3216 1731 3271 ἐπὶ

1859 3202 1940 3256 exi
1968 3180 2150 3260 eum}
2181 3215 2235 3260 et
2270 3207 2339 3262 de
2365 3180 2643 3280 ’.κΕενριο⁸
2667 3211 2859 3268 vocavi
2916 3213 3087 3268 filium
3142 3180 3343 3271 meum.
3382 3235 3402 3269 ι

185 3302 265 3371 τῆς
292 3304 585 3376 παρούσης.
606 3305 822 3377 Ἐπειδὴ
870 3306 1045 3359 τοίνυν
1074 3300 1246 3372 οὗτος,
1278 3308 1459 3380 φησὶν,
1495 3307 1728 3379 ὑπήκοός

1866 3294 1939 3360 Qui
1967 3296 2111 3350 enim
2143 3298 2257 3354 ﬁeri
2302 3308 2503 3371 potest,
2528 3312 2587 3357 ut
2614 3305 2804 3359 eodem
2850 3305 2906 3359 in
2946 3307 3068 3361 loco
3102 3307 3324 3364 eosdem
3352 3317 3409 3365 et

188 3410 259 3462 μοι
275 3396 572 3467 γενόμενος,
597 3398 810 3470 μορφὴν
829 3396 1017 3451 δούλου
1047 3397 1259 3469 εἴληφε,
1282 3402 1377 3454 καὶ
1396 3400 1587 3471 γέγονε
1605 3417 1731 3455 παι-

1868 3397 2056 3443 ccuset
2074 3396 2127 3443 et
2160 3389 2376 3445 laudet?
2402 3391 2497 3447 sed
2529 3408 2692 3449 verus
2721 3409 2918 3453 sensus
2949 3406 3033 3453 est
3066 3400 3132 3465 is,
3155 3401 3408 3470 quihanc

182 3485 271 3538 δίον
294 3488 567 3560 ἀγαπητὸν
605 3490 748 3560 ἐμοὶ,
785 3491 965 3545 πᾶσαν
993 3490 1090 3563 τὴν
1120 3492 1258 3565 ἐμὴν
1286 3492 1572 3558 ἐκτελέσας
1604 3492 1725 3565 βου-

1865 3478 1995 3534 abet
2021 3484 2561 3554 contemplationem.
2595 3482 2761 3542 lsrael
2793 3489 2937 3543 enim
2961 3489 3016 3543 in
3044 3491 3149 3544 alia
3177 3492 3408 3563 prophe-

183 3576 278 3648 λὴν,
304 3580 384 3635 διά
428 3583 589 3637 τοῦτο
633 3583 795 3641 αὑτὸν
826 3584 928 3656 μὲν
972 3585 1078 3638 ἀπὸ
1105 3584 1202 3655 τῆς
1229 3585 1526 3653 Αἰγύπτου,
1558 3587 1637 3651 εἰς
1662 3586 1726 3658 ἢν

1861 3569 1905 3623 ia
1938 3572 2121 3629 dictus
2151 3582 2236 3630 est
2262 3574 2539 3641 Christus,
2583 3578 3042 3647 quemadmodum
3068 3582 3122 3635 in
3143 3582 3245 3636 hac
3265 3598 3404 3655 quo-

182 3670 573 3749 ἑνινθρωπὴσας
594 3675 975 3748 κατελήλυθεν,
996 3676 1136 3730 οὕτω
1161 3676 1318 3748 δηλου
1327 3678 1486 3749 μένου
1516 3678 1609 3732 τοῦ
1631 3695 1725 3732 πε-

1857 3678 1935 3730 [ue
1965 3679 2127 3733 quam
2184 3681 2333 3721 nunc
2389 3674 2710 3724 tractamus.
2759 3670 3031 3734 Quoniam
3076 3672 3244 3740 igitur
3288 3675 3400 3740 hic,

183 3763 354 3831 ριγείου
373 3767 563 3831 τόπου,
586 3766 618 3838 ἢ
651 3768 746 3821 καὶ
766 3768 824 3835 ἐξ
844 3768 1014 3839 αὐτῆς
1037 3769 1135 3840 τῆς
1166 3768 1456 3841 προχείρου
1486 3764 1575 3824 οἷα
1602 3770 1726 3842 γνή-

1856 3751 2028 3823 nquit,
2061 3752 2322 3810 obediens
2350 3756 2482 3811 mihi
2510 3755 2711 3820 factus.
2737 3759 2965 3815 formam
2985 3762 3129 3818 servi
3168 3765 3399 3836 accepit,

183 3867 273 3904 σιον
297 3856 384 3909 καὶ
415 3857 698 3930 ἀγαπητὸν
722 3859 848 3914 Υίὸν
872 3860 1286 3933 άνεκαλεσάμην
1305 3878 1318 3891 ·
1341 3862 1484 3932 ὑμᾶς
1502 3861 1577 3925 δὲ,
1599 3861 1723 3926 τοὺς

1860 3853 1879 3898 ι
1912 3843 2088 3900 factus
2115 3852 2200 3901 est
2229 3861 2367 3917 puer
2412 3848 2547 3903 mihi
2593 3849 2843 3917 dilectus,
2875 3852 3003 3908 dum
3041 3855 3224 3909 omnia
3255 3871 3403 3926 quaa-

183 3943 290 4008 πρὸς
314 3946 402 4012 οὓς
432 3951 463 4002 6
494 3950 669 4019 λόγος,
707 3952 803 4005 σὺν
848 3953 943 4006 καὶ
970 3955 1035 4024 τῇ
1068 3952 1310 4025 ὑμετέρᾳ
1339 3952 1584 4025 βασιλείᾳ
1607 3954 1724 4007 ὄλε-

1862 3953 2044 4007 unque
2081 3938 2205 3994 volo
2247 3938 2430 4004 eliicit,
2456 3939 2673 3997 idcirco
2724 3943 2879 3998 illum
2933 3960 3001 4000 ex
3043 3944 3301 4017 Egypto,
3332 3948 3401 4004 ad

180 4032 281 4104 Ερος
327 4042 414 4094 καὶ
454 4040 702 4096 ἀπώλεια
746 4044 1143 4117 παραλήψεται.
1173 4044 1355 4098 Ταῦτα
1400 4045 1556 4116 μὲνὴ
1587 4062 1722 4116 προ-

1864 4046 1986 4085 uam
2020 4031 2258 4088 hominis
2288 4031 2467 4087 forma
2505 4042 2791 4106 assumpta
2843 4036 3146 4105 descendit,
3177 4038 3307 4094 dum
3336 4056 3401 4097 ea

179 4130 342 4196 φητεία
363 4150 375 4163 ο
417 4134 680 4206 πρόδηλον
725 4134 781 4189 δὲ
823 4137 970 4201 ὅπως
1022 4136 1128 4191 ἀπὸ
1177 4135 1285 4191 τῶν
1326 4136 1420 4191 τοῦ
1473 4137 1721 4209 Σωτῆρος

1858 4139 1957 4179 oce
1985 4133 2239 4181 terrenus
2270 4127 2429 4184 locus
2461 4126 2823 4198 signiﬁcatur,
2858 4137 2953 4185 aut
2989 4131 3157 4187 etiam
3197 4147 3258 4189 ex
3307 4133 3400 4188 illa

178 4222 307 4289 ἡμῶν
321 4227 525 4297 χρόνων
555 4228 1007 4301 πολιορκηθείσης
1034 4231 1135 4299 τῆς
1178 4229 1553 4301 Ἰερουσαλὴμ,
1574 4228 1715 4283 καθ-

1852 4218 2123 4288 'ulgatiore
2152 4226 2414 4290 tanquam
2438 4223 2740 4292 legitimum
2791 4220 3163 4295 dilectumque
3196 4222 3395 4279 Filium

180 4314 319 4386 ῃρέθη
350 4320 441 4373 καὶ
485 4321 564 4383 είς
609 4320 671 4373 τὸ
716 4321 975 4385 παντελὲς
1007 4322 1283 4394 ἀπερρίφη
1316 4323 1350 4395 ἡ
1403 4322 1563 4394 μέχρι
1595 4321 1718 4375 τότε

1857 4310 2040 4365 vocavi
2070 4329 2084 4365 :
2110 4326 2207 4367 vos
2245 4319 2426 4367 autem
2458 4312 2608 4383 ipsos
2638 4313 2706 4369 ad
2752 4328 2891 4384 quos
2929 4330 3112 4371 sermo
3157 4315 3400 4373 directus

180 4411 387 4464 σδστᾶσα
409 4411 501 4465 τοῦ
534 4412 804 4467 Ἰουδαίων
830 4412 1015 4478 ἔθνους
1042 4414 1333 4485 αὑτονομία
1352 4431 1410 4467 τε
1433 4415 1527 4467 καὶ
1552 4415 1713 4485 ἀρχή.
1819 4410 1923 4467 εδει
1960 4417 2069 4457 una
2125 4419 2249 4459 cum
2303 4421 2474 4477 τίθεηο
2531 4416 2717 4463 νθδῐΐο
2773 4409 3026 4466 “ﬂemus
3073 4419 3127 4466 ει
3168 4412 3401 4479 Perdit“)

178 4495 296 4570 Πλὴν
318 4502 445 4556 ἀλλά
466 4503 647 4575 τρίτον
678 4504 777 4576 ήδη
805 4503 875 4558 τὰ
904 4505 1034 4576 περὶ
1060 4505 1162 4575 τῆς
1188 4486 1464 4575 Αἰγύπτου
1498 4505 1593 4559 καὶ
1618 4505 1716 4577 τῆς

1847 4497 2264 4567 :omprebendet.
2309 4497 2437 4555 Haec
2471 4501 2689 4571 quidem
2727 4501 2843 4571 ipsa
2896 4502 3179 4573 prophetia
3209 4524 3222 4559 :
3253 4520 3390 4559 con-

178 4588 332 4644 αὐτόθι
364 4594 594 4664 ἀφίξεως
622 4595 785 4649 αὑτοῦ
817 4597 1272 4669 προπεφήτευται.
1305 4597 1369 4651 El
1391 4596 1448 4650 δέ
1472 4615 1555 4660 τις
1580 4596 1719 4650 αὐτὰ

1852 4595 1930 4641 tat
1974 4597 2153 4644 autem
2189 4591 2647 4661 quemadmodum
2696 4600 2821 4662 post
2880 4592 3182 4651 Salvatoris
3212 4597 3389 4651 nostri

180 4680 406 4752 μηδαμῶς
437 4685 768 4759 ἐφαρμόζειν
800 4689 890 4740 ἐπὶ
925 4687 1014 4741 τὸν
1048 4686 1315 4758 ἡμέτερον
1346 4686 1493 4755 λέγοι
1534 4685 1720 4757 Σωτῆ-

1848 4695 2084 4749 empora,
2113 4696 2237 4735 cum
2274 4681 2501 4736 obsessa
2555 4680 2749 4736 fuisset
2807 4697 2871 4736 ac
2909 4690 3122 4737 vastata
3166 4682 3391 4738 Jerusa—

178 4785 249 4837 pz,
276 4774 400 4830 ἁ).λά
443 4777 510 4831 τά
553 4794 618 4845 γε
666 4778 764 4848 τῆς
796 4777 887 4831 τοῦ
916 4776 1194 4837 Ματθαίου
1227 4777 1582 4849 παραθέσεως
1610 4778 1719 4834 ἀπὸ

1847 4788 1941 4837 am,
1965 4773 2212 4828 sublatus
2235 4780 2340 4837 est,
2373 4781 2426 4827 et
2451 4772 2518 4827 ad
2547 4782 2845 4828 extremam
2898 4774 3195 4844 perniciem
3249 4776 3390 4845 reje-

178 4861 255 4930 τῆς
297 4867 439 4938 παρά
483 4868 704 4922 Μωῦσεί
748 4870 1052 4941 μαρτυρίας
1095 4869 1242 4939 αὑτῷ
1273 4869 1714 4941 παρειλημμένα,

1848 4873 1957 4930 tus,
2000 4867 2092 4936 qui
2126 4882 2300 4937 usque
2329 4867 2394 4921 ad
2427 4866 2560 4920 illud
2608 4873 2824 4935 tempus
2872 4876 3099 4921 steterat
3146 4866 3387 4923 Iudaicae

180 4954 229 5020 ἦν
253 4958 334 5009 καὶ
361 4959 553 5030 ἀρτίως
584 4959 992 5033 διεληλύθαμεν,
1021 4960 1101 5024 τὸ,
1146 4979 1165 5012 ι
1188 4961 1245 5013 '0
1269 4960 1400 5024 Θεὸς
1435 4960 1717 5031 ὡδήγησεν

1846 4958 1989 5012 entis
2031 4959 2206 5029 legum
2266 4973 2401 5012 usus
2452 4957 2742 5027 omnisque
2773 4958 3132 5029 principatus.
3157 4958 3387 5014 Verum~

181 5045 312 5100 οὗτὸν
341 5050 395 5117 ἐξ
426 5052 721 5122 Αἰγύπτου,
744 5072 761 5104 ι
796 5053 1142 5124 διηγούμενοι
1163 5069 1176 5083 ·
1206 5053 1327 5105 ἐπεὶ
1358 5051 1479 5123 μηδ’
1507 5052 1714 5116 αὑτὸςό

1841 5066 1996 5106 amen
2054 5051 2167 5122 jam
2215 5051 2399 5115 tertio,
2448 5065 2569 5120 qua:
2606 5050 2676 5104 ad
2727 5042 3024 5121 Egyptum
3087 5052 3381 5122 pertinent,

181 5134 522 5214 εὖπγγελιστὴς
542 5144 652 5197 ἀπὸ
679 5143 776 5215 τῆς
800 5143 892 5198 τοῦ
920 5142 1077 5214 Ὠσηὲ
1104 5144 1441 5216 προφητείας
1458 5142 1710 5213 εἰλῆφθαι

1843 5158 2045 5214 tuaique
2077 5143 2144 5198 ad
2176 5142 2282 5198 iter
2307 5142 2452 5214 quod
2488 5142 2546 5197 in
2583 5144 2730 5197 illam
2763 5151 2849 5199 est
2882 5142 3386 5207 factum,divinitus

178 5227 298 5300 αξιτῴ
331 5232 387 5285 τὸ
411 5233 585 5304 λόγιον
618 5235 839 5307 ἔφησεν,
871 5236 946 5298 ὼς
975 5235 1254 5301 δύνασθαι,
1282 5236 1377 5290 καὶ
1409 5234 1570 5289 πόθεν
1599 5237 1714 5290 ἑπι-

1843 5236 2070 5291 πεεάὶειο
2110 5242 2284 5291 sunt:
2316 5236 2459 5306 quod
2495 5236 2541 5292 si
2572 5237 2695 5307 quis
2743 5236 2893 5291 nullo
2940 5237 3101 5291 modo
3149 5238 3386 5293 fateatur

176 5314 492 5391 ζητήσαντας,
517 5328 696 5399 εὑρεῖν
746 5326 876 5381 αὐτὸ
919 5329 1201 5400 κείμενον·
1254 5327 1375 5382 ὅθεν
1427 5328 1574 5393 είκὸς
1617 5328 1709 5382 τὸν

1840 5344 1875 5382 :a
1918 5337 2108 5384 nostro
2155 5326 2429 5383 Salvatori
2459 5329 2773 5393 convenire,
2802 5336 2858 5381 at
2907 5329 3098 5384 saltem
3138 5343 3264 5383 cum
3316 5342 3383 5389 ea

176 5410 520 5490 εὶαγγελιστὴν
550 5418 875 5491 πεποιῆσθαι
902 5419 1066 5475 αὐτοῦ
1100 5418 1197 5491 τὴν
1234 5418 1469 5474 ἔκθεσιν·

1840 5418 2097 5474 lattbzeus
2126 5420 2461 5491 apposuerit,
2499 5420 2567 5476 de
2594 5420 2911 5475 testimonio
2946 5418 3093 5490 quod
3123 5428 3206 5475 est
3236 5419 3383 5492 apud

180 5498 348 5558 Musoni
379 5511 442 5563 ab
483 5512 578 5565 illo
611 5518 854 5589 accepta,
888 5528 954 5568 ne
976 5519 1154 5583 neget,
1199 5512 1346 5583 quod
1398 5511 1560 5582 paulo
1618 5520 1743 5567 ante
1780 5512 2159 5577 tractavimus,
2199 5511 2327 5567 dum
2346 5512 2478 5567 illud
2498 5511 2665 5584 428
2699 5532 2713 5568 :
2753 5512 2926 5569 «Deus
2952 5511 3108 5567 duxit
3136 5512 3290 5568 illum
3310 5528 3380 5573 ex

173 5591 397 5665 Algypto,
442 5622 458 5653 ι
492 5617 833 5667 enarremus,
864 5601 1085 5673 quando
1120 5616 1189 5657 ne
1232 5602 1352 5673 ipse
1388 5598 1608 5672 quidem
1628 5600 1986 5671 evangelista,
2014 5615 2074 5656 se
2096 5600 2167 5656 ab
2194 5602 2371 5672 ipsius
2416 5598 2570 5656 Oscae
2600 5600 2882 5673 prophetia
2926 5602 3209 5657 oraculum
3281 5618 3376 5659 ae-

174 5684 355 5753 ccpisse
383 5690 658 5755 indicavit.
701 5701 761 5748 ut
807 5694 1167 5765 undecunque
1195 5701 1505 5763 quaerentes
1552 5693 1765 5766 possint
1805 5693 1882 5749 illi
1912 5692 2224 5766 ubicunque
2262 5693 2500 5765 positum
2531 5694 2624 5761 sit,
2674 5694 2919 5753 invenire
2956 5713 2973 5752 :
3008 5695 3083 5752 ibi
3124 5694 3375 5759 videlimt

175 5775 293 5832 unde
314 5794 404 5855 par
426 5792 509 5840 est
531 5786 913 5859 evangelistam
940 5783 1073 5841 illud
1104 5782 1420 5856 protulisse.
