3908 6266
462 303 563 362 067

410 394 417 407 “
532 418 612 473 Ab
647 418 818 475 Isara.
850 450 916 460 —
954 418 1031 474 De
1082 418 1308 501 Joannis
1343 420 1401 474 in
1451 421 1657 478 deserto
1707 420 1970 492 pra'dica-

1169 499 1328 544 tione.

535 624 557 659 ι
592 605 707 660 Vox
730 603 1011 659 clamantis
1029 603 1083 657 in
1109 603 1357 658 deserto:
1382 602 1579 660 Parate
1603 605 1745 659 viam
1772 604 2026 662 Domini:

463 704 638 750 rectas
672 693 831 748 facile
860 691 1085 747 semitas
1115 692 1257 761 ejus.
1286 693 1477 749 Omnis
1510 696 1666 749 vallis
1700 696 2028 765 impiebilur,

458 795 513 842 ct
537 787 717 840 omnis
742 800 900 839 mons
919 785 1550 840 etcollislmmiliabitur
1583 806 1596 840 :
1630 796 1683 841 et
1714 796 1870 841 erunt
1907 804 2031 858 pra-

457 892 523 932 va
548 879 600 931 in
621 886 849 940 rectam,
875 884 929 931 et
956 892 1165 947 aspera:
1190 878 1244 931 in
1273 878 1391 933 vias
1418 878 1607 948 planas
1644 898 1656 933 :
1686 887 1739 933 ct
1761 879 2029 935 videbitur

457 970 630 1040 gloria
666 968 904 1025 Domini.
941 970 1004 1023 Et
1033 970 1236 1024 videbit
1271 970 1450 1024 omnis
1479 985 1608 1024 caro
1639 971 1880 1027 salutare
1911 971 2025 1037 Dei,

455 1062 716 1132 quoniam
759 1060 1024 1117 Dominus
1052 1063 1265 1116 loeutus
1295 1060 1455 1115 est”.
1491 1081 1509 1113 ι
1539 1059 1651 1114 Hoc
1684 1076 1899 1131 quoque
1934 1078 2029 1116 va-

454 1153 705 1209 ticinium
740 1154 1030 1223 oportebat
1090 1153 1193 1207 sub
1246 1152 1548 1206 Salvatoris
1590 1154 1766 1207 nostri
1815 1161 2027 1223 tempus

456 1261 616 1302 suum
652 1244 811 1299 finem
861 1246 1196 1315 contingere.
1234 1243 1529 1310 Quocirca,
1568 1251 1627 1299 ut
1653 1244 1796 1313 apud
1824 1242 2025 1300 Lucam

454 1337 843 1407 evangelistam
880 1337 1144 1406 scriptum
1166 1343 1276 1401 est,
1323 1355 1341 1388 ι
1381 1338 1442 1391 In
1475 1351 1621 1391 anno
1652 1339 1845 1408 quinto
1878 1337 2027 1393 deci-

455 1444 546 1483 mo
575 1429 788 1499 imperii
816 1427 1019 1483 Tiberii
1049 1428 1305 1494 Caesaris,
1337 1437 1666 1498 procurante
1710 1428 1908 1484 Pontio
1936 1428 2027 1484 Pi-

456 1518 566 1572 lato
577 1518 842 1582 Judaam,
869 1542 888 1571 ι
910 1519 1229 1590 emterisque
1252 1522 1643 1590 imperantibus
1665 1522 1898 1591 quicum
1922 1523 2025 1577 hoc

455 1618 941 1674 connumerantur,
986 1628 1005 1661 ι
1045 1610 1246 1665 factum
1275 1618 1360 1666 est
1388 1611 1612 1666 verbum
1639 1610 1732 1666 Dei
1761 1612 1827 1669 ad
1857 1611 2026 1668 Joan—

454 1716 578 1756 nem
620 1701 900 1757 Zachariae
932 1702 1123 1768 filium,
1164 1703 1220 1757 in
1251 1702 1488 1760 deserto.
1535 1702 1602 1757 Et
1630 1717 1754 1757 cum
1787 1704 2023 1760 venisset

1068 299 1337 358 EUSEBII
1379 299 1863 357 CAESARIENSIS
1903 301 2051 358 OPP.
2114 298 2312 354 PARS.
2360 297 2507 355 ii.-—
2544 294 3038 353 APOLOGETICA.

2066 427 2113 481 Α
2152 419 2284 474 Ἀπὸ
2312 419 2419 473 τοῦ
2459 419 2720 475 Ἡσαΐου.
2750 447 2818 459 -
2846 418 2986 487 Περὶ
3012 413 3118 471 τοῦ
3147 414 3295 469 κατὰ
3331 409 3446 477 τὴν
3482 408 3711 478 ἔρημον

3599 290 3709 346 6&3

2584 487 2853 544 Ἰωάννου
2881 489 3268 558 κηρύγματος.

2213 621 2232 653 ι
2257 602 2411 674 Φωνὴ
2445 600 2672 673 βοῶντος
2727 603 2782 654 ἐν
2832 604 2897 672 τῇ
2950 602 3165 672 ἐρήμῳ·
3213 596 3565 667 Ἑτοιμάσατε
3604 593 3710 663 τὴν

2134 693 2252 749 ὁδὸν
2284 693 2490 764 Κυρίου
2509 710 2521 723 ·
2554 692 2766 755 εὐθείας
2785 694 2985 744 ποιεῖτε
3010 691 3106 754 τὰς
3132 688 3349 760 τρίϐους
3375 684 3559 741 αὐτοῦ.
3591 684 3710 738 Πᾶ-

2137 800 2204 837 σα
2239 783 2453 855 φάραγξ
2486 782 2919 854 πληρωθήσεται,
2953 781 3046 835 καὶ
3094 782 3199 834 πᾶν
3227 780 3347 851 ὅρος
3380 778 3473 832 καὶ
3515 776 3710 848 βουνὸς

2133 876 2633 947 ταπεινωθήσεται·
2672 878 2766 930 καὶ
2809 874 2957 928 ἔσται
3003 874 3070 928 τὰ
3118 873 3302 927 σκολιὰ
3336 874 3413 935 είς
3457 870 3706 937 εὐθεῖαν,

2134 970 2227 1022 xxi.
2253 970 2305 1021 αί
2339 971 2585 1040 τραχεῖαι
2613 971 2692 1031 εἰς
2724 967 2873 1029 ὁδοὺς
2900 965 3077 1029 λείας·
3106 966 3200 1019 καὶ
3228 964 3518 1035 ὀφθήσεται
3549 966 3583 1036 ή
3616 964 3709 1018 δός

2134 1062 2201 1129 ξα
2231 1061 2459 1132 Κυρίου.
2497 1061 2606 1114 Καὶ
2633 1059 2818 1127 δψεται
2866 1060 3010 1111 πᾶσα
3054 1056 3187 1128 σὰρξ
3216 1056 3277 1110 τὸ
3310 1057 3571 1128 σωτήριον
3603 1055 3706 1110 τοῦ

2132 1153 2288 1217 Θεοῦ,
2320 1154 2401 1206 ὅτι
2429 1151 2632 1223 Κύριος
2647 1150 3113 1221 ἐλάλησεν.»Ἔδει
3144 1150 3236 1201 καὶ
3255 1146 3453 1217 ταύτην
3482 1145 3707 1201 ἐπὶτῶν

2131 1248 2334 1319 χρόνων
2385 1244 2477 1298 τοῦ
2525 1245 2771 1314 Σωτῆρος
2820 1242 2973 1313 ήμῶν
3019 1242 3110 1295 ἐπὶ
3156 1241 3326 1313 πέρας
3374 1240 3547 1293 ἐλθεῖν
3599 1240 3709 1313 τὴν

2132 1340 2448 1411 πρόρρησιν.
2484 1336 2681 1408 Διόπερ
2724 1336 2862 1390 κατὰ
2909 1335 3000 1389 τὸν
3041 1335 3427 1406 εὐαγγελιστὴν
3457 1335 3706 1397 Λουκᾶν,

2137 1450 2155 1482 ι
2180 1432 2264 1483 Ἐν
2308 1430 2416 1483 ἔτει
2471 1427 2932 1498 πεντεκαιδεκάτῳ
2981 1426 3077 1497 τῆς
3119 1425 3413 1497 ἡγεμονίας
3443 1424 3707 1498 Τιϐερίου

2130 1521 2425 1593 Καίσαρος,
2456 1517 2903 1591 ἐπιτροπεύοντος
2929 1517 3149 1571 Ποντίου
3183 1516 3416 1570 Πιλάτου
3441 1518 3541 1589 τῆς
3564 1518 3708 1571 Ἰου-

2128 1614 2298 1678 δαίας,
2322 1636 2339 1667 ι
2368 1614 2459 1667 καὶ
2495 1613 2602 1667 τῶν
2623 1612 2796 1683 τούτῳ
2846 1609 3383 1683 συναριθμουμένων,
3414 1629 3435 1660 ‹
3473 1610 3704 1678 ἐγένετο

2130 1704 2282 1775 ῥῆμα
2300 1703 2432 1756 Θεοῦ
2472 1703 2565 1756 ἐπὶ
2605 1701 2852 1772 Ἰωάννην
2882 1700 2972 1754 τὸν
2999 1698 3092 1753 τοῦ
3123 1698 3387 1769 Ζαχαρίου
3414 1697 3527 1752 υἱὸν
3549 1700 3612 1752 ἐν
3638 1700 3704 1769 τῇ

452 1791 509 1847 in
536 1808 750 1849 omnem
778 1801 1003 1861 terram,
1034 1811 1156 1866 quas
1181 1803 1265 1851 est
1307 1796 1516 1851 circum
1547 1794 1859 1864 Jordanem,
1888 1814 2012 1868 prae-

2125 1798 2312 1867 ἐρήμῳ
2330 1812 2342 1826 ·
2378 1796 2436 1860 ὅς
2469 1793 2634 1848 ἐλθὼν
2663 1796 2743 1858 είς
2773 1794 2954 1847 πᾶσαν
2983 1793 3080 1865 τήν
3114 1791 3416 1864 περίχωρον
3441 1789 3536 1845 τοῦ
3567 1791 3705 1861 Ἰορ-

451 1882 651 1940 dicavit
676 1887 949 1957 baptisma
986 1889 1321 1958 poenitentiae
1342 1890 1395 1943 in
1423 1890 1800 1945 remissionem
1828 1907 2012 1962 pecea-

2124 1886 2304 1949 δάνου,
2362 1888 2630 1958 ἐκήρυσσε
2684 1883 2963 1955 βάπτισμα
3026 1882 3310 1954 μετανοίας
3366 1884 3446 1946 είς
3499 1882 3704 1951 ἄφεσιν

453 1984 631 2031 turum
654 1978 719 2032 ³⁸.
750 1997 768 2030 ι
806 1977 968 2034 Hisce
996 1989 1177 2033 autem
1210 1981 1541 2050 evangelista
1571 1981 1758 2050 adjicit
1779 1985 2012 2037 testimo-

2126 1977 2429 2049 ἁμαρτιῶν.
2462 2001 2479 2030 ο
2514 1976 2736 2040 Τούτοις
2776 1975 2819 2029 δ’
2856 1971 2948 2029 οῦν
2979 1975 3007 2026 6
3033 1974 3417 2045 εὐαγγελιστὴς
3462 1974 3703 2045 ἐπιμαρ-

450 2069 624 2129 nium,
648 2068 878 2127 dicens:
913 2088 931 2121 ι
962 2070 1117 2125 Sicut
1146 2071 1409 2141 scriptum
1440 2080 1525 2127 est
1556 2073 1610 2126 in
1643 2074 1782 2129 libro
1810 2089 2021 2130 sermo-

450 2174 583 2215 num
608 2159 761 2216 Isaia:
792 2162 1069 2232 prephetaa
1102 2181 1115 2217 :
1149 2161 1266 2218 ‘on
1303 2163 1592 2219 clamantis
1650 2165 1704 2218 in
1751 2165 1969 2221 deserto
2005 2187 2017 2221 :

446 2251 646 2310 Parate
672 2256 814 2309 viam
864 2255 1079 2310 Domini
1111 2256 1156 2287 "
1184 2298 1200 2323 ,
1235 2275 1255 2308 ι
1299 2264 1353 2310 et
1383 2273 1503 2326 qua:
1523 2266 1847 2327 sequuntur.
1880 2258 2021 2325 Quid

446 2348 616 2418 igitur
647 2348 864 2403 tandem
895 2348 1043 2402 aliud
1079 2348 1351 2403 clamabat
1380 2348 1607 2404 Joannis
1642 2352 1732 2404 illa
1760 2352 1813 2405 in
1843 2352 2024 2407 deser-

445 2445 505 2493 to
535 2439 842 2510 pnedicans
867 2455 971 2494 vox
1006 2440 1073 2494 ad
1123 2442 1311 2498 turbas
1363 2451 1651 2509 exeuntes,
1704 2450 1764 2497 ut
1793 2445 1862 2499 ab
1901 2444 2021 2514 ipso

444 2528 884 2601 baptizarentnr,
926 2542 1183 2605 tanquam
1231 2534 1300 2589 ad
1345 2536 1561 2606 reptilia
1602 2535 1825 2597 deserti,
1857 2552 2018 2606 quam

445 2619 780 2675 conveniens
831 2623 1411 2693 aceounnodatumque
1461 2624 1635 2681 illud:
1682 2643 1702 2676 ι
1764 2624 2020 2680 Germina

443 2706 778 2777 viperarum,
806 2711 930 2780 quis
962 2712 1205 2767 ostendit
1261 2713 1417 2768 vobis
1464 2713 1653 2784 fugere
1702 2730 1731 2768 a
1786 2723 2018 2770 ventura

441 2796 527 2853 ira
559 2799 644 2853 "‘3
675 2821 694 2854 ι
743 2800 811 2855 Ει
843 2818 1036 2858 rursus
1064 2803 1195 2857 dum
1234 2819 1432 2874 pravas
1472 2805 1685 2859 animas
1721 2804 1775 2859 in
1815 2814 2016 2871 rectas,

443 2897 500 2946 et
530 2904 754 2963 asperas
788 2894 843 2948 in
881 2895 997 2950 vias
1019 2895 1209 2965 planas
1247 2904 1485 2965 reparat,
1514 2897 1732 2952 dicebat
1771 2896 1961 2952 iisdem
2000 2917 2013 2953 :

448 2997 471 3033 ι
509 2978 698 3038 Facite
728 2985 908 3061 igitur‘
942 2984 1157 3041 fructus
1198 2985 1393 3056 dignos
1425 2987 1758 3057 poenitentia:
1785 2987 1852 3043 ³⁸.
1895 3006 1914 3040 ι
1950 2986 2017 3042 Ει

442 3068 561 3127 hac
621 3073 832 3129 scilicet
892 3074 1328 3145 complebantur,
1396 3077 1525 3131 dum
1588 3076 1827 3133 Joannes
1872 3094 2014 3149 prae-

438 3168 671 3238 parabat
699 3185 795 3225 eos
847 3171 939 3240 qui
987 3169 1158 3225 visuri
1206 3180 1364 3226 erant
1399 3173 1629 3242 gloriam
1685 3172 1920 3238 Domini,
1959 3180 2014 3229 et

438 3260 588 3328 quod
648 3270 877 3317 vocatur
941 3261 1183 3318 salutare
1246 3262 1376 3331 Dei,
1441 3264 1588 3334 quod
1638 3263 1858 3335 quidem
1927 3265 2014 3319 ni-

438 3348 520 3405 hil
556 3350 702 3406 aliud
759 3361 875 3420 est,
920 3369 1083 3426 quam
1142 3354 1399 3411 Christus
1434 3394 1449 3418 ,
1512 3356 1657 3412 sicut
1711 3357 1895 3413 verbis
1946 3358 2013 3411 il-

437 3441 511 3498 lis
576 3443 902 3501 testificatur
956 3465 968 3500 :
1029 3463 1049 3498 ι
1114 3445 1227 3517 Ego
1276 3447 1496 3517 quidem
1560 3463 1658 3504 vos
1719 3463 1859 3520 aqua
1915 3447 2011 3501 ba-

438 3533 587 3605 ptizo
647 3553 660 3590 :
719 3536 866 3590 venit
913 3542 1093 3590 autem
1156 3537 1354 3591 fortior
1388 3553 1474 3592 me
1516 3545 1640 3608 post
1681 3554 1802 3604 me,
1846 3535 2012 3610 429

437 3627 597 3696 cujus
636 3640 747 3681 non
788 3642 909 3681 sum
947 3626 1145 3699 dignus
1194 3630 1566 3685 calceamenta
1619 3638 1853 3700 gestare.
1893 3629 2011 3699 ipse

438 3734 536 3775 vos
573 3718 867 3790 baptizabit
910 3722 965 3774 in
1013 3721 1218 3790 Spiritu
1269 3729 1460 3777 sancto
1508 3731 1563 3776 et
1594 3725 1717 3792 igne
1750 3723 1815 3777 ’9.
1850 3742 1868 3773 ι
1906 3722 2009 3787 Qui

442 3812 610 3867 etiam
661 3828 786 3865 eum
846 3810 1031 3867 Jesum
1096 3813 1323 3868 vidisset
1367 3815 1691 3877 venientem,
1741 3814 2007 3869 exclanm-

436 3902 514 3957 vit
565 3923 577 3958 :
622 3922 641 3951 ι
692 3901 832 3958 Ecce
869 3904 1060 3974 Agnus
1085 3904 1175 3958 Dei
1205 3906 1295 3975 qui
1323 3906 1463 3958 tollit
1488 3914 1769 3976 peceatum
1798 3906 2005 3960 mundi.

437 3992 540 4049 Hie
583 3999 689 4059 est,
723 3994 792 4048 de
824 4011 934 4064 quo
963 4011 1063 4066 ego
1099 3995 1213 4049 dixi
1247 4015 1259 4051 :
1287 3995 1530 4052 Post'mc
1577 3999 1725 4052 venit
1776 3998 1881 4061 vir,
1914 3999 2009 4067 qui

438 4093 565 4139 ante
597 4100 682 4141 me
717 4086 896 4143 factus
933 4097 1017 4144 est
1037 4088 1103 4142 ⁸ο.
1137 4109 1155 4140 ι
1186 4089 1341 4155 Quod
1374 4105 1504 4145 vero
1544 4090 1684 4144 idem
1732 4099 1879 4146 esset
1919 4107 2009 4145 sa-

436 4176 612 4233 lutare
638 4176 754 4239 Dei.
789 4177 1009 4235 Simeon
1037 4196 1254 4250 quoque
1294 4182 1620 4236 testificatus
1657 4189 1761 4245 est,
1790 4184 1882 4253 qui
1918 4198 2010 4238 ac-

435 4278 595 4338 cepto
626 4270 681 4325 in
729 4271 888 4327 ubias
934 4288 1105 4342 puero
1136 4272 1289 4335 Jesu,
1322 4273 1456 4328 dixit
1490 4294 1501 4328 :
1532 4294 1550 4325 ‹
1582 4273 1737 4329 Nunc
1776 4275 2006 4331 dimittis

436 4374 654 4413 servum
689 4368 861 4425 tuum,
898 4361 1144 4427 Domine,
1179 4365 1479 4419 secundum
1505 4366 1725 4420 verbum
1745 4375 1919 4429 tuum,
1950 4368 2004 4422 in

434 4466 589 4520 pace.
616 4451 755 4519 Quia
781 4454 1035 4510 viderunt
1066 4456 1210 4509 oeuli
1241 4456 1347 4510 mei
1381 4456 1618 4511 salutare
1649 4464 1822 4521 tuum,
1857 4457 2003 4527 quod

2121 2073 2274 2141 τυρεῖ
2323 2069 2532 2139 λέγων·
2575 2088 2592 2119 ‹
2622 2065 2817 2131 Καθὼς
2861 2067 3167 2136 γέγραπται
3212 2067 3268 2119 ἐν
3308 2064 3472 2136 βίϐλῳ
3519 2064 3702 2134 λόγων

2133 2162 2349 2217 Ἡσαΐου
2375 2163 2467 2215 τοῦ
2499 2162 2773 2234 προφήτου
2796 2178 2807 2191 ·
2849 2158 3003 2231 Φωνὴ
3060 2158 3286 2230 βοῶντος
3305 2159 3363 2211 ἐν
3382 2161 3450 2230 τῇ
3476 2158 3719 2230 ἐρήμῳι

2134 2252 2489 2321 Ἑτοιμάσατε
2522 2251 2619 2323 τὴν
2651 2251 2767 2305 ὁδὸν
2791 2248 2994 2322 Κυρίου
3016 2269 3029 2283 ο
3056 2267 3074 2300 ι
3111 2248 3204 2303 καὶ
3240 2247 3309 2301 τὰ
3339 2248 3483 2319 ἐξῆς.
3522 2248 3594 2301 Τί
3634 2248 3702 2321 δὴ

2121 2340 2212 2397 οῦν
2245 2343 2373 2397 ἐϐόα
2414 2345 2447 2415 ή
2495 2343 2583 2397 διὰ
2628 2342 2721 2396 τοῦ
2769 2342 3013 2395 Ἰωάννου
3045 2342 3193 2411 φωνὴ
3221 2340 3313 2393 ἐπὶ
3354 2340 3456 2410 τῆς
3482 2340 3699 2412 ἐρήμου

2121 2434 2467 2506 κηρύσσουσα
2498 2433 2531 2504 ἢ
2562 2436 2674 2497 τοῖς
2719 2432 3171 2503 ἐκπορευομένοις
3197 2430 3372 2503 ὄχλοις
3399 2430 3705 2504 βαπτισθῆ·

2118 2542 2205 2579 ναι
2239 2526 2328 2578 ὑπ’
2354 2524 2538 2590 αὐτοῦ,
2574 2525 2649 2588 ὡς
2677 2525 2923 2597 ἑρπετοῖς
2954 2525 3158 2596 ἐρήμου
3203 2524 3588 2594 τυγχάνουσιν,
3623 2526 3701 2578 oi-

2118 2618 2281 2681 κείως
2308 2620 2373 2688 τῇ
2406 2617 2741 2690 προφητείᾳ·
2778 2634 2798 2669 r
2824 2616 3144 2687 Γεννήματα
3171 2614 3413 2686 ἐχιδνῶν,
3445 2615 3532 2679 τίς
3567 2615 3704 2669 ὺπέ-

2115 2710 2286 2775 δειξεν
2313 2711 2440 2780 ὑμῖν
2463 2712 2648 2779 φυγεῖν
2671 2708 2778 2763 ἀπὸ
2804 2708 2903 2778 τῆς
2925 2707 3223 2779 μελλούσης
3241 2709 3442 2780 όργῆς;
3473 2726 3492 2759 ι
3524 2706 3700 2762 Πάλιν

2121 2818 2181 2853 τε
2201 2796 2267 2854 αὖ
2290 2800 2387 2864 τὰς
2410 2799 2629 2863 σκολιὰς
2647 2797 2818 2869 ψυχὰς
2843 2798 2920 2860 είς
2939 2797 3168 2861 εὐθείας,
3187 2797 3282 2852 καὶ
3308 2798 3406 2861 τὰς
3434 2800 3699 2871 τραχείας

2118 2895 2197 2956 εἰς
2229 2892 2381 2955 ὁδοὺς
2413 2892 2563 2955 λείας
2591 2890 3071 2963 μετασκευάζουσα
3099 2888 3304 2959 ἔφασκε
3330 2893 3445 2953 τοῖς
3474 2890 3668 2955 αὐτοῖς
3686 2906 3700 2920 ·

2123 3009 2142 3040 ι
2170 2991 2439 3061 Ποιήσατε
2489 2984 2582 3042 οῦν
2644 2990 2891 3061 καρποὺς
2942 2988 3125 3055 ἀξίους
3172 2988 3273 3059 τῆς
3321 2990 3694 3060 μετανοίας.»

2116 3082 2227 3136 Καὶ
2296 3080 2470 3135 ταῦτά
2530 3099 2594 3151 γε
2666 3082 2995 3135 συνετελεῖτο
3071 3082 3700 3154 προπαρασκευάζοντος

2040 3151 2083 3208 C
2127 3175 2371 3229 Ἰωάννου
2420 3175 2548 3238 τοὺς
2594 3158 2888 3247 ὀψομένους
2932 3174 3028 3247 τήν
3073 3151 3227 3240 δόξαν
3257 3151 3485 3247 Κυρίου,
3512 3177 3614 3231 καὶ
3635 3175 3698 3230 τδ

2112 3265 2444 3337 καλούμενον
2477 3268 2741 3339 σωτήριον
2772 3267 2866 3321 τοῦ
2909 3266 3064 3332 Θεοῦ,
3089 3268 3187 3321 οὐκ
3231 3267 3387 3322 ἄλλον
3428 3267 3566 3322 ὅντα
3599 3266 3697 3322 τοῦ

2110 3357 2366 3428 Χριστοῦ,
2406 3358 2481 3422 ὠς
2516 3358 2814 3431 ἐμαρτύρει
2868 3358 3071 3428 λέγων·
3114 3376 3133 3409 ι
3185 3357 3325 3428 Ἐγὼ
3377 3358 3480 3430 μὲν
3542 3360 3693 3432 ὑμᾶς

2112 3449 2261 3504 ὕδατι
2280 3449 2553 3521 βαπτίζω·
2586 3451 2802 3523 ἔρχεται
2833 3450 2889 3504 δὲ
2930 3453 2958 3505 ὁ
2998 3450 3340 3522 ἰσχυρότερός
3371 3468 3473 3522 μου
3511 3452 3694 3506 ὀπίσω

2114 3558 2245 3613 μουο
2286 3537 2355 3598 οὗ
2396 3543 2495 3597 οὐκ
2542 3544 2657 3614 είμὶ
2704 3542 2851 3607 ἄξιος
2933 3541 3001 3597 τά
3090 3544 3411 3614 ὑποδήματα
3485 3542 3696 3614 βαστά-

2112 3650 2221 3698 σαι,
2279 3635 2438 3699 αὐτὺς
2491 3635 2633 3706 ὑμᾶς
2680 3633 2926 3704 βαπτίσει
2982 3636 3039 3687 ἐν
3083 3634 3356 3705 Πνεῦματι
3401 3635 3549 3706 ἁγίῳ
3599 3637 3695 3690 καὶ

2110 3724 2260 3795 πυρί.
2329 3743 2347 3775 ι
2390 3727 2485 3788 Ὃς
2511 3725 2604 3778 καὶ
2634 3723 2755 3778 ἰδὼν
2784 3726 2875 3778 τὴν
2914 3725 3120 3796 Ἰησοῦν
3152 3726 3441 3797 ἐρχόμενον
3476 3726 3694 3797 ἀνεφώ-

2109 3831 2268 3899 νησεν
2292 3833 2305 3845 ·
2347 3836 2366 3867 ι
2408 3817 2503 3871 Ἰδὲ
2555 3819 2583 3871 6
2622 3815 2808 3886 Ἀμνός
2835 3816 2926 3869 τοῦ
2973 3816 3106 3869 Θεοῦ
3143 3819 3171 3870 ὁ
3203 3816 3369 3888 αἴρων
3410 3818 3693 3889 ἁμαρτίαν

2108 3904 2200 3958 τοῦ
2254 3906 2481 3976 κόσμου.
2566 3899 2733 3971 Οὗτός
2785 3910 2900 3961 ἐστι
2930 3907 3056 3978 περὶ
3088 3900 3149 3960 οὗ
3185 3902 3366 3960 εἷπονο
3426 3926 3445 3959 ι
3472 3907 3689 3961 Ὀπίσω

2112 4013 2214 4067 μου
2267 3995 2487 4068 ἔρχεται
2543 3998 2715 4071 ἀνὴρ,
2775 3999 2833 4062 ὃς
2891 3996 3195 4070 ἔμπροσθέν
3250 4015 3350 4068 μου
3420 3998 3686 4068 γέγονε.»

2041 4098 2053 4109 ⁸
2108 4089 2211 4144 Τὸν
2259 4091 2420 4144 αὑτὸν
2473 4090 2528 4143 δὲ
2576 4088 2713 4145 εἶναι
2769 4091 2830 4145 τὸ
2879 4093 3143 4162 σωτήριον
3195 4090 3287 4143 τοῦ
3326 4089 3460 4143 Θεοῦ
3513 4092 3617 4144 καὶ
3660 4094 3690 4145 6

2108 4181 2328 4252 Συμεὼν
2387 4181 2767 4254 ἐμαρτύρησεν
2796 4224 2812 4250 ,
2846 4183 2903 4246 ὃς
2948 4181 3125 4235 λαϐὼν
3185 4182 3277 4235 ἐπ)⁸
3330 4185 3449 4245 ταῖς
3506 4184 3689 4252 ἀγκά-

2106 4274 2223 4338 λαις
2278 4274 2473 4347 βρέφος
2524 4274 2653 4327 ὄντα
2689 4275 2780 4328 τὸν
2846 4274 3083 4346 Ἰησοῦν,
3142 4273 3278 4345 ἔφη·
3326 4292 3345 4325 ι
3382 4273 3500 4326 Νῦν
3549 4276 3688 4329 ἀπο-

2105 4367 2250 4430 λύεις
2292 4368 2381 4420 τὸν
2419 4366 2597 4419 δοῦλον
2626 4384 2717 4419 σου
2737 4405 2751 4428 ,
2778 4366 3051 4429 Δέσποτα,
3106 4366 3245 4420 κατὰ
3268 4366 3329 4419 τὸ
3373 4365 3532 4437 ῥῆμά
3566 4384 3683 4432 σου,

2107 4459 2164 4510 ἐν
2210 4460 2417 4531 εἰρήνῃ.
2485 4458 2605 4511 Ὅτι
2645 4454 2782 4511 εἶδον
2830 4459 2878 4511 οί
2934 4440 3196 4528 ὀφθαλμοί
3248 4475 3349 4527 μου
3397 4458 3457 4511 τὺ
3514 4459 3686 4529 σωτή-

434 4546 638 4615 parasti
669 4556 796 4602 ante
834 4545 1026 4601 faciem
1060 4548 1301 4601 omnium
1339 4549 1686 4617 populorum,
1717 4549 1898 4603 lumen
1933 4549 2000 4603 ad

2119 4551 2217 4604 οιόν
2274 4568 2399 4615 σου,
2463 4550 2492 4603 ὃ
2531 4550 2835 4622 ἡτοίμασας
2897 4549 3038 4604 κατὰ
3108 4550 3393 4620 πρόσωπον
3459 4549 3682 4603 πάντων

432 4637 820 4693 reveiationem
857 4640 1192 4709 gentium“.
1228 4659 1246 4692 ι
1291 4639 1502 4705 Quibus
1529 4640 1693 4694 etiam
1738 4640 2003 4711 prOpheta

430 4732 729 4795 consentit,
758 4731 887 4786 dum
929 4732 1042 4785 ait:
1073 4751 1092 4783 ‹
1125 4730 1190 4784 Et
1222 4732 1426 4787 videbit
1473 4733 1652 4787 omnis
1683 4748 1813 4787 caro
1854 4735 2003 4787 salu-

431 4830 548 4877 tare
578 4821 689 4877 Dei.
724 4841 743 4874 ι
781 4821 918 4878 Illud
958 4824 1125 4889 enim,
1166 4842 1184 4874 ι
1212 4825 1390 4878 omnis
1439 4839 1588 4889 caro,
1628 4844 1646 4875 ι
1683 4840 1780 4895 pro
1825 4825 2003 4880 omni-

429 4917 533 4972 bus
563 4916 819 4984 gentibus
862 4916 1071 4971 dictum
1111 4923 1213 4971 est.
1267 4916 1335 4970 Ut
1378 4923 1561 4972 autem
1592 4917 2001 4975 demonstretur

428 5008 705 5078 quomodo
752 5009 866 5064 haec
909 5025 1071 5066 suum
1116 5009 1275 5065 finem
1318 5011 1669 5081 contigerint,
1716 5018 1772 5066 et
1812 5021 2000 5081 gentes

426 5097 709 5155 C..ristum
746 5098 839 5154 Dei
866 5101 1208 5171 agnoverint,
1239 5101 1426 5157 multis
1451 5118 1560 5157 non
1596 5117 1735 5172 opus
1761 5112 1845 5158 est
1879 5119 2001 5159 ver-

428 5191 514 5249 bis
547 5211 560 5248 :
593 5200 648 5249 et
680 5209 803 5265 quae
829 5193 1046 5264 quidem
1076 5194 1142 5248 ad
1171 5194 1394 5250 verbum
1423 5186 1601 5251 scient
1630 5196 1995 5262 considerari,

428 5284 485 5340 in
517 5286 661 5342 hunc
724 5288 993 5358 completa
1044 5294 1172 5344 sunt
1218 5288 1465 5345 modum.
1520 5289 1789 5345 (Steterunt
1842 5289 1995 5360 quid,

428 5391 634 5446 quazso,
678 5378 780 5434 fuit
810 5381 866 5435 in
911 5395 1098 5444 causa,
1142 5388 1201 5435 ut
1231 5395 1338 5435 non
1371 5380 1427 5436 in
1459 5381 1691 5437 urbibus
1731 5396 1910 5452 neque
1940 5382 1993 5435 in

428 5468 547 5537 ipsa
578 5468 903 5534 Jerusalem,
939 5473 1036 5529 sed
1062 5472 1121 5528 in
1149 5472 1389 5536 deserto,
1413 5471 1655 5529 Joannes
1683 5482 1995 5545 suggestum

426 5557 533 5615 sibi
576 5559 646 5614 ad
692 5562 1094 5631 praedicandum
1143 5564 1404 5635 elegerit?
1454 5564 1522 5620 ad
1574 5563 1677 5621 hoc
1723 5565 1994 5643 quispiam

497 5670 681 5745 “183.
714 5692 817 5737 ΣΙ..
850 5676 971 5731 3-5.
1048 5679 1093 5711 ³⁸
1134 5680 1264 5735 Luc.
1304 5698 1361 5735 ιιι
1386 5721 1398 5745 ,
1466 5680 1577 5737 1-5.
1656 5683 1700 5714 ⁸⁸
1737 5682 1872 5736 ibid.
1909 5683 1959 5737 4.

2119 5681 2251 5737 ibid.
2291 5681 2341 5736 7.
2422 5680 2465 5715 ³⁸
2532 5678 2665 5735 ibid.
2699 5678 2754 5734 8.
2831 5676 2875 5710 ⁸⁸
2917 5672 3048 5733 ibid.
3106 5670 3193 5728 16.

427 5738 518 5809 29,
546 5741 637 5798 30.
721 5748 760 5778 “
804 5746 937 5803 Luc.
981 5763 1055 5815 ιι,
1086 5750 1281 5810 29-52.

2109 4642 2218 4696 τῶν
2282 4641 2464 4706 λαῶν,
2550 4642 2663 4711 φῶς
2739 4643 2818 4706 εἰς
2899 4641 3236 4710 ἀποκάλυψιν
3295 4638 3502 4709 ἐθνῶν·
3550 4660 3569 4692 ι
3602 4636 3683 4704 οἷς

2110 4732 2320 4806 συνᾴδει
2380 4734 2473 4786 καὶ
2531 4734 2560 4786 ὁ
2616 4734 2900 4805 προφήτης
2976 4731 3182 4785 εἰπών·
3247 4750 3265 4781 ι
3303 4715 3413 4783 Καὶ
3488 4730 3680 4800 ἅψεται

2108 4829 2255 4881 πᾶσα
2327 4826 2462 4897 σὰρξ
2526 4825 2587 4879 τὸ
2652 4827 2913 4896 σωτήριον
2965 4823 3059 4877 τοῦ
3127 4821 3281 4876 Θεοῦ.
3315 4843 3333 4874 ι
3440 4822 3517 4875 Τὸ
3571 4822 3680 4894 γὰρ

2112 4939 2131 4973 ι
2183 4921 2333 4974 πᾶσα
2407 4916 2542 4991 σὰρξ
2568 4967 2581 4981 ,
2635 4936 2654 4969 ο
2729 4916 2848 4970 ἀντὶ
2945 4915 3163 4971 πάντων
3260 4914 3474 4986 εἴρηται
3569 4914 3679 4967 τῶν

2107 5012 2294 5066 ἐθνῶν.
2349 5011 2535 5074 Ὅπως
2605 5008 2662 5063 δὲ
2723 5008 2895 5062 ταῦτα
2966 5007 3148 5069 τέλους
3214 5006 3370 5077 ἔτυχε
3395 5047 3409 5071 ,
3467 5005 3562 5059 καὶ
3610 5006 3679 5059 τὰ

2105 5104 2231 5176 ἔθνη
2279 5102 2370 5157 τὸν
2407 5100 2640 5175 Χριστὸν
2696 5100 2909 5169 ἐπέγνω
2958 5098 3051 5152 τοῦ
3100 5097 3273 5163 Θεοῦ,
3332 5098 3560 5169 μακρῶν
3614 5100 3675 5151 οὗ

2103 5196 2182 5249 δεῖ
2226 5196 2416 5264 λόγων.
2486 5194 2594 5247 Καὶ
2654 5193 2722 5247 τὰ
2791 5192 2888 5263 μὲν
2944 5191 3082 5263 ῥητὰ
3140 5189 3323 5244 τοῦτον
3374 5190 3678 5262 ἐπληροῦτο

2101 5288 2192 5343 τὸν
2259 5286 2477 5359 τρόπον.
2564 5284 2629 5337 Τί
2668 5284 2712 5339 δ’
2738 5279 2805 5356 ἦν
2846 5283 2907 5336 τὸ
2955 5283 3123 5335 αἴτιον
3169 5279 3263 5334 τοῦ
3311 5280 3387 5351 μὴ
3422 5281 3479 5332 ἐν
3512 5278 3672 5333 πόλε-

2104 5394 2196 5443 σι,
2284 5377 2404 5449 μηδ’
2451 5375 2538 5429 ἐπ’
2589 5375 2756 5446 αὐτῆς
2800 5373 2898 5443 τῆς
2959 5367 3310 5443 Ἰερουσαλὴμ
3337 5407 3352 5433 ,
3422 5367 3536 5421 ἀλλ’
3581 5366 3675 5420 ἐπὶ

2102 5471 2203 5541 τῆς
2276 5472 2480 5542 ἐρήμου
2559 5467 2809 5539 Ἰωάννην
2871 5462 3205 5536 παρελθόντα
3256 5460 3576 5533 κηρύττειν;
3642 5460 3672 5511 6

2107 5563 2205 5635 μέν
2254 5580 2338 5626 τις
2400 5563 2567 5633 φήσαι
2618 5559 2685 5614 ἂν
2740 5561 2819 5621 είς
2876 5555 3264 5626 ἀποπλήρωσιν
3310 5552 3412 5622 τῆς
3456 5566 3671 5623 προφηη

3296 5670 3340 5702 ⁵⁸
3378 5667 3533 5729 Joan.
3599 5683 3659 5741 ι,
