3908 6266
165 331 261 390 663

1023 331 1680 391 DEMONSTRATIONIS
1717 332 2180 390 EVANGELICIE
2231 334 2362 392 LIB.
2403 337 2495 392 IX.

3289 336 3394 393 670

161 457 302 520 τείας
364 455 526 510 τοῦτο
571 453 734 510 αὐτὸν
778 456 1175 528 πεποιηκέναι·
1245 455 1359 511 ἀλλ’
1420 459 1453 512 ὁ
1495 456 1720 529 ἀκριϐὴς

1829 453 2060 510 fortasse
2088 455 2450 526 responderit,
2484 455 2635 512 illum
2662 456 2769 513 hoc
2797 456 2995 516 fecisse
3025 465 3086 514 ut
3109 457 3394 530 prophetia

162 549 355 612 εὐθέως
403 546 666 614 ἐξετάζων
691 588 706 612 ,
771 547 907 620 αὑτὴ
956 548 1011 600 δὲ
1065 549 1098 620 ἡ
1149 549 1452 622 προφητεία
1495 549 1560 603 τί·
1601 547 1719 601 ποτ’

160 640 257 711 ἄρα
303 639 591 710 σημαίνειν
644 637 937 710 βουλομένη
980 639 1078 711 τὴν
1121 639 1322 712 ἔρημον
1369 640 1462 694 καὶ
1500 639 1568 693 τά
1599 641 1718 694 κατ’

155 727 316 797 αὐτὴν
364 727 591 797 ἐδήλου,
643 727 941 782 πεύσεται·
995 729 1129 800 πρὸς
1177 729 1236 782 ὃν
1286 733 1563 800 φήσομεν,
1636 731 1718 784 ὅτι

157 819 244 871 καὶ
301 817 462 872 τοῦτο
506 821 730 890 σημεῖον
789 814 857 891 ἦν
905 820 1272 891 καθαιρέσεως
1311 821 1410 890 τῆς
1458 821 1720 892 ’ῐερουσαο

155 909 296 981 λὴμ,
373 911 469 964 καὶ
517 909 612 964 τοῦ
661 911 796 982 πρὸς
852 912 987 983 αὐτῇ
1039 911 1464 985 θυσιαστηρίου,
1517 913 1614 984 τῆς
1658 929 1717 966 τε

155 1002 288 1056 κατὰ
357 1002 450 1056 τὸν
499 1003 778 1066 Μωῦσέως
832 1004 986 1074 νόμον
1021 1004 1273 1076 λατρείας
1299 1045 1313 1068 ,
1369 1005 1455 1057 ὅτε
1527 1004 1715 1074 μηκέτ’

153 1093 324 1157 αὖτοῖς
369 1092 458 1148 διὰ
503 1093 613 1147 τῶν
663 1095 803 1148 κατὸ⁴
849 1096 1011 1166 νόμον
1063 1095 1261 1150 θυσιῶν
1317 1095 1385 1150 τά
1433 1096 1534 1165 τῆς
1586 1096 1718 1164 ἀφέ-

155 1204 282 1250 σεως
339 1185 450 1240 τῶν
501 1188 785 1259 ἁμαρτιῶν
836 1189 1216 1261 προύξενεῖτο,
1266 1188 1402 1242 ἀλλὰ
1449 1189 1538 1243 διὰ
1587 1189 1720 1244 καθο

153 1283 358 1353 ἀρσεως
455 1282 684 1355 λουτροῦ
760 1284 854 1338 ἐπὶ
921 1285 1018 1356 τῆς
1091 1284 1258 1338 πάλαι
1337 1284 1553 1354 διψάδος
1625 1287 1716 1338 καὶ

153 1375 392 1445 ἐρήμου,
468 1374 614 1444 λέγω
665 1375 722 1430 δὲ
788 1377 888 1448 τῆς
943 1376 1051 1430 τῶν
1103 1377 1270 1432 ἐθνῶν
1349 1377 1713 1449 Ἐκκλησίας,

152 1469 574 1541 τταραδιδομένου
598 1510 613 1534 ,
667 1471 724 1524 ὲν
770 1461 804 1544 ᾖ
869 1469 962 1523 καὶ
1006 1470 1040 1542 ἡ
1091 1470 1400 1542 προφητικὴ
1450 1470 1714 1542 γενομένη

152 1559 293 1631 φωνὴ
353 1560 660 1632 ἑτοιμάζειν
707 1561 1140 1634 παρακελεύεται
1174 1561 1271 1632 τὴν
1317 1563 1433 1616 ὁδὸν
1484 1563 1712 1634 Κυρίου,

148 1653 241 1717 τὰς
309 1654 409 1726 μὲν
479 1655 631 1709 κάτω
697 1672 800 1708 που
855 1658 934 1720 είς
998 1654 1159 1725 βάθος
1223 1654 1452 1720 κακίας,
1522 1655 1597 1719 ὡς
1657 1656 1715 1709 ὲν

150 1745 384 1816 φάραγγι
456 1746 716 1818 κειμένας
775 1746 951 1818 ψυχάς
999 1745 1442 1820 ὲπαρθήσεσθαι,
1515 1747 1586 1801 τὰ
1657 1747 1714 1802 δὲ

152 1837 310 1891 πάλαι
365 1836 635 1910 ὑψώματα
680 1839 779 1910 τῆς
847 1838 1240 1911 Ἰερουσαλὴμ,

151 1929 310 2001 αὐτῆς
361 1931 638 2003 ἀρχόντων
691 1949 750 1986 τε
801 1932 894 1986 καὶ
953 1932 1252 2004 βασιλέων,
1307 1932 1409 2007 ὅρη
1457 1933 1550 1987 καὶ
1593 1933 1715 2004 βου-

150 2023 265 2086 νους
313 2023 685 2094 ὀνομαζόμενα
709 2063 725 2088 ,
803 2023 1304 2096 ταπεινωθήσεσθαι
1343 2023 1710 2090 θεσπίζουσαο

153 2107 220 2166 ὧν
268 2113 719 2168 ἐπιτελεσθέντων
742 2153 757 2178 ,
831 2114 999 2186 φησί·
1053 2133 1070 2166 t
1106 2115 1263 2168 Πᾶσα
1335 2114 1472 2188 σάρξ
1524 2115 1711 2186 ὄψεται

151 2205 206 2260 τὸ
252 2207 515 2278 σωτήριον
567 2207 660 2260 τοῦ
731 2207 908 2260 Θεοῢ.·
943 2225 962 2259 ι
1035 2207 1204 2278 Δῆλον
1252 2207 1296 2261 δ’
1354 2209 1437 2262 ὃτι
1483 2210 1630 2262 πᾶσα
1676 2209 1708 2279 ἡ

153 2293 206 2344 ὲν
252 2294 413 2364 σαρκὶ
467 2294 560 2348 ἐπὶ
613 2293 716 2364 γῆς
771 2294 1182 2370 ἀναστρέφουσα
1236 2295 1382 2368 ψυχὴ
1446 2297 1710 2368 Ἐλλήνων

149 2383 274 2454 ὁμοῦ
341 2386 432 2440 καὶ
502 2386 792 2460 βαρϐάρων
821 2429 835 2454 ,
885 2389 1008 2468 ,καὶ
1080 2390 1297 2444 πάντων
1375 2390 1709 2456 ἁπαξαπλῶς

153 2473 250 2528 τῶν
303 2474 468 2530 ἐθνῶν
495 2493 510 2507 ·
567 2475 605 2531 ὃ.
653 2477 748 2532 καὶ
805 2480 872 2550 τῇ
909 2481 1230 2552 ,προρρήσει
1281 2481 1586 2547 ἀκολούθως
1628 2485 1708 2548 είς

153 2565 311 2640 πέρας
348 2567 570 2622 ἐλθόντα
611 2568 903 2624 δείκνυται.
982 2570 1142 2640 Ζητῶ
1187 2571 1244 2625 δὲ
1289 2576 1417 2646 παρ’
1463 2575 1704 2646 ἐμαυτῷ,

153 2656 200 2710 τί
250 2659 352 2731 ἄρα
403 2655 476 2732 ἦν
528 2659 592 2714 τὺ
658 2660 934 2732 ὲκπλῆξαν
1009 2664 1136 2728 τοὺς
1206 2663 1435 2732 πολλοὺς
1506 2668 1566 2720 ἐν
1629 2668 1706 2740 τῷ

162 2749 363 2823 Ἰωάννῃ
385 2793 402 2818 ,
489 2751 568 2816 ὡς
639 2752 914 2825 θαυμάσαι
979 2755 1140 2810 αὐτόν
1211 2757 1304 2810 καὶ
1386 2758 1704 2832 κηρύττοντι

155 2839 409 2914 βάπτισμα
463 2843 751 2915 μετανοίας
806 2845 1131 2914 πιστεῦσαι,
1197 2847 1406 2913 πάντας
1455 2867 1515 2904 τε
1575 2869 1707 2906 πανο

150 2933 354 3003 ταχὸθεν
404 2935 475 2990 τὰ
523 2937 698 2990 οἰκεῖα
751 2937 1116 3004 ἀπολιπόντας
1158 2941 1378 3013 συρῥεῖν
1446 2941 1540 2996 ἐπὶ
1604 2943 1704 3016 τὴν

153 3023 372 3097 ἔρημον,
457 3028 691 3099 μάλιστα
757 3030 846 3083 ὅτε
925 3031 1194 3104 μηδεμίαν
1272 3034 1436 3089 αὐτοῦ
1504 3035 1702 3108 πρᾶξιν

155 3115 432 3230 ῐξτοροδσιν
484 3120 533 3174 οἱ
587 3119 758 3190 λόγοι.
849 3119 983 3176 Οὔτε
1039 3124 1149 3196 γὰρ
1189 3129 1416 3197 νεκροὺς
1461 3128 1698 3201 ἐγείρας,
1727 3172 1770 3230 C

152 3207 258 3262 οὔτε
321 3210 482 3284 ἕτερα
561 3211 814 3284 θαύματα
886 3215 1201 3288 πεποιηκὼς
1267 3219 1697 3292 ἀναγέγραπται.

151 3297 208 3350 Τί
245 3299 303 3372 δὴ
348 3297 442 3355 οὖν
489 3297 560 3375 ἦν
601 3303 663 3357 τὸ
708 3303 984 3376 ὲκπλῆξαν
1036 3308 1162 3371 τοὺς
1209 3307 1448 3374 πάνταξὲ
1505 3311 1537 3383 ἦ
1600 3313 1704 3384 μή·-

153 3408 263 3446 ποτε
301 3397 329 3448 ὁ
368 3393 518 3459 ξένος
558 3395 653 3450 καὶ
705 3397 1095 3468 παραλλάττων
1136 3400 1245 3453 τῶν
1285 3401 1494 3456 πολλῶν
1536 3404 1700 3458 αὑτοῦ

155 3481 277 3552 βίοςς
343 3485 539 3560 προῄει
635 3487 743 3560 γὰρ
800 3489 866 3542 ἐκ
923 3490 1022 3562 τῆς
1059 3492 1264 3563 ἐρήμου
1321 3490 1478 3565 ξένην
1531 3495 1704 3564 ἠμφι-

153 3579 351 3653 εσμένος
375 3580 567 3652 στολὴν
591 3619 605 3644 ,
659 3583 840 3635 πᾶσαν
899 3583 956 3636 δὲ
1013 3584 1113 3656 τὴν
1159 3585 1344 3657 κοινὴν
1402 3586 1498 3639 ἀνθ
1509 3585 1702 3657 ρώπων

153 3667 400 3744 διατριϐὴν
458 3673 891 3745 ἐκτρεπόμενοςε
954 3673 1076 3728 οὔτε
1151 3675 1280 3745 γοῦν
1335 3679 1414 3740 εἰς
1483 3676 1698 3750 κώμην,

153 3762 254 3818 οὔτε
297 3769 372 3831 εἰς
421 3767 609 3830 πάλιν,
670 3767 794 3822 οὔτε
828 3771 908 3834 εἰς
965 3769 1142 3823 κοινὸν
1192 3769 1448 3840 σύλλογον
1493 3773 1702 3841 ἀνδρῶν

153 3857 482 3927 παρέϐαλλεν.
573 3859 735 3912 Ἀλλά
769 3860 889 3914 οὐδὲ
939 3862 1038 3934 τῆς
1095 3863 1280 3934 κοινῆς
1339 3866 1549 3935 μετεῖχε
1580 3882 1702 3936 τρο-

153 3948 272 4018 φῆςρ
329 3940 633 4024 ﬁmum-'1:
687 3952 852 4022 γοῦν,
913 3951 991 4018 ὡς
1053 3972 1070 4004 ι
1105 3955 1170 4006 ἐκ
1219 3955 1318 4024 τῆς
1375 3955 1468 4008 τοῦ
1510 3956 1701 4022 παιδὸς

153 4035 335 4104 ἡλικίας
381 4035 449 4111 ἦν
494 4043 552 4095 ἐν
601 4045 724 4107 ταῖς
773 4043 1000 4114 ἐρήμοις
1055 4043 1160 4110 ἕως
1220 4045 1432 4116 ἡμέρας
1487 4047 1699 4101 ἀναδεί-

155 4126 265 4194 ξεως
325 4132 486 4187 αὐτοῦ
549 4135 686 4205 πρὸς
731 4135 820 4189 τὸν
899 4137 1136 4209 Ἰσραήλ.
1260 4139 1421 4194 Ἀλλά
1479 4142 1573 4194 καὶ
1637 4141 1700 4196 τὸ

154 4219 326 4294 ἔνδυμα
369 4225 534 4280 αὐτοῦ
590 4223 660 4298 ἦν
717 4229 780 4282 ἐκ
830 4229 1029 4301 τριχῶν
1087 4231 1346 4302 καμήλων
1406 4235 1703 4305 πεποιημέ-

155 4328 254 4377 νον,
300 4316 416 4391 ηδε
443 4317 619 4390 τροφὴ
670 4317 833 4371 αὐτοῦ
881 4319 1101 4391 ἀκρίδες
1141 4323 1234 4376 καὶ
1276 4323 1400 4392 μέλι
1451 4323 1692 4396 ἄγριον.»

153 4403 226 4475 Μή
271 4425 340 4478 πη
390 4405 518 4472 οὖν,
591 4409 827 4481 ὁρῶντες
873 4412 1040 4484 ἄνδρα
1065 4410 1356 4485 Ναζιραῖον
1413 4416 1510 4486 μὲν
1562 4415 1697 4471 Θεοῦ

1825 548 2212 618 compleretur.
2252 548 2358 605 Sed
2392 550 2484 620 qui
2524 550 2854 620 exquisitius
2885 565 2950 606 ac
2982 551 3300 624 diligentius
3332 566 3394 607 se

1823 639 2006 696 doceri
2038 641 2290 704 voluerit,
2327 642 2844 713 illicointerrogabit
2877 661 2891 698 :
2919 644 3080 722 Atqui
3105 643 3394 714 prophetia

1826 733 1938 788 lucc
1969 735 2100 805 quid
2131 735 2346 789 tandem
2377 735 2481 790 sibi
2512 736 2745 800 volebat,
2777 750 2900 791 cum
2925 735 3223 802 desertum,
3245 745 3302 790 et
3325 749 3391 790 ea

1824 840 1944 894 qua».
1971 827 2037 879 ad
2067 825 2119 879 id
2149 841 2320 896 genus
2346 826 2618 896 pertinent
2657 827 3008 881 annuntiabat?
3037 828 3126 884 cui
3165 843 3394 898 respon-

1822 919 2091 984 debimus,
2126 921 2269 990 quod
2303 921 2406 976 hoc
2435 936 2653 994 quoque
2687 921 2902 991 signum
2933 931 3052 978 erat
3087 921 3392 978 evertenda

1823 1011 1974 1068 urbis
2010 1009 2337 1077 Jerusalem,
2365 1020 2420 1068 et
2451 1013 2572 1083 ejus
2605 1013 2749 1083 quod
2783 1014 2837 1068 in
2872 1015 2982 1082 ἰιιςςι
3015 1022 3137 1072 erat
3173 1013 3388 1078 altaris,

1821 1103 2069 1172 ritusque
2099 1103 2268 1169 illius,
2297 1105 2390 1175 qui
2419 1105 2718 1160 secundum
2749 1104 3039 1160 Mosainam
3073 1106 3243 1176 legem
3271 1119 3390 1160 ser-

1820 1194 2072 1260 vabatur,
2103 1195 2323 1264 quando
2367 1211 2476 1250 non
2510 1198 2742 1268 amplius
2777 1213 2872 1268 per
2901 1197 3142 1268 legitima
3181 1194 3391 1252 sacriﬁ-

1821 1287 1905 1341 cia
1936 1287 2189 1343 remissio
2219 1288 2329 1343 illis
2354 1299 2701 1359 peccatorum
2726 1291 3141 1353 conciliabatur,
3175 1289 3270 1345 sed
3293 1303 3391 1359 per

1821 1379 2194 1449 purgationem
2226 1380 2448 1446 lavacri,
2475 1381 2621 1450 quod
2655 1383 2709 1435 in
2735 1382 2864 1436 olim
2901 1381 3177 1436 sitibunda
3209 1395 3274 1436 ac
3293 1378 3391 1436 de-

1821 1481 1986 1532 serta.
2018 1471 2140 1527 dico
2169 1479 2374 1540 autem,
2398 1476 2452 1528 in
2484 1475 2713 1529 collecta
2745 1474 2814 1528 de
2844 1473 3099 1544 gentibus
3120 1473 3389 1542 Ecclesia,

1819 1561 2158 1625 tradebatur,
2213 1561 2266 1616 iu
2307 1578 2415 1633 qua
2446 1564 2610 1618 etiam
2661 1563 2752 1617 illa
2797 1577 2919 1632 qua:
2949 1561 3094 1616 facta
3149 1567 3234 1617 est
3271 1575 3392 1631 pro-

1819 1654 2032 1725 phetica
2067 1671 2195 1722 vox,
2228 1669 2423 1726 parare
2455 1657 2598 1710 viam
2623 1654 2835 1710 Domini
2859 1656 3034 1723 jubet,
3065 1654 3192 1709 dum
3226 1653 3388 1708 mali-

1820 1746 1924 1802 tias
1955 1745 2010 1800 in
2053 1745 2164 1802 imo
2197 1747 2435 1818 quodam
2466 1747 2655 1814 fundo,
2686 1748 2845 1820 quasi
2878 1747 2932 1802 in
2967 1746 3213 1802 convalle
3241 1745 3393 1816 posi-

1316 1839 1410 1892 καὶ
1471 1837 1580 1894 τῶν
1627 1839 1714 1896 ἐπ’
1745 1831 1786 1886 Β
1816 1845 1900 1895 tas
1931 1840 2236 1894 animarum
2268 1839 2620 1904 auferendas,
2665 1849 2720 1897 et
2750 1847 2964 1896 veteres
2991 1839 3142 1894 urbis
3167 1836 3391 1894 Jerusa-

1813 1930 1919 1986 lem
1958 1938 2122 2002 atque
2150 1947 2339 1988 eorum
2376 1933 2468 2004 qui
2501 1933 2556 1987 in
2585 1933 2675 1987 illa
2713 1932 3054 2002 imperabant
3080 1931 3388 2002 principum

1812 2036 1878 2078 ac
1905 2038 2114 2094 regum,
2151 2025 2246 2095 qui
2307 2031 2524 2080 montes
2569 2033 2622 2080 et
2652 2024 2820 2080 colles
2855 2023 3231 2086 nominantur,
3264 2019 3390 2080 alti-

1812 2110 2031 2167 tudincs
2075 2111 2414 2182 dejiciendas
2462 2111 2817 2176 vaticinatur,
2860 2113 3061 2182 quibus
3105 2109 3385 2182 perfectis,

1816 2220 1836 2253 ι
1881 2202 2094 2266 Oumis,
2138 2204 2338 2275 inquit,
2379 2220 2510 2260 caro
2549 2203 2754 2259 videbit
2798 2205 3041 2260 salutare
3077 2202 3194 2260 Dei.
3221 2223 3242 2257 ι
3271 2200 3390 2258 Hoc

1809 2301 1894 2348 est
1918 2296 2098 2351 omnis
2131 2311 2472 2366 quaecunque
2513 2297 2731 2365 corpori
2761 2296 2974 2352 inclusa
3005 2295 3063 2350 in
3089 2301 3236 2350 terra
3267 2309 3389 2350 ver-

1810 2393 1965 2441 satur
2010 2388 2212 2450 anima,
2267 2395 2379 2442 tam
2433 2387 2794 2442 barbarorum
2837 2401 3000 2458 quam
3046 2384 3383 2452 Graecorum,

1807 2476 1912 2532 hoc
1960 2485 2062 2543 cst,
2109 2479 2357 2534 omnium
2409 2480 2633 2534 omnino
2672 2478 2914 2550 gentium
2947 2493 3108 2550 :qua:
3163 2477 3386 2548 quidem

1807 2569 1910 2639 ipsi
1945 2569 2206 2626 vaticinio
2258 2579 2626 2627 consentanea
2673 2572 2742 2627 ad
2803 2586 2964 2629 suum
3005 2571 3166 2625 linem
3202 2584 3392 2641 perve-

1806 2661 1957 2717 nisse
1999 2660 2649 2734 demoustrantur.53o
2675 2658 2814 2714 Dum
2844 2661 3013 2731 igitur
3058 2673 3270 2715 mecum
3301 2663 3388 2712 ta-

1805 2754 1950 2810 citus
1989 2767 2198 2824 quaero,
2231 2753 2426 2808 oborta
2465 2754 2600 2808 mihi
2649 2761 2733 2810 est
2776 2751 3067 2816 dubitatio,
3099 2749 3232 2821 quid
3261 2755 3388 2806 tan-

1805 2844 1926 2900 dem
1977 2845 2112 2902 illud
2159 2853 2311 2902 esset
2351 2847 2406 2901 in
2448 2845 2682 2912 Joanne,
2728 2861 2840 2919 quo
2885 2853 3044 2916 capta
3093 2843 3386 2900 multitudo

1804 2936 1898 2992 illa
1949 2935 2314 2994 admiraretur
2345 2939 2648 3005 hominem,
2679 2947 2734 2994 et
2763 2937 3084 3008 praedicanti
3113 2936 3387 3006 baptisma

1803 3028 2137 3101 pmnitentim
2171 3029 2333 3086 fidem
2371 3031 2618 3096 haberet,
2646 3029 2890 3102 quidque
2917 3028 3052 3084 illud
3090 3042 3200 3099 quo
3230 3027 3386 3083 ducti

1803 3138 1995 3179 omnes
2031 3122 2273 3194 undique
2313 3123 2476 3178 rebus
2513 3123 2748 3194 pr0priis
2791 3121 3002 3178 relictis
3047 3117 3386 3176 conﬂuerent

1807 3217 1862 3272 in
1893 3216 2194 3278 desertum,
2223 3230 2348 3270 eum
2385 3215 2686 3285 prtesertim
2723 3215 2872 3268 nulla
2905 3213 3054 3266 illius
3083 3221 3234 3283 gesta
3265 3225 3387 3265 me-

1804 3310 1994 3363 moriae
2016 3307 2230 3378 prodita
2266 3303 2378 3361 sint
2413 3324 2426 3359 :
2461 3320 2640 3375 neque
2668 3303 2816 3360 enim
2847 3301 2995 3374 quod
3026 3306 3386 3356 autmortuos

1803 3401 2156 3464 excitaverit,
2210 3406 2305 3453 aut
2356 3397 2464 3450 alia
2518 3396 2784 3451 miracula
2834 3393 3062 3456 fecerit,
3120 3392 3386 3461 scriptum

1805 3501 2007 3550 exstat.
2055 3492 2196 3559 Quid
2245 3491 2412 3562 igitur
2444 3489 2578 3544 illud
2609 3496 2727 3544 erat
2759 3487 2908 3558 quod
2957 3485 3385 3540 admirabundos

1803 3599 1994 3641 omnes
2037 3583 2336 3638 redderet?
2383 3581 2523 3635 Num
2559 3580 2796 3635 forsitan
2842 3591 3044 3633 novum
3090 3585 3144 3631 et
3175 3573 3318 3646 quod
3350 3590 3384 3630 a

1803 3675 2154 3732 multitudine
2185 3675 2506 3731 abhorreret
2533 3673 2658 3728 vitae
2687 3671 2836 3726 illius
2874 3669 3088 3740 genus?
3121 3666 3387 3738 procede-

1803 3769 2074 3824 bat‘enim
2117 3783 2185 3822 ex
2223 3766 2442 3821 deserto
2483 3765 2806 3820 inusitatum
2854 3762 3080 3818 indutus
3107 3762 3379 3827 habitum,

1801 3875 2128 3930 omnemque
2174 3872 2518 3914 communem
2571 3856 2856 3911 hominum
2915 3857 3378 3911 consuetudinem

1801 3952 2277 4008 declinansznam
2328 3965 2506 4020 neque
2543 3951 2600 4004 in
2644 3950 2824 4004 vicum
2861 3949 3056 4012 ullum,
3099 3963 3276 4018 neque
3325 3947 3381 4002 in

1801 4043 2013 4106 urbem,
2045 4057 2223 4112 neque
2255 4042 2308 4096 in
2346 4051 2691 4095 communem
2720 4039 2958 4109 aliquem
2997 4039 3240 4094 virorum
3274 4052 3382 4093 ca:-

1801 4143 1912 4188 tum
1954 4133 2316 4188 commeabat.
2369 4129 2476 4185 Sed
2528 4146 2598 4185 ne
2647 4130 2793 4184 rictu
2837 4130 3056 4201 quidem
3100 4128 3378 4184 communi

1799 4225 2121 4280 vescebatur
2145 4244 2159 4279 :
2182 4223 2448 4294 siquidem
2481 4226 2745 4293 scriptum
2763 4230 2867 4285 est,
2897 4222 3043 4294 quod
3085 4239 3103 4272 ι
3127 4237 3156 4276 a
3185 4219 3379 4291 puerili

1799 4325 1957 4372 aetate
1987 4318 2039 4371 iu
2073 4317 2371 4372 solitudine
2389 4323 2705 4371 versaretur
2730 4315 2799 4367 ad
2823 4315 2975 4370 illum
3008 4330 3180 4385 usque
3208 4314 3374 4377 diem,

1801 4425 1910 4480 quo
1940 4409 2044 4478 ipsi
2090 4406 2258 4463 Israel
2289 4407 2696 4464 ostenderetur.
2732 4405 2876 4474 Quin
2924 4407 3088 4461 etiam
3133 4406 3253 4474 ejus
3284 4420 3378 4460 ve-

153 4495 234 4566 τὴν
275 4499 463 4572 τρίχα,
517 4501 820 4576 θεοπρεπὲς
868 4504 926 4558 δὲ
977 4505 1263 4578 πρόσωπον
1318 4509 1698 4580 ὑποφαίνοντα,

1807 4502 2121 4558 stimcutum
2167 4516 2235 4554 ex
2272 4500 2398 4571 pilis
2426 4500 2759 4554 camelorqu
2791 4497 3100 4552 confectqu
3143 4505 3284 4561 erat,
3321 4503 3378 4552 et

157 4587 316 4658 σχῆμά
362 4609 420 4647 τε
476 4593 626 4660 ξένον
681 4596 971 4668 περιϐολῆς
1027 4600 1396 4671 ἠμφιεσμένον
1424 4641 1438 4666 ,
1491 4601 1701 4676 ἀθρόως

155 4679 290 4734 ποθὲν
333 4683 392 4750 ἐξ
445 4686 686 4754 ἀφανοῦς
736 4691 944 4762 ἐρήμου
1005 4693 1325 4766 φαινόμενον
1349 4734 1364 4760 ,
1422 4695 1514 4748 καὶ
1565 4696 1700 4768 μετὰ

155 4768 203 4821 τὸ
250 4776 497 4848 κήρυγμα
567 4779 730 4834 πάλιν
783 4783 863 4846 είς
917 4783 1019 4856 τὴν
1083 4784 1284 4856 ἔρημον
1342 4787 1437 4840 καὶ
1501 4790 1582 4854 είς
1639 4791 1700 4844 τὸ

155 4856 328 4930 ἀξια-θὲς
376 4866 762 4940 ὑποχωροῦντα
786 4911 801 4936 ,
856 4873 950 4926 καὶ
981 4873 1198 4939 ἄποτον,
1245 4873 1479 4946 ἄτροφον
1501 4917 1517 4943 ,
1549 4877 1700 4932 ἀκοι-

154 4949 356 5024 νώνητον
383 4960 494 5023 τοῖς
525 4959 738 5027 πολλοῖς
764 5001 779 5025 ,
817 4963 1041 5028 εἰκότως
1091 4963 1476 5038 ἐξεπλήττοντο
1498 5011 1513 5032 ,
1575 4969 1697 5041 μηδ’

156 5040 404 5132 ἄνθρωπον
436 5051 600 5106 αὐτὸν
653 5053 1006 5120 ὑπονοοῦντες
1063 5057 1364 5130 ὑπάρχειν;
1419 5059 1538 5124 πῶς
1587 5040 1696 5132 γάρ

155 5131 226 5192 τὸν
247 5141 368 5212 μηδὲ
411 5143 470 5197 ὲν
498 5143 660 5217 χρεία
692 5145 899 5218 τροφῆς
933 5147 1216 5219 γινόμενον
1241 5166 1255 5214 ;
1283 5149 1366 5203 διὸ
1395 5151 1490 5205 καὶ
1531 5131 1698 5222 inre-

154 5233 226 5333 λον
267 5241 624 5317 ὑπειλήφεσαν
675 5241 814 5333 εἶναι
863 5247 1052 5308 τοῦτον
1107 5250 1268 5304 αὑτὸν
1314 5252 1518 5304 ἐκεῖνον
1535 5291 1550 5317 ,
1605 5251 1695 5306 τὸν

150 5323 222 5390 δέὲ
266 5331 349 5386 τοῦ
401 5337 690 5408 προφήτου
734 5323 1101 5412 δηλούμενον,
1164 5341 1307 5407 κατὰ,
1354 5342 1416 5396 τὸ
1440 5383 1456 5406 ,
1521 5342 1695 5398 «Ἰδοὺ

149 5416 242 5486 ἐγὼ
287 5425 602 5484 ἀποστέλλω
653 5429 746 5485 τὸν
792 5431 1021 5502 ἄγγελόν
1080 5449 1184 5502 μου
1237 5433 1342 5506 πρὸ
1399 5435 1690 5506 προσώπου

151 5523 228 5569 σου
251 5551 268 5576 ,
341 5515 400 5582 ὃς
450 5520 855 5577 κατασκευάσει
915 5521 1012 5596 τὴν
1063 5523 1184 5578 ὁδόν
1242 5541 1338 5588 σου
1387 5525 1692 5600 ἔμπροσθέν

152 5627 273 5669 σουιι
357 5620 639 5694 Κέχρηται
695 5621 826 5694 γοῦν
873 5627 940 5698 τῇ
997 5624 1295 5698 παραθέσει
1347 5630 1441 5686 καὶ
1488 5632 1690 5706 ταύτης

154 5712 234 5774 τῆς
272 5717 484 5796 Γραφῆς
511 5721 740 5797 Μάρκος
791 5727 822 5780 6
872 5723 1287 5798 εὐαγγελιστής.
1362 5730 1472 5786 Καὶ
1516 5739 1544 5792 ὁ
1575 5740 1687 5794 Σω-

1797 4595 1952 4650 cibus
1978 4594 2206 4648 locustae
2235 4601 2290 4648 et
2317 4593 2422 4646 mel
2453 4593 2756 4648 silvestre.»
2784 4589 3034 4660 Nunquid
3065 4589 3230 4656 igitur
3251 4603 3374 4644 cum

1797 4687 1996 4758 capillo
2035 4687 2254 4756 quidem
2305 4683 2607 4738 Nazirzcum
2657 4681 2750 4736 Dei
2783 4682 3054 4746 viderent,
3094 4681 3210 4751 qui,
3256 4694 3380 4751 quae

1795 4774 1964 4831 Deum
2010 4774 2171 4830 facile
2199 4774 2410 4836 deceat,
2459 4774 2651 4828 faciem
2697 4777 3021 4832 ostentaret,
3063 4770 3372 4826 vcsﬁmenti

1796 4874 1977 4922 autem
2010 4866 2332 4920 inusitatum
2383 4880 2556 4936 genus
2601 4863 2875 4924 indutttm,
2918 4869 3143 4932 repente
3190 4861 3376 4916 nescio

1797 4959 1940 5014 unde
1992 4974 2024 5014 e
2070 4959 2292 5014 latebris
2350 4957 2664 5012 solitudinis
2717 4956 3096 5022 prodeuntem,
3152 4963 3208 5010 et
3251 4961 3374 5025 post

1795 5050 2263 5122 praedicationem,
2311 5063 2510 5104 rursus
2554 5049 2610 5127 in
2656 5047 3006 5102 solitudinem
3049 5053 3107 5100 et
3155 5045 3212 5100 in
3246 5045 3378 5100 late-

1794 5153 1922 5210 bras
1953 5153 2320 5216 recedentem,
2372 5151 2492 5208 sine
2538 5159 2690 5222 potu,
2719 5151 2840 5206 sine
2879 5149 3024 5213 cibo,
3073 5149 3376 5204 abhorren-

1793 5261 1902 5310 tem
1931 5269 1960 5310 a
1978 5253 2345 5316 multitudine,
2369 5253 2567 5308 merito
2595 5252 3082 5323 obstupescebant.
3107 5258 3162 5306 et
3179 5267 3246 5306 ne
3267 5251 3372 5305 bo-

1795 5349 1997 5404 minem
2051 5349 2271 5418 quidem
2320 5348 2474 5402 illum
2517 5363 2640 5404 esse
2687 5346 3140 5402 arbitrabantur?
3181 5345 3370 5417 quidni

1799 5441 1952 5494 illum
1999 5441 2091 5511 qui
2131 5441 2212 5496 vel
2236 5441 2388 5495 nullo
2432 5441 2555 5495 cibo
2589 5439 2892 5511 indigeret?
2931 5439 3187 5509 quocirca
3227 5454 3376 5494 euin-

1799 5529 1921 5587 dem
1965 5531 2218 5602 angelum
2263 5547 2387 5588 esse
2427 5530 2724 5586 credebant
2764 5530 2916 5584 illum
2949 5528 3126 5600 ipsum
3158 5529 3227 5584 de
3262 5544 3374 5600 quo

1797 5633 2062 5706 propheta
2091 5633 2354 5706 loquitur,
2381 5633 2510 5688 dum
2541 5631 2677 5688 dicit
2702 5649 2716 5686 :
2754 5648 2774 5682 ι
2806 5630 2944 5686 Ecce
2973 5645 3074 5701 ego
3105 5631 3260 5685 mitto
3281 5644 3372 5684 an-

1791 5747 1970 5818 gelum
2004 5749 2187 5794 meum
2233 5741 2358 5793 ante
2391 5733 2585 5791 faciem
2633 5740 2807 5797 tuam,
2837 5732 2931 5804 qui
2974 5730 3186 5803 parabit
3224 5730 3368 5787 viam
