3908 6266
487 307 582 363 671

1099 314 1368 370 EUSEBII
1406 314 1884 372 CIESARIENSIS
1912 315 2062 372 OPP.
2103 314 2306 374 PARS.
2337 315 2402 372 ll.
2445 347 2513 357 —
2559 313 3054 370 APOLOGETICA.

3618 314 3726 368 672

486 446 636 494 tuam
675 444 802 490 ante
838 444 890 489 te
913 434 979 486 δ’.
1015 454 1034 486 ι
1069 433 1328 488 Eumdem
1369 433 1666 504 Scriptura:
1695 436 1872 489 locum
1920 435 2032 489 Mar

2158 435 2261 507 τὴρ
2301 435 2356 488 δὲ
2396 437 2662 508 μαρτυρεῖ
2706 434 2910 502 λέγων·
2966 429 3193 484 (Ἶίλθεν
3225 433 3252 484 6
3306 432 3556 502 Ἰωάννης
3587 434 3727 504 πρὸς

486 543 585 582 cus
638 543 853 598 quoque
887 527 1219 596 evangelista
1271 528 1475 583 citavit.
1519 527 1664 593 Quin
1717 529 1880 581 etiam
1936 515 2052 598 ipse

489 618 745 673 Salvator
797 618 923 671 huic
973 620 1049 672 rei
1101 620 1475 673 testimonium
1515 619 1773 682 exhibet,
1823 621 2048 675 dicens:

491 730 508 762 ι
544 709 704 762 Venit
751 707 992 765 Joannes
1049 711 1116 765 ad
1166 728 1285 774 vos,
1332 729 1506 782 neque
1548 713 1838 770 comedens
1878 729 2054 783 neque

483 802 696 866 bibens,
742 809 795 856 et
829 803 1035 868 dicitis,
1077 805 1406 859 daemonium
1458 806 1619 860 habet
1642 805 1706 860 ⁸³.
1747 827 1765 858 ι
1807 806 2054 862 lncredu~

481 891 564 946 los
606 891 749 945 enim
795 900 849 944 et
879 894 1141 950 adversus
1185 896 1468 950 veritatem
1504 896 1748 951 diﬂieiles
1791 908 1843 952 et
1875 899 2053 968 pervi-

480 999 658 1046 caces,
693 985 954 1040 credibile
995 995 1079 1042 est
1113 995 1334 1058 propter
1361 988 1494 1042 illud
1520 1004 1628 1059 quo
1654 987 1894 1045 Joannes
1934 997 2052 1046 ute-

478 1077 641 1132 batur
670 1078 794 1132 vitae
844 1095 1048 1150 genus,
1085 1081 1214 1134 talia
1264 1080 1319 1134 in
1358 1082 1508 1136 illum
1544 1083 1745 1153 probra
1776 1082 2049 1152 jactasse,

479 1169 622 1225 sicut
681 1173 994 1226 econtrario
1044 1173 1138 1242 qui
1190 1173 1410 1230 virtutis
1445 1175 1592 1232 illius
1643 1191 1809 1232 sensu
1855 1176 2054 1233 allicie-

481 1263 703 1325 bantur.
750 1265 1003 1335 angelum
1041 1265 1408 1321 existimasse.
1441 1265 1567 1322 Haec
1601 1267 1769 1337 igitur
1810 1270 2051 1324 arbitror

479 1357 657 1425 ipsum
684 1355 948 1412 Joannem
982 1358 1322 1413 intuentibus
1357 1359 1796 1426 admirationem,
1835 1377 1898 1417 ac
1934 1373 2049 1418 stu-

478 1464 664 1520 porem
689 1465 817 1520 erga
845 1450 1122 1506 hominem
1149 1451 1398 1507 attulisse
1435 1470 1448 1506 :
1476 1460 1813 1523 quapropter
1829 1455 1895 1509 ad
1929 1470 2046 1511 eam

477 1544 674 1594 anima:
698 1541 1096 1610 purgationem,
1128 1555 1249 1610 quae
1276 1541 1345 1595 ab
1373 1541 1466 1596 illo
1485 1541 1930 1608 denuntiabatur,
1952 1561 2049 1600 un-

478 1632 644 1701 dique
668 1633 1092 1689 concurrebant.
1121 1633 1278 1705 531
1316 1632 1560 1690 Meminit
1587 1645 1768 1692 autem
1795 1637 2044 1708 hujusce,

479 1739 602 1796 qua!
637 1725 706 1780 de
733 1725 825 1780 illo
852 1725 1046 1788 fertur,
1075 1727 1339 1791 historiae,
1362 1728 1526 1781 etiam
1555 1725 1828 1800 Josephus
1868 1730 1923 1786 in
1952 1731 2047 1788 de-

477 1816 622 1877 cimo
673 1828 867 1871 octavo
913 1815 1161 1872 Iudaica:
1205 1817 1555 1888 Antiquitatis
1590 1821 1756 1910 libro,
1808 1821 1864 1876 in
1897 1822 2044 1879 hunc
2075 1855 2118 1910 Β

474 1905 693 1962 modum
719 1909 970 1964 scribens
998 1928 1011 1964 ι
1043 1927 1062 1961 ι
1096 1908 1352 1965 Nonnulli
1393 1919 1573 1965 autem
1607 1909 1917 1969 Judaeorum
1947 1931 2046 1986 pu-

474 1997 664 2053 tabant
711 1999 834 2054 ideo
876 2001 1106 2070 periisse
1159 1999 1468 2057 Judteorum
1525 2006 1847 2071 exercitum,
1898 2009 2042 2077 quod

472 2083 618 2142 Deus
645 2087 950 2155 justissime
993 2089 1184 2146 ulcisci
1228 2092 1465 2147 voluerit
1506 2095 1834 2164 supplicium
1878 2097 2045 2153 Joan-

470 2176 580 2239 nis,
615 2178 706 2248 qui
744 2177 984 2248 Baptista
1027 2183 1370 2238 vocabatur:
1399 2183 1544 2238 hunc
1573 2185 1718 2240 enim
1769 2189 2044 2245 occiderat

471 2267 716 2326 Herodes
759 2273 934 2326 virum
971 2273 1195 2339 bonum,
1223 2284 1275 2330 et
1302 2273 1521 2332 Judmos
1566 2276 1948 2336 adhortantem
1984 2291 2042 2338 ut

466 2362 857 2417 exercitatione
883 2363 1124 2424 virtutis,
1173 2373 1473 2435 mutuaque
1512 2367 1656 2422 inter
1710 2369 1921 2439 seipsos
1950 2371 2035 2441 ju-

2159 528 2302 598 ὑμᾶς
2339 528 2474 598 μήτε
2509 526 2701 578 ἐσθίων
2728 566 2742 589 ,
2797 527 2930 596 μήτε
2977 523 3142 576 πίνων
3167 562 3181 585 ,
3218 522 3312 575 καὶ
3338 521 3524 590 λέγετε
3548 538 3562 552 °
3599 527 3728 575 Δαι-

2159 623 2337 694 μόνιον
2392 621 2521 691 ἔχει.
2560 641 2578 671 ι
2603 621 2739 682 Τοὺς
2792 619 2900 689 γὰρ
2933 615 3287 679 ἀπιστοῦντας
3328 617 3420 668 καί
3481 614 3622 686 πρὸς
3657 614 3726 667 τὰ

2154 711 2324 782 ἀληθῆ
2359 712 2636 782 δυσχερεῖς
2691 710 2781 763 καὶ
2828 708 3166 771 δυσενδότους
3219 705 3362 771 εἰκὸς
3402 704 3470 778 ἦν
3501 707 3593 760 διὰ
3635 708 3728 761 τὸν

2153 803 2438 875 εἰρημένον
2491 802 2584 855 τοῦ
2645 803 2890 856 Ἰωάννου
2944 800 3054 871 βίον
3094 799 3312 854 τοιαῦτα
3363 799 3522 854 αὐτὸν
3564 799 3728 870 βλασ-

2154 898 2390 968 φημεῖν,
2450 895 2525 960 ὡς
2581 894 2812 965 ἔμπαλιν
2842 894 2966 956 τοὺς
3003 892 3433 964 συνῃσθημένους
3462 892 3564 962 τῆς
3602 893 3725 944 κατ’

2152 990 2310 1043 αὐτὸν
2365 987 2567 1060 ἀρετῆς
2621 985 2847 1056 ἄγγελον
2897 985 3315 1056 ὑπολαμϐάνειν.
3377 983 3560 1038 Ταῦτα
3595 983 3727 1052 γοῦν

2152 1081 2388 1153 ἡγοῦμαι
2458 1083 2571 1144 τοῖς
2640 1079 2732 1134 τὸν
2817 1077 3068 1150 Ἰωάννην
3125 1077 3291 1149 ὁρῶσι
3353 1077 3535 1148 θαῦμα
3597 1079 3728 1148 περὶ

2149 1173 2312 1228 αὐτοῦ
2357 1174 2659 1246 παρασχεῖν
2682 1189 2697 1202 ο
2769 1171 2848 1225 διὸ
2901 1171 2994 1224 καὶ
3047 1171 3362 1242 συνέτρεχον
3385 1169 3728 1240 πανταχόθεν

2150 1267 2242 1321 ἐπὶ
2293 1267 2394 1337 τὴν
2449 1264 2514 1318 δι’
2571 1262 2734 1318 αὐτοῦ
2769 1261 3172 1335 κηρυττομένην
3226 1262 3324 1332 τῆς
3373 1260 3554 1331 ψυχῆς
3623 1260 3726 1314 κά-

2149 1360 2360 1433 θαρσιν.
2444 1357 2732 1429 Μέμνηται
2791 1355 2848 1408 δέ
2903 1355 3001 1426 τῆς
3082 1353 3201 1408 κατ’
3259 1353 3418 1406 αὐτὸν
3475 1352 3728 1425 ἱστορίας

2161 1451 2419 1524 Ἰώσηπος
2451 1453 2509 1505 ἐν
2555 1447 3004 1516 ὀκτωκαιδεκάτῳ
3049 1445 3150 1517 τῆς
3213 1443 3547 1513 Ἰουδαϊκῆς
3594 1444 3724 1511 Ἀρ-

2148 1544 2527 1614 χαιολογίας,
2587 1538 2774 1594 τοῦτον
2823 1538 3048 1610 γράφων
3100 1537 3192 1590 τὸν
3238 1536 3437 1610 τρόπον
3460 1553 3472 1566 ·
3545 1556 3565 1588 ι
3600 1536 3645 1589 Τ
3652 1537 3724 1589 tsi

2145 1635 2203 1688 δέ
2254 1634 2364 1689 τῶν
2426 1633 2695 1687 Ἰουδαίων
2751 1630 2922 1684 ἐδόκει
2983 1628 3237 1683 ὀλωλέναι
3294 1628 3384 1682 τὸν
3447 1627 3724 1682 Ἰουδαίων

2149 1729 2376 1800 στρατὸν
2429 1726 2533 1780 ὐπὸ
2584 1724 2677 1780 τοῦ
2727 1722 2860 1778 Θεοῦ
2886 1764 2901 1788 ,
2952 1722 3044 1776 καὶ
3095 1721 3237 1792 μάλα
3278 1719 3499 1784 δικαίως
3546 1737 3725 1773 τιννυ-

2151 1821 2309 1892 μένου
2390 1818 2530 1873 κατὰ
2597 1815 2786 1887 ποινὴν
2871 1813 3115 1867 Ἰωάννου
3188 1810 3281 1865 τοῦ
3379 1811 3724 1882 καλουμένου

2152 1911 2472 1968 Βαπτιστοῦ.
2531 1909 2745 1965 Κτείνει
2797 1907 2904 1978 γὰρ
2954 1904 3138 1960 τοῦτον
3210 1903 3449 1978 Ἡρώδης
3515 1904 3724 1968 ἀγαθὸν

2149 2006 2350 2078 ἄνδρα,
2441 2003 2536 2056 καὶ
2606 2001 2717 2062 τοῖς
2786 1996 3060 2074 Ἰουδαίοις
3142 1993 3426 2049 κελεύοντα
3515 1995 3724 2066 ἀρετὴν

2149 2095 2478 2160 ἐπασκοῦσι,
2539 2092 2634 2147 καὶ
2681 2094 2744 2163 τῇ
2784 2091 2918 2161 πρὸς
2942 2087 3197 2159 ἀλλήλους
3225 2085 3577 2160 δικαιοσύνῃ,
3627 2087 3724 2139 καὶ

2147 2189 2284 2260 πρὸς
2336 2188 2468 2241 Θεὸν
2519 2182 2770 2254 εὐσεϐείᾳ
2823 2180 3121 2252 χρωμένοις
3176 2177 3463 2250 βαπτισμῷ
3535 2178 3721 2230 συνιέ-

2146 2297 2272 2335 ναι·
2332 2278 2473 2332 οὕτω
2519 2273 2628 2346 γὰρ
2687 2272 2752 2345 δὴ
2807 2273 2904 2326 καὶ
2963 2269 3061 2342 τὴν
3113 2269 3360 2342 βάπτισιν
3412 2268 3723 2338 ἀποδεκτὴν

2147 2371 2294 2444 αὐτῷ
2347 2367 2647 2442 φαίνεσθαι.
2663 2386 2680 2418 ι

465 2451 620 2506 stitia
662 2462 825 2523 atque
875 2469 1001 2526 erga
1066 2455 1233 2512 Deum
1295 2458 1496 2530 pietate
1540 2467 1777 2530 utentes,
1827 2463 1894 2518 ad
1943 2466 2278 2542 baptismum
2315 2459 2782 2521 accederentzsic
2824 2473 3059 2529 namque
3095 2455 3425 2511 ablutionem
3493 2468 3722 2525 quoque

469 2535 578 2614 ipsi
610 2543 782 2598 videri
814 2553 1114 2614 acceptam.
1148 2564 1167 2598 ›

463 2653 544 2708 Ab
567 2654 893 2731 _eod‘em._—-
925 2655 1057 2731 Item
1082 2657 1154 2731 _de
1188 2658 1494 2731 solitudine,
1527 2661 1741 2731 ipsoque
1790 2668 2035 2723 nomina-

538 2726 629 2809 tim
677 2725 914 2809 ἸΙονιίαηε
965 2727 1144 2796 ﬂuvio,
1197 2729 1336 2798 apud
1385 2725 1806 2800 quem-Johnnea
1863 2737 2037 2809 bapti-

536 2796 717 2850 zabat.

539 2927 558 2959 ‹
594 2908 818 2973 Laetare,
849 2911 1085 2965 solitudo
1117 2911 1310 2967 sitiens
1336 2931 1349 2967 :
1374 2913 1612 2969 exsultet
1644 2915 1946 2985 desertum,
1983 2929 2038 2977 et

462 3000 655 3055 ﬂoreat
691 3010 750 3054 ut
782 3003 976 3068 lilium,
1013 3011 1067 3058 et
1104 3003 1426 3059 elllorebunt
1462 3012 1518 3060 et
1559 3008 1910 3065 exsultabuut
1940 3012 2036 3068 de-

2153 2670 2294 2727 Ἀπὸ
2343 2668 2448 2722 τοῦ
2509 2664 2714 2720 αὐτοῦ.
2741 2694 2814 2706 -—
2848 2665 2973 2717 Ἔτι
3009 2662 3139 2729 περὶ
3172 2660 3283 2732 τῆς
3312 2660 3562 2732 ἐρήμου,
3619 2660 3721 2717 καὶ

2209 2739 2396 2794 αὑτοῦ
2413 2736 2518 2806 ῌδὴ
2572 2734 2865 2806 ὀνομαστί
2898 2731 3015 2806 τοῦ
3060 2730 3377 2806 ’Ἰορδάνου
3419 2730 3719 2802 ποταμοῦ,

2212 2809 2344 2878 παρ’
2399 2801 2448 2874 ᾦ
2506 2801 2794 2873 ’Ἰωάννης
2843 2801 3162 2862 ἐϐάπτιζεν.

2218 2919 2622 2994 «Εὐφράνθητι,
2679 2918 2882 2991 ἕρημος
2929 2915 3164 2986 διψῶσαν
3219 2913 3568 2985 άγαλλιάσθω
3601 2914 3722 2985 ἕρη-

2145 3034 2280 3087 μος,
2343 3013 2437 3068 καὶ
2495 3010 2720 3065 άνθείτω
2781 3011 2856 3073 ὼς
2924 3007 3142 3079 κρίνον,
3231 3008 3322 3060 καὶ
3382 3005 3717 3078 ἐξανθήσει,

461 3099 606 3146 serta
631 3091 908 3158 Jordanis,
944 3105 997 3149 et
1022 3096 1196 3166 gloria
1227 3095 1420 3150 Libani
1465 3096 1593 3152 data
1628 3108 1711 3155 est
1741 3103 1810 3169 ei,
1852 3112 1905 3158 et
1936 3105 2034 3160 ho-

2141 3111 2229 3162 καὶ
2283 3107 2664 3177 άγαλλιάσεται
2724 3104 2791 3157 τὰ
2847 3102 3027 3173 ἔρημα
3086 3101 3177 3154 τοῦ
3244 3099 3507 3170 Ἰορδάνου
3536 3117 3550 3129 ο
3624 3101 3719 3152 καὶ

459 3197 563 3236 nor
589 3183 850 3249 Carmeli,
883 3196 936 3240 et
975 3188 1210 3257 p0pulus
1244 3205 1397 3243 meus
1429 3189 1632 3245 videbit
1672 3194 1900 3263 gloriam
1927 3196 2035 3251 Do-

459 3275 602 3329 mini
617 3275 682 3330 ⁸³⁸.
711 3295 729 3329 ι
769 3277 982 3343 Quibus
1039 3279 1325 3351 adjungit:
1365 3301 1382 3333 ι
1411 3281 1810 3351 Convalescite,
1838 3304 2036 3346 manus

459 3367 728 3435 remissae,
775 3379 830 3424 et
872 3386 1049 3441 genua
1103 3374 1324 3428 soluta:
1359 3377 1722 3432 consolamini
1755 3382 2036 3449 pusillani-

460 3473 578 3512 mes
632 3462 908 3517 intellectu
955 3481 970 3518 :
1023 3465 1465 3532 conﬁrmamini,
1523 3485 1592 3524 ne
1636 3471 1839 3527 timete.
1894 3474 2032 3530 Ecce

458 3547 602 3607 Deus
636 3562 824 3610 noster
846 3555 1117 3625 judicium
1150 3558 1354 3624 reddit,
1387 3568 1439 3615 et
1470 3561 1681 3617 reddet.
1708 3562 1826 3635 Ipse
1857 3567 2034 3622 veniet

455 3654 510 3698 et
531 3644 765 3699 salvahit
793 3663 914 3703 nos.
951 3648 1106 3705 Tunc
1139 3653 1456 3722 aperientur
1478 3655 1622 3708 oculi
1651 3670 1943 3722 czecorum,
1978 3667 2032 3714 et

456 3751 616 3792 aures
662 3740 953 3795 surdorum
990 3742 1230 3798 audient.
1279 3744 1433 3800 Tunc
1476 3748 1652 3813 saliet,
1706 3756 1765 3802 ut
1811 3766 2028 3815 cervus,

454 3831 704 3898 claudus,
736 3843 789 3888 et
838 3834 996 3905 plana
1034 3835 1140 3891 erit
1181 3837 1365 3907 lingua
1421 3847 1721 3894 mutorum.
1751 3839 2026 3907 Quoniam

453 3924 634 3992 erupit
680 3925 734 3980 in
786 3926 1006 3981 deserto
1048 3942 1211 3996 aqua,
1264 3937 1317 3984 et
1356 3932 1602 3986 scissura
1649 3932 1926 3990 inundans
1973 3934 2030 3989 in

452 4023 600 4069 terra
645 4016 851 4071 sitienti
888 4017 953 4070 ⁸⁸.
985 4037 1004 4070 ι
1061 4016 1189 4074 Haec
1246 4029 1427 4076 autem
1488 4021 1792 4080 Salvatoris
1852 4027 2028 4082 nostri

452 4106 612 4175 plane
657 4107 1295 4177 admirabilibuS‘gestis
1355 4116 1626 4185 completa
1688 4123 1853 4182 sunt,
1908 4128 2030 4188 post

449 4196 679 4254 Joannis
717 4200 1181 4270 praedicationem.
1219 4203 1603 4276 Contemplare
1632 4207 1820 4278 igitur,
1846 4225 2030 4280 quem—

452 4289 742 4345 admodum
782 4293 1134 4349 solitudinem
1181 4297 1495 4366 evangelice
1541 4300 1802 4367 instruit,
1853 4317 2028 4371 neque

2137 3204 2170 3273 ή
2221 3200 2347 3267 δόξα
2400 3197 2495 3252 τοῦ
2541 3196 2773 3252 Λιϐάνου
2824 3193 2978 3266 ἐδόθη
3026 3195 3162 3265 αὐτῇ
3189 3234 3204 3257 ,
3259 3193 3350 3246 καὶ
3380 3195 3413 3263 ή
3449 3191 3591 3262 τιμὴ
3624 3190 3719 3244 τοῦ

2136 3294 2474 3366 Καρμήλου,
2549 3291 2641 3345 καὶ
2719 3294 2746 3344 6
2800 3289 2926 3354 λαός
3003 3306 3103 3359 μου
3159 3287 3346 3358 ὄψεται
3400 3285 3500 3356 τήν
3553 3284 3717 3349 δόξαν

2135 3385 2338 3456 Κυρίου
2361 3400 2374 3415 ⁸
2407 3403 2426 3435 ι
2481 3375 2560 3446 οἷς
2614 3380 2851 3450 ἐπιλέγει
2877 3397 2890 3410 ·
2954 3398 2972 3430 ‹
2995 3377 3267 3448 ’ἰσχύσατε
3291 3417 3305 3442 ,
3366 3378 3548 3447 χεῖρες
3577 3377 3720 3428 άνειο

2137 3479 2292 3548 μέναι
2315 3517 2330 3542 ,
2381 3475 2475 3530 καὶ
2512 3477 2712 3542 γόνατα
2755 3470 3172 3544 παραλελυμένα
3195 3486 3209 3498 ·
3264 3467 3714 3539 παρακαλέσατε,

2131 3572 2180 3623 οί
2217 3568 2520 3638 όλιγόψυχοι
2571 3569 2636 3637 τῇ
2666 3564 2906 3636 διανοίᾳ,
2963 3562 3211 3634 ἰσχύσατε
3236 3602 3249 3626 ,
3308 3561 3381 3632 μή
3427 3558 3714 3629 φοϐεῖσθε.

2147 3660 2273 3714 Ἰδού
2320 3663 2348 3714 ὁ
2403 3659 2534 3724 Θεὸς
2573 3657 2729 3730 ήμῶν
2771 3657 2950 3729 κρίσιν
3002 3653 3410 3714 ἀνταποδίδωσι,
3443 3651 3541 3704 καὶ
3577 3653 3714 3704 ἀντ-

2132 3753 2420 3807 αποδώσει.
2502 3753 2674 3816 Αὐτὸς
2731 3750 2888 3822 ἥξει,
2952 3749 3046 3802 καὶ
3103 3746 3265 3800 σώσει
3325 3747 3489 3816 ἡμᾶς.
3577 3745 3714 3797 Τὰτε

2131 3846 2541 3916 ἀνοιχθήσονται
2611 3843 2878 3914 ὀφθαλμοὶ
2932 3840 3146 3911 τυφλῶν
3175 3879 3189 3901 ,
3241 3838 3335 3890 καὶ
3417 3831 3538 3889 ὦτα
3597 3853 3712 3889 κωο

2131 3938 2246 4009 φῶν
2300 3935 2657 3992 ἀκούσονταιο
2709 3936 2829 3990 τότε
2881 3933 3088 3988 ἀλεῐται
3143 3932 3217 3994 ώς
3271 3930 3467 3998 ἔλαφος
3522 3930 3555 3982 6
3610 3947 3714 3998 χω-

2129 4032 2220 4096 λὸς
2243 4071 2256 4095 ,
2317 4031 2410 4084 καὶ
2448 4030 2618 4102 τρανὴ
2667 4027 2818 4081 ἔσται
2872 4025 3090 4095 γλῶσσα
3126 4021 3421 4094 μογιλάλων
3445 4037 3458 4049 ·
3501 4021 3591 4072 ὅτι
3625 4022 3712 4090 ἕρ-

2133 4124 2274 4197 ράγη
2334 4125 2393 4176 ἐν
2446 4126 2512 4194 τῇ
2571 4123 2760 4193 ἐρήμῳ
2821 4117 3005 4189 ὕδωρ,
3082 4116 3174 4170 καὶ
3245 4110 3459 4184 φάραγξ
3513 4114 3578 4165 ἐν
3638 4115 3708 4181 γῇ

2127 4213 2388 4287 διψώσῃ.»
2451 4214 2562 4266 Καὶ
2605 4210 2777 4265 ταῦτα
2827 4209 2914 4263 διὰ
2962 4206 3068 4261 τῶν
3113 4205 3208 4260 τοῦ
3246 4207 3494 4276 Σωτῆρος
3543 4201 3711 4274 ἡμῶν

2129 4304 2422 4377 προφανῶς
2483 4302 2800 4374 παραδόξων
2860 4300 3034 4371 ἔργων
3093 4295 3388 4368 ἐπληροῦτο
3443 4293 3591 4364 μετὰ
3649 4293 3711 4345 τὸ

452 4384 508 4438 id
532 4383 858 4456 simpliciter
877 4392 970 4440 aut
997 4388 1250 4457 quamvis
1274 4389 1646 4457 solitudinem,
1681 4392 1775 4446 sed
1805 4392 2024 4449 deﬁnite

2141 4398 2385 4451 Ἰωάννου
2457 4395 2734 4466 κήρυγμα.
2833 4393 2973 4462 Ὅρα
2999 4387 3282 4458 τοιγαροῦν
3308 4425 3322 4449 ,
3378 4386 3545 4493 μήπως
3607 4385 3710 4454 τὴν

451 4475 599 4528 illam
632 4483 687 4530 et
719 4477 912 4543 solam,
953 4493 1075 4548 qua:
1114 4485 1199 4534 est
1248 4480 1392 4551 apud
1419 4479 1712 4536 Jordanem
1751 4481 1972 4538 ﬂuvium
2003 4503 2016 4540 :

449 4566 892 4638 quandoquidem
932 4569 1089 4638 juxta
1125 4570 1268 4626 hanc
1296 4587 1525 4628 versans
1565 4571 1806 4630 Joannes
1847 4575 2022 4645 bapti-

448 4659 630 4722 zabat,
665 4667 724 4712 ut
760 4657 1043 4730 Scriptura
1072 4663 1189 4732 ipsa
1219 4662 1378 4717 fidem
1411 4663 1558 4729 facit,
1591 4665 1782 4722 dicens
1810 4686 1820 4720 :
1847 4685 1866 4717 ι
1896 4667 2022 4721 Erat

445 4746 686 4803 Joannes
717 4749 777 4802 in'
800 4751 1098 4806 solitudine
1134 4752 1442 4823 baptizans,
1476 4763 1530 4809 et
1552 4755 1736 4810 exibat
1773 4756 1839 4810 ad
1867 4756 2018 4809 illum

445 4843 622 4896 omnis
669 4840 854 4897 Judtea
912 4845 1101 4914 regio,
1155 4853 1210 4900 et
1267 4845 1766 4917 Hierosolymorum
1829 4849 2021 4904 incolae

445 4949 656 4994 omnes.
681 4942 735 4990 et
760 4936 1180 5006 baptizabantur
1195 4941 1262 4993 ab
1286 4939 1380 4993 illo
1400 4941 1454 4993 in
1471 4938 1708 4996 Jordane
1729 4943 1797 4997 ⁸⁸.
1825 4961 1842 4993 ›
1867 4940 2018 4995 lianc

449 5025 610 5094 igitur
649 5027 1000 5082 solitudinem
1029 5029 1149 5097 ejus
1181 5045 1302 5100 quae
1336 5033 1610 5101 quondam
1651 5034 1720 5088 ab
1762 5035 2018 5089 omnibus

445 5115 604 5173 bonis
644 5117 863 5173 deserta
902 5129 1054 5184 erat,
1099 5121 1224 5176 dico
1264 5133 1444 5179 autem
1474 5124 1636 5197 432
1663 5125 1906 5180 collectae
1953 5125 2020 5180 de

443 5209 697 5277 gentibus
724 5209 1000 5274 Ecclesia,
1035 5213 1251 5284 signum
1291 5226 1505 5287 gestare
1542 5218 1802 5283 arbitror,
1837 5218 2016 5288 ipsum

445 5315 573 5353 vero
603 5299 826 5356 fluvium
878 5305 931 5358 in
974 5307 1287 5372 solitudine,
1324 5319 1648 5380 purgantem
1684 5325 1878 5367 omnes
1921 5310 2016 5380 qui

442 5391 496 5448 in
535 5393 654 5463 ipso
702 5395 1076 5464 abluerentur,
1138 5402 1476 5470 purgationis
1527 5403 1851 5473 cujusdam,
1897 5418 2020 5472 qua:

444 5486 744 5541 secundum
798 5492 1128 5546 sententiam
1177 5491 1536 5565 intelligatur,
1584 5496 1876 5566 imaginem
1925 5510 2020 5566 ge-

444 5588 748 5650 rercquua
799 5581 868 5636 de
923 5598 983 5637 re
1025 5584 1325 5655 loquuntur
1381 5583 1677 5656 Scriptura:
1713 5587 1959 5642 dicentes
1997 5605 2011 5641 :

2128 4488 2330 4562 ἔρημον
2379 4485 2825 4556 εὐαγγελίζεται,
2887 4483 2985 4552 οὐχ
3033 4479 3258 4542 ἁπλῶς,
3310 4477 3427 4530 οὐδὲ
3470 4476 3574 4549 τὴν
3609 4493 3709 4528 τυ-

2121 4579 2346 4651 χοῦσαν,
2399 4577 2510 4630 ἀλλ’
2587 4575 2801 4646 ἐκείνην
2862 4571 3293 4644 ἀφωρισμένως,
3369 4568 3462 4623 καὶ
3531 4570 3707 4641 μόνην

2118 4673 2217 4740 τὴν
2269 4668 2419 4741 παρὰ
2470 4669 2547 4740 τῷ
2611 4667 2848 4737 Ἰορδάνῃ
2893 4663 3153 4734 ποταμῷ·
3209 4661 3510 4733 ἐπειδήπερ
3545 4662 3706 4732 παρὰ

2127 4762 2298 4836 ταύτῃ
2373 4759 2660 4832 διατρίϐων
2718 4759 2746 4810 ὁ
2813 4756 3063 4826 Ἰωάννης
3118 4753 3448 4817 ἐδάπτιξενν
3526 4753 3607 4816 ὡς
3669 4755 3702 4824 ἡ

2126 4857 2316 4928 Γραφὴ
2352 4856 2634 4926 μαρτυρεῖ,
2685 4850 2916 4919 λέγουσα
2943 4866 2956 4880 ·
3021 4848 3303 4917 «Ἐγένετο
3347 4845 3600 4917 Ἰωάννης
3645 4847 3704 4897 ἐν

2127 4952 2191 5020 τῇ
2255 4949 2442 5020 ἐρήμῳ
2479 4941 2750 5017 βαπτίζων
2776 4983 2790 5008 ,
2848 4942 2940 4996 καὶ
2971 4939 3317 5011 ἐξεπορεύετο
3363 4937 3499 5008 πρὸς
3530 4936 3702 4990 αὐτὸν

2127 5041 2275 5093 πάσα
2325 5041 2358 5109 ἡ
2404 5037 2630 5091 Ἰουδαία
2677 5033 2828 5106 χώρα
2854 5076 2868 5099 ,
2905 5034 2997 5087 καὶ
3025 5033 3074 5086 oi
3119 5029 3538 5102 Ἱεροσολυμῖται
3565 5029 3703 5081 πάν-

2119 5149 2208 5195 τες
2231 5171 2246 5195 ,
2297 5131 2391 5184 καὶ
2423 5128 2774 5193 ἐϐαπτίζοντο
2823 5127 2912 5180 ὑπ’
2948 5122 3112 5179 αὐτοῦ
3144 5125 3201 5176 ἐν
3239 5121 3316 5194 τῷ
3379 5119 3642 5191 Ἰορδάνῃ.
3674 5138 3694 5166 ι

2121 5223 2231 5294 Τὴν
2284 5222 2381 5293 μὲν
2431 5218 2522 5275 οὖν
2553 5221 2757 5293 ἔρημον
2781 5259 2796 5284 ,
2845 5218 2946 5288 τῆς
2978 5216 3144 5270 πάλαι
3173 5213 3386 5267 πάντων
3411 5211 3518 5266 τῶν
3549 5208 3701 5264 κατὰ

2119 5315 2250 5370 Θεὸν
2306 5314 2524 5384 ἀγαθῶν
2577 5313 2782 5384 ἐρήμου
2810 5354 2825 5380 ,
2883 5310 3026 5379 λέγω
3054 5307 3116 5378 δή
3145 5308 3243 5380 τῆς
3273 5307 3331 5374 ἐξ
3357 5304 3522 5359 ἐθνῶν
3569 5303 3700 5356 Ἐκ-

2125 5405 2352 5476 κλησίας
2380 5445 2395 5470 ,
2479 5403 2741 5474 σύμϐολον
2807 5399 3083 5472 περιέχειν
3137 5396 3374 5470 ήγοῦμαι
3404 5436 3419 5463 ,
3475 5393 3563 5448 τὸν
3632 5391 3692 5444 δὲ

2121 5498 2363 5568 ποταμὸν
2406 5497 2497 5551 τὸν
2549 5496 2641 5550 ἐπὶ
2667 5496 2768 5566 τῆς
2798 5495 3004 5566 ἐρήμου
3031 5533 3047 5558 ,
3103 5491 3430 5564 καθαίροντα
3483 5488 3700 5550 πάντας

2115 5589 2241 5652 τοὺς
2286 5586 2706 5658 άπολουομὲνους
2731 5588 2788 5640 ἐν
2815 5583 2963 5655 αὐτῷ
2983 5623 2999 5648 ,
3051 5581 3344 5653 καθαρσίου
3371 5580 3509 5645 τινὸς
3536 5573 3691 5634 εἶναι

516 5750 560 5782 δ’
599 5748 824 5807 Maach.
862 5768 954 5819 ιιι,
995 5755 1042 5811 l.
1123 5757 1167 5788 ⁵³
1208 5757 1394 5814 Matth.
1433 5774 1515 5828 xx,
1553 5761 1637 5818 18.
1716 5757 1902 5818 "15a.
1939 5779 2034 5817 xxx

2155 5763 2286 5827 1,2.
2365 5764 2410 5797 ιο
2452 5763 2712 5820 ἱὺὶόῶιθ.
2789 5765 2834 5797 ιο
2872 5760 3036 5818 Marc.
3071 5735 3213 5830 με.
