3908 6266
211 337 297 391 675
1069 323 1728 386 DFMONS'I’RATIONIS
1763 328 2224 387 EVANCEUCE
2264 328 2391 388 LIB.
2427 327 2530 397 IX.
3326 327 3433 387 στι

209 447 329 505 κατὰ
356 443 589 500 διάνοιαν
622 441 999 517 θεωρουμένου
1035 442 1220 498 εἰκόνα
1244 481 1261 512 ,
1312 445 1445 519 περὶ
1486 440 1550 502 οὗ
1577 446 1752 502 διαλα-

1877 444 2184 503 ιΕΙιιηιίιιίε
2226 446 2464 517 impetus
2495 442 2737 501 laetiﬁcat
2774 443 3048 502 civitatem
3072 445 3166 503 Dei
3189 446 3255 506 ".
3290 469 3310 501 ι
3342 448 3420 505 Si-

207 539 364 596 λοῦσιν
402 538 456 592 αἱ
480 536 694 609 Γραφαὶ
740 536 997 607 λέγουσαι
1018 552 1034 569 ο
1095 537 1232 593 ιΤοῦ
1285 538 1532 612 ποταμοῦ
1564 538 1633 595 τὰ
1658 543 1750 614 ὁρ-

1881 538 2075 603 :niﬁcat
2115 554 2281 610 porro
2338 538 2448 595 hoc
2490 544 2809 611 perpetuam
2856 537 3209 597 inﬂuxionem
3254 540 3424 599 divini

209 634 410 705 μήματα
435 629 783 701 εὐφραίνουσι
820 627 919 701 τήν
958 628 1112 685 πόλιν
1151 628 1245 685 τοῦ
1277 630 1468 686 Θεοῦ.»
1542 632 1748 704 Σημαί-

1883 630 2112 700 ιρίτίιιιε.
2132 629 2227 701 qui
2266 628 2502 701 desuper
2534 628 2781 694 inundat,
2813 636 2869 685 et
2907 628 3002 685 Dei
3036 631 3309 689 civitatem
3348 633 3426 687 ir-

204 743 269 781 νει
308 723 365 778 ’δὲ
403 721 560 777 τοῦτο
605 721 705 793 τὴν
737 720 930 775 ἀέναον
969 721 1231 795 ἐπιρροήν
1274 722 1368 777 τοῦ
1403 724 1548 778 θείου
1579 723 1747 777 Πνεύ-

1879 722 2009 793 igat,
2061 723 2144 779 sic
2184 728 2364 778 autem
2397 728 2626 777 vocatur
2656 721 2782 776 vitae
2824 737 3019 793 genus,
3072 723 3194 792 ejus
3238 739 3360 795 qua:
3392 741 3422 779 a

205 834 379 891 ματος,
423 814 630 871 ἄνωθεν
656 812 993 886 πηγάζοντος
1014 856 1029 882 ,
1061 815 1157 869 καὶ
1184 814 1283 888 τὴν
1310 815 1404 869 τοῦ
1433 815 1567 869 Θεοῦ
1593 815 1746 870 πόλιν

1879 818 1959 870 leo
1989 814 2265 885 dirigitur.
2299 812 2401 868 Hic
2428 814 2595 884 igitur
2617 812 2713 869 Dei
2742 812 2941 869 ﬂuvius
2971 830 3145 885 usque
3191 818 3257 872 ad
3291 819 3422 873 soli-

199 910 425 982 ἇρδοντος
448 948 463 971 ,
522 905 666 961 οὓτω
722 905 1062 977 καλουμένης
1115 906 1217 977 τῆς
1245 905 1388 961 κατὰ
1430 906 1562 962 Θεὸν
1597 906 1742 960 πολι-

1880 906 2089 961 udinem
2137 907 2390 973 devenit,
2444 908 2726 963 collectam
2774 905 3028 962 videlicet
3057 908 3125 963 de
3169 911 3423 980 gentibus

198 1001 339 1064 τείας.
413 991 583 1062 Οὗτος
619 996 685 1070 δὴ
727 992 821 1053 οὖν
851 997 1095 1068 ποταμὸς
1119 997 1212 1052 τοῦ
1261 996 1395 1052 Θεοῦ
1435 999 1531 1053 καὶ
1582 998 1741 1071 μέχρι

1879 997 2146 1053 icclesiam
2167 1018 2180 1054 :
2198 1006 2253 1054 et
2278 999 2407 1055 huic
2433 1014 2573 1071 quas
2596 1001 2651 1054 in
2676 1015 2735 1055 se
2756 999 2878 1069 ipso
2909 999 3071 1057 habet
3093 1017 3265 1073 aquas
3284 1005 3422 1059 vita-

197 1094 280 1164 τῆς
310 1090 510 1163 ἐρήμου
544 1088 875 1161 κατελήλυθε
896 1129 911 1149 .
967 1088 1165 1162 δηλαδὴ
1199 1089 1299 1161 τῆς
1329 1088 1388 1155 ἐξ
1416 1089 1584 1144 ἐθνῶν
1624 1091 1740 1144 Ἐκ-

1878 1104 1926 1145 es
1962 1090 2128 1145 etiam
2167 1106 2315 1165 nunc
2344 1091 2560 1147 abunde
2591 1092 2844 1163 largitur.
2872 1090 3070 1148 Postea
3107 1094 3249 1151 idem
3282 1096 3421 1151 vati-

196 1183 434 1255 κλησίας,
477 1182 574 1237 καὶ
620 1180 791 1254 ταύτῃ
839 1179 948 1235 τῶν
996 1182 1054 1236 ὲν
1082 1180 1232 1253 αὐτῷ
1274 1180 1519 1247 ζωτικιῖΝ
1564 1181 1739 1253 ναμά-

1877 1182 2047 1237 inium
2091 1183 2267 1240 eidem
2324 1185 2610 1241 solitudini
2659 1185 2808 1240 canit
2839 1183 3027 1241 datum
3077 1186 3144 1241 iri
3189 1188 3416 1256 gloriam

193 1293 284 1330 των
310 1274 472 1329 είσέτι
515 1274 611 1328 νῦν
639 1275 977 1346 ὲπιχορηγεῖ.
1035 1273 1178 1345 Πρὸς
1216 1272 1425 1337 τούτοις
1471 1275 1504 1346 ἡ
1541 1291 1736 1347 προφη-

1874 1276 2059 1342 .ibani,
2091 1283 2146 1332 et
2170 1276 2435 1334 honorem
2468 1278 2704 1334 Carmeli
2735 1296 2748 1332 :
2776 1278 2871 1335 sed
2901 1294 3152 1349 quasnam
3182 1288 3269 1336 est
3298 1281 3417 1351 glo-

191 1367 292 1423 τεία
339 1368 402 1437 τῇ
466 1363 771 1438 δηλωθείσῃ
824 1364 1019 1437 ἐρήμῳ
1070 1362 1389 1435 δοθήσεσθαι
1441 1380 1573 1435 φησι
1642 1364 1734 1437 τήν

1873 1365 1920 1420 ia
1948 1364 2183 1423 Carmeli
2212 1366 2321 1423 nisi
2355 1368 2407 1424 is
2431 1367 2527 1438 qui
2557 1383 2622 1423 cs
2654 1368 2771 1439 lege
2812 1367 2978 1423 Mosis
3020 1384 3117 1439 per
3146 1368 3416 1426 sacriﬁcia

188 1459 321 1526 δόξαν
359 1455 455 1511 τοῦ
502 1456 738 1510 Λιϐάνου
763 1494 779 1519 ,
831 1456 925 1508 καὶ
955 1454 1056 1527 τὴν
1084 1454 1249 1526 τιμὴν
1290 1454 1384 1509 τοῦ
1416 1454 1731 1528 Καρμήλου.

1874 1458 2220 1515 elebrabatur
2257 1460 2440 1516 ritus?
2470 1476 2631 1531 quem
2665 1461 2759 1515 ubi
2796 1461 3104 1531 repudiavit
3136 1460 3281 1518 Deus
3319 1477 3417 1533 per

190 1550 269 1615 τίς
310 1549 353 1603 δ’
398 1548 547 1603 ἔστιν
600 1550 635 1619 ἡ
675 1547 802 1615 δόξα
852 1544 945 1601 τοῦ
997 1545 1215 1600 λιϐάνου
1254 1545 1286 1618 ἢ
1329 1549 1363 1619 ή
1394 1548 1482 1602 διὰ
1518 1546 1733 1614 θυσιῶν,

1872 1567 1957 1605 am
1991 1553 2336 1624 prophetiam
2363 1568 2484 1624 quae
2508 1553 2584 1607 ait
2611 1572 2624 1608 :
2662 1571 2680 1605 ι
2708 1553 2819 1609 Cur
2859 1554 2992 1609 mihi
3021 1553 3149 1610 thus
3176 1553 3244 1610 de
3270 1553 3415 1611 Saba

188 1640 311 1695 κατὰ
331 1639 422 1694 τὸν
460 1639 739 1703 Μωῦσέως
786 1638 951 1710 νόμον
974 1676 989 1702 ,
1036 1638 1427 1711 ἐπιτελουμένη
1474 1639 1731 1712 λατρείας

1873 1643 2156 1701 ﬂ‘ertis?et
2188 1643 2319 1716 quid
2371 1644 2504 1699 mihi
2544 1645 2836 1699 multitudo
2880 1644 3275 1701 sacriﬁciorum
3320 1660 3416 1702 ve-

186 1730 242 1801 ήν
279 1728 750 1801 παραιτησάμενος
779 1730 808 1783 ό
858 1727 990 1792 Θεὸς
1024 1729 1114 1785 διά
1162 1728 1264 1800 τῆς
1300 1728 1568 1802 λεγούσης
1606 1747 1729 1802 προ-

1872 1744 2078 1791 trorum
2102 1735 2182 1789 ⁸⁸2
2215 1755 2234 1788 ι
2262 1735 2315 1790 in
2340 1735 2691 1791 solitudinem
2710 1733 2971 1791 Jordanis
2990 1735 3272 1792 transtulit
3297 1736 3415 1806 glo-

187 1822 421 1894 φητείας,
494 1840 515 1874 ι
549 1822 664 1878 Ἵνα
716 1822 769 1876 τί
811 1839 900 1893 μοι
951 1822 1184 1879 Λίϐανον
1219 1825 1285 1878 ὲκ
1318 1823 1469 1878 Σαϐὰ
1506 1824 1730 1896 φέρετε;

1871 1829 1976 1882 iam
2007 1825 2334 1891 Jerusalem,
2382 1835 2672 1898 postquam
2730 1829 2871 1882 ratio
2917 1828 3005 1899 pie
3052 1802 3414 1899 religiosetlue

185 1916 263 1969 καὶ
305 1914 356 1968 τί
405 1931 499 1987 μοι
550 1913 757 1985 πλῆθος
805 1914 913 1968 τῶν
951 1914 1148 1971 θυσιῶν
1191 1916 1384 1988 ύμῶν;
1418 1935 1438 1970 ι
1507 1918 1601 1971 ἐπὶ
1639 1917 1728 1990 τὴν

1871 1921 2051 1977 ivendi
2089 1937 2201 1976 non
2233 1922 2289 1976 in
2314 1919 2641 1987 Jerusalem,
2678 1922 2770 1977 sed
2805 1922 2860 1976 in
2902 1922 3123 1977 deserto
3149 1936 3412 1977 consum-

182 2007 359 2080 ἔρημον
415 2006 513 2061 τοῦ
583 2006 847 2077 Ἰορδάνου
909 2007 1248 2080 μετατέθηκε
1293 2008 1391 2081 τὴν
1443 2008 1601 2076 δόξαν
1634 2011 1725 2080 τῆς

1865 2012 1974 2066 nari
2009 2020 2191 2083 empta
2232 2021 2340 2079 est,
2373 2014 2519 2084 quod
2564 2012 2820 2069 videlicet
2852 2013 3054 2069 accidit
3085 2020 3210 2084 post
3239 2011 3408 2070 Joan-

190 2098 524 2172 Ἰερουσαλὴμ
551 2138 567 2164 ,
606 2100 705 2169 τῆς
743 2100 862 2154 κατ’
911 2101 1191 2156 εὐσέϐειαν
1228 2102 1451 2174 ἀγωγῆς
1488 2104 1589 2157 οὐκ
1643 2105 1733 2157 ἐπὶ

1865 2102 1920 2157 lis
1953 2109 2222 2174 tempora.
2251 2103 2431 2159 Simili
2477 2103 2712 2167 ratione,
2752 2102 2919 2158 etiam
2949 2103 3129 2159 honor
3157 2104 3295 2175 legis
3352 2110 3408 2161 et

191 2192 556 2264 Ἰερουσαλὴμ,
621 2191 736 2246 ἀλλ’
793 2192 884 2245 ἐπὶ
940 2193 1041 2264 τῆς
1099 2195 1306 2266 ἐρήμου
1366 2195 1732 2250 συντελεῖσθαι

1866 2208 2019 2248 orum
2045 2209 2167 2264 quae
2197 2194 2253 2248 in
2276 2194 2395 2265 lege
2420 2192 2771 2264 corporalius
2795 2193 3008 2248 sancita
3034 2202 3184 2259 sunt,
3215 2190 3409 2247 Jorda-

179 2285 467 2357 ἀρξαμένης
521 2285 628 2340 ἀπὸ
684 2284 796 2339 τῶν
844 2286 1089 2340 Ἰωάννου
1129 2286 1356 2358 χρόνων.
1462 2286 1722 2352 Ὡσαύτως

1861 2285 1917 2339 lis
1947 2285 2228 2340 solitudini
2267 2285 2428 2340 datus
2465 2293 2571 2351 est,
2605 2292 2829 2356 propter
2876 2283 3125 2340 eamdem
3156 2297 3404 2348 causam,

178 2378 223 2432 δὲ
255 2378 340 2432 καὶ
393 2380 427 2451 ή
465 2378 601 2450 τιμὴ
652 2377 746 2431 τοῦ
784 2378 949 2450 νόμου
978 2419 993 2442 ,
1033 2378 1140 2433 τῶν
1173 2396 1233 2432 τε
1268 2379 1389 2433 κατ’
1428 2379 1591 2434 αὐτὸν
1628 2396 1721 2432 σω-

1867 2378 2088 2432 uoniam
2130 2394 2239 2433 non
2292 2378 2530 2449 amplius
2562 2377 2619 2432 in
2651 2376 2957 2432 Jerusalem
2992 2374 3404 2447 confugiebant,

181 2467 526 2542 ματικὼτερον
564 2467 1067 2540 νενομοθετημένων
1089 2469 1292 2523 δέδοται
1318 2472 1384 2541 τῇ
1417 2471 1609 2542 ἐρήμῳ
1634 2468 1724 2523 τοῦ

1860 2468 1922 2537 ιιιί
1967 2469 2268 2525 curationis
2324 2469 2645 2540 indigebant
2701 2467 2824 2536 ejus
2872 2479 2996 2537 quae
3038 2464 3107 2519 ad
3160 2465 3403 2520 animum

187 2560 432 2633 Ἰορδάνου
490 2560 580 2614 διὰ
615 2561 713 2633 τὴν
751 2559 1102 2615 ἀποδοθεῖσαν
1140 2562 1352 2627 αἰτίαν,
1420 2562 1500 2615 ὃτι
1536 2562 1727 2634 μηκέτ’

1859 2561 2087 2625 μετιίηεῑ,
2113 2560 2210 2617 sed
2241 2560 2297 2615 in
2327 2560 2382 2615 id
2416 2560 2562 2630 quod
2604 2557 2921 2614 nominatur
2940 2556 3244 2618 desertum,
3271 2569 3402 2626 pro-

177 2651 255 2703 ἐπὶ
286 2652 381 2724 τὴν
430 2651 787 2723 Ἰερουσαλὴμ
818 2650 1194 2723 προσέφευγον
1229 2653 1280 2705 oi
1316 2652 1414 2723 τῆς
1452 2653 1594 2707 κατὰ
1628 2652 1720 2723 ψυ-

1858 2660 1949 2707 iter
1990 2668 2108 2709 eam
2146 2668 2267 2723 quae
2320 2651 2377 2706 in
2433 2651 2528 2706 illo
2572 2650 2971 2723 praedicabatur
3020 2647 3401 2705 remissionem

177 2741 260 2814 χήν
292 2741 587 2814 θεραπείας
623 2743 904 2815 δεόμενοι,
965 2742 1100 2796 ἀλλὰ
1139 2744 1231 2797 ἐπὶ
1260 2744 1360 2817 τὴν
1391 2743 1720 2815 ὀνομαζομέ-

1860 2752 2198 2799 ιεοοειοιιιιιιι.
2232 2742 2371 2797 Ριιιο
2408 2742 2573 2797 etiam
2627 2740 2930 2796 Salvatoris
2968 2738 3143 2796 nostri
3192 2737 3261 2792 ad
3305 2737 3403 2792 ba-

175 2847 258 2902 νην
289 2831 516 2905 ἔρημον,
539 2833 637 2906 τῆς
672 2836 731 2888 έν
750 2835 886 2907 αὐτῇ
917 2836 1326 2908 κηρυττομένης
1354 2836 1599 2905 ἀφέσεως
1617 2836 1718 2890 τῶν

1859 2836 2085 2891 tismum
2120 2850 2408 2891 accessum
2442 2833 2739 2905 signiﬁcari
2768 2833 2878 2888 illis
2902 2832 3083 2887 verbis
3113 2849 3180 2887 :4
3216 2828 3283 2884 Et
3302 2844 3402 2899 po-

175 2926 570 2997 ἁμαρτημάτων
603 2926 811 2981 ἕνεκεν.
885 2924 1053 2999 Οἶμαι
1096 2928 1155 2982 δὲ
1208 2928 1302 2982 καὶ
1335 2928 1431 2981 τοῦ
1475 2930 1718 3002 Σωτῆρος

1855 2928 1987 2983 μυιιιε
2019 2943 2176 2983 meus
2204 2927 2409 2983 videbit
2445 2926 2675 2998 gloriam
2710 2923 2950 2991 Domini,
2982 2932 3036 2979 et
3058 2922 3398 2979 altitudinem

175 3016 310 3086 ήμῶν
363 3016 464 3088 τὴν
515 3019 611 3071 ἐπὶ
667 3018 728 3072 τὸ
770 3019 1050 3091 βάπτισμα
1099 3020 1400 3092 παρουσίαν
1436 3020 1718 3091 δηλοῦσθαι

1855 3021 1923 3075 lei
1956 3038 1972 3088 ;
2006 3044 2024 3073 ι
2056 3028 2186 3075 tunc
2215 3020 2363 3074 enim
2390 3020 2509 3075 visa
2555 3026 2642 3075 est
2676 3016 2974 3073 Salvatoris
3003 3018 3177 3071 nostri
3202 3013 3398 3086 gloria,

171 3106 246 3161 διὰ
272 3109 362 3164 τοῦ
381 3151 397 3175 ,
441 3129 460 3161 ι
484 3109 594 3163 Καὶ
628 3106 657 3163 ό
685 3109 810 3173 λαός
846 3127 946 3181 μου
965 3110 1156 3180 ὄψεται
1184 3110 1282 3181 τὴν
1311 3109 1465 3175 δόξαν
1493 3110 1714 3184 Κυρίου,

1887 3126 2011 3166 cum
2038 3110 2286 3168 ascendit
2316 3110 2385 3166 de
2413 3123 2575 3181 aqua,
2607 3116 2663 3164 et
2691 3108 2743 3164 ei
2776 3109 2951 3179 aperti
2996 3116 3126 3163 sunt
3157 3105 3305 3173 cteli,
3343 3110 3398 3162 et

173 3198 252 3251 καὶ
301 3198 361 3253 τὺ
416 3198 550 3268 ὕψος
603 3198 697 3252 τοῦ
735 3197 893 3253 Θεοῦ.
943 3219 962 3252 ι
995 3200 1128 3253 Τότε
1165 3199 1274 3272 γὰρ
1307 3200 1401 3255 καὶ
1432 3198 1591 3273 ὤφθη
1626 3199 1716 3255 τοῦ

1848 3201 1960 3257 vidit
1994 3202 2245 3272 Spiritum
2282 3199 2377 3256 Dei
2402 3199 2822 3255 descendentem
2859 3198 3019 3269 quasi
3058 3195 3391 3260 columbam,

173 3289 401 3362 Σωτῆρος
433 3288 594 3362 ήμῶν
634 3292 668 3361 ή
695 3290 841 3357 δόξα,
865 3291 955 3344 ὅτε
994 3289 1308 3361 βαπτισθεὶς
1345 3310 1363 3343 ι
1412 3290 1576 3363 ἀνέϐη
1616 3292 1716 3346 ἀπὸ

1856 3299 1879 3346 t
1907 3298 2215 3348 manentem
2243 3307 2410 3363 super
2428 3291 2573 3348 eo".
2600 3309 2618 3342 ι
2646 3288 2782 3347 Cum
2805 3304 2908 3344 vos
2924 3302 3139 3359 quoque
3160 3285 3230 3363 de
3256 3285 3396 3343 caelo

170 3379 251 3436 τοῦ
549 3360 1034 3454 ηἰνάνεῴχθησαν
1071 3381 1221 3454 αύτῷ
1256 3383 1306 3437 οἱ
1346 3360 1594 3456 οὐρανοὶ,
1631 3384 1713 3438 καῖ

1847 3386 2009 3441 indita
2047 3394 2153 3450 est,
2179 3360 2406 3440 dicens:
2437 3402 2457 3436 ι
2489 3382 2590 3437 llic
2625 3391 2710 3439 est
2732 3381 2904 3437 Filius
2947 3395 3105 3436 meus
3134 3360 3390 3442 dilectus.

171 3470 264 3529 εἶδε
289 3475 350 3529 τὺ
384 3476 608 3549 Πνεῦμα
643 3475 738 3530 τοῦ
772 3474 910 3529 Θεοῦ
942 3474 1270 3530 καταϐαῖνον
1307 3474 1439 3529 ὡσεὶ
1476 3492 1714 3548 περιστε-

1851 3496 1880 3533 η
1920 3491 2030 3547 quo
2070 3475 2201 3531 mihi
2230 3473 2625 3544 complacui”.
2658 3491 2678 3525 ι
2728 3470 2834 3528 Sed
2872 3471 3039 3528 etiam
3077 3471 3394 3541 quicunque

173 3567 257 3637 ρὰν
276 3607 291 3633 ,
328 3570 421 3623 καὶ
461 3569 621 3642 μένον
656 3569 742 3622 ἐπ’
778 3568 938 3623 αὐτόν
968 3585 982 3599 ο
1026 3587 1045 3620 ι
1072 3568 1161 3622 ὅτε
1200 3568 1293 3622 καὶ
1329 3568 1480 3641 φωνή
1519 3571 1583 3622 ὲκ
1616 3568 1716 3623 τῶν

1851 3568 2063 3639 legitime
2089 3566 2157 3620 ad
2192 3565 2392 3620 lavacri
2425 3564 2748 3636 mysterium
2783 3562 3015 3631 accedit,
3053 3563 3150 3618 ubi
3181 3562 3394 3617 theolo-

169 3657 387 3728 οὐρανῶν
424 3657 667 3731 ἠκούσθη
704 3657 939 3728 λέγουσα
962 3673 979 3691 ο
1092 3676 1112 3710 ι
1146 3652 1315 3722 Οὗτός
1347 3660 1493 3713 ἐστιν
1529 3661 1559 3713 ό
1596 3660 1712 3724 Υἱός

1850 3662 1964 3725 {iam
2011 3660 2080 3715 de
2123 3659 2345 3715 Christo
2388 3657 2683 3729 acceperit,
2730 3657 2959 3729 gloriam
3000 3657 3120 3726 ejus
3151 3655 3393 3711 intuebi-

172 3767 260 3819 μου
288 3753 317 3806 ό
346 3752 630 3824 ἀγαπητὸς
659 3791 673 3815 ,
715 3755 773 3806 ὲν
807 3746 853 3821 ᾧ
889 3753 1187 3825 ηὐδόκησα.
1222 3771 1242 3805 ι
1298 3751 1458 3805 Ἀλλὰ
1493 3754 1586 3807 καὶ
1616 3754 1715 3818 πᾶς

1847 3771 1933 3819 ur,
1964 3760 2018 3809 et
2043 3769 2165 3809 cum
2207 3750 2380 3807 Paulo
2417 3750 2600 3807 dicere
2640 3750 2881 3822 poterit:
2910 3768 2931 3803 ι
2979 3748 3097 3805 Etsi
3130 3746 3390 3820 cognovi-

167 3840 192 3891 ό
238 3844 467 3915 γνησίως
503 3842 597 3897 ἐπὶ
628 3843 690 3895 τὸ
720 3841 816 3897 τοῦ
854 3843 1082 3916 λουτροῦ
1120 3841 1330 3916 παριὼν
1384 3845 1710 3917 μυστήριον1

1842 3863 1943 3904 nus
1984 3844 2283 3903 secundum
2315 3857 2538 3898 carnem
2569 3840 2875 3909 Christum,
2916 3846 2974 3897 at
3022 3854 3171 3897 nunc
3200 3845 3385 3897 tamen

166 3934 249 4005 τήν
282 3936 407 4007 περὶ
436 3935 531 3990 τοῦ
559 3936 795 4008 Χριστοῦ
820 3935 1155 4010 παραλαϐὼν
1179 3936 1455 4007 θεολογίαν
1472 3978 1488 4002 ,
1526 3937 1627 4010 τὴν
1646 3936 1709 3992 δό

1204 3936 1455 4007 ιεολογίαν
1472 3978 1488 4002 ,
1526 3937 1627 4010 τὴν
1646 3936 1724 3992 δό-
1820 3954 1930 3995 ηοιι
1964 3938 2200 4009 amplius
2226 3938 2611 4009 cognoscimus
2629 3936 2700 3992 ".
2726 3953 2747 3989 ι

167 4026 251 4091 ξαν
284 4026 444 4082 αὐτοῦ
483 4028 769 4093 θεάσεται,
830 4028 999 4096 λέξων
1036 4028 1103 4083 ἂν
1140 4029 1341 4100 ὁμοίως
1376 4029 1456 4101 τῷ
1492 4029 1718 4101 Παύλῳο

170 4136 186 4168 ι
213 4119 270 4173 Ri
320 4122 413 4175 καὶ
468 4120 787 4193 ἐγνώκαμεν
846 4121 986 4178 κατὰ
1025 4122 1204 4195 σάρκα
1239 4121 1474 4195 Χριστὸν
1500 4161 1517 4190 ,
1585 4122 1722 4177 ἀλλὰ

165 4208 246 4263 νῦν
278 4211 454 4266 οὐκέτι
491 4210 853 4282 γινώσκομεν.
889 4230 909 4264 ›
1796 4224 1799 4228 ·

175 4324 289 4381 Ἀπὸ
330 4325 437 4382 τοῦ
473 4326 721 4397 ψαλμοῦ
762 4325 1069 4397 ιυ--Περι
1097 4325 1204 4380 τοῦ
1229 4325 1382 4397 μετὰ
1405 4325 1718 4396 ,βάπτισμα

1839 4322 1974 4397 5.33
2012 4321 2058 4376 Α
2093 4322 2299 4393 psalmo
2342 4335 2431 4379 xc.
2464 4350 2531 4363 -
2561 4322 2639 4397 De
2674 4321 2875 4378 Christi
2906 4329 3025 4391 post
3062 4318 3382 4391 baptismum

521 4395 853 4467 πειρασμοῦ
893 4396 998 4451 τοῦ
1044 4395 1327 4464 Χριστοῦ.
1638 4395 1645 4396 “
1840 4395 1856 4397 Ὗ

1207 4395 1327 4452 τοῦ.
1638 4395 1645 4396 ί
1840 4395 1856 4397 Ὗ
2448 4395 2750 4448 tentatione.

228 4528 245 4560 ι
290 4511 345 4565 '0
377 4509 646 4565 κατοικῶν
678 4511 755 4575 ὲν,
776 4510 994 4583 βοηθείᾳ
1024 4509 1118 4565 τοῦ
1155 4511 1433 4582 Ὑψίστου.
1452 4512 1510 4565 ὲν
1542 4512 1719 4586 σκέπῃ
1749 4522 1771 4577 ι

1898 4527 1918 4561 ι
1960 4506 2065 4575 Qui
2104 4508 2312 4563 habitat
2348 4509 2406 4563 in
2439 4508 2714 4578 adjutorio
2750 4505 3015 4562 Altissimi
3042 4546 3058 4571 ,
3098 4505 3154 4560 in
3194 4513 3380 4575 prate-

162 4601 244 4655 τοῦ
279 4603 407 4658 Θεοῦ
452 4604 682 4678 οὐρανοῦ
726 4604 1133 4677 αὑλισθήσεται.
1181 4605 1330 4677 Ἐρεῖ
1376 4604 1456 4677 τῷ
1488 4604 1705 4677 Κυρίῳ·

1837 4602 2001 4656 :tiont-
2014 4599 2112 4655 Dei
2140 4600 2268 4655 coeli
2296 4599 2745 4655 commorabitur.
2775 4596 2927 4651 Dicet
2947 4594 3177 4651 Domino
3203 4613 3216 4649 :
3243 4593 3380 4650 Sus-

173 4691 519 4768 ’Δντιλήπτωρ
563 4711 664 4767 μου
707 4691 777 4760 εἴ,
813 4695 906 4749 καὶ
947 4696 1234 4767 καταφυγή
1287 4713 1409 4767 μου.
1474 4695 1533 4749 Ὁ
1581 4695 1713 4760 Θεός

1837 4702 2003 4765 :eptor
2044 4706 2200 4747 meus
2244 4706 2339 4755 es,
2371 4700 2425 4746 et
2452 4689 2725 4762 refugium
2777 4703 2997 4754 meum,
3043 4685 3187 4742 Deus
3225 4701 3380 4741 meus

166 4799 252 4852 pm
272 4783 459 4860 βοηθός
489 4803 613 4858 μου,
646 4787 740 4840 καὶ
775 4785 945 4840 ὲλπιῶ
980 4786 1066 4839 ἐπ’
1091 4786 1283 4839 αὐτόν·
1318 4787 1399 4839 ὅτι
1426 4787 1586 4850 αὐτὸς
1613 4785 1709 4857 ρύ-

1838 4786 2032 4857 ιίίῇιιιοι·
2071 4799 2264 4848 meus,
2299 4791 2355 4839 et
2396 4783 2627 4855 sperabo
2652 4784 2707 4837 in
2759 4798 2881 4838 eum
2914 4800 2926 4837 :
2964 4780 3223 4851 quoniam
3263 4778 3381 4848 ipse

164 4879 293 4932 σεταὶ
334 4896 399 4950 με
442 4880 507 4932 ὲκ
547 4878 777 4947 παγίδος
821 4878 1121 4950 θηρευτῶν,
1156 4877 1251 4932 καὶ
1282 4877 1392 4931 ἀπὸ
1431 4877 1588 4946 λόγου
1624 4894 1707 4931 τα·

1841 4877 2073 4933 iberabit
2107 4891 2193 4931 me
2230 4875 2299 4931 de
2332 4876 2527 4945 laqueo
2559 4881 2878 4928 venatorum
2900 4913 2914 4935 ,
2948 4880 3002 4928 et
3032 4871 3102 4927 ab
3131 4869 3381 4926 oratione

164 4967 432 5037 ραχώδους.
491 4969 580 5022 Ἐν
619 4971 731 5033 τοῖς
773 4970 1141 5042 μεταφρένοις
1165 4966 1361 5023 ἑαυτοῦ
1402 4968 1707 5021 ἐπισκιάσει

1840 4965 2153 5021 mbulenta.
2202 4964 2258 5019 ln
2310 4964 2549 5034 scapulis
2600 4963 2716 5020 suis
2759 4961 3112 5018 obumbrabit
3162 4960 3378 5025 tibi,et

162 5074 248 5123 σοι,
276 5062 378 5115 ὑπὸ
407 5061 506 5126 τὰς
530 5062 804 5132 πτέρυγας
832 5061 994 5115 αὑτοῦ
1021 5061 1242 5125 ὲλπιεῖς.
1282 5059 1470 5131 Ὀπλῳ
1497 5059 1705 5113 κυκλώ-

1834 5059 1919 5113 sub
1947 5059 2050 5113 alis
2078 5057 2199 5128 ejus
2250 5058 2516 5127 sperabis.
2558 5055 2727 5111 Scuto
2791 5053 3154 5109 circumdabit
3192 5060 3246 5106 te
3282 5066 3377 5131 ve-

162 5164 232 5203 σει
271 5170 328 5207 σε
375 5156 408 5225 ή
458 5154 684 5226 ἀλήθεια
732 5151 918 5217 αὑτοῦ,
959 5153 1019 5206 οὐ
1071 5151 1355 5225 φοϐηθήσῃ
1392 5149 1501 5204 ἀπὸ
1542 5148 1705 5220 φόϐου

1834 5152 1950 5207 ’ἱιοε
1983 5150 2104 5220 ejus
2127 5188 2144 5214 ,
2174 5164 2286 5205 non
2319 5148 2538 5203 timebis
2568 5162 2600 5201 a
2635 5149 2834 5202 timore
2871 5151 3178 5205 nocturno,
3219 5156 3250 5197 a
3288 5157 3377 5196 sa-

160 5245 465 5316 νυκτερινοῦ,
521 5246 630 5300 ἀπὸ
689 5244 873 5315 βέλους
931 5244 1244 5315 πετωμένου
1308 5242 1537 5315 ἡμέρας,
1599 5241 1703 5295 ἀπὸ

1832 5245 1948 5315 ςῐιιιι
1980 5243 2197 5298 volante
2247 5242 2305 5297 in
2353 5241 2474 5308 die,
2521 5255 2553 5295 a
2600 5240 2819 5312 negotio
2866 5236 3277 5309 perambulante
3317 5234 3375 5289 in

160 5335 452 5407 πράγματος
491 5335 943 5408 διαπορευομένου
982 5336 1041 5387 ὲν
1074 5333 1272 5399 σκότει,
1313 5335 1420 5388 άπὸ
1454 5335 1703 5407 συμπτώ-

1833 5338 2085 5402 enebris,
2123 5336 2192 5391 ab
2222 5334 2482 5401 incursu,
2517 5341 2571 5389 et
2604 5331 2873 5389 daemonio
2906 5329 3232 5384 meridiano.
3269 5326 3376 5381 Ca-

162 5440 324 5492 ματος,
352 5428 445 5482 καὶ
473 5428 748 5501 δαιμονίου
794 5425 1186 5499 μεσημϐρινοῦ.
1213 5427 1467 5481 Πεσείται
1506 5430 1571 5482 ὲκ
1603 5428 1697 5482 τοῦ

1829 5431 1935 5485 Ient
1968 5444 1997 5483 ιι
2033 5429 2205 5484 latere
2239 5437 2335 5484 tuo
2367 5427 2547 5492 mille,
2582 5435 2637 5483 et
2668 5425 2857 5481 decem
2890 5422 3062 5479 millia
3100 5436 3130 5477 a
3158 5419 3372 5477 dextris

158 5514 346 5584 κλίτους
378 5538 470 5575 σου
502 5520 700 5592 χιλιὰς,
738 5520 831 5573 καὶ
861 5517 1057 5590 μυριὰς
1091 5518 1156 5570 ὲκ
1185 5517 1372 5585 δεξιῶν
1401 5537 1492 5573 σου
1516 5535 1531 5550 ·
1561 5520 1700 5592 πρὸς

1834 5519 1959 5576 uis:
2014 5519 2082 5575 ad
2127 5527 2180 5575 te
2228 5529 2409 5574 autem
2451 5532 2559 5572 non
2605 5513 3088 5587 appropinquabit.
3138 5510 3371 5567 Verum-

161 5606 211 5659 σὲ
230 5607 279 5662 δὲ
318 5613 417 5667 οὐκ
440 5616 631 5683 ὲγγιεῖ.
656 5613 803 5684 Πλὴν
841 5611 952 5672 τοῖς
986 5609 1278 5682 ὀφθαλμοῖς
1312 5627 1404 5664 σου
1437 5614 1702 5683 κατανοή-

1893 5628 1985 5666 nen
2031 5612 2208 5667 oculis
2255 5609 2819 5679 tuisconsiderabis,
2861 5619 2916 5664 et
2954 5605 3371 5664 retributionem
3425 5682 3436 5703 ι

219 5788 259 5821 ⁸⁷
296 5790 412 5847 Psal
465 5808 602 5856 ιιι,
635 5795 687 5848 5.
764 5793 807 5825 “
846 5792 955 5850 Jer.
991 5808 1078 5860 vi,
1107 5790 1196 5845 20.
1275 5792 1318 5823 δ’
1359 5789 1523 5845 Marc.
1562 5808 1616 5856 ι,
1655 5792 1744 5850 10.

1400 5789 1523 5845 lare.
1562 5808 1616 5856 ι,
1655 5792 1744 5850 10.
1818 5791 1865 5823 ⁸⁸
1908 5789 2094 5846 Matth.
2132 5806 2229 5855 ιιι,
2263 5782 2353 5845 17.
2429 5788 2473 5821 ⁸⁸
2514 5786 2714 5843 "Cor.
2751 5803 2820 5852 v,
2854 5784 2943 5844 16.
