3908 6266
518 296 628 357 675

1146 290 1415 349 EUSEBiI
1448 289 1922 348 CESARIENSIS
1957 288 2109 347 OPP.
2149 288 2348 347 PARS.
2381 289 2447 348 ll.
2485 321 2555 333 -
2591 288 3091 349 APOLOGETICA.

3655 293 3749 348 676

519 421 869 490 peccatorum
907 406 1159 463 videbis:
1230 406 1490 476 quoniam
1540 412 1630 471 tu,
1677 403 1905 459 Domine
1941 410 2086 473 ispes

2190 420 2318 469 σεις,
2354 404 2447 458 καὶ
2478 404 2831 459 ἀνταπόδοσιν
2854 402 3190 478 ἁμαρτωλῶν
3221 402 3341 474 ὕψει
3360 420 3377 435 ο
3411 403 3493 459 ὅτι
3528 406 3615 472 σὺ,
3647 407 3748 462 Κό-

523 521 665 571 mea,
702 503 1038 559 Altissimum
1074 499 1305 570 posuisti
1334 496 1602 570 refugium
1638 511 1812 553 tuum.
1845 495 1961 552 Non
1997 512 2088 552 ac-

523 600 720 654 cedent
751 596 817 650 ad
850 602 902 649 te
935 593 1098 656 mala,
1133 601 1185 645 et
1218 590 1484 663 ﬂagellum
1507 606 1612 645 non
1637 589 2088 660 appropinquabit

520 686 873 747 tabernaculo
916 693 1052 738 tuo:
1095 685 1354 754 quoniam
1402 684 1611 753 angelis
1655 684 1772 739 suis
1815 682 2088 735 mandavit

521 781 590 835 de
638 786 724 843 te,
779 784 837 830 ut
884 776 1195 831 custodiant
1230 786 1282 829 te
1320 776 1373 829 in
1419 778 1673 829 omnibus
1716 776 1819 831 viis
1862 777 1987 830 tuis.
2029 775 2087 830 lu

520 872 774 927 manibus
805 869 1096 940 portabunt
1138 877 1227 933 tc,
1262 884 1330 923 ne
1379 868 1519 923 forte
1567 869 1812 925 oﬂendas
1842 870 1909 923 ad
1952 870 2088 940 lapi-

519 964 639 1019 dem
688 963 878 1032 pedem
936 970 1111 1015 tuum.
1166 960 1342 1031 Super
1383 960 1626 1031 aspidem
1671 969 1725 1015 et
1771 962 2086 1016 basiliscum

519 1055 848 1116 ambulabis,
880 1062 934 1108 et
964 1055 1320 1109 conculcabis
1348 1055 1556 1109 leonem
1586 1064 1641 1108 et
1667 1054 1960 1132 draconem
1984 1056 2081 1106 δ’.»

521 1144 773 1200 Salvator
801 1152 854 1197 et
887 1144 1146 1199 Dominus
1186 1152 1371 1197 noster
1399 1142 1561 1198 Jcsus
1589 1143 1680 1213 qui
1710 1142 1965 1198 Christus
1994 1142 2087 1198 Dei

517 1245 603 1292 est
623 1278 637 1298 ,
668 1236 795 1291 dum
826 1244 1099 1305 quatenus
1129 1236 1292 1288 homo
1322 1234 1501 1289 factus
1530 1243 1615 1290 est
1636 1275 1651 1297 ,
1683 1236 2085 1301 consideratur,

520 1329 772 1386 habitans
801 1329 1003 1383 dicitur
1032 1330 1083 1381 in
1115 1328 1388 1397 adjutorio
1417 1326 1680 1382 Altissimi
1708 1367 1722 1390 ,
1755 1337 1939 1398 utpote
1965 1344 2087 1383 cum

518 1422 576 1476 in
606 1423 943 1492 protectione
973 1419 1065 1475 Dei
1098 1428 1151 1473 et
1180 1418 1361 1474 Patris
1389 1430 1774 1474 commoretur.
1803 1419 1900 1474 llic
1926 1421 2091 1490 igitur

520 1532 689 1570 unum
727 1513 938 1569 Patrem
971 1530 1073 1568 nec
1103 1515 1266 1567 alium
1301 1520 1563 1583 praeterea
1598 1513 1907 1583 quempiam
1934 1552 1949 1575 ,
1982 1527 2089 1582 quo

518 1616 766 1679 tempore
794 1622 826 1661 a
856 1606 1075 1661 diabolo
1106 1613 1349 1660 tentatus
1378 1611 1462 1659 est
1484 1644 1499 1666 ,
1533 1603 1838 1674 perfugium
1869 1613 2085 1668 nactus,

518 1701 782 1756 Lberatus
809 1706 893 1754 est
920 1699 1049 1753 olim
1080 1699 1147 1753 de
1173 1697 1384 1767 laqueis
1415 1696 1821 1750 adversantium
1852 1705 2092 1765 patesta-

2188 514 2269 566 ριε
2299 500 2332 568 ἡ
2360 495 2515 561 ἐλπίς
2543 514 2664 568 μου,
2702 497 2794 551 τὸν
2828 497 3086 568 Ὕψιστον
3125 494 3243 549 ἔθου
3276 497 3598 569 καταφυγήν
3640 514 3745 552 σου.

2187 590 2259 641 Οὐ
2296 584 2710 660 προσελεύσεταί
2736 589 2871 660 πρὸς
2899 589 2958 641 σὲ
2992 587 3158 651 κακὰ,
3187 590 3279 642 καὶ
3313 589 3511 660 μάστιξ
3540 590 3639 643 οὐκ
3668 592 3748 660 ἑγ-

2186 683 2294 748 γιεῖ
2314 679 2392 751 τῷ
2420 680 2737 751 σκηνώματί
2766 697 2859 733 σου
2885 697 2896 709 ·
2927 681 3010 732 ὅτι
3049 682 3161 743 τοῖς
3186 680 3438 748 ἀγγέλοις
3474 680 3637 734 αὑτοῦ
3674 684 3748 735 ἐν·

2185 772 2415 825 τελεῖται
2456 772 2582 844 περὶ
2611 770 2725 835 σοῦ,
2751 771 2844 824 τοῦ
2874 771 3196 840 διαφυλάξαι
3225 788 3283 825 σε
3318 773 3377 824 ὲν
3411 774 3613 837 πάσαις
3642 779 3747 839 ταῖς

2186 865 2321 929 ὁδοῖς
2349 882 2461 918 σου.
2501 865 2623 917 Ἐπὶ
2650 862 2848 934 χειρῶν
2881 863 3072 934 ἀροῦσί
3100 881 3180 928 σε,
3213 866 3421 935 μήποτε
3446 866 3747 938 προσκόψῃς

2188 958 2322 1029 πρὸς
2349 956 2492 1009 λίθον
2513 957 2602 1010 τὸν
2631 957 2767 1010 πόδα
2793 974 2905 1009 σου.
2952 957 3073 1009 Ἐπὶ
3098 957 3298 1010 ἀσπίδα
3330 958 3424 1010 καὶ
3450 957 3745 1027 βασιλίσκον

2189 1048 2445 1119 ἐπιϐήσῃ,
2483 1050 2576 1101 καλ⁹
2620 1048 3024 1119 καταπατήσεις
3057 1047 3247 1101 λέοντα
3280 1050 3373 1102 καὶ
3404 1048 3687 1119 δράκοντα.
3724 1070 3741 1102 ι

2201 1143 2256 1193 '0
2304 1142 2493 1213 Σωτὴρ
2536 1143 2629 1194 καὶ
2680 1140 2883 1211 Κύριος
2929 1140 3086 1210 ἡμῶν
3142 1141 3347 1212 Ἰησοῦς
3390 1142 3623 1212 Χριστὸς
3661 1142 3745 1196 τοῦ

2188 1234 2342 1295 Θεοῦ,
2388 1233 2505 1286 καθ’
2545 1233 2574 1286 ὃ
2612 1233 2945 1304 ἐνηνορώπει
2990 1233 3388 1304 ὲπινοούμενος,
3424 1237 3452 1288 ὁ
3495 1236 3745 1289 κατοικῶν

2188 1325 2405 1395 λέγεται
2432 1329 2488 1379 ἐν
2529 1325 2748 1397 βοηθείᾳ
2768 1326 2861 1379 τοῦ
2900 1326 3177 1396 Ὑψίστου,
3206 1327 3263 1378 ὲν
3291 1326 3469 1397 σκέπῃ
3501 1325 3596 1380 τοῦ
3624 1326 3744 1381 Θεοῦ

2189 1418 2282 1471 καὶ
2318 1417 2530 1488 Πατρός
2573 1417 2940 1489 αὐλιζόμενος.
2987 1411 3154 1480 Οὗτος
3187 1417 3251 1488 δὴ
3294 1413 3408 1482 οὖν,
3462 1418 3619 1489 μόνον
3662 1418 3743 1472 τὸν

2189 1509 2416 1580 Σωτῆρα
2448 1510 2539 1562 καὶ
2575 1510 2682 1562 οὐδ’
2710 1509 2893 1582 ἓτερον
2931 1509 3246 1580 καταφυγὴν
3271 1510 3330 1561 ἐν
3361 1508 3439 1579 τῷ
3467 1509 3639 1582 καιρῷ
3660 1509 3741 1562 τοῦ

2188 1600 2327 1654 κατά
2374 1601 2463 1653 τὸν
2507 1600 2748 1654 διάϐολον
2796 1600 3101 1672 πειρασμοῦ
3136 1601 3470 1671 κεκτημένος
3520 1600 3739 1672 ἐρῤύσθη

2192 1693 2320 1745 ποτε
2352 1695 2415 1746 ἐκ
2446 1693 2553 1746 τῶν
2600 1694 2837 1761 παγίδων
2877 1693 2982 1747 τῶν
3035 1693 3422 1763 ἀντικειμένων
3457 1692 3739 1764 δυνάμεων,

518 1800 664 1858 tum,
718 1806 838 1862 quas
888 1798 1175 1846 venatores
1229 1790 1333 1843 hoc
1384 1789 1505 1843 loco
1559 1790 1918 1858 appellantur,
1964 1802 2085 1842 eum

2190 1780 2465 1858 θὴρευτῶν
2497 1786 2589 1839 νῦν
2627 1784 3058 1857 ὀνομαζομένων,
3088 1786 3339 1856 ὁπηνίκα,
3365 1781 3454 1839 οἶά
3476 1804 3560 1850 τις
3584 1788 3739 1853 κοινὸς

516 1885 692 1941 instar
719 1882 1005 1954 cujusdam
1033 1882 1342 1936 communis
1373 1881 1611 1934 hominis
1641 1899 1660 1930 ι
1691 1879 1890 1935 ductus
1918 1888 2003 1935 est
2034 1882 2090 1934 in

519 1976 796 2031 desertum
821 2015 836 2039 ,
877 1982 940 2030 ut
978 1981 1286 2030 tentaretur
1317 1988 1347 2027 a
1377 1971 1597 2026 diabolo
1620 2013 1635 2039 ,
1669 1979 1722 2026 et
1764 1972 1868 2025 fuit
1900 1972 1955 2026 in
1998 1972 2093 2028 de-

520 2079 669 2125 serto
711 2067 1074 2139 quadraginta
1122 2066 1240 2123 dies
1279 2074 1333 2120 et
1372 2065 1735 2135 quadraginta
1781 2073 2006 2128 noctes,
2037 2071 2092 2118 et

519 2168 772 2216 tentatus
818 2168 904 2215 est
952 2174 983 2212 a
1035 2157 1283 2212 Satana:
1332 2157 1571 2228 fuitque,
1611 2177 1629 2209 ι
1658 2164 1718 2211 ιιι
1762 2158 2093 2228 evangelista

521 2260 715 2308 auctor
752 2260 837 2309 est
857 2292 871 2316 ,
901 2270 919 2304 ι
954 2266 1078 2306 cum
1113 2250 1307 2306 bestiis
1336 2249 1405 2304 ³⁸.
1435 2269 1451 2300 ι
1480 2248 1587 2305 Sed
1617 2266 1737 2320 qua:
1766 2249 1982 2304 tandem
2011 2249 2094 2305 lue

518 2341 708 2398 bestiae
752 2342 860 2397 nisi
905 2355 1044 2410 quas
1090 2346 1489 2394 commemorat
1519 2342 1601 2402 is,
1648 2339 1741 2409 qui
1790 2354 1937 2394 nunc
1983 2345 2095 2393 tra-

518 2442 703 2488 ctatur
737 2432 981 2504 psalmus
1013 2431 1082 2485 ad
1111 2446 1234 2486 eum
1260 2469 1276 2495 ,
1310 2431 1404 2501 qui
1436 2431 1491 2485 in
1526 2431 1799 2500 adjutorio
1828 2430 2094 2487 Altissimi

519 2524 751 2591 habitat,
772 2524 863 2579 ubi
886 2524 962 2579 ait
988 2543 1001 2578 :
1035 2543 1052 2573 ι
1076 2521 1250 2594 Super
1278 2521 1520 2592 aspidem
1550 2530 1603 2577 et
1632 2524 1946 2580 basiliscum
1977 2538 2093 2577 am-

516 2617 759 2680 bulabis.
781 2624 835 2672 et
867 2615 1225 2672 conculcabis
1254 2615 1467 2670 leonem
1493 2622 1547 2669 et
1569 2615 1895 2671 draconem?
1932 2636 1950 2667 ι
1989 2631 2091 2670 (ειε-

516 2714 695 2763 terum
734 2724 842 2762 non
890 2707 959 2762 ab
1001 2706 1089 2762 his
1136 2706 1313 2761 solum
1346 2705 1637 2761 liberatum
1671 2707 1736 2760 iri
1768 2724 1891 2763 eum
1922 2707 2089 2774 dicit,

518 2799 617 2856 sed
656 2799 824 2854 etiam
868 2798 937 2852 ab
981 2798 1234 2852 oratione
1277 2797 1616 2853 turbulenta.
1656 2797 1820 2870 434
1858 2799 1925 2853 At
1964 2816 2093 2856 vero

517 2905 639 2961 quae
661 2889 884 2945 tandem
916 2887 1031 2945 hate
1060 2888 1166 2944 fuit
1196 2888 1375 2943 oratio
1396 2928 1411 2955 ,
1442 2888 1549 2943 nisi
1577 2904 1740 2959 quam
1782 2890 1861 2945 illi
1891 2891 2092 2960 objecit

519 2991 780 3045 tentator.
804 2989 865 3036 ut
889 2982 945 3036 in
969 2996 1129 3038 sacro
1150 2980 1446 3051 Evangelia
1470 2982 1734 3052 scriptum
1759 2990 1842 3037 est
1862 2983 1885 3037 ?
1904 2981 2093 3053 Opera:

519 3084 701 3130 autem
732 3074 969 3145 pretium
1000 3084 1087 3128 cst
1119 3074 1518 3145 contemplari,
1545 3090 1667 3145 quae
1692 3090 1861 3131 causa
1892 3075 2087 3142 fuerit,

517 3175 579 3222 ut
608 3166 860 3221 Salvator
888 3171 1095 3231 noster,
1127 3164 1219 3236 qui
1265 3168 1391 3222 talis
1439 3174 1728 3238 tantusque
1774 3175 1887 3233 est,
1919 3174 2090 3223 tenta-
2114 3154 2156 3211 C

518 3259 723 3314 tionem
756 3271 1049 3328 perpessus
1083 3257 1174 3312 sit.
1208 3258 1342 3313 Cum
1374 3258 1536 3329 igitur
1563 3273 1774 3313 omnem
1806 3274 1870 3313 ex
1905 3259 2084 3313 homi-

518 3352 682 3409 nibus
725 3349 1102 3422 aegritudinem
1162 3364 1487 3421 omnemque
1542 3350 1888 3421 languorem.
1949 3350 2086 3406 infe—

521 3450 744 3512 stosque
770 3440 997 3511 spiritus
1028 3448 1191 3511 atque
1223 3441 1470 3512 impuros
1502 3440 1807 3505 dannonas,
1841 3444 1931 3512 qui
1962 3442 2085 3511 plu-

520 3533 674 3588 rimis
700 3541 826 3587 ante
852 3533 1067 3587 sa'culis
1098 3547 1289 3588 omnes
1316 3532 1409 3604 qui
1445 3533 1499 3587 in
1532 3541 1674 3588 terra
1706 3534 2084 3599 versabantur,

521 3640 615 3697 per
659 3640 778 3681 eam
825 3625 1312 3696 superstitionem,
1346 3641 1465 3696 qua:
1500 3627 1704 3681 multos
1749 3626 1882 3681 deos
1923 3628 2082 3689 colit,

521 3717 886 3787 subegerunt,
916 3725 1064 3773 esset
1090 3718 1424 3787 expulsurus
1445 3757 1459 3783 ,
1489 3733 1600 3773 non
1628 3733 1692 3773 ex
1722 3717 1907 3773 abdito
1931 3719 2086 3788 quasi

522 3813 753 3867 latitans
785 3813 851 3867 ad
884 3826 947 3866 ea
977 3826 1097 3882 quae
1126 3812 1270 3867 dicta
1301 3819 1463 3878 sunt,
1491 3813 1741 3868 accessit.
1769 3811 1873 3867 Sed
1898 3821 2087 3867 contra

523 3905 754 3961 infestos
784 3904 939 3973 prius
967 3905 1301 3974 eosdemque
1328 3904 1639 3960 invisibiles
1670 3906 1962 3975 principes,
1993 3920 2089 3976 per

522 4012 646 4052 eum
667 4036 682 4060 ,
715 4011 874 4066 quem
905 3997 1201 4065 assumpsit
1230 3995 1526 4060 hominem,
1561 3997 1908 4051 militantium
1939 4011 2090 4052 more

524 4086 835 4159 profectus,
872 4094 928 4141 et
959 4087 1014 4141 in
1052 4086 1225 4156 ipsius
1257 4087 1461 4141 diaboli
1496 4087 1731 4141 medium
1753 4128 1767 4152 ,
1800 4089 2089 4157 omnisque

527 4176 847 4232 daemonicae
875 4186 1109 4231 caterva:
1142 4192 1497 4249 progressus,
1531 4178 1623 4233 ubi
1654 4195 1819 4249 super
1847 4180 2087 4249 aspidem

526 4276 582 4324 et
619 4269 936 4325 basiliscum
973 4269 1302 4333 ambulavit,
1333 4278 1385 4324 ct
1421 4270 1762 4325 canculcavit
1796 4271 2004 4327 leonem
2037 4279 2090 4326 et

526 4359 856 4424 draconem,
909 4361 1192 4430 multoque
1237 4361 1392 4431 prius
1443 4363 1784 4431 regnantium
1842 4362 2092 4417 inimico-

527 4464 681 4514 rum.
707 4460 761 4509 et
782 4453 950 4507 millia
975 4461 1031 4508 et
1054 4453 1194 4507 dena
1222 4453 1387 4507 millia
1416 4453 1715 4518 subvertit,
1739 4453 2086 4525 principatus

526 4546 781 4601 videlicet
825 4560 891 4601 ac
932 4552 1268 4616 potestates,
1318 4546 1454 4601 alias
1492 4544 1709 4617 quidem
1759 4562 1789 4600 a
1838 4546 2085 4613 dextris,

528 4637 665 4691 alias
692 4652 822 4692 vero
850 4652 878 4690 a
911 4636 1155 4692 sinistris
1186 4637 1451 4693 bellantes
1471 4677 1485 4701 ,
1532 4640 1771 4708 itemque
1809 4654 1904 4695 eos
1927 4679 1942 4703 ,
1992 4640 2084 4710 qui

525 4730 715 4786 mundi
762 4738 1004 4785 rectores
1048 4729 1242 4783 harum
1292 4729 1640 4785 tenebrarum
1691 4729 1973 4795 dicuntur,
2024 4745 2088 4785 ac

527 4821 832 4893 spiritualia
865 4823 1124 4889 malitiae;
1153 4822 1369 4884 omnia,
1402 4822 1657 4892 inquam,
1692 4822 1808 4876 haec
1831 4863 1845 4887 ,
1877 4823 1970 4877 ubi
2005 4821 2088 4876 ni-

526 4912 603 4967 hil
648 4927 810 4983 posse
847 4912 1164 4983 redarguit,
1210 4924 1276 4964 ac
1318 4911 1555 4983 denique
1599 4913 1779 4982 ipsum
1820 4915 2086 4968 malorum

527 5005 828 5077 principem
855 5004 1130 5060 diabolqu
1161 5005 1330 5061 verbo
1356 5006 1471 5061 oris
1501 5007 1585 5061 sui
1614 5007 1804 5078 procul
1833 5007 2088 5068 extrusit,

527 5098 909 5168 percurritque
941 5106 1105 5168 atque
1137 5097 1526 5162 inambulavit,
1559 5114 1772 5155 omnem
1804 5101 2093 5154 adversan-

526 5197 634 5244 tem
668 5198 991 5261 potestatem
1015 5230 1031 5255 ,
1064 5205 1130 5246 ac
1159 5191 1399 5260 seipsum
1439 5191 1658 5261 quidem
1694 5192 1847 5246 adire
1873 5207 1937 5247 ac
1975 5200 2092 5247 ten-

526 5284 646 5334 tare
685 5281 998 5338 volentibus
1045 5281 1328 5344 exhibuit,
1378 5297 1481 5336 nec
1528 5284 1814 5353 quisquam
1865 5283 2089 5338 omnino

526 5370 791 5431 adversus
818 5374 971 5430 illum
1001 5384 1148 5433 stare
1175 5375 1397 5447 potuit;
1429 5383 1542 5430 tum
1573 5376 1789 5431 demum
1816 5376 1883 5431 ad
1911 5376 2088 5430 homi-

528 5476 658 5519 num
688 5466 917 5524 salutem
940 5469 1195 5526 accessit.
1219 5466 1487 5535 Quocirca
1510 5469 1784 5525 intuentes
1810 5470 1961 5524 illum
1986 5466 2089 5523 die-

529 5565 721 5611 mones
744 5559 1143 5627 agnoscebant,
1165 5568 1386 5631 propter
1409 5573 1527 5614 eam
1555 5557 1623 5614 de
1644 5573 1748 5630 qua
1774 5558 1980 5614 dictum
2006 5567 2088 5613 est

2190 1879 2491 1951 ἄνθρωπος,
2540 1898 2557 1929 ι
2600 1879 2806 1950 ἀνήχθη
2858 1881 2937 1943 εἰς
2983 1878 3080 1950 τὴν
3125 1878 3351 1950 ἔρημον,
3399 1879 3739 1951 πειρασθῆναι

2192 1969 2294 2022 ὑπὸ
2328 1968 2419 2021 τοῦ
2446 1968 2712 2032 διαϐόλου,
2734 1970 2827 2021 καὶ
2853 1963 2919 2039 ἦν
2948 1969 3004 2020 ἐν
3027 1970 3093 2039 τῇ
3127 1969 3316 2038 ἐρήμῳ
3348 1969 3740 2040 τεσσαράκοντα

2190 2061 2400 2131 ἡμέρας
2425 2060 2519 2112 καὶ
2549 2060 2958 2131 τεσσαράκοντα
2984 2059 3184 2122 νύκτας
3216 2059 3610 2132 πειραζόμενος
3649 2060 3744 2114 ὑπὸ

2190 2153 2284 2206 τοῦ
2322 2153 2534 2207 Σατανᾶ
2559 2168 2573 2184 ο
2607 2154 2701 2207 καὶ
2723 2149 2812 2225 ἦν,
2845 2172 2863 2203 ι
2898 2153 2973 2216 ὡς
2995 2154 3022 2205 ὁ
3050 2151 3435 2224 εύαγγελιστὴς
3471 2156 3739 2226 μαρτυρεῖ,

2197 2265 2216 2297 ι
2257 2245 2393 2317 μετὰ
2413 2247 2520 2300 τῶν
2550 2247 2774 2319 θηρίων.
2806 2267 2824 2298 ι
2862 2246 3038 2300 Ποίων
3065 2245 3122 2299 δὲ
3147 2246 3350 2301 τούτων
3383 2247 3417 2319 ἦ
3445 2240 3518 2300 ὧν
3550 2263 3742 2319 μνημο-

2192 2338 2335 2393 νεύει
2378 2342 2407 2393 ὁ
2443 2338 2580 2410 μετά
2624 2342 2811 2411 χεῖρας
2854 2338 3085 2409 ψαλμδς,
3122 2339 3256 2410 πρὸς
3290 2339 3383 2393 τὸν
3437 2340 3496 2391 ὲν
3538 2338 3740 2411 βοηθείᾳ

2191 2429 2285 2484 τοῦ
2321 2431 2574 2501 Ὑψίστου
2598 2430 2947 2485 κατοικοῦντα
2975 2430 3147 2499 λέγων
3167 2448 3181 2461 ο
3225 2448 3244 2482 ι
3286 2431 3411 2484 Ἐπὶ
3437 2431 3632 2485 ἀσπίδα
3658 2431 3739 2484 καὶ

2194 2520 2503 2592 βασιλίσκον
2548 2521 2801 2593 ὲπιϐήσῃ,
2847 2522 2941 2575 καὶ
2984 2524 3387 2593 καταπατήσεις
3433 2520 3615 2575 λέοντα
3658 2522 3738 2576 καὶ

2191 2613 2477 2686 δράκοντα.
2520 2632 2539 2665 ι
2587 2614 2682 2677 Τίς
2713 2614 2756 2667 δ’
2792 2613 2857 2667 ἂν
2895 2614 2980 2687 εἴη
3023 2615 3117 2669 καὶ
3153 2608 3306 2678 οὗτος
3337 2614 3372 2685 ἢ
3407 2615 3569 2687 ὅνπερ
3605 2615 3739 2684 αύτῷ

2192 2705 2503 2779 προῦτεινεν
2545 2707 2574 2759 ὁ
2615 2707 2887 2778 πειράζων
2934 2707 3074 2760 κατα
3120 2706 3182 2760 τὸ
3224 2706 3367 2777 ἱερὸν
3398 2706 3736 2776 Εὐαγγέλιονς

2192 2798 2265 2852 Τὸ
2295 2799 2339 2852 δ’
2368 2798 2537 2852 αἴτιον
2558 2797 2652 2851 τοῦ
2680 2798 3033 2869 πειράζεσθαι
3054 2798 3144 2853 τὸν
3172 2796 3487 2869 τηλικοῦτον
3532 2799 3738 2870 Σωτῆρα

2191 2889 2349 2962 ἡμῶν
2376 2893 2646 2963 σκοπῆσαι
2678 2891 2845 2956 ἄξιον.
2884 2891 3109 2946 Μέλλων
3148 2891 3208 2956 ἐξ
3246 2892 3548 2966 ἀνθρώπων
3580 2893 3738 2946 πᾶσαν

2193 2983 2345 3038 νόσον
2378 2984 2471 3038 καὶ
2515 2985 2692 3038 πᾶσαν
2741 2983 3029 3056 μαλακίαν,
3061 2985 3132 3038 τά
3167 3002 3227 3037 τε
3259 2985 3577 3056 ἐνοχλοῦντα
3604 2983 3737 3038 πνεύ-

2197 3095 2360 3148 ματα,
2391 3078 2485 3131 καὶ
2516 3078 2640 3140 τοὺς
2671 3077 3010 3149 ἀκαθάρτους
3051 3076 3309 3148 δαίμονας
3332 3078 3390 3144 ἐξ
3432 3078 3620 3141 αἰῶνος
3651 3094 3740 3149 μα·

2190 3171 2322 3243 κροῦ
2354 3170 2459 3223 τῶν
2486 3170 2577 3223 ἐπὶ
2610 3170 2712 3241 γῆς
2740 3168 2956 3223 πάντων
2980 3167 3070 3222 διὰ
3090 3169 3189 3240 τῆς
3215 3168 3477 3223 πολυθέου
3510 3168 3736 3224 δεισιδαι-

2190 3260 2376 3332 μονίας
2409 3261 2819 3333 κεκρατηκότας
2848 3260 3111 3325 ἐλαύνειν,
3145 3262 3247 3315 οὐκ
3277 3263 3340 3315 ἐκ
3375 3261 3473 3315 τοῦ
3500 3260 3734 3332 ἀφανοῦς,

2188 3352 2377 3425 ὥσπερ
2429 3353 2923 3425 ἐπικρυπτόμενος,
2969 3354 3062 3405 ἐπὶ
3105 3352 3176 3406 τὰ
3221 3354 3487 3424 εἰρημένα
3539 3351 3735 3425 παρῄει.

2194 3447 2320 3509 Τοῖς
2354 3445 2744 3519 παρενοχλοῦσι
2778 3444 2835 3498 δὲ
2858 3444 3118 3515 πρότερον
3149 3444 3401 3515 ἀοράτοις
3425 3445 3660 3516 ἄρχουσι,
3677 3442 3736 3497 δι⁹

2187 3533 2246 3593 οὗ
2272 3539 2558 3609 ἀνείληφεν
2583 3536 2870 3609 ἀνθρώπου
2896 3537 3346 3608 ἐπιστρατεύσας,
3377 3537 3471 3590 καὶ
3492 3538 3569 3600 είς
3595 3536 3737 3607 μέσον

2187 3630 2350 3684 αὐτοῦ
2380 3630 2472 3684 τοῦ
2502 3629 2768 3695 διαϐόλου,
2804 3631 2899 3683 καὶ
2943 3628 3142 3693 παντὸς
3180 3628 3274 3682 τοῦ
3306 3628 3611 3700 δαιμονικοῦ
3639 3628 3736 3681 στὶο

2189 3741 2323 3794 (ρους
2372 3721 2674 3795 παρελθὼν,
2719 3720 2912 3785 ἐπιϐάς
2953 3739 3017 3774 τε
3068 3721 3253 3775 ἀσπίδι
3301 3722 3396 3774 καὶ
3442 3720 3732 3792 βασιλίσκω,

2188 3816 2283 3871 καὶ
2331 3816 2723 3886 καταπατήσας
2766 3813 2956 3867 λέοντα
3008 3813 3102 3867 καὶ
3145 3812 3436 3885 δράκοντα,
3487 3813 3575 3867 καὶ
3616 3811 3731 3865 πολὺ

2189 3908 2449 3981 πρότερον
2487 3905 2730 3961 καθελὼν
2771 3905 2877 3959 τῶν
2910 3904 3241 3977 ἀρχοντικῶν
3270 3904 3479 3977 ἐχθρῶν
3516 3902 3732 3973 χιλιάδας

2189 4002 2283 4055 καὶ
2319 4000 2602 4073 μυριάδας,
2632 3998 2731 4063 τὰς
2768 3998 2864 4069 μὲν
2891 3998 2957 4051 ἐκ
2984 3997 3092 4051 τῶν
3115 3996 3321 4063 δεξιῶν,
3352 3998 3451 4061 τάς
3477 3996 3533 4048 δὲ
3559 3998 3617 4049 ὲκ
3635 3993 3730 4047 τῶν

2189 4092 2482 4163 εὐωνύμων
2523 4089 2883 4162 πολεμούσας,
2923 4089 3094 4160 ἀρχάς
3129 4106 3187 4142 τε
3230 4089 3324 4143 καὶ
3369 4085 3625 4153 ἐξουσίας,
3648 4085 3728 4139 καὶ

2188 4183 2252 4253 δὴ
2307 4184 2401 4238 καὶ
2432 4184 2555 4246 τοὺς
2585 4183 2907 4252 λεγομένους
2940 4179 3381 4251 κοσμοκράτορας
3408 4178 3501 4233 τοῦ
3533 4178 3729 4239 σκότους

2189 4273 2398 4335 τούτου,
2446 4274 2516 4326 τά
2545 4290 2604 4325 τε
2646 4269 2987 4342 πνευματικὰ
3026 4270 3125 4340 τῆς
3155 4271 3453 4341 πονηρίας’
3492 4270 3653 4323 πάντα
3675 4265 3728 4337 δὴ

2189 4360 2282 4418 οῦν
2325 4363 2494 4417 ταῦτα
2539 4364 2600 4416 τὸ
2642 4364 2808 4434 μηδὲν
2858 4361 3060 4432 ἰσχύειν
3103 4360 3432 4429 ὰπελέγξας,
3472 4359 3563 4413 καὶ
3599 4357 3728 4420 τέλος

2192 4455 2350 4509 αὐτὸν
2381 4456 2472 4509 τὸν
2502 4454 2608 4508 τῶν
2638 4453 2819 4507 κακῶν
2850 4453 3075 4524 ἔξαρχον
3106 4452 3349 4506 διάϐολον
3387 4452 3464 4523 τῷ
3494 4451 3627 4520 λόγῳ
3646 4445 3725 4501 τοῦ

2192 4548 2453 4619 στόματος
2482 4546 2646 4601 αὑτοῦ
2689 4547 2903 4619 μακρὰν
2929 4546 3296 4619 ἀποσοϐήσας,
3330 4544 3547 4599 διελθών
3573 4561 3627 4597 τε
3649 4538 3727 4596 καὶ

2190 4641 2640 4712 ὲμπεριπατήσας
2679 4638 2774 4710 τὴν
2819 4639 3200 4710 ἀντικειμένην
3249 4639 3465 4692 ἃπασαν
3509 4636 3725 4705 δύναμιν,

2189 4731 2285 4785 καὶ
2310 4731 2497 4785 ἑαυτὸν
2527 4732 2624 4803 μὲν
2650 4731 2942 4804 παρασχὼν
2979 4735 3090 4795 τοῖς
3118 4731 3329 4784 θέλουσι
3360 4729 3628 4802 προσιέναι
3650 4725 3726 4780 καὶ

2190 4821 2487 4895 πειράζειν,
2523 4824 2747 4895 μηδενὸς
2781 4823 2838 4877 δὲ
2887 4824 3074 4894 στῆναι
3114 4822 3247 4894 πρὸς
3279 4822 3441 4875 αὐτὸν
3469 4815 3727 4889 δεδυνημέ-

2188 4932 2301 4979 νου,
2326 4914 2496 4979 οῦτως
2525 4916 2616 4968 ἐπὶ
2648 4916 2744 4986 τὴν
2771 4914 2878 4968 τῶν
2904 4914 3203 4988 ἀνθρώπων
3230 4916 3503 4988 σωτηρίαν
3533 4912 3722 4988 παρῄει.

2189 5008 2280 5060 Διὸ
2309 5007 2402 5061 καὶ
2433 5006 2663 5079 ὁρῶντες
2689 5007 2850 5062 αὑτὸν
2882 5009 2932 5061 οἱ
2963 5007 3214 5078 δαίμονες
3255 5008 3614 5076 ἐπεγίνωσκον
3638 5001 3725 5058 ἀπὸ

2188 5098 2290 5168 τῆς
2318 5099 2752 5172 προδηλωθείσης
2790 5098 2931 5152 κατὰ
2967 5099 3065 5170 τὴν
3095 5098 3298 5170 ἔρημον
3326 5097 3621 5170 διατριϐῆς,
3646 5093 3727 5165 φά-

2191 5206 2411 5255 σκοντες
2457 5190 2639 5261 αὐτῷ·
2683 5208 2702 5241 ι
2734 5189 2799 5242 Τί
2849 5190 2981 5261 ἡμῖν
3030 5188 3123 5243 καί
3157 5207 3260 5257 σοι,
3313 5190 3488 5263 Ἰησοῦ
3522 5189 3613 5242 Υἱὲ
3649 5183 3726 5240 τοῦ

2189 5279 2357 5347 Θεοῦ;
2399 5300 2417 5333 ι
2456 5281 2636 5335 Ταῦτα
2671 5281 2767 5353 μὲν
2792 5276 2884 5335 οῦν
2922 5282 3048 5351 περὶ
3078 5280 3280 5336 τῶνδε·
3315 5280 3386 5335 τά
3415 5282 3471 5335 δὲ
3504 5279 3621 5350 ἑξῆς
3650 5273 3727 5329 τοῦ

2189 5371 2401 5444 ψαλμοῦ
2427 5372 2562 5444 πρὸς
2600 5372 2760 5427 αὐτὸν
2791 5371 3213 5444 ἀναπεφώνηται
3243 5372 3332 5427 τὸν
3372 5374 3417 5427 Χ
3428 5371 3615 5445 ριστὸν,
3641 5364 3727 5421 ἀπὺ

2191 5464 2308 5529 τοῦ,
2341 5484 2359 5515 ο
2403 5466 2490 5519 Ἐν
2522 5468 2633 5529 τοῖς
2667 5465 3023 5538 μεταφρένοις
3059 5465 3223 5519 αὑτοῦ
3254 5464 3558 5520 ἐπισκιάσει
3589 5477 3676 5520 σοι,
3705 5473 3722 5505 ι

2191 5556 2433 5628 δηλονότι
2457 5560 2486 5612 ὁ
2515 5556 2793 5629 Ὕψιστος,
2838 5577 2855 5609 ι
2897 5558 2990 5612 καὶ
3021 5557 3126 5612 ὑπὸ
3152 5555 3252 5621 τὰς
3290 5556 3562 5629 πτέρυγας
3586 5544 3723 5607 αὑτοῦ

599 5735 647 5766 ⁸⁸
683 5731 829 5791 Psal.
860 5752 956 5803 xc,
985 5737 1136 5793 1-13.
1212 5739 1258 5771 “
1297 5737 1486 5795 Matth.
1520 5755 1608 5805 iv,
1643 5738 1786 5811 1,2;
1823 5738 1987 5794 Marc.
2020 5756 2071 5806 ι,
2111 5740 2290 5807 12,15.
