3908 6266
239 301 338 356 ῠῖἹ

1155 301 1807 362 DEMONSTRA'I'IONIS
1843 301 2298 362 ενΑΝοΕιλοΕ
2338 304 2465 364 LIB.
2506 306 2598 364 IX.

3393 284 3498 371 crs

238 416 464 481 ἐλπιεῖς.
517 416 705 489 Ὀπλῳ
733 413 1003 471 κυκλώσει
1031 434 1090 472 σε
1114 418 1148 491 ή
1178 418 1405 492 ἀλήθεια
1434 422 1598 476 αὑτοῦ
1618 439 1631 453 ·
1668 441 1687 474 ι
1721 423 1813 475 καὶ

1919 420 1970 475 in
1992 419 2213 475 deserto
2235 425 2743 489 commorationem,
2768 439 2892 480 eum
2917 424 2985 481 ad
3006 426 3183 497 ipsum
3207 426 3452 483 dicerent
3479 450 3492 484 :

236 508 536 581 ἐπειδήπερ
581 509 817 581 ἡμέραις
857 511 1270 583 τεσσαράκοντα
1321 513 1416 566 καὶ
1457 516 1580 578 ταῖς
1626 514 1818 568 τοσαύ-

232 619 354 666 ταις
399 601 553 667 νυξὶν
596 602 939 674 ὲπειράζετο,
981 606 1105 677 περὶ
1139 604 1241 675 μὲν
1271 605 1380 660 τῶν
1420 608 1561 677 ἀμφὶ
1592 606 1691 670 τὰς
1722 607 1817 660 νύ-

234 709 368 755 κτας
404 692 669 745 ἐπιόντων
710 691 859 763 αύτῷ
890 692 1171 747 λέλεκταιο
1209 713 1228 745 ι
1266 696 1339 747 Οὐ
1386 696 1672 769 φοϐηθήσῃ
1710 697 1818 750 ἀπὸ

234 782 402 853 φόϐου
445 784 797 857 νυκτερινοῦ’
842 803 861 835 ι
897 786 1023 856 περὶ
1053 786 1109 839 δὲ
1146 786 1255 839 τῶν
1288 788 1432 858 ἀμφὶ
1475 787 1576 852 τὰς
1605 789 1818 860 ἡμέρας

236 876 397 930 αὐτὸν
443 877 851 949 πολεμούντων,
894 878 973 943 τὸ,
1023 898 1041 929 ι
1081 880 1212 933 Ἀπὸ
1264 881 1451 951 βέλους
1502 884 1816 952 πετωμένου

236 967 480 1038 ἡμέρας·
520 987 539 1020 ι
575 970 669 1023 καὶ
706 965 862 1031 αὖθις
889 970 1018 1041 περὶ
1053 972 1151 1041 μὲν
1175 971 1283 1025 τῶν
1315 973 1374 1026 ἐν
1401 973 1585 1026 νυκτί·
1623 993 1642 1024 ι
1687 975 1819 1028 Ἀπὸ

236 1058 567 1130 πράγματος
592 1060 651 1113 ἐν
682 1060 861 1113 σκότει
889 1059 1349 1133 διαπορευομένου
1368 1078 1381 1092 ·
1419 1082 1435 1114 ι
1471 1063 1599 1134 περὶ
1626 1063 1682 1116 δὲ
1709 1063 1817 1117 τῶν

232 1150 288 1203 ὲν
305 1150 530 1223 ἡμέρῳ
555 1170 572 1201 ι
599 1150 729 1204 Ἀπὸ
755 1150 1158 1223 συμπτώματος
1181 1153 1276 1206 καὶ
1298 1153 1575 1226 δαιμονίου
1605 1173 1820 1227 μεσημ-

230 1239 439 1311 ϐρινοῦ.
485 1261 505 1293 ι
560 1238 672 1296 Εἶτ’
719 1243 948 1316 ἐπείπερ
992 1246 1050 1298 ὲν
1092 1245 1169 1315 τῷ
1222 1245 1504 1317 πειράζειν
1560 1247 1817 1318 δυνάμεις

230 1336 472 1407 πονηραὶ
502 1335 764 1389 ὲκύκλουν
792 1336 974 1402 αὐτὸν,
1004 1338 1097 1390 καὶ⁸
1123 1340 1177 1392 αἱ
1201 1339 1299 1410 μὲν
1331 1339 1399 1393 τὰ
1428 1340 1576 1406 δεξιά
1611 1341 1818 1412 πλευρά

232 1430 483 1498 συνεῖχον
516 1426 704 1492 αὑτοῦ,
742 1428 877 1482 πολὺ
905 1428 963 1482 δὲ
998 1429 1213 1495 πλείους
1249 1432 1357 1485 τῶν
1391 1433 1711 1504 ἀριστερῶν,
1744 1435 1818 1498 ὡς

238 1518 305 1572 ἂν
335 1518 734 1593 κρατερώτερα
763 1520 860 1590 μὲν
897 1521 965 1575 τὰ
994 1520 1163 1587 δεξιὰ.
1196 1525 1419 1589 εἰκότως
1459 1525 1605 1596 αύτῷ
1639 1525 1818 1579 ἐπιλέ-

232 1628 393 1680 γεται
419 1629 435 1642 ·
476 1631 496 1663 ι
548 1613 807 1666 Πεσεῖται
854 1614 917 1666 ὲκ
957 1613 1049 1667 τοῦ
1104 1615 1317 1680 κλίτους
1362 1634 1453 1671 σου
1497 1618 1673 1688 χιλιὰς
1726 1620 1818 1672 καὶ

235 1701 439 1775 μυριὰς
471 1703 537 1757 ἐκ
568 1703 758 1771 δεξιῶν
785 1723 880 1760 σου
898 1725 910 1737 ο
946 1707 1081 1779 πρὸς
1106 1708 1165 1761 σὲ
1191 1708 1245 1762 δὲ
1267 1710 1365 1762 ούκ
1391 1711 1580 1779 ὲγγιεῖ.
1602 1730 1618 1760 ι
1654 1710 1817 1763 «Κλί-

224 1811 361 1859 τους
408 1814 428 1847 ι
469 1795 592 1848 ἀντὶ
611 1795 704 1849 τοῦ
733 1798 1018 1870 ἀριστεροῦ
1041 1799 1448 1871 ὠνομασμένον,
1477 1817 1819 1871 παρασεσιω-

233 1884 483 1956 πημένου
518 1884 575 1939 δὲ
597 1886 817 1951 είκότως
839 1888 1220 1961 τοῦλόνόματος
1260 1890 1351 1943 τοῦ
1385 1891 1693 1963 ἀριστεροῦ,
1740 1891 1818 1961 τῷ

228 1978 405 2051 μηδὲν
429 1979 640 2043 σκαιὸν,
677 1980 810 2051 μηδὲ
842 1982 1127 2052 ἀριστερὸν
1167 1981 1514 2053 εὑρίσκεσθαι
1556 1984 1615 2035 ὲν
1646 1981 1812 2052 αὐτῷ.

232 2071 346 2124 Καὶ
377 2070 570 2143 ἐπειδὴ
601 2072 695 2144 ὅλη
726 2071 940 2145 μυριὰς.
978 2072 1113 2144 ὁμοῦ
1142 2072 1198 2126 δὲ
1226 2073 1321 2127 καὶ
1354 2072 1528 2144 χιλιὰς
1554 2073 1617 2127 ἐκ
1641 2091 1699 2127 τε
1721 2074 1816 2127 τοῦ

230 2162 454 2226 κλίτους
488 2162 655 2217 αὐτοῦ
684 2165 779 2217 καὶ
815 2165 923 2217 ἀπὸ
951 2164 1058 2218 τῶν
1095 2163 1282 2230 δεξιῶν
1316 2165 1599 2219 πεσεῖσθαι
1629 2165 1817 2235 λέγον-

229 2270 343 2318 ται,
378 2254 610 2319 εἰκότως
643 2255 735 2309 ἐπὶ
770 2255 980 2320 τούτοις
1019 2256 1147 2327 ἑξῆς
1186 2257 1432 2326 εἴρηται·
1468 2275 1488 2307 ι
1528 2256 1674 2328 Πλὴν
1703 2260 1818 2321 τοῖς

230 2343 537 2416 ὀφθαλμοῖς
579 2362 673 2399 σου
719 2348 1095 2419 κατανοήσεις,
1129 2347 1221 2401 καὶ
1253 2347 1603 2403 ἀνταπόδοσιν
1647 2350 1822 2420 ἀμαρ-

228 2436 422 2491 τωλῶν
472 2436 615 2506 ὄψει.
663 2456 681 2490 ι
718 2439 829 2492 Καὶ
871 2438 1022 2492 ἔσται
1088 2438 1291 2504 ταῦτα,
1352 2440 1505 2511 φησὶ,
1584 2440 1713 2511 περὶ
1757 2441 1819 2494 σὲ

224 2527 325 2583 τὸν
360 2528 600 2601 Χριστὸν
619 2529 713 2584 τοῦ
725 2530 881 2597 Θεοῦ,
910 2549 927 2583 ι
954 2532 1249 2602 ἐπειδήπερ
1270 2532 1332 2586 σὺ
1356 2552 1374 2585 ι
1400 2533 1580 2597 αὐτὸς,
1614 2527 1659 2586 ὦ
1693 2532 1808 2586 Κύ-

232 2637 342 2693 ριε,
369 2621 430 2686 ὃς
457 2622 745 2694 τυγχάνεις
765 2622 839 2676 ὢν
869 2624 940 2695 ἠι
973 2623 1079 2695 ἐμὴ
1114 2623 1286 2688 ἐλπὶς,
1309 2624 1400 2677 τὸν
1424 2624 1682 2694 Ὕψιστον
1696 2624 1817 2679 ἔθου

227 2714 560 2786 καταφυγήν
594 2730 709 2770 σου.
741 2733 760 2767 ι
794 2714 961 2769 Ἔνθα
994 2717 1087 2770 καὶ
1113 2717 1445 2787 ἐπιστήσεις,
1474 2715 1594 2770 τίνα
1619 2716 1818 2789 τρόπον

222 2803 257 2855 ὃ
283 2806 574 2876 προφήτης
619 2805 757 2877 πρὸς
800 2806 961 2859 αὐτὸν
1010 2806 1101 2860 τὸν
1145 2806 1349 2878 Κύριόν
1390 2824 1588 2879 φησιν·
1632 2826 1652 2859 ι
1698 2807 1817 2861 ’Ὀτι

230 2895 323 2958 σὺ,
351 2895 528 2967 Κύριε
560 2896 720 2959 ἐλπίς
764 2915 886 2969 μου,
923 2897 1014 2950 τὸν
1044 2898 1303 2969 Ὕψιστον
1342 2899 1465 2953 ἔθου
1498 2900 1817 2972 καταφυγήν

231 3001 351 3049 σου,
388 3004 407 3037 ι
446 2985 671 3056 διαιρῶν
700 2985 942 3056 ἀκριϐῶς
970 2985 1156 3058 ἕτερον
1186 2987 1330 3053 ίδίως
1360 2988 1581 3060 Κύριον,
1611 2990 1704 3043 καὶ
1728 2990 1818 3043 τὸν

230 3077 427 3131 τούτου
454 3077 673 3149 Πατέρα
716 3077 848 3131 Θεὸν
892 3077 1114 3148 ὕψιστον
1135 3096 1149 3109 ⁸
1183 3079 1262 3133 διὸ
1293 3081 1591 3152 ἐπειδήπερ
1633 3081 1814 3144 αὑτὸν,

220 3174 311 3236 ὡς
354 3172 579 3243 Πατέρα
619 3171 716 3225 καὶ
754 3171 886 3225 Θεὸν
928 3170 1150 3241 ὕψιστον
1198 3172 1519 3243 καταφυγὴν
1563 3172 1756 3226 ἑαυτοῦ
1787 3175 1815 3226 ὁ

231 3264 472 3336 Χριστὸς
498 3263 757 3327 τέθειται,
787 3262 1035 3317 λέλεκται
1061 3262 1209 3333 αὐτῷ
1249 3263 1330 3328 τὸ,
1367 3281 1386 3313 ι
1424 3264 1496 3316 Οὐ
1533 3263 1818 3335 προσελεύ-

234 3373 392 3411 σεται
424 3355 563 3428 πρὸς
592 3355 655 3409 σὲ
686 3356 852 3421 κακὰ,
882 3356 975 3409 καὶ⁵
1016 3355 1212 3426 μάστιξ
1239 3355 1340 3409 οὐκ
1366 3356 1540 3424 ἐγγιεῖ
1572 3356 1650 3427 τῷ
1686 3373 1817 3429 σκη-

230 3445 449 3518 νώματι
475 3462 590 3499 σου.
617 3446 737 3499 Ὀτι
760 3448 874 3509 τοῖς
901 3445 1152 3514 ἀγγέλοις
1182 3444 1346 3498 αὑτοῦ
1373 3445 1666 3499 ἐντελεῖται
1690 3448 1817 3518 περὶ⁵

233 3538 354 3604 σοῦ,
388 3537 487 3592 τοῦ
533 3535 854 3608 διαφυλάξαι
906 3553 965 3590 σε
1006 3539 1064 3590 ὲν
1112 3538 1314 3600 πάσαις
1357 3539 1474 3600 ταῖς
1520 3536 1659 3601 ὁδοῖς
1697 3553 1812 3591 σου.

244 3630 373 3686 Ἐπὶ
403 3628 606 3703 χειρῶν
643 3628 835 3701 ἀροῦσί
862 3645 943 3694 σε,
976 3630 1183 3701 μήποτε
1225 3627 1540 3701 προσκόψῃς
1580 3628 1716 3699 πρὸς
1740 3628 1819 3682 λί-

232 3726 326 3781 θον
354 3725 451 3779 τὸν
482 3724 621 3778 πόδα
644 3739 761 3777 σου.
793 3742 812 3774 ι
847 3722 960 3775 Καὶ
987 3719 1261 3790 ἐπιμελῶς
1287 3706 1523 3790 γελτήρει
1552 3719 1670 3773 τίνα
1698 3719 1817 3792 τρόο

236 3832 339 3870 πον
368 3817 429 3869 ὲν
470 3812 573 3884 τῷ,
620 3832 640 3864 ι
679 3813 801 3865 Ὅτι
836 3810 924 3874 σὺ,
956 3808 1130 3881 Κύριε
1173 3808 1327 3872 ἐλπίς
1372 3825 1497 3879 μου,
1538 3809 1628 3864 τὸν
1657 3808 1817 3879 ’Ὑψι-

238 3925 366 3964 στον
412 3906 539 3961 ἔθου
570 3905 892 3975 καταφυγήν
938 3919 1054 3967 σου,
1086 3921 1105 3954 ι
1133 3901 1224 3962 τὸ,
1256 3921 1275 3952 ι
1307 3901 1499 3973 Κύριε.
1532 3920 1551 3951 δ
1602 3900 1695 3954 διὰ
1720 3901 1814 3955 τοῦ

235 4000 666 4075 τετραγράμμου
718 3998 979 4069 ὀνόματος
1013 3998 1070 4050 ὲν
1119 3993 1196 4065 τῷ
1251 3992 1517 4066 Ἐϐραῖκῷ
1568 3993 1813 4066 φέρεται,

234 4093 374 4167 ὅπερ
423 4089 802 4161 ἀνεκφὼνητον
842 4084 981 4142 εἶναι
1012 4086 1259 4155 λέγοντες
1301 4086 1562 4157 Ἐϐραίων
1603 4087 1811 4152 παῖδες,

238 4187 331 4242 ἐπὶ
361 4186 526 4258 μόνου
553 4182 644 4237 τοῦ
680 4180 817 4236 Θεοῦ
849 4178 1297 4252 παραλαμϐάνειν
1341 4177 1621 4231 εἰώθασινο
1655 4181 1813 4249 ἡμεῖς

237 4279 295 4335 δὲ
325 4278 425 4333 καὶ
452 4276 545 4330 ἐπὶ
572 4278 671 4345 τῆς
699 4272 792 4328 τοῦ
832 4273 1004 4340 Λόγου
1043 4271 1293 4342 θεότητος
1317 4272 1374 4324 ὲν
1393 4269 1669 4334 πλείσταις
1699 4271 1811 4323 κεί-

243 4386 406 4443 μενον
452 4368 696 4440 Γραφαῖς
739 4362 1226 4437 προαπεδείξαμεν,
1261 4362 1449 4431 ὥσπερ
1502 4364 1595 4415 καὶ
1636 4364 1696 4415 ὲν
1738 4361 1814 4433 τῷ

1924 530 1945 564 ι
1977 510 2116 577 Quid
2149 513 2308 567 nobis
2328 522 2381 568 et
2408 515 2502 569 tibi
2529 513 2656 571 Jesu
2681 555 2696 579 ,
2738 516 2841 572 Fili
2875 517 2969 574 Dei
3000 520 3046 552 ³⁵
3073 519 3098 573 ἲ
3122 539 3141 572 ι
3172 519 3297 576 llaec
3331 520 3496 592 igitur

1923 603 1992 657 de
2023 603 2110 658 his
2146 604 2293 658 dicta
2339 616 2488 659 sunt.
2521 605 2654 672 Quae
2701 624 2831 663 vero
2876 609 3138 681 deinceps
3184 613 3238 665 in
3283 614 3496 682 psalmo

1923 704 2250 766 sequuntur,
2279 698 2344 751 ad
2373 697 2548 767 ipsum
2578 698 2854 754 Christum
2886 703 3242 757 enuntiantur
3271 721 3336 758 ex
3365 705 3493 762 illo:

1926 806 1945 838 ι
1983 786 2038 840 In
2093 789 2334 857 scapulis
2385 790 2503 843 suis
2552 790 2901 845 obumbrabit
2947 794 3078 857 tibi,
3125 812 3142 844 ι
3177 796 3495 851 Altissimus

1921 879 2207 943 videlicet,
2240 900 2259 931 ι
2288 888 2342 935 ct
2368 882 2472 935 sub
2498 882 2598 936 alis
2627 882 2745 949 ejus
2774 884 3048 952 sperabis,
3077 893 3232 940 scuto
3259 887 3495 941 circum-
3526 914 3531 922 -

1920 970 2070 1024 dabit
2117 980 2170 1025 te
2208 973 2412 1027 veritas
2450 976 2570 1041 ejus
2595 1013 2608 1036 ,
2645 993 2662 1024 ι
2685 984 2737 1029 et
2768 977 3025 1044 quoniam
3066 978 3259 1031 diebus
3292 994 3357 1033 η
3389 993 3491 1033 no-

1920 1062 2213 1130 ctibusque
2246 1063 2470 1117 totidem
2508 1072 2748 1119 tentatus
2784 1074 2900 1130 est,
2933 1068 3001 1122 de
3034 1068 3099 1122 iis
3132 1070 3352 1138 quidem
3394 1074 3485 1140 qui

1918 1161 2084 1207 noctu
2112 1155 2261 1208 illum
2290 1154 2638 1219 invadebant,
2663 1156 2868 1210 dictum
2893 1166 2978 1211 est
3001 1156 3067 1211 ad
3096 1160 3306 1228 ipsum:
3331 1179 3349 1209 ι
3374 1160 3494 1217 Νοιι

1920 1245 2145 1301 timebis
2176 1260 2204 1298 a
2235 1246 2431 1300 timore
2465 1255 2732 1302 nocturno
2760 1266 2773 1313 ;
2809 1268 2826 1300 ι
2853 1248 2921 1302 de
2956 1249 3024 1303 iis
3052 1265 3182 1305 vero
3212 1251 3305 1320 qui
3334 1267 3490 1306 cum-

1919 1336 2039 1391 dem
2072 1352 2168 1407 per
2196 1338 2340 1393 diem
2371 1341 2794 1409 oppugnabant,
2830 1340 2963 1394 illud
2993 1361 3007 1396 :
3048 1359 3066 1391 ι
3099 1341 3142 1394 Λ
3173 1343 3367 1413 sagitta
3399 1359 3495 1399 ro-

1918 1430 2065 1484 lante
2105 1430 2159 1483 in
2196 1430 2283 1485 die
2309 1448 2323 1497 ;
2351 1450 2369 1483 ι
2395 1432 2522 1486 item
2565 1432 2633 1487 de
2669 1434 2955 1488 nocturnis
3002 1433 3144 1498 illis,
3190 1433 3365 1489 illud:
3396 1455 3415 1487 ι
3448 1436 3495 1490 Α

1918 1521 2141 1590 negotio
2167 1524 2584 1591 perambulante
2612 1525 2667 1579 in
2694 1525 2970 1591 tenebris;
2999 1544 3017 1577 ›
3040 1526 3107 1580 de
3128 1525 3341 1581 diurnis
3363 1543 3495 1583 vero

1919 1612 2050 1667 illud
2078 1633 2089 1667 :
2121 1630 2139 1664 ι
2176 1614 2259 1669 Ab
2292 1616 2513 1670 incmsu
2546 1627 2598 1670 et
2625 1616 2893 1672 dmmonio
2924 1618 3249 1674 meridiano.
3286 1639 3304 1671 ι
3330 1619 3492 1692 435

1918 1704 1998 1758 Ad
2042 1706 2176 1770 haec,
2217 1709 2476 1777 quoniam
2513 1708 2640 1762 dum
2680 1709 3017 1773 tentabatur,
3052 1710 3304 1779 malignae
3340 1718 3496 1781 pote-

1919 1804 2088 1853 states
2116 1799 2265 1852 illum
2292 1801 2721 1855 circumstabant
2740 1841 2755 1863 ,
2779 1809 2832 1856 et
2860 1818 2978 1872 qua:
3004 1802 3220 1872 quidem
3249 1804 3394 1859 illius
3422 1804 3493 1858 la-

1917 1896 2008 1944 tus
2032 1889 2283 1944 dextrum
2313 1892 2607 1959 stipabant,
2632 1891 2872 1947 sinistris
2897 1894 3065 1945 multo
3091 1893 3274 1961 plures
3298 1901 3455 1948 erant
3473 1933 3489 1960 ,

1918 1988 2104 2051 utpote
2150 1988 2273 2037 cum
2319 1983 2510 2039 dextra
2553 1985 2711 2054 longe
2762 1984 2872 2039 sint
2909 1984 3244 2047 valentiora.
3293 1986 3493 2042 merito

1918 2072 2235 2143 adiungitur
2250 2073 2316 2127 ad
2346 2073 2597 2128 eumdem
2621 2092 2634 2127 :
2661 2093 2678 2124 ι
2708 2072 2915 2128 Cadent
2942 2089 2970 2128 a
3002 2075 3171 2130 latere
3199 2082 3292 2130 tuo
3322 2075 3489 2140 mille,

1919 2171 1974 2219 et
2005 2163 2193 2219 decem
2223 2164 2392 2219 millia
2424 2178 2454 2217 a
2485 2164 2693 2219 dextris
2718 2164 2828 2220 tuis
2850 2204 2865 2229 ,
2889 2166 2954 2219 ad
2981 2173 3032 2221 te
3054 2174 3234 2222 autem
3259 2180 3367 2222 non
3397 2182 3494 2237 ap-

1917 2255 2327 2325 propinquabit.
2354 2274 2373 2307 ι
2400 2253 2504 2309 Ubi
2546 2273 2564 2305 ι
2590 2269 2621 2308 a
2665 2255 2833 2311 latere
2864 2274 2883 2308 ι
2912 2256 3121 2311 dictum
3161 2265 3269 2324 est,
3300 2272 3400 2328 pro
3425 2272 3494 2313 eo

1916 2343 2064 2414 quod
2086 2350 2166 2399 est
2198 2359 2227 2397 a
2256 2343 2504 2399 sinistro.
2533 2343 2671 2398 Cum
2703 2355 2883 2400 autem
2910 2360 3107 2401 nomen
3135 2346 3350 2402 sinistri
3377 2362 3492 2402 me-

1916 2437 2026 2491 rito
2051 2435 2483 2507 praetermissum
2515 2436 2589 2491 sit
2619 2451 2683 2489 ac
2709 2437 2972 2503 tacitum,
2998 2453 3067 2492 ne
3096 2437 3313 2493 adversi
3338 2437 3495 2507 quid-

1916 2528 2061 2598 piam
2094 2534 2190 2582 aut
2225 2528 2437 2583 sinistri
2476 2527 2530 2582 in
2563 2528 2657 2583 illo
2689 2528 2913 2599 reperiri
2949 2530 3223 2592 videatur,
3255 2544 3494 2602 cumque

1918 2626 2033 2673 tota
2063 2618 2251 2674 decem
2281 2618 2451 2674 millia
2471 2658 2487 2681 ,
2518 2634 2729 2674 necnon
2759 2620 2877 2690 ipsa
2908 2620 3088 2686 mille,
3120 2628 3238 2675 tum
3264 2635 3297 2677 ει
3321 2620 3491 2678 latere

1916 2712 2038 2780 ejus
2057 2750 2072 2774 ,
2101 2717 2214 2764 tum
2243 2726 2272 2764 a
2299 2710 2510 2766 dextris
2535 2724 2731 2766 casura
2755 2727 2880 2767 esse
2906 2711 3183 2779 dicantur,
3208 2711 3335 2781 jure
3356 2711 3494 2784 opti-

1918 2815 2008 2854 mo
2046 2808 2171 2871 post
2199 2801 2318 2871 ipsa
2349 2801 2465 2857 hare
2491 2802 2751 2872 deinceps
2785 2802 2989 2856 dictum
3021 2810 3105 2857 est
3138 2802 3272 2857 illud
3299 2823 3312 2859 :
3339 2823 3358 2856 ι
3387 2801 3492 2861 Ve-

1917 2900 2226 2948 rumtamen
2264 2895 2439 2950 oculis
2475 2894 2586 2950 tuis
2627 2893 3038 2957 considerabis,
3088 2901 3144 2950 et
3176 2895 3494 2950 retributio-

1920 3000 2041 3040 nem
2076 2997 2425 3055 peccatorum
2457 2984 2690 3040 videbis.
2720 3005 2738 3037 ι
2766 2985 2831 3039 Et
2859 2986 2976 3041 haec
2995 3025 3010 3051 ,
3039 2986 3256 3057 inquit,
3282 2988 3494 3042 circum

1920 3084 1975 3133 te
2000 3083 2193 3143 erunt,
2224 3077 2319 3147 qui
2348 3092 2408 3133 es
2434 3076 2691 3134 Christus
2719 3077 2849 3141 Dei,
2879 3098 2897 3129 «ι
2922 3078 3183 3148 quoniam
3208 3085 3266 3135 tu
3291 3097 3309 3131 ι
3332 3077 3453 3148 ipse.
3472 3117 3491 3143 ,

1922 3171 2016 3241 qui
2065 3186 2126 3226 es
2164 3190 2181 3220 ι
2214 3185 2340 3240 spes
2388 3184 2542 3234 mea,
2576 3170 2920 3225 Altissimum
2953 3169 3184 3239 posuisti
3223 3167 3493 3240 refugium

1924 3270 2098 3317 tuum.
2130 3260 2277 3317 )Ubi
2331 3262 2497 3315 etiam
2554 3261 2845 3332 diligenter
2889 3261 3210 3317 observabis
3254 3275 3494 3332 quonam

1921 3362 2081 3424 pacto
2113 3354 2377 3424 prepheta
2416 3352 2485 3407 ad
2528 3353 2707 3424 ipsum
2758 3352 3045 3407 Dominum
3076 3353 3262 3409 dicat:
3294 3370 3314 3405 ι
3345 3353 3496 3420 Quo-

1923 3447 2065 3500 niam
2085 3452 2164 3507 tu,
2199 3443 2582 3513 Daminc,spes
2619 3459 2758 3510 mea,
2784 3444 3123 3498 Altissimum
3151 3444 3377 3513 posuisti
3403 3458 3497 3500 re-

1923 3536 2132 3607 fugium
2166 3545 2356 3592 tuum:
2393 3553 2412 3587 ι
2448 3535 2538 3590 ubi
2567 3535 2839 3605 exquisite
2873 3535 3106 3589 alterum
3128 3574 3143 3599 ,
3176 3535 3270 3605 qui
3309 3534 3494 3604 priva-

1921 3630 2019 3684 tim
2053 3635 2139 3683 est
2167 3627 2464 3692 Dominus,
2500 3627 2569 3682 ab
2599 3629 2770 3682 altero
2803 3627 3091 3697 distinguit
3122 3628 3216 3709 qui
3247 3635 3302 3683 et
3328 3628 3493 3697 hujus

1923 3722 2097 3792 ipsius
2127 3728 2212 3776 est
2247 3719 2438 3785 Pater,
2467 3729 2522 3775 et
2550 3728 2812 3790 praeterea
2836 3718 2977 3775 Deus
3018 3719 3321 3775 altissimus
3357 3719 3497 3775 dici-

1923 3823 2049 3870 tur:
2101 3821 2456 3885 quapropter,
2505 3829 2630 3869 cum
2678 3813 2830 3867 illum
2880 3819 2944 3866 ut
3005 3810 3264 3875 Patrem,
3323 3824 3493 3883 utque

1921 3907 2091 3960 Deum
2131 3906 2459 3962 altissimum
2487 3944 2502 3969 ,
2544 3903 2813 3975 refugium
2859 3919 3057 3967 suum,
3094 3902 3348 3959 Christus
3388 3918 3493 3975 po-

1923 3997 2126 4063 suerit,
2163 3996 2369 4052 dictum
2408 4003 2495 4051 est
2532 3998 2583 4050 ei
2630 3994 2763 4049 illud
2793 4014 2805 4049 :
2834 4013 2851 4046 ι
2879 3992 2999 4048 Νοιι
3032 3994 3294 4049 accedent
3332 3993 3401 4048 ad
3437 4000 3492 4048 te

1922 4087 2063 4141 mala
2083 4125 2098 4148 ,
2126 4092 2181 4140 ct
2209 4083 2482 4154 ﬂagellum
2512 4099 2621 4138 non
2649 4084 3110 4155 appropinquabit
3138 4083 3493 4140 tabernaculo

1921 4186 2035 4232 tuo.
2070 4176 2339 4244 Quoniam
2372 4177 2582 4246 angelis
2613 4177 2729 4231 suis
2760 4176 3040 4231 mandabit
3066 4175 3137 4232 de
3158 4186 3248 4241 te,
3288 4183 3351 4231 ut
3394 4191 3494 4241 cu-

1921 4269 2159 4325 stodiant
2192 4277 2244 4324 te
2275 4268 2329 4322 in
2357 4269 2614 4323 omnibus
2639 4269 2742 4322 viis
2767 4268 2896 4323 tuis.
2931 4267 2986 4321 In
3016 4269 3268 4323 manibus
3298 4276 3487 4338 porta-

1919 4361 2056 4415 bunt
2077 4368 2161 4425 te,
2184 4375 2253 4415 ne
2278 4359 2419 4413 forte
2438 4358 2684 4414 olIendas
2709 4357 2775 4412 ad
2801 4357 3030 4428 lapidem
3058 4359 3248 4428 pedem
3275 4366 3486 4413 tuum.)

245 4461 386 4535 μετὰ
422 4462 610 4532 χεῖρας
653 4454 873 4527 ψαλμῷ,
907 4455 967 4519 ὃς
1010 4471 1174 4526 φησιν
1202 4455 1281 4517 είς
1326 4453 1612 4525 πρόσωπον
1651 4452 1814 4507 αὐτοῦ

1922 4451 1987 4505 Ει
2016 4468 2149 4508 sane
2178 4454 2470 4524 diligenter
2503 4453 2736 4507 observa
2766 4465 3003 4521 quonam
3035 4450 3235 4513 modo,
3266 4451 3322 4514 in
3355 4451 3485 4509 illo:

240 4556 332 4611 τοῦ
370 4551 616 4625 Κυρίου*
658 4569 677 4601 ι
719 4550 838 4603 Ὀτι
872 4548 958 4611 σὺ,
988 4546 1160 4618 Κύριε
1187 4544 1339 4609 ἐλπίς
1382 4563 1504 4616 μου,
1538 4545 1627 4598 τὸν
1661 4545 1816 4615 Ὕψι-

1925 4564 1943 4597 ‹
1975 4544 2240 4610 Quoniam
2274 4554 2350 4612 tu,
2384 4543 2612 4597 Domine
2670 4557 2796 4611 spes
2826 4556 2967 4603 mea,
3018 4539 3357 4596 Altissimum
3392 4558 3490 4612 po-

244 4665 366 4703 στον
399 4645 526 4700 ἔθου
568 4644 891 4713 καταφυγήν
921 4658 1014 4695 σου
1036 4658 1049 4672 ο
1095 4659 1114 4692 ι
1148 4640 1429 4711 μονονουχὶ
1454 4639 1657 4707 λέγων·
1697 4640 1819 4692 Ὂτι

246 4740 309 4793 σὺ
347 4738 534 4801 αὐτὸς,
565 4730 610 4789 ὦ
639 4735 834 4808 Κύριε,
867 4733 926 4797 ὃς
959 4731 1093 4805 ἐμοῦ
1119 4731 1215 4784 τοῦ
1257 4730 1430 4784 ταῦτα
1461 4729 1823 4801 προφητεύον-

243 4849 331 4897 τος
357 4831 519 4894 ἐλπὶς
544 4828 620 4883 ὢν
648 4827 954 4899 τυγχάνεις,
987 4823 1210 4897 μείζονα
1246 4822 1440 4875 σαυτοῦ
1462 4822 1553 4875 τὸν
1576 4822 1707 4875 Θεὸν
1727 4821 1818 4875 τὸν

248 4922 469 4994 ὕψιστον
502 4919 653 4984 εἰδὼς
700 4921 925 4982 ἐκεῖνον,
966 4916 1126 4971 αὑτὸν
1171 4913 1294 4967 ἔθου
1331 4913 1650 4982 καταφυγήν
1692 4928 1816 4964 σου·

246 5013 363 5070 ὅθεν
406 5013 503 5069 καὶ
532 5015 592 5067 ὲν
634 5012 775 5083 ἀρχῇ
814 5009 1030 5077 ὲλέγετο
1059 5005 1153 5060 τοῦ
1183 5003 1398 5076 ψαλμοῦ
1433 5004 1559 5076 περὶ
1595 5004 1689 5057 τοῦ
1727 5004 1819 5058 αὑ-

248 5104 371 5159 τοῦο
423 5125 442 5159 ι
481 5105 542 5159 '0
586 5102 855 5159 κατοικῶν
919 5102 979 5154 ὲν
1029 5098 1248 5170 βοηθείᾳ
1289 5096 1384 5151 τοῦ
1423 5096 1700 5166 Ὑψίστου,
1758 5098 1816 5149 ὲν

250 5198 424 5272 σκέπῃ
472 5196 568 5252 τοῦ
611 5196 746 5250 Θεοῦ
794 5192 1026 5267 οὐρανοῦ
1071 5189 1476 5261 αύλισθήσεται.
1540 5190 1685 5260 Ἐρεῖ
1736 5186 1815 5258 τῷ

251 5293 467 5363 Κυρίῳ⁸
515 5289 884 5361 Ἀντιλήπτωρ
928 5303 1028 5357 μου
1058 5280 1109 5337 εἴ
1154 5284 1250 5337 καὶ
1283 5282 1569 5353 καταφυγή
1620 5297 1742 5352 μου,
1788 5283 1817 5333 ό

248 5385 377 5449 Θεός
412 5399 536 5454 μου,
571 5381 759 5453 βοηθός
795 5397 917 5451 μου,
948 5379 1045 5432 καὶ
1076 5373 1246 5429 ὲλπιῶ
1273 5375 1360 5427 ἐπ’
1386 5373 1566 5427 αὐτόν.
1598 5371 1815 5444 Ἐπειδὴ

250 5478 423 5539 τοίνυν
472 5478 560 5541 σὺ,
597 5468 645 5528 ὦ
676 5473 868 5545 Κύριε,
907 5472 998 5526 τὸν
1034 5469 1294 5538 Ὕψιστον
1338 5467 1458 5522 ἔθου
1495 5466 1816 5537 καταφυγήν

255 5588 366 5634 σου,
396 5590 415 5629 υ
433 5569 627 5625 τούτου
654 5569 813 5636 χάριν
842 5563 1003 5628 αὐτὸς
1019 5564 1048 5615 ὁ
1072 5561 1355 5633 ’Υψιστος,
1376 5560 1563 5633 metu
1589 5558 1812 5630 ῥύσεταί

321 5749 367 5783 ⁵⁸
401 5749 587 5805 Matth.
624 5764 755 5811 rm,
788 5748 871 5804 29-

1923 4634 2083 4689 suisti
2121 4634 2392 4703 refugium
2432 4640 2610 4698 tuum;
2641 4651 2658 4683 ι
2688 4630 2822 4685 illud
2857 4649 2870 4684 :
2903 4648 2919 4680 ι
2951 4628 3210 4692 Domine,
3241 4646 3260 4680 ι
3296 4644 3394 4699 per
3434 4630 3488 4686 id

1920 4743 2119 4783 nomen
2151 4727 2295 4796 quod
2327 4733 2563 4796 quatuor
2596 4723 2794 4778 litteris
2828 4728 3078 4784 constat,
3120 4722 3175 4775 in
3217 4719 3488 4776 Hebraico

1922 4820 2187 4886 scriptum
2221 4817 2323 4883 sit,
2364 4815 2512 4886 quod
2544 4830 2668 4870 cum
2710 4812 3105 4870 inenuntiabile
3142 4828 3265 4868 esse
3303 4811 3490 4867 dicant

1922 4909 2155 4971 Hebraei,
2188 4923 2289 4979 pro
2321 4908 2440 4963 solo
2473 4906 2580 4962 Deo
2609 4915 2663 4962 et
2692 4904 2855 4960 Patre
2884 4920 3150 4975 usurpare
3178 4919 3483 4961 consueve-

1918 5010 2085 5069 runt;
2126 5016 2227 5056 nos
2264 5007 2447 5054 autem
2491 4998 2634 5053 idem
2675 5011 2872 5051 nomen
2914 4994 3006 5049 ubi
3047 4995 3115 5050 de
3151 4991 3311 5049 Verbi
3351 5009 3489 5065 quo-

1919 5110 2027 5165 que
2077 5093 2366 5148 divinitate
2421 5091 2620 5161 agitur.
2676 5088 2732 5143 in
2782 5087 3036 5159 plurimis
3083 5087 3317 5157 positum
3365 5102 3489 5143 esse

1921 5185 2226 5256 Scripturis
2266 5190 2429 5238 antea
2469 5180 2969 5236 demonstravimus
2995 5220 3010 5244 ,
3052 5187 3113 5231 ut
3152 5178 3280 5233 item
3319 5177 3373 5231 in
3421 5192 3487 5233 eo

1918 5279 2133 5349 psalmo
2166 5277 2259 5347 qui
2296 5290 2445 5331 nunc
2478 5275 2532 5329 in
2574 5274 2829 5329 manibus
2857 5281 2976 5337 est,
3009 5273 3104 5342 qui
3144 5271 3221 5325 ait
3244 5271 3315 5327 'in
3360 5286 3485 5344 pcr-

1920 5384 2113 5425 sonam
2166 5368 2344 5439 ipsius
2396 5366 2616 5421 Domini
2683 5384 2750 5421 ιι
2784 5364 3055 5431 Quoniam
3104 5370 3204 5428 tu,
3257 5361 3506 5424 Domine.

1917 5475 2046 5532 spes
2093 5475 2235 5523 mea,
2277 5458 2620 5514 Altissimum
2657 5455 2889 5528 posuisti
2924 5454 3196 5526 refugium
3233 5461 3425 5521 tuum,
3458 5473 3482 5510 ι

1917 5564 2183 5627 tanquam
2213 5553 2263 5610 si
2297 5553 2545 5610 diceret:
2578 5549 2849 5619 Quoniam
2877 5556 2938 5608 tu
2969 5549 3120 5621 ipse,
3149 5564 3185 5606 ο
3216 5547 3447 5608 Domino
3467 5588 3485 5617 ,

2504 5716 2549 5749 ο
