3908 6266
501 290 605 346 679

1111 285 1381 344 EUSEBII
1417 285 1894 346 CAESARIENSIS
1930 290 2082 349 OPP.
2125 289 2323 351 PARS.
2355 288 2419 345 Il.
2455 321 2524 331 -
2561 286 3059 345 APOLOGETICA.

3621 291 3722 347 680

499 402 594 471 qui
633 415 753 456 mea
791 416 916 472 spes
947 416 1007 455 es
1038 400 1338 455 divinantis
1369 402 1516 470 hate;
1550 403 1701 456 illum
1737 419 1767 457 a
1798 419 1909 474 quo
1939 405 2036 476 ἰρει

2158 425 2215 460 σε
2255 407 2318 458 ἐκ
2357 406 2582 474 παγίδος
2606 403 2887 476 θηρευτῶν
2915 406 3007 460 καὶ
3038 405 3144 459 ἀπὸ
3169 405 3326 475 λόγου
3357 406 3719 478 ταραχώδους,

497 508 559 547 es
624 491 790 547 Deum
849 492 1178 546 altissimum
1231 492 1419 558 nosti,
1457 500 1513 547 et
1551 493 1700 548 hunc
1739 494 1917 564 ipsum
1965 511 2062 565 po-

500 585 657 640 suisti
697 583 965 654 refugium
1007 590 1160 636 tuum
1188 625 1203 650 ,
1241 601 1306 638 ex
1342 599 1452 654 quo
1491 585 1654 640 etiam
1695 587 1752 640 in
1792 587 2061 658 principio

498 674 691 744 psalmi
721 673 789 727 de
823 674 1014 728 eodem
1048 674 1334 728 dicebatur
1361 694 1373 729 :
1404 694 1422 726 ι
1446 674 1548 740 Qui
1580 676 1792 731 habitat
1822 677 1879 731 in
1908 679 2061 747 adju-

496 766 638 819 torio
669 764 936 817 Altissimi
959 803 973 828 ,
1007 765 1059 818 in
1089 766 1428 833 protectione
1462 765 1556 821 Dei
1587 768 1710 822 coeli
1749 783 2059 825 commora-

493 856 658 909 bitur.
689 853 855 926 436
887 854 1037 909 Dicet
1071 854 1302 910 Domino
1322 897 1336 920 ,
1378 865 1663 924 susceptor
1697 875 1852 915 meus
1880 876 1939 917 es
1959 902 1974 929 ,
2004 870 2058 916 et

489 947 763 1018 refugium
815 963 1030 1011 meum,
1087 947 1228 1004 Deus
1274 965 1468 1015 meus,
1520 950 1738 1018 adjutor
1773 967 1961 1017 meus,
2005 962 2059 1009 et

489 1041 724 1110 sperabo
766 1041 819 1095 in
860 1054 1026 1096 eum':
1071 1043 1330 1111 quoniam
1381 1043 1550 1113 igitur
1587 1049 1678 1109 tu,
1717 1060 1750 1099 ο
1791 1044 2053 1112 Domine,

486 1133 830 1189 Altissimum
865 1134 1098 1202 posuisti
1140 1134 1405 1204 refugium
1446 1143 1633 1198 tuum,
1664 1156 1682 1188 ι
1711 1137 1934 1202 idcirco,
1971 1138 2056 1194 in-

485 1225 642 1294 quit,
679 1226 794 1294 ipse
824 1223 1146 1281 Altissimus
1174 1245 1193 1278 ι
1223 1226 1472 1281 liberabit
1505 1234 1558 1280 te
1598 1242 1626 1280 a
1666 1228 1859 1298 laqueo
1889 1246 2054 1285 vena-

484 1324 666 1370 torum
714 1324 766 1370 et
817 1317 887 1370 ab
933 1317 1181 1374 oratione
1225 1319 1576 1385 turbulenta,
1615 1328 1668 1375 et
1709 1322 1762 1374 in
1810 1322 2052 1392 scapulis

484 1409 600 1463 suis
631 1409 978 1463 obumbrabit
1013 1410 1130 1467 tibi.
1164 1430 1182 1462 ι
1213 1410 1560 1483 Quapropter
1590 1429 1714 1467 cum
1749 1413 1844 1467 tali
1882 1413 2051 1470 fultus

483 1501 562 1557 sis
601 1509 828 1572 paterno
861 1501 1130 1558 Altlssimi
1164 1505 1369 1561 auxilio
1391 1546 1404 1570 ,
1440 1524 1457 1558 ι
1489 1521 1600 1562 non
1645 1505 1862 1562 timebis
1907 1522 1938 1560 a
1983 1507 2052 1561 ti-

482 1609 635 1649 more
665 1603 961 1660 nocturno,
983 1614 1001 1647 ι
1031 1612 1210 1666 neque
1243 1599 1468 1654 omnino
1500 1616 1528 1653 a
1563 1599 1818 1670 quopiam
1858 1615 2050 1655 eorum

481 1700 602 1755 quae
630 1687 885 1756 praedicta
923 1696 1082 1755 sunt,
1114 1705 1178 1743 ac
1206 1705 1273 1745 ne
1302 1690 1371 1745 ab
1403 1692 1469 1747 iis
1499 1691 1718 1762 quidem
1745 1707 1865 1762 quae
1893 1692 2050 1747 dein-

2163 499 2254 552 καὶ
2286 500 2342 551 ἐν
2364 501 2472 560 τοῖς
2502 498 2856 568 μεταφρένοις
2882 495 3044 550 αὑτοῦ
3079 496 3384 550 ἐπισκιάσει
3415 515 3514 551 σοι.
3561 516 3579 549 ι
3609 500 3720 552 Διό-

2161 607 2264 660 περ
2292 588 2387 659 τὴν
2417 590 2668 660 τοιαύτην
2701 589 2838 658 ἔχων
2872 588 3139 662 πατρικὴν
3173 588 3264 641 τοῦ
3302 589 3555 658 Ὑψίστου
3604 589 3722 662 βοή-

2161 681 2326 744 θειαν,
2360 682 2420 733 ού
2455 680 2733 752 φοϐηθήσῃ
2768 679 2874 733 ἀπὸ
2906 679 3069 748 φόϐου
3096 679 3426 750 νυκτερινοῦ,
3461 679 3586 734 οὕτε
3621 681 3722 734 ἀπό

2157 788 2301 834 τινος
2333 770 2438 823 τῶν
2464 770 3022 843 προκατειλεγμένων,
3057 771 3189 824 ἀλλὰ
3219 771 3341 824 οὐδὲ
3369 773 3432 826 ἐκ
3457 772 3568 826 τῶν
3599 772 3718 844 ἑξῆς

2158 865 2596 937 ἐπιφερομένωνο
2656 882 2674 914 ‹
2730 864 2879 917 Ἐπεὶ
2931 882 2950 914 ι
2999 864 3107 936 γὰρ
3168 883 3187 915 ι
3235 865 3336 930 σὺ,
3385 866 3582 937 Κύριε,
3634 868 3718 920 τὸν

2160 955 2420 1025 ’Ὕψιστον
2455 956 2575 1009 ἔθου
2624 957 2944 1026 καταφυγήν
2989 974 3101 1021 σου,
3135 956 3224 1011 διὰ
3262 956 3418 1010 τοῦτο
3459 959 3523 1010 ού
3559 976 3718 1031 προσ-

2155 1051 2432 1106 ελεύσεται
2459 1053 2592 1124 πρός
2635 1070 2695 1106 σε
2729 1053 2895 1119 κακά,
2932 1054 3026 1106 καὶ
3068 1052 3263 1124 μάστιξ
3303 1054 3402 1107 οὐκ
3443 1054 3622 1122 ἐγγιεῖ
3647 1055 3717 1125 τῷ

2159 1141 2474 1212 σκηνώματί
2521 1159 2634 1194 σου.
2680 1161 2698 1192 ι
2744 1143 3030 1210 Μάστιγας
3074 1142 3130 1195 δὲ
3171 1142 3270 1206 τὰς
3310 1143 3418 1196 ἀπὸ
3450 1144 3715 1213 δαιμόνων

2154 1234 2434 1304 ἐνεργείας
2470 1234 2560 1286 καὶ
2592 1235 2650 1287 ἐν
2686 1236 2799 1297 τοῖς
2838 1233 3193 1302 Εύαγγελίοις
3220 1234 3629 1306 ὀνομαζομένας
3655 1235 3714 1288 ἂν

2152 1322 2352 1394 εὕροις,
2402 1323 2468 1388 ἃς
2512 1324 2634 1377 ούδέ
2682 1324 3000 1396 πλησιάζειν
3051 1325 3252 1396 τολμᾷν
3297 1325 3374 1396 τῷ
3403 1325 3714 1398 σκηνώματι

2149 1415 2243 1469 τοῦ
2291 1413 2546 1487 Χριστοῦ,
2588 1416 2830 1470 τουτέστι
2877 1415 2953 1488 τῷ
2997 1415 3205 1488 σώματι
3251 1418 3435 1484 αὐτοῦ,
3486 1418 3714 1482 δυνατάς

2150 1505 2290 1563 εἷναί
2323 1525 2474 1580 φησι.
2510 1509 2634 1574 Πῶς
2665 1509 2793 1582 γὰρ,
2828 1511 2916 1563 ὅτε
2961 1509 3104 1580 λόγῳ
3140 1511 3298 1580 μόνον
3335 1511 3508 1575 αὐτάς
3538 1511 3596 1578 ἐξ
3628 1513 3714 1565 άν-

2151 1601 2382 1674 θρώπων
2414 1603 2614 1674 ἧλασε;
2648 1602 2782 1674 Περὶ
2811 1603 2997 1657 τούτου
3033 1604 3090 1657 δὲ
3113 1603 3204 1657 τοῦ
3235 1604 3594 1675 σκηνώματος
3626 1607 3713 1659 καὶ

2149 1701 2176 1752 6
2225 1695 2388 1750 Δαϐίδ
2430 1713 2561 1748 ποτε
2616 1715 2634 1746 ι
2675 1695 2856 1766 ὤμοσε
2902 1698 2979 1768 τῷ
3027 1697 3233 1770 Κυρίῳ,
3270 1698 3364 1751 καὶ
3397 1698 3604 1770 ηὕξατο
3641 1699 3713 1770 τῷ

478 1793 608 1848 ceps
647 1778 962 1834 adduntur:
1005 1796 1131 1835 nam
1175 1801 1194 1834 ι
1227 1784 1484 1851 quoniam
1519 1761 1620 1850 tu,
1661 1761 1909 1850 Domine,
1952 1786 2036 1840 Al-

2147 1784 2264 1856 Θεῷ
2304 1784 2517 1849 Ἰακὼϐ,
2548 1805 2566 1837 ι
2615 1761 2812 1855 λέγων·
2857 1806 2875 1838 ι
2911 1761 2973 1841 Ei
3011 1761 3351 1860 ἀναϐήσομαι
3395 1761 3497 1843 ἐπὶ,
3532 1761 3714 1859 κλίνης

475 1870 754 1926 tissimum
802 1873 1037 1942 posuisti
1083 1873 1350 1945 refugium
1396 1884 1548 1930 tuum
1570 1916 1586 1940 ,
1612 1896 1630 1928 ι
1657 1876 1864 1931 idcirco
1893 1896 1912 1929 ι
1935 1893 2042 1931 non

477 1965 740 2020 accedent
783 1965 852 2019 ad
888 1972 943 2020 te
985 1967 1127 2019 mala
1151 2007 1164 2029 ,
1197 1975 1250 2022 et
1297 1967 1568 2038 ﬂagellum
1603 1984 1712 2023 non
1751 1969 2046 2039 appropin—

473 2059 664 2129 quahit
707 2059 1059 2114 tabernaculo
1092 2067 1205 2114 tuo.
1239 2079 1257 2106 ι
1287 2059 1522 2130 Flagella
1566 2077 1732 2130 porro
1771 2061 2043 2116 eﬂicacias

474 2150 721 2221 ipsorum
755 2151 1063 2206 daemonum
1107 2153 1272 2207 etiam
1321 2152 1377 2207 in
1419 2153 1730 2225 Evangeliis
1769 2153 2043 2208 nominari

473 2244 885 2314 deprehendes,
916 2260 1054 2314 quas
1094 2260 1162 2299 ne
1204 2244 1646 2315 appropinquare
1683 2247 1904 2315 quidem
1945 2260 2043 2300 au-

471 2336 603 2392 dere
654 2336 880 2391 idoneas
918 2352 1042 2392 esse
1122 2336 1198 2389 ait
1247 2335 1602 2391 tabernaculo
1650 2337 1890 2401 Christi,
1936 2338 2042 2392 hoc

470 2433 554 2481 cst
584 2427 802 2496 corpori
834 2427 978 2495 ejus.
1018 2425 1120 2492 Qui
1151 2426 1294 2481 enim
1338 2426 1395 2480 id
1434 2429 1776 2496 potuissent,
1822 2427 2041 2498 quando

471 2519 589 2573 solo
627 2520 797 2574 verbo
837 2535 931 2574 eas
967 2535 1034 2573 ex
1079 2519 1396 2574 hominibus
1441 2521 1780 2589 expellebat?
1827 2521 1893 2576 de
1935 2521 2040 2576 hoc

470 2620 648 2668 autem
685 2613 1068 2675 tabernaculo,
1100 2612 1266 2666 etiam
1307 2610 1476 2666 David
1505 2613 1741 2682 quodam
1788 2613 1842 2666 in
1885 2613 2036 2678 loco,

472 2706 701 2774 «juravit
728 2704 1051 2764 Domino,et
1080 2714 1263 2759 votum
1290 2703 1439 2758 vovit
1474 2702 1580 2757 Deo
1605 2702 1776 2757 Jacob
1805 2705 1910 2766 ⁵⁵.»
1953 2705 2038 2759 his

465 2799 648 2855 verbis
674 2815 689 2852 :
718 2815 736 2848 ι
763 2795 817 2851 Si
854 2795 1154 2852 ascendere
1187 2797 1241 2849 in
1272 2796 1471 2849 lectum
1508 2796 1664 2849 strati
1695 2797 1798 2850 mei
1819 2835 1834 2859 ,
1866 2797 1911 2852 si
1942 2798 2039 2851 de-

465 2890 598 2944 dero
627 2903 878 2943 somnum
910 2887 1087 2942 oculis
1117 2886 1284 2952 meis,
1330 2892 1383 2940 et
1415 2885 1690 2954 palpebris
1731 2888 1865 2941 meis
1907 2887 2036 2942 dor-

467 2980 835 3040 mitationem,
883 2984 937 3032 et
976 2975 1220 3045 requiem
1270 2973 1608 3044 temporibus
1649 2973 1786 3028 meis
1810 3015 1824 3037 ,
1857 2974 2032 3031 donec

462 3070 736 3127 inveniam
773 3070 950 3123 locum
1007 3067 1270 3130 Domino,
1319 3066 1733 3121 tabernaculum
1783 3066 1894 3122 Deo
1943 3068 2099 3162 Ja-C

461 3163 566 3218 cob
588 3163 656 3216 “.
679 3181 698 3214 ι
720 3160 897 3231 Hujus
925 3160 1092 3231 igitur
1123 3158 1467 3213 tabernaculi
1501 3173 1666 3213 causa
1703 3159 1988 3214 dicebatur
2012 3181 2025 3216 :

469 3273 487 3306 ι
520 3252 640 3308 Νοη
663 3253 884 3308 timebis
912 3267 943 3306 a
972 3251 1172 3306 timore
1198 3257 1495 3315 nocturno,
1524 3271 1542 3302 ι
1569 3257 1624 3306 et
1653 3251 1787 3307 illud
1818 3272 1831 3308 ;
1861 3271 1880 3304 ι
1908 3251 2030 3324 Ipse

464 3347 720 3403 liberabit
751 3354 806 3401 te
838 3344 906 3400 de
951 3347 1148 3414 laqueo
1206 3351 1562 3407 venatorum,
1599 3351 1653 3400 et
1682 3345 1750 3398 ab
1782 3347 2030 3402 oratione

459 3442 827 3503 turbulenta,»
847 3447 902 3496 et
930 3439 1064 3494 illud
1089 3459 1104 3495 :
1130 3456 1149 3492 ‹
1179 3437 1302 3494 Non
1329 3439 1592 3494 accedent
1609 3440 1674 3494 ad
1705 3449 1759 3494 te
1785 3441 1946 3506 mala,
1974 3450 2029 3498 et

455 3534 729 3606 ﬂagellum
758 3548 866 3592 non
897 3531 1359 3603 appropinquabit
1389 3532 1746 3586 tabernaculo
1774 3541 1868 3588 tuo
1890 3573 1905 3598 ,
1935 3553 1953 3586 ι
1973 3541 2028 3590 et

453 3642 798 3700 quaecunque
836 3624 906 3680 ad
948 3625 1227 3680 hominem
1270 3624 1447 3696 magis
1491 3624 1792 3694 spectantia
1823 3624 1891 3679 de
1931 3626 2026 3682 illo

453 3721 601 3777 dicta
631 3727 794 3785 sunt,
828 3718 972 3774 sicut
1000 3717 1164 3774 etiam
1207 3717 1341 3772 illud
1370 3737 1382 3772 :
1408 3734 1426 3767 ε
1451 3716 1674 3787 Angelis
1715 3717 1832 3773 suis
1870 3733 2025 3774 man-

452 3811 604 3868 dabit
647 3812 715 3868 de
756 3819 810 3866 te
831 3849 846 3876 ,
890 3817 951 3864 ut
989 3808 1302 3866 custodiant
1332 3815 1421 3872 te,
1455 3817 1549 3863 iet
1578 3809 1747 3864 illud:
1774 3829 1792 3862 ι
1818 3810 1878 3864 ln
1908 3825 2026 3864 ma-

453 3904 618 3958 nibus
665 3902 966 3973 portabunt
1005 3908 1091 3964 te,
1136 3916 1206 3955 ne
1246 3898 1388 3955 forte
1416 3899 1660 3956 otl‘endas
1688 3902 1755 3956 ad
1790 3901 2024 3972 lapidem

453 3995 644 4066 pedem
674 4003 850 4050 tuum.
881 4013 899 4044 ι
922 3991 1076 4046 Talia
1102 3991 1246 4046 enim
1278 3991 1346 4046 ad
1373 3990 1543 4046 Deum
1586 3992 1697 4048 dici
1742 4008 2022 4065 nunquam

449 4086 766 4142 conveniet:
800 4091 856 4138 at
875 4099 1008 4139 vero
1035 4083 1104 4138 ad
1129 4083 1540 4139 tabernaculum
1565 4085 1704 4154 ejus,
1731 4087 1874 4154 quod
1901 4102 2024 4157 pro-

451 4187 573 4252 pter
608 4193 710 4235 nos
749 4175 1092 4247 assumpsit,
1133 4191 1247 4246 quo
1282 4183 1529 4248 tempore
1559 4198 1578 4229 ι
1615 4177 1852 4234 Verbum
1889 4194 2020 4235 caro

450 4271 656 4327 factum
698 4280 815 4339 est,
863 4277 919 4326 et
967 4268 1233 4324 habitavit
1277 4269 1333 4322 in
1361 4270 1523 4325 nobis
1555 4271 1625 4336 ",
1654 4289 1672 4322 ι
1698 4272 2012 4327 conveniet.

447 4365 722 4420 Caeterum
741 4378 852 4418 non
874 4361 973 4417 abs
995 4376 1055 4416 re
1079 4360 1448 4430 mihiquidem
1464 4361 1689 4416 videbor
1718 4361 1916 4425 facere,
1943 4362 2012 4428 si,

2147 1881 2436 1951 στρωμνῆς
2475 1897 2596 1950 μου,
2633 1882 2680 1932 εἰ
2713 1879 2866 1934 δώσω
2904 1881 3068 1936 ὕπνον
3107 1885 3217 1945 τοῖς
3255 1881 3558 1953 ὀφθαλμοῖς
3594 1900 3708 1954 μου,

2144 1973 2381 2036 καὶτοῖς
2430 1971 2717 2043 βλεφάροις
2752 1991 2853 2044 μου
2899 1974 3225 2045 νυσταγμὺν,
3271 1976 3366 2028 καλ¹
3408 1976 3711 2029 ἀνάπαυσιν

2142 2067 2252 2127 τοῖς
2298 2064 2590 2134 κροτάφοις
2625 2082 2749 2134 μου,
2785 2065 2889 2127 ἕως
2921 2058 2982 2118 οὕ
3021 2064 3165 2135 εὕρω
3196 2065 3357 2118 τόπον
3388 2065 3467 2137 τῷ
3487 2067 3710 2139 Κυρίῳ,

2145 2158 2406 2228 σκήνωμα
2437 2157 2510 2227 τῷ
2563 2156 2682 2227 Θεῷ
2725 2156 2935 2211 Ἰακώϐ.
2972 2177 2989 2208 ι
3042 2157 3151 2211 Καὶ
3189 2157 3378 2212 τούτου
3431 2175 3495 2227 γε
3554 2159 3710 2214 ἕνεκα

2141 2250 2233 2304 τοῦ
2271 2250 2621 2321 σκηνώματός
2654 2250 2900 2319 ἐλέγετο·
2939 2271 2957 2302 ι
2991 2252 3064 2305 Ού
3093 2251 3373 2325 φοϐηθήσῃ
3409 2254 3519 2306 ἀπὸ
3551 2253 3709 2322 φόϐου

2140 2344 2475 2415 νυκτερινοῦ,
2521 2364 2539 2395 ›
2572 2346 2665 2398 καὶ
2697 2345 2777 2410 τὸ,
2820 2363 2839 2396 ι
2879 2345 3049 2408 Αὐτὸς
3087 2344 3308 2415 ῥύσεταί
3346 2363 3405 2398 σε
3432 2349 3495 2400 ἐκ
3549 2347 3709 2416 παγί-

2138 2434 2224 2496 δος
2250 2434 2528 2505 θηρευτῶν
2561 2437 2657 2490 καὶ
2698 2437 2805 2490 ἀπὸ
2836 2437 2994 2506 λόγου
3018 2437 3384 2509 ταραχώδους,
3430 2458 3450 2490 ι
3492 2441 3592 2494 καὶ
3627 2441 3704 2502 τὸ,

2145 2544 2162 2576 ι
2195 2527 2267 2580 Ού
2305 2527 2716 2598 προσελεύσεται
2750 2529 2886 2600 πρὸς
2928 2529 2987 2582 σέ
3033 2530 3196 2594 κακὰ,
3238 2531 3332 2586 καὶ
3366 2531 3571 2602 μάστιξ
3615 2533 3708 2586 οὑκ

2138 2620 2310 2687 ἐγγιεῖ
2340 2618 2417 2689 τῷ
2448 2620 2760 2690 σκηνώματί
2787 2639 2902 2685 σου,
2947 2641 2964 2673 ›
3003 2623 3096 2676 καὶ
3119 2623 3218 2676 ὅσα
3248 2623 3708 2696 ἀνθρωπινώτερα

2137 2711 2262 2782 περὶ
2291 2711 2453 2764 αὑτοῦ
2485 2711 2762 2766 λέλεκται·
2789 2713 2863 2776 ὡς
2894 2713 2988 2766 καὶ
3013 2715 3093 2778 τὸ,
3135 2731 3152 2764 ι
3181 2714 3305 2777 Τοῖς
3323 2715 3584 2783 ἀγγέλοις
3612 2715 3704 2768 αὕ-

2133 2802 2226 2855 τοῦ
2276 2803 2567 2857 ἐντελεῖται
2607 2803 2733 2874 περὶ
2779 2805 2892 2868 σοῦ,
2934 2803 3026 2858 τοῦ
3061 2806 3380 2875 διαφυλάξαι
3415 2824 3507 2860 σε’
3551 2828 3568 2858 ι
3617 2807 3706 2860 καὶ

2134 2893 2211 2958 τὸ,
2248 2913 2266 2946 ι
2307 2896 2428 2948 Ἐπὶ
2460 2897 2654 2968 χειρῶν
2679 2894 2871 2967 ἁροῦσί
2905 2913 2962 2948 σε
2991 2897 3198 2968 μήποτε
3231 2897 3551 2971 reposng
3575 2897 3703 2969 πρὸς

2133 2983 2274 3038 λίθον
2306 2986 2396 3040 τὸν
2431 2987 2564 3040 πόδα
2613 3003 2725 3040 σου.
2760 3005 2779 3036 ι
2819 2986 3004 3040 Ταῦτα
3035 2986 3144 3058 γὰρ
3187 2988 3287 3042 οὐκ
3331 2988 3396 3042 ἂν
3439 2989 3518 3052 ὡς
3575 2989 3706 3059 πρὸς

2131 3079 2263 3150 Θεὸν
2290 3079 2540 3147 λέγεσθαι
2568 3081 2818 3152 ἁρμόσοι,
2854 3081 2989 3152 πρὸς
3014 3081 3070 3134 δὲ
3102 3081 3162 3136 τὸ
3208 3081 3472 3152 σκήνωμα
3512 3080 3702 3144 αὐτοῦ,

2131 3171 2266 3241 ὅπερ
2287 3171 2353 3224 δι’
2387 3172 2532 3242 ἡμᾶς
2556 3171 2862 3242 ἀνείληφεν,
2889 3173 2976 3224 ὅτε
3012 3191 3030 3222 ι
3056 3173 3084 3226 6
3111 3171 3278 3240 Λόγος
3303 3170 3436 3242 σὰρξ
3465 3171 3702 3241 ἐγένετο,

2131 3264 2225 3317 καὶ
2261 3265 2568 3334 ἐσκήνωσεν
2611 3266 2668 3317 ἐν
2692 3266 2844 3335 ἡμῖν.
2885 3284 2903 3316 ι
2939 3264 3098 3318 Δοκεῖ
3126 3262 3182 3316 δέ
3219 3281 3308 3334 μοι
3343 3262 3524 3326 καλῶς
3565 3263 3703 3333 ἔχειν

2131 3352 2266 3423 ύπέρ
2314 3351 2576 3423 ἀκριϐοῦς
2617 3350 2957 3422 βεϐαιώσεως
2995 3351 3102 3405 τῶν
3130 3347 3434 3423 εἰρημένων
3461 3352 3564 3405 καὶ
3606 3351 3703 3416 τὰς

2127 3445 2234 3498 τῶν
2285 3444 2484 3498 λοιπῶν
2530 3444 2880 3516 ἐρμηνευτῶν
2927 3443 3248 3517 παραθεῖναι
3298 3444 3512 3513 φωνάς·
3570 3437 3645 3499 ὧν
3675 3447 3705 3499 6

2129 3535 2228 3606 μὲν
2273 3535 2501 3598 Ἀκύλας
2531 3534 2704 3599 οὕτως
2751 3534 2984 3606 ἔφησεν·
3037 3554 3057 3588 ι
3112 3537 3232 3590 ’Ότι
3273 3536 3358 3602 σὺ,
3392 3535 3576 3608 Κύριε
3620 3539 3704 3591 ἐλ-

2126 3626 2218 3690 πίς
2253 3645 2377 3698 μου,
2416 3627 2678 3697 ’Ὕψιστον
2707 3627 2909 3699 ἔθηκας
2951 3627 3264 3700 οίκητήριόν
3313 3645 3425 3683 σου.
3461 3630 3540 3683 Οὐ
3579 3647 3700 3701 μετ-

2123 3719 2420 3791 αχθήσεται
2443 3719 2582 3791 πρὸς
2606 3719 2664 3773 σέ
2681 3718 2849 3785 κακὰ,
2873 3719 2966 3774 καὶ
2988 3719 3098 3791 ἁφὴ
3119 3719 3220 3773 οὐκ
3247 3721 3421 3789 ἐγγιεί
3440 3723 3499 3774 ἐν
3517 3722 3699 3795 σκέπῃ

2126 3828 2221 3864 σου
2251 3828 2264 3842 ³
2319 3811 2402 3865 ὅτι
2441 3810 2693 3881 ἀγγέλοις
2738 3810 2904 3864 αὑτοῦ
2953 3810 3270 3879 ἐντελεῖται,
3316 3811 3409 3865 τοῦ
3459 3812 3696 3881 φυλάξαι

2125 3919 2185 3955 σε
2220 3905 2278 3957 ἐν
2317 3902 2518 3966 πάσαις
2543 3903 2664 3966 ταῖς
2691 3901 2830 3965 ὁδοῖς
2868 3918 2961 3954 σου
2981 3918 2996 3934 ·
3034 3921 3053 3955 ι
3085 3904 3113 3955 6
3141 3903 3199 3956 δὲ
3229 3903 3526 3974 Σύμμαχος
3552 3923 3570 3938 ·
3597 3906 3694 3958 «Σὺ

2122 3993 2250 4066 γάρ,
2270 3994 2462 4066 Κύριε,
2483 3993 2682 4063 ἀφοϐία
2701 4011 2824 4065 μου,
2846 3993 3071 4065 ὑψίστην
3084 3994 3205 4048 ἐθου
3228 3995 3326 4066 τὴν
3345 3998 3562 4070 οἴκησίν
3581 4017 3693 4053 σου.

2121 4086 2196 4139 Οὐ
2230 4083 2544 4156 κατισχύσει
2572 4101 2665 4138 σου
2696 4083 2887 4146 κακὸν,
2921 4084 3044 4138 ούδέ
3073 4083 3184 4156 ἁφὴ
3211 4085 3386 4153 ἐγγιεί
3413 4091 3480 4158 τῇ
3521 4091 3694 4161 σκηνῇ

2122 4192 2215 4228 σου
2235 4191 2249 4205 °
2295 4176 2377 4229 ὅτι
2416 4178 2530 4239 τοῖς
2559 4175 2820 4245 ἀγγέλοις,
2855 4173 3020 4228 αὐτοῦ
3063 4175 3357 4231 ἐντελεῖται
3406 4179 3537 4251 περὶ
3576 4179 3692 4243 σοῦ,

2117 4267 2210 4321 τοῦ
2258 4267 2579 4336 διαφυλάξαι
2625 4285 2685 4322 σε
2729 4270 2788 4321 ἐν
2833 4269 3033 4332 πάσαις
3089 4269 3247 4334 ὁδοῖς.
3284 4289 3304 4322 ι
3359 4272 3572 4327 Οὐκοῦν
3608 4273 3694 4326 διὰ

2116 4361 2318 4415 τούτων
2368 4361 2546 4414 αὐτῶν
2577 4361 2654 4431 τῷ
2680 4363 2869 4434 Κυρίῳ
2919 4363 3163 4417 λέλεκται
3205 4366 3282 4429 ὡς
3325 4367 3455 4437 περὶ
3501 4369 3691 4440 ἐτέρου

449 4471 559 4528 quo
576 4455 903 4526 exquisitius
926 4469 990 4508 ac
1005 4454 1259 4509 stabilius
1279 4469 1341 4508 ea
1363 4467 1486 4522 qua:
1507 4453 1651 4508 dicta
1673 4461 1800 4508 sunt
1821 4454 2015 4508 contir~

2137 4453 2362 4518 ιείζονος
2408 4454 2489 4518 τὸ,
2543 4474 2561 4506 ι
2594 4457 2718 4518 Τοῖς
2751 4457 2998 4526 ἀγγέλοις
3035 4458 3199 4512 αὑτοῦ
3238 4459 3528 4515 ἐντελεῖται
3561 4464 3692 4535 περὶ

448 4558 685 4615 mentur,
709 4548 1044 4617 reliquorum
1076 4561 1296 4617 quoque
1328 4547 1689 4614 interpretum
1718 4547 2018 4602 sententias

2137 4547 2231 4610 ποῦ,
2263 4546 2355 4600 τοῦ
2384 4547 2766 4616 διαφυλάσσειν
2801 4565 2856 4600 σε
2887 4551 2944 4602 ἐν
2975 4551 3175 4614 πάσαις
3207 4554 3327 4616 ταῖς
3358 4552 3518 4617 ὁδοῖς.
3569 4555 3687 4609 Ἐπὶ

445 4643 822 4711 editionesque
843 4641 947 4695 hoc
968 4641 1089 4694 loco
1117 4654 1371 4708 posuero,
1395 4653 1627 4708 quorum
1657 4654 1800 4694 unus
1824 4637 2018 4709 Aquila

2137 4639 2310 4711 [ειρῶν
2355 4640 2544 4711 ἁροῦσί
2587 4658 2666 4706 σε,
2712 4639 2906 4710 δηλαδὴ
2949 4641 3009 4694 σὲ
3050 4642 3141 4696 τὸν
3183 4643 3420 4714 Κύριον,
3477 4647 3688 4716 μήποτε

444 4735 501 4789 in
529 4733 676 4789 hunc
717 4733 937 4788 modum
977 4730 1213 4787 reddidit
1241 4749 1255 4786 :
1282 4749 1300 4780 ι
1329 4730 1597 4795 Quoniam
1627 4739 1682 4784 tu
1707 4770 1720 4794 ,
1752 4729 1981 4786 Domine
2001 4772 2014 4793 ,

2137 4731 2179 4782 ιὺ
2217 4733 2245 4783 ὁ
2273 4731 2478 4802 Κύριος
2527 4733 2841 4806 προσκόψῃς
2881 4734 3016 4806 πρὸς
3047 4733 3195 4788 λίθον
3229 4735 3319 4788 τὸν
3351 4737 3486 4790 πόδα
3514 4755 3629 4791 σου.
3663 4757 3681 4790 ι

443 4842 570 4896 spes
606 4841 746 4889 mea,
793 4825 1134 4880 Altissimum
1177 4823 1404 4894 posuisti
1446 4823 1812 4878 habitaculum
1837 4832 2010 4878 tuum.

2137 4827 2348 4889 Γαύταις
2367 4827 2423 4879 δὲ
2445 4826 2537 4879 καὶ
2559 4829 2586 4879 ὁ
2608 4825 2848 4889 διάϐολος
2869 4830 2988 4890 ταῖς
3010 4827 3217 4892 λέξεσιν
3241 4828 3298 4880 ἐν
3325 4828 3402 4898 τῷ
3430 4831 3566 4883 κατὰ
3588 4830 3685 4883 τοῦ

439 4918 560 4974 Non
591 4918 947 4972 traducentur
982 4916 1050 4971 ad
1080 4924 1134 4970 te
1165 4915 1306 4968 mala
1335 4955 1348 4978 ,
1379 4923 1432 4968 et
1463 4923 1644 4969 tactus
1679 4932 1789 4970 non
1819 4930 2012 4985 appro-

2137 4919 2260 4986 ἰωτῆ
2271 4935 2359 4989 ρος
2381 4917 2535 4989 ἡμῶν
2556 4919 2846 4990 πειρασμῷ
2873 4918 3156 4991 κέχρηται,
3180 4923 3290 4986 ὅτε,
3318 4940 3334 4972 ι
3349 4923 3684 4992 Παραλαϐὼν

441 5012 800 5084 pinquabitin
832 5010 1172 5081 protectione
1207 5017 1298 5062 tua
1323 5029 1335 5063 :
1357 5010 1612 5079 quoniam
1649 5010 1857 5077 angelis
1891 5010 2008 5064 suis

2137 5012 2266 5066 ,z’nbv
2315 5014 2393 5075 εἰς
2422 5012 2519 5082 τὴν
2565 5012 2724 5080 ἁγίαν
2773 5012 2948 5075 πόλιν,
2999 5012 3224 5084 ἔστησεν
3277 5015 3440 5067 αὑτὸν
3490 5018 3578 5068 ἐπὶ
3624 5016 3685 5069 τὸ

440 5099 757 5166 mandavit,
793 5111 852 5157 ut
883 5102 1196 5157 custodiant
1235 5109 1286 5156 te
1317 5102 1372 5154 in
1405 5101 1662 5156 omnibus
1691 5102 1796 5155 viis
1826 5103 1955 5156 tuis.
1985 5121 2001 5152 ι

2137 5103 2394 5174 ετερύγιον
2418 5103 2512 5157 τοῦ
2541 5103 2709 5176 ἱεροῦ,
2737 5105 2830 5157 καὶ
2857 5101 3008 5158 εἶπεν
3041 5105 3208 5177 αὐτῷ’
3249 5107 3310 5159 Εἰ
3345 5107 3474 5171 Υἱὸς
3506 5105 3556 5160 εἴ
3584 5107 3679 5161 τοῦ

442 5195 548 5253 Sed
580 5195 962 5268 Symmachus,
987 5212 1005 5244 ‹
1030 5193 1112 5248 Tu
1146 5195 1314 5258 enim,
1353 5194 1552 5263 inquit,
1583 5192 2009 5254 Domine,secu-

2137 5195 2258 5263 Ιεοῦ,
2292 5195 2419 5265 βάλε
2455 5195 2678 5250 σεαυτὸν
2716 5196 2964 5251 ἐντεῦθεν
3005 5197 3174 5252 κάτω.
3203 5198 3517 5269 Γέγραπται
3551 5200 3676 5270 γὰρ,

437 5289 574 5345 ritas
607 5303 725 5343 mea
747 5327 761 5351 ,
790 5287 1113 5342 altissimam
1148 5285 1380 5356 posuisti
1409 5284 1800 5338 habitationem
1829 5291 2000 5338 tuam.

434 5379 596 5453 437
628 5378 745 5433 Non
798 5379 1092 5433 invalescet
1129 5377 1415 5432 adversum
1449 5385 1503 5430 te
1557 5377 1782 5438 malum,
1825 5391 2006 5445 neque

435 5479 616 5526 tactus
667 5470 1126 5542 appropinquabit
1159 5469 1395 5525 tentorio
1419 5475 1516 5523 tuo
1555 5485 1570 5523 :
1609 5469 1869 5538 quoniam
1903 5484 2003 5522 an-

435 5564 570 5635 gelis
599 5563 714 5618 suis
759 5563 1038 5618 mandabit
1065 5564 1133 5618 de
1175 5571 1246 5629 te,
1272 5571 1332 5617 ut
1363 5560 1673 5618 custodiant
1720 5567 1774 5616 te
1806 5561 1864 5615 in
1892 5576 2004 5616 om-

509 5747 556 5780 ”
595 5742 743 5800 Psal.
774 5759 975 5810 cum,
1004 5746 1060 5804 2.
1133 5750 1179 5781 ⁸⁸
1218 5749 1347 5805 ibid.
1382 5749 1499 5806 '55.
1578 5751 1620 5782 ⁵⁷
1659 5749 1816 5805 Joan.
1857 5764 1905 5814 ι,
1946 5747 2029 5803 Η.

2112 5285 2193 5338 ὅτι
2235 5289 2348 5350 τοῖς
2393 5286 2646 5356 ἀγγέλοις
2679 5287 2844 5342 αὑτοῦ
2897 5289 3188 5343 ἐντελεῖται
3241 5293 3368 5364 περὶ
3405 5291 3531 5356 σοῦ,
3584 5293 3679 5344 καὶ

2111 5377 2203 5429 ἐπὶ
2229 5378 2422 5448 χειρῶν
2448 5377 2639 5450 ἀροῦσί
2668 5396 2748 5444 σε,
2793 5381 3003 5452 μήποτε
3030 5382 3342 5455 προσκόψῃς
3376 5384 3510 5457 πρὸς
3533 5383 3677 5436 λίθον

2109 5469 2201 5522 τὸν
2239 5470 2372 5524 πόδα
2411 5488 2526 5526 σου.
2565 5472 2710 5543 Πρὸς
2758 5473 2817 5526 ὃν
2860 5475 2888 5526 6
2914 5473 3116 5544 Κύριος
3165 5475 3324 5546 ἡμῶν
3362 5474 3676 5547 ἀποκριθεὶς

2111 5559 2268 5615 εἷπε·
2339 5563 2680 5632 Γέγραπται·
2752 5566 2865 5619 Οὐκ
2927 5565 3272 5636 ἐκπειράσεις
3327 5568 3528 5639 Κύριον
3577 5564 3674 5620 τὸν
