3908 6266
287 293 375 348 681
1187 285 1841 348 DEMONSTRATIONIS
1881 286 2343 348 EVANGELICE
2384 288 2515 349 LIB.
2551 289 2641 350 IX.

3417 297 3524 353 682

284 405 404 467 Θεόν
433 427 546 463 dou.
584 428 604 463 ›
657 413 759 464 ιιιτ
810 408 932 463 ἐπεὶ
982 410 1041 462 ἐν
1087 406 1167 478 τῷ
1211 408 1503 480 πειρασμῷ
1553 406 1690 478 μετὰ
1745 405 1844 460 τῶν

1957 407 2117 463 nibus
2141 407 2266 463 viis.
2307 426 2325 458 ι
2357 405 2526 479 Igitur
2559 413 2710 464 hisce
2758 408 2890 480 ipsis
2937 409 3274 474 auctoribus.
3318 413 3385 468 ad
3417 414 3524 470 Do-

282 508 506 581 θηρίων,
536 505 680 561 κατὰ
713 505 804 559 τὸν
837 502 1249 574 εὐαγγελιστὴν,
1296 502 1554 573 διέτριϐε,
1593 501 1763 555 ποίων
1794 501 1852 554 δέ

281 601 372 655 οὐκ
415 599 868 669 ἀναγέγραπται,
925 594 1256 665 σαφέστερον
1306 592 1464 646 τοῦτο
1503 591 1638 646 αὐτὸ
1677 593 1712 662 ἡ
1755 589 1850 644 τοῦ

280 691 487 765 ψαλμοῦ
519 694 826 764 προφητεία
866 691 936 744 τὰ
968 689 1082 758 εἴδη
1114 686 1223 742 τῶν
1255 686 1462 758 θηρίων
1503 684 1850 757 αἰνιττομένη

282 785 472 858 φησίν·
515 804 535 838 ι
577 786 702 838 Ἐπὶ
733 784 934 838 ἀσπίδα
964 782 1060 835 καὶ
1107 776 1414 851 βασιλίσκον
1452 777 1721 849 ἐπιϐήση,
1756 776 1852 831 καὶ

281 880 683 951 καταπατήσεις
735 877 924 931 λέοντα
973 876 1067 929 καὶ
1112 873 1398 946 δράκοντα.
1443 890 1463 926 ι
1526 869 1697 933 Αὐτὸς
1752 867 1851 940 μὲν

278 968 365 1028 οὖν
402 972 469 1026 τὰ
510 969 860 1044 άρχικώτατα
913 968 1020 1022 τῶν
1059 967 1265 1037 νοητῶν
1292 964 1494 1036 Θηρίων
1524 963 1712 1016 λέοντα
1758 961 1852 1015 καὶ

276 1065 563 1136 δράκοντα,
595 1062 796 1116 ἀσπίδα
830 1062 924 1115 καὶ
965 1058 1296 1131 βασιλίσκον,
1327 1058 1488 1110 αὐτὸν
1528 1053 1727 1128 δηλαδὴ
1757 1054 1850 1107 τὸν

273 1157 536 1220 διάϐολον,
567 1157 663 1210 καὶ
687 1155 788 1220 τὰς
814 1153 1109 1225 μετάὐτοῦ
1135 1149 1460 1225 ἀρχοντικὰς
1482 1147 1575 1203 καὶ
1607 1147 1852 1220 πονηράς

273 1249 528 1318 δυνάμεις
570 1247 981 1317 καταπατήσειν
1023 1241 1472 1314 μεμαρτύρηται·
1519 1239 1631 1300 τοῖς
1670 1234 1850 1307 δὲτὴν

269 1339 463 1411 ὁμοίαν
487 1338 686 1412 ἀρετὴν
716 1336 864 1408 αὐτῷ
891 1334 1246 1406 κεκτημένοις
1275 1331 1542 1404 μαθηταῖς
1579 1330 1673 1383 καὶ
1712 1329 1850 1382 ἀπο·

275 1433 484 1496 στόλοις
517 1431 680 1485 αὑτοῦ
715 1431 813 1502 τὴν
845 1425 1091 1493 ἐξουσίαν
1122 1422 1285 1489 αὐτὸς
1311 1422 1406 1478 τοῦ
1436 1424 1625 1475 πατεῖν
1666 1421 1850 1474 ἐπάνω

271 1526 446 1594 ὄφεων
509 1525 604 1578 καὶ
666 1522 942 1593 σκορπίων
989 1520 1272 1591 δωρεῖται,
1329 1517 1429 1570 οὐκ
1489 1514 1595 1570 ἐῶν
1655 1514 1850 1576 αὐτοὺς

271 1615 634 1686 πειρασθῆναι
679 1611 818 1684 ὑπὲρ
857 1611 886 1664 ὃ
927 1609 1206 1664 δύναιντο·
1247 1609 1408 1679 μόνου
1450 1606 1559 1678 γὰρ
1587 1601 1654 1677 ἦν
1682 1604 1847 1658 αὑτοῦ

267 1707 330 1762 τὸ
355 1707 459 1771 τὰς
491 1706 706 1778 χείρους
748 1707 804 1758 ἐν
848 1701 1082 1775 πονηρίᾳ
1123 1701 1409 1772 δυνάμεις,
1453 1699 1548 1753 καλ⁵
1593 1697 1752 1752 αὑτὸν
1784 1696 1848 1768 δὴ

1953 499 2160 554 minum
2218 507 2478 569 tanquam
2538 501 2606 557 de
2655 501 2885 558 Domino
2941 505 3147 560 dictum
3195 512 3281 561 est
3337 506 3521 564 illud:

1957 611 1978 644 ι
2018 593 2240 664 Angelis
2290 594 2408 650 suis
2438 595 2713 649 mandavit
2742 595 2809 652 de
2851 605 2924 661 te,
2958 607 3017 653 ut
3042 598 3356 654 custodiant
3386 609 3439 655 te
3466 600 3522 654 in

1951 685 2207 742 omnibus
2240 685 2346 742 viis
2376 687 2506 742 tuis.
2539 687 2596 742 In
2622 689 2872 745 manibus
2904 691 3198 760 portabunt
3224 696 3299 753 te,
3335 690 3526 748 videli-

1951 785 2110 835 cette
2141 775 2454 842 Dominum,
2488 792 2559 834 ne
2600 779 2739 836 forte
2769 790 2826 836 tu
2866 777 3133 839 Dominus
3171 781 3417 841 offendas
3454 783 3524 838 ad

1950 869 2186 940 lapidem
2242 869 2434 940 pedem
2485 878 2662 926 tuum.
2711 893 2730 926 ι
2764 871 2907 940 Quin
2945 875 3108 931 etiam
3157 875 3410 933 diabolus
3465 877 3522 932 in

1951 962 2252 1018 tentatione
2298 961 2565 1017 adversus
2608 962 2948 1020 Salvatorem
2997 976 3271 1031 nostrum,
3313 966 3520 1023 eisdem

1952 1069 2086 1110 usus
2115 1064 2200 1110 est
2233 1051 2436 1114 verbis.
2460 1055 2678 1126 quando
2704 1074 2722 1106 ι
2753 1064 3092 1127 assumptum
3128 1056 3279 1112 illum
3311 1059 3364 1113 in
3397 1074 3525 1114 san-

1950 1153 2094 1201 ctam
2126 1146 2398 1201 civitatem
2427 1147 2711 1201 constituit
2743 1161 2909 1216 supra
2934 1146 3290 1216 pinnaculum
3308 1149 3518 1218 templi,

1949 1246 2004 1294 et
2034 1235 2172 1292 dixit
2209 1238 2259 1294 ei
2295 1257 2310 1294 :
2347 1237 2405 1293 Si
2449 1235 2619 1292 Filius
2671 1236 2763 1294 Dei
2807 1253 2889 1305 es,
2931 1239 3083 1294 mitte
3124 1239 3356 1310 teipsum
3391 1240 3522 1296 hinc

1949 1331 2226 1388 deorsum.
2283 1328 2560 1402 Scriptum
2614 1338 2699 1386 est
2746 1331 2914 1395 enim,
2969 1330 3116 1401 quod
3147 1331 3355 1402 angelis
3405 1334 3522 1388 suis

1950 1421 2227 1475 mandabit
2246 1420 2312 1475 de
2339 1429 2413 1485 te,
2438 1429 2492 1478 et
2516 1421 2569 1474 in
2601 1420 2853 1477 manibus
2869 1421 3162 1492 portabunt
3191 1432 3262 1490 te,
3295 1438 3363 1477 ne
3381 1421 3522 1479 forte

1949 1511 2191 1568 oﬂendas
2219 1513 2284 1566 ad
2334 1513 2565 1583 lapidem
2603 1515 2792 1584 pedem
2829 1521 3000 1569 tuum.
3029 1513 3113 1568 Ad
3150 1531 3309 1586 quem
3333 1513 3521 1570 Domi-

1949 1619 2055 1659 nus
2082 1604 2641 1674 uostcrrespondens.
2665 1606 2741 1659 ait
2769 1625 2780 1660 :
2817 1605 3091 1676 Scriptum
3125 1614 3230 1670 est,
3266 1622 3375 1663 non
3401 1613 3522 1662 ten-

1950 1697 2093 1751 tabis
2124 1695 2416 1750 Dominum
2448 1695 2613 1750 Deum
2644 1704 2797 1751 tuum
2816 1698 2880 1751 ⁸⁸.
2913 1717 2931 1748 ι
2966 1697 3233 1755 Praeterea
3259 1702 3522 1770 quoniam

263 1801 358 1856 τὸν
386 1802 604 1855 πάντων
631 1799 865 1871 ἄρχοντα
885 1798 978 1852 καὶ
1004 1797 1265 1867 τύραννον
1289 1791 1384 1848 τοῦ
1415 1791 1610 1855 αἰῶνος
1638 1789 1844 1856 τούτου,

1952 1786 2007 1840 in
2061 1786 2362 1841 tentatione
2406 1801 2532 1840 cum
2587 1785 2739 1851 feris,
2785 1794 2843 1841 ut
2895 1788 3012 1858 ipse
3060 1765 3392 1861 evangelista
3439 1798 3525 1847 est

260 1897 330 1966 τῇ
362 1893 533 1964 ἐνθὲῳ
559 1892 722 1946 αὐτοῦ
751 1891 980 1963 δυνάμει
1015 1890 1322 1962 καθαιρεῖν.

1948 1887 2162 1945 auctor,
2189 1877 2533 1944 versabatur,
2564 1895 2688 1934 cum
2724 1881 2923 1951 quibus
2954 1888 3132 1937 autem
3177 1898 3286 1937 non
3314 1882 3524 1939 descri-

251 1995 418 2057 ‘ptum
445 1994 531 2043 est
551 1987 750 2058 palam,
780 2002 900 2041 eam
930 2001 1043 2041 rem
1074 1985 1247 2056 ipsius
1311 1982 1506 2054 psalmi
1567 1979 1909 2040 vaticinium,
1947 1975 2078 2031 dum
2132 1989 2328 2044 genera
2392 1973 2630 2028 ferarum
2690 1984 3112 2045 commemorat,
3179 1978 3525 2038 manifestius

257 2082 562 2153 eloquitur,
599 2081 688 2137 his
715 2080 899 2135 verbis
928 2095 941 2132 :
977 2099 996 2131 ι
1038 2078 1214 2150 Super
1243 2079 1485 2149 aspidem
1526 2082 1582 2132 et
1615 2075 1934 2131 basiliscum
1990 2071 2282 2136 ascendes,
2321 2079 2377 2126 et
2399 2072 2754 2128 conculcabis
2783 2073 2994 2129 leonem
3023 2081 3078 2130 et
3125 2074 3446 2146 draconem;
3493 2099 3512 2132 ι

258 2176 356 2232 ubi
391 2175 636 2248 aspidem
666 2182 720 2231 et
747 2175 1086 2240 basiliscum,
1116 2175 1292 2245 ipsum
1324 2174 1510 2244 utique
1538 2170 1838 2234 diabolum,
1878 2177 1933 2224 et
1965 2169 2058 2238 qui
2087 2169 2264 2238 ipsum
2305 2175 2632 2238 sequuntur,
2665 2170 3005 2239 principatus
3085 2175 3364 2246 malasque
3423 2187 3525 2246 po-

255 2277 992 2339 testates,conculcaturum
1028 2268 1279 2324 allirmat.
1345 2269 1418 2324 lis
1455 2277 1662 2329 autem,
1714 2266 1809 2337 qui
1869 2264 2102 2321 similem
2154 2263 2258 2333 ipsi
2292 2263 2549 2318 virtutem
2593 2264 2740 2319 nacti
2793 2273 2942 2330 sunt,
3009 2266 3295 2339 discipulis
3335 2270 3524 2340 utique

256 2371 382 2425 suis
431 2376 596 2440 atque
642 2367 925 2438 apostolis,
971 2372 1294 2437 potestatem
1341 2363 1626 2419 incedendi
1673 2376 1840 2432 super
1875 2366 2158 2430 serpentes
2203 2366 2258 2412 et
2303 2358 2624 2428 scorpiones
2703 2357 2963 2425 donavit,
3025 2377 3138 2418 non
3202 2365 3524 2434 permittens

254 2479 360 2520 eos
412 2462 609 2517 tentari
651 2475 817 2531 supra
858 2473 1022 2531 quam
1065 2458 1206 2513 ferre
1255 2465 1523 2528 possent:
1576 2454 1644 2510 ad
1688 2454 1841 2510 illum
1879 2451 2024 2508 enim
2056 2449 2235 2506 solum
2263 2449 2568 2520 spectabat,
2634 2448 2850 2520 pejores
2914 2449 2971 2504 in
3002 2452 3244 2522 nequitia
3279 2463 3523 2524 potesta-

255 2565 367 2620 tes,
408 2569 510 2609 nec
555 2569 665 2608 non
697 2552 874 2623 ipsum
910 2551 1155 2605 omnium
1204 2548 1506 2620 principem
1551 2545 1844 2616 saeculique
1881 2542 2047 2612 hujus
2074 2549 2389 2612 tyrannum,
2417 2539 2602 2595 divina
2626 2554 2727 2596 sua
2753 2541 2953 2598 virtute
2974 2551 3345 2613 prosternere.

266 2673 414 2730 Ἀπὸ
476 2672 581 2726 τοῦ
621 2671 881 2739 Ἡσαΐου.
910 2701 980 2710 —-
1008 2671 1145 2739 Περί
1194 2668 1304 2739 τῆς
1343 2669 1676 2734 Γαλιλαίας
1729 2665 1844 2739 τῷν

1949 2663 2026 2720 Ab
2067 2663 2239 2719 Isaia.
2273 2662 2448 2739 —_De
2470 2661 2698 2718 Galilwa
2736 2665 3084 2739 gentium,‘in
3123 2684 3228 2737 qua
3275 2667 3524 2725 Salvator

328 2740 680 2814 ἑθνῶνς,ῥρ’
718 2738 757 2814 ᾖ
791 2746 824 2797 ό
860 2741 1062 2814 Σωτὴρ
1085 2735 1289 2814 mea
1320 2740 1393 2814 rd
1435 2740 1693 2814 qlaiqta
1719 2738 1844 2814 stin-

2018 2747 2194 2814 noster
2225 2735 2521 2814 maximam
2547 2750 2764 2814 suorum
2785 2735 3165 2814 miraculorum
3191 2749 3392 2807 partem
3409 2740 3525 2796 odi-

328 2803 696 2881 παραδὸξών
723 2803 1072 2882 ἐἰργάσαέᾷ
1101 2803 1199 2864 aiat
1231 2810 1366 2878 περὶ
1405 2804 1512 2877 τῆς
1550 2807 1672 2864 τῶν
1699 2809 1844 2864 ἀπο-

2017 2805 2119 2870 dit,
2143 2815 2193 2860 et
2217 2803 2282 2859 de
2315 2804 2677 2875 apostolorum
2695 2805 2862 2875 ipsius
2892 2809 3177 2864 vocatione.

327 2885 578 2938 στόλων
603 2883 789 2937 αὐτοῦ
822 2882 1115 2949 κλήσεως.
2790 2922 2798 2929 .

333 2997 546 3051 «Τοῦτο
584 2997 798 3069 πρῶτον
832 2994 944 3060 πίε,
989 2997 1124 3064 ταχὺ
1157 2994 1321 3059 ποίει,
1348 2992 1502 3067 χώρα
1537 2990 1844 3054 Ζαϐουλὼν,

2018 2977 2188 3052 438
2206 2998 2224 3030 ι
2248 2973 2364 3034 Hoc
2385 2979 2623 3050 primum
2645 2978 2792 3045 bibe,
2817 2979 2929 3036 cito
2951 2979 3060 3046 fac,
3083 2983 3234 3054 regio
3253 2981 3521 3054 Zabulon,

251 3087 287 3160 ἡ
335 3087 420 3159 γῆ
470 3087 819 3160 Νεφθαλεὶμ,
873 3088 969 3142 καὶ
1005 3089 1054 3141 oi
1097 3086 1274 3140 λοιποὶ
1323 3087 1373 3139 οἱ
1426 3086 1528 3157 τὴν
1570 3084 1841 3158 παραλίαν

1947 3079 2089 3130 terra
2118 3070 2488 3143 Nephtbalim,
2519 3079 2574 3128 et
2595 3073 2789 3144 reliqui
2820 3073 3149 3139 maritimam
3196 3077 3519 3145 incolentes,

249 3181 678 3246 κατοικοῦντες,
734 3179 828 3234 καὶ
881 3182 1059 3253 πέραν
1104 3179 1198 3234 τοῦ
1241 3178 1503 3249 Ἰορδάνου
1526 3219 1541 3244 ,
1591 3178 1844 3234 Γαλιλαία

1947 3174 2002 3222 et
2026 3172 2181 3222 trans
2212 3162 2508 3221 Iordanem
2535 3163 2756 3220 Galilaea
2781 3166 3044 3238 gentium,
3068 3169 3301 3240 populus
3327 3171 3523 3226 ambu-

249 3271 369 3325 τῶν
419 3269 610 3334 ἐθνῶν,
661 3270 689 3322 ό
720 3269 848 3334 λαὸς
898 3270 927 3324 ό
956 3271 1318 3342 πορευόμενος
1365 3272 1422 3324 ἐν
1455 3269 1664 3335 σκότει,
1711 3268 1844 3324 ῐδετε

1947 3259 2066 3314 laus
2105 3259 2161 3312 in
2193 3257 2456 3324 tenebris,
2482 3257 2664 3314 videte
2693 3258 2868 3314 lucem
2903 3275 3180 3332 magnam,
3213 3261 3521 3320 habitantes

251 3363 380 3435 φῶς
419 3361 596 3434 μέγα,
641 3361 736 3416 καὶ¹
777 3362 890 3426 τοϊς
931 3363 1272 3416 κατοικοῦσιν
1311 3364 1368 3415 ἐν
1403 3359 1561 3434 χώρᾳ
1597 3361 1692 3415 καὶ
1719 3361 1849 3432 σκιᾷ

249 3459 534 3527 θανάτου,
579 3457 695 3528 φῶς
727 3457 930 3529 λάμψει
978 3456 1064 3527 ἐφ’
1107 3458 1268 3528 ὑμᾶς.
1324 3455 1398 3511 Τὸ
1451 3457 1703 3510 πλεῖστον
1748 3454 1846 3510 τοῦ

247 3555 392 3610 λαοῦ
431 3554 460 3608 ὃ
489 3556 799 3625 κατήγαγες
832 3554 891 3609 ἐν
922 3552 1226 3626 εὐφροσύνῃ
1262 3568 1376 3615 σου,
1412 3552 1507 3606 καὶ
1539 3549 1836 3623 εὐφρανθή-

175 3637 183 3644 ’
249 3662 449 3703 σονται
490 3643 720 3699 ἐνώπιόν
758 3663 874 3714 σου,
903 3645 979 3710 ὡς
1015 3647 1064 3699 οἱ
1102 3643 1512 3716 εὐφραινόμενοι
1541 3645 1599 3698 ἐν
1627 3640 1842 3716 άμητῷ,

246 3741 352 3794 καὶ
381 3740 443 3792 ὃν
472 3736 673 3810 τρόπον
709 3739 759 3791 οί
801 3736 1164 3810 διαιρούμενοι
1209 3735 1412 3791 σκῦλαο
1441 3736 1574 3791 διότι
1613 3739 1845 3808 ἀφαιρε-

248 3831 491 3903 θήσεται
523 3831 551 3882 ό
579 3827 740 3897 ζυγὸς
768 3829 797 3882 ό
824 3829 910 3881 ἐπ’
942 3827 1120 3882 αὐτῶν
1153 3828 1423 3896 κείμενος,
1455 3828 1552 3879 καὶ
1586 3829 1618 3896 ή
1655 3821 1844 3896 ῥάϐδος

247 3925 281 3994 ἡ
319 3923 427 3975 ἐπὶ
475 3920 570 3974 τοῦ
624 3921 893 3993 τραχήλου
940 3919 1139 3975 αὑτῶν.
1194 3919 1305 3990 Τὴν
1351 3918 1461 3991 γὰρ
1505 3918 1699 3988 ῥάϐδον
1736 3914 1845 3970 τῶν

248 4010 643 4068 ἀπαιτούντων
697 4009 1008 4064 διεσκέδασε
1048 4009 1283 4080 Κύριος,
1316 4009 1392 4073 ὡς
1440 4011 1504 4081 τῇ
1552 4008 1734 4079 ἡμέρᾳ.

247 4104 349 4158 ἐπὶ
377 4102 608 4173 Μαδιάμ
627 4118 640 4132 ⁸
668 4103 748 4156 ὅτι
777 4103 958 4155 πᾶσαν
995 4100 1184 4172 στολὴν
1217 4097 1654 4171 ἐπισυνηγμένην
1689 4097 1842 4169 δόλῳ,

247 4198 351 4251 καὶ
388 4195 608 4268 ἱμάτιον
636 4195 773 4266 μετὰ
801 4184 1155 4264 ’καταλλαγῆς
1189 4194 1528 4256 ἀποτίσουσι,
1557 4191 1651 4246 καὶ
1691 4189 1846 4264 θελή-

249 4305 452 4342 σουσιν
481 4288 531 4340 εί
560 4287 892 4357 ἐγενήθησαν
921 4287 1312 4359 πυρίκαυστοι·
1355 4285 1435 4340 ὅτι
1465 4285 1676 4338 παιδίον
1720 4287 1844 4354 ἐγε-

245 4379 402 4452 νήθη
431 4379 584 4448 ἡμῖν,
615 4378 707 4432 καὶ
747 4377 860 4442 υἱὸς
901 4378 1056 4449 ἐδόθη
1083 4379 1234 4450 ἡμῖν,
1263 4371 1324 4432 οῦ
1363 4379 1396 4448 ὴ
1424 4378 1564 4449 ἀρχὴ
1612 4372 1843 4448 ἐγενήθη

1947 3350 2006 3405 in
2050 3351 2273 3420 regione
2308 3358 2366 3406 et
2412 3350 2606 3405 umbra
2643 3351 2859 3415 mortis,
2885 3352 2975 3405 lux
3017 3352 3322 3423 splendebit
3360 3370 3525 3426 super

1945 3457 2066 3500 vos.
2112 3443 2417 3498 Plurimum
2469 3441 2656 3514 populi
2711 3445 2858 3513 quod
2904 3443 3178 3500 deduxisti
3229 3447 3286 3501 in
3334 3448 3519 3504 laetitia

1946 3545 2076 3591 tua:
2107 3544 2162 3591 et
2176 3535 2506 3592 laetabuntur
2537 3515 2723 3589 coram
2757 3543 2832 3601 te,
2865 3543 3124 3608 tanquam
3153 3539 3246 3609 qui
3271 3540 3522 3597 laetantur

1946 3629 2003 3683 in
2040 3643 2239 3690 messe,
2272 3635 2328 3683 et
2371 3626 2830 3698 quemadmodum
2875 3629 2966 3698 qui
3012 3629 3262 3685 dividunt
3291 3633 3467 3703 spolia
3499 3650 3518 3690 :

1945 3723 2202 3791 quoniam
2224 3720 2502 3776 auferetur
2517 3720 2710 3791 jugum
2747 3719 2893 3790 quod
2919 3737 3084 3792 super
3111 3723 3246 3792 ipsis
3281 3727 3522 3795 positum

1943 3825 2062 3879 est,
2107 3822 2162 3871 et
2210 3815 2363 3885 virga
2408 3829 2530 3884 quae
2587 3828 2754 3883 super
2802 3814 2945 3869 collo
2989 3816 3252 3885 ipsorum.
3297 3817 3519 3891 Virgam

1944 3907 2092 3962 enim
2122 3907 2485 3978 repetentium
2525 3905 2811 3976 dissipavit
2838 3905 3124 3976 Dominus,
3157 3911 3302 3967 sicut
3332 3913 3386 3968 in
3429 3913 3520 3970 die

1945 4014 2110 4070 super
2140 3998 2398 4063 Madiam,
2435 3998 2695 4068 quoniam
2724 4013 2942 4055 omnem
2984 4009 3191 4056 vestem
3221 4018 3523 4078 congrega-

1945 4097 2057 4144 tam
2099 4089 2247 4154 dolo,
2279 4097 2333 4145 et
2363 4090 2754 4145 vestimentum
2789 4106 2916 4146 cum
2969 4097 3365 4162 permutatione
3397 4112 3522 4168 per-

1946 4183 2182 4248 solvent,
2225 4189 2281 4237 et
2317 4182 2503 4237 volent
2528 4182 2574 4237 si
2621 4180 2750 4238 facti
2791 4183 2998 4240 fuerint
3045 4185 3170 4254 igne
3201 4189 3517 4246 combusti:

1942 4274 2206 4344 quoniam
2258 4276 2522 4346 puerulus
2551 4283 2713 4330 natus
2742 4284 2827 4332 est
2869 4277 3049 4342 nobis,
3093 4286 3148 4333 et
3188 4279 3332 4338 filius
3359 4283 3521 4338 datus

1945 4375 2031 4422 est
2061 4365 2240 4434 nobis,
2262 4367 2421 4437 cujus
2442 4368 2778 4438 principatus
2806 4369 3016 4425 exstitit
3042 4387 3207 4441 super
3232 4373 3520 4430 humerum

246 4472 350 4526 ἐπὶ
393 4469 491 4524 τοῦ
526 4469 676 4540 ώμου
710 4469 894 4525 αὑτοῦ.
943 4469 1051 4524 Καὶ
1090 4470 1337 4524 καλεῖται
1379 4468 1436 4522 τὸ
1470 4467 1641 4539 ὄνομα
1676 4464 1842 4521 αὑτοῦ

1947 4454 2088 4525 ejus.
2114 4454 2182 4509 Et
2210 4457 2499 4512 vocabitur
2544 4473 2744 4513 nomen
2793 4460 2916 4529 ejus
2949 4461 3131 4530 magni
3173 4465 3390 4520 consilii
3421 4482 3523 4521 an-

249 4561 513 4636 μεγάλης
557 4560 748 4632 βουλῆς
787 4560 1044 4629 ἄγγελος,
1079 4561 1262 4633 ἄρχων
1317 4561 1559 4632 είρήνης,
1597 4558 1842 4625 ὲξουσια·

246 4654 420 4724 στὴς,
446 4651 579 4714 Θεὸς
623 4651 868 4723 ἰσχυρὸς,
907 4651 1087 4723 πατὴρ
1120 4651 1211 4705 τοῦ
1257 4650 1537 4723 μέλλοντος
1575 4651 1787 4715 αἰῶνος,
1817 4671 1835 4704 ι

244 4745 412 4816 Πρὸς
452 4744 624 4797 ἅπασι
662 4745 777 4807 τοῖς
823 4743 1002 4807 ἄλλοις
1051 4741 1354 4814 ἐπληροῦτο
1397 4745 1492 4797 καὶ
1539 4742 1711 4796 ταῦτα
1749 4743 1842 4797 ἐπὶ

244 4837 350 4893 τὸν
394 4835 631 4908 Σωτῆρα
673 4835 766 4890 καὶ
797 4835 995 4908 Κύριον
1038 4835 1194 4907 ἡμῶν
1238 4835 1444 4906 Ἰησοῦν
1479 4835 1570 4888 τὸν
1599 4834 1838 4905 Χριστὸν

242 4928 348 4986 τοῦ
377 4926 548 4990 Θεοῦ,
590 4927 676 4981 ὅτε
719 4928 862 4982 κατὰ
913 4928 1001 4982 τὸν
1051 4925 1358 4998 θαυμαστὸν
1423 4925 1835 4997 εὐαγγελιστὴν,

249 5040 272 5076 s
295 5017 597 5084 ’Δκούσας,
629 5019 710 5071 ὅτι
747 5019 996 5089 Ἰωάννης
1032 5016 1334 5088 παρεδόθη,
1381 5013 1728 5086 ἀνεχώρησεν
1760 5017 1840 5078 είς

243 5113 354 5186 τὴν
391 5109 704 5175 Γαλιλαίαν,
752 5109 846 5164 καὶ
893 5107 1206 5163 καταλιπὼν
1248 5104 1346 5179 τὴν
1371 5105 1626 5178 Ναζαρὲθ
1671 5103 1841 5160 ἐλθὼν

245 5202 587 5277 κατῴκησεν
630 5203 709 5265 είς
740 5201 1108 5273 Καπερναοὺμ
1155 5200 1254 5272 τὴν
1291 5198 1740 5272 παραθαλασσίαν
1781 5199 1840 5254 ἐν

243 5295 432 5369 θρίοις
460 5291 744 5347 Ζαϐουλὼν
782 5291 876 5346 καὶ
910 5291 1253 5363 Νεφθαλείμ,
1294 5292 1442 5355 ὅπως
1486 5291 1745 5364 πληρωθῇ
1780 5290 1842 5344 τὸ

250 5387 430 5460 ῥηθὲν
470 5385 559 5440 διὰ
597 5385 816 5439 Ἡσαΐου
853 5383 946 5438 τοῦ
981 5385 1258 5456 προφήτου
1291 5382 1571 5452 λέγοντος⁸
1621 5384 1698 5454 Γῆ
1739 5384 1842 5437 Ζα-

247 5476 491 5542 ϐουλὼν,
537 5477 635 5532 καὶ
663 5477 736 5548 γῆ
761 5475 1075 5546 Νεφθαλεὶμ
1099 5516 1112 5540 ,
1157 5473 1272 5530 ὁδὸν
1306 5475 1580 5546 θαλάσσης
1602 5513 1616 5537 .
1667 5475 1840 5545 πέραν

247 5570 353 5624 τοῦ
396 5566 698 5641 Ἰορδάνου,
738 5566 998 5621 Γαλιλαία
1041 5565 1149 5619 τῶν
1188 5566 1378 5630 ἐθνῶν,
1424 5566 1452 5620 ὁ
1483 5565 1612 5630 λαὸς
1655 5565 1836 5636 καθή-

247 5676 427 5735 μενος
453 5662 514 5713 ἐν
546 5656 727 5712 σκότει
756 5656 873 5726 φῶς
899 5651 1005 5710 εἶδε
1038 5653 1202 5727 μέγα,
1234 5655 1327 5709 καὶ
1353 5658 1465 5721 soi;
1494 5656 1840 5711 κατοικοῦσιν

330 5817 377 5850 ⁸⁸
409 5815 610 5872 Matth.
645 5829 728 5877 Iv,
760 5812 880 5867 5-7.
958 5813 1002 5846 ⁵⁸
1043 5812 1147 5865 lsa.
1185 5827 1269 5876 PK,
1305 5810 1416 5866 1-6.

631 5902 904 5963 Parnm.
959 5902 1076 5961 Gn.
1127 5901 1324 5963 XXII.

1947 4546 2123 4618 gelus,
2182 4548 2438 4618 princeps
2497 4549 2670 4617 pacis,
2711 4548 2803 4619 jus
2845 4557 2899 4604 et
2940 4553 3237 4620 potentiam
3288 4555 3518 4622 habens,

1949 4638 2094 4694 Deus
2144 4638 2327 4703 fortis,
2381 4649 2537 4709 pater
2585 4641 2753 4695 futuri
2807 4644 2993 4696 saeculi
3015 4643 3080 4697 ⁸³.
3115 4663 3133 4697 ι
3169 4643 3374 4702 Praeter
3413 4649 3521 4704 alia

1947 4733 2132 4786 omnia
2148 4733 2418 4803 completa
2441 4740 2571 4788 sunt
2598 4734 2761 4788 etiam
2794 4735 2910 4789 haec
2937 4735 2990 4789 in
3019 4733 3301 4794 Salvatore
3325 4753 3392 4795 ac
3420 4738 3524 4796 Do-

1949 4825 2096 4879 mino
2127 4831 2318 4882 nostro
2358 4822 2512 4889 Iesu,
2544 4825 2637 4895 qui
2672 4825 2928 4882 Christus
2973 4827 3064 4884 Dei
3101 4837 3206 4890 est.
3239 4846 3349 4902 quo
3377 4840 3520 4888 tem-

1944 4931 2098 4987 pore,
2135 4925 2197 4972 ut
2223 4917 2445 4974 divinus
2491 4919 2824 4990 evangelista
2858 4931 3052 4976 auctor
3086 4931 3191 4987 est,
3224 4942 3243 4974 ι
3275 4922 3520 4984 Audiens

1944 5014 2089 5083 quod
2121 5011 2365 5069 Joannes
2407 5014 2650 5070 traditus
2678 5023 2844 5079 esset,
2877 5018 3108 5074 secessit
3136 5019 3191 5074 in
3217 5017 3519 5088 Galilaeam,

1945 5109 2000 5157 et
2034 5103 2222 5157 relicta
2251 5102 2542 5170 Nazareth,
2566 5106 2789 5160 veniens
2811 5106 3073 5161 habitavit
3095 5109 3148 5162 in
3178 5109 3523 5180 Capernaum

1941 5194 2099 5265 juxta
2150 5211 2302 5251 mare
2351 5197 2408 5251 in
2456 5196 2656 5253 ﬁnibus
2686 5196 2930 5253 Zabulon
2971 5207 3026 5254 et
3061 5198 3434 5271 Nephtbalim,
3463 5208 3524 5258 ut

1948 5288 2268 5358 impleretur
2295 5288 2442 5357 quod
2477 5289 2684 5344 dictum
2711 5297 2797 5345 est
2845 5305 2943 5360 per
2972 5289 3165 5347 Isaiam
3202 5294 3523 5363 prophetam

1947 5379 2216 5434 dicentem
2258 5393 2272 5432 :
2316 5377 2486 5435 Terra
2536 5378 2804 5446 Zabulon,
2847 5389 2901 5436 et
2950 5389 3094 5438 terra
3152 5383 3523 5454 Nephthalim,

1945 5472 2088 5526 viam
2121 5472 2312 5536 maris,
2350 5479 2503 5528 trans
2541 5472 2834 5529 Iordanem
2862 5471 3082 5530 Galilaza
3117 5477 3396 5546 gentium:
3427 5493 3527 5541 po-

1946 5563 2110 5634 pulus
2141 5562 2338 5620 sedens
2386 5565 2442 5618 in
2486 5564 2729 5619 tenebris
2778 5563 2916 5620 vidit
2955 5566 3136 5622 lucem
3165 5583 3448 5640 magnam,
3473 5577 3529 5624 et

1945 5655 2321 5714 habitantibus
2365 5657 2422 5712 in
2460 5659 2680 5728 regione
2708 5666 2763 5714 et
2792 5658 2989 5715 umbra
3016 5661 3231 5730 mortis,
3269 5661 3362 5716 lux
3406 5670 3527 5718 orta

3098 5908 3178 5968 2'2
