3908 6266
431 227 537 286 ὓ83

1009 196 1019 204 ’
1097 221 1362 279 nusenu
1397 222 1872 281 cmsamnusus
1909 225 1967 281 οι

2092 227 2271 282 PARS
2310 225 2372 283 ll.
2396 259 2466 270 -—
2494 227 2971 289 APOLOGETICA

3552 243 3647 299 684

431 359 517 407 est
549 351 651 407 eis.
687 349 764 404 Ex
798 349 892 404 illo
919 348 1081 419 igitur
1110 347 1277 419 cmpit
1309 345 1468 402 Jesus
1508 348 1804 417 praedicare
1830 356 1884 402 et
1909 349 1963 403 di

2091 353 2150 404 ὲν
2187 349 2338 421 χώρᾳ
2377 351 2471 404 καὶ
2517 354 2647 422 σκιᾷ
2685 352 2913 406 θανάτου
2938 395 2953 418 ,
2987 354 3103 424 φῶς
3145 355 3416 412 ἀνέτειλεν
3449 361 3648 426 αὐτοῖς.

432 462 556 500 cere
584 461 596 496 :
630 441 1010 497 Paenitentiam
1044 439 1204 510 agite.
1237 439 1497 508 quoniam
1537 441 1992 510 appropinquavit

431 519 657 605 regnum
683 533 964 588 ccelorum.
997 528 1320 586 Praeterieris
1347 537 1528 585 autem
1549 529 1704 600 juxta
1723 545 1872 586 mare
1894 529 1994 584 Ga-

432 627 582 680 lilaae
606 624 741 679 vidit
763 623 900 677 duos
931 622 1147 688 fratres,
1181 620 1490 676 Simeonem
1521 621 1615 690 qui
1639 630 1864 677 vocatur
1888 620 1990 676 Pe-

429 729 571 782 trus,
618 711 671 772 et
711 715 984 770 Andream
1033 713 1256 769 fratrem
1307 714 1426 784 ejus
1472 716 1750 770 mittentes
1781 723 1894 769 rete
1931 717 1989 770 in

430 825 614 865 mare:
647 816 805 863 erant
853 808 996 862 enim
1052 807 1374 877 piscatores;
1404 813 1459 862 et
1498 807 1574 860 ait
1604 807 1711 861 illis
1745 826 1758 862 :
1795 805 1990 863 Venite

427 909 548 972 post
572 917 678 966 me,
702 909 757 956 et
790 900 985 957 faciam
1009 916 1104 955 vos
1129 901 1428 970 piscatores
1459 899 1759 954 hominum.
1787 900 1867 954 llli
1893 916 1989 954 au-

423 995 532 1048 tem
559 993 742 1046 statim
772 992 976 1047 relictis
1003 992 1207 1047 retibus
1235 991 1406 1046 secuti
1437 999 1566 1045 sunt
1601 1006 1744 1046 eum.
1781 991 1844 1044 Et
1869 1006 1990 1060 pro-

426 1085 606 1140 fectus
645 1085 771 1141 inde
803 1084 939 1139 vidit
981 1083 1116 1139 alios
1147 1085 1284 1139 duos
1319 1082 1535 1149 fratres,
1567 1082 1829 1138 Jacobum
1883 1085 1985 1138 Ze-

425 1177 616 1241 bedaei,
639 1185 692 1231 et
721 1174 983 1231 Joannem
1021 1173 1242 1230 fratrem
1273 1175 1393 1244 ejus
1425 1175 1480 1228 in
1514 1176 1638 1228 navi
1669 1189 1792 1228 cum
1829 1172 1990 1228 Zebe-

423 1271 540 1324 «laxo
567 1277 720 1339 patre
749 1269 988 1338 ipsorum
1023 1267 1330 1322 reﬁcientes
1368 1267 1505 1322 retia
1539 1281 1659 1329 sua,
1687 1274 1742 1320 et
1772 1266 1988 1321 vocavit

422 1377 517 1416 eos
546 1377 558 1411 :
595 1359 672 1414 illi
705 1366 880 1413 autem
917 1359 1176 1414 continuo
1204 1359 1388 1412 relicta
1421 1357 1545 1411 navi
1571 1364 1625 1411 et
1655 1364 1808 1425 patre
1837 1356 1982 1426 ipso-

422 1464 566 1514 rum,
597 1450 770 1505 secuti
797 1456 923 1503 sunt
951 1463 1092 1502 eum.
1123 1448 1188 1500 Et
1208 1445 1478 1501 circuibat
1505 1444 1664 1500 Jesus
1689 1453 1856 1500 totam
1887 1443 1988 1499 Ga-

421 1542 615 1596 lilaeam
643 1540 844 1596 docens
874 1541 928 1593 in
953 1539 1310 1594 conventibus
1337 1555 1549 1603 eorum,
1583 1537 1746 1610 5.39
1765 1546 1825 1593 ειν
1847 1555 1986 1608 prae-

417 1633 608 1689 dicans
637 1632 983 1703 Evangelium
1025 1632 1256 1703 regni,et
1286 1647 1484 1688 sanans
1516 1647 1732 1686 omnem
1764 1631 1984 1700 aegritu-

2106 441 2237 494 Ἀπὸ
2280 441 2400 493 τότε
2443 441 2573 509 γοῦν
2620 438 2822 513 ἤρξατο
2879 448 2908 498 ὁ
2953 445 3160 516 Ἰησοῦς
3213 449 3506 520 κηρύσσειν
3565 456 3651 508 καὶ

2090 533 2266 602 λέγειν
2291 551 2304 563 ο
2364 535 2689 588 Μετανοεῖτε
2712 577 2726 599 ,
2773 537 2855 588 ὅτι
2887 537 3114 607 ἤγγικεν
3169 539 3202 610 ἡ
3252 539 3494 609 βασιλεία
3551 544 3653 598 τῶν

2089 626 2351 698 οὐρανῶν.
2387 627 2658 699 Παράγων
2691 628 2747 681 δὲ
2783 628 2934 698 παρά
2966 628 3064 700 τὴν
3103 629 3375 686 θάλασσαν
3419 634 3518 704 τῆς
3550 636 3650 688 Γα-

2088 717 2296 781 λιλαίας
2329 713 2435 770 εἶδε
2476 718 2567 770 δύο
2607 718 2901 787 ἀδελφοὺς,
2936 720 3150 790 Σίμωνα
3192 722 3284 776 τὸν
3329 724 3652 796 καλούμενον

2089 809 2312 881 Πέτρον,
2351 810 2446 862 καὶ
2473 810 2726 882 Ἀνδρέαν
2755 811 2846 864 τὸν
2883 811 3108 882 ἀδελφὸν
3140 811 3328 878 αὐτοῦ,
3366 814 3650 884 βάλλοντας

2087 899 2491 970 ἀμφίϐληστρον
2537 902 2617 964 εἰς
2653 900 2749 973 τὴν
2783 900 3053 956 θάλασσαν
3075 919 3089 932 ·
3126 899 3264 975 ἦσαν
3311 905 3419 976 γὰρ
3453 907 3645 971 ἁλιεῖς·

2087 994 2180 1044 καὶ
2219 991 2364 1060 λέγει
2415 992 2625 1056 αὐτοῖς’
2673 992 2834 1046 Δεῦτε
2881 993 3054 1047 ὀπίσω
3103 1013 3237 1065 μου,
3297 997 3389 1050 καὶ
3439 1001 3652 1068 ποιήσω

2087 1081 2229 1150 ὑμᾶς
2275 1081 2445 1144 ἁλιεῖς
2495 1081 2820 1153 ἀνθρώπων.
2872 1084 2933 1136 Oi
2981 1085 3038 1137 δὲ
3081 1085 3280 1149 εὐθέως
3325 1087 3554 1156 ἀφέντες
3591 1089 3652 1142 τά

2085 1174 2274 1226 δίκτυα
2301 1173 2669 1244 ἠκολούθησαν
2707 1175 2872 1245 αὐτῷ.
2900 1177 3010 1230 Καὶ
3041 1177 3248 1248 προϐὰς
3277 1179 3484 1232 ἐκεῖθεν
3516 1174 3650 1233 εἶδεν

2085 1266 2275 1330 ἄλλους
2309 1267 2402 1320 δύο
2445 1267 2726 1336 ἀδελφοὺς,
2762 1267 3012 1322 Ἰάκωϐον
3064 1270 3153 1322 τὸν
3203 1269 3294 1322 τοῦ
3345 1269 3650 1336 Ζεϐεδαίου,

2083 1359 2175 1411 καὶ
2200 1359 2459 1430 ,Ἰωάννην
2488 1359 2578 1413 τὸν
2615 1358 2838 1428 ἀδελφὸν
2883 1360 3066 1424 αὐτοῦ,
3102 1363 3158 1414 έν
3188 1360 3267 1431 τῷ
3310 1360 3477 1432 πλοίῳ
3515 1363 3650 1432 μετὰ

2083 1448 2365 1504 Ζεϐεδαίου
2389 1450 2480 1503 τοῦ
2505 1450 2705 1522 πατρὸς
2729 1449 2906 1504 αὐτῶν
2928 1452 3350 1523 καταρτίζοντας
3374 1451 3441 1504 τὰ
3465 1453 3650 1507 δίκτυα

2082 1541 2281 1607 αὐτῶν,
2323 1543 2416 1596 καὶ
2448 1542 2700 1596 ἐκάλεσεν
2728 1543 2941 1606 αὐτούς.
2979 1545 3040 1596 Οἱ
3072 1544 3130 1596 δὲ
3167 1543 3386 1608 εὐθέως,
3417 1544 3646 1614 ἀφέντες

2081 1636 2142 1688 τὸ
2195 1635 2374 1688 πλοῖον
2439 1636 2533 1688 καὶ
2590 1635 2683 1688 τὸν
2734 1635 2947 1706 πατέρα
3009 1635 3219 1698 αὐτῶν,
3277 1635 3647 1706 ἠκολούθησαν

416 1726 596 1780 dinem
621 1734 672 1780 et
697 1741 909 1780 omnem
939 1725 1253 1796 languorem
1277 1725 1331 1779 in
1364 1724 1580 1796 populo.
1611 1723 1674 1778 Et
1703 1725 1834 1779 abiit
1864 1725 1967 1794 opi-

2083 1724 2250 1796 αὐτῷ.
2285 1727 2395 1780 Καὶ
2425 1726 2686 1797 περιῆγεν
2731 1727 2760 1778 6
2799 1726 3000 1796 Ἰησοῦς
3041 1727 3168 1798 ὃλην
3214 1726 3310 1797 τὴν
3341 1705 3645 1792 Γαλιλαίαν,

416 1819 508 1870 nio
535 1817 654 1886 ejus
685 1815 741 1870 in
778 1823 943 1870 totam
981 1815 1193 1885 Syriam
1223 1835 1235 1870 :
1279 1824 1333 1870 et
1365 1815 1660 1870 aﬂ‘erebant
1685 1815 1735 1870 ei
1787 1830 1978 1871 omnes

414 1910 556 1964 male
606 1908 889 1975 habentes,
922 1909 1090 1963 variis
1131 1907 1336 1961 morbis
1369 1915 1423 1961 et
1460 1907 1796 1963 cruciatibus
1827 1922 1979 1962 com-

413 1998 734 2068 prehensos.
767 2005 822 2052 et
859 1997 1127 2052 daemonia
1168 1996 1456 2062 habentes,
1497 2004 1552 2051 et
1602 1997 1892 2060 lunaticos,
1925 2005 1978 2051 et

411 2090 759 2160 paralyticos,
819 2097 873 2144 et
919 2088 1148 2143 sanabat
1179 2102 1294 2152 eos,
1345 2096 1404 2141 et
1458 2087 1826 2157 sequebantur
1852 2103 1974 2143 eum

408 2183 586 2238 turba:
631 2181 814 2235 multae
844 2197 875 2235 a
903 2180 1126 2235 Galilaea
1149 2182 1213 2234 ⁶⁰.
1255 2199 1273 2232 ι
1318 2179 1461 2234 Sane
1493 2180 1607 2234 haec
1637 2181 1817 2234 omnia
1845 2196 1975 2250 pro-

409 2284 532 2345 pter
565 2275 904 2344 prophetiam
948 2273 1198 2343 exposui,
1236 2289 1356 2343 quaa
1386 2274 1440 2327 in
1473 2272 1690 2328 Galilaea
1719 2289 1974 2344 magnum

413 2367 593 2420 lumen
623 2367 736 2420 fore
764 2366 1069 2435 pollicetur,
1095 2375 1150 2420 et
1177 2366 1231 2419 in
1264 2367 1483 2437 regione
1513 2366 1754 2420 Zabulon
1779 2381 1841 2420 ac
1865 2365 1974 2420 Ne-

411 2457 694 2526 phthalim,
730 2473 852 2512 cum
889 2465 1069 2511 tamen
1117 2467 1309 2511 neutra
1343 2458 1412 2511 sit
1457 2456 1674 2511 Galilaea
1710 2457 1972 2527 gentium.

407 2550 518 2601 Cur
541 2560 720 2602 autem
745 2549 801 2603 in
830 2547 1048 2603 (ialilaza
1079 2549 1318 2619 gentium
1346 2549 1639 2618 plurimum
1664 2548 1974 2604 diversatus

406 2642 526 2696 est?
554 2641 820 2695 Mmirum
849 2649 907 2695 ut
938 2640 1180 2695 omnium
1212 2641 1452 2711 gentium
1485 2641 1786 2696 vocationis
1815 2655 1974 2694 exor-

407 2733 496 2785 dia
527 2731 914 2794 constitueret;
947 2730 1147 2784 etenim
1179 2731 1306 2784 inde
1353 2730 1625 2800 profectos
1674 2732 1972 2800 discipulos

407 2839 536 2878 suos
567 2824 829 2878 evocavit.
860 2822 1127 2888 Quocirca
1159 2821 1324 2892 pau'lo
1363 2832 1484 2892 post
1503 2825 1555 2877 in
1579 2825 1768 2878 eodem
1800 2823 1974 2880 Evan-

405 2917 544 2986 gelio
565 2916 806 2971 invenies
829 2915 1137 2970 Matthaaum
1160 2915 1227 2970 de
1247 2913 1465 2970 Galilzea
1491 2924 1740 2971 vocatum
1762 2916 1964 2974 fuisse:

399 3014 458 3061 et
497 3008 549 3060 in
585 3007 693 3061 alio
733 3018 926 3061 rurSus
973 3006 1124 3062 Levi.
1157 3006 1440 3078 Philippus
1485 3016 1686 3074 autem,
1715 3016 1773 3064 ut
1823 3010 1965 3080 apud

401 3098 664 3153 ioannem
695 3099 912 3169 legitur,
944 3099 1010 3153 de
1049 3075 1354 3155 Bethsaid—a
1378 3099 1656 3170 profectus
1694 3108 1778 3156 est
1833 3075 1967 3156 civi-
1992 3075 2037 3137 Ο

396 3198 515 3246 tate
543 3191 771 3245 Andreae
800 3199 853 3246 et
885 3191 1029 3246 Petri
1054 3209 1067 3242 :
1101 3193 1250 3262 atqui
1275 3193 1387 3247 haec
1416 3193 1531 3262 ipsa
1565 3201 1682 3248 erat
1711 3195 1962 3250 Galilaaa.

395 3281 546 3347 'Quin
574 3281 736 3335 etiam
775 3281 919 3350 apud
965 3282 1213 3336 eumdem
1247 3283 1632 3352 evangelistam
1665 3287 1866 3354 nuptiae
1895 3287 1967 3340 fa-

401 3381 504 3427 ctae
532 3381 662 3428 Sunt
691 3375 746 3428 in
769 3374 918 3429 Cana
945 3372 1199 3440 Galilaaae,
1231 3374 1323 3429 ubi
1351 3391 1474 3429 cum
1510 3375 1770 3432 Dominus
1801 3377 1966 3432 admi-

403 3465 644 3518 rabiliter
677 3480 871 3535 aquam
903 3465 958 3518 in
991 3465 1178 3530 vinum
1213 3474 1623 3532 commutasset,
1670 3469 1965 3523 miraculo-

394 3571 521 3609 rum
549 3556 746 3612 ibidem
779 3557 992 3616 initium
1027 3557 1171 3620 fecit,
1206 3572 1314 3628 quo
1345 3566 1587 3629 tempore
1618 3579 1636 3610 ι
1669 3561 1964 3616 declaravit

401 3646 628 3714 gloriam
678 3657 916 3708 suam,et
945 3648 1296 3702 crediderunt
1331 3649 1383 3703 in
1417 3666 1540 3704 eum
1566 3649 1896 3720 discipuli".
1937 3671 1956 3704 ι

391 3733 697 3793 Considera
728 3753 854 3792 vero
886 3753 1017 3792 num
1048 3739 1152 3793 hoc
1183 3740 1360 3808 ipsum
1393 3740 1628 3808 primum
1665 3739 1962 3798 Salvatoris

391 3830 573 3886 nostri
627 3830 971 3894 miraculum,
1021 3830 1165 3900 quod
1198 3830 1254 3884 in
1305 3826 1453 3884 Cana
1482 3830 1714 3886 Galilaeae
1752 3834 1958 3888 editum

395 3928 501 3984 est,
530 3923 658 3975 dum
688 3936 826 3990 aqua
856 3921 910 3974 in
948 3922 1135 3975 vinum
1174 3929 1565 3988 commutatur,
1617 3924 1872 3981 divinans
1901 3925 1958 3980 in

392 4017 513 4084 ipso
559 4015 857 4084 prophetiae
891 4014 1176 4083 principio,
1208 4029 1272 4068 ea
1323 4031 1443 4087 quae
1495 4033 1641 4070 nunc
1692 4025 1959 4072 tractatur

393 4107 568 4160 oratio
604 4105 869 4175 signiﬁcet
909 4105 1016 4159 illis
1063 4107 1280 4160 verbis:
1316 4124 1336 4158 ι
1371 4106 1484 4160 Hoc
1530 4109 1762 4176 primum
1808 4109 1953 4176 bibe,

389 4198 502 4250 cito
533 4196 638 4260 fac,
670 4197 818 4266 regio
855 4195 1103 4249 Zabulon
1146 4205 1200 4250 et
1241 4204 1386 4251 terra
1439 4197 1800 4268 Nephthalim,
1847 4198 1954 4254 Ga-

391 4288 528 4340 lilaaa
557 4289 817 4356 gentium.
841 4306 858 4337 ι
894 4284 1046 4351 Quod
1082 4287 1126 4341 si
1159 4287 1263 4341 tale
1291 4286 1613 4342 miraculum
1645 4297 1772 4343 nota
1799 4305 1952 4359 quae-

2079 1817 2340 1872 διδάσκων
2372 1819 2426 1870 ὲν
2452 1821 2569 1882 ταῖς
2603 1821 2940 1886 συναγωγαῖς
2985 1818 3183 1883 αὐτῶν,
3214 1819 3306 1871 καὶ
3353 1819 3646 1890 κηρύσσων

2075 1910 2137 1962 τὸ
2172 1910 2498 1979 Εὐαγγέλιον
2529 1909 2626 1980 τῆς
2661 1910 2949 1980 βασιλείας,
2985 1911 3078 1964 καὶ
3115 1909 3430 1982 θεραπεύων
3467 1913 3642 1964 πᾶσαν

2076 2003 2249 2065 νόσον,
2281 2005 2376 2056 καὶ
2411 2005 2590 2058 πᾶσαν
2640 2003 2906 2074 μαλακίαν
2946 2005 3003 2055 ὲν
3031 2002 3106 2073 τῷ
3150 2003 3281 2074 λαῷ.
3316 2004 3425 2056 Καὶ
3466 2004 3642 2074 ἀπῆλ-

2076 2095 2165 2148 θεν
2191 2097 2230 2166 ίὴ
2262 2096 2396 2167 ἀκοὴ
2434 2096 2595 2150 αὐτοῦ
2631 2099 2708 2160 είς
2741 2095 2868 2166 ὅλην
2904 2096 3002 2167 τὴν
3052 2096 3247 2167 Συρίαν
3270 2112 3284 2126 ·
3334 2095 3428 2148 καὶ
3475 2113 3645 2168 προσ-

2080 2187 2315 2257 ήνεγκαν
2342 2188 2487 2258 αὐτῷ
2520 2188 2725 2252 πάντας
2751 2188 2876 2250 τοὺς
2906 2187 3090 2252 κακῶς
3120 2188 3358 2258 ἔχοντας,
3375 2187 3645 2250 ποικίλαις

2074 2276 2246 2339 νόσοις
2278 2278 2371 2330 καὶ
2406 2276 2655 2346 βασάνοις
2694 2275 3102 2346 συνεχομένους,
3147 2273 3643 2346 δαιμονιζομένους,

2075 2369 2168 2421 καὶ
2202 2366 2702 2438 σεληνιαζομένους,
2733 2369 2826 2421 καὶ
2858 2365 3278 2439 παραλυτικοὺς,
3311 2364 3404 2418 καὶ
3445 2363 3641 2435 ἐθερά-

2075 2477 2271 2514 πευσεν
2305 2461 2534 2525 αὐτοὺς,
2572 2461 2664 2513 καὶ
2701 2460 3068 2531 ἠκολούθησαν
3098 2456 3246 2528 αὐτῷ
3273 2457 3416 2527 ὄχλοι
3460 2457 3644 2512 πολλοὶ

2073 2553 2179 2605 ἀπὸ
2207 2553 2303 2624 τῆς
2334 2551 2638 2615 Γαλιλαίας.
2675 2571 2694 2604 ι
2731 2553 2866 2606 ’Ὀλα
2897 2553 2953 2604 δὲ
2992 2549 3162 2604 ταῦτα
3194 2548 3505 2619 ὲκτέθειμαι
3543 2549 3644 2619 τῆς

2073 2643 2404 2716 προφητείας
2440 2643 2644 2708 ἕνεκεν,
2688 2648 2754 2716 τῇ
2780 2642 3034 2713 Γαλιλαίᾳ
3072 2642 3213 2712 μέγα
3259 2639 3373 2708 φῶς
3419 2639 3642 2692 ἔσεσθαι

2072 2735 2547 2806 ὲπαγγελλομένης
2560 2739 2625 2806 τῇ
2644 2754 2701 2788 τε
2721 2734 2870 2807 χώρᾳ
2889 2733 3168 2788 Ζαϐουλὼν
3193 2734 3286 2788 καὶ
3298 2735 3342 2786 Ν
3348 2733 3637 2803 εφθαλεὶμ,

2070 2829 2323 2900 οὐδετέρᾳ
2358 2827 2697 2902 τυγχανούσῃ
2728 2828 2826 2899 τῆς
2857 2826 3147 2890 Γαλιλαίας
3172 2826 3280 2880 τῶν
3319 2825 3507 2882 ἐθνῶν.
3541 2825 3640 2878 Διὰ

2069 2919 2121 2972 τί
2149 2919 2204 2972 δὲ
2233 2921 2323 2972 ἐπὶ
2356 2921 2454 2990 τῆς
2482 2918 2772 2982 Γαλιλαίας
2813 2918 2920 2970 τῶν
2972 2916 3139 2970 ἐθνῶν
3169 2917 3410 2989 κλήσεως
3454 2915 3639 2987 προοί-

2073 3028 2172 3081 μια
2234 3011 2735 3081 καταϐαλλόμενος;
2815 3009 3060 3063 ἐντεῦθεν
3113 3008 3241 3078 γοῦν
3285 3009 3640 3079 ὁρμωμένους

2065 3102 2189 3164 τοὺς
2222 3101 2384 3154 αὐτοῦ
2427 3101 2670 3172 μαθητὰς
2714 3101 3067 3173 ἀνακέκλητο.
3112 3100 3200 3153 Διὸ
3251 3099 3384 3170 μετά
3431 3097 3637 3170 βραχέα

2065 3192 2158 3244 τοῦ
2204 3193 2535 3262 Εὐαγγελίου
2589 3194 2841 3265 εὑρήσεις
2891 3193 2996 3246 ἀπὸ
3055 3193 3154 3263 τῆς
3196 3190 3481 3253 Γαλιλαίας
3545 3191 3636 3242 τὸν

2064 3283 2335 3336 Ματθαῖον
2387 3283 2740 3355 κεκλημένον,
2796 3285 2890 3337 καὶ
2941 3285 2998 3336 ἐν
3048 3283 3215 3352 ἑτέρῳ
3245 3283 3300 3336 δὲ
3336 3281 3494 3334 πάλιν
3540 3279 3635 3332 τὸν

2063 3374 2244 3428 Λευῒν.
2290 3375 2400 3426 Καὶ
2447 3376 2474 3426 6
2527 3374 2788 3437 Φίλιππος
2833 3374 2890 3426 δὲ
2931 3372 3071 3426 κατά
3110 3373 3199 3424 τὸν
3234 3372 3482 3441 Ἰωάννην
3520 3370 3634 3424 ἀπὸ

2065 3463 2333 3534 Βηθσαϊδὰ
2364 3464 2586 3536 ὡρμᾶτο
2621 3465 2685 3516 ἐκ
2723 3464 2819 3534 τῆς
2860 3463 3064 3525 πόλεως
3113 3461 3354 3531 Ἀνδρέου
3398 3459 3492 3512 καὶ
3525 3460 3634 3512 Πέ-

2062 3573 2188 3628 τρου
2209 3573 2220 3585 ·
2253 3557 2346 3609 καὶ
2373 3555 2510 3627 αὐτη
2537 3555 2593 3608 δὲ
2621 3554 2720 3624 τῆς
2747 3553 3029 3615 Γαλιλαίας
3056 3547 3144 3623 ῆν.
3186 3549 3342 3603 Ἀλλὰ
3373 3549 3467 3603 καὶ
3497 3551 3628 3620 παρ’
3700 3580 3706 3588 -

2061 3647 2209 3718 αὐτῷ
2238 3647 2315 3718 τῷ
2356 3647 2712 3718 εὐαγγελιστῇ
2758 3647 2932 3716 γάμος
2983 3643 3198 3712 ἐγένετο
3250 3645 3307 3695 ὲν
3328 3642 3485 3710 Κανᾷ
3527 3643 3628 3712 τῆς

2060 3740 2373 3804 Γαλιλαίας,
2405 3739 2532 3793 ἔνθα
2569 3738 2881 3810 παραδόξως
2920 3739 2948 3790 6
2973 3735 3172 3808 Κύριος
3212 3733 3300 3788 τὸν
3345 3732 3404 3797 ἐξ
3437 3732 3628 3796 ὕδατος

2059 3827 2199 3884 οἶνον
2252 3830 2662 3902 μετασκευάσας
2686 3870 2701 3896 ,
2761 3829 2933 3899 ἀρχὴν
2986 3826 3170 3879 αὐτόθι
3221 3824 3329 3877 τῶν
3382 3823 3625 3895 σημείων

2059 3923 2369 3992 ἐποιήσατο,
2415 3924 2503 3976 ὅτε
2549 3922 2642 3975 καὶ
2696 3939 2714 3971 ι
2749 3920 3054 3991 ἐφανέρωσε
3101 3919 3197 3990 τὴν
3240 3916 3392 3982 δόξαν
3431 3915 3619 3976 αὐτοῦ.

2059 4015 2152 4066 καὶ
2194 4013 2515 4065 ἐπίστευσαν
2563 4013 2612 4062 οἱ
2666 4010 2918 4081 μαθηταί.
2947 4029 2963 4061 ι
3020 4009 3128 4062 Θέα
3175 4009 3230 4062 δὲ
3279 4010 3327 4060 εί
3377 4005 3450 4078 μὴ
3490 4005 3621 4060 αὐτὸ

2056 4101 2212 4154 τοῦτο
2253 4100 2466 4171 πρῶτον
2500 4099 2592 4152 τοῦ
2631 4098 2877 4170 Σωτῆρος
2922 4097 3077 4169 ἡμῶν
3125 4096 3328 4167 θαῦμα,
3377 4098 3432 4149 ὲν
3463 4097 3620 4168 Κανᾷ

2056 4194 2154 4264 τῆς
2178 4193 2463 4256 Γαλιλαίας
2495 4192 2782 4263 γενόμενον
2816 4189 2908 4242 ἐπὶ
2936 4189 3036 4259 τῆς
3066 4189 3157 4242 τοῦ
3191 4189 3330 4240 οἴνου
3383 4187 3614 4259 μεταϐο-

2055 4285 2171 4356 λῆς,
2203 4284 2468 4348 θεσπίζων
2503 4286 2559 4336 ὲν
2588 4284 2726 4353 ἀρχῇ
2769 4282 2865 4352 τῆς
2901 4279 3235 4352 προφητείας
3287 4280 3615 4350 παρίστησιν

379 4379 514 4432 dam
565 4379 667 4432 fuit
714 4379 1015 4433 arcanioris
1063 4378 1306 4432 misturae
1352 4395 1420 4434 ex
1465 4395 1528 4434 ea
1578 4390 1946 4446 commutata,

2067 4380 2082 4430 5
2114 4375 2300 4447 παρὼν
2331 4376 2504 4444 λόγος,
2534 4375 2755 4443 φάσκων
2774 4389 2788 4402 ·
2830 4392 2847 4423 ι
2872 4371 3040 4425 Τοῦτο
3086 4370 3300 4442 πρῶτον
3335 4370 3444 4434 πίε,
3476 4371 3610 4439 ταχύ

387 4486 507 4540 quae
537 4471 605 4525 ad
631 4485 830 4540 corpus
864 4471 1037 4540 magis
1071 4478 1364 4540 spectaret,
1396 4473 1451 4525 in
1475 4472 1859 4542 intelligentem
1885 4489 1950 4528 ac

2067 4462 2215 4526 τοίει,
2248 4460 2398 4533 χώρα
2425 4458 2706 4514 Ζαϐουλὼν
2757 4459 2849 4513 καὶ
2881 4459 2951 4528 γῆ
2985 4457 3320 4528 Νεφθαλεὶμ,
3355 4457 3608 4511 Γαλιλαία

384 4563 720 4633 spiritualem
744 4563 982 4617 lartitiam
1006 4563 1304 4632 spectantis
1336 4563 1403 4617 ad
1429 4563 1586 4618 [idem
1607 4563 1739 4619 Novi
1758 4565 1950 4621 Testa-

373 4655 550 4710 menti
596 4655 861 4716 misturaa,
898 4654 1020 4708 vide
1069 4670 1136 4708 ne
1165 4655 1269 4710 hoc
1322 4655 1500 4724 ipsum
1531 4672 1748 4728 quoque
1777 4658 1845 4711 ad
1883 4672 1947 4712 ea

375 4762 504 4815 quae
534 4745 602 4800 de
634 4745 853 4799 Galilaaa
887 4745 1032 4798 dicta
1075 4753 1224 4809 sunt,
1271 4747 1680 4802 accommodate
1735 4748 1945 4819 signiﬁ-

374 4839 602 4900 caverit,
641 4852 844 4891 canens
872 4836 1328 4906 quemadmodum
1357 4837 1464 4892 sub
1495 4837 1699 4894 Christi
1746 4839 1947 4894 adven-

376 4939 495 4983 tum
529 4929 690 4998 primi
735 4929 1001 4992 omnium,
1038 4928 1076 4982 ii
1109 4929 1200 4998 qui
1229 4929 1475 4984 Zabulon
1504 4945 1568 4984 ac
1595 4930 1940 5001 Nephthalim

377 5021 704 5083 habitarent,
737 5035 844 5073 non
909 5027 1088 5074 autem
1121 5021 1212 5090 qui
1244 5019 1486 5076 Judaeam
1520 5030 1573 5075 et
1613 5021 1940 5086 Jerusalem,

376 5121 539 5180 potus
594 5111 917 5181 evangelicae
962 5111 1368 5180 praedicationis
1421 5113 1717 5182 participes
1770 5112 1940 5167 futuri

374 5215 579 5260 essent.
614 5204 786 5259 Porro
821 5205 906 5261 bis
934 5204 1134 5260 latitia:
1169 5220 1392 5260 causam
1417 5207 1490 5258 ait
1521 5205 1710 5268 fuisse,
1751 5206 1940 5277 ingen-

377 5298 448 5353 tis
478 5297 616 5352 lucis
640 5298 1082 5363 illustrationem,
1113 5297 1206 5366 qui
1244 5297 1463 5366 quidem
1501 5305 1626 5350 ante
1647 5296 1937 5354 adventum

377 5392 430 5444 in
473 5389 713 5444 tenebris
751 5390 1024 5452 sedentes,
1075 5389 1128 5442 in
1173 5389 1397 5458 regione
1431 5395 1482 5444 et
1521 5389 1715 5442 umbra
1746 5389 1937 5445 mortis

377 5481 658 5536 sedebant.
695 5479 894 5533 Exorto
937 5487 1114 5534 autem
1161 5479 1270 5533 illis
1317 5479 1546 5533 salutari
1597 5478 1819 5544 lumine,
1861 5479 1936 5533 ita

445 5664 487 5693 ⁶⁰
531 5659 699 5714 Matth
756 5677 838 5723 iv,
876 5660 1061 5716 12-25.
1138 5661 1176 5690 "
1208 5658 1364 5713 Joan.
1401 5674 1468 5724 ιι,
1505 5658 1587 5712 ll.

2050 4561 2156 4615 τῶν
2197 4559 2384 4613 ἐθνῶν.
2417 4579 2436 4610 ι
2490 4561 2553 4611 Εἰ
2587 4559 2644 4612 δὲ
2685 4556 2946 4629 σύμϐολον
2978 4554 3045 4628 ῆν
3078 4555 3139 4608 τὸ
3185 4555 3484 4625 παράδοξον
3521 4573 3610 4626 μυ-

2052 4651 2373 4719 στικωτέρου
2405 4652 2702 4723 κράματος,
2738 4647 3161 4720 μεταϐληθέντος
3194 4649 3257 4699 ἐκ
3289 4647 3388 4717 τῆς
3427 4664 3607 4717 σωμα-

2046 4744 2345 4814 τικωτέρας
2379 4743 2471 4795 ἐπὶ
2500 4743 2598 4813 τὴν
2628 4740 2815 4811 γοερὰν
2858 4739 2951 4792 καὶ
2994 4738 3362 4809 πνευματικὴν
3411 4738 3604 4808 εὐφρο-

2049 4835 2213 4906 σύνην
2242 4833 2334 4886 τοῦ
2371 4832 2616 4887 πιστικοῦ
2654 4831 2754 4901 τῆς
2786 4831 2977 4900 καινῆς
3006 4829 3276 4900 Διαθήκης
3305 4827 3599 4898 κράματος,

2040 4927 2142 4996 ὅρα
2194 4927 2399 4996 μήποτε
2442 4924 2533 4977 καὶ⁸
2570 4921 2725 4976 τοῦτο
2766 4923 2877 4982 τοῖς
2915 4919 3042 4991 περὶ
3081 4919 3177 4990 τῆς
3201 4917 3492 4980 Γαλιλαίας
3513 4916 3602 4974 δη-

2042 5019 2317 5089 λουμένοις
2365 5014 2667 5078 ἀκολούθως
2715 5014 2954 5086 ᾐνίττετο
2978 5050 2993 5075 ,
3044 5009 3346 5074 θεσπίζων,
3391 5008 3466 5072 ὡς
3498 5008 3597 5080 ἄρα

2045 5111 2398 5183 μελλήσουσιν
2453 5109 2543 5162 ἐπὶ
2589 5110 2654 5178 τῇ
2703 5105 2938 5178 Χριστοῦ
2993 5102 3262 5176 παρουσίᾳ
3310 5099 3595 5172 πρώτιστοι

2042 5203 2257 5256 πάντων
2295 5203 2344 5254 οἱ
2381 5201 2475 5271 τὴν
2501 5197 2783 5254 Ζαϐουλὼν
2826 5199 2920 5250 καὶ
2948 5194 3262 5266 Νεφθαλεὶμ
3304 5191 3590 5252 οἰκοῦντες,

2039 5296 2153 5352 ἀλλ’
2181 5297 2277 5365 οὐχ
2316 5296 2365 5347 oi
2403 5293 2499 5364 τὴν
2535 5293 2790 5347 Ἰουδαίαν
2823 5292 2914 5345 καὶ
2945 5289 3041 5362 τὴν
3085 5287 3468 5361 Ἰερουσαλὴμ,
3503 5283 3590 5340 τοῦ

2039 5388 2277 5458 πόματος
2297 5384 2389 5438 τοῦ
2411 5383 2765 5452 εὐαγγελικοῦ
2799 5381 3150 5452 κηρύγματος
3174 5377 3582 5450 μεταλήψεσθαι.

2038 5479 2224 5532 Αἰτίαν
2247 5478 2303 5532 δὲ
2335 5475 2540 5540 τούτοις
2568 5475 2665 5546 τῆς
2699 5473 3033 5546 εὐφροσύνης
3065 5473 3198 5545 φησὶ
3225 5468 3472 5538 γενέσθαι
3495 5466 3585 5536 τὴν
