3908 6266
257 308 365 364 683

1191 294 1840 365 DEMONSTRATIONIS
1869 304 2327 363 EVANGELICE
2366 305 2476 362 LIB
2538 300 2628 365 rx.

3415 303 3520 365 686

257 423 348 479 τοῦ
385 423 624 494 μεγάλου
650 424 828 493 φωτὸς
853 423 1142 494 ἔκλαμψιν,
1172 423 1242 487 οἳ,
1267 424 1377 493 πρὸ
1398 425 1498 494 τῆς
1535 423 1840 494 παρουσίας

1949 421 2292 486 laetabuntur,
2334 431 2393 477 ut
2433 421 2467 475 ii
2499 423 2593 492 qui
2642 422 2895 475 laetantur
2940 420 2996 476 in
3037 435 3238 486 messe,
3287 431 3452 492 utque
3484 422 3519 475 ii

259 519 316 569 ἐν
361 515 544 568 σκότει
589 515 984 586 καθεζόμενοι,
1031 517 1090 568 ἐν
1119 514 1272 587 χώρᾳ
1303 517 1398 568 καὶ
1433 517 1560 586 σκιᾷ
1599 515 1830 568 θανάτου

256 607 440 676 διῆγον
461 620 474 636 ⁶
525 607 943 672 ἀνατεταλκότος
985 608 1042 662 δὲ
1073 608 1255 670 αὐτοῖς
1285 608 1378 660 τοῦ
1420 607 1688 678 σωτηρίου
1723 625 1835 676 φω-

257 697 365 761 τὸς,
408 697 598 752 τοῦτον
646 699 1108 772 εὐφρανθήσονται
1152 701 1244 753 τὸν
1287 700 1507 772 τρόπον,
1545 700 1620 763 ὡς
1659 703 1706 753 οί
1747 701 1836 753 εὐ-

258 794 609 864 φραινόμενοι
639 793 696 845 ἐν
715 791 930 862 ἀμητῷ,
961 795 1054 846 καὶ
1086 793 1143 846 ὃν
1169 793 1364 862 τρόπον
1397 795 1444 847 οἱ
1473 792 1834 863 διαιρούμενοι

259 883 452 936 σκῦλα,
508 885 618 936 Καὶ
666 884 836 937 ταῦτα
881 884 936 937 δὲ
976 884 1121 956 ἔργῳ
1171 885 1503 957 ἐπληροῦτο,
1555 887 1672 950 ὅτε,
1711 887 1836 950 τούς

256 979 588 1042 ἀποστόλους
620 981 648 1031 ὁ
671 980 858 1051 Σωτὴρ
891 980 1200 1053 καὶΚύριος
1231 982 1388 1053 ἡμῶν
1415 982 1523 1035 ἀπὸ
1549 983 1646 1053 τῆς
1678 984 1838 1036 Γαλι-

255 1070 417 1134 λαίας
458 1071 985 1142 προσκαλεσάμενος,
1009 1073 1076 1126 τὰ
1101 1074 1378 1144 παράδοξα
1403 1074 1512 1128 τῶν
1543 1075 1717 1146 ἔργων
1743 1075 1837 1128 καὶ

253 1163 356 1232 τὴν
403 1163 754 1216 διδασκαλίαν
800 1166 981 1228 αὐτοῖς
1033 1166 1405 1218 ἐπεδείκνυτο·
1461 1165 1837 1237 εὐφρανθήσε-

258 1254 385 1307 σθαι
415 1255 472 1308 δὲ
497 1255 693 1319 αὐτοὺς
727 1257 967 1310 ἐναντίον
993 1257 1155 1310 αὐτοῦ
1181 1260 1213 1329 ή
1246 1259 1550 1330 προερητεία
1567 1256 1834 1325 θεσπίζει,

253 1345 417 1417 δίκην
448 1347 557 1399 τῶν
584 1349 1026 1420 εὐφραινομένων
1054 1352 1111 1402 ἐν
1138 1349 1352 1421 ἀμητῷ.
1384 1351 1530 1420 Ποίῳ
1552 1351 1609 1403 δὲ
1639 1350 1834 1422 τούτῳ,

251 1437 288 1508 ἢ
313 1437 446 1506 περὶ
483 1433 542 1492 οὗ
584 1438 848 1492 διδάσκων
882 1439 1043 1502 αὐτὸς
1078 1439 1294 1508 ἐλεγενσ
1350 1460 1368 1490 ‹
1412 1441 1679 1512 Ἐπάρατε
1714 1443 1840 1505 τοὺς

253 1527 575 1600 ὀφθαλμοὺς
619 1529 796 1600 ὐμῶν,
842 1531 933 1582 καὶ
967 1530 1102 1582 ίδετε
1129 1529 1226 1593 τὰς
1268 1529 1472 1602 χώρας,
1522 1533 1602 1584 ὅτι
1651 1531 1836 1583 λευκαί

253 1621 366 1672 εἰσι
412 1621 552 1690 πρὸς
589 1620 848 1692 θερισμὸν
901 1622 1039 1693 ήδης
1074 1643 1091 1673 ι
1143 1619 1358 1693 Ἐδήλου
1408 1623 1464 1676 δὲ
1502 1624 1590 1677 διὰ
1635 1624 1838 1676 τούτων

250 1711 354 1780 τὴν
390 1711 500 1765 τῶν
543 1711 710 1766 ἐθνῶν
747 1713 1196 1784 ἐπισυναγωγὴν
1239 1715 1366 1786 περὶ
1413 1715 1522 1768 τῶν
1570 1715 1750 1768 αὐτῶν
1781 1715 1838 1768 δὲ

250 1805 498 1878 εἴρηται,
532 1808 612 1860 ὅτι
658 1827 676 1860 ι
701 1806 1188 1880 εὐφρανθήσονται,
1215 1810 1273 1862 ὃν
1298 1809 1497 1880 τρόπον
1526 1810 1574 1862 οἱ
1603 1809 1842 1881 διαιρούσ-

253 1913 413 1965 μενοι
463 1897 656 1952 σκῦλα.
703 1919 721 1949 ι
773 1897 1078 1970 Διελόμενοι
1131 1900 1262 1968 γοῦν
1308 1902 1387 1962 εἰς
1426 1900 1692 1968 ἀλλήλους
1741 1901 1840 1965 τὰς

249 1989 448 2058 χώρας
481 1989 591 2042 τῶν
630 1990 799 2044 ἐθνῶν
840 1993 932 2044 καὶ
973 1992 1071 2064 τὴν
1113 1991 1204 2061 ὑφ’
1236 1993 1386 2063 ἥλιον
1434 1993 1612 2045 πᾶσαν
1654 1994 1703 2045 οἰ
1745 1993 1838 2047 τοῦ

248 2079 513 2150 Σωτῆρος
536 2079 694 2151 ήμῶν
724 2080 959 2152 μαθηταί
983 2098 1042 2134 τε
1068 2082 1160 2136 καὶ
1182 2082 1584 2151 εὐαγγελισταὶ,
1617 2084 1842 2154 μυρίους

247 2171 417 2234 ὅσους
451 2171 781 2227 ἐσκύλευσαν
815 2173 1079 2244 ἄρχοντας
1116 2174 1208 2229 τοῦ
1243 2175 1436 2238 αἰῶνος
1469 2173 1681 2239 τούτου,
1711 2179 1840 2242 τοὺς

248 2261 525 2331 πρότερον
562 2262 671 2316 τῶν
711 2263 880 2317 ἐθνῶν
920 2264 1275 2336 κρατοῦντας.
1313 2267 1386 2319 Οὐ
1433 2267 1539 2337 μὴν
1573 2265 1707 2321 ἀλλὰ
1747 2268 1841 2320 καὶ

247 2350 387 2403 ἄλλο
428 2353 602 2406 αἴτιον
645 2354 739 2406 τοῦ
783 2355 1254 2427 εὐφρανθήσεσθαι
1311 2357 1507 2420 αὐτούς
1561 2373 1730 2429 φησι,
1782 2357 1844 2410 τὸ

245 2438 424 2514 ἦρθαι
472 2446 566 2498 ἀπ’
608 2446 786 2500 αὐτῶν
833 2448 922 2501 τὸν
966 2449 1275 2520 σωματικὸν
1317 2449 1412 2502 τοῦ
1451 2449 1616 2522 νόμου
1657 2451 1840 2521 ζυγὸν,

245 2536 343 2589 τὸν
399 2537 570 2591 πάλαι
625 2540 886 2612 πρότερον
937 2541 1281 2612 ἐπικείμενον
1330 2543 1547 2606 αὐτοῖς,
1604 2543 1663 2596 ὃν
1719 2542 1842 2596 οὐτε

249 2631 415 2683 αὐτοὶ
442 2631 567 2684 οὐτε
601 2633 649 2685 οἱ
680 2633 912 2703 πατέρες
952 2635 1127 2687 αὐτῶν
1167 2634 1508 2706 ἠδυνήθησαν
1553 2636 1840 2705 βαστάσαι.

249 2724 328 2776 Οὐ
383 2723 544 2792 μόνον
587 2726 645 2780 δὲ
688 2728 715 2779 ὁ
745 2727 904 2796 ζυγὸς
940 2727 1216 2800 ἀφῄρηται
1265 2729 1466 2791 αὐτῶν,
1514 2729 1650 2782 ἀλλά
1680 2729 1839 2799 καὶὴ

249 2813 458 2883 ῥάϐδος
492 2816 599 2870 τῶν
641 2819 1014 2873 ἀπαιτούντων
1059 2821 1093 2892 ἡ
1139 2821 1404 2891 πρότερον
1451 2821 1546 2873 ἐπὶ
1588 2819 1681 2874 τοῦ
1713 2837 1845 2893 τρα-

245 2913 423 2984 χήλου
468 2912 646 2966 αὐτῶν
679 2913 1019 2984 ἐπικειμένη.
1059 2913 1218 2985 Δηλοῖ
1241 2914 1297 2967 δὲ
1323 2916 1450 2978 τοὺς
1477 2915 1845 2982 ἀπαιτοῦντας

246 3005 307 3057 ἐν
349 3003 549 3075 ἑτέρῳ,
589 3003 762 3072 λέγων
787 3022 800 3034 ·
856 3023 873 3055 ι
904 3005 1043 3069 Λαός
1084 3023 1206 3076 μου,
1251 3009 1300 3059 οἱ
1351 3009 1658 3080 πράκτορες
1691 3009 1845 3080 ὑμῶν

246 3096 615 3166 καλαμῶνται
660 3098 832 3168 ὑμᾶς,
871 3099 964 3151 καὶ
1004 3100 1054 3151 οί
1092 3099 1449 3164 ἀπαιτοῦντες
1501 3101 1844 3174 κυριεύουσιν

247 3187 436 3258 ὑμῶν.
483 3207 502 3240 ι
535 3187 670 3240 Ἀλλ’
703 3185 846 3243 οῦτοι
885 3191 981 3260 μὲν
1031 3192 1078 3242 οἱ
1129 3190 1236 3243 ἀπὸ
1267 3191 1367 3262 τῆς
1413 3192 1697 3247 Ζαϐουλὼν
1751 3195 1846 3247 καὶ

246 3279 583 3351 Νεφθαλεὶμ
613 3281 673 3333 τὸ
707 3281 847 3351 μέγα
880 3281 995 3349 φῶς
1026 3281 1344 3354 τεθεαμένοι
1375 3284 1845 3357 εὐφρανθήσονται

244 3372 340 3425 διὰ
362 3371 436 3424 τὰ
459 3373 833 3444 προειρημένα
851 3387 864 3402 ⁸
897 3375 946 3426 οί
973 3374 1030 3426 δὲ
1064 3373 1230 3429 πάλαι
1265 3375 1622 3441 ἀπαιτοῦντες
1650 3377 1848 3441 αὐτοὺς

250 3463 741 3535 ἐκπραχθήσονται
779 3465 938 3536 μέχρι
969 3465 1262 3537 κοδράντω
1292 3468 1541 3538 ἐσχάτου,
1574 3469 1753 3522 πᾶσάν
1787 3486 1847 3522 τε

251 3554 458 3626 στολὴν
499 3555 592 3609 καὶ
635 3557 742 3609 πᾶν
797 3557 1009 3628 ἱμάτιον
1057 3558 1445 3622 ἀποτίσαντες,
1485 3561 1848 3633 πυρίκαυστοι

247 3650 585 3718 γενήσονται
619 3651 676 3702 ἐν
705 3649 784 3720 τῷ
807 3649 908 3720 τῆς
942 3651 1261 3724 ἐκπράξεως
1290 3651 1468 3722 καιρῷ
1489 3669 1501 3681 °
1547 3654 1640 3705 καὶ
1674 3652 1850 3707 ταῦτά

249 3757 316 3810 γε
340 3741 529 3793 πάντα
562 3741 694 3810 φησι
745 3743 1048 3810 πείσεσθαι,
1085 3743 1219 3797 διότι
1279 3766 1298 3796 ‹
1328 3743 1539 3798 παιδίον
1586 3745 1846 3816 ἐγεννήθη

249 3834 416 3904 ἡμῖν,
467 3832 565 3884 καὶ
611 3832 724 3895 υἱὸς
773 3833 925 3906 ἐδόθη
976 3837 1129 3906 ἡμῖν,
1165 3837 1315 3906 ὁτῆς
1363 3834 1604 3907 μεγάλης
1656 3834 1851 3907 βουλῆς

248 3922 514 3992 ἄγγελος.
548 3941 567 3972 ι
605 3919 808 3976 Τίσιδέ
841 3925 970 3995 ἡμῖν
1016 3925 1048 3996 ἢ
1082 3929 1194 3989 τοῖς
1240 3929 1318 3990 εἰς
1360 3927 1520 3980 αὐτὸν
1563 3940 1853 3980 πεπιστευ-

249 4016 380 4068 κόσι
403 4056 418 4080 ,
449 4015 547 4068 καὶ
589 4014 738 4089 πάσῃ
770 4015 970 4087 δηλαδὴ
1010 4020 1074 4088 τῇ
1109 4018 1364 4090 Γαλιλαίᾳ
1409 4018 1514 4071 τῶν
1548 4018 1736 4082 ἐθνῶν,
1772 4015 1853 4082 οἷς

249 4107 314 4159 τὸ
351 4106 502 4176 μέγα
531 4105 645 4175 φῶς
660 4107 1020 4174 ἀνατέταλκε;
1054 4109 1107 4161 τί
1128 4110 1190 4181 δὴ
1222 4105 1289 4182 ἧν
1321 4109 1497 4168 τοῦτο.
1527 4108 1643 4163 ἀλλ’
1675 4110 1707 4180 ἢ
1744 4123 1762 4159 ι
1793 4109 1852 4162 τὸ

251 4198 666 4270 γεγεννημένον
702 4199 932 4263 παιδίον,
977 4201 1071 4254 καὶ
1119 4203 1147 4254 ὁ
1177 4201 1330 4275 παρὰ
1374 4201 1465 4255 τοῦ
1484 4189 1626 4254 ’Θεοῦ
1679 4201 1854 4265 δοθεὶς

251 4292 397 4354 υίὸς,
447 4289 689 4360 μεγάλης
728 4289 923 4361 βουλῆς
963 4291 1211 4360 ἄγγελος,
1254 4295 1346 4348 καὶ
1382 4295 1567 4366 ἄρχων
1607 4294 1851 4364 εἰρήνης,

252 4383 357 4437 καὶ
390 4379 773 4453 ἐξουσιαστὴς,
809 4383 903 4436 καὶ
931 4382 1062 4447 Θεὸς
1106 4386 1353 4456 ἰσχυρὸς,
1397 4386 1494 4439 καὶ
1544 4385 1727 4456 πατὴρ
1757 4384 1850 4437 τοῦ

259 4474 554 4545 μέλλοντος
609 4476 800 4538 αἰῶνος
850 4476 1269 4547 ὠνομασμένος;
1315 4497 1333 4527 ι
1401 4476 1574 4530 ταῦτα
1744 4475 1845 4547 ήδη

1940 512 2034 582 qui
2077 511 2327 565 dividunt
2360 511 2556 580 spolia.
2587 509 2752 581 440
2780 509 2906 565 Haec
2933 525 3065 565 vero
3095 511 3214 580 ipsa
3257 525 3318 565 re
3371 525 3519 564 com—

1941 604 2083 674 pleta
2116 611 2266 664 sunt,
2294 616 2418 656 cum
2445 602 2514 655 de
2543 600 2764 656 Galilaea
2795 603 3006 657 vocalis
3037 603 3323 671 apostolis,
3354 602 3519 656 miras

1941 696 2070 751 bilia
2102 709 2266 765 opera
2290 710 2389 749 sua
2421 705 2479 749 et
2511 694 2817 749 doctrinam
2880 694 3134 750 Salvator
3165 711 3228 750 ac
3253 694 3519 751 Dominus

1942 795 2131 841 noster
2163 787 2272 841 illis
2321 791 2499 856 palam
2539 786 2828 841 exhibuit:
2867 787 3143 843 uastaturos
3197 797 3380 843 autem
3422 803 3520 844 eos

1941 894 2126 933 coram
2161 878 2280 950 ipso
2314 878 2602 948 prophetia
2633 879 2862 942 divinat,
2910 880 3086 934 instar
3132 881 3432 937 laetantium
3462 882 3521 936 in

1943 989 2142 1028 messe.
2197 971 2302 1026 Sed
2344 973 2401 1026 in
2433 986 2542 1041 qua
2593 971 2810 1025 tandem
2864 986 3064 1035 messe,
3104 973 3211 1027 nisi
3260 973 3318 1028 in
3350 989 3413 1029 ea
3450 974 3522 1031 de

1941 1081 2050 1136 qua
2082 1066 2196 1134 ipse
2224 1065 2472 1120 dicebat:
2509 1081 2527 1114 ‹
2559 1064 2806 1118 Attollite
2857 1065 3047 1119 oculos
3093 1072 3326 1130 vestros,
3352 1074 3406 1120 et
3433 1067 3520 1120 vi-

1943 1159 2066 1214 dete
2089 1160 2360 1230 regiones,
2383 1169 2438 1213 ut
2466 1158 2602 1212 albae
2622 1164 2750 1212 sunt
2775 1155 2842 1210 ad
2861 1172 3094 1211 messem
3119 1158 3232 1227 jam
3259 1160 3517 1214 nunc“~.t

1943 1249 2040 1306 His
2073 1259 2252 1306 autem
2284 1250 2465 1305 verbis
2519 1248 2760 1318 gentium
2792 1248 3267 1317 congregationem
3313 1251 3522 1320 signili‘

1944 1341 2101 1395 cabat
2129 1357 2142 1392 :
2168 1340 2236 1396 de
2265 1341 2472 1395 eisdem
2490 1354 2618 1394 vero
2648 1339 2855 1393 dictum
2891 1345 2996 1400 est,
3031 1339 3176 1408 quod
3204 1358 3222 1391 ς
3257 1342 3522 1396 Ιπιεὸυηδ»

1942 1440 2106 1488 turut
2137 1433 2175 1487 ii
2205 1435 2298 1503 qui
2331 1432 2586 1488 dividunt
2621 1432 2873 1501 spolia”.
2911 1452 2929 1484 ι
2956 1432 3092 1488 Cum
3117 1448 3247 1500 ergo
3277 1435 3522 1504 gentium

1943 1525 2084 1579 inter
2117 1541 2175 1580 se
2220 1524 2473 1594 regiones
2504 1531 2559 1578 et
2611 1523 2928 1578 universam
2974 1538 3096 1593 quae
3128 1524 3232 1579 sub
3279 1525 3394 1580 sole
3439 1537 3525 1581 est

1943 1625 2170 1682 terram,
2225 1617 2528 1673 Salvatoris
2567 1616 2746 1671 nostri
2798 1616 3052 1687 discipuli
3097 1625 3262 1687 atque
3290 1633 3524 1688 evangea

1945 1711 2083 1765 [istae
2111 1709 2450 1774 divisissent,
2483 1709 2915 1765 innumerabiles
2961 1709 3148 1764 saeculi
3181 1709 3347 1780 hujus
3379 1715 3524 1780 prim

1944 1802 2092 1872 cipes
2122 1801 2516 1872 spoliaverunt.
2568 1817 2664 1857 eos
2698 1802 2888 1871 utique
2936 1803 3030 1872 qui
3076 1802 3230 1872 prius
3270 1803 3524 1873 gentibus

1942 1893 2572 1966 imperabanttAttamen
2603 1896 2764 1949 aliam
2783 1911 2999 1964 quoque
3028 1909 3274 1960 causam,
3302 1902 3526 1966 propter

1943 2003 2107 2059 quam
2159 1987 2345 2042 laetitia
2391 1988 2503 2042 sint
2550 1987 2838 2051 alliciendi,
2895 1997 3310 2054 commemorat,
3375 1988 3524 2059 quod

1944 2081 2304 2136 auferendum
2334 2081 2406 2135 sit
2434 2079 2503 2134 ab
2531 2080 2664 2151 ipsis
2694 2081 2981 2150 corporale
3013 2081 3150 2150 legis
3175 2080 3368 2151 jugum
3389 2080 3526 2150 jam.

1944 2173 2154 2244 pridem
2183 2173 2319 2243 ipsis
2353 2173 2694 2242 impositum,
2716 2167 2860 2242 quod
2884 2162 3062 2242 neque
3094 2173 3196 2242 ipsi
3223 2188 3400 2243 neque
3429 2186 3528 2243 pa:-

1943 2274 2057 2322 tres
2090 2267 2336 2336 ipsorum
2368 2273 2666 2336 potuerunt
2711 2263 2875 2321 ferre.
2921 2265 3189 2321 Caeterum
3221 2281 3330 2319 non
3364 2265 3526 2319 modo

1941 2358 2132 2428 jugum
2165 2357 2439 2414 sublatum
2469 2364 2554 2412 est
2585 2358 2654 2410 ab
2683 2357 2839 2427 ipsis,
2861 2358 2956 2413 sed
2989 2358 3154 2412 etiam
3184 2358 3335 2428 virga
3367 2372 3525 2428 repeé

1946 2447 2198 2512 tentium,
2227 2461 2348 2517 quae
2379 2448 2534 2517 prius
2569 2448 2625 2501 in
2661 2449 2804 2502 collo
2834 2449 3079 2518 ipsorum
3106 2449 3361 2518 imposita
3385 2458 3523 2504 erat.

1945 2539 2201 2594 Declarat
2249 2555 2414 2611 porro
2461 2541 2553 2611 qui
2589 2542 2701 2596 sint
2742 2547 3050 2610 repetentes
3106 2540 3256 2604 alibi,
3299 2541 3520 2596 dicens:

1952 2647 1972 2681 ι
2005 2629 2249 2700 Populus
2293 2645 2482 2695 meus.
2533 2639 2820 2687 exactores
2867 2632 3038 2686 vestri
3082 2631 3263 2702 spicas
3313 2640 3527 2688 vestras

1946 2722 2235 2794 colligunt,
2278 2731 2332 2778 et
2356 2731 2663 2792 repetentes
2693 2723 3049 2779 dominantur
3084 2723 3259 2779 vobis.
3283 2723 3527 2780 «Verum

1948 2817 2001 2870 hi
2035 2817 2257 2888 quidem
2289 2831 2322 2870 a
2366 2815 2613 2872 Zabulon
2660 2824 2716 2873 et
2755 2816 3103 2888 Nephthalim
3144 2818 3387 2884 oriundi,
3431 2820 3530 2890 qui

1947 2910 2141 2980 ingens
2187 2910 2373 2966 lumen
2403 2910 2589 2965 intuiti
2621 2917 2773 2974 sunt,
2807 2910 3138 2966 laetabuntur
3173 2919 3397 2981 propter
3434 2911 3528 2965 illa

1947 3017 2069 3072 quae
2093 3002 2206 3073 jam
2241 3012 2400 3058 antea
2429 3003 2576 3057 dicta
2604 3014 2752 3068 sunt;
2781 3003 2871 3072 qui
2897 3017 3028 3057 vero
3053 3002 3122 3056 ab
3153 3001 3288 3072 ipsis
3319 3013 3528 3074 repetes

1873 3128 1914 3185 ο
1951 3097 2104 3162 bant,
2139 3098 2208 3152 ab
2237 3098 2308 3152 iis
2335 3105 2612 3167 repetetur
2645 3111 2823 3166 usque
2854 3094 2925 3150 ad
2959 3095 3210 3151 ultimum
3251 3097 3530 3167 quadrano

1948 3197 2080 3253 tem,
2115 3188 2390 3260 iidemque
2432 3190 2526 3245 ubi
2575 3205 2793 3246 omnem
2833 3198 3038 3245 vestem
3062 3204 3335 3259 omneque
3359 3192 3530 3246 vestis

1949 3287 2192 3335 mentum
2225 3281 2612 3350 persolverint,
2657 3281 2782 3351 igne
2817 3279 3093 3335 combusti
3143 3281 3274 3334 lient
3315 3280 3370 3334 in
3410 3281 3531 3350 ipso

1947 3373 2253 3428 exactionis
2302 3381 2568 3443 tempore,
2617 3374 2913 3444 omniaque
2955 3374 3072 3428 haec
3117 3388 3383 3443 passuros
3429 3373 3527 3436 ait,

1949 3474 2234 3536 propterea
2257 3467 2401 3537 quod
2437 3484 2457 3516 ι
2487 3466 2752 3536 puerulus
2785 3477 2946 3521 natus
2976 3473 3062 3522 est
3091 3465 3271 3530 nobis,
3303 3474 3355 3521 et
3386 3465 3530 3520 ﬁlius

1949 3557 2111 3612 datus
2143 3565 2228 3613 est
2275 3559 2456 3623 nobis,
2488 3559 2607 3627 ipse
2638 3559 2822 3628 magni
2858 3559 3078 3613 consilii
3117 3560 3365 3630 angelus.
3400 3577 3420 3611 ›
3463 3559 3531 3613 At

1949 3665 2080 3704 vero
2111 3650 2309 3720 quibus
2337 3650 2558 3705 tandem
2590 3648 2774 3715 nobis,
2808 3651 2916 3706 nisi
2945 3651 3040 3721 qui
3090 3651 3147 3706 in
3184 3651 3363 3722 ipsum
3407 3665 3531 3705 ere;

1951 3742 2212 3802 didimus.
2247 3750 2300 3796 et
2329 3743 2480 3796 omni
2511 3741 2768 3797 videlicet
2820 3742 3055 3798 Galilaea:
3104 3743 3376 3814 gentium,
3409 3744 3532 3814 qui-

1950 3835 2054 3889 bus
2083 3850 2340 3904 magnum
2365 3836 2552 3890 lumen
2573 3847 2754 3890 ortum
2782 3836 2898 3891 est?
2913 3836 3008 3891 sed
3028 3835 3302 3906 quodnam
3320 3851 3528 3906 quaeso,

1952 3929 2060 3983 nisi
2092 3928 2209 3999 ipse
2243 3944 2262 3979 ‹
2307 3935 2470 3984 natus
2506 3930 2791 3999 puerulus,
2821 3937 2875 3986 et
2905 3930 2999 4000 qui
3035 3946 3063 3984 a
3092 3929 3205 3985 Deo
3254 3929 3417 3986 datus
3449 3939 3533 3984 est

1954 4021 2119 4084 lilius,
2150 4021 2245 4091 qui
2283 4021 2466 4091 magni
2497 4022 2714 4076 consilii
2757 4023 3006 4093 angelus,
3043 4032 3098 4077 et
3128 4021 3386 4092 princeps
3435 4037 3534 4092 pa-

1952 4109 2055 4177 cis,
2085 4117 2141 4165 et
2169 4110 2264 4180 jus
2293 4112 2706 4183 potentiamque
2739 4113 2972 4178 habens,
3008 4121 3063 4169 et
3092 4112 3237 4169 Deus
3263 4113 3445 4179 fortis,
3479 4121 3534 4168 et

1954 4209 2110 4271 pater
2159 4201 2332 4256 futuri
2384 4204 2574 4258 sarculi
2628 4201 2944 4262 noininatus
2985 4208 3100 4262 est?
3143 4227 3160 4258 ι
3196 4221 3384 4260 verum
3419 4205 3536 4260 haec

1953 4292 2076 4360 ipsa
2093 4292 2206 4362 jam
2239 4302 2400 4350 antea
2428 4295 2496 4349 ad
2525 4311 2697 4350 unum
2724 4300 3012 4354 referenda
3039 4315 3162 4355 esse
3195 4298 3534 4354 Salvatorem

1955 4381 2359 4457 Dominumque
2411 4398 2682 4454 nostrum,-
2735 4405 2837 4446 suo
2889 4400 3136 4462 tempore
3187 4390 3536 4448 demonstras

1954 4490 2153 4532 rimus.

255 4565 576 4635 φθάσαντες
620 4565 710 4618 ἐπὶ¹
756 4565 914 4636 μόνον
983 4560 1348 4637 ἀναφέρεσθαι
1387 4566 1480 4621 τὸν
1513 4564 1744 4637 Σωτῆρα
1791 4564 1886 4618 καὶ¹
1922 4564 2128 4636 Κύριον
2165 4566 2324 4637 ἡμῶν
2367 4566 2509 4622 κατά
2556 4568 2647 4623 τὸν
2695 4573 2894 4626 οἰκεῖον
2968 4575 3161 4646 καιρὸν
3208 4573 3537 4647 προαπεδείδ

256 4664 326 4730 ξα
334 4680 462 4734 μεν.

343 4779 486 4835 Ἀπὸ
525 4775 774 4851 ψαλμοῦ
804 4770 923 4846 ξδ’.
951 4781 1091 4850 Περὶ
1126 4779 1234 4850 τῆς
1262 4781 1381 4835 τῶν
1406 4781 1769 4836 ἀποστόλων

2013 4772 2172 4848 441
2207 4775 2250 4828 Α
2274 4776 2480 4846 psalmo
2502 4781 2669 4832 van.
2697 4808 2784 4851 _—
2807 4777 2885 4832 De
2915 4780 3278 4848 apostolorum
3310 4793 3468 4838 voca-‘-

919 4853 1216 4921 κλήσεως.

338 4982 359 5014 ‹
410 4962 827 5033 Ἐθεωρήθησαν
874 4967 930 5018 αἱ
966 4965 1179 5036 πορεῖαί
1219 4982 1310 5017 σου
1337 5005 1352 5029 ,
1388 4967 1416 5020 ὁ
1459 4965 1590 5030 Θεὸς
1616 5007 1629 5031 ,
1667 4965 1722 5020 αἱ
1759 4988 1856 5022 πο-

263 5047 414 5126 ρεῖαι
463 5053 559 5106 τοῦ
601 5054 736 5108 Θεοῦ
774 5073 874 5126 μου
905 5056 999 5109 τοῦ
1042 5052 1324 5126 βασιλέως,
1359 5057 1453 5111 τοῦ
1497 5058 1554 5110 ἐν
1586 5058 1665 5128 τῷ
1690 5061 1851 5132 ἁγίῳ.

261 5143 630 5215 Προέφθασαν
669 5147 927 5218 ἄρχοντες
967 5147 1213 5219 ἐχόμενοι
1253 5148 1579 5218 ψαλλόντων,
1607 5149 1666 5202 ἐν
1701 5147 1854 5223 μέσῳ

261 5234 524 5287 νεανίδων
567 5237 1035 5310 τυμπανιστριῶν.
1073 5241 1159 5293 Ἐν
1195 5241 1514 5311 ἐκκλησίαις
1579 5241 1853 5310 εὐλογεῖτε

260 5325 357 5379 τὸν
393 5325 525 5378 Θεὸν
553 5327 756 5400 Κύριον
788 5331 853 5383 ἐκ
887 5328 1074 5401 πηγῶν
1127 5331 1363 5405 Ἰσραήλ.
1413 5333 1558 5385 Ἐκεῖ
1591 5333 1850 5404 Βενιαμὶν

263 5417 532 5491 νεώτερος
573 5422 632 5473 ἐν
675 5423 960 5488 ἐκστάσει,
1011 5425 1268 5496 ἄρχοντες
1329 5425 1531 5492 Ἰούδα,
1584 5404 1860 5497 ἡγεμόνες,

265 5506 482 5573 αὐτῶν,
532 5507 792 5581 ἄρχοντες
838 5512 1141 5576 Ζαϐουλὼν,
1171 5511 1427 5584 ἄρχοντες
1453 5514 1786 5585 Νεφθαλείμ.
1829 5536 1845 5566 ι

267 5598 564 5652 Κάνταῦθα
588 5603 714 5664 τοὺς
739 5601 1099 5673 δηλουμένους
1124 5602 1388 5674 ἄρχοντας
1413 5603 1727 5674 Νεφθαλεὶμ
1752 5605 1851 5657 οὐκ

342 5779 389 5811 ⁸⁸
423 5778 579 5835 Joan.
619 5797 704 5846 Iv,
737 5783 824 5837 53.
904 5786 946 5816 ⁵³
986 5783 1088 5838 Isa.
1122 5801 1264 5850 xvu,
1302 5786 1352 5840 5.

2667 4849 2828 4904 tione.

2034 4977 2055 5015 ι
2087 4960 2220 5018 Visa
2279 4967 2407 5018 sunt
2445 4962 2644 5019 itinera
2674 4970 2793 5031 tua,
2850 4957 3012 5032 Deus,
3050 4965 3249 5024 itinera
3284 4965 3383 5026 Del
3430 4971 3538 5029 ine‘i

1953 5055 2119 5126 regis,
2141 5055 2236 5126 qui
2263 5065 2343 5110 est
2363 5055 2416 5109 in
2439 5063 2654 5110 sancto.
2672 5054 3065 5113 Praevenerunt
3098 5061 3376 5132 principes
3399 5079 3538 5119 con-

1952 5146 2130 5216 juncti
2149 5146 2509 5215 psallentibus
2539 5146 2595 5200 in‘
2615 5147 2796 5203 medio
2824 5148 3360 5210 adolescentularum
3395 5160 3538 5226 tym—

1959 5233 2370 5304 panistriarum.
2415 5235 2477 5288 In
2532 5237 2786 5293 ecclesiis
2827 5239 3134 5296 benedicite
3165 5241 3273 5297 Deo
3305 5243 3538 5300 Domino

1958 5327 2026 5381 de
2059 5327 2300 5382 fontibus
2331 5326 2520 5382 Israel.
2561 5327 2680 5384 lllic
2709 5330 2992 5401 Benjamin
3022 5331 3209 5403 juniOr
3239 5337 3294 5390 in
3338 5340 3538 5396 mentis

1959 5435 2212 5484 excessu,
2247 5420 2522 5490 principes
2566 5420 2727 5487 Juda,
2761 5423 2928 5479 duc‘es
2952 5424 3219 5497 ipsorum,
3265 5431 3541 5501 prinCipes

1961 5509 2227 5577 Zabulou,
2256 5514 2530 5584 principes
2567 5513 2911 5585 Nephthalim
2944 5519 3010 5573 δυ.
3043 5539 3061 5570 ι
3101 5519 3214 5576 Hoc
3234 5539 3451 5596 quoque
3483 5527 3540 5582 in‘

1959 5607 2082 5660 loco
2116 5616 2211 5662 eos
2260 5607 2353 5679 qui
2397 5607 2662 5664 dicuntur
2715 5611 2992 5684 principes
3024 5613 3372 5686 Nephthalim
3426 5623 3540 5676 non

1461 5787 1502 5817 “
1541 5786 1860 5870 Psalzm'u
1882 5827 1897 5854 ,
1929 5787 2124 5844 2538‘
