  <div class='ocr_page' id='page_1' title='image "/cluster/home/n/w/nwhite01/storage/ocr_20150623/22/mdp.39015078384388/361.png"; bbox 0 0 3908 6266; ppageno 0'>
   <div class='ocr_carea' id='block_1_1' title="bbox 429 291 530 349">
    <p class='ocr_par' dir='ltr' id='par_1_1' title="bbox 429 291 530 349">
     <span class='ocr_line' id='line_1_1' title="bbox 429 291 530 349; baseline -0.059 0"><span class='ocrx_word' id='word_1_1' title='bbox 429 291 530 349; x_wconf 76' lang='lat'><strong>687</strong></span> 
     </span>
    </p>
   </div>
   <div class='ocr_carea' id='block_1_2' title="bbox 1094 282 3029 346">
    <p class='ocr_par' dir='ltr' id='par_1_2' title="bbox 1094 282 3029 346">
     <span class='ocr_line' id='line_1_2' title="bbox 1094 282 3029 346; baseline 0.004 -10"><span class='ocrx_word' id='word_1_2' title='bbox 1094 282 1360 338; x_wconf 83' lang='lat' dir='ltr'><strong>EUSEBII</strong></span> <span class='ocrx_word' id='word_1_3' title='bbox 1395 282 1876 340; x_wconf 68' lang='lat' dir='ltr'><strong>CESARIENSIS</strong></span> <span class='ocrx_word' id='word_1_4' title='bbox 1913 284 2063 340; x_wconf 82' lang='grc' dir='ltr'><strong>ΟΡΡ.</strong></span> <span class='ocrx_word' id='word_1_5' title='bbox 2103 283 2282 340; x_wconf 72' lang='lat' dir='ltr'><strong>PARS</strong></span> <span class='ocrx_word' id='word_1_6' title='bbox 2310 284 2374 340; x_wconf 88' lang='grc'><strong>11.</strong></span> <span class='ocrx_word' id='word_1_7' title='bbox 2418 313 2483 325; x_wconf 91' lang='grc'><strong>-</strong></span> <span class='ocrx_word' id='word_1_8' title='bbox 2513 285 2990 346; x_wconf 79' lang='lat' dir='ltr'><strong>APOLOGETICA</strong></span> <span class='ocrx_word' id='word_1_9' title='bbox 3019 328 3029 344; x_wconf 83' lang='lat'><strong>.</strong></span> 
     </span>
    </p>
   </div>
   <div class='ocr_carea' id='block_1_3' title="bbox 3567 297 3674 355">
    <p class='ocr_par' dir='ltr' id='par_1_3' title="bbox 3567 297 3674 355">
     <span class='ocr_line' id='line_1_3' title="bbox 3567 297 3674 355; baseline 0.047 -5"><span class='ocrx_word' id='word_1_10' title='bbox 3567 297 3674 355; x_wconf 75' lang='lat' dir='ltr'><strong>68S</strong></span> 
     </span>
    </p>
   </div>
   <div class='ocr_carea' id='block_1_4' title="bbox 415 407 1974 484">
    <p class='ocr_par' dir='ltr' id='par_1_4' title="bbox 415 407 1974 476">
     <span class='ocr_line' id='line_1_4' title="bbox 415 407 1974 476; baseline -0.001 -12"><span class='ocrx_word' id='word_1_11' title='bbox 415 412 554 466; x_wconf 79' lang='lat' dir='ltr'><strong>alios</strong></span> <span class='ocrx_word' id='word_1_12' title='bbox 583 425 706 465; x_wconf 87' lang='lat' dir='ltr'><strong>esse</strong></span> <span class='ocrx_word' id='word_1_13' title='bbox 735 423 936 463; x_wconf 83' lang='lat' dir='ltr'><strong>censeo</strong></span> <span class='ocrx_word' id='word_1_14' title='bbox 980 421 1145 476; x_wconf 87' lang='lat' dir='ltr'><strong>quam</strong></span> <span class='ocrx_word' id='word_1_15' title='bbox 1180 407 1456 476; x_wconf 87' lang='lat' dir='ltr'><strong>apostolos</strong></span> <span class='ocrx_word' id='word_1_16' title='bbox 1487 427 1500 462; x_wconf 91' lang='lat'><strong>:</strong></span> <span class='ocrx_word' id='word_1_17' title='bbox 1546 407 1672 463; x_wconf 89' lang='lat' dir='ltr'><strong>inde</strong></span> <span class='ocrx_word' id='word_1_18' title='bbox 1708 407 1854 462; x_wconf 90' lang='lat' dir='ltr'><strong>enim</strong></span> <span class='ocrx_word' id='word_1_19' title='bbox 1889 422 1974 463; x_wconf 72' lang='lat' dir='ltr'><strong>eos</strong></span> 
     </span>
    </p>
   </div>
   <div class='ocr_carea' id='block_1_5' title="bbox 2077 407 3676 484">
    <p class='ocr_par' dir='ltr' id='par_1_5' title="bbox 2087 408 3676 484">
     <span class='ocr_line' id='line_1_5' title="bbox 2087 408 3676 484; baseline 0.004 -20"><span class='ocrx_word' id='word_1_20' title='bbox 2087 409 2279 473; x_wconf 77' lang='grc' dir='ltr'>ἄλλους</span> <span class='ocrx_word' id='word_1_21' title='bbox 2317 408 2559 481; x_wconf 80' lang='grc' dir='ltr'>ἡγοῦμαι</span> <span class='ocrx_word' id='word_1_22' title='bbox 2592 411 2700 464; x_wconf 91' lang='grc' dir='ltr'><strong>τῶν</strong></span> <span class='ocrx_word' id='word_1_23' title='bbox 2736 412 3049 465; x_wconf 82' lang='grc' dir='ltr'><strong>ἀποστόλων</strong></span> <span class='ocrx_word' id='word_1_24' title='bbox 3094 411 3416 484; x_wconf 78' lang='grc' dir='ltr'>τυγχάνεινο</span> <span class='ocrx_word' id='word_1_25' title='bbox 3455 414 3676 473; x_wconf 78' lang='grc' dir='ltr'>ἐνθένδε</span> 
     </span>
    </p>
   </div>
   <div class='ocr_carea' id='block_1_6' title="bbox 416 498 1992 570">
    <p class='ocr_par' dir='ltr' id='par_1_6' title="bbox 416 498 1992 570">
     <span class='ocr_line' id='line_1_6' title="bbox 416 498 1992 570; baseline -0.001 -14"><span class='ocrx_word' id='word_1_26' title='bbox 416 501 669 556; x_wconf 76' lang='lat' dir='ltr'><strong>Salvator</strong></span> <span class='ocrx_word' id='word_1_27' title='bbox 697 514 761 553; x_wconf 89' lang='lat' dir='ltr'><strong>ac</strong></span> <span class='ocrx_word' id='word_1_28' title='bbox 791 498 1054 554; x_wconf 85' lang='lat' dir='ltr'><strong>Dominus</strong></span> <span class='ocrx_word' id='word_1_29' title='bbox 1104 507 1295 554; x_wconf 91' lang='lat' dir='ltr'><strong>noster</strong></span> <span class='ocrx_word' id='word_1_30' title='bbox 1342 499 1526 570; x_wconf 87' lang='lat' dir='ltr'><strong>elegit,</strong></span> <span class='ocrx_word' id='word_1_31' title='bbox 1549 507 1609 553; x_wconf 90' lang='lat' dir='ltr'><strong>ut</strong></span> <span class='ocrx_word' id='word_1_32' title='bbox 1655 514 1687 552; x_wconf 88' lang='lat' dir='ltr'><strong>a</strong></span> <span class='ocrx_word' id='word_1_33' title='bbox 1739 498 1992 554; x_wconf 69' lang='lat' dir='ltr'><strong>Matthmo</strong></span> 
     </span>
    </p>
   </div>
   <div class='ocr_carea' id='block_1_7' title="bbox 414 591 1992 664">
    <p class='ocr_par' dir='ltr' id='par_1_7' title="bbox 414 591 1992 664">
     <span class='ocr_line' id='line_1_7' title="bbox 414 591 1992 664; baseline -0.003 -14"><span class='ocrx_word' id='word_1_34' title='bbox 414 594 676 664; x_wconf 88' lang='lat' dir='ltr'><strong>scriptum</strong></span> <span class='ocrx_word' id='word_1_35' title='bbox 709 600 815 648; x_wconf 90' lang='lat' dir='ltr'><strong>est.</strong></span> <span class='ocrx_word' id='word_1_36' title='bbox 857 591 1166 662; x_wconf 88' lang='lat' dir='ltr'><strong>lngressum</strong></span> <span class='ocrx_word' id='word_1_37' title='bbox 1203 606 1331 647; x_wconf 93' lang='lat' dir='ltr'><strong>vero</strong></span> <span class='ocrx_word' id='word_1_38' title='bbox 1378 592 1446 646; x_wconf 89' lang='lat' dir='ltr'><strong>ad</strong></span> <span class='ocrx_word' id='word_1_39' title='bbox 1493 592 1763 656; x_wconf 84' lang='lat' dir='ltr'><strong>homines,</strong></span> <span class='ocrx_word' id='word_1_40' title='bbox 1789 592 1992 647; x_wconf 84' lang='lat' dir='ltr'><strong>adven-</strong></span> 
     </span>
    </p>
   </div>
   <div class='ocr_carea' id='block_1_8' title="bbox 413 679 1990 753">
    <p class='ocr_par' dir='ltr' id='par_1_8' title="bbox 413 679 1990 753">
     <span class='ocr_line' id='line_1_8' title="bbox 413 679 1990 753; baseline -0.002 -15"><span class='ocrx_word' id='word_1_41' title='bbox 413 693 638 753; x_wconf 90' lang='lat' dir='ltr'><strong>tumque</strong></span> <span class='ocrx_word' id='word_1_42' title='bbox 670 680 764 736; x_wconf 91' lang='lat' dir='ltr'><strong>Dei</strong></span> <span class='ocrx_word' id='word_1_43' title='bbox 782 679 946 734; x_wconf 79' lang='lat' dir='ltr'><strong>Verbi</strong></span> <span class='ocrx_word' id='word_1_44' title='bbox 977 695 1101 734; x_wconf 91' lang='lat' dir='ltr'><strong>cum</strong></span> <span class='ocrx_word' id='word_1_45' title='bbox 1124 696 1373 752; x_wconf 80' lang='lat' dir='ltr'><strong>corpore,</strong></span> <span class='ocrx_word' id='word_1_46' title='bbox 1401 680 1530 735; x_wconf 90' lang='lat' dir='ltr'><strong>dum</strong></span> <span class='ocrx_word' id='word_1_47' title='bbox 1563 681 1712 734; x_wconf 81' lang='lat' dir='ltr'><strong>canit</strong></span> <span class='ocrx_word' id='word_1_48' title='bbox 1743 680 1990 750; x_wconf 81' lang='lat' dir='ltr'><strong>Scriptu-</strong></span> 
     </span>
    </p>
   </div>
   <div class='ocr_carea' id='block_1_9' title="bbox 411 771 1990 840">
    <p class='ocr_par' dir='ltr' id='par_1_9' title="bbox 411 771 1990 840">
     <span class='ocr_line' id='line_1_9' title="bbox 411 771 1990 840; baseline -0.002 -10"><span class='ocrx_word' id='word_1_49' title='bbox 411 791 496 840; x_wconf 89' lang='lat' dir='ltr'><strong>ra,</strong></span> <span class='ocrx_word' id='word_1_50' title='bbox 531 775 611 830; x_wconf 90' lang='lat' dir='ltr'><strong>sic</strong></span> <span class='ocrx_word' id='word_1_51' title='bbox 641 773 717 826; x_wconf 86' lang='lat' dir='ltr'><strong>ait</strong></span> <span class='ocrx_word' id='word_1_52' title='bbox 747 793 759 827; x_wconf 93' lang='lat'>:</span> <span class='ocrx_word' id='word_1_53' title='bbox 801 790 820 824; x_wconf 78' lang='grc' dir='ltr'><strong>ι</strong></span> <span class='ocrx_word' id='word_1_54' title='bbox 870 772 996 827; x_wconf 68' lang='lat' dir='ltr'><strong>Visa</strong></span> <span class='ocrx_word' id='word_1_55' title='bbox 1027 779 1156 827; x_wconf 90' lang='lat' dir='ltr'><strong>sunt</strong></span> <span class='ocrx_word' id='word_1_56' title='bbox 1187 773 1381 828; x_wconf 84' lang='lat' dir='ltr'><strong>itinera</strong></span> <span class='ocrx_word' id='word_1_57' title='bbox 1413 780 1524 834; x_wconf 90' lang='lat' dir='ltr'><strong>tua,</strong></span> <span class='ocrx_word' id='word_1_58' title='bbox 1553 771 1716 835; x_wconf 86' lang='lat' dir='ltr'><strong>Deus,</strong></span> <span class='ocrx_word' id='word_1_59' title='bbox 1750 792 1768 824; x_wconf 74' lang='grc' dir='ltr'><strong>ι</strong></span> <span class='ocrx_word' id='word_1_60' title='bbox 1803 779 1857 828; x_wconf 87' lang='lat' dir='ltr'><strong>et</strong></span> <span class='ocrx_word' id='word_1_61' title='bbox 1883 787 1990 827; x_wconf 70' lang='lat' dir='ltr'><strong>ca:-</strong></span> 
     </span>
    </p>
   </div>
   <div class='ocr_carea' id='block_1_10' title="bbox 411 863 1989 935">
    <p class='ocr_par' dir='ltr' id='par_1_10' title="bbox 411 863 1989 935">
     <span class='ocr_line' id='line_1_10' title="bbox 411 863 1989 935; baseline 0.001 -17"><span class='ocrx_word' id='word_1_62' title='bbox 411 876 550 920; x_wconf 84' lang='lat' dir='ltr'><strong>tera.</strong></span> <span class='ocrx_word' id='word_1_63' title='bbox 583 863 823 934; x_wconf 83' lang='lat' dir='ltr'><strong>Hujusce</strong></span> <span class='ocrx_word' id='word_1_64' title='bbox 849 879 1014 934; x_wconf 88' lang='lat' dir='ltr'><strong>porro</strong></span> <span class='ocrx_word' id='word_1_65' title='bbox 1048 863 1314 920; x_wconf 85' lang='lat' dir='ltr'><strong>adventus</strong></span> <span class='ocrx_word' id='word_1_66' title='bbox 1349 879 1474 918; x_wconf 90' lang='lat' dir='ltr'><strong>cum</strong></span> <span class='ocrx_word' id='word_1_67' title='bbox 1497 865 1653 934; x_wconf 91' lang='lat' dir='ltr'><strong>quasi</strong></span> <span class='ocrx_word' id='word_1_68' title='bbox 1681 879 1989 935; x_wconf 64' lang='lat' dir='ltr'><strong>praecurso-</strong></span> 
     </span>
    </p>
   </div>
   <div class='ocr_carea' id='block_1_11' title="bbox 411 954 1988 1027">
    <p class='ocr_par' dir='ltr' id='par_1_11' title="bbox 411 954 1988 1027">
     <span class='ocr_line' id='line_1_11' title="bbox 411 954 1988 1027; baseline 0 -15"><span class='ocrx_word' id='word_1_69' title='bbox 411 974 500 1014; x_wconf 89' lang='lat' dir='ltr'><strong>res</strong></span> <span class='ocrx_word' id='word_1_70' title='bbox 531 957 733 1013; x_wconf 86' lang='lat' dir='ltr'><strong>fuerint</strong></span> <span class='ocrx_word' id='word_1_71' title='bbox 767 963 976 1012; x_wconf 85' lang='lat' dir='ltr'><strong>veteres</strong></span> <span class='ocrx_word' id='word_1_72' title='bbox 1014 954 1124 1012; x_wconf 90' lang='lat' dir='ltr'><strong>Deo</strong></span> <span class='ocrx_word' id='word_1_73' title='bbox 1154 956 1313 1010; x_wconf 87' lang='lat' dir='ltr'><strong>amici</strong></span> <span class='ocrx_word' id='word_1_74' title='bbox 1354 956 1650 1027; x_wconf 64' lang='lat' dir='ltr'><strong>prophetae,</strong></span> <span class='ocrx_word' id='word_1_75' title='bbox 1684 955 1751 1009; x_wconf 89' lang='lat' dir='ltr'><strong>ad</strong></span> <span class='ocrx_word' id='word_1_76' title='bbox 1787 957 1988 1027; x_wconf 81' lang='lat' dir='ltr'><strong>psalte-</strong></span> 
     </span>
    </p>
   </div>
   <div class='ocr_carea' id='block_1_12' title="bbox 410 1046 1986 1116">
    <p class='ocr_par' dir='ltr' id='par_1_12' title="bbox 410 1046 1986 1116">
     <span class='ocr_line' id='line_1_12' title="bbox 410 1046 1986 1116; baseline 0 -15"><span class='ocrx_word' id='word_1_77' title='bbox 410 1049 554 1102; x_wconf 89' lang='lat' dir='ltr'><strong>rium</strong></span> <span class='ocrx_word' id='word_1_78' title='bbox 588 1056 642 1102; x_wconf 91' lang='lat' dir='ltr'><strong>et</strong></span> <span class='ocrx_word' id='word_1_79' title='bbox 672 1046 739 1101; x_wconf 92' lang='lat' dir='ltr'><strong>ad</strong></span> <span class='ocrx_word' id='word_1_80' title='bbox 769 1046 951 1101; x_wconf 86' lang='lat' dir='ltr'><strong>omnis</strong></span> <span class='ocrx_word' id='word_1_81' title='bbox 977 1047 1194 1115; x_wconf 80' lang='lat' dir='ltr'><strong>generis</strong></span> <span class='ocrx_word' id='word_1_82' title='bbox 1225 1047 1494 1116; x_wconf 88' lang='lat' dir='ltr'><strong>spiratilia</strong></span> <span class='ocrx_word' id='word_1_83' title='bbox 1534 1047 1896 1102; x_wconf 89' lang='lat' dir='ltr'><strong>instrumenta</strong></span> <span class='ocrx_word' id='word_1_84' title='bbox 1920 1047 1986 1101; x_wconf 83' lang='lat' dir='ltr'><strong>il-</strong></span> 
     </span>
    </p>
   </div>
   <div class='ocr_carea' id='block_1_13' title="bbox 408 1140 1984 1210">
    <p class='ocr_par' dir='ltr' id='par_1_13' title="bbox 408 1140 1984 1210">
     <span class='ocr_line' id='line_1_13' title="bbox 408 1140 1984 1210; baseline 0.001 -15"><span class='ocrx_word' id='word_1_85' title='bbox 408 1141 520 1196; x_wconf 91' lang='lat' dir='ltr'><strong>lum</strong></span> <span class='ocrx_word' id='word_1_86' title='bbox 555 1141 611 1195; x_wconf 91' lang='lat' dir='ltr'><strong>in</strong></span> <span class='ocrx_word' id='word_1_87' title='bbox 640 1140 825 1196; x_wconf 88' lang='lat' dir='ltr'><strong>choris</strong></span> <span class='ocrx_word' id='word_1_88' title='bbox 855 1140 1236 1210; x_wconf 67' lang='lat' dir='ltr'><strong>praadicantes,</strong></span> <span class='ocrx_word' id='word_1_89' title='bbox 1259 1147 1314 1194; x_wconf 90' lang='lat' dir='ltr'><strong>et</strong></span> <span class='ocrx_word' id='word_1_90' title='bbox 1343 1140 1597 1197; x_wconf 88' lang='lat' dir='ltr'><strong>laudibus</strong></span> <span class='ocrx_word' id='word_1_91' title='bbox 1641 1141 1984 1197; x_wconf 81' lang='lat' dir='ltr'><strong>celebrantes</strong></span> 
     </span>
    </p>
   </div>
   <div class='ocr_carea' id='block_1_14' title="bbox 409 1229 1983 1303">
    <p class='ocr_par' dir='ltr' id='par_1_14' title="bbox 409 1229 1983 1303">
     <span class='ocr_line' id='line_1_14' title="bbox 409 1229 1983 1303; baseline -0.001 -16"><span class='ocrx_word' id='word_1_92' title='bbox 409 1241 830 1295; x_wconf 86' lang='lat' dir='ltr'><strong>antevenerunt,</strong></span> <span class='ocrx_word' id='word_1_93' title='bbox 879 1233 932 1285; x_wconf 92' lang='lat' dir='ltr'><strong>in</strong></span> <span class='ocrx_word' id='word_1_94' title='bbox 985 1231 1164 1286; x_wconf 91' lang='lat' dir='ltr'><strong>medio</strong></span> <span class='ocrx_word' id='word_1_95' title='bbox 1191 1229 1718 1286; x_wconf 85' lang='lat' dir='ltr'><strong>adolescentularum</strong></span> <span class='ocrx_word' id='word_1_96' title='bbox 1766 1240 1983 1303; x_wconf 83' lang='lat' dir='ltr'><strong>tympa-</strong></span> 
     </span>
    </p>
   </div>
   <div class='ocr_carea' id='block_1_15' title="bbox 2094 501 3674 574">
    <p class='ocr_par' dir='ltr' id='par_1_15' title="bbox 2094 501 3674 574">
     <span class='ocr_line' id='line_1_15' title="bbox 2094 501 3674 574; baseline 0.005 -20"><span class='ocrx_word' id='word_1_97' title='bbox 2094 501 2202 572; x_wconf 87' lang='grc' dir='ltr'>γὰρ</span> <span class='ocrx_word' id='word_1_98' title='bbox 2227 501 2423 565; x_wconf 78' lang='grc' dir='ltr'>αὐτοὺς</span> <span class='ocrx_word' id='word_1_99' title='bbox 2458 503 2488 554; x_wconf 85' lang='grc' dir='ltr'><strong>ό</strong></span> <span class='ocrx_word' id='word_1_100' title='bbox 2513 503 2702 574; x_wconf 83' lang='grc' dir='ltr'>Σωτὴρ</span> <span class='ocrx_word' id='word_1_101' title='bbox 2739 503 2838 555; x_wconf 67' lang='grc' dir='ltr'>καὶ</span> <span class='ocrx_word' id='word_1_102' title='bbox 2869 502 3075 573; x_wconf 84' lang='grc' dir='ltr'>Κύριος</span> <span class='ocrx_word' id='word_1_103' title='bbox 3113 503 3268 574; x_wconf 78' lang='grc' dir='ltr'>ἡμῶν</span> <span class='ocrx_word' id='word_1_104' title='bbox 3292 505 3674 572; x_wconf 81' lang='grc' dir='ltr'>ἀναλέλεκται,</span> 
     </span>
    </p>
   </div>
   <div class='ocr_carea' id='block_1_16' title="bbox 2093 587 3676 666">
    <p class='ocr_par' dir='ltr' id='par_1_16' title="bbox 2093 587 3676 666">
     <span class='ocr_line' id='line_1_16' title="bbox 2093 587 3676 666; baseline 0.004 -22"><span class='ocrx_word' id='word_1_105' title='bbox 2093 589 2234 644; x_wconf 88' lang='grc' dir='ltr'><strong>κατά</strong></span> <span class='ocrx_word' id='word_1_106' title='bbox 2255 587 2352 660; x_wconf 79' lang='grc' dir='ltr'><strong>τὴν</strong></span> <span class='ocrx_word' id='word_1_107' title='bbox 2375 590 2652 644; x_wconf 89' lang='grc' dir='ltr'>Ματθαίου</span> <span class='ocrx_word' id='word_1_108' title='bbox 2679 591 2997 662; x_wconf 88' lang='grc' dir='ltr'>παράθεσιν.</span> <span class='ocrx_word' id='word_1_109' title='bbox 3029 592 3140 661; x_wconf 81' lang='grc' dir='ltr'>Τὴν</span> <span class='ocrx_word' id='word_1_110' title='bbox 3165 594 3246 656; x_wconf 83' lang='grc' dir='ltr'><strong>είς</strong></span> <span class='ocrx_word' id='word_1_111' title='bbox 3271 594 3594 666; x_wconf 78' lang='grc' dir='ltr'><strong>ἀνθρώπους</strong></span> <span class='ocrx_word' id='word_1_112' title='bbox 3619 597 3676 652; x_wconf 70' lang='grc' dir='ltr'>δὲ</span> 
     </span>
    </p>
   </div>
   <div class='ocr_carea' id='block_1_17' title="bbox 2091 683 3672 758">
    <p class='ocr_par' dir='ltr' id='par_1_17' title="bbox 2091 683 3672 758">
     <span class='ocr_line' id='line_1_17' title="bbox 2091 683 3672 758; baseline 0.004 -22"><span class='ocrx_word' id='word_1_113' title='bbox 2091 683 2318 755; x_wconf 83' lang='grc' dir='ltr'>πορείαν</span> <span class='ocrx_word' id='word_1_114' title='bbox 2344 684 2438 736; x_wconf 76' lang='grc' dir='ltr'><strong>καὶ</strong></span> <span class='ocrx_word' id='word_1_115' title='bbox 2463 685 2561 755; x_wconf 74' lang='grc' dir='ltr'><strong>τὴν</strong></span> <span class='ocrx_word' id='word_1_116' title='bbox 2587 685 2852 756; x_wconf 81' lang='grc' dir='ltr'>ἐνσαρκον</span> <span class='ocrx_word' id='word_1_117' title='bbox 2877 684 3169 755; x_wconf 89' lang='grc' dir='ltr'>ἐπιδημίαν</span> <span class='ocrx_word' id='word_1_118' title='bbox 3201 685 3293 738; x_wconf 90' lang='grc' dir='ltr'><strong>τοῦ</strong></span> <span class='ocrx_word' id='word_1_119' title='bbox 3330 686 3466 740; x_wconf 91' lang='grc' dir='ltr'>Θεοῦ</span> <span class='ocrx_word' id='word_1_120' title='bbox 3492 688 3672 758; x_wconf 82' lang='grc' dir='ltr'><strong>Λόγου</strong></span> 
     </span>
    </p>
   </div>
   <div class='ocr_carea' id='block_1_18' title="bbox 2091 775 3673 848">
    <p class='ocr_par' dir='ltr' id='par_1_18' title="bbox 2091 775 3673 848">
     <span class='ocr_line' id='line_1_18' title="bbox 2091 775 3673 848; baseline 0.003 -19"><span class='ocrx_word' id='word_1_121' title='bbox 2091 775 2424 840; x_wconf 80' lang='grc' dir='ltr'><strong>θεσπίζουσα</strong></span> <span class='ocrx_word' id='word_1_122' title='bbox 2460 779 2492 846; x_wconf 86' lang='grc' dir='ltr'>ἠ</span> <span class='ocrx_word' id='word_1_123' title='bbox 2535 776 2726 848; x_wconf 86' lang='grc' dir='ltr'>Γραφή</span> <span class='ocrx_word' id='word_1_124' title='bbox 2767 793 2950 846; x_wconf 85' lang='grc' dir='ltr'>φησιν,</span> <span class='ocrx_word' id='word_1_125' title='bbox 2985 794 3003 827; x_wconf 77' lang='grc' dir='ltr'><strong>ι</strong></span> <span class='ocrx_word' id='word_1_126' title='bbox 3046 775 3461 848; x_wconf 80' lang='grc' dir='ltr'>Ἐθεωρήθησαν</span> <span class='ocrx_word' id='word_1_127' title='bbox 3487 780 3545 832; x_wconf 78' lang='grc' dir='ltr'>αἱ</span> <span class='ocrx_word' id='word_1_128' title='bbox 3573 797 3673 833; x_wconf 91' lang='grc' dir='ltr'>πο-</span> 
     </span>
    </p>
   </div>
   <div class='ocr_carea' id='block_1_19' title="bbox 2089 869 3676 940">
    <p class='ocr_par' dir='ltr' id='par_1_19' title="bbox 2089 869 3676 940">
     <span class='ocr_line' id='line_1_19' title="bbox 2089 869 3676 940; baseline 0.001 -18"><span class='ocrx_word' id='word_1_129' title='bbox 2089 869 2229 940; x_wconf 84' lang='grc' dir='ltr'>ρεῖαί</span> <span class='ocrx_word' id='word_1_130' title='bbox 2271 886 2362 923; x_wconf 90' lang='grc' dir='ltr'><strong>σου</strong></span> <span class='ocrx_word' id='word_1_131' title='bbox 2389 870 2417 922; x_wconf 85' lang='grc' dir='ltr'><strong>ό</strong></span> <span class='ocrx_word' id='word_1_132' title='bbox 2443 869 2576 932; x_wconf 86' lang='grc' dir='ltr'>Θεὸς</span> <span class='ocrx_word' id='word_1_133' title='bbox 2595 910 2609 933; x_wconf 93' lang='grc'><strong>,</strong></span> <span class='ocrx_word' id='word_1_134' title='bbox 2647 888 2664 920; x_wconf 77' lang='grc' dir='ltr'><strong>ι</strong></span> <span class='ocrx_word' id='word_1_135' title='bbox 2693 869 2789 922; x_wconf 74' lang='grc' dir='ltr'><strong>καὶ</strong></span> <span class='ocrx_word' id='word_1_136' title='bbox 2829 869 2898 922; x_wconf 87' lang='grc' dir='ltr'><strong>τά</strong></span> <span class='ocrx_word' id='word_1_137' title='bbox 2923 871 3069 940; x_wconf 82' lang='grc' dir='ltr'>ἐξῆς.</span> <span class='ocrx_word' id='word_1_138' title='bbox 3102 870 3317 940; x_wconf 84' lang='grc' dir='ltr'>Ταύτης</span> <span class='ocrx_word' id='word_1_139' title='bbox 3344 871 3400 923; x_wconf 86' lang='grc' dir='ltr'>δὲ</span> <span class='ocrx_word' id='word_1_140' title='bbox 3423 870 3529 940; x_wconf 80' lang='grc' dir='ltr'><strong>τῆς</strong></span> <span class='ocrx_word' id='word_1_141' title='bbox 3555 872 3676 925; x_wconf 84' lang='grc' dir='ltr'>ἐπι-</span> 
     </span>
    </p>
   </div>
   <div class='ocr_carea' id='block_1_20' title="bbox 2087 957 3672 1031">
    <p class='ocr_par' dir='ltr' id='par_1_20' title="bbox 2087 957 3672 1031">
     <span class='ocr_line' id='line_1_20' title="bbox 2087 957 3672 1031; baseline 0.003 -21"><span class='ocrx_word' id='word_1_142' title='bbox 2087 957 2315 1027; x_wconf 86' lang='grc' dir='ltr'>φανείας</span> <span class='ocrx_word' id='word_1_143' title='bbox 2353 957 2554 1011; x_wconf 76' lang='grc' dir='ltr'>ὡσανεὶ</span> <span class='ocrx_word' id='word_1_144' title='bbox 2580 958 2874 1030; x_wconf 81' lang='grc' dir='ltr'>πρόδρομοι</span> <span class='ocrx_word' id='word_1_145' title='bbox 2906 959 3186 1028; x_wconf 86' lang='grc' dir='ltr'>γεγονότες</span> <span class='ocrx_word' id='word_1_146' title='bbox 3209 961 3257 1014; x_wconf 76' lang='grc' dir='ltr'>οἱ</span> <span class='ocrx_word' id='word_1_147' title='bbox 3291 960 3458 1015; x_wconf 86' lang='grc' dir='ltr'>πάλαι</span> <span class='ocrx_word' id='word_1_148' title='bbox 3482 959 3672 1031; x_wconf 79' lang='grc' dir='ltr'>θεοφι·</span> 
     </span>
    </p>
   </div>
   <div class='ocr_carea' id='block_1_21' title="bbox 2085 1049 3673 1122">
    <p class='ocr_par' dir='ltr' id='par_1_21' title="bbox 2085 1049 3673 1122">
     <span class='ocr_line' id='line_1_21' title="bbox 2085 1049 3673 1122; baseline 0.003 -20"><span class='ocrx_word' id='word_1_149' title='bbox 2085 1050 2196 1114; x_wconf 87' lang='grc' dir='ltr'>λείς</span> <span class='ocrx_word' id='word_1_150' title='bbox 2222 1050 2513 1121; x_wconf 75' lang='grc' dir='ltr'><strong>προφῆται,</strong></span> <span class='ocrx_word' id='word_1_151' title='bbox 2531 1049 2618 1103; x_wconf 88' lang='grc' dir='ltr'><strong>διά</strong></span> <span class='ocrx_word' id='word_1_152' title='bbox 2641 1050 2938 1122; x_wconf 79' lang='grc' dir='ltr'>ψαλτηρίου</span> <span class='ocrx_word' id='word_1_153' title='bbox 2964 1051 3057 1104; x_wconf 78' lang='grc' dir='ltr'>καὶ</span> <span class='ocrx_word' id='word_1_154' title='bbox 3082 1050 3256 1122; x_wconf 88' lang='grc' dir='ltr'>χορῶν</span> <span class='ocrx_word' id='word_1_155' title='bbox 3279 1052 3374 1105; x_wconf 67' lang='grc' dir='ltr'>καὶ</span> <span class='ocrx_word' id='word_1_156' title='bbox 3396 1052 3673 1106; x_wconf 82' lang='grc' dir='ltr'>παντοίων</span> 
     </span>
    </p>
   </div>
   <div class='ocr_carea' id='block_1_22' title="bbox 2085 1143 3670 1216">
    <p class='ocr_par' dir='ltr' id='par_1_22' title="bbox 2085 1143 3670 1216">
     <span class='ocr_line' id='line_1_22' title="bbox 2085 1143 3670 1216; baseline 0.001 -20"><span class='ocrx_word' id='word_1_157' title='bbox 2085 1143 2470 1211; x_wconf 78' lang='grc' dir='ltr'>πνευματικῶν</span> <span class='ocrx_word' id='word_1_158' title='bbox 2495 1144 2741 1215; x_wconf 86' lang='grc' dir='ltr'>ὁργάνων</span> <span class='ocrx_word' id='word_1_159' title='bbox 2768 1143 3145 1216; x_wconf 88' lang='grc' dir='ltr'>κηρύττοντες,</span> <span class='ocrx_word' id='word_1_160' title='bbox 3175 1144 3268 1198; x_wconf 76' lang='grc' dir='ltr'><strong>καὶ</strong></span> <span class='ocrx_word' id='word_1_161' title='bbox 3299 1144 3670 1215; x_wconf 89' lang='grc' dir='ltr'>ἀνυμνοῦντες</span> 
     </span>
    </p>
   </div>
   <div class='ocr_carea' id='block_1_23' title="bbox 2083 1233 3670 1308">
    <p class='ocr_par' dir='ltr' id='par_1_23' title="bbox 2083 1233 3670 1308">
     <span class='ocr_line' id='line_1_23' title="bbox 2083 1233 3670 1308; baseline 0.003 -22"><span class='ocrx_word' id='word_1_162' title='bbox 2083 1233 2432 1303; x_wconf 80' lang='grc' dir='ltr'>προέφθασαν</span> <span class='ocrx_word' id='word_1_163' title='bbox 2467 1236 2524 1288; x_wconf 88' lang='grc' dir='ltr'><strong>ἐν</strong></span> <span class='ocrx_word' id='word_1_164' title='bbox 2553 1235 2701 1307; x_wconf 81' lang='grc' dir='ltr'>μέσῳ</span> <span class='ocrx_word' id='word_1_165' title='bbox 2735 1236 2990 1290; x_wconf 82' lang='grc' dir='ltr'>νεανίδων</span> <span class='ocrx_word' id='word_1_166' title='bbox 3015 1236 3480 1308; x_wconf 86' lang='grc' dir='ltr'>τυμπανιστριῶν.</span> <span class='ocrx_word' id='word_1_167' title='bbox 3523 1237 3670 1292; x_wconf 86' lang='grc' dir='ltr'>Πάν-</span> 
     </span>
    </p>
   </div>
   <div class='ocr_carea' id='block_1_24' title="bbox 408 1320 1974 1398">
    <p class='ocr_par' dir='ltr' id='par_1_24' title="bbox 408 1320 1974 1394">
     <span class='ocr_line' id='line_1_24' title="bbox 408 1320 1974 1394; baseline -0.003 -13"><span class='ocrx_word' id='word_1_168' title='bbox 408 1325 748 1381; x_wconf 86' lang='lat' dir='ltr'><strong>nistriarum.</strong></span> <span class='ocrx_word' id='word_1_169' title='bbox 822 1322 1035 1394; x_wconf 82' lang='lat' dir='ltr'><strong>Ubique</strong></span> <span class='ocrx_word' id='word_1_170' title='bbox 1089 1325 1236 1378; x_wconf 91' lang='lat' dir='ltr'><strong>enim</strong></span> <span class='ocrx_word' id='word_1_171' title='bbox 1290 1323 1346 1377; x_wconf 90' lang='lat' dir='ltr'><strong>in</strong></span> <span class='ocrx_word' id='word_1_172' title='bbox 1411 1322 1620 1378; x_wconf 89' lang='lat' dir='ltr'><strong>medios</strong></span> <span class='ocrx_word' id='word_1_173' title='bbox 1667 1320 1974 1378; x_wconf 68' lang='lat' dir='ltr'><strong>Iudaeorum</strong></span> 
     </span>
    </p>
   </div>
   <div class='ocr_carea' id='block_1_25' title="bbox 2077 1320 3670 1398">
    <p class='ocr_par' dir='ltr' id='par_1_25' title="bbox 2080 1324 3670 1398">
     <span class='ocr_line' id='line_1_25' title="bbox 2080 1324 3670 1398; baseline 0.004 -22"><span class='ocrx_word' id='word_1_174' title='bbox 2080 1339 2189 1388; x_wconf 90' lang='grc' dir='ltr'><strong>τως</strong></span> <span class='ocrx_word' id='word_1_175' title='bbox 2213 1324 2320 1396; x_wconf 89' lang='grc' dir='ltr'><strong>γάρ</strong></span> <span class='ocrx_word' id='word_1_176' title='bbox 2344 1341 2446 1378; x_wconf 89' lang='grc' dir='ltr'><strong>που</strong></span> <span class='ocrx_word' id='word_1_177' title='bbox 2472 1324 2580 1380; x_wconf 90' lang='grc' dir='ltr'><strong>τῶν</strong></span> <span class='ocrx_word' id='word_1_178' title='bbox 2607 1326 2671 1379; x_wconf 87' lang='grc' dir='ltr'><strong>ἐκ</strong></span> <span class='ocrx_word' id='word_1_179' title='bbox 2693 1325 2992 1397; x_wconf 80' lang='grc' dir='ltr'>περιτομῆς</span> <span class='ocrx_word' id='word_1_180' title='bbox 3031 1328 3356 1396; x_wconf 86' lang='grc' dir='ltr'>συναγωγῶν</span> <span class='ocrx_word' id='word_1_181' title='bbox 3383 1329 3464 1390; x_wconf 88' lang='grc' dir='ltr'>εἰς</span> <span class='ocrx_word' id='word_1_182' title='bbox 3501 1328 3670 1398; x_wconf 79' lang='grc' dir='ltr'>μέσον</span> 
     </span>
    </p>
   </div>
   <div class='ocr_carea' id='block_1_26' title="bbox 406 1415 1974 1492">
    <p class='ocr_par' dir='ltr' id='par_1_26' title="bbox 406 1415 1974 1489">
     <span class='ocr_line' id='line_1_26' title="bbox 406 1415 1974 1489; baseline -0.001 -15"><span class='ocrx_word' id='word_1_183' title='bbox 406 1425 708 1474; x_wconf 89' lang='lat' dir='ltr'><strong>conventus</strong></span> <span class='ocrx_word' id='word_1_184' title='bbox 736 1417 1012 1489; x_wconf 76' lang='lat' dir='ltr'><strong>progressi</strong></span> <span class='ocrx_word' id='word_1_185' title='bbox 1055 1415 1227 1470; x_wconf 80' lang='lat' dir='ltr'><strong>divini</strong></span> <span class='ocrx_word' id='word_1_186' title='bbox 1262 1416 1558 1487; x_wconf 61' lang='lat' dir='ltr'><strong>prophetae,</strong></span> <span class='ocrx_word' id='word_1_187' title='bbox 1587 1416 1792 1472; x_wconf 88' lang='lat' dir='ltr'><strong>Christi</strong></span> <span class='ocrx_word' id='word_1_188' title='bbox 1828 1425 1974 1473; x_wconf 87' lang='lat' dir='ltr'><strong>tanto</strong></span> 
     </span>
    </p>
   </div>
   <div class='ocr_carea' id='block_1_27' title="bbox 2077 1415 3669 1492">
    <p class='ocr_par' dir='ltr' id='par_1_27' title="bbox 2081 1417 3669 1492">
     <span class='ocr_line' id='line_1_27' title="bbox 2081 1417 3669 1492; baseline 0.001 -22"><span class='ocrx_word' id='word_1_189' title='bbox 2081 1417 2367 1489; x_wconf 86' lang='grc' dir='ltr'>παριόντες</span> <span class='ocrx_word' id='word_1_190' title='bbox 2419 1420 2466 1471; x_wconf 85' lang='grc' dir='ltr'>οἱ</span> <span class='ocrx_word' id='word_1_191' title='bbox 2515 1417 2645 1471; x_wconf 86' lang='grc' dir='ltr'>θεῖοι</span> <span class='ocrx_word' id='word_1_192' title='bbox 2684 1419 2958 1490; x_wconf 81' lang='grc' dir='ltr'>προφῆται</span> <span class='ocrx_word' id='word_1_193' title='bbox 3000 1417 3099 1488; x_wconf 82' lang='grc' dir='ltr'><strong>τὴν</strong></span> <span class='ocrx_word' id='word_1_194' title='bbox 3128 1418 3222 1472; x_wconf 89' lang='grc' dir='ltr'><strong>τοῦ</strong></span> <span class='ocrx_word' id='word_1_195' title='bbox 3261 1421 3500 1492; x_wconf 84' lang='grc' dir='ltr'>Χριστοῦ</span> <span class='ocrx_word' id='word_1_196' title='bbox 3534 1437 3669 1492; x_wconf 90' lang='grc' dir='ltr'>προ-</span> 
     </span>
    </p>
   </div>
   <div class='ocr_carea' id='block_1_28' title="bbox 408 1508 1974 1584">
    <p class='ocr_par' dir='ltr' id='par_1_28' title="bbox 408 1511 1974 1582">
     <span class='ocr_line' id='line_1_28' title="bbox 408 1511 1974 1582; baseline -0.001 -14"><span class='ocrx_word' id='word_1_197' title='bbox 408 1520 535 1568; x_wconf 88' lang='lat' dir='ltr'><strong>ante</strong></span> <span class='ocrx_word' id='word_1_198' title='bbox 566 1511 967 1568; x_wconf 84' lang='lat' dir='ltr'><strong>denuntiabant</strong></span> <span class='ocrx_word' id='word_1_199' title='bbox 998 1511 1290 1566; x_wconf 85' lang='lat' dir='ltr'><strong>adventum</strong></span> <span class='ocrx_word' id='word_1_200' title='bbox 1319 1531 1333 1567; x_wconf 90' lang='lat'><strong>:</strong></span> <span class='ocrx_word' id='word_1_201' title='bbox 1364 1512 1493 1582; x_wconf 90' lang='lat' dir='ltr'><strong>quin</strong></span> <span class='ocrx_word' id='word_1_202' title='bbox 1522 1511 1684 1566; x_wconf 87' lang='lat' dir='ltr'><strong>etiam</strong></span> <span class='ocrx_word' id='word_1_203' title='bbox 1713 1511 1875 1568; x_wconf 85' lang='lat' dir='ltr'><strong>iidem</strong></span> <span class='ocrx_word' id='word_1_204' title='bbox 1897 1513 1974 1567; x_wconf 82' lang='lat' dir='ltr'><strong>di-</strong></span> 
     </span>
    </p>
   </div>
   <div class='ocr_carea' id='block_1_29' title="bbox 2077 1508 3669 1584">
    <p class='ocr_par' dir='ltr' id='par_1_29' title="bbox 2081 1508 3669 1584">
     <span class='ocr_line' id='line_1_29' title="bbox 2081 1508 3669 1584; baseline 0.003 -22"><span class='ocrx_word' id='word_1_205' title='bbox 2081 1509 2445 1580; x_wconf 87' lang='grc' dir='ltr'>κατήγγελλον</span> <span class='ocrx_word' id='word_1_206' title='bbox 2490 1508 2702 1578; x_wconf 80' lang='grc' dir='ltr'>ἄφιξιν·</span> <span class='ocrx_word' id='word_1_207' title='bbox 2763 1510 2812 1564; x_wconf 87' lang='grc' dir='ltr'><strong>οί</strong></span> <span class='ocrx_word' id='word_1_208' title='bbox 2847 1509 2902 1563; x_wconf 85' lang='grc' dir='ltr'><strong>δὲ</strong></span> <span class='ocrx_word' id='word_1_209' title='bbox 2938 1510 3090 1563; x_wconf 75' lang='grc' dir='ltr'>αὐτοὶ</span> <span class='ocrx_word' id='word_1_210' title='bbox 3114 1511 3192 1582; x_wconf 85' lang='grc' dir='ltr'>τῷ</span> <span class='ocrx_word' id='word_1_211' title='bbox 3227 1512 3358 1582; x_wconf 84' lang='grc' dir='ltr'>θείῳ</span> <span class='ocrx_word' id='word_1_212' title='bbox 3394 1512 3669 1584; x_wconf 88' lang='grc' dir='ltr'>πνεύματι</span> 
     </span>
    </p>
   </div>
   <div class='ocr_carea' id='block_1_30' title="bbox 406 1597 1974 1676">
    <p class='ocr_par' dir='ltr' id='par_1_30' title="bbox 406 1602 1974 1676">
     <span class='ocr_line' id='line_1_30' title="bbox 406 1602 1974 1676; baseline 0.001 -20"><span class='ocrx_word' id='word_1_213' title='bbox 406 1605 536 1659; x_wconf 77' lang='lat' dir='ltr'><strong>vino</strong></span> <span class='ocrx_word' id='word_1_214' title='bbox 567 1603 762 1676; x_wconf 89' lang='lat' dir='ltr'><strong>spiritu</strong></span> <span class='ocrx_word' id='word_1_215' title='bbox 797 1603 959 1658; x_wconf 87' lang='lat' dir='ltr'><strong>alllati</strong></span> <span class='ocrx_word' id='word_1_216' title='bbox 993 1602 1295 1659; x_wconf 86' lang='lat' dir='ltr'><strong>Salvatoris</strong></span> <span class='ocrx_word' id='word_1_217' title='bbox 1349 1605 1525 1659; x_wconf 87' lang='lat' dir='ltr'><strong>nostri</strong></span> <span class='ocrx_word' id='word_1_218' title='bbox 1571 1604 1869 1674; x_wconf 91' lang='lat' dir='ltr'><strong>discipulos</strong></span> <span class='ocrx_word' id='word_1_219' title='bbox 1900 1605 1974 1658; x_wconf 89' lang='lat' dir='ltr'><strong>al-</strong></span> 
     </span>
    </p>
   </div>
   <div class='ocr_carea' id='block_1_31' title="bbox 2077 1597 3670 1676">
    <p class='ocr_par' dir='ltr' id='par_1_31' title="bbox 2077 1597 3670 1675">
     <span class='ocr_line' id='line_1_31' title="bbox 2077 1597 3670 1675; baseline 0.004 -22"><span class='ocrx_word' id='word_1_220' title='bbox 2077 1604 2190 1665; x_wconf 87' lang='grc' dir='ltr'>τοῖς</span> <span class='ocrx_word' id='word_1_221' title='bbox 2229 1601 2323 1655; x_wconf 87' lang='grc' dir='ltr'><strong>τοῦ</strong></span> <span class='ocrx_word' id='word_1_222' title='bbox 2360 1597 2618 1674; x_wconf 77' lang='grc' dir='ltr'>’Σωτῆρος</span> <span class='ocrx_word' id='word_1_223' title='bbox 2659 1601 2816 1673; x_wconf 86' lang='grc' dir='ltr'>ήμῶν</span> <span class='ocrx_word' id='word_1_224' title='bbox 2853 1602 3168 1668; x_wconf 72' lang='grc' dir='ltr'>ἀποστόλοις</span> <span class='ocrx_word' id='word_1_225' title='bbox 3197 1605 3555 1675; x_wconf 86' lang='grc' dir='ltr'>προεφώνουν</span> <span class='ocrx_word' id='word_1_226' title='bbox 3592 1605 3670 1660; x_wconf 84' lang='grc' dir='ltr'>λέ-</span> 
     </span>
    </p>
   </div>
   <div class='ocr_carea' id='block_1_32' title="bbox 406 1695 1974 1771">
    <p class='ocr_par' dir='ltr' id='par_1_32' title="bbox 406 1695 1974 1769">
     <span class='ocr_line' id='line_1_32' title="bbox 406 1695 1974 1769; baseline -0.001 -17"><span class='ocrx_word' id='word_1_227' title='bbox 406 1698 771 1769; x_wconf 86' lang='lat' dir='ltr'><strong>loquebantur</strong></span> <span class='ocrx_word' id='word_1_228' title='bbox 799 1697 1045 1752; x_wconf 89' lang='lat' dir='ltr'><strong>dicentes</strong></span> <span class='ocrx_word' id='word_1_229' title='bbox 1072 1715 1086 1752; x_wconf 90' lang='lat'><strong>:</strong></span> <span class='ocrx_word' id='word_1_230' title='bbox 1119 1715 1137 1749; x_wconf 81' lang='grc' dir='ltr'><strong>ι</strong></span> <span class='ocrx_word' id='word_1_231' title='bbox 1174 1696 1230 1751; x_wconf 89' lang='lat' dir='ltr'><strong>In</strong></span> <span class='ocrx_word' id='word_1_232' title='bbox 1257 1696 1518 1752; x_wconf 78' lang='lat' dir='ltr'><strong>Ecclesiis</strong></span> <span class='ocrx_word' id='word_1_233' title='bbox 1545 1695 1850 1752; x_wconf 88' lang='lat' dir='ltr'><strong>benedicite</strong></span> <span class='ocrx_word' id='word_1_234' title='bbox 1870 1695 1974 1751; x_wconf 89' lang='lat' dir='ltr'><strong>Deo</strong></span> 
     </span>
    </p>
   </div>
   <div class='ocr_carea' id='block_1_33' title="bbox 2077 1695 3668 1771">
    <p class='ocr_par' dir='ltr' id='par_1_33' title="bbox 2078 1695 3668 1771">
     <span class='ocr_line' id='line_1_33' title="bbox 2078 1695 3668 1771; baseline 0.003 -22"><span class='ocrx_word' id='word_1_235' title='bbox 2078 1713 2268 1764; x_wconf 90' lang='grc' dir='ltr'>γοντες</span> <span class='ocrx_word' id='word_1_236' title='bbox 2285 1712 2297 1725; x_wconf 90' lang='grc'>·</span> <span class='ocrx_word' id='word_1_237' title='bbox 2333 1715 2352 1747; x_wconf 77' lang='grc' dir='ltr'><strong>ι</strong></span> <span class='ocrx_word' id='word_1_238' title='bbox 2393 1696 2481 1750; x_wconf 86' lang='grc' dir='ltr'>Ἐν</span> <span class='ocrx_word' id='word_1_239' title='bbox 2519 1695 2864 1765; x_wconf 86' lang='grc' dir='ltr'>Ἐκκλησίαις</span> <span class='ocrx_word' id='word_1_240' title='bbox 2889 1695 3158 1764; x_wconf 73' lang='grc' dir='ltr'>εὐλογεῖτε</span> <span class='ocrx_word' id='word_1_241' title='bbox 3182 1696 3273 1751; x_wconf 73' lang='grc' dir='ltr'><strong>τόν</strong></span> <span class='ocrx_word' id='word_1_242' title='bbox 3298 1697 3433 1751; x_wconf 81' lang='grc' dir='ltr'>Θεὸν</span> <span class='ocrx_word' id='word_1_243' title='bbox 3457 1697 3668 1771; x_wconf 78' lang='grc' dir='ltr'>Κύριον</span> 
     </span>
    </p>
   </div>
   <div class='ocr_carea' id='block_1_34' title="bbox 406 1765 1974 1860">
    <p class='ocr_par' dir='ltr' id='par_1_34' title="bbox 406 1787 1974 1845">
     <span class='ocr_line' id='line_1_34' title="bbox 406 1787 1974 1845; baseline 0 -2"><span class='ocrx_word' id='word_1_244' title='bbox 406 1789 636 1845; x_wconf 92' lang='lat' dir='ltr'><strong>Domino</strong></span> <span class='ocrx_word' id='word_1_245' title='bbox 679 1789 747 1844; x_wconf 90' lang='lat' dir='ltr'><strong>de</strong></span> <span class='ocrx_word' id='word_1_246' title='bbox 773 1787 1016 1843; x_wconf 82' lang='lat' dir='ltr'><strong>fontibus</strong></span> <span class='ocrx_word' id='word_1_247' title='bbox 1069 1789 1258 1844; x_wconf 82' lang='lat' dir='ltr'><strong>Israel.</strong></span> <span class='ocrx_word' id='word_1_248' title='bbox 1292 1807 1310 1840; x_wconf 72' lang='grc' dir='ltr'><strong>ι</strong></span> <span class='ocrx_word' id='word_1_249' title='bbox 1354 1787 1555 1843; x_wconf 87' lang='lat' dir='ltr'><strong>Fontes</strong></span> <span class='ocrx_word' id='word_1_250' title='bbox 1597 1794 1776 1844; x_wconf 87' lang='lat' dir='ltr'><strong>autem</strong></span> <span class='ocrx_word' id='word_1_251' title='bbox 1813 1789 1974 1845; x_wconf 90' lang='lat' dir='ltr'><strong>Israel</strong></span> 
     </span>
    </p>
   </div>
   <div class='ocr_carea' id='block_1_35' title="bbox 2077 1765 3665 1860">
    <p class='ocr_par' dir='ltr' id='par_1_35' title="bbox 2078 1765 3665 1860">
     <span class='ocr_line' id='line_1_35' title="bbox 2078 1765 3665 1860; baseline 0.003 -20"><span class='ocrx_word' id='word_1_252' title='bbox 2078 1790 2142 1842; x_wconf 91' lang='grc' dir='ltr'><strong>ἐκ</strong></span> <span class='ocrx_word' id='word_1_253' title='bbox 2187 1787 2379 1858; x_wconf 85' lang='grc' dir='ltr'>πηγῶν</span> <span class='ocrx_word' id='word_1_254' title='bbox 2418 1788 2655 1859; x_wconf 85' lang='grc' dir='ltr'>Ἰσραήλ.</span> <span class='ocrx_word' id='word_1_255' title='bbox 2693 1807 2711 1839; x_wconf 79' lang='grc' dir='ltr'><strong>ι</strong></span> <span class='ocrx_word' id='word_1_256' title='bbox 2757 1787 2934 1859; x_wconf 74' lang='grc' dir='ltr'>Πηγαὶ</span> <span class='ocrx_word' id='word_1_257' title='bbox 2967 1787 3022 1841; x_wconf 85' lang='grc' dir='ltr'><strong>δέ</strong></span> <span class='ocrx_word' id='word_1_258' title='bbox 3067 1789 3284 1860; x_wconf 70' lang='grc' dir='ltr'>Ἰσραὴλ</span> <span class='ocrx_word' id='word_1_259' title='bbox 3317 1791 3367 1842; x_wconf 91' lang='grc' dir='ltr'><strong>οί</strong></span> <span class='ocrx_word' id='word_1_260' title='bbox 3403 1765 3567 1859; x_wconf 41' lang='grc' dir='ltr'>λόγοι.</span> <span class='ocrx_word' id='word_1_261' title='bbox 3600 1789 3665 1845; x_wconf 81' lang='grc' dir='ltr'><strong>ἂν</strong></span> 
     </span>
    </p>
   </div>
   <div class='ocr_carea' id='block_1_36' title="bbox 405 1879 1979 1951">
    <p class='ocr_par' dir='ltr' id='par_1_36' title="bbox 405 1879 1979 1951">
     <span class='ocr_line' id='line_1_36' title="bbox 405 1879 1979 1951; baseline 0.003 -17"><span class='ocrx_word' id='word_1_262' title='bbox 405 1883 570 1938; x_wconf 86' lang='lat' dir='ltr'><strong>verba</strong></span> <span class='ocrx_word' id='word_1_263' title='bbox 607 1881 830 1940; x_wconf 81' lang='lat' dir='ltr'><strong>fuerint.</strong></span> <span class='ocrx_word' id='word_1_264' title='bbox 865 1896 985 1950; x_wconf 71' lang='lat' dir='ltr'><strong>qua:</strong></span> <span class='ocrx_word' id='word_1_265' title='bbox 1015 1881 1114 1951; x_wconf 89' lang='lat' dir='ltr'><strong>ipsi</strong></span> <span class='ocrx_word' id='word_1_266' title='bbox 1152 1879 1317 1936; x_wconf 88' lang='lat' dir='ltr'><strong>Israel</strong></span> <span class='ocrx_word' id='word_1_267' title='bbox 1349 1881 1548 1933; x_wconf 80' lang='lat' dir='ltr'><strong>tradita</strong></span> <span class='ocrx_word' id='word_1_268' title='bbox 1582 1891 1711 1935; x_wconf 92' lang='lat' dir='ltr'><strong>sunt</strong></span> <span class='ocrx_word' id='word_1_269' title='bbox 1743 1900 1755 1936; x_wconf 87' lang='lat'><strong>:</strong></span> <span class='ocrx_word' id='word_1_270' title='bbox 1784 1882 1979 1951; x_wconf 90' lang='lat' dir='ltr'><strong>primis</strong></span> 
     </span>
    </p>
   </div>
   <div class='ocr_carea' id='block_1_37' title="bbox 403 1974 1980 2046">
    <p class='ocr_par' dir='ltr' id='par_1_37' title="bbox 403 1974 1980 2046">
     <span class='ocr_line' id='line_1_37' title="bbox 403 1974 1980 2046; baseline -0.001 -14"><span class='ocrx_word' id='word_1_271' title='bbox 403 1977 548 2032; x_wconf 87' lang='lat' dir='ltr'><strong>enim</strong></span> <span class='ocrx_word' id='word_1_272' title='bbox 585 1977 694 2032; x_wconf 90' lang='lat' dir='ltr'><strong>illis</strong></span> <span class='ocrx_word' id='word_1_273' title='bbox 749 1976 954 2031; x_wconf 85' lang='lat' dir='ltr'><strong>credita</strong></span> <span class='ocrx_word' id='word_1_274' title='bbox 987 1986 1114 2031; x_wconf 90' lang='lat' dir='ltr'><strong>sunt</strong></span> <span class='ocrx_word' id='word_1_275' title='bbox 1144 1976 1233 2031; x_wconf 85' lang='lat' dir='ltr'><strong>Dei</strong></span> <span class='ocrx_word' id='word_1_276' title='bbox 1258 1976 1500 2036; x_wconf 88' lang='lat' dir='ltr'><strong>oracula,</strong></span> <span class='ocrx_word' id='word_1_277' title='bbox 1529 1974 1672 2030; x_wconf 87' lang='lat' dir='ltr'><strong>unde</strong></span> <span class='ocrx_word' id='word_1_278' title='bbox 1703 1991 1803 2030; x_wconf 91' lang='lat' dir='ltr'><strong>nos</strong></span> <span class='ocrx_word' id='word_1_279' title='bbox 1841 1991 1980 2046; x_wconf 87' lang='lat' dir='ltr'><strong>quo-</strong></span> 
     </span>
    </p>
   </div>
   <div class='ocr_carea' id='block_1_38' title="bbox 403 2067 1975 2138">
    <p class='ocr_par' dir='ltr' id='par_1_38' title="bbox 403 2067 1975 2138">
     <span class='ocr_line' id='line_1_38' title="bbox 403 2067 1975 2138; baseline 0 -18"><span class='ocrx_word' id='word_1_280' title='bbox 403 2084 510 2138; x_wconf 86' lang='lat' dir='ltr'><strong>que</strong></span> <span class='ocrx_word' id='word_1_281' title='bbox 539 2068 858 2123; x_wconf 84' lang='lat' dir='ltr'><strong>haurientes</strong></span> <span class='ocrx_word' id='word_1_282' title='bbox 887 2067 1094 2123; x_wconf 89' lang='lat' dir='ltr'><strong>Christi</strong></span> <span class='ocrx_word' id='word_1_283' title='bbox 1122 2067 1396 2122; x_wconf 84' lang='lat' dir='ltr'><strong>Ecclesias</strong></span> <span class='ocrx_word' id='word_1_284' title='bbox 1424 2067 1654 2136; x_wconf 80' lang='lat' dir='ltr'><strong>irrigare</strong></span> <span class='ocrx_word' id='word_1_285' title='bbox 1684 2068 1975 2138; x_wconf 89' lang='lat' dir='ltr'><strong>oportebit.</strong></span> 
     </span>
    </p>
   </div>
   <div class='ocr_carea' id='block_1_39' title="bbox 401 2158 1977 2231">
    <p class='ocr_par' dir='ltr' id='par_1_39' title="bbox 401 2158 1977 2231">
     <span class='ocr_line' id='line_1_39' title="bbox 401 2158 1977 2231; baseline -0.002 -14"><span class='ocrx_word' id='word_1_286' title='bbox 401 2161 860 2217; x_wconf 82' lang='lat' dir='ltr'><strong>Adolescentulas</strong></span> <span class='ocrx_word' id='word_1_287' title='bbox 883 2169 1064 2215; x_wconf 91' lang='lat' dir='ltr'><strong>autem</strong></span> <span class='ocrx_word' id='word_1_288' title='bbox 1096 2167 1149 2215; x_wconf 89' lang='lat' dir='ltr'><strong>et</strong></span> <span class='ocrx_word' id='word_1_289' title='bbox 1195 2158 1607 2231; x_wconf 85' lang='lat' dir='ltr'><strong>tympanistrias</strong></span> <span class='ocrx_word' id='word_1_290' title='bbox 1641 2159 1798 2224; x_wconf 79' lang='lat' dir='ltr'><strong>dixit,</strong></span> <span class='ocrx_word' id='word_1_291' title='bbox 1825 2167 1884 2213; x_wconf 89' lang='lat' dir='ltr'><strong>ut</strong></span> <span class='ocrx_word' id='word_1_292' title='bbox 1917 2175 1977 2214; x_wconf 89' lang='lat' dir='ltr'><strong>eo</strong></span> 
     </span>
    </p>
   </div>
   <div class='ocr_carea' id='block_1_40' title="bbox 403 2253 1977 2326">
    <p class='ocr_par' dir='ltr' id='par_1_40' title="bbox 403 2253 1977 2326">
     <span class='ocr_line' id='line_1_40' title="bbox 403 2253 1977 2326; baseline 0 -17"><span class='ocrx_word' id='word_1_293' title='bbox 403 2256 568 2311; x_wconf 92' lang='lat' dir='ltr'><strong>modo</strong></span> <span class='ocrx_word' id='word_1_294' title='bbox 593 2256 804 2311; x_wconf 87' lang='lat' dir='ltr'><strong>animas</strong></span> <span class='ocrx_word' id='word_1_295' title='bbox 828 2256 954 2309; x_wconf 89' lang='lat' dir='ltr'><strong>olim</strong></span> <span class='ocrx_word' id='word_1_296' title='bbox 990 2257 1154 2309; x_wconf 86' lang='lat' dir='ltr'><strong>vitam</strong></span> <span class='ocrx_word' id='word_1_297' title='bbox 1193 2269 1348 2310; x_wconf 90' lang='lat' dir='ltr'><strong>suam</strong></span> <span class='ocrx_word' id='word_1_298' title='bbox 1379 2254 1444 2308; x_wconf 92' lang='lat' dir='ltr'><strong>ad</strong></span> <span class='ocrx_word' id='word_1_299' title='bbox 1477 2253 1642 2309; x_wconf 84' lang='lat' dir='ltr'><strong>Mosis</strong></span> <span class='ocrx_word' id='word_1_300' title='bbox 1673 2255 1843 2326; x_wconf 91' lang='lat' dir='ltr'><strong>legem</strong></span> <span class='ocrx_word' id='word_1_301' title='bbox 1891 2255 1977 2309; x_wconf 93' lang='lat' dir='ltr'><strong>di-</strong></span> 
     </span>
    </p>
   </div>
   <div class='ocr_carea' id='block_1_41' title="bbox 403 2347 1978 2419">
    <p class='ocr_par' dir='ltr' id='par_1_41' title="bbox 403 2347 1978 2419">
     <span class='ocr_line' id='line_1_41' title="bbox 403 2347 1978 2419; baseline 0 -15"><span class='ocrx_word' id='word_1_302' title='bbox 403 2352 662 2419; x_wconf 81' lang='lat' dir='ltr'><strong>rigentes,</strong></span> <span class='ocrx_word' id='word_1_303' title='bbox 686 2355 739 2402; x_wconf 92' lang='lat' dir='ltr'><strong>et</strong></span> <span class='ocrx_word' id='word_1_304' title='bbox 769 2348 1065 2403; x_wconf 85' lang='lat' dir='ltr'><strong>secundum</strong></span> <span class='ocrx_word' id='word_1_305' title='bbox 1120 2362 1321 2418; x_wconf 88' lang='lat' dir='ltr'><strong>corpus</strong></span> <span class='ocrx_word' id='word_1_306' title='bbox 1371 2347 1663 2417; x_wconf 90' lang='lat' dir='ltr'><strong>plurimum</strong></span> <span class='ocrx_word' id='word_1_307' title='bbox 1721 2347 1978 2418; x_wconf 80' lang='lat' dir='ltr'><strong>degentes</strong></span> 
     </span>
    </p>
   </div>
   <div class='ocr_carea' id='block_1_42' title="bbox 403 2437 1969 2511">
    <p class='ocr_par' dir='ltr' id='par_1_42' title="bbox 403 2437 1969 2511">
     <span class='ocr_line' id='line_1_42' title="bbox 403 2437 1969 2511; baseline -0.001 -16"><span class='ocrx_word' id='word_1_308' title='bbox 403 2441 759 2511; x_wconf 80' lang='lat' dir='ltr'><strong>signiﬁcaret,</strong></span> <span class='ocrx_word' id='word_1_309' title='bbox 793 2439 882 2493; x_wconf 88' lang='lat' dir='ltr'><strong>ubi</strong></span> <span class='ocrx_word' id='word_1_310' title='bbox 913 2437 1042 2492; x_wconf 91' lang='lat' dir='ltr'><strong>dum</strong></span> <span class='ocrx_word' id='word_1_311' title='bbox 1074 2439 1512 2494; x_wconf 79' lang='lat' dir='ltr'><strong>adol&#39;escentulas</strong></span> <span class='ocrx_word' id='word_1_312' title='bbox 1539 2439 1756 2510; x_wconf 89' lang='lat' dir='ltr'><strong>quidem</strong></span> <span class='ocrx_word' id='word_1_313' title='bbox 1789 2447 1969 2503; x_wconf 88' lang='lat' dir='ltr'><strong>vocat,</strong></span> 
     </span>
    </p>
   </div>
   <div class='ocr_carea' id='block_1_43' title="bbox 401 2527 1973 2600">
    <p class='ocr_par' dir='ltr' id='par_1_43' title="bbox 401 2527 1973 2600">
     <span class='ocr_line' id='line_1_43' title="bbox 401 2527 1973 2600; baseline -0.003 -15"><span class='ocrx_word' id='word_1_314' title='bbox 401 2545 588 2585; x_wconf 89' lang='lat' dir='ltr'><strong>earnm</strong></span> <span class='ocrx_word' id='word_1_315' title='bbox 614 2530 806 2585; x_wconf 91' lang='lat' dir='ltr'><strong>rudius</strong></span> <span class='ocrx_word' id='word_1_316' title='bbox 830 2539 990 2599; x_wconf 91' lang='lat' dir='ltr'><strong>atque</strong></span> <span class='ocrx_word' id='word_1_317' title='bbox 1022 2527 1396 2599; x_wconf 82' lang='lat' dir='ltr'><strong>imperfectius</strong></span> <span class='ocrx_word' id='word_1_318' title='bbox 1434 2529 1772 2600; x_wconf 90' lang='lat' dir='ltr'><strong>propositum</strong></span> <span class='ocrx_word' id='word_1_319' title='bbox 1800 2536 1973 2592; x_wconf 88' lang='lat' dir='ltr'><strong>notat,</strong></span> 
     </span>
    </p>
   </div>
   <div class='ocr_carea' id='block_1_44' title="bbox 401 2621 1974 2692">
    <p class='ocr_par' dir='ltr' id='par_1_44' title="bbox 401 2621 1974 2692">
     <span class='ocr_line' id='line_1_44' title="bbox 401 2621 1974 2692; baseline 0 -15"><span class='ocrx_word' id='word_1_320' title='bbox 401 2623 529 2677; x_wconf 93' lang='lat' dir='ltr'><strong>dum</strong></span> <span class='ocrx_word' id='word_1_321' title='bbox 588 2630 767 2676; x_wconf 88' lang='lat' dir='ltr'><strong>autem</strong></span> <span class='ocrx_word' id='word_1_322' title='bbox 822 2621 1254 2692; x_wconf 83' lang='lat' dir='ltr'><strong>tympanistrias,</strong></span> <span class='ocrx_word' id='word_1_323' title='bbox 1303 2621 1618 2676; x_wconf 85' lang='lat' dir='ltr'><strong>earumdem</strong></span> <span class='ocrx_word' id='word_1_324' title='bbox 1675 2621 1974 2691; x_wconf 76' lang='lat' dir='ltr'><strong>corporalis</strong></span> 
     </span>
    </p>
   </div>
   <div class='ocr_carea' id='block_1_45' title="bbox 401 2713 1357 2784">
    <p class='ocr_par' dir='ltr' id='par_1_45' title="bbox 401 2713 1357 2784">
     <span class='ocr_line' id='line_1_45' title="bbox 401 2713 1357 2784; baseline -0.003 -13"><span class='ocrx_word' id='word_1_325' title='bbox 401 2714 740 2771; x_wconf 86' lang='lat' dir='ltr'><strong>adorationis</strong></span> <span class='ocrx_word' id='word_1_326' title='bbox 775 2729 930 2768; x_wconf 82' lang='lat' dir='ltr'><strong>usum</strong></span> <span class='ocrx_word' id='word_1_327' title='bbox 964 2713 1192 2784; x_wconf 88' lang='lat' dir='ltr'><strong>intelligi</strong></span> <span class='ocrx_word' id='word_1_328' title='bbox 1222 2715 1357 2768; x_wconf 84' lang='lat' dir='ltr'><strong>vult.</strong></span> 
     </span>
    </p>
   </div>
   <div class='ocr_carea' id='block_1_46' title="bbox 401 2825 1974 2901">
    <p class='ocr_par' dir='ltr' id='par_1_46' title="bbox 401 2825 1974 2901">
     <span class='ocr_line' id='line_1_46' title="bbox 401 2825 1974 2901; baseline -0.001 -19"><span class='ocrx_word' id='word_1_329' title='bbox 401 2827 563 2901; x_wconf 56' lang='lat'><strong>4&amp;2</strong></span> <span class='ocrx_word' id='word_1_330' title='bbox 600 2829 671 2881; x_wconf 79' lang='lat' dir='ltr'><strong>Ab</strong></span> <span class='ocrx_word' id='word_1_331' title='bbox 697 2827 866 2881; x_wconf 69' lang='lat' dir='ltr'><strong>Isaia.</strong></span> <span class='ocrx_word' id='word_1_332' title='bbox 891 2857 955 2865; x_wconf 93' lang='lat'>—</span> <span class='ocrx_word' id='word_1_333' title='bbox 988 2825 1060 2901; x_wconf 82' lang='lat' dir='ltr'><strong>De</strong></span> <span class='ocrx_word' id='word_1_334' title='bbox 1081 2828 1380 2895; x_wconf 81' lang='lat' dir='ltr'><strong>prophetica</strong></span> <span class='ocrx_word' id='word_1_335' title='bbox 1405 2827 1642 2901; x_wconf 61' lang='lat' dir='ltr'><strong>lectione,</strong></span> <span class='ocrx_word' id='word_1_336' title='bbox 1671 2843 1829 2896; x_wconf 81' lang='lat' dir='ltr'><strong>quam</strong></span> <span class='ocrx_word' id='word_1_337' title='bbox 1861 2827 1974 2901; x_wconf 70' lang='lat' dir='ltr'><strong>ipse</strong></span> 
     </span>
    </p>
   </div>
   <div class='ocr_carea' id='block_1_47' title="bbox 472 2897 1976 2953">
    <p class='ocr_par' dir='ltr' id='par_1_47' title="bbox 472 2897 1976 2953">
     <span class='ocr_line' id='line_1_47' title="bbox 472 2897 1976 2953; baseline -0.001 -1"><span class='ocrx_word' id='word_1_338' title='bbox 472 2897 730 2953; x_wconf 77' lang='lat' dir='ltr'><strong>Dominus</strong></span> <span class='ocrx_word' id='word_1_339' title='bbox 787 2907 963 2952; x_wconf 76' lang='lat' dir='ltr'><strong>noster</strong></span> <span class='ocrx_word' id='word_1_340' title='bbox 1017 2899 1072 2949; x_wconf 82' lang='lat' dir='ltr'><strong>in</strong></span> <span class='ocrx_word' id='word_1_341' title='bbox 1131 2907 1382 2952; x_wconf 77' lang='lat' dir='ltr'><strong>conventu</strong></span> <span class='ocrx_word' id='word_1_342' title='bbox 1448 2897 1763 2953; x_wconf 73' lang='lat' dir='ltr'><strong>Judworum</strong></span> <span class='ocrx_word' id='word_1_343' title='bbox 1824 2897 1976 2952; x_wconf 74' lang='lat' dir='ltr'><strong>exhi-</strong></span> 
     </span>
    </p>
   </div>
   <div class='ocr_carea' id='block_1_48' title="bbox 472 2971 604 3024">
    <p class='ocr_par' dir='ltr' id='par_1_48' title="bbox 472 2971 604 3024">
     <span class='ocr_line' id='line_1_48' title="bbox 472 2971 604 3024; baseline 0.023 -3"><span class='ocrx_word' id='word_1_344' title='bbox 472 2971 604 3024; x_wconf 80' lang='lat' dir='ltr'><strong>buit.</strong></span> 
     </span>
    </p>
   </div>
   <div class='ocr_carea' id='block_1_49' title="bbox 477 3078 2040 3167">
    <p class='ocr_par' dir='ltr' id='par_1_49' title="bbox 477 3078 2040 3167">
     <span class='ocr_line' id='line_1_49' title="bbox 477 3078 2040 3167; baseline 0.006 -37"><span class='ocrx_word' id='word_1_345' title='bbox 477 3099 494 3130; x_wconf 76' lang='grc' dir='ltr'><strong>ι</strong></span> <span class='ocrx_word' id='word_1_346' title='bbox 535 3078 774 3150; x_wconf 86' lang='lat' dir='ltr'><strong>Spiritus</strong></span> <span class='ocrx_word' id='word_1_347' title='bbox 804 3079 1016 3134; x_wconf 89' lang='lat' dir='ltr'><strong>Domini</strong></span> <span class='ocrx_word' id='word_1_348' title='bbox 1053 3096 1218 3150; x_wconf 88' lang='lat' dir='ltr'><strong>super</strong></span> <span class='ocrx_word' id='word_1_349' title='bbox 1249 3096 1355 3144; x_wconf 91' lang='lat' dir='ltr'><strong>me,</strong></span> <span class='ocrx_word' id='word_1_350' title='bbox 1391 3090 1614 3152; x_wconf 87' lang='lat' dir='ltr'><strong>propter</strong></span> <span class='ocrx_word' id='word_1_351' title='bbox 1640 3084 1786 3154; x_wconf 89' lang='lat' dir='ltr'><strong>quod</strong></span> <span class='ocrx_word' id='word_1_352' title='bbox 1818 3083 1971 3139; x_wconf 79' lang='lat' dir='ltr'><strong>unxit</strong></span> <span class='ocrx_word' id='word_1_353' title='bbox 1998 3110 2040 3167; x_wconf 67' lang='grc' dir='ltr'>ο</span> 
     </span>
    </p>
   </div>
   <div class='ocr_carea' id='block_1_50' title="bbox 401 3169 1971 3240">
    <p class='ocr_par' dir='ltr' id='par_1_50' title="bbox 401 3169 1971 3240">
     <span class='ocr_line' id='line_1_50' title="bbox 401 3169 1971 3240; baseline 0.004 -17"><span class='ocrx_word' id='word_1_354' title='bbox 401 3184 506 3224; x_wconf 90' lang='lat' dir='ltr'><strong>me.</strong></span> <span class='ocrx_word' id='word_1_355' title='bbox 571 3169 957 3240; x_wconf 83' lang='lat' dir='ltr'><strong>Evangelizare</strong></span> <span class='ocrx_word' id='word_1_356' title='bbox 1009 3169 1343 3239; x_wconf 64' lang='lat' dir='ltr'><strong>pauperibus</strong></span> <span class='ocrx_word' id='word_1_357' title='bbox 1397 3171 1547 3226; x_wconf 86' lang='lat' dir='ltr'><strong>misit</strong></span> <span class='ocrx_word' id='word_1_358' title='bbox 1606 3188 1712 3237; x_wconf 89' lang='lat' dir='ltr'><strong>me,</strong></span> <span class='ocrx_word' id='word_1_359' title='bbox 1774 3188 1971 3229; x_wconf 86' lang='lat' dir='ltr'><strong>sanare</strong></span> 
     </span>
    </p>
   </div>
   <div class='ocr_carea' id='block_1_51' title="bbox 400 3260 1972 3332">
    <p class='ocr_par' dir='ltr' id='par_1_51' title="bbox 400 3260 1972 3332">
     <span class='ocr_line' id='line_1_51' title="bbox 400 3260 1972 3332; baseline 0.003 -18"><span class='ocrx_word' id='word_1_360' title='bbox 400 3261 666 3316; x_wconf 78' lang='lat' dir='ltr'><strong>rontritos</strong></span> <span class='ocrx_word' id='word_1_361' title='bbox 687 3260 872 3324; x_wconf 70' lang='lat' dir='ltr'><strong>corde,</strong></span> <span class='ocrx_word' id='word_1_362' title='bbox 909 3261 1204 3328; x_wconf 72' lang='lat' dir='ltr'><strong>praedicare</strong></span> <span class='ocrx_word' id='word_1_363' title='bbox 1225 3261 1455 3332; x_wconf 84' lang='lat' dir='ltr'><strong>captivis</strong></span> <span class='ocrx_word' id='word_1_364' title='bbox 1481 3262 1880 3328; x_wconf 83' lang='lat' dir='ltr'><strong>remissionem,</strong></span> <span class='ocrx_word' id='word_1_365' title='bbox 1917 3272 1972 3320; x_wconf 90' lang='lat' dir='ltr'><strong>et</strong></span> 
     </span>
    </p>
   </div>
   <div class='ocr_carea' id='block_1_52' title="bbox 400 3351 1973 3424">
    <p class='ocr_par' dir='ltr' id='par_1_52' title="bbox 400 3351 1973 3424">
     <span class='ocr_line' id='line_1_52' title="bbox 400 3351 1973 3424; baseline 0.001 -18"><span class='ocrx_word' id='word_1_366' title='bbox 400 3355 559 3409; x_wconf 66' lang='lat' dir='ltr'><strong>caecis</strong></span> <span class='ocrx_word' id='word_1_367' title='bbox 593 3353 792 3415; x_wconf 90' lang='lat' dir='ltr'><strong>visum,</strong></span> <span class='ocrx_word' id='word_1_368' title='bbox 819 3366 1014 3406; x_wconf 87' lang='lat' dir='ltr'><strong>vocare</strong></span> <span class='ocrx_word' id='word_1_369' title='bbox 1055 3367 1255 3407; x_wconf 90' lang='lat' dir='ltr'><strong>annum</strong></span> <span class='ocrx_word' id='word_1_370' title='bbox 1310 3351 1522 3407; x_wconf 77' lang='lat' dir='ltr'><strong>Domini</strong></span> <span class='ocrx_word' id='word_1_371' title='bbox 1573 3363 1876 3424; x_wconf 89' lang='lat' dir='ltr'><strong>acceptum,</strong></span> <span class='ocrx_word' id='word_1_372' title='bbox 1917 3362 1973 3410; x_wconf 85' lang='lat' dir='ltr'><strong>et</strong></span> 
     </span>
    </p>
   </div>
   <div class='ocr_carea' id='block_1_53' title="bbox 399 3441 1971 3515">
    <p class='ocr_par' dir='ltr' id='par_1_53' title="bbox 399 3441 1971 3515">
     <span class='ocr_line' id='line_1_53' title="bbox 399 3441 1971 3515; baseline 0 -15"><span class='ocrx_word' id='word_1_373' title='bbox 399 3447 543 3500; x_wconf 90' lang='lat' dir='ltr'><strong>diem</strong></span> <span class='ocrx_word' id='word_1_374' title='bbox 570 3443 948 3498; x_wconf 89' lang='lat' dir='ltr'><strong>retributionis</strong></span> <span class='ocrx_word' id='word_1_375' title='bbox 980 3443 1044 3497; x_wconf 79' lang='lat'><strong>‘°.</strong></span> <span class='ocrx_word' id='word_1_376' title='bbox 1087 3463 1106 3495; x_wconf 71' lang='grc' dir='ltr'><strong>ι</strong></span> <span class='ocrx_word' id='word_1_377' title='bbox 1132 3441 1244 3497; x_wconf 83' lang='lat' dir='ltr'><strong>Hoc</strong></span> <span class='ocrx_word' id='word_1_378' title='bbox 1272 3458 1490 3514; x_wconf 89' lang='lat' dir='ltr'><strong>quoque</strong></span> <span class='ocrx_word' id='word_1_379' title='bbox 1513 3444 1826 3499; x_wconf 87' lang='lat' dir='ltr'><strong>vaticinium</strong></span> <span class='ocrx_word' id='word_1_380' title='bbox 1856 3446 1971 3515; x_wconf 81' lang='lat' dir='ltr'><strong>ipse</strong></span> 
     </span>
    </p>
   </div>
   <div class='ocr_carea' id='block_1_54' title="bbox 401 3521 1972 3604">
    <p class='ocr_par' dir='ltr' id='par_1_54' title="bbox 401 3521 1972 3604">
     <span class='ocr_line' id='line_1_54' title="bbox 401 3521 1972 3604; baseline 0 -13"><span class='ocrx_word' id='word_1_381' title='bbox 401 3521 663 3591; x_wconf 84' lang='lat' dir='ltr'><strong>Dominus</strong></span> <span class='ocrx_word' id='word_1_382' title='bbox 697 3542 882 3588; x_wconf 84' lang='lat' dir='ltr'><strong>noster</strong></span> <span class='ocrx_word' id='word_1_383' title='bbox 916 3534 970 3588; x_wconf 90' lang='lat' dir='ltr'><strong>in</strong></span> <span class='ocrx_word' id='word_1_384' title='bbox 1023 3535 1211 3604; x_wconf 89' lang='lat' dir='ltr'><strong>seipso</strong></span> <span class='ocrx_word' id='word_1_385' title='bbox 1255 3536 1584 3604; x_wconf 90' lang='lat' dir='ltr'><strong>completum</strong></span> <span class='ocrx_word' id='word_1_386' title='bbox 1619 3551 1742 3592; x_wconf 90' lang='lat' dir='ltr'><strong>esse</strong></span> <span class='ocrx_word' id='word_1_387' title='bbox 1771 3535 1972 3591; x_wconf 80' lang='lat' dir='ltr'><strong>contir-</strong></span> 
     </span>
    </p>
   </div>
   <div class='ocr_carea' id='block_1_55' title="bbox 400 3621 1970 3695">
    <p class='ocr_par' dir='ltr' id='par_1_55' title="bbox 400 3621 1970 3695">
     <span class='ocr_line' id='line_1_55' title="bbox 400 3621 1970 3695; baseline 0.001 -15"><span class='ocrx_word' id='word_1_388' title='bbox 400 3634 532 3689; x_wconf 90' lang='lat' dir='ltr'><strong>mat,</strong></span> <span class='ocrx_word' id='word_1_389' title='bbox 569 3639 678 3695; x_wconf 90' lang='lat' dir='ltr'><strong>quo</strong></span> <span class='ocrx_word' id='word_1_390' title='bbox 733 3633 976 3693; x_wconf 89' lang='lat' dir='ltr'><strong>tempore</strong></span> <span class='ocrx_word' id='word_1_391' title='bbox 1005 3639 1130 3678; x_wconf 90' lang='lat' dir='ltr'><strong>cum</strong></span> <span class='ocrx_word' id='word_1_392' title='bbox 1180 3625 1417 3678; x_wconf 86' lang='lat' dir='ltr'><strong>venisset</strong></span> <span class='ocrx_word' id='word_1_393' title='bbox 1452 3624 1507 3677; x_wconf 93' lang='lat' dir='ltr'><strong>in</strong></span> <span class='ocrx_word' id='word_1_394' title='bbox 1539 3621 1830 3690; x_wconf 85' lang='lat' dir='ltr'><strong>Nazareth,</strong></span> <span class='ocrx_word' id='word_1_395' title='bbox 1877 3627 1970 3681; x_wconf 91' lang='lat' dir='ltr'><strong>ubi</strong></span> 
     </span>
    </p>
   </div>
   <div class='ocr_carea' id='block_1_56' title="bbox 399 3713 1970 3785">
    <p class='ocr_par' dir='ltr' id='par_1_56' title="bbox 399 3713 1970 3785">
     <span class='ocr_line' id='line_1_56' title="bbox 399 3713 1970 3785; baseline 0.001 -16"><span class='ocrx_word' id='word_1_396' title='bbox 399 3717 576 3769; x_wconf 80' lang='lat' dir='ltr'><strong>fuerat</strong></span> <span class='ocrx_word' id='word_1_397' title='bbox 609 3715 898 3775; x_wconf 85' lang='lat' dir='ltr'><strong>educatus,</strong></span> <span class='ocrx_word' id='word_1_398' title='bbox 924 3713 1207 3782; x_wconf 83' lang='lat' dir='ltr'><strong>ingressus</strong></span> <span class='ocrx_word' id='word_1_399' title='bbox 1237 3723 1340 3778; x_wconf 89' lang='lat' dir='ltr'><strong>est,</strong></span> <span class='ocrx_word' id='word_1_400' title='bbox 1373 3721 1433 3767; x_wconf 91' lang='lat' dir='ltr'><strong>ut</strong></span> <span class='ocrx_word' id='word_1_401' title='bbox 1466 3714 1699 3780; x_wconf 81' lang='lat' dir='ltr'><strong>solebat,</strong></span> <span class='ocrx_word' id='word_1_402' title='bbox 1731 3715 1970 3785; x_wconf 90' lang='lat' dir='ltr'><strong>quodam</strong></span> 
     </span>
    </p>
   </div>
   <div class='ocr_carea' id='block_1_57' title="bbox 401 3811 1966 3882">
    <p class='ocr_par' dir='ltr' id='par_1_57' title="bbox 401 3811 1966 3882">
     <span class='ocr_line' id='line_1_57' title="bbox 401 3811 1966 3882; baseline -0.004 -14"><span class='ocrx_word' id='word_1_403' title='bbox 401 3813 762 3868; x_wconf 86' lang='lat' dir='ltr'><strong>Sabbatorum</strong></span> <span class='ocrx_word' id='word_1_404' title='bbox 810 3811 900 3866; x_wconf 91' lang='lat' dir='ltr'><strong>die</strong></span> <span class='ocrx_word' id='word_1_405' title='bbox 935 3827 988 3864; x_wconf 81' lang='lat' dir='ltr'><strong>tn</strong></span> <span class='ocrx_word' id='word_1_406' title='bbox 1021 3818 1375 3874; x_wconf 83' lang='lat' dir='ltr'><strong>conventum,</strong></span> <span class='ocrx_word' id='word_1_407' title='bbox 1413 3811 1683 3882; x_wconf 89' lang='lat' dir='ltr'><strong>siquidem</strong></span> <span class='ocrx_word' id='word_1_408' title='bbox 1711 3817 1966 3881; x_wconf 84' lang='lat' dir='ltr'><strong>surgent;</strong></span> 
     </span>
    </p>
   </div>
   <div class='ocr_carea' id='block_1_58' title="bbox 399 3899 1968 3974">
    <p class='ocr_par' dir='ltr' id='par_1_58' title="bbox 399 3899 1968 3974">
     <span class='ocr_line' id='line_1_58' title="bbox 399 3899 1968 3974; baseline -0.003 -15"><span class='ocrx_word' id='word_1_409' title='bbox 399 3905 478 3960; x_wconf 71' lang='lat' dir='ltr'><strong>illi</strong></span> <span class='ocrx_word' id='word_1_410' title='bbox 514 3911 800 3974; x_wconf 88' lang='lat' dir='ltr'><strong>porrectus</strong></span> <span class='ocrx_word' id='word_1_411' title='bbox 828 3909 912 3956; x_wconf 91' lang='lat' dir='ltr'><strong>est</strong></span> <span class='ocrx_word' id='word_1_412' title='bbox 941 3901 1079 3956; x_wconf 91' lang='lat' dir='ltr'><strong>liber</strong></span> <span class='ocrx_word' id='word_1_413' title='bbox 1108 3899 1259 3956; x_wconf 58' lang='lat' dir='ltr'><strong>lsaim</strong></span> <span class='ocrx_word' id='word_1_414' title='bbox 1319 3900 1620 3970; x_wconf 73' lang='lat' dir='ltr'><strong>prophetae,</strong></span> <span class='ocrx_word' id='word_1_415' title='bbox 1650 3917 1810 3971; x_wconf 89' lang='lat' dir='ltr'><strong>quem</strong></span> <span class='ocrx_word' id='word_1_416' title='bbox 1842 3917 1968 3956; x_wconf 89' lang='lat' dir='ltr'><strong>cum</strong></span> 
     </span>
    </p>
   </div>
   <div class='ocr_carea' id='block_1_59' title="bbox 397 3993 1964 4064">
    <p class='ocr_par' dir='ltr' id='par_1_59' title="bbox 397 3993 1964 4064">
     <span class='ocr_line' id='line_1_59' title="bbox 397 3993 1964 4064; baseline -0.002 -13"><span class='ocrx_word' id='word_1_417' title='bbox 397 3998 714 4058; x_wconf 87' lang='lat' dir='ltr'><strong>evolvisset,</strong></span> <span class='ocrx_word' id='word_1_418' title='bbox 756 3995 884 4064; x_wconf 83' lang='lat' dir='ltr'><strong>legit</strong></span> <span class='ocrx_word' id='word_1_419' title='bbox 915 3993 1045 4047; x_wconf 91' lang='lat' dir='ltr'><strong>illud</strong></span> <span class='ocrx_word' id='word_1_420' title='bbox 1095 3994 1239 4063; x_wconf 88' lang='lat' dir='ltr'><strong>quod</strong></span> <span class='ocrx_word' id='word_1_421' title='bbox 1298 3993 1354 4047; x_wconf 88' lang='lat' dir='ltr'><strong>in</strong></span> <span class='ocrx_word' id='word_1_422' title='bbox 1406 4008 1470 4049; x_wconf 91' lang='lat' dir='ltr'><strong>eo</strong></span> <span class='ocrx_word' id='word_1_423' title='bbox 1521 3993 1784 4064; x_wconf 89' lang='lat' dir='ltr'><strong>scriptum</strong></span> <span class='ocrx_word' id='word_1_424' title='bbox 1831 4003 1964 4049; x_wconf 86' lang='lat' dir='ltr'><strong>est:</strong></span> 
     </span>
    </p>
   </div>
   <div class='ocr_carea' id='block_1_60' title="bbox 404 4082 1968 4154">
    <p class='ocr_par' dir='ltr' id='par_1_60' title="bbox 404 4082 1968 4154">
     <span class='ocr_line' id='line_1_60' title="bbox 404 4082 1968 4154; baseline -0.002 -14"><span class='ocrx_word' id='word_1_425' title='bbox 404 4108 422 4139; x_wconf 75' lang='grc' dir='ltr'><strong>ι</strong></span> <span class='ocrx_word' id='word_1_426' title='bbox 463 4085 700 4154; x_wconf 88' lang='lat' dir='ltr'><strong>Spiritus</strong></span> <span class='ocrx_word' id='word_1_427' title='bbox 761 4082 973 4138; x_wconf 89' lang='lat' dir='ltr'><strong>Domini</strong></span> <span class='ocrx_word' id='word_1_428' title='bbox 1024 4097 1188 4152; x_wconf 87' lang='lat' dir='ltr'><strong>super</strong></span> <span class='ocrx_word' id='word_1_429' title='bbox 1216 4098 1322 4147; x_wconf 90' lang='lat' dir='ltr'><strong>me,</strong></span> <span class='ocrx_word' id='word_1_430' title='bbox 1356 4091 1578 4152; x_wconf 89' lang='lat' dir='ltr'><strong>propter</strong></span> <span class='ocrx_word' id='word_1_431' title='bbox 1611 4083 1756 4152; x_wconf 89' lang='lat' dir='ltr'><strong>quod</strong></span> <span class='ocrx_word' id='word_1_432' title='bbox 1812 4084 1968 4138; x_wconf 77' lang='lat' dir='ltr'><strong>unxit</strong></span> 
     </span>
    </p>
   </div>
   <div class='ocr_carea' id='block_1_61' title="bbox 400 4173 1966 4245">
    <p class='ocr_par' dir='ltr' id='par_1_61' title="bbox 400 4173 1966 4245">
     <span class='ocr_line' id='line_1_61' title="bbox 400 4173 1966 4245; baseline -0.001 -14"><span class='ocrx_word' id='word_1_433' title='bbox 400 4192 507 4232; x_wconf 90' lang='lat' dir='ltr'><strong>me.</strong></span> <span class='ocrx_word' id='word_1_434' title='bbox 541 4175 927 4245; x_wconf 84' lang='lat' dir='ltr'><strong>Evangelizare</strong></span> <span class='ocrx_word' id='word_1_435' title='bbox 959 4174 1293 4244; x_wconf 89' lang='lat' dir='ltr'><strong>pauperibus</strong></span> <span class='ocrx_word' id='word_1_436' title='bbox 1325 4173 1474 4228; x_wconf 74' lang='lat' dir='ltr'><strong>misit</strong></span> <span class='ocrx_word' id='word_1_437' title='bbox 1530 4189 1638 4240; x_wconf 92' lang='lat' dir='ltr'><strong>me,</strong></span> <span class='ocrx_word' id='word_1_438' title='bbox 1669 4174 1966 4244; x_wconf 68' lang='lat' dir='ltr'><strong>praedicare</strong></span> 
     </span>
    </p>
   </div>
   <div class='ocr_carea' id='block_1_62' title="bbox 397 4265 1967 4338">
    <p class='ocr_par' dir='ltr' id='par_1_62' title="bbox 397 4265 1967 4338">
     <span class='ocr_line' id='line_1_62' title="bbox 397 4265 1967 4338; baseline 0 -16"><span class='ocrx_word' id='word_1_439' title='bbox 397 4268 648 4338; x_wconf 32' lang='lat' dir='ltr'><strong>captivis.</strong></span> <span class='ocrx_word' id='word_1_440' title='bbox 681 4267 1082 4330; x_wconf 87' lang='lat' dir='ltr'><strong>remissionem,</strong></span> <span class='ocrx_word' id='word_1_441' title='bbox 1128 4274 1182 4320; x_wconf 92' lang='lat' dir='ltr'><strong>et</strong></span> <span class='ocrx_word' id='word_1_442' title='bbox 1235 4267 1400 4322; x_wconf 69' lang='lat' dir='ltr'><strong>caecis</strong></span> <span class='ocrx_word' id='word_1_443' title='bbox 1463 4267 1664 4332; x_wconf 90' lang='lat' dir='ltr'><strong>visum,</strong></span> <span class='ocrx_word' id='word_1_444' title='bbox 1696 4265 1967 4322; x_wconf 88' lang='lat' dir='ltr'><strong>dimittere</strong></span> 
     </span>
    </p>
   </div>
   <div class='ocr_carea' id='block_1_63' title="bbox 397 4357 1966 4416">
    <p class='ocr_par' dir='ltr' id='par_1_63' title="bbox 397 4357 1966 4416">
     <span class='ocr_line' id='line_1_63' title="bbox 397 4357 1966 4416; baseline -0.001 -1"><span class='ocrx_word' id='word_1_445' title='bbox 397 4360 710 4416; x_wconf 82' lang='lat' dir='ltr'><strong>confractos</strong></span> <span class='ocrx_word' id='word_1_446' title='bbox 735 4360 789 4413; x_wconf 89' lang='lat' dir='ltr'><strong>in</strong></span> <span class='ocrx_word' id='word_1_447' title='bbox 818 4361 1194 4415; x_wconf 91' lang='lat' dir='ltr'><strong>remissionem</strong></span> <span class='ocrx_word' id='word_1_448' title='bbox 1234 4379 1246 4413; x_wconf 93' lang='lat'>:</span> <span class='ocrx_word' id='word_1_449' title='bbox 1288 4373 1486 4414; x_wconf 87' lang='lat' dir='ltr'><strong>vocare</strong></span> <span class='ocrx_word' id='word_1_450' title='bbox 1517 4374 1720 4412; x_wconf 90' lang='lat' dir='ltr'><strong>annum</strong></span> <span class='ocrx_word' id='word_1_451' title='bbox 1751 4357 1966 4413; x_wconf 68' lang='lat' dir='ltr'><strong>Domini</strong></span> 
     </span>
    </p>
   </div>
   <div class='ocr_carea' id='block_1_64' title="bbox 2077 1877 3665 1953">
    <p class='ocr_par' dir='ltr' id='par_1_64' title="bbox 2077 1877 3665 1953">
     <span class='ocr_line' id='line_1_64' title="bbox 2077 1877 3665 1953; baseline 0.003 -21"><span class='ocrx_word' id='word_1_452' title='bbox 2077 1877 2205 1944; x_wconf 76' lang='grc' dir='ltr'>εἷεν,</span> <span class='ocrx_word' id='word_1_453' title='bbox 2240 1881 2289 1933; x_wconf 82' lang='grc' dir='ltr'>οἱ</span> <span class='ocrx_word' id='word_1_454' title='bbox 2313 1879 2392 1950; x_wconf 85' lang='grc' dir='ltr'>τῷ</span> <span class='ocrx_word' id='word_1_455' title='bbox 2425 1880 2641 1952; x_wconf 81' lang='grc' dir='ltr'>Ἰσραὴλ</span> <span class='ocrx_word' id='word_1_456' title='bbox 2682 1881 3130 1952; x_wconf 63' lang='grc' dir='ltr'>παραδεδομένον</span> <span class='ocrx_word' id='word_1_457' title='bbox 3159 1880 3363 1953; x_wconf 84' lang='grc' dir='ltr'>πρῶτοι</span> <span class='ocrx_word' id='word_1_458' title='bbox 3388 1882 3501 1953; x_wconf 76' lang='grc' dir='ltr'>γὰρ</span> <span class='ocrx_word' id='word_1_459' title='bbox 3542 1883 3665 1936; x_wconf 86' lang='grc' dir='ltr'>ἐπι-</span> 
     </span>
    </p>
   </div>
   <div class='ocr_carea' id='block_1_65' title="bbox 2079 1971 3668 2042">
    <p class='ocr_par' dir='ltr' id='par_1_65' title="bbox 2079 1971 3668 2042">
     <span class='ocr_line' id='line_1_65' title="bbox 2079 1971 3668 2042; baseline 0.004 -18"><span class='ocrx_word' id='word_1_460' title='bbox 2079 1971 2378 2042; x_wconf 90' lang='grc' dir='ltr'>στεύθησαν</span> <span class='ocrx_word' id='word_1_461' title='bbox 2421 1971 2489 2025; x_wconf 90' lang='grc' dir='ltr'><strong>τά</strong></span> <span class='ocrx_word' id='word_1_462' title='bbox 2522 1971 2676 2040; x_wconf 83' lang='grc' dir='ltr'>λόγια</span> <span class='ocrx_word' id='word_1_463' title='bbox 2712 1973 2806 2026; x_wconf 92' lang='grc' dir='ltr'><strong>τοῦ</strong></span> <span class='ocrx_word' id='word_1_464' title='bbox 2849 1973 3014 2037; x_wconf 82' lang='grc' dir='ltr'>Θεοῦ,</span> <span class='ocrx_word' id='word_1_465' title='bbox 3045 1973 3164 2026; x_wconf 86' lang='grc' dir='ltr'>ὅθεν</span> <span class='ocrx_word' id='word_1_466' title='bbox 3204 1973 3538 2040; x_wconf 80' lang='grc' dir='ltr'>ἀντλοῦντας</span> <span class='ocrx_word' id='word_1_467' title='bbox 3573 1977 3668 2030; x_wconf 77' lang='grc' dir='ltr'><strong>καὶ</strong></span> 
     </span>
    </p>
   </div>
   <div class='ocr_carea' id='block_1_66' title="bbox 2075 2064 3665 2140">
    <p class='ocr_par' dir='ltr' id='par_1_66' title="bbox 2075 2064 3665 2140">
     <span class='ocr_line' id='line_1_66' title="bbox 2075 2064 3665 2140; baseline 0.003 -22"><span class='ocrx_word' id='word_1_468' title='bbox 2075 2066 2223 2135; x_wconf 76' lang='grc' dir='ltr'>ἡμᾶς</span> <span class='ocrx_word' id='word_1_469' title='bbox 2253 2064 2499 2136; x_wconf 85' lang='grc' dir='ltr'>ἀρδεύειν</span> <span class='ocrx_word' id='word_1_470' title='bbox 2542 2064 2721 2136; x_wconf 88' lang='grc' dir='ltr'>δεήσει</span> <span class='ocrx_word' id='word_1_471' title='bbox 2755 2065 2854 2130; x_wconf 87' lang='grc' dir='ltr'><strong>τάς</strong></span> <span class='ocrx_word' id='word_1_472' title='bbox 2891 2065 3217 2138; x_wconf 83' lang='grc' dir='ltr'>Ἐκκλησίας</span> <span class='ocrx_word' id='word_1_473' title='bbox 3250 2065 3346 2120; x_wconf 89' lang='grc' dir='ltr'><strong>τοῦ</strong></span> <span class='ocrx_word' id='word_1_474' title='bbox 3392 2068 3665 2140; x_wconf 83' lang='grc' dir='ltr'>Χριστοῦ.</span> 
     </span>
    </p>
   </div>
   <div class='ocr_carea' id='block_1_67' title="bbox 2076 2157 3669 2230">
    <p class='ocr_par' dir='ltr' id='par_1_67' title="bbox 2076 2157 3669 2230">
     <span class='ocr_line' id='line_1_67' title="bbox 2076 2157 3669 2230; baseline 0.002 -20"><span class='ocrx_word' id='word_1_475' title='bbox 2076 2157 2342 2221; x_wconf 88' lang='grc' dir='ltr'>Νεάνιδας</span> <span class='ocrx_word' id='word_1_476' title='bbox 2365 2157 2425 2210; x_wconf 81' lang='grc' dir='ltr'>δὲ</span> <span class='ocrx_word' id='word_1_477' title='bbox 2450 2157 2544 2211; x_wconf 79' lang='grc' dir='ltr'><strong>καὶ</strong></span> <span class='ocrx_word' id='word_1_478' title='bbox 2565 2157 2997 2229; x_wconf 85' lang='grc' dir='ltr'>τυμπανιστρίας</span> <span class='ocrx_word' id='word_1_479' title='bbox 3017 2157 3116 2223; x_wconf 88' lang='grc' dir='ltr'><strong>τάς</strong></span> <span class='ocrx_word' id='word_1_480' title='bbox 3145 2159 3312 2213; x_wconf 85' lang='grc' dir='ltr'>πάλαι</span> <span class='ocrx_word' id='word_1_481' title='bbox 3339 2159 3669 2230; x_wconf 83' lang='grc' dir='ltr'>σωματικὼ-</span> 
     </span>
    </p>
   </div>
   <div class='ocr_carea' id='block_1_68' title="bbox 2075 2246 3668 2322">
    <p class='ocr_par' dir='ltr' id='par_1_68' title="bbox 2075 2246 3668 2322">
     <span class='ocr_line' id='line_1_68' title="bbox 2075 2246 3668 2322; baseline 0.004 -23"><span class='ocrx_word' id='word_1_482' title='bbox 2075 2263 2232 2317; x_wconf 88' lang='grc' dir='ltr'>τερον</span> <span class='ocrx_word' id='word_1_483' title='bbox 2291 2246 2434 2300; x_wconf 87' lang='grc' dir='ltr'><strong>κατά</strong></span> <span class='ocrx_word' id='word_1_484' title='bbox 2498 2247 2592 2300; x_wconf 85' lang='grc' dir='ltr'><strong>τὸν</strong></span> <span class='ocrx_word' id='word_1_485' title='bbox 2634 2248 2912 2312; x_wconf 82' lang='grc' dir='ltr'>Μωῦσέως</span> <span class='ocrx_word' id='word_1_486' title='bbox 2969 2249 3132 2321; x_wconf 89' lang='grc' dir='ltr'>νόμον</span> <span class='ocrx_word' id='word_1_487' title='bbox 3207 2250 3426 2322; x_wconf 87' lang='grc' dir='ltr'>βιούσας</span> <span class='ocrx_word' id='word_1_488' title='bbox 3486 2251 3668 2322; x_wconf 77' lang='grc' dir='ltr'>ψυχὰς</span> 
     </span>
    </p>
   </div>
   <div class='ocr_carea' id='block_1_69' title="bbox 2075 2337 3668 2414">
    <p class='ocr_par' dir='ltr' id='par_1_69' title="bbox 2075 2337 3668 2414">
     <span class='ocr_line' id='line_1_69' title="bbox 2075 2337 3668 2414; baseline 0.004 -24"><span class='ocrx_word' id='word_1_489' title='bbox 2075 2337 2326 2409; x_wconf 78' lang='grc' dir='ltr'>ᾐνίξατο,</span> <span class='ocrx_word' id='word_1_490' title='bbox 2357 2337 2444 2392; x_wconf 82' lang='grc' dir='ltr'>διὰ</span> <span class='ocrx_word' id='word_1_491' title='bbox 2486 2339 2585 2409; x_wconf 85' lang='grc' dir='ltr'><strong>μὲν</strong></span> <span class='ocrx_word' id='word_1_492' title='bbox 2617 2338 2680 2392; x_wconf 84' lang='grc' dir='ltr'>τὸ</span> <span class='ocrx_word' id='word_1_493' title='bbox 2713 2337 2976 2411; x_wconf 87' lang='grc' dir='ltr'>νεώτερον</span> <span class='ocrx_word' id='word_1_494' title='bbox 3010 2342 3103 2394; x_wconf 78' lang='grc' dir='ltr'><strong>καὶ</strong></span> <span class='ocrx_word' id='word_1_495' title='bbox 3127 2341 3314 2405; x_wconf 69' lang='grc' dir='ltr'>ἀτελὲς</span> <span class='ocrx_word' id='word_1_496' title='bbox 3337 2341 3432 2395; x_wconf 86' lang='grc' dir='ltr'><strong>τοῦ</strong></span> <span class='ocrx_word' id='word_1_497' title='bbox 3461 2342 3668 2414; x_wconf 81' lang='grc' dir='ltr'>φρονή-</span> 
     </span>
    </p>
   </div>
   <div class='ocr_carea' id='block_1_70' title="bbox 2079 2431 3667 2506">
    <p class='ocr_par' dir='ltr' id='par_1_70' title="bbox 2079 2431 3667 2506">
     <span class='ocr_line' id='line_1_70' title="bbox 2079 2431 3667 2506; baseline 0.001 -22"><span class='ocrx_word' id='word_1_498' title='bbox 2079 2449 2246 2504; x_wconf 91' lang='grc' dir='ltr'>ματος</span> <span class='ocrx_word' id='word_1_499' title='bbox 2271 2431 2514 2496; x_wconf 83' lang='grc' dir='ltr'>νεάνιδας</span> <span class='ocrx_word' id='word_1_500' title='bbox 2537 2473 2552 2496; x_wconf 92' lang='grc'><strong>,</strong></span> <span class='ocrx_word' id='word_1_501' title='bbox 2587 2431 2673 2486; x_wconf 82' lang='grc' dir='ltr'>διὰ</span> <span class='ocrx_word' id='word_1_502' title='bbox 2705 2432 2760 2486; x_wconf 85' lang='grc' dir='ltr'>δὲ</span> <span class='ocrx_word' id='word_1_503' title='bbox 2785 2433 2845 2486; x_wconf 85' lang='grc' dir='ltr'><strong>τὸ</strong></span> <span class='ocrx_word' id='word_1_504' title='bbox 2871 2433 2999 2504; x_wconf 77' lang='grc' dir='ltr'>περὶ</span> <span class='ocrx_word' id='word_1_505' title='bbox 3049 2433 3365 2506; x_wconf 84' lang='grc' dir='ltr'>σωματικὴν</span> <span class='ocrx_word' id='word_1_506' title='bbox 3400 2434 3667 2506; x_wconf 84' lang='grc' dir='ltr'>κατατρί-</span> 
     </span>
    </p>
   </div>
   <div class='ocr_carea' id='block_1_71' title="bbox 2075 2525 3663 2598">
    <p class='ocr_par' dir='ltr' id='par_1_71' title="bbox 2075 2525 3663 2598">
     <span class='ocr_line' id='line_1_71' title="bbox 2075 2525 3663 2598; baseline 0.002 -20"><span class='ocrx_word' id='word_1_507' title='bbox 2075 2525 2265 2580; x_wconf 75' lang='grc' dir='ltr'>ϐεσθαι</span> <span class='ocrx_word' id='word_1_508' title='bbox 2295 2525 2588 2597; x_wconf 85' lang='grc' dir='ltr'>θρησκείαν</span> <span class='ocrx_word' id='word_1_509' title='bbox 2613 2526 3045 2598; x_wconf 84' lang='grc' dir='ltr'>τυμπανιστρίας</span> <span class='ocrx_word' id='word_1_510' title='bbox 3083 2525 3251 2591; x_wconf 86' lang='grc' dir='ltr'>αὐτὰς</span> <span class='ocrx_word' id='word_1_511' title='bbox 3291 2526 3663 2592; x_wconf 68' lang='grc' dir='ltr'>ἀποκαλέσας.</span> 
     </span>
    </p>
   </div>
   <div class='ocr_carea' id='block_1_72' title="bbox 2089 2809 3664 2880">
    <p class='ocr_par' dir='ltr' id='par_1_72' title="bbox 2089 2809 3664 2880">
     <span class='ocr_line' id='line_1_72' title="bbox 2089 2809 3664 2880; baseline -0.002 -12"><span class='ocrx_word' id='word_1_512' title='bbox 2089 2815 2216 2868; x_wconf 81' lang='grc' dir='ltr'><strong>Ἀπὸ</strong></span> <span class='ocrx_word' id='word_1_513' title='bbox 2250 2814 2354 2867; x_wconf 86' lang='grc' dir='ltr'><strong>τοῦ</strong></span> <span class='ocrx_word' id='word_1_514' title='bbox 2411 2814 2671 2870; x_wconf 84' lang='grc' dir='ltr'>Ἡσαΐου.</span> <span class='ocrx_word' id='word_1_515' title='bbox 2696 2845 2761 2855; x_wconf 92' lang='lat'><strong>—</strong></span> <span class='ocrx_word' id='word_1_516' title='bbox 2787 2811 2925 2880; x_wconf 78' lang='grc' dir='ltr'>Περὶ</span> <span class='ocrx_word' id='word_1_517' title='bbox 2970 2810 3078 2879; x_wconf 76' lang='grc' dir='ltr'>τῆς</span> <span class='ocrx_word' id='word_1_518' title='bbox 3117 2809 3492 2879; x_wconf 73' lang='grc' dir='ltr'>προφητικῆς</span> <span class='ocrx_word' id='word_1_519' title='bbox 3517 2810 3664 2865; x_wconf 80' lang='lat' dir='ltr'><strong>dra-</strong></span> 
     </span>
    </p>
   </div>
   <div class='ocr_carea' id='block_1_73' title="bbox 2141 2880 3662 2954">
    <p class='ocr_par' dir='ltr' id='par_1_73' title="bbox 2141 2880 3662 2954">
     <span class='ocr_line' id='line_1_73' title="bbox 2141 2880 3662 2954; baseline -0.002 -17"><span class='ocrx_word' id='word_1_520' title='bbox 2141 2883 2438 2954; x_wconf 67' lang='grc' dir='ltr'>γνώσεως,</span> <span class='ocrx_word' id='word_1_521' title='bbox 2461 2883 2540 2951; x_wconf 76' lang='grc' dir='ltr'><strong>ἣν</strong></span> <span class='ocrx_word' id='word_1_522' title='bbox 2568 2885 2748 2954; x_wconf 73' lang='grc' dir='ltr'>αὐτὸς</span> <span class='ocrx_word' id='word_1_523' title='bbox 2783 2888 2814 2937; x_wconf 80' lang='grc' dir='ltr'><strong>ό</strong></span> <span class='ocrx_word' id='word_1_524' title='bbox 2848 2885 3060 2954; x_wconf 74' lang='grc' dir='ltr'>Κύριος</span> <span class='ocrx_word' id='word_1_525' title='bbox 3090 2880 3257 2950; x_wconf 74' lang='grc' dir='ltr'>ἡμῶν</span> <span class='ocrx_word' id='word_1_526' title='bbox 3285 2880 3537 2950; x_wconf 75' lang='grc' dir='ltr'>διῆλθεν</span> <span class='ocrx_word' id='word_1_527' title='bbox 3560 2881 3662 2934; x_wconf 73' lang='grc' dir='ltr'>ἐπι</span> 
     </span>
    </p>
   </div>
   <div class='ocr_carea' id='block_1_74' title="bbox 2143 2951 3127 3025">
    <p class='ocr_par' dir='ltr' id='par_1_74' title="bbox 2143 2951 3127 3025">
     <span class='ocr_line' id='line_1_74' title="bbox 2143 2951 3127 3025; baseline -0.005 -16"><span class='ocrx_word' id='word_1_528' title='bbox 2143 2951 2253 3024; x_wconf 70' lang='grc' dir='ltr'>τῆς</span> <span class='ocrx_word' id='word_1_529' title='bbox 2278 2953 2630 3025; x_wconf 73' lang='grc' dir='ltr'>συναγωγῆς</span> <span class='ocrx_word' id='word_1_530' title='bbox 2661 2951 2779 3008; x_wconf 82' lang='grc' dir='ltr'>τῶν</span> <span class='ocrx_word' id='word_1_531' title='bbox 2813 2953 3127 3008; x_wconf 72' lang='grc' dir='ltr'>Ἰουδαίων.</span> 
     </span>
    </p>
   </div>
   <div class='ocr_carea' id='block_1_75' title="bbox 2149 3057 3657 3140">
    <p class='ocr_par' dir='ltr' id='par_1_75' title="bbox 2149 3057 3657 3140">
     <span class='ocr_line' id='line_1_75' title="bbox 2149 3057 3657 3140; baseline -0.003 -18"><span class='ocrx_word' id='word_1_532' title='bbox 2149 3087 2169 3122; x_wconf 73' lang='grc' dir='ltr'><strong>ι</strong></span> <span class='ocrx_word' id='word_1_533' title='bbox 2201 3068 2427 3140; x_wconf 85' lang='grc' dir='ltr'>Πνεῦμα</span> <span class='ocrx_word' id='word_1_534' title='bbox 2473 3068 2678 3140; x_wconf 90' lang='grc' dir='ltr'>Κυρίου</span> <span class='ocrx_word' id='word_1_535' title='bbox 2719 3069 2804 3120; x_wconf 78' lang='grc' dir='ltr'>ἐπ’</span> <span class='ocrx_word' id='word_1_536' title='bbox 2845 3066 2966 3138; x_wconf 79' lang='grc' dir='ltr'>ἐμὲ,</span> <span class='ocrx_word' id='word_1_537' title='bbox 2996 3057 3056 3118; x_wconf 80' lang='grc' dir='ltr'><strong>οῦ</strong></span> <span class='ocrx_word' id='word_1_538' title='bbox 3102 3065 3306 3118; x_wconf 75' lang='grc' dir='ltr'>εἵνεκεν</span> <span class='ocrx_word' id='word_1_539' title='bbox 3339 3063 3525 3135; x_wconf 76' lang='grc' dir='ltr'>ἐχρισέ</span> <span class='ocrx_word' id='word_1_540' title='bbox 3567 3080 3657 3134; x_wconf 81' lang='grc' dir='ltr'>με.</span> 
     </span>
    </p>
   </div>
   <div class='ocr_carea' id='block_1_76' title="bbox 2073 3155 3660 3231">
    <p class='ocr_par' dir='ltr' id='par_1_76' title="bbox 2073 3155 3660 3231">
     <span class='ocr_line' id='line_1_76' title="bbox 2073 3155 3660 3231; baseline -0.004 -16"><span class='ocrx_word' id='word_1_541' title='bbox 2073 3160 2539 3231; x_wconf 82' lang='grc' dir='ltr'>Εὐαγγελίσασθαι</span> <span class='ocrx_word' id='word_1_542' title='bbox 2587 3161 2822 3231; x_wconf 82' lang='grc' dir='ltr'>πτωχοῖς</span> <span class='ocrx_word' id='word_1_543' title='bbox 2869 3156 3180 3212; x_wconf 83' lang='grc' dir='ltr'>ἀπέσταλκέ</span> <span class='ocrx_word' id='word_1_544' title='bbox 3237 3173 3337 3227; x_wconf 89' lang='grc' dir='ltr'><strong>με,</strong></span> <span class='ocrx_word' id='word_1_545' title='bbox 3396 3155 3660 3210; x_wconf 77' lang='grc' dir='ltr'>ἰάσασθαι</span> 
     </span>
    </p>
   </div>
   <div class='ocr_carea' id='block_1_77' title="bbox 2071 3252 3659 3329">
    <p class='ocr_par' dir='ltr' id='par_1_77' title="bbox 2071 3252 3659 3329">
     <span class='ocr_line' id='line_1_77' title="bbox 2071 3252 3659 3329; baseline -0.004 -17"><span class='ocrx_word' id='word_1_546' title='bbox 2071 3258 2198 3321; x_wconf 76' lang='grc' dir='ltr'>τοὺς</span> <span class='ocrx_word' id='word_1_547' title='bbox 2225 3256 2712 3329; x_wconf 82' lang='grc' dir='ltr'>συντετριμμένους</span> <span class='ocrx_word' id='word_1_548' title='bbox 2737 3255 2836 3329; x_wconf 84' lang='grc' dir='ltr'><strong>τὴν</strong></span> <span class='ocrx_word' id='word_1_549' title='bbox 2870 3253 3118 3326; x_wconf 86' lang='grc' dir='ltr'>καρδίαν,</span> <span class='ocrx_word' id='word_1_550' title='bbox 3155 3253 3252 3306; x_wconf 81' lang='grc' dir='ltr'><strong>καὶ</strong></span> <span class='ocrx_word' id='word_1_551' title='bbox 3277 3252 3512 3324; x_wconf 82' lang='grc' dir='ltr'>κηρύξαι</span> <span class='ocrx_word' id='word_1_552' title='bbox 3533 3253 3659 3324; x_wconf 87' lang='grc' dir='ltr'>αίχ-</span> 
     </span>
    </p>
   </div>
   <div class='ocr_carea' id='block_1_78' title="bbox 2076 3346 3658 3422">
    <p class='ocr_par' dir='ltr' id='par_1_78' title="bbox 2076 3346 3658 3422">
     <span class='ocr_line' id='line_1_78' title="bbox 2076 3346 3658 3422; baseline 0 -20"><span class='ocrx_word' id='word_1_553' title='bbox 2076 3346 2341 3422; x_wconf 66' lang='grc' dir='ltr'>μαὶῴτοις</span> <span class='ocrx_word' id='word_1_554' title='bbox 2385 3349 2576 3418; x_wconf 78' lang='grc' dir='ltr'>ἄφεσιν</span> <span class='ocrx_word' id='word_1_555' title='bbox 2602 3387 2616 3410; x_wconf 85' lang='grc'><strong>.</strong></span> <span class='ocrx_word' id='word_1_556' title='bbox 2663 3348 2758 3402; x_wconf 76' lang='grc' dir='ltr'><strong>καὶ</strong></span> <span class='ocrx_word' id='word_1_557' title='bbox 2803 3348 3022 3418; x_wconf 78' lang='grc' dir='ltr'>τυφλοῖς</span> <span class='ocrx_word' id='word_1_558' title='bbox 3057 3347 3368 3418; x_wconf 72' lang='grc' dir='ltr'>ἀνάὃλεψιν,</span> <span class='ocrx_word' id='word_1_559' title='bbox 3423 3347 3658 3402; x_wconf 88' lang='grc' dir='ltr'>καλέσαι</span> 
     </span>
    </p>
   </div>
   <div class='ocr_carea' id='block_1_79' title="bbox 2076 3440 3648 3513">
    <p class='ocr_par' dir='ltr' id='par_1_79' title="bbox 2076 3440 3648 3513">
     <span class='ocr_line' id='line_1_79' title="bbox 2076 3440 3648 3513; baseline -0.002 -18"><span class='ocrx_word' id='word_1_560' title='bbox 2076 3442 2316 3495; x_wconf 85' lang='grc' dir='ltr'>ἐνιαυτὸν</span> <span class='ocrx_word' id='word_1_561' title='bbox 2340 3441 2544 3513; x_wconf 89' lang='grc' dir='ltr'>Κυρίου</span> <span class='ocrx_word' id='word_1_562' title='bbox 2572 3440 2779 3505; x_wconf 84' lang='grc' dir='ltr'>δεκτὸν,</span> <span class='ocrx_word' id='word_1_563' title='bbox 2805 3441 2898 3493; x_wconf 78' lang='grc' dir='ltr'><strong>καὶ</strong></span> <span class='ocrx_word' id='word_1_564' title='bbox 2926 3440 3136 3512; x_wconf 76' lang='grc' dir='ltr'>ἡμέραν</span> <span class='ocrx_word' id='word_1_565' title='bbox 3162 3440 3591 3502; x_wconf 80' lang='grc' dir='ltr'>ἀνταποδόσεως.</span> <span class='ocrx_word' id='word_1_566' title='bbox 3630 3459 3648 3492; x_wconf 79' lang='grc' dir='ltr'><strong>ι</strong></span> 
     </span>
    </p>
   </div>
   <div class='ocr_carea' id='block_1_80' title="bbox 2070 3531 3654 3604">
    <p class='ocr_par' dir='ltr' id='par_1_80' title="bbox 2070 3531 3654 3604">
     <span class='ocr_line' id='line_1_80' title="bbox 2070 3531 3654 3604; baseline -0.004 -16"><span class='ocrx_word' id='word_1_567' title='bbox 2070 3534 2180 3588; x_wconf 70' lang='grc' dir='ltr'>Καὶ</span> <span class='ocrx_word' id='word_1_568' title='bbox 2211 3533 2410 3604; x_wconf 86' lang='grc' dir='ltr'>ταύτην</span> <span class='ocrx_word' id='word_1_569' title='bbox 2436 3532 2596 3596; x_wconf 76' lang='grc' dir='ltr'>αὐτὸς</span> <span class='ocrx_word' id='word_1_570' title='bbox 2620 3534 2648 3586; x_wconf 85' lang='grc' dir='ltr'>ὁ</span> <span class='ocrx_word' id='word_1_571' title='bbox 2680 3532 2882 3604; x_wconf 84' lang='grc' dir='ltr'>Κύριος</span> <span class='ocrx_word' id='word_1_572' title='bbox 2908 3531 3063 3603; x_wconf 75' lang='grc' dir='ltr'>ἡμῶν</span> <span class='ocrx_word' id='word_1_573' title='bbox 3097 3531 3194 3602; x_wconf 81' lang='grc' dir='ltr'><strong>τὴν</strong></span> <span class='ocrx_word' id='word_1_574' title='bbox 3231 3532 3536 3602; x_wconf 72' lang='grc' dir='ltr'>πρόρρησιν</span> <span class='ocrx_word' id='word_1_575' title='bbox 3570 3532 3654 3596; x_wconf 87' lang='grc' dir='ltr'><strong>είς</strong></span> 
     </span>
    </p>
   </div>
   <div class='ocr_carea' id='block_1_81' title="bbox 2071 3621 3653 3697">
    <p class='ocr_par' dir='ltr' id='par_1_81' title="bbox 2071 3621 3653 3697">
     <span class='ocr_line' id='line_1_81' title="bbox 2071 3621 3653 3697; baseline -0.004 -17"><span class='ocrx_word' id='word_1_576' title='bbox 2071 3625 2259 3681; x_wconf 85' lang='grc' dir='ltr'>ἐαυτὸν</span> <span class='ocrx_word' id='word_1_577' title='bbox 2300 3625 2551 3697; x_wconf 82' lang='grc' dir='ltr'>ὁμολογεί</span> <span class='ocrx_word' id='word_1_578' title='bbox 2588 3623 3007 3695; x_wconf 82' lang='grc' dir='ltr'>πεπληρῶσθαι,</span> <span class='ocrx_word' id='word_1_579' title='bbox 3061 3623 3185 3685; x_wconf 83' lang='grc' dir='ltr'>ὅτε,</span> <span class='ocrx_word' id='word_1_580' title='bbox 3222 3622 3389 3675; x_wconf 87' lang='grc' dir='ltr'>ἐλθὼν</span> <span class='ocrx_word' id='word_1_581' title='bbox 3429 3623 3511 3684; x_wconf 84' lang='grc' dir='ltr'><strong>είς</strong></span> <span class='ocrx_word' id='word_1_582' title='bbox 3551 3621 3653 3693; x_wconf 80' lang='grc' dir='ltr'>τὴν</span> 
     </span>
    </p>
   </div>
   <div class='ocr_carea' id='block_1_82' title="bbox 2069 3711 3653 3790">
    <p class='ocr_par' dir='ltr' id='par_1_82' title="bbox 2069 3711 3653 3790">
     <span class='ocr_line' id='line_1_82' title="bbox 2069 3711 3653 3790; baseline -0.004 -18"><span class='ocrx_word' id='word_1_583' title='bbox 2069 3717 2351 3790; x_wconf 79' lang='grc' dir='ltr'>Ναζαρὲθ,</span> <span class='ocrx_word' id='word_1_584' title='bbox 2379 3712 2438 3772; x_wconf 76' lang='grc' dir='ltr'><strong>οῦ</strong></span> <span class='ocrx_word' id='word_1_585' title='bbox 2463 3712 2530 3788; x_wconf 77' lang='grc' dir='ltr'>ἦν</span> <span class='ocrx_word' id='word_1_586' title='bbox 2568 3715 3047 3788; x_wconf 85' lang='grc' dir='ltr'>ἀνατεθραμμένος</span> <span class='ocrx_word' id='word_1_587' title='bbox 3067 3755 3082 3776; x_wconf 82' lang='grc'><strong>.</strong></span> <span class='ocrx_word' id='word_1_588' title='bbox 3111 3712 3354 3784; x_wconf 82' lang='grc' dir='ltr'>εἰσῆλθεν</span> <span class='ocrx_word' id='word_1_589' title='bbox 3373 3753 3388 3776; x_wconf 92' lang='grc'><strong>,</strong></span> <span class='ocrx_word' id='word_1_590' title='bbox 3420 3711 3562 3766; x_wconf 77' lang='grc' dir='ltr'>κατὰ</span> <span class='ocrx_word' id='word_1_591' title='bbox 3588 3713 3653 3766; x_wconf 75' lang='grc' dir='ltr'>τὸ</span> 
     </span>
    </p>
   </div>
   <div class='ocr_carea' id='block_1_83' title="bbox 2069 3806 3649 3881">
    <p class='ocr_par' dir='ltr' id='par_1_83' title="bbox 2069 3806 3649 3881">
     <span class='ocr_line' id='line_1_83' title="bbox 2069 3806 3649 3881; baseline -0.002 -18"><span class='ocrx_word' id='word_1_592' title='bbox 2069 3809 2257 3872; x_wconf 75' lang='grc' dir='ltr'>εἰωθὸς</span> <span class='ocrx_word' id='word_1_593' title='bbox 2277 3808 2443 3880; x_wconf 81' lang='grc' dir='ltr'>αὐτῷ,</span> <span class='ocrx_word' id='word_1_594' title='bbox 2467 3808 2524 3861; x_wconf 87' lang='grc' dir='ltr'><strong>ἐν</strong></span> <span class='ocrx_word' id='word_1_595' title='bbox 2547 3811 2614 3880; x_wconf 77' lang='grc' dir='ltr'>τῇ</span> <span class='ocrx_word' id='word_1_596' title='bbox 2638 3810 2822 3881; x_wconf 76' lang='grc' dir='ltr'>ἡμέρᾳ</span> <span class='ocrx_word' id='word_1_597' title='bbox 2842 3808 2948 3860; x_wconf 91' lang='grc' dir='ltr'><strong>τῶν</strong></span> <span class='ocrx_word' id='word_1_598' title='bbox 2973 3807 3263 3860; x_wconf 78' lang='grc' dir='ltr'>Σαϐόάτων</span> <span class='ocrx_word' id='word_1_599' title='bbox 3286 3808 3366 3870; x_wconf 86' lang='grc' dir='ltr'><strong>είς</strong></span> <span class='ocrx_word' id='word_1_600' title='bbox 3390 3806 3488 3875; x_wconf 84' lang='grc' dir='ltr'><strong>τὴν</strong></span> <span class='ocrx_word' id='word_1_601' title='bbox 3519 3821 3649 3860; x_wconf 71' lang='grc' dir='ltr'>συνο</span> 
     </span>
    </p>
   </div>
   <div class='ocr_carea' id='block_1_84' title="bbox 2069 3895 3646 3970">
    <p class='ocr_par' dir='ltr' id='par_1_84' title="bbox 2069 3895 3646 3970">
     <span class='ocr_line' id='line_1_84' title="bbox 2069 3895 3646 3970; baseline -0.006 -16"><span class='ocrx_word' id='word_1_602' title='bbox 2069 3900 2316 3970; x_wconf 78' lang='grc' dir='ltr'>αγωγήνο</span> <span class='ocrx_word' id='word_1_603' title='bbox 2347 3899 2636 3953; x_wconf 84' lang='grc' dir='ltr'>ἀναστάντι</span> <span class='ocrx_word' id='word_1_604' title='bbox 2667 3899 2724 3952; x_wconf 89' lang='grc' dir='ltr'>δὲ</span> <span class='ocrx_word' id='word_1_605' title='bbox 2745 3897 2892 3969; x_wconf 79' lang='grc' dir='ltr'>αὐτῷ</span> <span class='ocrx_word' id='word_1_606' title='bbox 2921 3895 3146 3966; x_wconf 76' lang='grc' dir='ltr'>ἐπεδόθη</span> <span class='ocrx_word' id='word_1_607' title='bbox 3187 3895 3410 3957; x_wconf 73' lang='grc' dir='ltr'>Ἡσαΐας</span> <span class='ocrx_word' id='word_1_608' title='bbox 3443 3895 3472 3947; x_wconf 89' lang='grc' dir='ltr'>ὁ</span> <span class='ocrx_word' id='word_1_609' title='bbox 3509 3910 3646 3965; x_wconf 88' lang='grc' dir='ltr'>προ-</span> 
     </span>
    </p>
   </div>
   <div class='ocr_carea' id='block_1_85' title="bbox 2070 3984 3638 4064">
    <p class='ocr_par' dir='ltr' id='par_1_85' title="bbox 2070 3984 3638 4064">
     <span class='ocr_line' id='line_1_85' title="bbox 2070 3984 3638 4064; baseline -0.006 -18"><span class='ocrx_word' id='word_1_610' title='bbox 2070 3995 2245 4064; x_wconf 82' lang='grc' dir='ltr'>φήτης</span> <span class='ocrx_word' id='word_1_611' title='bbox 2265 4031 2278 4055; x_wconf 88' lang='grc'><strong>,</strong></span> <span class='ocrx_word' id='word_1_612' title='bbox 2305 3984 2366 4044; x_wconf 79' lang='grc' dir='ltr'><strong>οῦ</strong></span> <span class='ocrx_word' id='word_1_613' title='bbox 2405 3993 2499 4045; x_wconf 72' lang='grc' dir='ltr'>καὶ</span> <span class='ocrx_word' id='word_1_614' title='bbox 2528 3991 2837 4056; x_wconf 82' lang='grc' dir='ltr'>ἀναπτύξας</span> <span class='ocrx_word' id='word_1_615' title='bbox 2858 3991 2956 4060; x_wconf 85' lang='grc' dir='ltr'><strong>τὴν</strong></span> <span class='ocrx_word' id='word_1_616' title='bbox 2985 3987 3163 4059; x_wconf 84' lang='grc' dir='ltr'>βίὸλον</span> <span class='ocrx_word' id='word_1_617' title='bbox 3185 4027 3200 4051; x_wconf 93' lang='grc'><strong>,</strong></span> <span class='ocrx_word' id='word_1_618' title='bbox 3228 3987 3436 4054; x_wconf 83' lang='grc' dir='ltr'>ἀνέγνω</span> <span class='ocrx_word' id='word_1_619' title='bbox 3460 3985 3522 4038; x_wconf 86' lang='grc' dir='ltr'>τὺ</span> <span class='ocrx_word' id='word_1_620' title='bbox 3547 3987 3638 4053; x_wconf 85' lang='grc' dir='ltr'>ἐγ-</span> 
     </span>
    </p>
   </div>
   <div class='ocr_carea' id='block_1_86' title="bbox 2067 4073 3639 4154">
    <p class='ocr_par' dir='ltr' id='par_1_86' title="bbox 2067 4073 3639 4154">
     <span class='ocr_line' id='line_1_86' title="bbox 2067 4073 3639 4154; baseline -0.003 -18"><span class='ocrx_word' id='word_1_621' title='bbox 2067 4085 2446 4154; x_wconf 83' lang='grc' dir='ltr'>γεγραμμένον</span> <span class='ocrx_word' id='word_1_622' title='bbox 2465 4101 2477 4112; x_wconf 73' lang='grc'><strong>’</strong></span> <span class='ocrx_word' id='word_1_623' title='bbox 2510 4102 2526 4134; x_wconf 79' lang='grc' dir='ltr'><strong>ι</strong></span> <span class='ocrx_word' id='word_1_624' title='bbox 2573 4082 2796 4152; x_wconf 83' lang='grc' dir='ltr'>Πνεῦμα</span> <span class='ocrx_word' id='word_1_625' title='bbox 2823 4082 3027 4153; x_wconf 86' lang='grc' dir='ltr'>Κυρίου</span> <span class='ocrx_word' id='word_1_626' title='bbox 3053 4083 3137 4136; x_wconf 81' lang='grc' dir='ltr'>ἐπ’</span> <span class='ocrx_word' id='word_1_627' title='bbox 3175 4081 3272 4150; x_wconf 83' lang='grc' dir='ltr'>ἐμὲ</span> <span class='ocrx_word' id='word_1_628' title='bbox 3290 4119 3306 4145; x_wconf 95' lang='grc'><strong>,</strong></span> <span class='ocrx_word' id='word_1_629' title='bbox 3341 4073 3403 4133; x_wconf 75' lang='grc' dir='ltr'><strong>οῦ</strong></span> <span class='ocrx_word' id='word_1_630' title='bbox 3433 4081 3639 4132; x_wconf 84' lang='grc' dir='ltr'>εἵνεκεν</span> 
     </span>
    </p>
   </div>
   <div class='ocr_carea' id='block_1_87' title="bbox 2068 4172 3635 4248">
    <p class='ocr_par' dir='ltr' id='par_1_87' title="bbox 2068 4172 3635 4248">
     <span class='ocr_line' id='line_1_87' title="bbox 2068 4172 3635 4248; baseline -0.003 -20"><span class='ocrx_word' id='word_1_631' title='bbox 2068 4175 2251 4248; x_wconf 79' lang='grc' dir='ltr'>ἐχρισέ</span> <span class='ocrx_word' id='word_1_632' title='bbox 2294 4192 2379 4245; x_wconf 90' lang='grc' dir='ltr'>με.</span> <span class='ocrx_word' id='word_1_633' title='bbox 2424 4174 2888 4244; x_wconf 85' lang='grc' dir='ltr'>Εὐαγγελίσασθαι</span> <span class='ocrx_word' id='word_1_634' title='bbox 2923 4176 3154 4242; x_wconf 87' lang='grc' dir='ltr'>πτωχοῖς</span> <span class='ocrx_word' id='word_1_635' title='bbox 3194 4172 3503 4226; x_wconf 86' lang='grc' dir='ltr'>άπέσταλκέ</span> <span class='ocrx_word' id='word_1_636' title='bbox 3549 4189 3635 4240; x_wconf 86' lang='grc' dir='ltr'><strong>με,</strong></span> 
     </span>
    </p>
   </div>
   <div class='ocr_carea' id='block_1_88' title="bbox 2068 4263 3635 4342">
    <p class='ocr_par' dir='ltr' id='par_1_88' title="bbox 2068 4263 3635 4342">
     <span class='ocr_line' id='line_1_88' title="bbox 2068 4263 3635 4342; baseline -0.004 -20"><span class='ocrx_word' id='word_1_637' title='bbox 2068 4269 2300 4342; x_wconf 84' lang='grc' dir='ltr'>κηρύξαι</span> <span class='ocrx_word' id='word_1_638' title='bbox 2327 4268 2688 4339; x_wconf 85' lang='grc' dir='ltr'>αίχμαλώτοις</span> <span class='ocrx_word' id='word_1_639' title='bbox 2713 4267 2902 4336; x_wconf 84' lang='grc' dir='ltr'>ἀφεσιν</span> <span class='ocrx_word' id='word_1_640' title='bbox 2923 4305 2936 4329; x_wconf 92' lang='grc'><strong>,</strong></span> <span class='ocrx_word' id='word_1_641' title='bbox 2963 4267 3056 4319; x_wconf 79' lang='grc' dir='ltr'>καὶ</span> <span class='ocrx_word' id='word_1_642' title='bbox 3080 4265 3298 4334; x_wconf 83' lang='grc' dir='ltr'>τυφλοῖς</span> <span class='ocrx_word' id='word_1_643' title='bbox 3323 4263 3635 4332; x_wconf 74' lang='grc' dir='ltr'>ἀνάϐλεψιν,</span> 
     </span>
    </p>
   </div>
   <div class='ocr_carea' id='block_1_89' title="bbox 2066 4355 3637 4429">
    <p class='ocr_par' dir='ltr' id='par_1_89' title="bbox 2066 4355 3637 4429">
     <span class='ocr_line' id='line_1_89' title="bbox 2066 4355 3637 4429; baseline -0.006 -15"><span class='ocrx_word' id='word_1_644' title='bbox 2066 4360 2382 4414; x_wconf 83' lang='grc' dir='ltr'>ἀποστεῖλαι</span> <span class='ocrx_word' id='word_1_645' title='bbox 2405 4360 2834 4429; x_wconf 85' lang='grc' dir='ltr'>τεθραυσμένους</span> <span class='ocrx_word' id='word_1_646' title='bbox 2869 4359 2925 4410; x_wconf 81' lang='grc' dir='ltr'><strong>ἐν</strong></span> <span class='ocrx_word' id='word_1_647' title='bbox 2951 4357 3140 4426; x_wconf 86' lang='grc' dir='ltr'>ἀφέσει</span> <span class='ocrx_word' id='word_1_648' title='bbox 3161 4397 3176 4421; x_wconf 93' lang='grc'><strong>,</strong></span> <span class='ocrx_word' id='word_1_649' title='bbox 3213 4355 3437 4409; x_wconf 84' lang='grc' dir='ltr'>καλέσαι</span> <span class='ocrx_word' id='word_1_650' title='bbox 3463 4356 3637 4408; x_wconf 84' lang='grc' dir='ltr'>ἐνιαυ-</span> 
     </span>
    </p>
   </div>
   <div class='ocr_carea' id='block_1_90' title="bbox 399 4445 1974 4522">
    <p class='ocr_par' dir='ltr' id='par_1_90' title="bbox 399 4450 1964 4522">
     <span class='ocr_line' id='line_1_90' title="bbox 399 4450 1964 4522; baseline 0.001 -17"><span class='ocrx_word' id='word_1_651' title='bbox 399 4460 706 4522; x_wconf 89' lang='lat' dir='ltr'><strong>acceptum.</strong></span> <span class='ocrx_word' id='word_1_652' title='bbox 743 4451 808 4504; x_wconf 85' lang='lat' dir='ltr'><strong>Et</strong></span> <span class='ocrx_word' id='word_1_653' title='bbox 857 4467 981 4505; x_wconf 90' lang='lat' dir='ltr'><strong>cum</strong></span> <span class='ocrx_word' id='word_1_654' title='bbox 1041 4451 1324 4521; x_wconf 89' lang='lat' dir='ltr'><strong>plicuisset</strong></span> <span class='ocrx_word' id='word_1_655' title='bbox 1359 4450 1578 4515; x_wconf 91' lang='lat' dir='ltr'><strong>librum,</strong></span> <span class='ocrx_word' id='word_1_656' title='bbox 1610 4451 1964 4506; x_wconf 85' lang='lat' dir='ltr'><strong>reddidisset-</strong></span> 
     </span>
    </p>
   </div>
   <div class='ocr_carea' id='block_1_91' title="bbox 2077 4445 3633 4522">
    <p class='ocr_par' dir='ltr' id='par_1_91' title="bbox 2077 4445 3633 4521">
     <span class='ocr_line' id='line_1_91' title="bbox 2077 4445 3633 4521; baseline -0.005 -17"><span class='ocrx_word' id='word_1_657' title='bbox 2077 4451 2156 4504; x_wconf 73' lang='grc' dir='ltr'><strong>τὸν</strong></span> <span class='ocrx_word' id='word_1_658' title='bbox 2182 4451 2383 4521; x_wconf 90' lang='grc' dir='ltr'>Κυρίου</span> <span class='ocrx_word' id='word_1_659' title='bbox 2408 4450 2612 4504; x_wconf 86' lang='grc' dir='ltr'>δεκτόν.</span> <span class='ocrx_word' id='word_1_660' title='bbox 2656 4449 2764 4503; x_wconf 79' lang='grc' dir='ltr'><strong>Καὶ</strong></span> <span class='ocrx_word' id='word_1_661' title='bbox 2802 4448 3006 4514; x_wconf 83' lang='grc' dir='ltr'>πτύξας</span> <span class='ocrx_word' id='word_1_662' title='bbox 3043 4448 3103 4501; x_wconf 76' lang='grc' dir='ltr'><strong>τὸ</strong></span> <span class='ocrx_word' id='word_1_663' title='bbox 3141 4446 3341 4516; x_wconf 80' lang='grc' dir='ltr'>βιϐλίον</span> <span class='ocrx_word' id='word_1_664' title='bbox 3367 4484 3384 4509; x_wconf 90' lang='grc'><strong>,</strong></span> <span class='ocrx_word' id='word_1_665' title='bbox 3408 4445 3633 4506; x_wconf 74' lang='grc' dir='ltr'>ἀποδοὺς</span> 
     </span>
    </p>
   </div>
   <div class='ocr_carea' id='block_1_92' title="bbox 390 4542 1963 4616">
    <p class='ocr_par' dir='ltr' id='par_1_92' title="bbox 390 4542 1963 4616">
     <span class='ocr_line' id='line_1_92' title="bbox 390 4542 1963 4616; baseline 0.001 -21"><span class='ocrx_word' id='word_1_666' title='bbox 390 4559 504 4616; x_wconf 91' lang='lat' dir='ltr'><strong>.que</strong></span> <span class='ocrx_word' id='word_1_667' title='bbox 529 4545 802 4608; x_wconf 89' lang='lat' dir='ltr'><strong>ministro,</strong></span> <span class='ocrx_word' id='word_1_668' title='bbox 835 4551 949 4597; x_wconf 89' lang='lat' dir='ltr'><strong>tum</strong></span> <span class='ocrx_word' id='word_1_669' title='bbox 977 4544 1119 4598; x_wconf 85' lang='lat' dir='ltr'><strong>sedit</strong></span> <span class='ocrx_word' id='word_1_670' title='bbox 1152 4563 1167 4601; x_wconf 87' lang='lat'><strong>:</strong></span> <span class='ocrx_word' id='word_1_671' title='bbox 1198 4550 1253 4598; x_wconf 91' lang='lat' dir='ltr'><strong>et</strong></span> <span class='ocrx_word' id='word_1_672' title='bbox 1291 4543 1535 4596; x_wconf 86' lang='lat' dir='ltr'><strong>omnium</strong></span> <span class='ocrx_word' id='word_1_673' title='bbox 1573 4542 1714 4597; x_wconf 91' lang='lat' dir='ltr'><strong>oculi</strong></span> <span class='ocrx_word' id='word_1_674' title='bbox 1746 4543 1802 4596; x_wconf 91' lang='lat' dir='ltr'><strong>in</strong></span> <span class='ocrx_word' id='word_1_675' title='bbox 1831 4559 1963 4598; x_wconf 87' lang='lat' dir='ltr'><strong>con-</strong></span> 
     </span>
    </p>
   </div>
   <div class='ocr_carea' id='block_1_93' title="bbox 397 4637 1964 4708">
    <p class='ocr_par' dir='ltr' id='par_1_93' title="bbox 397 4637 1964 4708">
     <span class='ocr_line' id='line_1_93' title="bbox 397 4637 1964 4708; baseline 0 -14"><span class='ocrx_word' id='word_1_676' title='bbox 397 4650 562 4697; x_wconf 84' lang='lat' dir='ltr'><strong>ventu</strong></span> <span class='ocrx_word' id='word_1_677' title='bbox 584 4646 740 4696; x_wconf 88' lang='lat' dir='ltr'><strong>erant</strong></span> <span class='ocrx_word' id='word_1_678' title='bbox 763 4639 956 4694; x_wconf 82' lang='lat' dir='ltr'><strong>intenti</strong></span> <span class='ocrx_word' id='word_1_679' title='bbox 989 4639 1043 4693; x_wconf 93' lang='lat' dir='ltr'><strong>in</strong></span> <span class='ocrx_word' id='word_1_680' title='bbox 1092 4639 1266 4693; x_wconf 90' lang='lat' dir='ltr'><strong>illum.</strong></span> <span class='ocrx_word' id='word_1_681' title='bbox 1319 4637 1505 4708; x_wconf 88' lang='lat' dir='ltr'><strong>Itaque</strong></span> <span class='ocrx_word' id='word_1_682' title='bbox 1533 4639 1701 4708; x_wconf 68' lang='lat' dir='ltr'><strong>coapit</strong></span> <span class='ocrx_word' id='word_1_683' title='bbox 1743 4639 1810 4692; x_wconf 93' lang='lat' dir='ltr'><strong>ad</strong></span> <span class='ocrx_word' id='word_1_684' title='bbox 1841 4639 1964 4695; x_wconf 93' lang='lat' dir='ltr'><strong>illos</strong></span> 
     </span>
    </p>
   </div>
   <div class='ocr_carea' id='block_1_94' title="bbox 397 4730 1965 4800">
    <p class='ocr_par' dir='ltr' id='par_1_94' title="bbox 397 4730 1965 4800">
     <span class='ocr_line' id='line_1_94' title="bbox 397 4730 1965 4800; baseline -0.001 -14"><span class='ocrx_word' id='word_1_685' title='bbox 397 4733 602 4795; x_wconf 86' lang='lat' dir='ltr'><strong>dicere,</strong></span> <span class='ocrx_word' id='word_1_686' title='bbox 632 4731 776 4800; x_wconf 91' lang='lat' dir='ltr'><strong>quod</strong></span> <span class='ocrx_word' id='word_1_687' title='bbox 831 4731 924 4785; x_wconf 88' lang='lat' dir='ltr'><strong>illo</strong></span> <span class='ocrx_word' id='word_1_688' title='bbox 953 4731 1040 4785; x_wconf 90' lang='lat' dir='ltr'><strong>die</strong></span> <span class='ocrx_word' id='word_1_689' title='bbox 1080 4731 1344 4800; x_wconf 84' lang='lat' dir='ltr'><strong>completa</strong></span> <span class='ocrx_word' id='word_1_690' title='bbox 1373 4737 1518 4786; x_wconf 83' lang='lat' dir='ltr'><strong>esset</strong></span> <span class='ocrx_word' id='word_1_691' title='bbox 1568 4730 1842 4800; x_wconf 86' lang='lat' dir='ltr'><strong>scriptura</strong></span> <span class='ocrx_word' id='word_1_692' title='bbox 1875 4731 1965 4784; x_wconf 89' lang='lat' dir='ltr'><strong>illa</strong></span> 
     </span>
    </p>
   </div>
   <div class='ocr_carea' id='block_1_95' title="bbox 400 4819 1964 4892">
    <p class='ocr_par' dir='ltr' id='par_1_95' title="bbox 400 4819 1964 4892">
     <span class='ocr_line' id='line_1_95' title="bbox 400 4819 1964 4892; baseline -0.001 -13"><span class='ocrx_word' id='word_1_693' title='bbox 400 4826 456 4879; x_wconf 90' lang='lat' dir='ltr'><strong>in</strong></span> <span class='ocrx_word' id='word_1_694' title='bbox 489 4825 713 4879; x_wconf 89' lang='lat' dir='ltr'><strong>auribus</strong></span> <span class='ocrx_word' id='word_1_695' title='bbox 738 4823 1039 4878; x_wconf 79' lang='lat' dir='ltr'><strong>illorum“.</strong></span> <span class='ocrx_word' id='word_1_696' title='bbox 1072 4841 1089 4872; x_wconf 74' lang='grc' dir='ltr'><strong>ι</strong></span> <span class='ocrx_word' id='word_1_697' title='bbox 1129 4822 1268 4892; x_wconf 83' lang='lat' dir='ltr'><strong>Ergo</strong></span> <span class='ocrx_word' id='word_1_698' title='bbox 1313 4819 1563 4876; x_wconf 85' lang='lat' dir='ltr'><strong>Salvator</strong></span> <span class='ocrx_word' id='word_1_699' title='bbox 1608 4838 1670 4876; x_wconf 92' lang='lat' dir='ltr'><strong>ac</strong></span> <span class='ocrx_word' id='word_1_700' title='bbox 1701 4822 1964 4878; x_wconf 88' lang='lat' dir='ltr'><strong>Dominus</strong></span> 
     </span>
    </p>
   </div>
   <div class='ocr_carea' id='block_1_96' title="bbox 400 4913 1967 4987">
    <p class='ocr_par' dir='ltr' id='par_1_96' title="bbox 400 4913 1967 4987">
     <span class='ocr_line' id='line_1_96' title="bbox 400 4913 1967 4987; baseline -0.001 -15"><span class='ocrx_word' id='word_1_701' title='bbox 400 4925 587 4974; x_wconf 88' lang='lat' dir='ltr'><strong>noster</strong></span> <span class='ocrx_word' id='word_1_702' title='bbox 611 4933 676 4973; x_wconf 84' lang='lat' dir='ltr'><strong>ex</strong></span> <span class='ocrx_word' id='word_1_703' title='bbox 708 4917 810 4970; x_wconf 88' lang='lat' dir='ltr'><strong>hac</strong></span> <span class='ocrx_word' id='word_1_704' title='bbox 847 4916 1007 4987; x_wconf 89' lang='lat' dir='ltr'><strong>plane</strong></span> <span class='ocrx_word' id='word_1_705' title='bbox 1045 4914 1313 4985; x_wconf 88' lang='lat' dir='ltr'><strong>scriptura</strong></span> <span class='ocrx_word' id='word_1_706' title='bbox 1361 4913 1578 4968; x_wconf 85' lang='lat' dir='ltr'><strong>videtur</strong></span> <span class='ocrx_word' id='word_1_707' title='bbox 1607 4915 1765 4986; x_wconf 85' lang='lat' dir='ltr'><strong>longe</strong></span> <span class='ocrx_word' id='word_1_708' title='bbox 1785 4918 1967 4972; x_wconf 74' lang='lat' dir='ltr'><strong>excel-</strong></span> 
     </span>
    </p>
   </div>
   <div class='ocr_carea' id='block_1_97' title="bbox 397 5007 1966 5078">
    <p class='ocr_par' dir='ltr' id='par_1_97' title="bbox 397 5007 1966 5078">
     <span class='ocr_line' id='line_1_97' title="bbox 397 5007 1966 5078; baseline 0.001 -15"><span class='ocrx_word' id='word_1_709' title='bbox 397 5011 597 5066; x_wconf 88' lang='lat' dir='ltr'><strong>lentius</strong></span> <span class='ocrx_word' id='word_1_710' title='bbox 625 5025 688 5064; x_wconf 88' lang='lat' dir='ltr'><strong>ac</strong></span> <span class='ocrx_word' id='word_1_711' title='bbox 718 5010 910 5064; x_wconf 91' lang='lat' dir='ltr'><strong>melius</strong></span> <span class='ocrx_word' id='word_1_712' title='bbox 941 5023 1100 5078; x_wconf 87' lang='lat' dir='ltr'><strong>quam</strong></span> <span class='ocrx_word' id='word_1_713' title='bbox 1124 5009 1199 5061; x_wconf 89' lang='lat' dir='ltr'><strong>illi</strong></span> <span class='ocrx_word' id='word_1_714' title='bbox 1230 5007 1541 5062; x_wconf 86' lang='lat' dir='ltr'><strong>sacerdotes</strong></span> <span class='ocrx_word' id='word_1_715' title='bbox 1570 5008 1662 5078; x_wconf 91' lang='lat' dir='ltr'><strong>qui</strong></span> <span class='ocrx_word' id='word_1_716' title='bbox 1686 5009 1815 5062; x_wconf 91' lang='lat' dir='ltr'><strong>olim</strong></span> <span class='ocrx_word' id='word_1_717' title='bbox 1851 5024 1966 5064; x_wconf 78' lang='lat' dir='ltr'><strong>cor-</strong></span> 
     </span>
    </p>
   </div>
   <div class='ocr_carea' id='block_1_98' title="bbox 397 5098 1966 5171">
    <p class='ocr_par' dir='ltr' id='par_1_98' title="bbox 397 5098 1966 5171">
     <span class='ocr_line' id='line_1_98' title="bbox 397 5098 1966 5171; baseline -0.001 -17"><span class='ocrx_word' id='word_1_718' title='bbox 397 5100 570 5171; x_wconf 88' lang='lat' dir='ltr'><strong>porali</strong></span> <span class='ocrx_word' id='word_1_719' title='bbox 618 5100 878 5154; x_wconf 90' lang='lat' dir='ltr'><strong>unctione</strong></span> <span class='ocrx_word' id='word_1_720' title='bbox 925 5099 1286 5169; x_wconf 84' lang='lat' dir='ltr'><strong>ungebantur,</strong></span> <span class='ocrx_word' id='word_1_721' title='bbox 1319 5113 1426 5151; x_wconf 93' lang='lat' dir='ltr'><strong>non</strong></span> <span class='ocrx_word' id='word_1_722' title='bbox 1479 5098 1598 5152; x_wconf 89' lang='lat' dir='ltr'><strong>oleo</strong></span> <span class='ocrx_word' id='word_1_723' title='bbox 1647 5106 1966 5167; x_wconf 89' lang='lat' dir='ltr'><strong>comparato</strong></span> 
     </span>
    </p>
   </div>
   <div class='ocr_carea' id='block_1_99' title="bbox 396 5187 1955 5263">
    <p class='ocr_par' dir='ltr' id='par_1_99' title="bbox 396 5187 1955 5263">
     <span class='ocr_line' id='line_1_99' title="bbox 396 5187 1955 5263; baseline -0.002 -17"><span class='ocrx_word' id='word_1_724' title='bbox 396 5207 574 5263; x_wconf 90' lang='lat' dir='ltr'><strong>neque</strong></span> <span class='ocrx_word' id='word_1_725' title='bbox 620 5193 688 5245; x_wconf 89' lang='lat' dir='ltr'><strong>ab</strong></span> <span class='ocrx_word' id='word_1_726' title='bbox 733 5191 1067 5256; x_wconf 88' lang='lat' dir='ltr'><strong>hominibus,</strong></span> <span class='ocrx_word' id='word_1_727' title='bbox 1102 5198 1158 5243; x_wconf 91' lang='lat' dir='ltr'><strong>nt</strong></span> <span class='ocrx_word' id='word_1_728' title='bbox 1181 5189 1270 5242; x_wconf 88' lang='lat' dir='ltr'><strong>alii</strong></span> <span class='ocrx_word' id='word_1_729' title='bbox 1303 5189 1570 5251; x_wconf 85' lang='lat' dir='ltr'><strong>solebant,</strong></span> <span class='ocrx_word' id='word_1_730' title='bbox 1603 5187 1697 5244; x_wconf 87' lang='lat' dir='ltr'><strong>sed</strong></span> <span class='ocrx_word' id='word_1_731' title='bbox 1749 5189 1955 5255; x_wconf 90' lang='lat' dir='ltr'><strong>divino,</strong></span> 
     </span>
    </p>
   </div>
   <div class='ocr_carea' id='block_1_100' title="bbox 396 5281 1958 5352">
    <p class='ocr_par' dir='ltr' id='par_1_100' title="bbox 396 5281 1958 5352">
     <span class='ocr_line' id='line_1_100' title="bbox 396 5281 1958 5352; baseline -0.001 -14"><span class='ocrx_word' id='word_1_732' title='bbox 396 5284 501 5339; x_wconf 91' lang='lat' dir='ltr'><strong>hoc</strong></span> <span class='ocrx_word' id='word_1_733' title='bbox 532 5293 637 5347; x_wconf 91' lang='lat' dir='ltr'><strong>est,</strong></span> <span class='ocrx_word' id='word_1_734' title='bbox 675 5282 769 5339; x_wconf 92' lang='lat' dir='ltr'><strong>Dei</strong></span> <span class='ocrx_word' id='word_1_735' title='bbox 798 5281 1086 5351; x_wconf 90' lang='lat' dir='ltr'><strong>Patrisque</strong></span> <span class='ocrx_word' id='word_1_736' title='bbox 1140 5281 1224 5335; x_wconf 91' lang='lat' dir='ltr'><strong>sui</strong></span> <span class='ocrx_word' id='word_1_737' title='bbox 1268 5281 1473 5351; x_wconf 87' lang='lat' dir='ltr'><strong>Spiritu</strong></span> <span class='ocrx_word' id='word_1_738' title='bbox 1506 5288 1705 5336; x_wconf 88' lang='lat' dir='ltr'><strong>unctus</strong></span> <span class='ocrx_word' id='word_1_739' title='bbox 1737 5299 1753 5335; x_wconf 87' lang='lat'><strong>:</strong></span> <span class='ocrx_word' id='word_1_740' title='bbox 1787 5297 1816 5336; x_wconf 90' lang='lat' dir='ltr'><strong>a</strong></span> <span class='ocrx_word' id='word_1_741' title='bbox 1849 5297 1958 5352; x_wconf 91' lang='lat' dir='ltr'><strong>quo</strong></span> 
     </span>
    </p>
   </div>
   <div class='ocr_carea' id='block_1_101' title="bbox 2066 4537 3633 4617">
    <p class='ocr_par' dir='ltr' id='par_1_101' title="bbox 2066 4537 3633 4617">
     <span class='ocr_line' id='line_1_101' title="bbox 2066 4537 3633 4617; baseline -0.006 -19"><span class='ocrx_word' id='word_1_742' title='bbox 2066 4543 2145 4616; x_wconf 81' lang='grc' dir='ltr'>τῷ</span> <span class='ocrx_word' id='word_1_743' title='bbox 2173 4543 2441 4617; x_wconf 82' lang='grc' dir='ltr'>ὑπηρέτῃ,</span> <span class='ocrx_word' id='word_1_744' title='bbox 2477 4543 2712 4597; x_wconf 89' lang='grc' dir='ltr'>ἐκάθισε.</span> <span class='ocrx_word' id='word_1_745' title='bbox 2742 4543 2851 4598; x_wconf 80' lang='grc' dir='ltr'><strong>Καὶ</strong></span> <span class='ocrx_word' id='word_1_746' title='bbox 2887 4543 3099 4596; x_wconf 82' lang='grc' dir='ltr'>πάντων</span> <span class='ocrx_word' id='word_1_747' title='bbox 3121 4543 3169 4594; x_wconf 77' lang='lat' dir='ltr'><strong>oi</strong></span> <span class='ocrx_word' id='word_1_748' title='bbox 3193 4539 3460 4609; x_wconf 77' lang='grc' dir='ltr'>ὀφθαλμοὶ</span> <span class='ocrx_word' id='word_1_749' title='bbox 3488 4539 3544 4589; x_wconf 87' lang='grc' dir='ltr'><strong>ἐν</strong></span> <span class='ocrx_word' id='word_1_750' title='bbox 3568 4537 3633 4608; x_wconf 75' lang='grc' dir='ltr'>τῇ</span> 
     </span>
    </p>
   </div>
   <div class='ocr_carea' id='block_1_102' title="bbox 2071 4627 3635 4708">
    <p class='ocr_par' dir='ltr' id='par_1_102' title="bbox 2071 4627 3635 4708">
     <span class='ocr_line' id='line_1_102' title="bbox 2071 4627 3635 4708; baseline -0.006 -18"><span class='ocrx_word' id='word_1_751' title='bbox 2071 4639 2357 4708; x_wconf 79' lang='grc' dir='ltr'>συναγωγῇ</span> <span class='ocrx_word' id='word_1_752' title='bbox 2405 4633 2542 4708; x_wconf 77' lang='grc' dir='ltr'>ἦσαν</span> <span class='ocrx_word' id='word_1_753' title='bbox 2594 4635 2926 4699; x_wconf 78' lang='grc' dir='ltr'>ἀτενίζοντες</span> <span class='ocrx_word' id='word_1_754' title='bbox 2966 4633 3132 4705; x_wconf 78' lang='grc' dir='ltr'>αὐτῷ.</span> <span class='ocrx_word' id='word_1_755' title='bbox 3165 4632 3405 4704; x_wconf 79' lang='grc' dir='ltr'>Ἤρξατο</span> <span class='ocrx_word' id='word_1_756' title='bbox 3440 4629 3496 4682; x_wconf 85' lang='grc' dir='ltr'>δὲ</span> <span class='ocrx_word' id='word_1_757' title='bbox 3553 4627 3635 4681; x_wconf 79' lang='grc' dir='ltr'>λέ-</span> 
     </span>
    </p>
   </div>
   <div class='ocr_carea' id='block_1_103' title="bbox 2069 4716 3630 4796">
    <p class='ocr_par' dir='ltr' id='par_1_103' title="bbox 2069 4716 3630 4796">
     <span class='ocr_line' id='line_1_103' title="bbox 2069 4716 3630 4796; baseline -0.007 -17"><span class='ocrx_word' id='word_1_758' title='bbox 2069 4743 2188 4795; x_wconf 92' lang='grc' dir='ltr'>γειν</span> <span class='ocrx_word' id='word_1_759' title='bbox 2215 4726 2348 4796; x_wconf 82' lang='grc' dir='ltr'>πρὸς</span> <span class='ocrx_word' id='word_1_760' title='bbox 2374 4727 2591 4789; x_wconf 77' lang='grc' dir='ltr'>αὐτοὺς,</span> <span class='ocrx_word' id='word_1_761' title='bbox 2620 4726 2722 4788; x_wconf 79' lang='grc' dir='ltr'>ὅτι,</span> <span class='ocrx_word' id='word_1_762' title='bbox 2753 4725 2995 4796; x_wconf 78' lang='grc' dir='ltr'>Σήμερον</span> <span class='ocrx_word' id='word_1_763' title='bbox 3020 4721 3418 4794; x_wconf 80' lang='grc' dir='ltr'>πεπλήρωταιή</span> <span class='ocrx_word' id='word_1_764' title='bbox 3443 4716 3630 4790; x_wconf 81' lang='grc' dir='ltr'>Γραφὴ</span> 
     </span>
    </p>
   </div>
   <div class='ocr_carea' id='block_1_104' title="bbox 2070 4808 3632 4889">
    <p class='ocr_par' dir='ltr' id='par_1_104' title="bbox 2070 4808 3632 4889">
     <span class='ocr_line' id='line_1_104' title="bbox 2070 4808 3632 4889; baseline -0.009 -16"><span class='ocrx_word' id='word_1_765' title='bbox 2070 4819 2210 4889; x_wconf 74' lang='grc' dir='ltr'>αὕτη</span> <span class='ocrx_word' id='word_1_766' title='bbox 2233 4819 2289 4872; x_wconf 87' lang='grc' dir='ltr'><strong>ἐν</strong></span> <span class='ocrx_word' id='word_1_767' title='bbox 2332 4821 2443 4882; x_wconf 85' lang='grc' dir='ltr'>τοῖς</span> <span class='ocrx_word' id='word_1_768' title='bbox 2483 4817 2616 4870; x_wconf 71' lang='grc' dir='ltr'>ὠσὶν</span> <span class='ocrx_word' id='word_1_769' title='bbox 2658 4817 2829 4887; x_wconf 84' lang='grc' dir='ltr'>ὑμῶν.</span> <span class='ocrx_word' id='word_1_770' title='bbox 2874 4836 2891 4866; x_wconf 72' lang='grc' dir='ltr'><strong>ι</strong></span> <span class='ocrx_word' id='word_1_771' title='bbox 2944 4816 3000 4868; x_wconf 78' lang='grc' dir='ltr'>Ὀ</span> <span class='ocrx_word' id='word_1_772' title='bbox 3039 4814 3138 4886; x_wconf 83' lang='grc' dir='ltr'>μὲν</span> <span class='ocrx_word' id='word_1_773' title='bbox 3179 4809 3269 4865; x_wconf 77' lang='grc' dir='ltr'><strong>οὖν</strong></span> <span class='ocrx_word' id='word_1_774' title='bbox 3318 4809 3509 4881; x_wconf 75' lang='grc' dir='ltr'>Σωτὴρ</span> <span class='ocrx_word' id='word_1_775' title='bbox 3544 4808 3632 4861; x_wconf 66' lang='lat' dir='ltr'><strong>val.</strong></span> 
     </span>
    </p>
   </div>
   <div class='ocr_carea' id='block_1_105' title="bbox 2065 4899 3634 4983">
    <p class='ocr_par' dir='ltr' id='par_1_105' title="bbox 2065 4899 3634 4983">
     <span class='ocr_line' id='line_1_105' title="bbox 2065 4899 3634 4983; baseline -0.002 -20"><span class='ocrx_word' id='word_1_776' title='bbox 2065 4909 2268 4983; x_wconf 87' lang='grc' dir='ltr'>Κύριος</span> <span class='ocrx_word' id='word_1_777' title='bbox 2290 4911 2444 4981; x_wconf 70' lang='grc' dir='ltr'>ἡμῶλ</span> <span class='ocrx_word' id='word_1_778' title='bbox 2466 4909 2552 4962; x_wconf 81' lang='grc' dir='ltr'><strong>διὰ</strong></span> <span class='ocrx_word' id='word_1_779' title='bbox 2585 4909 2785 4978; x_wconf 83' lang='grc' dir='ltr'>ταύτης</span> <span class='ocrx_word' id='word_1_780' title='bbox 2811 4907 3054 4976; x_wconf 84' lang='grc' dir='ltr'>φαίνεται</span> <span class='ocrx_word' id='word_1_781' title='bbox 3086 4903 3272 4973; x_wconf 87' lang='grc' dir='ltr'>σαφῶς</span> <span class='ocrx_word' id='word_1_782' title='bbox 3297 4903 3394 4972; x_wconf 84' lang='grc' dir='ltr'><strong>τῆς</strong></span> <span class='ocrx_word' id='word_1_783' title='bbox 3416 4899 3634 4972; x_wconf 76' lang='grc' dir='ltr'>Γραφῆς</span> 
     </span>
    </p>
   </div>
   <div class='ocr_carea' id='block_1_106' title="bbox 2064 4992 3633 5074">
    <p class='ocr_par' dir='ltr' id='par_1_106' title="bbox 2064 4992 3633 5074">
     <span class='ocr_line' id='line_1_106' title="bbox 2064 4992 3633 5074; baseline -0.008 -19"><span class='ocrx_word' id='word_1_784' title='bbox 2064 5001 2424 5074; x_wconf 82' lang='grc' dir='ltr'>διαφερόντως</span> <span class='ocrx_word' id='word_1_785' title='bbox 2451 5001 2544 5054; x_wconf 78' lang='grc' dir='ltr'><strong>καὶ</strong></span> <span class='ocrx_word' id='word_1_786' title='bbox 2577 4999 2892 5073; x_wconf 84' lang='grc' dir='ltr'>κρειττόνως</span> <span class='ocrx_word' id='word_1_787' title='bbox 2919 4995 3069 5066; x_wconf 85' lang='grc' dir='ltr'><strong>παρά</strong></span> <span class='ocrx_word' id='word_1_788' title='bbox 3102 4995 3218 5056; x_wconf 72' lang='grc' dir='ltr'>τοὺς</span> <span class='ocrx_word' id='word_1_789' title='bbox 3253 4992 3418 5046; x_wconf 86' lang='grc' dir='ltr'>πάλαι</span> <span class='ocrx_word' id='word_1_790' title='bbox 3446 5007 3633 5062; x_wconf 83' lang='grc' dir='ltr'>σωμα-</span> 
     </span>
    </p>
   </div>
   <div class='ocr_carea' id='block_1_107' title="bbox 2065 5079 3629 5165">
    <p class='ocr_par' dir='ltr' id='par_1_107' title="bbox 2065 5079 3629 5165">
     <span class='ocr_line' id='line_1_107' title="bbox 2065 5079 3629 5165; baseline -0.011 -18"><span class='ocrx_word' id='word_1_791' title='bbox 2065 5093 2356 5164; x_wconf 86' lang='grc' dir='ltr'>τικὼτερον</span> <span class='ocrx_word' id='word_1_792' title='bbox 2393 5093 2710 5165; x_wconf 87' lang='grc' dir='ltr'>χριομένους</span> <span class='ocrx_word' id='word_1_793' title='bbox 2751 5089 2964 5162; x_wconf 83' lang='grc' dir='ltr'>ἱερέας,</span> <span class='ocrx_word' id='word_1_794' title='bbox 3003 5088 3103 5139; x_wconf 74' lang='grc' dir='ltr'>οὐκ</span> <span class='ocrx_word' id='word_1_795' title='bbox 3136 5084 3296 5154; x_wconf 81' lang='grc' dir='ltr'>ἐλαίῳ</span> <span class='ocrx_word' id='word_1_796' title='bbox 3330 5079 3629 5149; x_wconf 82' lang='grc' dir='ltr'>σκευαστῷ,</span> 
     </span>
    </p>
   </div>
   <div class='ocr_carea' id='block_1_108' title="bbox 2061 5175 3632 5257">
    <p class='ocr_par' dir='ltr' id='par_1_108' title="bbox 2061 5175 3632 5257">
     <span class='ocr_line' id='line_1_108' title="bbox 2061 5175 3632 5257; baseline -0.01 -15"><span class='ocrx_word' id='word_1_797' title='bbox 2061 5187 2182 5242; x_wconf 79' lang='grc' dir='ltr'>οὐδὲ</span> <span class='ocrx_word' id='word_1_798' title='bbox 2213 5188 2303 5240; x_wconf 82' lang='grc' dir='ltr'>ὑπ’</span> <span class='ocrx_word' id='word_1_799' title='bbox 2338 5185 2661 5257; x_wconf 82' lang='grc' dir='ltr'>ἀνθρώπων,</span> <span class='ocrx_word' id='word_1_800' title='bbox 2704 5182 2902 5252; x_wconf 79' lang='grc' dir='ltr'>ὁμοίως</span> <span class='ocrx_word' id='word_1_801' title='bbox 2931 5182 3041 5242; x_wconf 84' lang='grc' dir='ltr'>τοῖς</span> <span class='ocrx_word' id='word_1_802' title='bbox 3077 5177 3274 5242; x_wconf 83' lang='grc' dir='ltr'>ἄλλοις,</span> <span class='ocrx_word' id='word_1_803' title='bbox 3320 5177 3435 5229; x_wconf 80' lang='grc' dir='ltr'>ἀλλ’</span> <span class='ocrx_word' id='word_1_804' title='bbox 3468 5175 3632 5244; x_wconf 76' lang='grc' dir='ltr'>ἐνθὲῳ</span> 
     </span>
    </p>
   </div>
   <div class='ocr_carea' id='block_1_109' title="bbox 2064 5266 3630 5350">
    <p class='ocr_par' dir='ltr' id='par_1_109' title="bbox 2064 5266 3630 5350">
     <span class='ocr_line' id='line_1_109' title="bbox 2064 5266 3630 5350; baseline -0.01 -17"><span class='ocrx_word' id='word_1_805' title='bbox 2064 5279 2344 5350; x_wconf 87' lang='grc' dir='ltr'>Πνεύματι</span> <span class='ocrx_word' id='word_1_806' title='bbox 2374 5277 2539 5331; x_wconf 80' lang='grc' dir='ltr'>αὐτοῦ</span> <span class='ocrx_word' id='word_1_807' title='bbox 2572 5276 2635 5346; x_wconf 84' lang='grc' dir='ltr'>δὴ</span> <span class='ocrx_word' id='word_1_808' title='bbox 2667 5274 2760 5327; x_wconf 83' lang='grc' dir='ltr'><strong>τοῦ</strong></span> <span class='ocrx_word' id='word_1_809' title='bbox 2787 5271 2920 5326; x_wconf 88' lang='grc' dir='ltr'>Θεοῦ</span> <span class='ocrx_word' id='word_1_810' title='bbox 2966 5273 3058 5325; x_wconf 73' lang='grc' dir='ltr'>καὶ</span> <span class='ocrx_word' id='word_1_811' title='bbox 3110 5269 3324 5340; x_wconf 73' lang='grc' dir='ltr'>Πατρός</span> <span class='ocrx_word' id='word_1_812' title='bbox 3351 5266 3514 5321; x_wconf 82' lang='grc' dir='ltr'>αὑτοῦ</span> <span class='ocrx_word' id='word_1_813' title='bbox 3540 5283 3630 5318; x_wconf 76' lang='lat' dir='ltr'><strong>xa-</strong></span> 
     </span>
    </p>
   </div>
   <div class='ocr_carea' id='block_1_110' title="bbox 386 5360 1974 5444">
    <p class='ocr_par' dir='ltr' id='par_1_110' title="bbox 386 5372 1959 5443">
     <span class='ocr_line' id='line_1_110' title="bbox 386 5372 1959 5443; baseline 0.001 -15"><span class='ocrx_word' id='word_1_814' title='bbox 386 5375 559 5428; x_wconf 89' lang='lat' dir='ltr'><strong>-etiam</strong></span> <span class='ocrx_word' id='word_1_815' title='bbox 597 5373 718 5440; x_wconf 89' lang='lat' dir='ltr'><strong>ejus</strong></span> <span class='ocrx_word' id='word_1_816' title='bbox 761 5372 1063 5428; x_wconf 83' lang='lat' dir='ltr'><strong>divmitatis</strong></span> <span class='ocrx_word' id='word_1_817' title='bbox 1093 5388 1213 5442; x_wconf 72' lang='lat' dir='ltr'><strong>qum</strong></span> <span class='ocrx_word' id='word_1_818' title='bbox 1249 5373 1388 5427; x_wconf 79' lang='lat' dir='ltr'><strong>facta</strong></span> <span class='ocrx_word' id='word_1_819' title='bbox 1423 5389 1532 5427; x_wconf 87' lang='lat' dir='ltr'><strong>non</strong></span> <span class='ocrx_word' id='word_1_820' title='bbox 1591 5385 1696 5437; x_wconf 84' lang='lat' dir='ltr'><strong>est,</strong></span> <span class='ocrx_word' id='word_1_821' title='bbox 1734 5389 1959 5443; x_wconf 89' lang='lat' dir='ltr'><strong>compos</strong></span> 
     </span>
    </p>
   </div>
   <div class='ocr_carea' id='block_1_111' title="bbox 2077 5360 3626 5444">
    <p class='ocr_par' dir='ltr' id='par_1_111' title="bbox 2077 5360 3626 5444">
     <span class='ocr_line' id='line_1_111' title="bbox 2077 5360 3626 5444; baseline -0.008 -21"><span class='ocrx_word' id='word_1_822' title='bbox 2077 5371 2354 5444; x_wconf 62' lang='grc' dir='ltr'>(ρισμένος</span> <span class='ocrx_word' id='word_1_823' title='bbox 2377 5386 2391 5402; x_wconf 72' lang='grc' dir='ltr'><strong>ο</strong></span> <span class='ocrx_word' id='word_1_824' title='bbox 2424 5369 2551 5439; x_wconf 80' lang='grc' dir='ltr'>παρ’</span> <span class='ocrx_word' id='word_1_825' title='bbox 2582 5362 2642 5422; x_wconf 72' lang='grc' dir='ltr'>οὗ</span> <span class='ocrx_word' id='word_1_826' title='bbox 2675 5368 2767 5420; x_wconf 74' lang='grc' dir='ltr'>καὶ</span> <span class='ocrx_word' id='word_1_827' title='bbox 2804 5365 2904 5436; x_wconf 83' lang='grc' dir='ltr'>τῆς</span> <span class='ocrx_word' id='word_1_828' title='bbox 2933 5366 3224 5434; x_wconf 76' lang='grc' dir='ltr'>ἀγεννήτου</span> <span class='ocrx_word' id='word_1_829' title='bbox 3254 5360 3506 5430; x_wconf 85' lang='grc' dir='ltr'>θεότητος</span> <span class='ocrx_word' id='word_1_830' title='bbox 3540 5374 3626 5427; x_wconf 87' lang='grc' dir='ltr'>με-</span> 
     </span>
    </p>
   </div>
   <div class='ocr_carea' id='block_1_112' title="bbox 396 5463 1959 5520">
    <p class='ocr_par' dir='ltr' id='par_1_112' title="bbox 396 5463 1959 5520">
     <span class='ocr_line' id='line_1_112' title="bbox 396 5463 1959 5520; baseline -0.002 -1"><span class='ocrx_word' id='word_1_831' title='bbox 396 5465 621 5519; x_wconf 82' lang='lat' dir='ltr'><strong>ell&#39;ectus</strong></span> <span class='ocrx_word' id='word_1_832' title='bbox 656 5464 798 5520; x_wconf 91' lang='lat' dir='ltr'><strong>Deus</strong></span> <span class='ocrx_word' id='word_1_833' title='bbox 829 5481 892 5520; x_wconf 89' lang='lat' dir='ltr'><strong>ac</strong></span> <span class='ocrx_word' id='word_1_834' title='bbox 929 5463 1193 5519; x_wconf 90' lang='lat' dir='ltr'><strong>Dominus</strong></span> <span class='ocrx_word' id='word_1_835' title='bbox 1225 5465 1278 5517; x_wconf 93' lang='lat' dir='ltr'><strong>in</strong></span> <span class='ocrx_word' id='word_1_836' title='bbox 1309 5465 1483 5520; x_wconf 88' lang='lat' dir='ltr'><strong>sacris</strong></span> <span class='ocrx_word' id='word_1_837' title='bbox 1523 5464 1703 5518; x_wconf 88' lang='lat' dir='ltr'><strong>dictus</strong></span> <span class='ocrx_word' id='word_1_838' title='bbox 1757 5474 1842 5519; x_wconf 85' lang='lat' dir='ltr'><strong>est</strong></span> <span class='ocrx_word' id='word_1_839' title='bbox 1870 5463 1959 5517; x_wconf 91' lang='lat' dir='ltr'><strong>Li-</strong></span> 
     </span>
    </p>
   </div>
   <div class='ocr_carea' id='block_1_113' title="bbox 396 5555 1959 5629">
    <p class='ocr_par' dir='ltr' id='par_1_113' title="bbox 396 5555 1959 5629">
     <span class='ocr_line' id='line_1_113' title="bbox 396 5555 1959 5629; baseline -0.001 -18"><span class='ocrx_word' id='word_1_840' title='bbox 396 5556 531 5611; x_wconf 92' lang='lat' dir='ltr'><strong>bris.</strong></span> <span class='ocrx_word' id='word_1_841' title='bbox 587 5555 723 5610; x_wconf 92' lang='lat' dir='ltr'><strong>lluic</strong></span> <span class='ocrx_word' id='word_1_842' title='bbox 752 5557 1049 5629; x_wconf 65' lang='lat' dir='ltr'><strong>prophetia:</strong></span> <span class='ocrx_word' id='word_1_843' title='bbox 1095 5573 1210 5628; x_wconf 81' lang='lat' dir='ltr'><strong>quae</strong></span> <span class='ocrx_word' id='word_1_844' title='bbox 1241 5571 1385 5609; x_wconf 88' lang='lat' dir='ltr'><strong>nunc</strong></span> <span class='ocrx_word' id='word_1_845' title='bbox 1438 5563 1704 5610; x_wconf 86' lang='lat' dir='ltr'><strong>tractatur</strong></span> <span class='ocrx_word' id='word_1_846' title='bbox 1759 5555 1959 5611; x_wconf 88' lang='lat' dir='ltr'><strong>similia</strong></span> 
     </span>
    </p>
   </div>
   <div class='ocr_carea' id='block_1_114' title="bbox 467 5731 1528 5802">
    <p class='ocr_par' dir='ltr' id='par_1_114' title="bbox 467 5731 1528 5802">
     <span class='ocr_line' id='line_1_114' title="bbox 467 5731 1528 5802; baseline 0.007 -19"><span class='ocrx_word' id='word_1_847' title='bbox 467 5735 512 5767; x_wconf 75' lang='grc' dir='ltr'><strong>θ’</strong></span> <span class='ocrx_word' id='word_1_848' title='bbox 551 5731 656 5787; x_wconf 80' lang='lat' dir='ltr'><strong>lsa.</strong></span> <span class='ocrx_word' id='word_1_849' title='bbox 696 5750 804 5802; x_wconf 77' lang='grc' dir='ltr'>ωίι,</span> <span class='ocrx_word' id='word_1_850' title='bbox 841 5736 888 5787; x_wconf 82' lang='lat' dir='ltr'><strong>l.</strong></span> <span class='ocrx_word' id='word_1_851' title='bbox 969 5737 1013 5766; x_wconf 72' lang='grc'><strong>⁵⁸</strong></span> <span class='ocrx_word' id='word_1_852' title='bbox 1054 5737 1182 5790; x_wconf 89' lang='lat' dir='ltr'><strong>Luc.</strong></span> <span class='ocrx_word' id='word_1_853' title='bbox 1225 5753 1308 5801; x_wconf 81' lang='lat' dir='ltr'><strong>Iv,</strong></span> <span class='ocrx_word' id='word_1_854' title='bbox 1346 5735 1528 5790; x_wconf 71' lang='lat'><strong>18-21.</strong></span> 
     </span>
    </p>
   </div>
   <div class='ocr_carea' id='block_1_115' title="bbox 2061 5450 3625 5533">
    <p class='ocr_par' dir='ltr' id='par_1_115' title="bbox 2061 5450 3625 5533">
     <span class='ocr_line' id='line_1_115' title="bbox 2061 5450 3625 5533; baseline -0.009 -18"><span class='ocrx_word' id='word_1_855' title='bbox 2061 5459 2278 5533; x_wconf 88' lang='grc' dir='ltr'>τασχὼν</span> <span class='ocrx_word' id='word_1_856' title='bbox 2299 5501 2313 5525; x_wconf 93' lang='grc'><strong>,</strong></span> <span class='ocrx_word' id='word_1_857' title='bbox 2341 5460 2470 5524; x_wconf 81' lang='grc' dir='ltr'>Θεὸς</span> <span class='ocrx_word' id='word_1_858' title='bbox 2505 5460 2595 5514; x_wconf 71' lang='grc' dir='ltr'><strong>καὶ</strong></span> <span class='ocrx_word' id='word_1_859' title='bbox 2621 5460 2821 5530; x_wconf 83' lang='grc' dir='ltr'>Κύριος</span> <span class='ocrx_word' id='word_1_860' title='bbox 2852 5457 2984 5529; x_wconf 84' lang='grc' dir='ltr'>πρὸς</span> <span class='ocrx_word' id='word_1_861' title='bbox 3009 5455 3114 5509; x_wconf 91' lang='grc' dir='ltr'><strong>τῶν</strong></span> <span class='ocrx_word' id='word_1_862' title='bbox 3154 5453 3314 5524; x_wconf 86' lang='grc' dir='ltr'>ἱερῶν</span> <span class='ocrx_word' id='word_1_863' title='bbox 3342 5450 3625 5524; x_wconf 72' lang='grc' dir='ltr'>ἀνηγόρευ-</span> 
     </span>
    </p>
   </div>
   <div class='ocr_carea' id='block_1_116' title="bbox 2063 5545 3623 5627">
    <p class='ocr_par' dir='ltr' id='par_1_116' title="bbox 2063 5545 3623 5627">
     <span class='ocr_line' id='line_1_116' title="bbox 2063 5545 3623 5627; baseline -0.009 -19"><span class='ocrx_word' id='word_1_864' title='bbox 2063 5573 2152 5610; x_wconf 80' lang='grc' dir='ltr'><strong>ται</strong></span> <span class='ocrx_word' id='word_1_865' title='bbox 2182 5553 2430 5627; x_wconf 77' lang='grc' dir='ltr'>Γραφῶν.</span> <span class='ocrx_word' id='word_1_866' title='bbox 2475 5551 2804 5614; x_wconf 84' lang='grc' dir='ltr'>Ἀκολούοως</span> <span class='ocrx_word' id='word_1_867' title='bbox 2841 5549 2894 5603; x_wconf 84' lang='grc' dir='ltr'>δὲ</span> <span class='ocrx_word' id='word_1_868' title='bbox 2938 5550 3004 5619; x_wconf 81' lang='grc' dir='ltr'>τῇ</span> <span class='ocrx_word' id='word_1_869' title='bbox 3042 5545 3177 5618; x_wconf 85' lang='grc' dir='ltr'><strong>μετά</strong></span> <span class='ocrx_word' id='word_1_870' title='bbox 3201 5547 3388 5616; x_wconf 84' lang='grc' dir='ltr'>χεῖρας</span> <span class='ocrx_word' id='word_1_871' title='bbox 3419 5557 3623 5613; x_wconf 57' lang='grc' dir='ltr'>προφηφ</span> 
     </span>
    </p>
   </div>
  </div>
