3908 6266
266 377 370 434 639

1192 377 1851 436 DEMONSTRATIONIS
1889 377 2347 435 EVANGELICIE
2384 377 2516 435 LIB.
2556 379 2646 437 IX.

3422 383 3526 439 690

261 497 385 570 τείᾳ
425 499 664 570 πτωχοῖς
712 499 1196 570 εὐαγγελιζόμενος
1258 501 1536 570 εἰσάγεται
1590 502 1740 573 παρά
1774 501 1850 572 τῷ

1956 502 2147 560 scribit
2179 503 2487 569 Matthaeus,
2533 503 2626 559 ubi
2688 503 2837 560 illum
2893 519 3161 575 pauperes
3220 505 3527 572 evangeliec

260 591 551 661 Ματθαίῳ,
586 592 676 644 ὅτε
717 611 736 644 ι
782 591 904 644 ἰδὼν
935 591 1062 655 τοὺς
1090 591 1278 662 ὄχλους
1309 592 1475 663 ἀνέὸη
1511 595 1591 656 εἰς
1614 593 1675 646 τὸ
1693 593 1818 665 ὅρος
1839 636 1854 658 ,

263 683 359 736 καὶ
407 682 731 745 καθίσαντος
778 681 942 734 αὑτοῦ
969 721 983 745 ,
1038 681 1341 751 προσῆλθον
1396 681 1545 751 αύτῷ
1571 683 1619 734 οἱ
1679 681 1854 752 μαθη-

259 774 354 828 ταὶ
406 773 593 837 αὐτοῦ,
631 773 723 827 καὶ
761 773 978 838 ἀνοίξας
1030 774 1091 827 τὸ
1133 774 1308 846 στόμα
1366 774 1530 828 αὑτοῦ
1575 774 1855 831 ἐδίδασκεν

259 866 494 929 αὐτοὺς,
536 865 745 934 λέγων’
789 866 1062 938 Μακάριοι
1105 867 1153 919 oi
1203 867 1402 938 πτωχοὶ
1449 866 1526 938 τῷ
1559 866 1851 938 πνεύματι,

259 958 344 1010 ὅτι
385 958 567 1012 αὐτῶν
615 961 761 1012 ἐστιν
791 959 823 1028 ή
855 957 1097 1028 βασιλεία
1126 959 1234 1012 τῶν
1262 960 1528 1032 οὐρανῶν.
1558 980 1575 1013 ι
1613 961 1720 1014 Καὶ
1756 978 1853 1014 τυ-

261 1050 418 1121 φλοῖς
445 1051 505 1105 δὲ
549 1051 843 1123 ἀνάϐλεψιν
894 1051 1310 1124 παρεσχημένος
1343 1052 1443 1106 ούκ
1483 1053 1684 1122 ὀλίγοις
1721 1056 1853 1108 ἀνα-

256 1145 607 1216 γέγραπται·
647 1145 708 1198 ού
760 1145 918 1217 μόνον
957 1144 1066 1217 γὰρ
1112 1146 1225 1208 τοῖς
1267 1145 1364 1209 τὰς
1409 1145 1562 1216 ὄψεις
1609 1145 1702 1199 τοῦ
1744 1145 1850 1198 σώ-

261 1251 438 1306 ματος
465 1235 850 1306 ήφανισμένοις
876 1235 936 1289 τὸ
969 1235 1190 1306 βλέπειν
1219 1235 1490 1308 ἐδωρεῖτο,
1516 1237 1653 1290 ἀλλά
1672 1253 1734 1305 γε
1759 1237 1852 1290 καὶ

255 1330 377 1390 τοίς
400 1327 663 1399 πρότερον
693 1330 759 1400 τῇ
781 1327 927 1399 ψυχῇ
960 1327 1358 1397 τυφλώττουσιν
1376 1330 1547 1394 αῐτιος
1581 1331 1681 1402 τῆς
1709 1332 1851 1387 κατὰ

256 1418 390 1473 νοῦν
449 1419 704 1492 θεωρίας,
758 1421 853 1474 καὶ
905 1421 1003 1490 τῆς
1046 1420 1393 1488 ἐπιγνώσεως
1433 1421 1524 1474 τοῦ
1559 1422 1667 1476 τῶν
1715 1423 1850 1475 ὅλων

249 1511 400 1565 Θεοῦ
421 1513 665 1580 γέγονεν.
698 1513 809 1567 Καὶ
823 1513 997 1577 άλλως
1023 1514 1120 1584 τῆς
1143 1510 1260 1567 οὖσι
1289 1513 1530 1586 δεσμίοις
1553 1516 1648 1569 καὶ
1671 1519 1851 1586 ἀπηγ-

261 1603 454 1673 μένοις
483 1604 850 1675 αἰχμαλώτοις
887 1605 992 1659 ὑπὸ
1019 1606 1120 1674 τῆς
1152 1606 1384 1677 ἀοράτου
1409 1608 1502 1661 καὶ
1529 1607 1851 1678 δαιμονικῆς

253 1695 579 1766 δυνάμεως,
616 1696 800 1750 κακῶν
836 1713 896 1750 τε
943 1701 1150 1766 σειραῖς
1200 1697 1595 1769 πεπεδημένοις
1636 1698 1851 1754 ἐλευθε-

257 1793 389 1865 ρίαν
440 1792 534 1846 καὶ
575 1793 759 1847 άνεσιν
793 1793 902 1846 τῶν
951 1794 1281 1865 συνεχόντων
1318 1795 1635 1865 ἐκήρυττεν,
1673 1795 1721 1848 εί
1754 1795 1849 1848 καὶ

1959 594 2320 650 instruentem
2351 594 2579 660 inducit,
2609 610 2718 665 quo
2764 603 3008 667 tempore
3045 613 3064 646 ι
3101 595 3291 651 videns
3336 596 3527 650 turbas

1956 684 2210 740 ascendit
2236 685 2292 740 in
2333 691 2593 750 montem,
2629 694 2684 740 et
2731 701 2855 741 cum
2899 687 3151 748 sedisset.
3178 693 3527 743 accesserurt

1956 779 2024 834 ad
2058 779 2208 833 illum
2236 778 2490 849 discipuli
2530 780 2669 847 ejus,
2694 787 2748 834 et
2791 779 3040 850 aperiens
3065 797 3128 836 os
3157 795 3316 834 suum
3363 778 3528 834 doce-

1955 869 2050 924 bat
2074 884 2191 934 eos,
2253 870 2443 925 dicens
2476 887 2490 925 :
2549 868 2699 924 Beati
2731 885 2993 940 pauperes
3021 873 3238 943 spiritu,
3267 872 3524 939 quoniam

1955 960 2199 1032 ipsorum
2227 969 2310 1017 est
2337 976 2563 1032 regnum
2598 963 2862 1017 cmlorum
2897 964 2964 1017 ".
2997 983 3014 1015 ι
3041 963 3172 1017 Nam
3197 964 3358 1018 etiam
3392 963 3524 1016 illud

1956 1054 2165 1123 scripto
2201 1053 2474 1124 proditum
2506 1062 2609 1119 est,
2636 1054 2783 1126 quod
2806 1055 2967 1110 czecis
2999 1072 3103 1109 non
3132 1056 3320 1124 paucis
3346 1056 3522 1111 visum
3555 1113 3560 1118 ,

1955 1146 2287 1211 restituerit;
2315 1146 2478 1219 “3
2508 1161 2616 1201 non
2649 1147 2825 1202 solum
2875 1147 3020 1201 enim
3067 1147 3158 1207 iis,
3202 1148 3294 1217 qui
3349 1147 3524 1203 oculis

1953 1240 2204 1309 corporis
2238 1241 2385 1310 capti
2419 1247 2600 1302 erant,
2629 1241 2806 1294 visum
2839 1240 3192 1308 largiebatur,
3229 1240 3322 1295 sed
3361 1241 3521 1294 etiam

1953 1331 2044 1394 iis,
2075 1332 2170 1402 qui
2196 1333 2250 1386 in
2274 1333 2446 1388 altero
2476 1346 2674 1402 genere
2702 1333 3030 1403 caligabant,
3067 1341 3124 1386 ut
3146 1333 3329 1387 animo
3356 1332 3522 1387 Deum

1952 1423 2198 1479 universi
2246 1423 2594 1478 intuerentur
2639 1433 2803 1494 atque
2833 1431 3211 1494 agnoscerent,
3245 1432 3524 1477 auctorem

1952 1525 2015 1566 se
2047 1512 2358 1567 exhibebat.
2399 1512 2615 1581 Alioqui
2646 1528 2775 1566 vero
2803 1513 2964 1566 etiam
2997 1512 3084 1574 iis,
3107 1513 3200 1582 qui
3229 1512 3297 1565 ab
3334 1511 3526 1564 invisi-

1957 1604 2054 1660 bili
2090 1619 2154 1658 ac
2183 1603 2484 1659 daemonica
2515 1611 2784 1675 potestate
2810 1603 2978 1657 vincti
3007 1613 3191 1659 essent
3219 1603 3526 1672 captivique

1953 1698 2173 1753 abducti
2200 1713 2265 1753 ac
2297 1698 2565 1754 malorum
2617 1698 2827 1754 catenis
2881 1698 3152 1768 impliciti,
3198 1699 3523 1760 libertatem,

1953 1790 2485 1861 dissolutionemque
2516 1806 2704 1846 earum
2733 1806 2940 1855 rerum,
2967 1805 2994 1844 a
3018 1791 3219 1861 quibus
3265 1789 3526 1844 teneban-

255 1885 441 1948 αὐτοὶ,
474 1883 552 1955 τῷ
593 1883 911 1956 κηρύγματι
945 1883 1352 1970 πιστεύσαντες,
1377 1880 1465 1938 οἶα
1491 1885 1736 1956 λυτρωτῇ
1763 1887 1850 1939 καὶ

1957 1891 2069 1947 tur,
2097 1882 2480 1946 denuntiabat,
2512 1883 2559 1938 si
2590 1883 2749 1938 modo
2770 1883 2874 1952 ipsi
2903 1896 3122 1952 quoque
3160 1882 3306 1936 illius
3333 1880 3526 1951 pradi-

254 1977 483 2048 Σωτῆρι
513 1977 911 2049 προσδράμοιεν
933 1977 1102 2048 αύτῷ,
1121 1978 1214 2030 καὶ
1246 1980 1355 2041 τοῖς
1383 1976 1547 2030 αὑτοῦ
1573 1977 1843 2030 πεισθεῖεν

253 2067 711 2140 παραγγέλμασι.
766 2069 877 2122 Καὶ
932 2067 1001 2122 τά
1041 2068 1202 2122 λοιπά
1233 2069 1289 2122 δέ
1329 2067 1422 2122 τοῦ
1473 2068 1654 2137 λογίου
1703 2067 1845 2122 κατά

253 2159 458 2232 καιρὸν
491 2161 550 2213 ἐν
579 2162 693 2224 τοῖς
729 2160 859 2229 περὶ
891 2159 1000 2212 τῶν
1028 2159 1372 2229 ἐπαγγελιῶν
1399 2159 1841 2230 ἐξετασθήσεται.

1952 1975 2154 2030 cationi
2189 1973 2347 2030 [idem
2378 1974 2718 2040 adhibentes,
2750 1973 2819 2026 ad
2860 1973 3013 2027 illum
3048 1980 3308 2043 tanquam
3341 1973 3408 2026 ad
3439 1988 3525 2026 re-

1950 2067 2288 2138 demptorem
2307 2074 2362 2123 et
2389 2065 2727 2121 Salvatorem
2750 2066 3110 2120 accurrebant
3137 2071 3191 2119 et
3214 2064 3360 2118 illius
3391 2079 3527 2134 prai—

1952 2159 2127 2230 ceptis
2163 2160 2636 2231 obtemperabant.
2681 2157 2972 2221 Caeterum,
3021 2173 3140 2228 qua:
3168 2172 3232 2212 ex
3270 2160 3370 2212 hoc
3401 2171 3528 2210 ora—

255 2256 391 2310 culo
429 2261 747 2324 supersunt,
783 2269 884 2308 suo
931 2263 1179 2324 tempore
1244 2254 1300 2308 in
1372 2253 1461 2320 iis,
1498 2268 1620 2324 quae
1670 2253 1737 2307 de
1782 2253 2246 2322 promissionibus
2268 2253 2551 2308 tractanda
2573 2260 2720 2316 sunt,
2752 2250 3128 2321 exquirentur.

268 2371 421 2424 Ἀπὸ
456 2370 562 2425 τοῦ
583 2373 968 2441 Δευτερονομί
971 2391 1062 2425 ου.
1084 2403 1153 2413 -—-
1188 2371 1327 2440 Περὶ
1345 2370 1454 2440 τῆς
1470 2372 1617 2425 κατὰ
1636 2370 1701 2425 τὸ
1731 2373 1846 2426 Εὐ-

331 2441 620 2511 απέλιον
645 2442 753 2496 τοῦ
785 2442 1043 2512 Χριστοῦ
1074 2443 1452 2512 νομοθεσίας.

339 2573 360 2606 ε
390 2554 684 2626 Προφήτην
729 2555 794 2608 ἐκ
833 2555 942 2607 τῶν
979 2554 1218 2624 ἀδελφῶν
1263 2573 1356 2609 σου
1396 2557 1691 2626 ἀναστήσει
1731 2555 1848 2610 Κύ-

257 2667 384 2721 ριος
409 2650 436 2700 6
459 2648 591 2711 Θεός
619 2666 710 2701 σου
738 2647 813 2712 ὡς
841 2647 960 2718 ἐμέ’
984 2647 1150 2701 αὐτοῦ
1179 2646 1478 2701 ἀκούσεσθε
1500 2646 1642 2701 κατὰ
1671 2648 1850 2701 πάντα

255 2741 367 2796 ὅσα
417 2741 603 2812 ᾐτήσω
633 2739 784 2812 παρὰ
835 2740 1038 2812 Κυρίου
1096 2739 1190 2792 τοῦ
1221 2738 1356 2792 Θεοῦ
1411 2756 1505 2792 σου
1548 2740 1605 2791 ἐν
1650 2738 1852 2811 Χωρὴϐ

254 2837 327 2905 τῇ
367 2832 552 2904 ήμέρᾳ
575 2833 675 2903 τῆς
712 2831 1028 2903 ἐκκλησίας,
1051 2831 1299 2900 λέγοντες
1323 2849 1338 2863 ·
1359 2831 1434 2885 Ού
1465 2831 1846 2903 προσθήσομεν

254 2925 498 2981 ἀκοῦσαι
535 2925 636 2995 τῆς
675 2925 858 2996 φωνῆς
886 2924 981 2977 τοῦ
1012 2925 1218 2998 Κυρίου
1254 2925 1347 2978 τοῦ
1377 2923 1512 2978 Θεοῦ
1546 2924 1722 2996 ήμῶν,
1752 2925 1846 2978 καὶ

256 3019 320 3072 τὸ
353 3017 470 3089 πῦρ
511 3017 573 3070 τὸ
616 3017 757 3088 μέγα
803 3015 962 3070 τοῦτο
1009 3018 1108 3071 οὐκ
1160 3017 1402 3089 ὀψόμεθα
1455 3016 1570 3082 ἔτι,
1604 3016 1725 3070 ούδέ
1770 3016 1843 3088 μὴ

255 3108 648 3178 ἀποθάνωμεν.
698 3107 808 3162 Καὶ
863 3102 982 3160 εἷπε
1031 3107 1234 3180 Κύριος
1285 3109 1423 3181 πρὸς
1485 3108 1585 3180 μέ*
1641 3107 1846 3180 Ὀρθῶς

255 3201 447 3255 πάντα
475 3201 574 3253 ὅσα
599 3199 866 3272 ἐλάλησαν
886 3216 900 3230 ο
926 3199 1219 3272 Προφήτην
1247 3202 1311 3254 ἐκ
1341 3201 1448 3254 τῶν
1483 3199 1724 3269 ἀδελφῶν
1752 3201 1850 3253 αύ-

253 3295 373 3349 τῶν
409 3295 698 3365 ἀναστήσω
733 3295 920 3357 αὐτοῖς
945 3293 1133 3366 ῶσπερ
1165 3312 1224 3348 σε
1244 3335 1258 3358 ,
1288 3296 1384 3349 καὶ
1415 3294 1570 3349 δώσω
1607 3295 1667 3348 τὸ
1697 3295 1848 3365 ῥῆμά

258 3407 371 3463 μου
407 3391 488 3454 είς
518 3390 578 3442 τὸ
607 3390 783 3460 στόμα
804 3387 992 3450 αὑτοῦ,
1024 3389 1115 3443 καὶ
1133 3389 1358 3462 λαλήσει
1382 3390 1565 3454 αὐτοῖς
1592 3389 1716 3443 καθ’
1747 3391 1775 3443 ὅ
1797 3408 1848 3442 τι

256 3482 327 3536 ἂν
388 3481 714 3552 ἐντείλωμαι
762 3480 943 3552 αύτῷ,
994 3480 1087 3558 καὶ
1138 3483 1166 3534 ό
1211 3481 1496 3554 ἄνθρωπος
1535 3482 1593 3545 ὃς
1635 3482 1728 3536 ἐὰν
1776 3481 1848 3553 μὴ

254 3573 479 3648 ἀκούσεενΙ
516 3575 690 3628 πάντα
728 3575 828 3629 ὅσα
865 3574 961 3628 ἐὰν
1004 3573 1212 3646 λαλήσῃ
1251 3575 1280 3628 6
1317 3577 1602 3648 προφήτης
1640 3575 1732 3628 ἐπὶ
1771 3575 1850 3644 τῷ

255 3664 493 3735 ὀνόματί
525 3681 647 3734 μου,
674 3662 784 3732 ἐγὼ
805 3663 1076 3734 ἐκδικήσω
1103 3663 1163 3728 ἐξ
1190 3662 1375 3717 αὑτοῦ.
1392 3683 1409 3714 ι
1429 3663 1752 3734 Ἐπίστησον
1769 3665 1852 3716 ὅτι

261 3756 466 3828 μηδεὶς
505 3758 633 3827 παρ’
677 3755 947 3828 Ἑϐραίοις
975 3757 1200 3809 Μωῦσεῖ
1229 3754 1614 3826 παραπλήσιος
1642 3757 1852 3826 προφή-

257 3866 368 3919 της
419 3847 753 3919 ἐγήγερται,
793 3848 1036 3900 τουτέστι
1077 3845 1408 3918 νομοθέτης,
1443 3847 1535 3898 καὶ
1573 3845 1854 3908 εὐσεϐείας

259 3937 582 4010 ἀνθρώποις
609 3939 925 4009 εἰσηγητὴς,
955 3939 988 4009 ἢ
1021 3938 1178 4010 μόνος
1205 3938 1234 3989 6
1266 3936 1533 4009 ἡμέτερος
1565 3937 1778 4007 Σωτὴρ,
1825 3937 1854 3988 6

259 4029 510 4102 Χριστὸς
547 4029 641 4083 τοῦ
670 4029 805 4083 Θεοῦ
825 4047 839 4060 ο
873 4031 1009 4102 πρὸς
1037 4029 1166 4098 γοῦν
1194 4027 1271 4099 τῷ
1295 4028 1441 4081 τέλει
1470 4027 1562 4080 τοῦ
1597 4029 1853 4098 Δευτεροο

261 4121 462 4192 νομίου
479 4121 716 4189 λέγεταιο
743 4139 760 4171 ι
781 4121 893 4175 Ούκ
923 4121 1119 4190 ἀνέστη
1145 4119 1224 4173 έτι
1247 4121 1531 4192 προφήτης
1552 4121 1608 4171 ἐν
1641 4116 1852 4188 Ἰσραὴλ

264 4213 345 4277 ὡς
379 4213 679 4282 Μωῗ-σῆς.»
707 4214 818 4266 Καὶ
850 4213 955 4284 μὴν
988 4211 1167 4283 μυρίοι
1197 4212 1471 4283 προφῆται
1502 4210 1638 4282 μετά
1665 4209 1853 4264 τοῦτον

266 4307 562 4375 γεγόνασιν
583 4348 598 4372 ,
628 4306 764 4360 ἀλλά
795 4307 892 4378 ούχ
926 4307 999 4370 ὡς
1024 4308 1204 4370 αὑτός.
1236 4306 1393 4360 ’Όλον
1423 4305 1478 4358 δὲ
1507 4304 1665 4358 τοῦτο
1693 4304 1727 4374 ἡ
1757 4303 1851 4357 τοῦ

269 4397 410 4453 Θεοῦ
444 4399 736 4468 ὑπόσχεσις
768 4398 1178 4468 ἐπαγγέλλεται,
1209 4399 1304 4452 ἐνα
1331 4396 1473 4461 τινὰ,
1501 4397 1620 4467 οὐχὶ
1639 4395 1694 4448 δὲ
1726 4395 1854 4448 πολ-

270 4489 422 4554 λοὺς,
450 4490 544 4544 καὶ
583 4491 766 4562 ὅμοιον
804 4491 1128 4562 ἀναστήσειν
1175 4491 1341 4563 αὐτῷ.
1374 4491 1535 4562 Δηλοῖ
1581 4491 1636 4543 δὲ
1668 4489 1855 4544 τοῦτον

271 4582 572 4654 νομοθέτην
601 4584 694 4636 καὶ
723 4583 1000 4648 εὐσεϐείας
1028 4583 1328 4655 ἀνθρώπων
1358 4582 1675 4636 διδάσκαλον
1695 4621 1710 4646 ,
1746 4577 1857 4646 οἶος

277 4675 439 4746 μόνος
487 4677 515 4728 6
554 4674 746 4747 Σωτὴρ
789 4677 882 4730 καὶ
924 4677 1126 4750 Κύριος
1168 4675 1321 4747 ήμῶν
1364 4675 1568 4747 Ἰησοῦς
1600 4673 1850 4744 Χριστὸς,

273 4765 370 4819 καὶ
386 4766 509 4819 ούδέ
533 4765 688 4830 ἄλλος
714 4767 1106 4832 ἀναδέδεικται,
1125 4766 1423 4837 νομοθέτης
1451 4765 1585 4838 ὁμοῦ
1615 4765 1705 4819 καὶ
1728 4781 1854 4838 προσ

275 4859 454 4929 φήτης
496 4855 590 4910 τοῦ
622 4857 729 4910 τῶν
756 4858 890 4913 ὅλων
927 4859 1060 4912 Θεοῦ
1084 4899 1098 4923 ,
1129 4861 1222 4913 καὶ
1252 4859 1463 4931 Πατρός
1500 4859 1666 4912 αὑτοῦ
1697 4857 1852 4926 γενό-

277 4967 460 5020 μενος.
499 4949 638 5002 Ἀλλ’
665 4952 692 5002 ὁ
731 4951 827 5022 μὲν
848 4951 1032 5015 ἔθνους
1076 4953 1194 5015 ἐνὸς
1238 4953 1266 5004 ό
1309 4951 1550 5022 Μωῦσῆς
1583 4952 1848 5021 ἡγήσατο,

275 5041 370 5092 καί
411 5041 721 5113 κατάλληλα
767 5043 823 5096 δέ
843 5042 1016 5112 τούτῳ
1063 5043 1208 5113 μόνῳ
1230 5083 1244 5106 ,
1284 5040 1406 5111 οὐχὶ
1441 5041 1497 5094 δέ
1539 5039 1636 5094 καὶ
1674 5039 1853 5103 ἄλλοις

277 5130 452 5185 ἔθνεσι
486 5133 789 5202 νομοθετῶν
830 5133 1234 5187 ἀποδέδεικται·
1267 5134 1296 5186 ό
1327 5132 1380 5185 δέ
1404 5149 1467 5201 γε
1497 5130 1730 5203 Χριστὸς
1757 5129 1851 5184 τοῦ

275 5221 409 5275 Θεοῦ
434 5264 449 5288 ,
491 5221 671 5276 λαϐὼν
712 5223 1043 5293 ἐπαγγελίαν
1102 5224 1252 5296 παρά
1303 5224 1396 5277 τοῦ
1448 5222 1660 5294 Πατρὸς
1716 5221 1812 5294 τὴν
1836 5263 1852 5286 ,

281 5335 299 5366 ι
325 5315 557 5386 Αίτησαι
584 5316 709 5387 παρ’
731 5316 886 5387 ἐμοῦ,
909 5317 1002 5370 καὶ
1027 5317 1180 5370 δώσω
1199 5334 1279 5369 σοι
1307 5315 1432 5386 ἐθνη
1464 5316 1561 5385 τήν
1594 5313 1852 5385 κληρονο-

282 5409 411 5480 μίαν
439 5425 533 5461 σου
558 5426 572 5438 ·
610 5429 628 5461 ι
661 5409 737 5472 ὡς
761 5408 826 5462 ἂν
869 5409 942 5480 μὴ
981 5411 1138 5480 μόνον
1177 5407 1466 5471 Ἰουδαίοις,
1494 5406 1630 5459 ἀλλὰ
1652 5407 1744 5459 καὶ
1777 5403 1854 5474 τῷ

281 5502 441 5554 παντὶ
487 5499 595 5552 τῶν
636 5500 936 5571 ἀνθρώπων
979 5501 1124 5570 γένει
1163 5499 1344 5562 καινὸς
1375 5498 1672 5569 νομοθέτης
1699 5496 1854 5549 εύσε-

280 5595 431 5659 θείας
478 5595 582 5648 ὑπὸ
625 5595 718 5648 τοῦ
767 5595 982 5666 Πατρὺς
1024 5593 1356 5662 καταστῆναι
1393 5593 1456 5662 τῇ
1493 5589 1708 5642 πάντων
1746 5587 1853 5640 τῶν

283 5685 450 5740 ἐθνῶν
482 5685 668 5757 κλήσει
695 5684 924 5756 δυνατὴν
963 5683 1057 5738 καὶ
1085 5683 1336 5755 ἁρμόδιον
1369 5681 1733 5753 προϐέϐληται
1771 5697 1856 5733 vo-

361 5872 400 5902 ιτ
442 5869 627 5924 nam].
663 5885 730 5932 ι’,
768 5869 883 5923 1-5.
961 5867 1002 5898 ⁸⁸
1043 5864 1199 5919 Deut.
1235 5878 1402 5927 xvm,
1439 5862 1620 5916 15-19.

1943 2353 1987 2406 Α
2029 2350 2458 2406 Deuteronomio.
2506 2381 2575 2390 —
2616 2348 2694 2402 De
2753 2363 2899 2401 name
2957 2347 3085 2416 legis
3134 2347 3188 2400 in
3242 2343 3524 2414 Evangelia

2473 2419 2673 2475 Christi
2712 2418 3005 2472 sanctione.

2023 2551 2042 2585 ι
2074 2531 2399 2604 Prophetam
2429 2529 2496 2586 de
2527 2529 2792 2585 fratribus
2827 2528 2936 2583 tuis
2969 2527 3255 2582 suscitabit
3280 2527 3377 2583 tibi
3412 2525 3523 2582 Do-

1950 2626 2135 2681 minus
2159 2625 2301 2681 Deus
2331 2632 2461 2681 tuus
2494 2623 2638 2678 sicut
2668 2637 2783 2677 me:
2809 2620 2958 2674 illum
2988 2619 3222 2674 audietis
3253 2620 3305 2673 in
3339 2619 3521 2673 omni-

1950 2718 2056 2773 bus
2101 2732 2440 2789 quazcunque
2487 2715 2773 2787 postulasti
2816 2731 2848 2770 a
2898 2711 3130 2768 Domino
3168 2711 3278 2768 Deo
3327 2721 3421 2766 tuo
3466 2711 3522 2765 in

1950 2810 2170 2867 Ciioreb
2203 2810 2258 2864 in
2309 2809 2396 2864 die
2439 2808 2722 2863 concionis
2751 2806 3034 2862 dicentes:
3068 2805 3186 2861 Non
3240 2807 3380 2860 ultra
3425 2819 3526 2858 au-

1952 2905 2168 2959 diemus
2206 2917 2397 2957 vocem
2437 2899 2653 2954 Domini
2699 2898 2791 2955 Dei
2839 2901 3036 2961 nostri.
3073 2907 3128 2954 et
3157 2899 3336 2970 ignem
3376 2897 3524 2951 hunc

1949 2995 2210 3068 grandem
2240 3009 2350 3048 non
2371 2991 2676 3047 videbimus
2710 2991 2965 3060 amplius,
2990 3007 3166 3061 neque
3195 2989 3524 3054 moriemur;

1951 3095 2006 3142 et
2038 3087 2174 3142 dixit
2206 3085 2468 3141 Dominus
2495 3083 2563 3139 ad
2593 3099 2679 3139 mc
2711 3103 2722 3138 :
2749 3082 2914 3139 Recte
2939 3085 3122 3138 omnia
3147 3082 3314 3137 locuti
3355 3087 3479 3136 sunt
3508 3097 3524 3146 ;

1950 3181 2274 3252 prophetam
2309 3195 2376 3234 ex
2406 3179 2667 3233 fratribus
2699 3177 2942 3246 ipsorum
2967 3177 3246 3232 suscitabo
3274 3175 3356 3230 eis
3384 3173 3528 3228 sicut

1951 3283 2026 3338 te,
2065 3281 2119 3329 et
2151 3275 2294 3329 dabo
2322 3273 2561 3328 Verbum
2597 3287 2777 3327 meum
2823 3272 2878 3326 in
2907 3286 2970 3326 os
3009 3271 3149 3339 ejus,
3190 3277 3243 3322 et
3276 3270 3529 3338 loquetur

1877 3357 1919 3413 (ἶ
1951 3367 2032 3422 eis
2073 3366 2377 3422 secundum
2413 3363 2780 3435 quodcunque
2824 3376 3134 3432 praecepero
3175 3361 3272 3422 illi,
3304 3369 3356 3415 et
3403 3359 3526 3428 qui-

1952 3474 2169 3529 cunque
2193 3459 2359 3514 bomo
2407 3473 2515 3512 non
2569 3457 2805 3512 audierit
2843 3454 3024 3509 omnia
3066 3467 3406 3524 quaecunque
3448 3453 3527 3504 lo-

1953 3558 2152 3621 quetur
2175 3550 2440 3620 propheta
2466 3550 2555 3603 ille
2584 3549 2638 3602 in
2665 3549 2885 3604 nomine
2914 3565 3055 3613 meo,
3087 3560 3186 3619 ego
3211 3544 3450 3601 ulciscar
3471 3542 3526 3596 in

1953 3660 2020 3698 eo
2039 3645 2104 3699 ⁸⁸.
2138 3663 2156 3696 ι
2181 3644 2566 3698 Animadverte
2591 3643 2880 3712 diligenter
2903 3650 2963 3697 ut
2994 3643 3178 3698 nullus
3201 3642 3358 3712 plane
3378 3633 3524 3710 apud

1955 3735 2215 3792 Hebraeos
2249 3734 2385 3791 Mosi
2410 3737 2608 3792 similis
2641 3737 2905 3808 propheta
2933 3737 3251 3797 surrexerit,
3289 3734 3393 3787 hoc
3415 3741 3520 3797 est,

1953 3830 2047 3900 qui
2081 3841 2134 3884 et
2163 3829 2341 3900 legum
2379 3837 2594 3893 auctor,
2629 3837 2683 3883 et
2717 3828 2936 3898 pietatis
2973 3829 3115 3899 apud
3157 3827 3405 3883 homines
3440 3826 3525 3880 in-

1957 3921 2238 3976 troductor
2266 3919 2560 3984 exstiterit,
2590 3920 2696 3974 nisi
2715 3936 2857 3976 unus
2875 3919 3125 3973 Salvator
3155 3928 3341 3973 noster
3367 3916 3529 3970 Chri-

1955 4023 2072 4068 stus
2131 4011 2260 4075 Dei;
2299 4011 2484 4082 itaque
2541 4011 2596 4065 in
2654 4011 2758 4067 line
2808 4011 3219 4067 Deuterouomii
3279 4009 3520 4080 legitur.

1960 4124 1978 4157 ι
2003 4105 2122 4160 Νοη
2169 4107 2407 4162 surrexit
2436 4105 2578 4159 ultra
2617 4103 2881 4174 propheta
2928 4105 2984 4158 in
3033 4104 3198 4159 Israel
3242 4104 3384 4158 sicut
3415 4102 3528 4157 Mo-

1955 4214 2044 4254 ses
2066 4199 2132 4254 ⁶⁹.
2171 4218 2190 4251 ι
2226 4195 2360 4251 Nam
2394 4197 2496 4253 etsi
2536 4196 2968 4252 innumerabiles
2995 4197 3274 4265 prophetae
3301 4202 3423 4265 post
3464 4194 3526 4248 il-

1953 4291 2067 4346 lum
2123 4290 2472 4354 exstiterunt,
2494 4298 2549 4344 at
2597 4306 2705 4345 non
2752 4299 2934 4345 tamen
2981 4291 3122 4345 sicut
3170 4291 3278 4346 ille.
3331 4290 3524 4344 Totum

1953 4399 2086 4439 vero
2119 4384 2223 4438 hoc
2260 4383 2376 4453 ipsa
2408 4381 2501 4437 Dei
2526 4384 2846 4453 pollicitatio
2879 4384 3162 4452 complexa
3194 4391 3301 4445 est,
3327 4382 3526 4451 quippe

1956 4493 2078 4548 qua}
2109 4493 2276 4532 unum
2323 4477 2586 4532 duntaxat
2619 4492 2728 4530 non
2762 4475 2960 4529 multos
2994 4483 3048 4529 ct
3075 4475 3325 4529 eumdem
3375 4473 3529 4530 simi-

1954 4571 2064 4625 lem
2100 4570 2176 4624 illi
2231 4570 2612 4626 suscitandum
2661 4569 2961 4640 promittat.
3011 4566 3295 4636 Signiﬁcat
3343 4578 3525 4620 autem

1961 4663 2106 4718 hunc
2139 4670 2193 4718 et
2225 4662 2404 4733 legum
2447 4669 2726 4716 auctorem
2765 4668 2817 4716 et
2843 4660 3064 4730 pietatis
3103 4659 3247 4728 apud
3279 4658 3526 4712 homines

1957 4757 2280 4825 magistrum
2325 4753 2593 4818 futurum,
2643 4751 2952 4822 cuiusmodi
2986 4767 3126 4806 unus
3175 4749 3424 4804 Salvator
3463 4764 3529 4803 ac

1960 4847 2226 4905 Dominus
2251 4856 2440 4904 noster
2462 4847 2622 4903 Jesus
2651 4846 2926 4912 Christus,
2963 4863 3065 4901 nec
3095 4847 3236 4902 alius
3266 4854 3528 4916 praeterea

1957 4938 2130 5012 444
2157 4939 2429 5010 quispiam
2463 4939 2635 4996 fuisse
2673 4939 3099 5002 demonstratur,
3135 4944 3188 4992 et
3216 4938 3388 5006 legum
3424 4952 3526 4990 au-

1959 5041 2080 5086 ctor
2123 5033 2398 5095 videlicet,
2447 5039 2501 5088 et
2548 5031 2690 5087 idem
2740 5032 2823 5087 sui
2866 5031 3057 5100 patris,
3117 5030 3208 5101 qui
3252 5029 3396 5084 Deus
3444 5037 3530 5082 est

1960 5125 2223 5188 universi,
2277 5123 2564 5194 propheta.
2598 5123 2662 5178 Et
2709 5123 2884 5178 Moses
2928 5123 3147 5192 quidem
3194 5121 3355 5174 unius
3388 5119 3529 5174 dun-

1961 5225 2112 5271 taxat
2156 5217 2331 5288 gentis
2371 5216 2478 5270 dux
2533 5215 2656 5278 fuit,
2705 5221 2760 5270 et
2791 5229 2912 5284 qua:
2960 5214 3052 5268 uni
3090 5213 3309 5279 illi,non
3345 5219 3528 5265 autem

1959 5307 2172 5363 caeteris
2213 5322 2430 5377 quoque
2469 5306 2720 5376 gentibus
2763 5302 3166 5359 accommodari
3198 5307 3441 5372 possent.
3473 5299 3528 5352 in

1961 5399 2170 5469 legibus
2207 5400 2325 5453 suis
2365 5398 2616 5453 sanxisse
2647 5396 2940 5466 reperitur,
2970 5402 3026 5448 at
3055 5409 3184 5448 vero
3213 5393 3328 5462 ipse
3368 5390 3527 5446 Chri-

1961 5499 2078 5546 stus
2126 5489 2245 5555 Dei,
2299 5492 2387 5546 ubi
2441 5506 2470 5544 a
2505 5489 2666 5544 Patre
2715 5491 3041 5558 promissum
3087 5486 3222 5540 illud
3273 5484 3524 5554 accepit:

1966 5602 1985 5633 ‹
2020 5582 2242 5637 Postula
2291 5598 2320 5635 a
2359 5598 2464 5646 me,
2507 5588 2562 5636 et
2609 5579 2748 5634 dabo
2781 5579 2878 5633 tibi
2931 5585 3120 5648 gentes
3159 5575 3526 5632 hmreditatem

1962 5683 2111 5729 tuam
2129 5676 2176 5714 ⁷ο
2205 5693 2218 5730 :
2252 5695 2270 5726 ι
2304 5681 2492 5742 utpote
2529 5672 2620 5742 qui
2670 5687 2780 5727 non
2807 5672 2938 5728 solis
2988 5669 3212 5733 Judzeis,
3237 5669 3330 5724 sed
3363 5667 3527 5723 etiam

1735 5861 1778 5891 ⁸³
1824 5857 1977 5913 Dcut.
2014 5873 2212 5922 xxxiv,
2254 5855 2338 5909 10.
2418 5853 2462 5884 ⁷ο
2501 5851 2644 5907 Psal.
2681 5867 2752 5913 ll,
2785 5852 2837 5906 8.
