3908 6266
454 343 552 399 69!

1129 340 1398 399 EUSEBll
1432 341 1907 399 C/ESARIENSIS
1929 341 2081 404 OPP.
2112 342 2294 399 PARS
2330 341 2395 401 ΙΙ.
2433 375 2501 386 -
2534 343 3032 402 APOLOGETICA.

3584 345 3673 402 692

456 464 715 524 universo
748 461 1027 516 hominum
1056 461 1244 532 generi
1277 476 1455 518 novus
1485 458 1661 534 legum
1693 463 2010 534 pietatisque

2129 461 2404 533 μοθεσίαν.
2460 463 2722 536 Θειοτέρᾳ
2770 462 2899 533 γοῦν
2947 462 2980 534 ἢ
3028 461 3167 517 κατά
3196 460 3430 518 Μωῡσέα
3471 463 3670 535 δυνάμει

454 562 649 617 auctor
692 568 724 607 a
777 562 928 623 patre
976 556 1426 621 constitueretur,
1468 558 1743 612 vocationi
1781 558 2024 611 omnium

455 648 715 713 gentium,
759 652 874 698 tum
910 643 1144 709 facilem,
1179 653 1295 700 tum
1340 649 1810 703 accommodatam
1846 649 2024 721 legum

452 735 799 807 disciplinam
816 737 1089 807 exposuit.
1124 736 1260 793 Cum
1288 754 1421 811 ergo
1449 742 1698 812 ampliori
1723 757 1884 811 quam
1905 757 2028 813 quae

455 826 728 886 hominem
756 827 950 889 deceat
996 832 1346 894 auctoritate,
1382 834 1527 903 leges
1569 834 1859 896 invenerit,
1898 834 2028 888 divi-

451 919 609 975 niore
661 921 826 977 etiam
876 938 1039 993 quam
1073 940 1197 995 quae
1245 940 1276 980 a
1315 924 1464 982 Mose
1507 927 1753 996 przestari
1791 927 2028 997 potuerit

449 1012 671 1076 virtute,
708 1012 765 1066 in
808 1020 927 1068 toto
973 1014 1106 1069 orbe
1134 1015 1434 1070 servandas
1474 1023 1858 1071 sacrosanctas
1895 1030 2025 1071 suas

448 1104 598 1173 leges
637 1119 733 1173 per
768 1119 898 1161 suos
930 1106 1291 1177 evangelistas
1326 1106 1638 1177 descripsit,
1682 1105 1811 1161 dum
1853 1108 1926 1161 ita
1957 1108 2026 1163 ad

448 1195 572 1253 illos
594 1197 731 1252 dicit
756 1240 768 1253 .
796 1216 815 1249 ι
838 1198 1085 1255 Audistis
1104 1200 1250 1269 quod
1276 1199 1482 1254 dictum
1508 1200 1578 1255 sit
1605 1199 1850 1270 antiquis
1872 1219 1886 1255 :
1907 1199 2026 1255 Non

447 1290 705 1356 accides;
743 1305 846 1361 ego
878 1299 1059 1346 autem
1089 1290 1213 1348 dico
1231 1291 1388 1348 vobis
1435 1307 1504 1347 ne
1546 1292 1710 1346 irasci
1739 1312 1757 1344 ι
1802 1292 2023 1363 quidem

448 1389 654 1437 temere
673 1382 739 1447 τί,
772 1388 824 1439 et
878 1398 1217 1453 quaecunque
1277 1383 1364 1438 bis
1427 1383 1685 1452 adjuncta
1716 1383 1770 1438 in
1807 1385 2026 1455 publice

446 1473 741 1543 descriptis
776 1474 950 1545 ipsius
990 1473 1338 1529 documentis
1378 1474 1866 1541 circumferuntur,
1902 1490 2026 1546 qua:

447 1566 670 1636 quidem
715 1566 833 1636 ipse
879 1566 1042 1622 etiam
1085 1566 1416 1638 evangelista
1464 1567 1831 1632 commendat,
1877 1568 2023 1638 quod

448 1657 639 1728 utique
668 1657 1128 1728 obstupescerent
1170 1672 1361 1715 omnes
1406 1658 1713 1715 doctrinam
1743 1659 1913 1723 illius,
1957 1676 2026 1718 eo

444 1748 594 1818 quod
646 1766 665 1800 ι
693 1748 914 1806 doceret
955 1765 1051 1809 eos
1101 1759 1357 1821 tanquam
1423 1761 1743 1823 potestatem
1792 1754 2021 1818 habens,

2126 554 2269 608 κατὰ
2316 556 2514 620 παντὸς
2548 556 2644 610 τοῦ
2690 557 2897 628 κόσμου
2927 557 3052 619 τοὺς
3094 556 3272 626 ἱεροὺς
3303 555 3464 609 αὐτοῦ
3496 556 3670 627 νόμους

2123 648 2213 702 διὰ
2250 648 2360 702 τῶν
2411 650 2811 719 εὐαγγελιστῶν
2865 648 3028 703 αὑτοῦ
3076 647 3373 712 διετάξατο,
3417 647 3668 720 μείζονιῆ

2124 741 2265 795 κατά
2295 741 2578 815 ἄνθρωπον
2606 741 2821 814 ἐξουσίᾳ
2840 741 3224 812 νομοθετήσας,
3255 738 3421 793 εἰπών
3438 756 3482 791 Ἰ
3503 740 3671 796 Ἠκού-

2127 850 2276 897 σατε,
2307 834 2335 888 ὅ
2357 852 2410 887 τι
2433 834 2632 908 ἐρρέθη
2662 838 2773 898 τοῖς
2797 835 3061 905 ἀρχαίοις·
3088 834 3162 887 Οὐ
3185 832 3479 904 φονεύσεις·
3507 835 3671 903 ἐγὼδέ

2126 925 2270 993 λέγω
2308 926 2437 996 ὑμῖν
2490 926 2625 997 μηδὲ
2668 924 2984 997 ὀργίζεσθαι
3021 945 3040 977 ι
3074 925 3229 995 εἰκῆ,
3260 925 3352 979 καὶ
3383 925 3451 979 τὰ
3486 926 3671 991 τούτοις

2124 1018 2391 1073 ἀκόλουθα
2419 1020 2519 1072 ὅσα
2549 1019 2612 1092 δὴ
2639 1020 2698 1072 ἐν
2720 1022 2839 1083 ταῖς
2865 1019 3233 1090 ἀναγράπτοις
3261 1017 3420 1072 αὑτοῦ
3447 1019 3673 1074 διδασκα-

2123 1109 2266 1173 λίαις
2301 1109 2635 1183 ἐμφέρεται,
2686 1111 2770 1180 ἐφ’
2804 1104 2884 1173 οἷς
2916 1112 3178 1181 μαρτυρεί
3207 1108 3376 1178 λέγων
3402 1111 3431 1162 ὁ
3463 1110 3670 1179 εὐαγγεο

2124 1201 2333 1272 λιστής,
2355 1203 2438 1256 ὅτι
2459 1202 2847 1273 ἐξεπλήττοντο
2875 1203 3073 1265 πάντες
3102 1201 3193 1255 ἐπὶ
3214 1203 3278 1272 τῇ
3305 1200 3487 1271 διδαχῇ
3504 1201 3667 1255 αὐτοῦ·

2125 1287 2194 1362 ἦν
2228 1291 2338 1363 γὰρ
2367 1311 2385 1343 ι
2415 1292 2682 1346 διδάσκων
2698 1292 2977 1357 αὐτοὺςὼς
3007 1292 3254 1357 ἐξουσίαν
3284 1291 3441 1362 ἔχων,
3471 1291 3558 1345 καὶ
3585 1293 3669 1362 οὐχ

2123 1381 2201 1446 ὡς
2241 1383 2291 1435 οἱ
2320 1386 2666 1455 γραμματεῖς
2711 1382 2909 1445 αὐτῶν.
2958 1402 2977 1433 ι
3012 1383 3116 1436 Τὸν
3143 1382 3199 1437 δέ
3237 1382 3434 1452 τρόπον
3459 1381 3554 1451 τῆς
3588 1380 3669 1435 τοῦ

2125 1472 2377 1545 Σωτῆρος
2401 1474 2556 1545 ήμῶν
2587 1473 2931 1538 διδασκαλίας
2961 1490 3022 1527 τε
3053 1473 3146 1528 καὶ
3172 1471 3483 1543 νομοθεσίας
3509 1475 3562 1527 ἐν
3586 1475 3668 1544 ἀρ-

2126 1566 2249 1634 χαῖς
2278 1565 2376 1636 τῆς
2425 1566 2707 1637 παρούσης
2752 1564 3059 1630 ὑποθέσεως
3100 1563 3419 1629 διελθόντες,
3471 1564 3554 1617 ὅτε
3590 1563 3668 1617 τὸν

2110 1657 2550 1731 ΔΧριστιανισμὸν
2570 1697 2585 1721 ,
2615 1659 2644 1711 ὃ
2673 1656 2728 1721 τί
2760 1656 2891 1712 ποτέ
2926 1659 3073 1710 ἐστιν
3098 1659 3176 1722 εἰς
3204 1657 3436 1728 φανερὸν
3466 1657 3666 1728 ἤγομεν,

2125 1751 2213 1804 ἐπ’
2225 1752 2408 1804 ἐκεῖνα
2424 1751 2515 1804 καὶ
2535 1750 2628 1805 νῦν
2648 1752 2773 1814 τοὺς
2792 1750 3211 1821 ἐντυγχάνοντας
3233 1749 3667 1822 παραπέμψομεν.

446 1855 556 1898 non
588 1846 847 1910 tanquam
897 1842 1092 1898 scribae
1117 1842 1362 1914 ipsorum
1386 1845 1451 1900 ⁷³.
1491 1864 1509 1895 ι
1543 1844 1680 1900 Cum
1711 1854 1892 1902 autem
1933 1854 2010 1902 to-

2134 1842 2453 1914 Ἐπιστῆσαι
2479 1842 2535 1896 δὲ
2554 1841 2632 1913 τῷ
2646 1841 2787 1914 λόγῳ
2806 1841 2973 1909 ἀξιον,
2989 1842 3052 1895 δι’
3074 1842 3131 1895 ὃν
3150 1846 3178 1896 ὁ
3198 1843 3402 1915 Κύριος
3416 1844 3668 1914 ὑπισχνεῖο

444 1933 557 1986 tius
586 1932 767 2002 operis
793 1932 970 1997 initio,
1004 1933 1130 2005 quis
1161 1942 1306 1989 esset
1344 1933 1649 1990 Salvatoris
1678 1937 1871 1999 nostri,
1902 1944 2018 1992 tum

448 2021 500 2074 in
540 2020 813 2086 doctrina,
845 2030 958 2078 tum
998 2023 1052 2078 in
1087 2023 1297 2095 legibus
1324 2026 1637 2082 sanciendis
1675 2026 1890 2091 modus,
1925 2042 2021 2082 ex-

444 2113 869 2182 planaverimus,
896 2114 987 2170 ubi
1008 2115 1138 2184 quid
1163 2122 1311 2171 esset
1338 2115 1797 2173 Christianismus
1821 2118 1873 2171 in
1904 2133 2020 2173 me-

443 2202 592 2256 dium
623 2203 973 2274 protulimus,
1008 2205 1074 2259 ad
1110 2206 1200 2260 illa
1249 2206 1367 2276 ipsa
1395 2206 1635 2278 legentes
1665 2208 1829 2263 etiam
1871 2225 2020 2266 nunc

441 2295 794 2354 remittimus.
845 2296 951 2359 Sed
1010 2298 1341 2370 diligentiori
1391 2302 1624 2371 quadam
1674 2302 2017 2357 animadver-

442 2389 598 2442 sione
632 2402 720 2443 res
748 2388 913 2461 digna
943 2406 1067 2446 esse
1092 2391 1330 2451 videtur.
1360 2407 1459 2447 cur
1489 2393 1562 2447 ita
1593 2392 1858 2449 Dominus
1885 2408 2015 2464 pro-

441 2479 658 2547 phetam
689 2480 796 2537 illis
830 2496 890 2537 se
936 2483 1330 2541 suscitaturum
1366 2483 1711 2553 polliceatur.
1744 2482 2014 2551 Quoniam

440 2568 607 2638 igitur
637 2572 849 2628 Mosem
879 2572 996 2643 ipse
1023 2571 1285 2630 Dominus
1309 2573 1549 2643 jusserat
1574 2573 1889 2631 universum
1917 2592 2015 2646 p0—

438 2661 627 2731 pulum
671 2662 853 2721 triduo
884 2664 1126 2734 expiare,
1181 2673 1242 2719 ut
1280 2665 1443 2719 simul
1474 2673 1528 2719 et
1563 2674 1901 2735 spectatores
1933 2669 2012 2722 illi

439 2760 494 2811 ct
542 2754 824 2809 auditores
869 2755 1040 2810 divini
1077 2755 1342 2817 adventus
1388 2754 1750 2821 edicerentur,
1786 2756 1865 2810 illi
1912 2771 2012 2810 au-

438 2853 547 2909 tem
580 2846 911 2902 infirmiores
937 2847 1003 2901 ad
1024 2846 1254 2917 gratiam
1287 2845 1383 2902 Dei
1406 2847 1761 2913 exsiStebant,
1795 2856 1855 2902 ut
1882 2863 2010 2918 pro-

439 2947 625 3008 pterea
668 2953 792 2992 cum
823 2939 936 3007 jam
986 2950 1041 2993 et
1092 2939 1293 2995 intueri
1352 2947 1407 2995 et
1461 2938 1649 2994 audire
1683 2939 2007 3009 inciperent,

439 3043 558 3085 eam
603 3043 719 3083 rem
761 3029 865 3099 ipsi
915 3031 1309 3097 recusaverint,
1352 3029 1598 3086 dicentes
1643 3031 1713 3086 ad
1762 3030 2006 3086 Mosem:

447 3140 463 3174 ι
499 3119 581 3174 Τιι
604 3120 827 3191 loquere
856 3121 924 3176 ad
954 3137 1075 3189 nos,
1117 3138 1297 3194 neque
1322 3123 1579 3193 loquatur
1604 3124 1671 3178 ad
1705 3139 1808 3179 nos
1838 3122 2004 3189 Deus,

447 3227 515 3276 ne
562 3213 864 3268 moriamur
902 3216 989 3272 ⁷³;
1027 3223 1065 3268 ι’
1103 3216 1300 3272 merito
1342 3216 1414 3271 ob
1459 3232 1579 3271 eam
1619 3232 1731 3272 rem
1778 3216 2009 3287 suscipit

441 3303 661 3373 quidem
695 3305 912 3365 illorum
944 3308 1202 3379 pietatem
1240 3324 1305 3363 ac
1334 3311 1690 3365 reverentiam
1722 3309 2003 3376 Dominus,

438 3397 581 3461 idem
635 3415 766 3465 vero
812 3401 925 3461 ait:
961 3420 980 3454 ι
1008 3400 1176 3459 Recte
1223 3403 1408 3461 omnia
1458 3419 1798 3475 quaecunque
1840 3404 2005 3459 locuti

437 3498 588 3559 sunt,
630 3494 952 3564 prophetam
986 3494 1237 3550 excitabo
1288 3494 1400 3557 illis
1434 3495 1502 3551 de
1551 3496 1732 3551 medio
1775 3495 2005 3550 fratrum

436 3581 578 3638 sicut
625 3591 698 3637 te.
737 3600 756 3633 ›
798 3580 892 3637 Sic
940 3598 1069 3661 ergo
1116 3598 1341 3640 causam
1387 3600 1605 3656 quoque
1650 3585 1858 3652 docuit,
1909 3603 2008 3641 cur

435 3682 696 3745 tanquam
723 3674 989 3745 propheta
1021 3674 1188 3741 fuerit
1223 3683 1489 3735 veuturus
1519 3676 1588 3732 ad
1624 3677 1896 3739 homines.
1929 3678 2005 3733 Ea

434 3780 564 3821 vero
595 3764 697 3821 fuit
724 3764 1004 3825 hominum
1027 3766 1395 3833 imbecillitas,
1425 3775 1479 3823 et
1499 3769 1900 3838 praestantioris
1921 3772 2003 3827 vi-

434 3871 530 3913 sus
567 3855 861 3923 recusatio.
898 3855 1078 3913 Habes
1107 3857 1275 3927 igitur
1320 3873 1567 3923 causam,
1610 3874 1709 3914 cur
1741 3861 2005 3932 propheta

435 3951 547 4014 ille,
578 3948 673 4020 qui
708 3957 975 4003 venturus
1023 3949 1344 4015 cauebatur,
1394 3950 1558 4013 homo
1590 3959 1739 4007 esset
1765 3950 2001 4019 futurus.

433 4039 596 4120 M5
624 4038 816 4095 Merito
848 4039 1014 4110 igitur
1036 4048 1413 4109 exspectantes
1448 4041 1598 4096 illum
1620 4040 1813 4108 Judaei,
1838 4042 2005 4107 Joan-

439 4146 559 4201 pem
587 4129 887 4201 Baptistam
912 4131 1345 4201 interrogabant,
1392 4147 1457 4187 ac
1497 4133 1749 4189 dicebant
1781 4153 1795 4189 :
1826 4152 1845 4185 ι
1885 4133 2006 4206 Ipse

434 4221 698 4304 propheta
727 4237 786 4289 es
807 4223 905 4277 tu?
933 4230 987 4277 et
1008 4222 1310 4293 respondit,
1347 4239 1458 4280 non
1482 4223 1549 4278 '".
1590 4244 1608 4276 ›
1637 4222 1842 4280 Verum
1875 4240 2003 4279 cum

433 4315 674 4387 Joannes
700 4332 888 4381 verum
942 4317 1220 4385 fateretur,
1249 4336 1357 4375 non
1419 4334 1479 4374 se
1522 4319 1842 4389 prophetam
1881 4335 2004 4380 esse

432 4409 691 4480 negavit;
729 4415 849 4464 erat
886 4410 1053 4472 enim,
1085 4410 1179 4466 sed
1215 4426 1275 4467 se
1324 4411 1476 4465 illum
1527 4426 1650 4466 esse
1681 4410 2000 4481 prophetam

2117 1951 2206 1987 ται
2243 1934 2526 2005 προφήτην
2552 1934 2877 2005 ἀναστήσειν
2906 1933 3109 1997 αὐτοῖς.
3146 1933 3362 2005 Ἐπειδὴ
3393 1933 3496 2005 γάρ
3531 1950 3668 1987 κεκε-

2117 2026 2302 2082 λεύκει
2327 2026 2426 2098 μὲν
2455 2026 2616 2090 αὐτὸς
2636 2026 2714 2097 τῷ
2738 2028 2963 2080 Μωῦσεῖ
3005 2026 3223 2095 ἁγνίσαι
3241 2026 3333 2079 τὸν
3366 2027 3535 2081 πάντα
3558 2026 3668 2081 λαὸν

2120 2120 2203 2190 ἐφ’
2233 2118 2465 2191 ἡμέραις
2502 2118 2701 2190 τρισὶν,
2740 2118 2815 2182 ὡς
2848 2117 2914 2171 ἂν
2939 2119 3181 2187 γένοιντο
3206 2119 3398 2172 θεαταὶ
3428 2118 3557 2190 ὁμοῦ
3585 2119 3667 2173 καὶ

2117 2212 2383 2282 ἀκροαταὶ
2408 2212 2507 2282 τῆς
2534 2211 2715 2267 ἐνθέου
2751 2211 3070 2279 ἐπιφανείας
3095 2253 3111 2277 ,
3137 2212 3187 2264 οί
3221 2209 3277 2263 δέ
3323 2211 3666 2281 ἐξησθένησαν

2116 2304 2252 2375 πρὸς
2279 2303 2378 2377 τὴν
2405 2302 2499 2356 τοῦ
2535 2302 2668 2356 Θεοῦ
2699 2302 2856 2375 χάριν
2880 2318 2893 2332 ’
2926 2301 3005 2354 διὸ
3033 2303 3090 2354 ἐν
3112 2302 3252 2372 ἀρχῇ
3280 2299 3557 2370 γενόμενοι
3583 2300 3666 2370 τῆς

2115 2396 2367 2469 θεωρίας,
2391 2395 2727 2469 παρῃτοῦντο
2749 2396 2994 2465 λέγοντες
3020 2394 3097 2461 τῷ
3118 2396 3338 2451 Μωῦσεῖ
3357 2411 3373 2424 ο
3402 2415 3420 2445 ι
3456 2395 3524 2448 Σὺ
3537 2394 3665 2449 λάλει

2115 2490 2250 2561 πρὸς
2272 2490 2439 2561 ἡμᾶς,
2470 2490 2564 2544 καὶ
2596 2489 2670 2561 μὴ
2698 2487 2925 2542 λαλείτω
2954 2487 3089 2558 πρὸς
3115 2476 3260 2559 ήεὶᾶς
3276 2489 3303 2539 ὁ
3322 2487 3478 2551 Θεὸς,
3504 2487 3583 2540 ἵνα
3602 2489 3664 2559 μὴ

2112 2581 2487 2651 ἀποθάνωμεν.
2518 2600 2536 2633 ι
2556 2580 2792 2643 Εἰκότως
2819 2579 2905 2632 διὰ
2928 2578 3097 2633 ταῦτα
3117 2578 3439 2649 ἀποδέχεται
3473 2580 3564 2651 μὲν
3584 2580 3665 2633 αὖ·

2110 2673 2236 2737 τοὺς
2259 2673 2288 2725 ό
2311 2671 2513 2744 Κύριος
2537 2673 2635 2743 τῆς
2655 2670 2956 2736 εὐλαϐείας,
2980 2671 3113 2742 φησὶ
3132 2670 3209 2724 δέ’
3235 2691 3253 2722 ι
3278 2670 3483 2745 Ὀρθῶς
3508 2671 3662 2725 πάντα

2112 2766 2213 2819 ὅσα
2230 2765 2496 2836 ἐλάλησαν
2517 2779 2530 2793 ·
2567 2765 2857 2837 Προφήτην
2887 2764 3176 2835 ἀναστήσω
3203 2764 3385 2828 αὐτοῖς
3420 2766 3483 2820 ἐκ
3515 2763 3662 2836 μέσου

2111 2860 2220 2916 τῶν
2263 2858 2543 2929 ἀδελφῶν,
2586 2856 2776 2929 ὥσπερ
2828 2854 2909 2911 σέ.
2941 2876 2959 2908 ι
2999 2857 3210 2911 Οὐκοῦν
3252 2857 3316 2910 τὸ
3367 2857 3535 2913 αἴτιον
3571 2858 3662 2911 ἐδί-

2109 2950 2236 3018 δαξε
2287 2950 2381 3003 τοῦ
2440 2950 2594 3021 δίκην
2652 2950 2930 3022 προφήτου
2993 2950 3203 3021 μέλλειν
3252 2950 3416 3005 αὐτὸν
3469 2951 3543 3015 εἰς
3583 2950 3661 3002 ἀνα

2111 3043 2363 3119 θρώπους
2408 3043 2728 3111 ἐπιφάνειαν
2780 3042 3079 3097 ποιεῖσθαι·
3131 3042 3288 3099 τοῦτο
3339 3043 3385 3097 δ’
3422 3040 3488 3116 ἦν
3519 3041 3661 3096 ἀσθέ-

2113 3154 2230 3190 νεια
2269 3135 2591 3209 ἀνθρώπων,
2632 3136 2725 3189 καὶ
2761 3135 2859 3205 τῆς
2890 3136 3194 3207 κρείττονος
3222 3136 3456 3208 θεωρίας
3494 3135 3661 3208 παραί-

2112 3246 2289 3301 τησις.
2347 3228 2530 3297 Ἔχεις
2589 3227 2878 3300 τοιγαροῦν
2919 3228 3015 3281 καὶ
3066 3228 3166 3299 τὴν
3216 3230 3400 3284 αἰτίαν
3445 3230 3537 3301 τῆς
3588 3230 3661 3282 ἐν-

2108 3322 2509 3394 ανθρωπήσεως
2582 3320 2676 3376 τοῦ
2743 3318 3133 3392 θεσπιζομένου
3202 3324 3505 3393 προφήτου.
3582 3322 3658 3374 Εἰ-

2108 3415 2278 3478 κότως
2334 3410 2425 3469 οὖν
2480 3413 2884 3485 προσδοκῶντες
2947 3413 3106 3467 αὐτὸν
3164 3415 3213 3466 οἱ
3265 3415 3332 3468 ἐκ
3387 3413 3660 3486 περιτομῆς

2108 3504 2462 3559 ἐπυνθάνοντο
2512 3503 2607 3557 τοῦ
2650 3501 2946 3573 βαπτιστοῦ
2983 3502 3224 3565 Ἰωάννου
3252 3544 3266 3563 ,
3323 3505 3418 3557 καὶ
3466 3504 3659 3572 ἐλεγονο

2112 3617 2130 3649 ι
2178 3600 2235 3651 'U
2263 3600 2543 3669 προφήτης
2568 3595 2615 3651 εἷ
2642 3598 2740 3663 oti;
2773 3597 2828 3651 '0
2853 3596 2909 3649 δέ
2938 3597 3039 3668 ἔφη
3058 3614 3072 3628 ο
3105 3596 3269 3651 Οὔκ.»
3291 3597 3471 3651 mare
3501 3597 3660 3651 Ἰωάνα

2106 3706 2221 3758 νης,
2244 3688 2473 3759 τάληθὲς
2505 3688 2799 3758 ὁμολογῶν,
2834 3687 2955 3741 οὔτε
3001 3689 3285 3760 προφήτης
3335 3685 3472 3742 εἷναι
3513 3689 3659 3759 ἠρνήν

2108 3795 2257 3844 σατο,
2283 3775 2349 3850 ἦν
2374 3778 2503 3851 γὰρ,
2528 3780 2664 3833 ἀλλά
2690 3781 2750 3833 τὸ
2786 3779 2946 3844 αὐτὸς
2974 3775 3111 3832 εἶναι
3133 3782 3161 3833 6
3190 3783 3476 3852 προφήτης
3499 3783 3526 3834 ό
3543 3778 3659 3851 πρὸς

2104 3870 2199 3923 τοῦ
2229 3871 2506 3935 Μωῡσέως
2536 3871 2924 3942 δεδηλωμένος·
2956 3873 3036 3924 ὅτι
3073 3871 3129 3924 δὲ
3156 3871 3559 3944 ἀπεσταλμένος
3587 3870 3659 3937 εἴη

2106 3962 2412 4037 ἔμπροσθεν
2475 3963 2568 4017 τοῦ
2636 3966 2912 4036 προφήτου
2970 3963 3177 4017 ἐκείνου
3242 3964 3510 4018 ἐδίδασκε.
3567 3962 3659 4015 Καὶ

2105 4055 2399 4128 ἐπειδήπερ
2430 4058 2458 4109 ό
2481 4056 2635 4125 λόγος
2674 4057 2855 4119 αὐτοῖς
2881 4056 2944 4127 δὴ
2973 4060 3081 4120 τοῖς
3120 4058 3184 4110 ἐκ
3218 4057 3519 4128 περιτομῆς
3546 4057 3658 4108 ἀνα-

2107 4147 2397 4219 στήσεσθαι
2420 4148 2510 4202 τὸν
2540 4150 2822 4221 προφήτην
2850 4148 3155 4214 ἐθέσπιζεν,
3181 4149 3407 4213 εἰκότως
3433 4150 3463 4201 ό
3490 4147 3659 4217 Σωτὴρ

2104 4239 2199 4292 καὶ
2227 4237 2429 4309 Κύριος
2458 4238 2634 4313 ήμῶν,
2662 4238 2756 4296 ἆτε
2791 4240 2854 4309 δὴ
2882 4240 3043 4304 αὐτὸς
3070 4239 3144 4293 ὣν
3168 4241 3197 4293 ὁ
3226 4237 3657 4312 προκεκηρυγμέ·

2103 4348 2214 4395 νος,
2274 4350 2293 4383 ι
2347 4332 2458 4385 Οὐκ
2513 4328 2696 4404 ἦλθον,
2745 4334 2927 4409 φησὶν,
2979 4336 3027 4387 εἰ
3073 4334 3146 4405 μὴ
3197 4336 3275 4398 εἰς
3320 4335 3389 4388 τά
3436 4332 3659 4405 πρόϐατα

2105 4422 2417 4476 ἀπολωλότα
2464 4423 2613 4481 οἴκου
2650 4424 2879 4500 Ἰσραήλ.
2918 4444 2937 4476 ›
2975 4427 3100 4489 Τοῖς
3140 4425 3197 4478 δέ
3230 4425 3543 4488 ἀποστόλοις
3577 4422 3660 4475 αὺ-

430 4502 712 4569 duntaxat,
744 4518 903 4573 quem
933 4501 1111 4559 Moses
1147 4512 1438 4559 venturum
1464 4503 1821 4574 praedixisset.
1846 4504 2001 4571 Quod

2112 4513 2198 4567 τοῦ
2231 4514 2461 4589 παρῄνει
2497 4514 2699 4583 λέγων·
2732 4534 2749 4567 ι
2787 4516 2881 4580 Εἰς
2918 4515 3034 4569 ὁδὸν
3072 4515 3239 4570 ἐθνῶν
3274 4516 3350 4587 μὴ
3382 4514 3656 4585 ἀπέλθητε,

431 4610 558 4660 vero
598 4604 724 4654 ante
746 4596 898 4649 illum
939 4597 1258 4666 prophetam
1304 4596 1506 4651 missus
1545 4604 1712 4659 esset,
1746 4597 2000 4666 planissi-

430 4702 516 4756 me
547 4684 959 4745 demonstravit.
1013 4686 1321 4751 Caeterum,
1371 4688 1630 4758 quoniam
1681 4689 1999 4759 prophetica

428 4780 602 4839 oratio
648 4780 772 4837 unis
817 4780 884 4846 iis
928 4779 1021 4850 qui
1066 4788 1133 4847 ad
1179 4781 1653 4845 circumcisionem
1704 4780 1995 4851 pertinent,

432 4871 807 4928 suscitandum
834 4888 957 4933 esse
981 4873 1297 4945 prophetam
1325 4873 1574 4938 canebat,
1599 4875 1792 4938 merito
1819 4873 2002 4929 Salva-

433 4975 516 5031 ιοι·
557 4980 622 5019 ac
666 4964 930 5037 Dominus
976 4973 1185 5037 noster,
1211 4974 1395 5036 utpote
1435 4966 1529 5038 qui
1563 4966 1680 5039 ipse
1721 4975 1865 5031 esset
1908 4968 2000 5023 ille

428 5065 586 5119 antea
609 5058 983 5125 denuntiatus,
1015 5078 1033 5108 ι
1066 5057 1186 5121 Νοη
1226 5060 1371 5123 veni,
1398 5058 1597 5129 inquit,
1629 5060 1738 5114 nisi
1776 5059 1843 5125 ad
1869 5076 1998 5117 oves

426 5166 546 5221 quae
584 5153 868 5223 perierunt
910 5151 1105 5217 domus
1152 5150 1314 5213 Israel
1340 5151 1407 5221 7',
1439 5171 1458 5205 ι
1483 5151 1778 5223 Αροειοιοε
1811 5165 1997 5212 autem

426 5260 558 5303 sues
582 5245 861 5309 monebat,
886 5243 1076 5299 diceus
1101 5263 1115 5300 :
1147 5262 1165 5301 ι
1200 5244 1258 5298 1η
1299 5244 1442 5299 viam
1486 5248 1731 5316 gentium
1753 5264 1821 5303 ne
1848 5249 1997 5306 abie-

425 5335 567 5397 ritis,
585 5342 639 5389 et
664 5334 721 5391 in
747 5335 1021 5403 civitatem
1050 5331 1521 5403 Samaritanorum
1547 5351 1614 5391 ne
1634 5338 1993 5399 intraveritis.

423 5424 501 5481 lte
554 5442 685 5481 vero
735 5427 919 5499 potius
975 5425 1043 5495 ad
1093 5442 1221 5485 oves
1281 5442 1403 5496 qua:
1463 5428 1742 5496 perierunt
1798 5431 1995 5499 domus

422 5516 589 5589 lsrael
616 5518 702 5583 7°;
743 5537 763 5585 ῃ
796 5519 890 5583 ubi
936 5518 1097 5589 plane
1141 5517 1411 5583 ostendit,
1463 5534 1522 5574 se
1548 5518 1724 5588 primo
1763 5522 1886 5577 loco
1925 5523 1993 5581 ad

419 5607 546 5681 illos
582 5621 708 5660 esse
748 5609 1010 5670 missum.
1037 5608 1181 5674 sicut
1235 5609 1400 5669 ctiam
1441 5609 1511 5665 ab
1546 5610 1664 5681 ipsa
1707 5614 1993 5682 prophetia

490 5723 545 5792 “It
578 5716 764 5792 Hatth.
795 5739 849 5784 τ,
879 5721 973 5787 2|,
999 5719 1088 5789 22.
1188 5723 1235 5754 "
1277 5728 1468 5792 Matth.
1532 5741 1606 5779 vn
1629 5765 1643 5791 ,
1705 5726 1797 5782 29.

417 5795 461 5830 ιε
499 5786 694 5861 Matth.
720 5805 770 5857 χ,
808 5795 860 5859 5,
886 5786 967 5849 (5.7
1064 5786 1067 5789 ’
1339 5788 1343 5792 ’
1630 5786 1645 5799 ”

1901 5729 1945 5760 ⁷³
2001 5726 2173 5794 Exod.
2231 5745 2340 5794 xx,
2376 5730 2462 5785 19.

2106 4605 2200 4659 καὶ
2228 4607 2308 4672 είς
2333 4606 2485 4663 πόλιν
2512 4607 2866 4680 Σαμαρειτῶν
2905 4607 2978 4681 μὴ
3030 4606 3303 4678 εἰσέλθητε
3325 4623 3337 4637 ’
3384 4603 3659 4677 πορεύεσθε

2103 4692 2159 4746 δέ
2196 4694 2393 4765 μᾶλλον
2425 4695 2561 4764 πρὸς
2590 4694 2658 4748 τὰ
2688 4695 2931 4767 πρόϐατα
2953 4695 3021 4749 τὰ
3052 4696 3364 4750 ἀπολωλότα
3387 4695 3532 4749 οἴκου
3566 4694 3655 4745 Ἱσ-

2109 4786 2241 4859 ραήλ
2260 4804 2273 4817 ο
2313 4807 2332 4839 ι
2365 4787 2552 4856 σαφῶς
2582 4787 2865 4855 διδάσκων,
2909 4789 2990 4851 ὅτι
3020 4787 3083 4860 δὴ
3123 4790 3301 4852 αὐτοῖς
3333 4783 3657 4858 προηγουμέ-

2105 4896 2212 4945 νως
2240 4879 2561 4947 ἀπέσταλτο,
2615 4883 2680 4951 τῇ
2727 4881 3031 4959 προφητείᾳ
3080 4880 3405 4944 ἀκολούθως.
3458 4874 3653 4946 Ἐπειδὴ

2104 4971 2161 5024 δὲ
2186 4972 2285 5024 οὐκ
2312 4971 2556 5039 ἐδέξαντο
2595 4973 2692 5045 τήν
2732 4972 2910 5046 χάριν,
2945 4971 3232 5043 ἀπελέγχει
3260 4973 3355 5043 μέν
3384 4973 3573 5033 αὐτοὺς
3604 4968 3656 5019 ἐν

2105 5064 2330 5134 ἑτέροις,
2354 5062 2526 5132 λέγων
2548 5081 2562 5094 σ
2597 5082 2615 5115 ι
2652 5062 2795 5133 Διότι
2821 5060 3004 5138 ἦλθον,
3034 5064 3127 5117 καὶ
3154 5064 3254 5119 οὐκ
3273 5060 3341 5135 ἦν
3367 5063 3652 5133 ἄνθρωπος’

2104 5153 2355 5219 ἐκάλεσα,
2391 5156 2485 5223 καὶ
2515 5156 2617 5223 οὐκ
2648 5150 2715 5227 ἦν
2752 5144 3058 5212 ὑπακούων.
3099 5174 3118 5206 ι
3152 5154 3289 5226 Φησὶ
3323 5155 3382 5207 δέ
3413 5152 3543 5226 πρὸς
3564 5151 3653 5205 αὐ·

2102 5245 2227 5309 τούς
2243 5263 2257 5277 ο
2282 5265 2301 5298 ‹
2325 5247 2643 5320 ’Ᾱρθήσεται
2670 5246 2762 5316 ἀφ’
2791 5246 2997 5319 ὑμῶνή
3021 5245 3262 5329 βασιλεία
3281 5244 3375 5303 τοῦ
3397 5243 3547 5306 Θεοῦ,
3569 5241 3651 5294 καὶ

2101 5338 2385 5410 δοθήσεται
2417 5339 2557 5395 ἔθνει
2601 5339 2839 5408 ποιοῦντι
2863 5340 2989 5411 τους
3020 5341 3266 5411 καρποὺς
3292 5337 3477 5407 αὐτῆς.
3505 5354 3523 5386 ι
3555 5330 3651 5385 Καὶ

2101 5434 2212 5494 τοῖς
2234 5448 2296 5498 γε
2327 5432 2489 5485 αὑτοῦ
2515 5432 2781 5503 μαθηταῖς
2807 5432 2942 5503 μετά
2968 5429 3065 5501 τὴν
3093 5429 3313 5491 ἐκείνων
3339 5427 3650 5499 παραίτησιν

2103 5520 2461 5591 προστάττει·
2495 5540 2513 5573 ι
2555 5520 2917 5592 Πορευθέντες
2968 5508 3336 5598 μαθητεύσατε.
3385 5518 3554 5571 πάντα
3587 5510 3651 5565 τὰ

2102 5612 2228 5684 ἔθνη
2246 5614 2301 5666 ἐν
2319 5612 2396 5684 τῷ
2410 5613 2631 5684 ὀνόματί
2656 5630 2808 5683 μου.»
2827 5612 2982 5667 Οὕτω
2999 5613 3132 5681 δῆτα
3152 5614 3306 5684 ήμεϊς
3332 5609 3433 5687 μὲν
3450 5608 3515 5661 τά
3532 5606 3645 5674 ἔθνη

2564 5728 2611 5761 ⁷⁸
2647 5727 2804 5785 Joau.
2844 5745 2896 5796 ι,
2929 5728 3019 5784 2i.
3123 5730 3169 5761 ⁷⁸
3209 5727 3399 5793 matth.
3436 5743 3536 5791 xv,
3562 5722 3641 5777 τι.
