3908 6266
337 333 438 388 693

1247 330 1898 389 DEMONSTRATIONIS
1935 326 2388 386 EVANGELICA‘Z
2427 325 2556 381 LIB.
2597 323 2686 379 IX.

3456 325 3556 383 694

331 447 412 499 τὸν
446 444 970 516 προαναφωνηθέντα
995 462 1086 498 και
1111 445 1244 516 πρὸς
1268 445 1362 498 τοῦ
1389 447 1600 518 Πατρὺς
1621 446 1872 500 ἀπεσταλ-

1990 446 2194 500 dictum
2218 445 2414 499 fuerat.
2456 443 2558 498 Sed
2579 455 2702 496 cum
2728 441 2889 496 talem
2928 443 3156 512 gratiam
3183 458 3290 496 non
3318 443 3558 512 accepis-

331 533 483 604 μένον
506 536 811 606 προφήτην,
844 535 938 588 ἆτε
969 535 1260 604 νομοθέτην
1285 535 1455 589 ἅπασι
1479 538 1764 607 γενόμενον
1796 539 1889 590 ἀν-

327 625 561 697 θρώποις
597 626 700 696 τῆς
742 629 821 690 είς
853 627 942 680 τὸν
973 627 1078 680 τῶν
1121 627 1254 680 ὅλων
1299 628 1428 681 Θεὸν
1478 628 1774 692 εὐσεϐείας,
1804 627 1892 682 διὰ

326 718 420 787 τῆς
453 718 722 790 σωτηρίου
754 719 846 772 καὶ
878 719 1234 788 εύαγγελικῆς
1265 719 1610 782 διδασκαλίας
1647 719 1890 790 ἔγνωμεν

325 808 413 860 καὶ
453 807 876 879 κατεδεξάμεθα,
919 809 1295 880 πληρουμένης
1335 809 1475 862 κατὰ
1513 810 1573 863 τὸ
1624 810 1754 863 αύτὸ
1795 811 1890 864 καὶ

326 897 515 969 ἐτέρας
561 901 946 972 προρρήσεως,
991 900 1056 952 δι’
1081 897 1148 972 ἦς
1186 901 1423 970 εἴρηταιο
1464 918 1483 951 ι
1517 901 1886 972 Κατάστησον,

324 989 513 1060 Κύριε,
539 989 830 1060 νομοθέτην
857 990 1054 1053 αὐτοῖς,
1083 989 1372 1058 γνώτωσαν
1395 990 1539 1062 ἔθνη,
1566 990 1645 1044 ὅτι
1679 991 1886 1063 ἄνθρω-

321 1079 414 1134 ποί
442 1082 581 1133 εἰσιο
625 1100 642 1132 ι
673 1079 734 1132 τὸ
765 1079 821 1133 δὲ
857 1080 1120 1133 Ἰουδαίων
1158 1079 1307 1144 έθνος
1341 1081 1414 1151 μὴ
1450 1079 1886 1151 παραδεξάμενον

319 1169 408 1224 τὸν
432 1171 922 1243 προφητευόμενον,
952 1171 1108 1243 δίκην
1134 1171 1277 1224 ἔτισε
1307 1172 1404 1243 τὴν
1426 1169 1599 1236 ἀξίαν,
1625 1172 1764 1225 κατά
1789 1173 1886 1244 τὴν

321 1262 467 1315 θείαν
492 1262 794 1334 πρόρρησιν
829 1263 1074 1332 φήσασαν
1095 1279 1108 1292 ·
1149 1281 1166 1312 ι
1206 1261 1316 1314 Καὶ
1346 1263 1374 1314 6
1397 1260 1678 1333 ἄνθρωπος
1704 1261 1760 1324 ὃς
1793 1267 1886 1314 έαν

323 1353 393 1423 μὴ
423 1351 628 1424 ἀκούσῃ
660 1353 832 1406 πάντα
863 1353 960 1404 ὅσα
989 1351 1082 1404 ὲάν
1115 1351 1320 1425 λαλήσῃ
1355 1353 1382 1404 6
1411 1353 1690 1423 προφήτης
1720 1352 1776 1403 ὲν
1807 1350 1885 1420 τῷ

319 1441 536 1512 ὀνόματί
565 1460 686 1512 μου,
713 1442 821 1511 ἐγὼ
848 1443 1116 1514 ἐκδικήσω
1146 1442 1205 1506 ἐξ
1236 1441 1417 1504 αὑτοῦ,
1455 1463 1472 1492 ι
1521 1442 1883 1512 Ἐκδεδίκηται

319 1533 443 1602 γοῦν
476 1537 539 1587 ἐκ
565 1533 659 1588 τοῦ
685 1535 821 1588 ,λαοῦ
856 1535 1062 1588 ἐκείνου
1089 1536 1194 1588 πᾶν
1220 1532 1356 1606 αἷμα
1389 1535 1614 1606 ἐκχυθὲν
1657 1534 1747 1587 ἐπὶ
1787 1535 1883 1605 τῆς

318 1626 436 1695 γῆς,
471 1625 576 1678 ἀπὸ
603 1627 832 1696 αἵματος
870 1626 1032 1680 ’Λϐελ
1064 1627 1167 1690 ’έως
1200 1627 1428 1697 αἵματος
1473 1626 1761 1697 Ζαχαρίου,
1789 1626 1882 1678 καὶ

317 1717 475 1770 αὑτοῦ
498 1735 561 1787 γε
585 1720 676 1772 ἐπὶ
702 1722 832 1772 πᾶσι
856 1719 947 1772 τοῦ
969 1718 1226 1791 Χριστοῦ,
1251 1713 1312 1771 οῦ
1345 1720 1406 1772 τὸ
1434 1713 1571 1789 αἷμα
1604 1719 1724 1771 καθ’
1757 1720 1882 1771 ἑαυ-

1970 546 2133 612 βοηι,
2169 535 2386 591 eosdem
2432 535 2558 588 alibi
2602 533 2899 603 redarguit,
2941 533 3176 588 dicens:
3219 552 3236 584 ι
3290 532 3365 588 Εο
3410 534 3555 602 quod

1991 627 2205 692 veni,et
2245 641 2354 680 non
2393 625 2491 678 fuit
2534 626 2716 686 homo,
2749 624 2958 687 vocavi,
2989 631 3044 678 et
3073 638 3180 678 non
3211 624 3312 677 fuit
3339 623 3432 694 qui
3461 638 3558 676 au-

1990 715 2211 771 diret".
2243 735 2262 766 ι
2297 713 2498 769 Deinde
2519 713 2584 767 ad
2606 713 2726 767 illos
2761 711 2894 765 dicit
2923 731 2936 766 :
2971 730 2990 762 σ
3019 710 3311 767 Auferetur
3344 730 3372 765 δ
3403 712 3559 766 vobis

1989 821 2213 876 regnum
2239 804 2354 868 Dei,
2385 812 2440 859 et
2464 803 2682 857 dabitur
2717 805 2862 874 genti
2890 802 3082 858 ferenti
3131 804 3341 858 fructus
3376 802 3550 872 ejus.»

1991 895 2116 951 Suis
2142 911 2270 949 vero
2300 895 2586 964 discipulis
2630 906 2751 965 post
2800 894 3015 949 illorum
3057 895 3403 963 rejectionem
3449 895 3556 948 im-

1990 993 2142 1057 perat
2183 1003 2244 1040 :c
2303 985 2380 1041 lte
2418 993 2470 1041 et
2520 985 2710 1041 docete
2768 1001 2958 1040 omnes
3012 996 3197 1056 gentes
3239 987 3293 1040 in
3335 987 3554 1042 nomine

1989 1095 2109 1134 meo
2132 1079 2196 1131 ⁷⁸.
2251 1097 2270 1130 ι
2307 1077 2398 1133 Sic
2441 1078 2606 1148 igitur
2631 1095 2732 1134 nos
2757 1079 2974 1148 quidem
3016 1087 3223 1148 gentes,
3272 1088 3426 1136 antea
3455 1081 3554 1134 de-

1988 1171 2296 1223 nuntiatum
2350 1170 2500 1222 illum
2557 1179 2612 1224 et
2657 1184 2686 1222 a
2729 1168 2889 1222 Patre
2932 1170 3162 1224 missum
3207 1171 3549 1240 prophetam,

1988 1271 2244 1332 tanquam
2278 1279 2402 1316 eum
2437 1263 2530 1334 qui
2567 1264 2822 1318 omnibus
2851 1261 3167 1317 hominibus
3197 1269 3251 1316 et
3285 1263 3462 1332 legum
3500 1271 3554 1318 et

1986 1356 2204 1425 pietatis
2250 1370 2378 1424 erga
2428 1355 2594 1409 Deum
2638 1356 2878 1410 universi
2919 1362 3112 1407 auctor
3138 1355 3427 1420 exstiterit,
3457 1370 3554 1423 per

1985 1445 2468 1515 salutaremipsius
2491 1447 2969 1515 evangelicamque
3000 1445 3303 1500 doctrinam
3337 1447 3554 1515 agnovi-

1984 1551 2145 1600 mus,
2202 1543 2256 1590 et
2312 1537 2676 1606 suscepimus,
2733 1553 2854 1591 eum
2905 1538 2962 1592 in
3021 1539 3124 1591 hoc
3172 1537 3278 1591 alia
3337 1554 3553 1607 quoque

1985 1628 2262 1696 prophetia
2290 1629 2558 1697 completa
2609 1628 2709 1695 sit,
2742 1645 2862 1699 quae
2893 1630 2968 1683 ait
2995 1649 3009 1685 :
3055 1647 3073 1680 ι
3112 1629 3418 1696 Constituc,
3447 1630 3552 1683 Do-

1985 1717 2148 1797 mine,
2183 1717 2547 1786 legislatorem
2574 1719 2712 1787 apud
2747 1735 2861 1781 eos,
2887 1729 3184 1790 agnoscant
3203 1730 3390 1790 gentes
3406 1721 3548 1790 quod

313 1809 416 1862 τῶν
450 1809 860 1881 ὲξαιτησάμενοι
893 1811 984 1864 καὶ
1016 1812 1154 1866 κατά
1195 1812 1303 1864 τῶν
1340 1813 1480 1864 ίδίων
1519 1811 1743 1873 παίδων,
1769 1810 1872 1861 εἰσ-

1981 1809 2227 1862 homines
2265 1817 2394 1863 sunt
2427 1811 2492 1863 ⁷³.
2542 1828 2562 1861 ι
2604 1807 2775 1864 Judrei
2821 1826 2951 1866 vero
2993 1821 3183 1866 contra
3234 1814 3325 1882 qui
3375 1814 3546 1880 illum,

314 1899 388 1952 έτι
421 1899 516 1952 νῦν
553 1901 652 1970 τῆς
689 1901 1048 1974 τολμηθείσης
1079 1905 1258 1968 αὐτοῖς
1288 1903 1540 1966 ἀσεϐείας
1572 1902 1670 1973 τὴν
1702 1918 1874 1971 τιμω-

315 1992 432 2061 ρίαν
459 1993 770 2062 ὑπέχουσιν.

1981 1916 2140 1969 quem
2178 1915 2274 1955 sua
2307 1900 2551 1971 ipsorum
2590 1904 2811 1956 oracula
2853 1913 3138 1959 venturum
3181 1903 3548 1974 praedicebant

1980 2006 2088 2045 non
2112 1999 2489 2062 susceperunt,
2516 1991 2768 2048 idoneum
2801 1993 2994 2049 dedere
3015 1996 3338 2065 supplicium
3364 2038 3377 2058 ,
3407 1997 3549 2049 sicut

314 2084 593 2154 prophetia
631 2085 812 2140 divina
852 2087 1274 2158 signiﬁcaverat,
1321 2104 1445 2143 cum
1509 2087 1698 2142 dixit:
1763 2104 1782 2135 σ
1839 2085 1904 2138 Ει
1940 2086 2257 2156 quicunque
2301 2087 2463 2143 homo
2517 2104 2626 2142 non
2674 2089 2910 2144 audierit
2975 2091 3155 2144 omnia
3210 2105 3546 2160 quaecunque

315 2176 561 2247 loquetur
584 2181 848 2249 propheta
874 2181 963 2234 ille
992 2182 1046 2235 in
1081 2181 1302 2237 nomine
1342 2197 1484 2244 meo,
1511 2196 1612 2251 ego
1637 2177 1874 2234 ulciscar
1911 2193 1975 2232 ex
2005 2193 2090 2232 eo.
2127 2198 2146 2232 ι
2192 2177 2348 2234 Ultus
2373 2179 2538 2250 igitur
2594 2189 2678 2235 est
2716 2180 2782 2235 de
2807 2181 3006 2251 populo
3032 2182 3124 2235 illo
3145 2198 3358 2236 omnem
3418 2199 3545 2238 san-

313 2273 526 2340 guinem
557 2273 786 2330 eﬂ'usum
834 2277 887 2329 in
915 2284 1113 2331 terram
1156 2291 1182 2330 ει
1235 2277 1500 2348 sanguine
1561 2275 1716 2340 Abel,
1776 2287 1950 2343 usque
1989 2272 2055 2326 ad
2105 2275 2422 2344 sanguinem
2455 2273 2752 2339 Zachariae,
2785 2283 2839 2329 et
2892 2275 2958 2329 ad
3012 2282 3312 2330 extremum
3372 2277 3545 2347 ipsius

313 2365 534 2430 Christi,
581 2367 740 2436 cujus
788 2371 1106 2440 sanguinem
1157 2386 1284 2425 cum
1310 2386 1478 2441 super
1505 2387 1584 2439 se,
1616 2379 1672 2426 et
1711 2385 1876 2438 super
1914 2367 2054 2424 ﬁlios
2077 2384 2209 2424 suos
2265 2371 2738 2442 expoposcissent,
2802 2370 2854 2424 in
2877 2371 3024 2424 hunc
3051 2387 3222 2442 usque
3246 2371 3385 2426 diem
3424 2372 3543 2442 ejus

311 2460 552 2525 sceleris,
571 2462 714 2531 quod
738 2463 1100 2520 audacissime
1121 2474 1521 2536 perpetrarunt,
1544 2465 1867 2537 supplicium
1907 2463 2171 2534 pendunt.

321 2569 457 2623 Ἀπὸ
492 2571 597 2624 τοῦ
627 2572 761 2626 Ἰώϐ.
787 2605 856 2614 —
879 2573 1019 2642 Περὶ
1064 2574 1170 2644 τῆς
1209 2576 1276 2629 ἐν
1319 2574 1576 2630 θαλάττῃ
1634 2574 1873 2642 πορείας

879 2645 987 2698 τοῦ
1017 2646 1294 2712 Χριστοῦ.

377 2771 397 2804 ι
449 2754 507 2806 '0
539 2754 708 2823 λέγων
741 2757 818 2828 τῷ
859 2757 1012 2829 ήλὶῳ,
1053 2761 1145 2812 καὶ
1176 2761 1274 2812 οὐκ
1320 2759 1618 2823 ἀνατέλλει,
1647 2759 1788 2812 κατὰ
1815 2757 1874 2810 δὲ

306 2843 516 2916 ἄστρων
544 2851 992 2920 κατασφραγίζει,
1037 2854 1065 2905 6
1109 2853 1344 2916 τανύσας
1385 2852 1474 2905 τὸν
1519 2851 1740 2923 οὐρανὸν
1779 2849 1873 2920 μόσ

303 2953 408 3002 νος,
437 2940 536 2992 καὶ
558 2942 871 3012 περιπατῶν
905 2945 996 2996 ἐπὶ
1025 2943 1296 3014 θαλάσσης
1329 2944 1405 3007 ὡς
1434 2945 1519 2996 ἐπ’
1555 2944 1802 3012 ἐδάφουςο
1845 2961 1863 2992 ³

2009 2574 2174 2647 446
2230 2574 2307 2628 Ab
2369 2574 2490 2630 Iob.
2534 2608 2605 2618 —
2661 2577 2734 2631 De
2794 2577 3154 2659 ᾳηιὺιιιαεὶοιιβ
3199 2577 3402 2634 Christi
3451 2581 3512 2634 in-

2670 2664 2826 2702 mart.

2051 2776 2068 2808 ι
2100 2755 2204 2823 Qui
2226 2755 2356 2811 dicit
2373 2759 2496 2822 soli,
2522 2767 2575 2812 et
2599 2774 2708 2812 non
2734 2759 2927 2822 oritur,
2954 2768 3007 2815 et
3032 2769 3180 2814 astra
3203 2761 3358 2829 quasi
3384 2761 3541 2831 signo

1976 2847 2246 2918 impresso
2290 2849 2515 2915 claudit,
2561 2849 2655 2920 qui
2702 2849 2947 2904 extendit
2999 2851 3196 2904 caelum
3234 2853 3413 2915 solus,
3447 2853 3539 2921 qui

1974 2939 2216 2992 ambulat
2254 2939 2309 2994 in
2337 2942 2472 2994 mari
2527 2940 2670 2995 sicut
2715 2941 2770 2994 in
2812 2941 2928 2996 solo
2965 2941 3032 2996 ⁸ο.
3065 2961 3085 2994 ι
3121 2940 3244 2996 Haec
3276 2942 3400 2996 item
3447 2944 3542 2997 uni

301 3031 412 3084 Kal.
440 3032 610 3085 ταῦτα
649 3035 792 3105 μόνῳ
835 3033 913 3106 τῷ
952 3037 1162 3108 Σωτῆρι
1210 3037 1305 3090 καὶ
1351 3036 1538 3106 Κυρίῳ
1585 3035 1761 3106 ἡμῶν,
1795 3034 1870 3098 ὡς

1978 3027 2244 3086 Salvatori
2281 3045 2344 3085 ac
2375 3030 2603 3086 Domino
2629 3043 2840 3097 nostro,
2865 3041 3124 3103 tanquam
3159 3032 3250 3088 Dei
3278 3031 3456 3087 Verbo
3485 3044 3540 3088 et

301 3120 368 3174 ἂν
392 3123 527 3176 Θεοῦ
561 3125 734 3196 Λόγῳ,
765 3127 1078 3198 δημιουργῷ
1107 3128 1213 3181 τῶν
1245 3129 1376 3180 ὅλων
1419 3127 1734 3196 τυγχάνοντι
1777 3125 1873 3194 άρ-

303 3213 456 3282 μόζοι
489 3215 585 3267 ἄν·
637 3217 792 3286 μόνος
824 3216 952 3286 γοῦν
1007 3218 1114 3271 τῶν
1157 3219 1371 3271 πώποτε
1423 3218 1564 3271 κατὰ
1606 3218 1730 3280 τοὺς
1776 3217 1874 3287 τῆς

299 3305 760 3380 ὲνανθρωπήσεως
785 3310 1025 3381 χρόνους,
1061 3311 1216 3382 σῶμα
1247 3312 1340 3365 καὶ
1375 3312 1558 3382 σχῆμα
1592 3307 1869 3380 ἀνθρώπι-

299 3411 388 3448 νον
421 3397 720 3462 ἀναλαϐὼν,
753 3402 844 3454 ἐπὶ
874 3402 973 3471 τῆς
1018 3402 1288 3473 θαλάσσης
1321 3401 1684 3474 περιπατῆσαι
1716 3399 1868 3468 λέγε-

297 3504 409 3550 ται,
436 3489 524 3541 ὅτε
548 3491 672 3553 τοὺς
702 3492 897 3546 ἑαυτοῦ
930 3494 1172 3566 μαθητὰς
1195 3494 1499 3564 ἠνάγκασεν
1533 3493 1762 3563 ἐμϐῆναι
1790 3493 1870 3555 είς

300 3578 498 3643 πλοῖον,
519 3581 612 3632 καὶ
636 3583 891 3653 προάγειν
913 3585 1074 3637 αὐτὸν
1101 3585 1180 3648 είς
1203 3584 1264 3637 τὸ
1289 3583 1479 3648 πέραν,
1505 3583 1608 3645 ἕως
1630 3577 1690 3636 οὗ
1711 3583 1871 3647 αὐτὸς

298 3669 543 3742 ἀπολύσῃ
561 3674 684 3736 τοὺς
703 3673 890 3743 ὄχλους
907 3693 920 3704 ο
943 3678 1035 3728 καὶ
1057 3676 1328 3741 ἀπολύσας
1351 3679 1475 3740 τοὺς
1497 3677 1684 3747 ὄχλους
1703 3677 1868 3748 ἀνέϐη

298 3762 380 3823 είς
406 3762 468 3814 τὸ
499 3763 642 3834 ὅρος,
669 3769 785 3818 κατ’
819 3766 951 3820 ἰδίαν
985 3768 1396 3838 προσεύξασθαι.
1425 3769 1609 3838 Ὀψίας
1640 3769 1696 3822 δὲ
1719 3786 1871 3838 γενο-

301 3853 468 3924 μένης
496 3856 653 3926 μόνος
678 3853 744 3928 ἦν
771 3860 904 3912 ἐκεῖ.
924 3861 996 3912 Τὸ
1021 3860 1076 3911 δὲ
1102 3862 1278 3916 πλοῖον
1303 3862 1404 3932 ἤδη
1423 3857 1488 3933 ἦν
1510 3864 1568 3915 ὲν
1600 3862 1748 3932 μέσῳ
1769 3863 1869 3932 τῆς

300 3945 593 4019 θαλάσσης.
633 3951 848 4016 Ἰδόντες
879 3953 936 4006 δὲ
978 3952 1136 4006 αὐτὸν
1174 3954 1266 4006 ἐπὶ
1295 3955 1392 4025 τῆς
1423 3954 1715 4025 θαλάσσης,
1743 3957 1866 4007 ἑτα-

301 4039 598 4111 ράχθησαν,
631 4043 895 4111 λέγοντες,
930 4045 1010 4097 ὃτι
1038 4045 1327 4116 φάντασμά
1352 4049 1488 4109 ἐστι,
1516 4047 1609 4099 καὶ
1636 4046 1743 4100 ἀπὸ
1770 4044 1863 4098 τοῦ

299 4132 464 4200 φόϐου
496 4132 746 4204 ἔκραξαν.
779 4137 993 4200 Εὐθέως
1031 4137 1086 4189 δὲ
1128 4137 1388 4208 ἐλάλησεν
1425 4139 1624 4206 αὐτοῖς,
1656 4141 1858 4208 λέγων·

301 4242 321 4274 ι
360 4224 638 4294 Θαρσεῖτε,
663 4227 771 4295 ἐγώ
796 4230 930 4298 είμι,
963 4229 1036 4298 μὴ
1070 4229 1337 4297 φοϐεῖσθε.
1382 4251 1400 4283 ι
1443 4233 1648 4296 Ἀλλως
1677 4234 1732 4286 δὲ
1763 4235 1862 4288 ούκ

299 4315 362 4368 ἂν
395 4317 602 4384 γένοιτο
635 4320 934 4392 ἀξιοπρεπῆ
973 4321 1244 4390 θεολογίαν
1279 4323 1453 4377 δοκεῖν
1489 4325 1778 4396 περιέχειν,
1809 4329 1856 4380 εί

1977 3137 2158 3176 rerum
2181 3123 2425 3178 omnium
2447 3123 2626 3194 opiﬁci
2651 3125 3048 3179 accommodari
3088 3135 3321 3195 possunt
3350 3143 3364 3191 ;
3390 3126 3538 3180 solus

1974 3215 2119 3270 enim
2161 3231 2228 3269 ex
2247 3215 2503 3271 omnibus
2525 3215 2617 3285 qui
2650 3231 2888 3286 unquam
2919 3215 3140 3283 fuerint,
3165 3234 3273 3286 quo
3301 3226 3541 3286 tempore

1974 3307 2136 3362 homo
2169 3306 2349 3364 factus
2375 3315 2479 3372 est,
2505 3317 2558 3362 et
2593 3324 2819 3378 corpore
2846 3317 2900 3363 et
2943 3309 3112 3379 ﬁgura
3165 3309 3404 3365 hominis
3447 3327 3538 3364 as-

1975 3407 2211 3468 sumpta,
2237 3399 2291 3453 in
2309 3402 2594 3469 superﬁcie
2617 3399 2783 3454 maris
2808 3401 3116 3455 ambulasse
3135 3401 3336 3455 dicitur
3363 3421 3376 3457 :
3413 3418 3536 3457 cum

1974 3508 2107 3548 suos
2155 3491 2454 3560 discipulos
2494 3492 2758 3560 compulit
2803 3491 3098 3544 ascendere
3131 3490 3183 3544 in
3209 3492 3534 3557 naviculam,

1970 3587 2024 3634 et
2053 3580 2356 3650 praacedere
2378 3579 2554 3649 ipsum
2583 3588 2735 3633 trans
2762 3579 3170 3642 fretum,donec
3201 3581 3316 3649 ipse
3353 3581 3538 3633 dimit-

1971 3678 2108 3726 teret
2137 3671 2416 3735 turbas,et
2441 3671 2685 3725 dimissis
2709 3670 2883 3725 turbis
2919 3671 3166 3725 ascendit
3206 3671 3260 3724 in
3299 3682 3534 3726 montem

1971 3771 2030 3814 ut
2049 3760 2200 3815 solus
2221 3768 2421 3815 oraret.
2463 3758 2699 3830 Vespere
2725 3766 2905 3813 autem
2943 3758 3086 3814 facto
3113 3761 3266 3815 solus
3288 3768 3403 3814 erat
3436 3761 3532 3817 ibi.

1968 3853 2227 3907 Navicula
2258 3863 2438 3907 autem
2476 3852 2588 3921 jam
2630 3857 2748 3906 erat
2788 3851 2842 3904 in
2889 3850 3068 3906 medio
3107 3851 3535 3908 mari.Videntes

1968 3958 2148 4004 autem
2176 3965 2300 4006 eum
2327 3965 2491 4019 supra
2517 3964 2668 4003 mare
2696 3947 2898 4002 turbati
2925 3955 3075 4012 sunt,
3104 3947 3348 4002 dicentes
3390 3949 3534 4017 quod

1966 4043 2289 4113 phantasma
2317 4049 2484 4107 esset,
2509 4048 2563 4095 et
2593 4055 2703 4109 pra:
2739 4039 2934 4094 timore
2973 4040 3364 4093 ciamavernnt.
3414 4038 3536 4092 Sta-

1965 4135 2062 4188 tim
2085 4150 2212 4189 vero
2230 4133 2444 4188 locutus
2470 4140 2553 4187 est
2580 4131 2884 4199 eis,dicens
2906 4129 3248 4193 :«Conﬁdile,
3269 4145 3370 4200 ego
3391 4146 3535 4212 sum,

1963 4227 2132 4282 nolite
2158 4227 2351 4281 timere
2379 4224 2447 4279 δ’.
2487 4243 2505 4275 ι
2532 4222 2667 4277 Nam
2708 4223 2910 4292 alioqui
2951 4222 3065 4274 ﬁeri
3108 4238 3219 4275 non
3254 4223 3451 4291 poterit
3473 4233 3534 4275 ut

1964 4318 2074 4374 Deo
2097 4318 2507 4372 convenientem
2560 4315 2889 4383 theologiam
2948 4313 3414 4382 comprehendere
3451 4315 3536 4366 vi-

297 4407 386 4459 ὲπὶ
411 4408 506 4461 τοῦ
540 4411 799 4464 ἀνωτάτω
829 4412 962 4464 Θεοῦ
1006 4414 1098 4466 καὶ
1124 4415 1334 4485 Πατρὸς
1359 4415 1464 4468 τῶν
1494 4416 1630 4469 ὅλων
1662 4417 1864 4490 ἐκλαμ-

1978 4412 2157 4467 Jeatur
2185 4411 2486 4470 oraculum,
2520 4407 2566 4462 si
2611 4408 2737 4477 quis
2767 4405 2899 4459 illud
2945 4405 3012 4459 de
3043 4421 3298 4474 supremo
3337 4404 3448 4459 Deo
3484 4414 3538 4458 et

297 4497 444 4555 ϐάνοι
472 4519 557 4564 τις
584 4503 644 4554 τὸ
671 4502 866 4571 λόγιον.
893 4505 955 4557 Τί
981 4505 1086 4577 γὰρ
1111 4506 1223 4576 ἔχει
1259 4507 1452 4577 σεμνὸν
1474 4508 1567 4561 καὶ
1594 4508 1866 4579 ἀξιόλογον

296 4589 386 4644 ἐπὶ
412 4591 508 4644 τοῦ
537 4593 672 4646 Θεοῦ
710 4595 815 4646 τῶν
847 4596 982 4648 ὅλων
1017 4601 1331 4668 περιπατεῖν
1372 4598 1621 4667 λέγεσθαι
1651 4601 1745 4653 ἐπὶ
1768 4603 1866 4674 τῆς

300 4680 600 4752 θαλάσσης;
637 4685 761 4747 Πῶς
807 4686 863 4739 δὲ
918 4689 1010 4740 καὶ
1054 4689 1265 4760 νοηθείη
1303 4690 1600 4760 περίπατος
1638 4693 1731 4746 ἐπὶ
1767 4694 1866 4764 τῆς

299 4772 569 4846 θαλάσσης
605 4776 698 4828 τοῦ
741 4777 810 4830 τὰ
843 4779 1018 4833 πάντα
1056 4781 1418 4853 περιέχοντος,
1459 4784 1552 4836 καὶ
1583 4784 1672 4836 τὸν
1705 4785 1866 4856 ούρα-

299 4863 383 4916 νδν
410 4867 503 4919 καὶ
529 4867 628 4936 τὴν
650 4869 751 4938 γῆν
777 4869 1138 4940 πληροῦντος;
1167 4871 1256 4924 καὶ
1281 4873 1558 4942 μονονουχὶ
1582 4873 1830 4942 λέγοντος
1847 4891 1862 4905 ο

303 4974 323 5006 ι
369 4957 424 5010 '0
451 4959 679 5029 οὐρανός
707 4977 795 5029 μοι
821 4959 1025 5030 θρόνος,
1059 4963 1090 5032 ή
1119 4961 1176 5014 δὲ
1205 4961 1276 5031 γῆ
1303 4963 1587 5016 ὑποπόδιον
1625 4964 1733 5017 τῶν
1766 4983 1864 5019 πο-

301 5044 402 5099 δῶν
451 5065 580 5118 μου·
617 5069 635 5100 ι
665 5050 790 5102 καίο
837 5069 853 5100 ι
909 5051 1011 5102 Τὸν
1056 5050 1282 5122 ούρανὸν
1332 5052 1426 5104 καὶ
1468 5051 1565 5122 τὴν
1611 5054 1712 5122 γῆν
1755 5054 1864 5122 ἐγὼ

301 5136 516 5209 πληρῶ,
539 5139 684 5208 λέγει
711 5139 931 5212 Κύριος.
984 5160 1002 5192 ι
1037 5141 1093 5195 '0
1120 5141 1176 5194 δέ
1217 5159 1280 5210 γε
1316 5142 1507 5214 Σωτὴρ
1533 5143 1626 5196 καὶ
1663 5144 1863 5216 Κύριος

301 5229 470 5299 ἡμῶν,
522 5231 712 5285 ἑαυτὸν
757 5232 1020 5296 κενώσας,
1066 5233 1157 5286 καὶ
1195 5233 1406 5305 μορφὴν
1443 5235 1625 5288 δούλου
1664 5235 1861 5300 λαϐὼν,

301 5321 388 5374 καὶ
425 5325 664 5394 σχήματι
689 5325 931 5398 εὑρεθεὶς
953 5327 1028 5389 ὡς
1053 5325 1353 5398 ἄνθρωπος,
1388 5327 1584 5396 δεῖγμα
1609 5327 1710 5400 τῆς
1741 5331 1864 5386 λαν-

303 5409 560 5486 θανούσης
586 5419 711 5480 τοὺς
742 5418 968 5481 πολλοὺς
997 5418 1175 5470 ἐνθέου
1198 5417 1474 5486 δυνάμεως
1505 5418 1696 5472 ἑαυτοῦ
1722 5437 1862 5490 παρ-

303 5512 432 5582 έχων
457 5512 590 5582 ὀρᾷν
612 5513 722 5572 τοῖς
745 5510 938 5563 ἑαυτοῦ
969 5509 1256 5579 μαθηταῖς,
1293 5510 1386 5561 καὶ
1421 5513 1532 5572 τοῖς
1565 5509 1866 5574 θαλαττίοις

370 5715 412 5744 ⁷⁷
455 5713 555 5767 lsa.
591 5728 654 5772 L.
689 5711 744 5766 2.

303 5796 452 5846 uri,
493 5785 534 5836 ι.
612 5784 656 5814 ⁸³
690 5781 799 5836 Jer.
833 5795 1001 5844 χιιιι,
1037 5779 1126 5833 ‘24.

822 5711 864 5742 ⁷⁸
903 5709 1090 5763 Matth.
1128 5725 1332 5774 xan,
1375 5709 1455 5764 l9.
1533 5713 1576 5744 ⁷⁹
1614 5710 1758 5766 Psal.
1795 5727 1869 5775 Ix,
1904 5712 1990 5765 21.

1969 4500 2130 4557 Patre
2171 4500 2410 4554 universi
2449 4498 2736 4567 intelligat.
2785 4495 2925 4562 Quid
2973 4495 3118 4549 enim
3166 4494 3534 4548 venerationis

1968 4601 2061 4648 aut
2089 4591 2369 4663 dignitatis
2397 4591 2593 4643 habeat
2633 4588 2678 4643 si
2714 4587 2857 4643 Deus
2891 4586 3129 4640 universi
3171 4585 3450 4640 ambulare
3482 4586 3534 4638 in

1967 4684 2104 4738 mari
2132 4683 2384 4738 dicatur?
2423 4679 2741 4751 Cujusmodi
2767 4689 2946 4732 autem
2986 4676 3278 4732 ambulatio
3309 4675 3364 4730 in
3397 4675 3534 4730 mari

1965 4777 2297 4846 intelligetur
2330 4773 2495 4835 illius,
2525 4772 2620 4842 qui
2661 4770 2844 4825 omnia
2886 4769 3286 4839 complectitur,
3315 4783 3380 4822 ac
3423 4781 3536 4820 οω-

1973 4868 2084 4922 lum
2141 4875 2449 4935 terramque
2487 4863 2744 4931 complet,
2801 4870 2858 4916 et
2906 4859 3295 4930 propemodum
3347 4857 3531 4912 dicit:

1976 4979 1995 5014 ι
2033 4960 2241 5015 leum
2267 4958 2398 5013 mihi
2423 4957 2602 5023 sedes,
2631 4964 2780 5009 terra
2805 4962 2984 5009 autem
3016 4952 3305 5009 scabellum
3339 4951 3534 5021 pedum

1970 5067 2216 5108 meorum
2247 5051 2294 5087 ⁸⁸
2319 5050 2342 5101 ?
2379 5070 2396 5100 ι
2435 5049 2560 5103 item
2581 5047 2851 5103 :«leum
2884 5053 2938 5101 et
2967 5054 3167 5098 terram
3189 5060 3290 5113 ego
3313 5042 3532 5112 impleo,

1968 5143 2102 5198 dicit
2156 5143 2416 5200 Dominus
2446 5143 2510 5196 ⁸³.
2577 5132 2884 5196 ιδιιὶνιιῑοιδ
2934 5146 3116 5194 autem
3167 5152 3232 5191 ac
3276 5135 3535 5190 Dominus

1971 5245 2174 5300 noster,
2200 5249 2323 5288 cum
2373 5235 2613 5303 seipsum
2663 5230 3005 5287 evacuaverit
3033 5239 3087 5284 et
3131 5227 3360 5282 formam
3391 5225 3534 5282 servi

1971 5328 2261 5397 acceperit,
2291 5335 2346 5383 et
2375 5327 2562 5381 habitu
2595 5325 2846 5381 inventus
2877 5323 2946 5379 sit
2976 5332 3034 5376 ut
3063 5323 3255 5384 homo,
3293 5320 3422 5374 dum
3453 5318 3532 5373 si-

1972 5435 2134 5489 gnum
2161 5419 2281 5488 ejus
2307 5434 2428 5489 quae
2472 5418 2673 5473 multos
2702 5417 2903 5471 latebat
2949 5414 3146 5468 divina:
3176 5412 3392 5467 virtutis
3423 5424 3536 5467 sua).

1975 5511 2264 5566 videndum
2298 5511 2411 5566 suis
2462 5510 2662 5580 praebet
2719 5508 3030 5578 discipulis,
3091 5521 3254 5576 super
3292 5504 3535 5559 marinos

2071 5713 2113 5742 ⁸⁹
2154 5710 2253 5764 ιω)
2285 5726 2361 5777 1x,
2394 5709 2507 5773 7,8.
2584 5708 2626 5739 “
2669 5705 2855 5761 Matth.
2922 5721 3043 5771 xw,
3076 5702 3263 5756 22.27.
3343 5701 3383 5733 "
3424 5699 3530 5756 lsa.
