3908 6266
427 321 536 378 695

1097 318 1361 374 EUSEBII
1395 317 1876 375 CAESARIENSIS
1913 319 2064 376 OPP.
2095 319 2280 376 PARS
2320 320 2384 376 ll.
2419 354 2492 364 --
2533 322 3039 382 APOLOGETICA.
3546 333 3633 396 (396

427 434 626 496 ﬂuctus
653 438 966 500 incessnsse,
1003 444 1056 490 et
1091 444 1492 507 tempestatem,
1521 443 1820 506 ventosque
1853 435 1969 492 colui

2074 499 2076 510 λ
2105 437 2400 492 ἐπιϐαίνων
2433 439 2661 510 κύμασι,
2689 439 2783 493 καὶ
2813 439 2892 511 τῷ
2914 440 3143 494 κλύδωνι
3184 442 3275 495 καὶ
3310 446 3414 508 τοῖς
3445 446 3636 519 ἀνεμοις

425 533 634 598 buisse,
666 533 897 604 publica
951 530 1233 601 scripturae
1283 531 1598 586 testimonio
1656 529 1837 586 dictus
1887 538 1998 597 est,

423 642 536 700 quo
589 635 830 696 tempore
872 624 931 690 ii,
961 624 1054 695 qui
1080 623 1205 677 talia
1237 623 1611 688 intuebantur,
1636 623 1987 694 obstupesce-

421 719 556 776 bant
588 719 834 773 dicentes
869 735 884 772 :
921 735 939 768 ι
981 715 1116 784 Quis
1147 725 1232 773 est
1268 718 1389 782 hic,
1424 719 1514 774 cui
1555 718 1701 773 venti
1735 733 1996 788 mareque

421 816 797 881 obtemperant
821 811 906 864 ⁸³⁵2
963 829 982 862 ι
1022 811 1186 866 fuerit
1218 827 1346 866 vero
1392 809 1495 866 hoc
1548 813 1712 866 etiam
1769 810 1995 866 alterius

419 901 742 973 cujusdam.
799 902 945 974 quod
991 901 1343 972 intelligitur,
1401 903 1656 959 vastioris
1703 902 1870 957 maris
1913 903 1993 958 si-

416 1009 618 1063 gnum,
676 993 731 1050 in
783 1010 892 1065 quo
937 994 1104 1050 draco
1137 995 1358 1066 quidam
1407 1010 1530 1050 esse
1561 995 1784 1060 dicitur,
1817 993 1993 1051 factus

417 1087 553 1142 utin
584 1103 709 1142 eum
745 1087 978 1144 illudant
1011 1089 1187 1160 angeli
1212 1088 1328 1151 Dei,
1362 1103 1527 1158 super
1552 1104 1661 1160 quo
1689 1088 1816 1142 item
1853 1087 1989 1142 mari

416 1177 668 1233 Salvator
693 1194 757 1233 ac
785 1178 1051 1235 Dominus
1068 1190 1252 1236 noster
1277 1179 1438 1255 447
1466 1179 1810 1234 inambulans
1830 1186 1992 1248 caput

414 1269 528 1326 illic
582 1271 868 1326 constituti
921 1270 1197 1338 draconis,
1254 1272 1698 1340 reliquorumque
1754 1269 1848 1324 illo
1901 1270 1989 1324 in-

411 1361 675 1420 feriorum
709 1364 1008 1419 draconum
1037 1363 1236 1420 dicitur
1266 1363 1784 1432 contrivisse,juxta
1815 1362 1944 1416 illud
1971 1382 1984 1418 :

416 1473 438 1508 ι
477 1452 560 1508 Tu
593 1456 901 1510 contrivisti
933 1457 1110 1527 capita
1148 1454 1447 1509 draconum
1481 1469 1647 1524 super
1677 1469 1895 1523 aquam,
1928 1463 1986 1510 tu

410 1545 727 1618 conlregisti
749 1555 914 1618 caput
935 1547 1191 1603 draconis
1212 1547 1257 1579 ⁸⁸
1291 1565 1306 1602 :
1348 1567 1366 1599 ι
1394 1547 1554 1617 plane
1586 1547 1811 1601 alterius
1842 1547 1986 1616 quod

406 1637 730 1709 intelligitur
761 1639 952 1702 maris,
1005 1637 1073 1692 de
1105 1654 1214 1709 quo
1259 1637 1401 1694 idem
1453 1654 1646 1694 rursus
1689 1639 1742 1692 in
1777 1640 1986 1709 psalmo

407 1730 485 1784 ait
513 1750 526 1786 :
567 1749 586 1782 ι
623 1730 822 1786 Deveni
853 1731 908 1784 in
939 1730 1208 1802 profunda
1236 1731 1401 1786 maris
1430 1732 1497 1786 ⁸⁸.
1539 1751 1559 1782 ι
1599 1731 1665 1786 Et
1698 1731 1765 1785 ad
1794 1731 1894 1786 Job
1917 1730 1983 1786 de

404 1820 588 1892 seipse
636 1820 912 1876 disserens
981 1863 993 1875 .

403 1911 573 1968 maris
592 1954 607 1977 ,
625 1919 678 1970 et
694 1913 749 1967 in
764 1913 1010 1984 vestigiis
1037 1914 1216 1984 abyssi
1243 1913 1637 1970 deambulasti?
1659 1917 1979 1984 aperiuntur

403 2018 533 2060 vero
566 2003 663 2058 tibi
701 2004 899 2059 timore
924 2011 1094 2074 portae
1127 2003 1362 2060 mortis?
1395 2014 1447 2059 et
1475 2004 1744 2073 janitores
1774 2002 1978 2059 infero-

401 2112 525 2152 rum
541 2097 788 2152 videntes
805 2105 859 2152 te
888 2096 1366 2168 expaverunt"?»
1387 2095 1577 2152 Merito
1607 2096 1774 2168 igitur
1806 2095 1972 2150 etiam

399 2189 458 2246 in
487 2205 574 2253 ea,
601 2206 722 2260 quae
738 2189 803 2244 ad
825 2204 924 2245 nos
955 2191 1188 2261 pertinet
1218 2189 1348 2254 vita,
1377 2190 1504 2244 dum
1529 2190 1706 2260 ipsum
1727 2204 1874 2242 mare
1894 2189 1976 2242 in-

398 2283 642 2354 greditur
663 2291 716 2337 et
736 2291 948 2348 ventos,
975 2290 1463 2354 tempestatemque
1492 2282 1757 2354 increpat,
1792 2296 1973 2336 rerum

399 2375 456 2432 in
475 2375 691 2432 arcanis
716 2375 1020 2445 positarum
1049 2377 1205 2446 signa
1247 2375 1466 2432 interim
1496 2373 1610 2430 obit
1646 2388 1711 2428 ac
1741 2373 1969 2444 peragit.

395 2504 475 2563 Ab
497 2502 670 2563 Isaia.
697 2536 768 2549 -—-
791 2503 871 2560 De
898 2505 1050 2561 rebus
1078 2503 1144 2560 ab
1171 2505 1288 2574 ipso
1329 2503 1738 2560 admirabilibus
1785 2506 1968 2561 acuis.

470 2678 488 2712 ι
517 2657 921 2725 Convalescite,
946 2675 1142 2717 manus
1170 2659 1417 2714 remissae
1437 2667 1489 2715 et
1529 2675 1704 2732 genua
1733 2659 1972 2716 dissolu—

393 2760 470 2817 ta,
497 2753 1270 2824 eonsolamini,pusillanimes
1292 2753 1592 2817 intellectu,
1626 2752 1794 2809 fortes
1822 2760 1972 2808 esto-

393 2854 466 2909 te,
495 2853 549 2900 et
569 2845 739 2901 nolite
768 2846 990 2903 timere:
1013 2859 1142 2900 ecce
1161 2843 1306 2900 Deus
1337 2852 1527 2900 noster
1553 2843 1820 2914 judicium
1845 2842 1970 2897 red-

390 2937 470 2993 dit
497 2943 551 2992 et
577 2937 791 3001 reddet,
823 2936 942 3008 ipse
958 2934 1138 2991 veniet
1162 2942 1216 2990 et
1250 2936 1433 2992 salvos
1463 2935 1628 2993 faciet
1661 2949 1763 2989 nos
1790 2950 1804 2987 :
1836 2943 1969 2989 tunc

390 3029 704 3097 aperientur
733 3027 878 3082 oculi
928 3040 1222 3091 caecorum,
1253 3032 1309 3080 et
1353 3040 1516 3081 aures
1543 3025 1836 3082 surdorum
1865 3039 1965 3079 au-

388 3121 584 3186 dient;
623 3129 754 3174 tunc
800 3119 958 3174 saliet
992 3119 1136 3173 sicut
1179 3132 1378 3172 cervus
1421 3115 1671 3181 claudus,
1699 3123 1754 3171 et
1803 3117 1964 3187 plana

2096 531 2364 602 ἐπιτιμῶν
2389 533 2828 605 ἀναγέγραπται·
2857 533 2944 586 ὅτε
2966 534 3060 586 καὶ
3090 535 3138 588 οί
3157 535 3383 604 ὁρῶντες
3405 539 3631 614 egenam-

2095 639 2248 678 τοντο
2288 622 2570 692 λέγοντεςο
2609 641 2628 674 ι
2665 623 2911 688 Ποταπός
2951 627 3094 678 ἐστιν
3136 622 3307 693 οὗτος,
3355 630 3430 683 ὅτι
3471 633 3556 686 καὶ
3592 637 3635 688 οι

2095 712 2281 784 ἄνεμοι
2323 714 2418 768 καὶ
2457 715 2490 784 ή
2534 712 2777 772 Θάλασσα
2811 714 2958 785 αὐτῷ
2990 715 3286 782 ὑπακούει;
3323 737 3340 769 ι
3367 715 3430 789 ἦν
3467 721 3519 774 δὲ
3555 723 3633 778 καὶ

2093 806 2251 861 τοῦτο
2273 805 2431 860 ἄλλου
2458 807 2602 871 τινὸς
2639 805 2880 877 μείζονος
2912 807 3176 878 σύμϐολον
3215 812 3492 883 νοουμένης
3534 816 3635 868 ἑτέ-

2096 917 2197 972 ρας
2239 899 2531 973 θαλάσσης,
2571 896 2690 976 ἐνῇ
2728 901 2943 970 λέγεται
3002 901 3217 973 δράκων
3266 921 3347 966 τις
3381 901 3524 970 εἶναι,
3552 926 3636 962 πε-

2093 993 2387 1064 ποιημένος
2429 993 2925 1062 ἐγκαταπαίζεσθαι
2967 994 3072 1046 ὑπὸ
3121 993 3230 1046 τῶν
3281 995 3510 1064 ἀγγέλων
3553 998 3633 1054 τοῦ

2090 1083 2247 1148 Θεοῦ,
2279 1085 2363 1154 ἐφ’
2395 1085 2462 1158 ἥν
2495 1085 2588 1139 καὶ
2627 1086 2795 1156 αὐτὴν
2829 1087 2858 1137 ό
2898 1085 3088 1156 Σωτὴρ
3131 1086 3225 1138 καὶ
3268 1086 3460 1158 Κύριος
3497 1090 3634 1160 ἡμῶν

2091 1175 2566 1247 ἐμπεριπατήσας,
2605 1177 2702 1248 τὴν
2740 1177 2982 1248 κεφαλὴν
3021 1176 3114 1230 τοῦ
3161 1177 3343 1230 αὐτόθι
3379 1178 3634 1250 δράκοντος

2091 1267 2182 1322 καὶ
2228 1267 2336 1321 τῶν
2382 1267 2584 1322 λοιπῶν
2631 1269 3046 1341 ύποϐεϐηκότων
3090 1269 3395 1341 δρακόντων
3443 1272 3630 1340 λέγεται

2091 1360 2522 1430 συντετριφέναι,
2551 1359 2692 1414 κατά
2716 1362 2776 1417 τό
2795 1377 2808 1390 ⁸
2847 1379 2864 1411 ι
2904 1361 2974 1414 Σὺ
3011 1361 3340 1425 συνέθλασας
3365 1362 3457 1426 τὰς
3486 1381 3632 1431 κεφα-

2088 1449 2184 1514 λὰς
2211 1449 2319 1506 τῶν
2345 1451 2653 1524 δρακόντων
2682 1452 2777 1505 ἐπὶ
2803 1451 2896 1505 τοῦ
2936 1452 3144 1516 ὓδατος,
3172 1453 3266 1506 καὶ
3310 1455 3372 1507 σὺ
3407 1455 3632 1511 συνέθλα-

2090 1557 2187 1604 σας
2227 1541 2326 1604 τὰς
2375 1541 2614 1611 κεφαλὰς
2653 1542 2748 1599 τοῦ
2797 1544 3118 1616 δράκοντοςο
3171 1565 3188 1596 ι
3236 1546 3420 1615 σαφῶς
3465 1548 3632 1620 ἐτέρας

2085 1633 2381 1705 νοουμένης
2413 1633 2707 1705 θαλάσσης,
2743 1637 2869 1707 περὶ
2888 1633 2956 1704 ἦς
2987 1637 3146 1700 αὐτὸς
3179 1637 3340 1693 πάλιν
3370 1640 3425 1691 ἐν
3460 1639 3634 1711 ψαλμῷ

2086 1741 2280 1795 φησιν·
2317 1745 2334 1775 ι
2371 1721 2572 1780 Ἦλθον
2610 1728 2690 1790 εἰς
2731 1727 2799 1780 τὰ
2859 1727 2994 1799 βάθη
3035 1728 3134 1799 τῆς
3172 1727 3470 1798 θαλάσσης·
3506 1750 3523 1784 ³
3554 1729 3632 1786 καὶ

1044 1841 1063 1873 ι
1127 1819 1357 1888 Venisti,
1409 1821 1604 1892 inquit,
1661 1821 1727 1875 ad
1780 1821 1969 1879 fontem

2085 1815 2222 1886 πρὸς
2245 1815 2336 1869 τὸν
2372 1815 2490 1871 Ἰὼϐ
2519 1817 2588 1870 τὰ
2618 1818 2748 1889 περὶ
2791 1817 2984 1873 ἐαυτοῦ
3034 1818 3276 1883 διεξιών·
3313 1838 3330 1868 ι
3365 1816 3550 1883 Ἦλθες
3585 1820 3632 1877 δὲ

2085 1909 2176 1963 ἐπὶ
2221 1911 2404 1986 πηγὴν
2439 1910 2731 1982 θαλάσσης,
2797 1913 2856 1968 ἐν
2886 1911 2943 1969 δὲ
2984 1912 3183 1983 ἴχνεσιν
3225 1913 3457 1967 ἀϐύσσου
3500 1931 3635 1985 περι-

2082 2002 2398 2072 επάτησας;
2447 2002 2747 2071 ἀνοίγονται
2790 2004 2847 2058 δέ
2897 2022 2977 2058 σοι
3027 2005 3176 2076 φόϐῳ
3219 2006 3383 2060 πύλαι
3410 2006 3631 2072 θανάτου,

2083 2092 2322 2164 πυλωροὶ
2340 2094 2396 2147 δὲ
2419 2094 2544 2165 ᾅδου
2583 2095 2781 2159 ἰδόντες
2819 2113 2876 2152 σε
2921 2096 3187 2167 ἐπτηξανς
3229 2118 3245 2148 ι
3281 2099 3511 2162 Εἰκότως
3552 2095 3630 2152 οὖν

2081 2184 2184 2237 κάν
2213 2184 2291 2256 τῷ
2323 2184 2441 2238 καθ’
2469 2187 2617 2258 ἡμᾶς
2649 2185 2748 2261 βίῳ
2781 2187 2972 2252 ἐπιϐὰς
3015 2191 3080 2260 τῇ
3118 2188 3381 2261 Θαλάττῃ,
3421 2193 3505 2243 καὶ
3537 2193 3631 2252 τοῖς

2079 2275 2300 2348 ἀνέμοις
2325 2277 2656 2348 ἐπιτιμήσας
2679 2278 2774 2331 καὶ
2796 2278 2870 2349 τῷ
2903 2277 3152 2344 κλύδωνι,
3182 2281 3249 2333 τὰ
3275 2279 3515 2351 σύμϐολα
3538 2279 3630 2332 τῶν

2079 2369 2528 2442 ἀπορῤητοτέρων
2550 2369 2807 2424 ἐπιτελεῖ.

2091 2503 2234 2558 Ἀπὸ
2265 2503 2371 2558 τοῦ
2413 2504 2670 2561 Ἡσαΐου.
2705 2537 2775 2550 -ν
2816 2506 2956 2573 Περὶ
2995 2506 3115 2558 τῶν⁴
3155 2506 3634 2562 ἐπιτελεσθέντων

2497 2576 2598 2631 ὑπ’
2631 2576 2817 2630 αὐτοῦ
2855 2575 3229 2645 παραδόξων.

2153 2685 2171 2717 ι
2223 2666 2706 2743 ’ἰσχύσατεαεῖρες
2739 2671 3038 2745 ἀνειμέναι,
3087 2674 3180 2728 καὶ
3222 2674 3430 2743 γόνατα
3473 2691 3630 2746 παρα-

2073 2757 2370 2829 λελυμένα·
2397 2762 2814 2833 παρακαλέσατε
2849 2767 2898 2818 οί
2941 2764 3272 2836 δλιγόψυχοι,
3322 2769 3387 2838 τῇ
3426 2767 3628 2836 διανοίᾳ,

2077 2855 2351 2926 ἰσχύσατε,
2387 2857 2460 2928 μὴ
2477 2857 2753 2927 φοϐεῖσθε·
2777 2861 2886 2917 ἰδοὺ
2917 2865 2946 2916 ό
2967 2861 3100 2927 Θεὸς
3129 2864 3288 2938 ἡμῶν
3323 2865 3497 2937 κρίσιν
3518 2867 3629 2920 ἀντ-

2073 2943 2358 2998 αποδίδωσι
2382 2985 2397 3009 ,
2435 2947 2530 2999 καὶ
2568 2948 2954 3016 ἀνταποδὼσει,
2998 2953 3158 3016 αὐτὸς
3205 2953 3328 3024 ἥξει
3362 2956 3452 3008 καὶ
3487 2954 3630 3009 σώσει

2072 3034 2237 3106 ἡμᾶς.
2296 3036 2429 3093 Τότε
2478 3038 2887 3113 ἀνοιχθήσονται
2942 3042 3208 3118 ὀφθαλμοὶ
3263 3046 3495 3116 τυφλῶν,
3547 3047 3630 3102 καὶ

2071 3121 2183 3180 ῶτα
2215 3128 2415 3198 κωφῶν
2447 3130 2801 3189 ἀκούσονταιο
2848 3135 2968 3188 τότε
3020 3136 3226 3191 ἀλεῖται
3269 3139 3346 3203 ὡς
3387 3140 3569 3209 ἔλαφος
3605 3140 3629 3194 6

387 3214 494 3270 erit
519 3213 704 3284 lingua
728 3213 1090 3266 mutorum".
1125 3230 1144 3263 ι
1171 3209 1377 3268 Harum
1408 3209 1574 3280 igitur
1604 3225 1785 3265 rerum
1810 3225 1969 3265 even-

2074 3217 2261 3292 χωλὸς,
2308 3183 2400 3274 καὶ
2437 3223 2610 3294 τρανὴ
2659 3187 2810 3279 ἔσται
2856 3225 3076 3295 γλῶσσα
3128 3183 3452 3300 μογιλάλων.
3484 3183 3630 3284 ἷιξαῖ

384 3313 440 3362 ta
463 3305 517 3358 in
546 3302 859 3374 Evangeliis
886 3302 1085 3365 habes;
1111 3315 1259 3355 nunc
1275 3299 1518 3370 quidem,
1538 3297 1666 3353 dum
1695 3297 1762 3354 ad
1792 3297 1970 3367 ipsum

389 3394 731 3452 Saivatorem
773 3409 837 3448 ac
866 3393 1155 3450 Dominum
1199 3399 1477 3457 nostrum,
1505 3390 1866 3462 paralyticum
1888 3388 1971 3444 af-

386 3491 572 3549 ferunt
617 3489 674 3546 in
722 3489 864 3544 lecto
901 3487 1198 3558 iacentem,
1229 3500 1391 3555 quem
1447 3483 1694 3554 pristinae
1745 3483 1968 3539 sanitati

385 3596 497 3640 uno
527 3595 631 3636 suo
663 3577 830 3634 verbo
862 3577 1126 3642 restituit,
1152 3590 1301 3631 nunc
1333 3591 1464 3630 vero
1485 3575 1615 3630 dum
1653 3574 1967 3632 innumera-

383 3672 520 3731 biles
574 3673 704 3727 caeci
763 3679 817 3728 et
868 3671 1135 3726 daanionia
1184 3669 1474 3733 habentes,
1525 3683 1740 3726 necnon
1798 3665 1965 3720 variis

381 3766 798 3839 aagritudinibus
829 3773 884 3820 et
905 3763 1262 3836 languoribus
1291 3761 1495 3825 allecti,
1529 3759 1790 3816 salutaris
1815 3759 1963 3815 illius

382 3873 606 3928 virtutis
663 3869 931 3926 beneﬁcio
985 3869 1053 3924 ab
1087 3867 1342 3924 omnibus
1390 3865 1600 3921 morbis
1631 3863 1957 3920 liberantur.

381 3965 650 4023 Praaterea
679 3964 844 4018 etiam
893 3976 1041 4016 nunc
1089 3960 1147 4015 in
1187 3960 1276 4024 iis,
1312 3975 1432 4031 qua:
1461 3958 1516 4013 in
1547 3964 1664 4012 toto
1691 3957 1822 4011 orbe
1849 3964 1961 4010 ter-

381 4070 567 4115 rarum
605 4053 872 4122 ostendit,
914 4052 1044 4106 dum
1097 4051 1528 4109 innumerabiles
1575 4047 1958 4103 multitudines

380 4147 550 4203 variis
587 4145 811 4203 malitia:
849 4144 1143 4215 generibus
1184 4143 1502 4215 implicitas,
1527 4149 1581 4198 et
1613 4139 1958 4213 ignoratione

379 4253 621 4326 supremi
646 4252 743 4308 Dei
775 4251 1004 4309 refertas
1027 4253 1237 4306 animas
1261 4247 1956 4312 habentes,admirabiliter

377 4357 433 4405 et
487 4363 653 4419 supra
707 4363 924 4404 omnem
975 4348 1244 4403 rationem
1275 4345 1539 4402 doctrinae
1570 4359 1682 4400 suae
1717 4343 1954 4401 medica-

377 4439 581 4496 mentis
607 4447 766 4494 curat
793 4445 848 4492 et
878 4445 1059 4500 sanat,
1081 4443 1137 4490 et
1170 4445 1350 4490 tamen
1378 4433 1524 4504 quod
1550 4435 1717 4493 etiam
1758 4434 1816 4487 in
1864 4432 1952 4491 his

2069 3311 2272 3364 τούτων
2300 3312 2440 3385 ἔχεις
2470 3314 2528 3369 ἐν
2557 3317 2670 3378 τοῖς
2700 3317 3052 3385 Εύαγγελίοις
3093 3319 3164 3376 τὰ
3201 3321 3625 3393 ἀτιτοτελέσματα⁸

2068 3397 2254 3454 τούτου
2303 3401 2422 3472 μὲν,
2474 3405 2710 3476 ὁπηνίκα
2749 3406 2829 3476 τῷ
2875 3408 3083 3481 Σωτῆρι
3132 3411 3225 3466 καὶ
3269 3413 3455 3484 Κυρίῳ
3489 3412 3628 3483 ἡμῶν

2071 3491 2404 3565 προσέφερον
2432 3495 2802 3573 παραλυτικὸν
2843 3500 2935 3551 ἐπὶ
2969 3501 3155 3573 κλίνης
3197 3501 3544 3574 βεϐλημένον,
3577 3504 3628 3556 ὂν

2067 3584 2160 3640 καὶ
2187 3583 2314 3654 ὑγιῆ
2355 3585 2496 3658 λόγῳ
2544 3591 2932 3661 κατεστήσατοο
2974 3592 3162 3647 τούτου
3206 3594 3286 3656 δὲ,
3330 3596 3419 3648 ὅτε
3464 3595 3626 3668 μυρίοι

2064 3675 2252 3744 τυφλοὶ
2297 3678 2390 3732 καὶ
2431 3677 2833 3750 δαιμονιῶντες,
2868 3682 2946 3737 ἔτι
2992 3682 3096 3754 μὴν
3139 3683 3419 3756 διαφόροις
3468 3687 3627 3749 νόσοις

2064 3767 2157 3819 καὶ
2193 3767 2479 3837 μαλακίαις
2505 3772 2966 3844 καταπονούμενοι
2993 3775 3128 3848 πρὸς
3149 3775 3252 3846 τῆς
3282 3777 3446 3832 αὐτοῦ
3471 3793 3626 3847 σωτη-

2064 3858 2179 3931 ρίου
2208 3859 2486 3931 δυνάμεως
2507 3865 2612 3917 τῶν
2635 3864 2820 3918 παθῶν
2842 3867 3240 3940 ἀπηλλάττοντο
3259 3887 3273 3902 ·
3293 3871 3353 3922 ού
3378 3869 3479 3941 μὴν
3506 3867 3627 3923 ἀλλὰ

2061 3950 2155 4003 καὶ
2183 3953 2250 4008 δι’
2289 3947 2364 4006 ὧν
2397 3957 2561 4012 είσέτι
2601 3957 2695 4011 νῦν
2729 3957 2850 4016 καθ’
2891 3959 3018 4030 ὅλης
3054 3959 3154 4035 τῆς
3185 3962 3507 4035 οἰκουμένης
3539 3977 3626 4031 μυ-

2063 4042 2151 4114 ρία
2177 4043 2354 4116 πλήθη
2376 4047 2731 4117 πολυτρέποις
2757 4050 2955 4114 κακίας
2981 4051 3147 4108 εἴδεσι
3170 4051 3452 4123 δεδεμένα,
3473 4054 3633 4120 ἀγνω-

2060 4134 2180 4198 σίας
2213 4153 2271 4190 τε
2301 4137 2394 4196 τοῦ
2443 4139 2535 4192 ἐπὶ
2567 4140 2786 4197 πάντων
2823 4141 2958 4196 Θεοῦ
2993 4141 3090 4206 τάς
3137 4142 3323 4216 ψυχὰς·
3347 4143 3624 4214 πεπληρω-

2059 4227 2215 4299 μένα,
2249 4228 2566 4300 θαυμασίως
2611 4234 2705 4287 καὶ
2743 4233 2880 4304 ὑπὲρ
2914 4236 3090 4294 πάντα
3118 4235 3274 4304 λόγον
3299 4240 3414 4301 τοῖς
3439 4237 3534 4307 τῆς
3556 4235 3624 4288 δι·

2054 4317 2352 4386 δασκαλίας
2397 4323 2562 4376 αὐτοῦ
2613 4327 2922 4396 φαρμάκοις
2977 4329 3118 4383 ἰᾶται
3176 4330 3267 4382 καὶ
3324 4326 3618 4400 θεραπεύει.

2055 4411 2202 4484 Πλὴν
2227 4415 2308 4468 ὅτι
2332 4416 2426 4469 καὶ¹
2453 4416 2583 4482 Θεὸς
2610 4419 2667 4470 ἐν
2697 4419 2907 4483 τούτοις
2943 4421 3303 4495 ἀνηγόρευται
3342 4423 3480 4476 κατὰ
3515 4437 3624 4473 και-

377 4531 521 4588 Deus
553 4531 859 4602 appelletur
894 4545 995 4585 suo
1033 4537 1296 4602 tempore,
1331 4536 1588 4598 tanquam
1619 4526 1666 4582 is
1694 4527 1788 4597 qui
1819 4526 1951 4583 talia

2074 4505 2170 4570 >ὸν,
2199 4506 2275 4570 ὡς
2316 4507 2381 4560 ἂν
2419 4509 2641 4567 τοιαῦτα
2685 4512 2940 4585 ἐνεργῶν,
2982 4513 3081 4587 ἤδη
3117 4514 3383 4588 πρότερον
3421 4517 3546 4587 ἡμῖν
3572 4515 3623 4570 ἐν

373 4635 594 4700 emciat,
621 4635 946 4708 jampridem
998 4649 1030 4689 a
1079 4633 1260 4698 nobis,
1286 4633 1380 4688 ubi
1413 4633 1482 4689 de
1510 4632 1796 4690 divinitate
1827 4634 1950 4704 ejus

374 4729 686 4785 testimonia
717 4727 1068 4798 protulimus,
1095 4726 1528 4782 demonstratum
1579 4733 1683 4790 est,
1709 4733 1764 4782 et
1816 4742 1952 4782 sane

373 4821 420 4878 si
449 4836 689 4896 unquam
737 4820 893 4884 alias,
925 4835 1073 4876 nunc
1121 4818 1356 4875 maxime
1415 4819 1733 4874 convenerit
1779 4818 1949 4874 Deum

371 4915 539 4989 “8
589 4914 743 4972 illum
788 4914 1058 4981 conﬁteri,
1087 4911 1308 4983 quando
1339 4921 1394 4968 et
1423 4911 1620 4969 divinae
1652 4921 1707 4970 et
1761 4928 1952 4969 revera

374 5008 541 5064 Deum
577 5008 875 5078 complexa:
907 5007 1129 5062 virtutis
1157 5006 1271 5076 jam
1322 5006 1481 5076 plane
1533 5021 1699 5077 opera
1753 5005 1943 5063 edidit.

373 5102 431 5156 Si
455 5103 677 5174 quidem
706 5103 874 5158 unius
917 5100 1011 5156 Dei
1042 5114 1145 5155 nec
1183 5099 1417 5158 alterius
1452 5109 1716 5170 praeterea
1758 5099 1946 5170 cujus-

372 5209 515 5278 piam
563 5223 764 5264 munus
809 5207 1003 5272 fuerit,
1045 5204 1405 5262 corroborare
1455 5206 1777 5272 dissolutos,
1825 5208 1948 5263 vitae

370 5303 600 5359 reddere
654 5310 924 5367 mortuos,
986 5302 1227 5372 praebere
1265 5304 1497 5359 salutem
1527 5302 1944 5373 aegrotantibus,

367 5423 639 5464 caecorum
691 5409 905 5481 aperire
959 5410 1172 5476 oculos,
1229 5425 1501 5481 auresque
1549 5410 1679 5466 item
1745 5426 1943 5472 sanare

367 5515 683 5583 surdorum,
707 5526 762 5574 et
790 5516 1000 5588 erigere
1021 5519 1268 5586 claudos,
1291 5528 1345 5576 et
1365 5520 1605 5591 linguam
1625 5520 1941 5592 impeditam

473 5699 518 5730 ‘“
559 5699 751 5757 Matth.
785 5718 918 5769 vni,
953 5702 1043 5758 27.

366 5785 513 5826 xxxv
537 5807 552 5834 ,
585 5769 699 5824 5-5.

1158 5705 1203 5737 "
1241 5702 1390 5761 Psal.
1426 5721 1631 5773 tum,
1671 5706 1855 5774 l3,ll.

1963 5707 2010 5740 “
2045 5706 2188 5766 Psal.
2221 5722 2392 5766 vam
2417 5748 2433 5775 ,
2470 5708 2523 5764 3.

2057 4600 2178 4661 ταῖς
2206 4598 2334 4670 περὶ
2367 4599 2464 4670 τῆς
2497 4601 2748 4672 θεότητος
2778 4603 2940 4656 αὐτοῦ
2992 4605 3320 4676 μαρτυρίαις
3366 4605 3622 4659 ἀποδέδειρ

2060 4704 2204 4743 κται.
2234 4689 2360 4741 Kal.‘
2381 4689 2585 4762 ἔπρεπέ
2618 4710 2681 4762 γε
2718 4693 2813 4748 νῦν
2847 4695 2999 4764 γοῦν,
3035 4697 3084 4749 εί
3114 4697 3206 4751 καὶ
3248 4696 3456 4760 ἄλλοτε,
3501 4694 3622 4750 Θεὸν

2057 4780 2218 4834 αὐτὸν
2270 4782 2678 4852 ὁμολογεῖσθαι,
2741 4788 2822 4841 ὅτι
2882 4789 2975 4842 καὶ
3029 4789 3164 4862 ἔργα
3215 4788 3368 4853 θείας
3407 4789 3500 4842 καὶ
3554 4787 3622 4850 ὡς

2056 4873 2271 4945 ἀληθῶς
2323 4875 2504 4929 ἐνθέου
2576 4877 2857 4950 δυνάμεως
2915 4880 3274 4936 ἐπεδείκνυτο.
3330 4880 3466 4934 Θεοῦ
3523 4879 3620 4952 γὰρ

2058 4967 2220 5036 μόνου
2265 4963 2334 5039 ἦν
2381 4971 2472 5023 καὶ
2512 4971 2631 5025 οὐδὲ
2675 4972 2834 5029 ἄλλου
2890 4973 3152 5046 ρωννύναι
3209 4974 3308 5045 μὲν
3367 4972 3621 5046 παρειμέ-

2054 5075 2196 5124 νους,
2225 5060 2505 5130 ζωογονεῖν
2550 5063 2608 5116 δὲ
2649 5067 2890 5141 νεκροὺς,
2929 5066 3200 5138 σωτηρίαν
3243 5083 3301 5119 τε
3349 5066 3618 5120 ἀσθενοῦσι

2055 5153 2334 5224 παρέχειν,
2359 5155 2592 5223 ἀνοίγειν
2619 5175 2678 5211 τε
2702 5158 3010 5230 ὀφθαλμοὺς
3038 5159 3274 5229 τυφλῶν,
3301 5159 3399 5212 καὶ
3431 5157 3618 5227 κωφῶν

2053 5246 2313 5310 ὡσαύτως
2361 5248 2529 5312 ἀκοὰς
2585 5250 2793 5314 ἰᾶσθαι,
2841 5252 3046 5322 χωλούς
3099 5270 3158 5307 τε
3201 5253 3482 5325 ἀνορθοῦν,
3533 5250 3617 5302 καὶ

2051 5341 2178 5403 τοὺς
2201 5340 2297 5410 τὴν
2325 5341 2567 5410 γλῶτταν
2595 5343 2906 5414 δεδεμένους
2937 5345 3190 5409 εύλάλους
3220 5346 3613 5415 ἀποκαθιστᾷν·

2050 5433 2193 5504 ἅπερ
2227 5433 2438 5488 ἅπαντα
2467 5435 2571 5509 ύτςὸ
2605 5436 2696 5488 τοῦ
2723 5437 2976 5509 Σωτῆρος
3006 5438 3159 5509 ἡμῶν
3181 5437 3357 5508 Ἰησοῦ
3389 5433 3612 5508 Χριστοῦ

2049 5523 2380 5594 πέπρακται,
2408 5520 2495 5580 οἷα
2525 5520 2632 5580 ύπὸ
2653 5527 2810 5592 Θεοῦ,
2837 5529 2930 5583 καὶ
2977 5528 3394 5601 μεμαρτύρηται
3427 5544 3488 5597 γε
3517 5523 3614 5578 ὑπὸ

2630 5710 2674 5742 ⁸⁹
2713 5708 2816 5766 Job
2845 5723 3088 5775 xxxviii,
3127 5707 3312 5766 16-17.
3427 5707 3473 5740 ⁸⁸
3509 5704 3608 5761 isa.
