3908 6266
223 357 314 414 697

1109 359 1766 419 DEMONSTRATIONlS
1808 361 2264 418 EVANGELICAS
2299 363 2428 418 LIB.
2458 361 2550 420 IX.

3359 365 3463 421 698

221 473 469 528 mtdes
496 475 604 530 τῶν
637 478 759 533 καθ’
797 479 925 550 ὅλης
945 480 1046 551 τῆς
1082 481 1404 553 οἰκουμένης
1434 483 1757 554 κηρυξάντω·

1858 482 2214 542 habentibus
2270 481 2578 537 facultatem
2629 480 2885 552 loquendi
2939 483 3229 538 restituere
3259 523 3274 548 ,
3332 500 3452 554 quae

222 563 396 618 αὑτόν·
435 559 512 620 ὢν
549 567 610 621 τὸ
651 569 924 624 ἄπλαστον
960 573 1053 625 καὶ
1096 571 1292 644 ἀληθὲς
1341 575 1441 644 τῆς
1487 575 1790 646 μαρτυρίας

216 656 497 731 ’πιστοῦται
533 661 565 728 ἡ
597 659 683 714 διὰ
712 661 960 732 βασάνων
993 666 1178 736 πεῖρα,
1214 666 1308 718 καὶ
1353 667 1386 735 ή
1425 665 1585 736 μέχρι
1627 667 1790 720 θανά-

219 765 295 800 του
326 746 598 815 ἔνστασις,
632 753 697 824 ῆν
724 755 815 806 ἐπὶ
845 755 1124 824 βασιλέων,
1152 757 1425 827 ἀρχόντων
1450 775 1507 810 τε
1541 758 1635 811 καὶ
1659 761 1788 829 ήγε-

220 841 402 910 μόνων,
439 845 534 896 καὶ
570 844 705 897 ὅλων
742 845 909 899 έθνῶν
957 847 1308 914 ἐνεδείξαντο,
1341 852 1453 911 τοῖς
1485 849 1576 902 ὑπ’
1609 849 1786 902 αὑτῶν

217 935 626 1005 κηρυττομένοις
655 936 912 1008 ἀλήθειαν
955 941 1513 1012 ἐπιμαρτυρήσαντες.
1565 940 1786 1004 Τούτοις

212 1026 258 1080 δὲ
286 1027 473 1090 αὐτοῖς
504 1028 741 1100 ήγοῦμαι
765 1033 877 1094 τοῖς
905 1031 1314 1100 εύαγγελισταῖς
1338 1031 1501 1086 αὑτοῦ
1530 1035 1622 1086 καὶ
1651 1033 1785 1086 ἀπο-

213 1115 404 1178 στόλοις
437 1118 728 1186 ὲπιερωνεῖν
763 1120 824 1172 τὸ
864 1121 1078 1191 πνεῦμα
1114 1123 1175 1176 τὸ
1210 1122 1544 1196 προφητικὸν
1573 1122 1642 1176 τὰ
1674 1122 1782 1176 ἀπὸ

208 1207 308 1273 τοῦ,
343 1227 361 1260 ι
407 1209 704 1280 Ἰσχύσατε,
735 1215 916 1284 χεῖρες
949 1214 1246 1284 ἀνειμέναι,
1275 1215 1369 1267 καὶ
1388 1214 1587 1283 γόνατα
1610 1230 1782 1284 παρα-

209 1298 485 1370 λελυμὲνα.
529 1320 547 1352 ι
600 1301 752 1356 Ἐπεὶ
786 1303 894 1375 γὰρ
924 1304 1024 1368 τὰς
1055 1309 1244 1376 χεῖρας
1281 1307 1372 1359 καὶ
1412 1305 1510 1369 τάς
1542 1322 1775 1376 πρακτι-

205 1389 296 1452 κὰς
327 1390 590 1461 δυνάμεις
618 1387 781 1456 οὗτοι,
821 1394 918 1458 τάς
952 1413 1009 1448 τε
1059 1396 1244 1466 βάσεις
1281 1398 1376 1449 καί⁵
1413 1397 1510 1468 τὴν
1555 1397 1776 1468 πορείαν

202 1480 298 1538 ἀπὺ
349 1483 453 1555 τῆς
503 1487 721 1556 μακρᾶς
765 1488 1012 1559 περιόδου
1043 1489 1143 1560 τῆς
1189 1489 1329 1543 κατὰ
1363 1490 1454 1542 τὸν
1502 1491 1777 1553 Μωῦσέως

201 1569 350 1638 νόμον
378 1570 634 1643 λατρείας
666 1575 1024 1646 παρείθησαν,
1046 1577 1327 1648 διεγείρων
1349 1580 1544 1643 αὐτοὺς
1563 1579 1656 1632 ἐπὶ
1675 1581 1774 1652 τὴν

201 1659 330 1713 κατά
361 1659 424 1712 τὸ
452 1660 784 1729 Εύαγγέλιον
841 1665 1152 1719 πολιτείαν
1195 1685 1214 1718 ι
1258 1667 1553 1738 Ἰσχύσατε,
1615 1669 1769 1740 φησὶ,

199 1754 370 1823 χεῖρες
423 1754 732 1824 ἀνειμέναι,
802 1757 897 1810 καί
926 1757 1125 1825 γόνατα
1159 1760 1596 1831 παραλελυμένοι,
1640 1781 1659 1814 ι
1692 1763 1773 1825 εἰς

1889 573 2072 630 omnia
2107 571 2360 627 Salvator
2393 587 2456 625 ac
2490 571 2750 625 Dominus
2794 579 2980 626 noster
3020 569 3179 626 Jesns
3207 571 3458 626 Christus

1890 662 2286 718 admirabiliter
2319 663 2592 732 praestitit,
2634 669 2894 732 tanquam
2944 663 2991 717 is
3044 663 3137 732 qui
3193 677 3353 716 verus
3386 663 3459 716 sit

1889 753 2055 818 Deus,
2087 763 2141 809 et
2180 754 2294 809 haec
2338 753 2521 808 omnia
2563 753 2856 807 multorum
2897 754 3227 819 testimonio,
3261 754 3352 823 qni
3386 754 3455 807 il-

1884 847 1999 902 lum
2036 846 2092 901 in
2129 855 2243 902 toto
2275 847 2410 901 orbe
2445 846 2826 916 pmdicarunt,
2871 845 3028 899 tidem
3081 857 3450 916 acceperunt:

1884 955 2115 1010 quorum
2147 938 2444 994 testimonii
2467 947 2520 993 et
2547 939 2947 1007 simplicitatem
2974 946 3028 992 et
3055 940 3332 993 veritatem
3358 954 3455 995 ex-

1884 1033 2117 1104 ploratio
2151 1047 2248 1101 per
2287 1039 2556 1085 tormenta
2588 1028 2894 1091 conﬁrmat,
2923 1037 2978 1082 et
3003 1044 3173 1098 usque
3205 1030 3268 1084 ad
3305 1045 3452 1084 mor-

1882 1133 1990 1180 tem
2024 1123 2269 1180 certandi
2305 1120 2731 1192 perseverantia,
2763 1135 2924 1187 quam
2976 1121 3029 1174 in
3070 1130 3363 1190 conspectu
3395 1127 3452 1177 et

1881 1233 2092 1287 regum,
2122 1223 2176 1271 et
2222 1213 2550 1284 principum,
2573 1219 2627 1266 et
2656 1211 2945 1281 praesidum
2995 1219 3048 1266 et
3074 1212 3447 1267 universarum

1879 1307 2123 1379 gentium
2184 1305 2573 1376 praestiterunt,
2611 1305 2739 1359 dum
2784 1318 2992 1368 eorum,
3027 1318 3146 1372 quae
3199 1303 3266 1356 ab
3311 1304 3445 1373 ipsis

1880 1397 2336 1468 praedicabantur,
2389 1395 2606 1449 veritati
2636 1395 2815 1454 iidem
2859 1393 2938 1448 sic
2995 1393 3220 1448 faciunt.
3277 1393 3445 1449 Porro

1877 1497 2058 1544 antem
2078 1487 2142 1542 ad
2171 1488 2272 1542 hos
2297 1489 2448 1558 ipsos
2466 1495 2518 1541 et
2542 1487 2905 1556 evangelistas
2927 1485 3046 1554 ejus
3067 1494 3122 1539 et
3147 1485 3442 1554 apostolos,

1875 1581 2127 1652 spiritum
2163 1579 2402 1633 arbitror
2436 1578 2732 1632 inclamare
2784 1577 3184 1646 propheticum,
3231 1591 3292 1630 ea
3324 1591 3446 1646 quae

1874 1675 2129 1743 deinceps
2160 1679 2485 1742 sequuntur,
2519 1669 2588 1724 ab
2638 1670 2730 1723 illo
2771 1670 2934 1723 loco:
2973 1687 2989 1719 ι
3041 1666 3438 1732 Convalescite,

1873 1781 2068 1820 manus
2091 1765 2353 1822 remissae.
2368 1771 2422 1818 et
2450 1777 2622 1824 genua
2645 1761 2929 1816 dissoluta.
2971 1780 2988 1812 ι
3019 1759 3153 1814 Nam
3183 1761 3440 1830 quoniam

198 1843 502 1914 ἑτοιμασίαν
535 1845 734 1918 δηλαδὴ
767 1847 860 1900 τοῦ
903 1847 1044 1902 κατά
1083 1850 1144 1902 τὸ
1191 1850 1518 1919 Εὑαγγέλιον
1544 1852 1757 1923 δρόμου.

1871 1856 1924 1910 hi
1953 1864 2008 1909 et
2036 1854 2310 1915 manibus,
2342 1864 2396 1908 et
2420 1853 2627 1906 viribus
2662 1866 2781 1920 qua:
2835 1851 2902 1905 ad
2957 1851 3220 1921 agendum
3276 1853 3442 1921 perti-

204 1932 472 2004 Ὶσχύσατε
516 1935 572 1990 δὲ
615 1939 707 1991 καὶ
753 1939 835 2002 εἰς
881 1939 944 1992 τὸ
991 1941 1330 2012 παρακαλεῖν
1373 1943 1622 2014 ἑτέρους,
1674 1944 1767 1998 καὶ

195 2029 473 2099 παρορμᾷν
504 2028 720 2099 ἔχεσθαι
751 2032 850 2103 τῆς
879 2032 1236 2106 εὐαγγελικῆς
1284 2034 1574 2106 σωτηρίας,
1609 2036 1767 2105 ὑμεῖς

193 2121 233 2172 οἰ
261 2121 326 2174 τὸ
359 2123 487 2193 πρὶν
519 2123 850 2194 όλιγόψυχοι,
887 2127 981 2179 καὶ
1017 2127 1089 2198 μή
1123 2144 1206 2190 τις
1240 2128 1383 2198 ὑμᾶς
1414 2129 1636 2200 αἱρείτω
1666 2129 1763 2198 φό-

193 2210 276 2274 6o;
303 2210 411 2265 τῶν
445 2213 643 2279 ἔξωθεν
675 2214 1080 2286 ἀνθισταμένων
1111 2215 1192 2288 τῷ
1225 2218 1561 2289 εὐαγγελικῷ
1590 2217 1762 2290 κηρύ-

193 2315 378 2370 γματι·
429 2302 564 2356 ἀλλά
609 2305 703 2358 καὶ
755 2307 890 2377 πρὸς
937 2305 1160 2370 τούτους
1217 2308 1490 2377 ἰσχύσατε,
1539 2310 1633 2362 καί
1687 2310 1760 2382 μὴ

195 2392 451 2460 φοϐεῖσθε.
507 2395 638 2461 Θεὸς
693 2397 803 2468 γὰρ
850 2394 918 2469 ῆν
973 2399 1068 2452 καὶ
1123 2398 1258 2452 Θεοῦ
1304 2399 1494 2468 Λόγος,
1537 2400 1651 2454 ἀλλ’
1699 2403 1760 2454 οὑ

192 2486 403 2541 Μωῦσεῐ
444 2505 530 2552 τις
569 2491 968 2561 παραπλήσιος,
1003 2489 1128 2543 ούδέ
1167 2507 1252 2553 τις
1294 2494 1408 2554 τοῖς
1456 2492 1762 2562 προφήταις

189 2578 379 2647 ὅμοιος,
403 2580 464 2632 ού
499 2580 672 2651 μόνων
696 2581 806 2635 τῶν
831 2580 1146 2653 παραδόξων
1178 2578 1406 2651 ποιητὴς
1438 2579 1755 2650 θαυμάτων,

190 2646 311 2722 ἀλλὰ
335 2671 428 2724 καί
455 2646 582 2743 ὑμῖν
607 2673 788 2736 αὐτοῖς
819 2646 923 2743 τῆς
959 2671 1143 2742 ἰσχύος
1175 2646 1414 2741 γεγονώς
1441 2646 1630 2736 αἴτιος.
1661 2673 1759 2724 Ili—
1783 2646 1798 2666 .

190 2777 294 2825 στις
316 2761 360 2815 δ’
392 2763 457 2816 ἂν
503 2764 709 2832 γένοιτο
747 2765 1116 2836 ἐναργεστάτη
1159 2763 1260 2834 τῆς
1292 2763 1384 2817 τοῦ
1417 2781 1758 2835 προφητευό-

191 2853 338 2924 μένου
370 2855 622 2928 Σωτῆρος
661 2856 818 2927 ἡμῶν
853 2857 1034 2911 ἐνθέου
1080 2857 1380 2927 δυνάμεως,
1411 2857 1478 2910 δι’
1514 2853 1582 2928 ἦς
1620 2857 1754 2928 ἀλη-

187 2944 285 3008 θῶς
329 2947 534 3016 χωλοὺς
580 2948 671 3000 καὶ
724 2947 976 3016 τυφλοὺς,
1021 2948 1115 3002 καὶ
1155 2947 1412 3018 λεπροὺς,
1471 2948 1564 3000 καὶ
1615 2963 1756 3018 παρ-

187 3037 420 3106 ειμένους
469 3039 655 3094 ἰάσατό
710 3058 842 3094 ποτε
897 3039 1066 3112 λόγῳ,
1120 3039 1262 3094 κατά
1315 3039 1415 3104 τὰς
1465 3042 1594 3112 περὶ⁹
1653 3041 1752 3094 αὑ-

185 3128 268 3182 τοῦ
302 3131 554 3201 Γραφάς.
607 3135 641 3203 ἡ
693 3135 789 3187 καὶ
830 3132 996 3186 εἰσέτι
1056 3131 1149 3185 νῦν
1203 3132 1568 3205 ἐνεργουμένη
1616 3131 1750 3203 πρὸς
1778 3186 1819 3244 c

184 3220 276 3291 τῆς
319 3223 482 3276 αὑτοῦ
535 3224 787 3295 θεότητος
839 3223 962 3278 καθ’
1007 3223 1135 3294 ὅλης
1179 3223 1281 3293 τῆς
1328 3221 1631 3294 ἀνθρώπιον
1675 3224 1752 3276 οἰ-

185 3312 440 3383 κουμένης
484 3313 652 3386 ἀρετὴ
680 3353 696 3378 ,
747 3314 812 3367 δι’
853 3310 922 3387 ἦς
973 3314 1156 3376 αὐτοῖς
1213 3311 1394 3383 ἔργοις
1435 3312 1617 3375 ὁποῖός
1668 3329 1752 3376 τις

186 3394 246 3469 ἦν
286 3403 378 3456 καί⁸
426 3403 579 3465 τότε,
630 3405 744 3467 τοῖς
793 3403 924 3467 οἵοις
973 3420 1034 3456 τε
1082 3404 1310 3474 συνορᾷν
1356 3401 1747 3456 ὲπιδείκνυται’

186 3491 263 3544 ὅτε
287 3493 376 3547 καὶ
400 3493 491 3546 ἐπὶ
509 3492 783 3558 τοσούτοις
809 3495 945 3566 μετά
965 3493 1141 3548 ταῦτα
1168 3494 1382 3564 χρόνοις
1407 3493 1635 3566 διαρκὴς
1656 3493 1750 3548 καὶ

187 3585 450 3657 ἀνίκητος,
493 3588 582 3641 καὶ
626 3587 700 3651 ὡς
728 3588 944 3660 ἀληθῶς
969 3587 1105 3642 Θεοῦ
1134 3589 1323 3657 Λόγος,
1355 3589 1384 3641 ό
1413 3589 1550 3660 πρὸς
1586 3589 1749 3644 αὑτοῦ

189 3678 560 3746 καταγγελθεὶς
596 3679 996 3743 ἀποδείκνυται,
1033 3679 1244 3743 πάντας
1277 3679 1751 3750 ὑπερϐαλλόμενος

189 3767 300 3830 τοὺς
326 3769 561 3840 ἀρχῆθεν
589 3771 683 3823 καὶ
716 3769 878 3840 μέχρι
907 3768 1000 3822 τοῦ
1033 3769 1128 3822 νῦν
1157 3770 1255 3840 τὴν
1277 3769 1623 3823 διδασκαλίαν
1647 3770 1747 3823 αὑ-

189 3855 272 3909 τοῦ
299 3857 549 3930 πολεμεῖν
580 3861 1152 3932 παρεσκευασμένους,
1195 3862 1254 3927 ἐξ
1289 3862 1505 3933 ἀπάσης
1544 3879 1603 3916 τε
1647 3863 1748 3934 τῆς

189 3949 494 4022 οἰκουμένης
525 3950 868 4022 ὑπαγόμενος
894 3951 1070 4023 ὲαυτῷ
1099 3951 1266 4024 μυρία
1296 3951 1494 4024 πλήθη,
1520 3953 1614 4008 καὶ
1642 3953 1750 4008 πά-

194 4056 278 4110 σης
305 4043 400 4111 μὲν
425 4041 700 4113 ἁμαρτίας
734 4044 828 4096 καὶ
848 4043 956 4096 τῶν
984 4043 1124 4097 κατά
1151 4043 1328 4115 ψυχὴν
1357 4043 1543 4096 παθῶν
1565 4061 1625 4097 τε
1655 4047 1747 4100 καὶ

191 4134 489 4204 νοσημάτων
524 4135 652 4197 τοὺς
686 4134 834 4205 αὑτῷ
873 4134 1194 4206 προσιόντας
1232 4133 1613 4200 ἀπαλλάσσων,
1654 4138 1746 4192 ἐπὶ

190 4223 234 4276 δὲ
258 4227 349 4297 τήν
373 4227 572 4297 εύσεδῆ
599 4226 946 4281 διδασκαλίαν
969 4227 1134 4280 αὑτοῦ
1164 4229 1270 4280 πᾶν
1293 4227 1447 4296 γένος
1482 4227 1744 4300 Ἑλλήνων

190 4318 267 4370 καὶ
317 4318 604 4391 βαρϐάρων
656 4320 1149 4392 προσκαλούμενος,
1199 4322 1428 4392 μυρίους
1474 4338 1534 4374 τε
1587 4323 1744 4387 ὅσους

188 4411 456 4480 προσάγων
486 4398 578 4464 ἐπί
603 4411 701 4484 τὴν
730 4412 824 4464 τοῦ
856 4413 1016 4483 μόνου
1046 4413 1140 4466 καὶ
1169 4411 1401 4483 ἀληθοῦς
1431 4412 1567 4465 Θεοῦ
1601 4412 1743 4482 γνῶ-

192 4515 278 4563 σιν,
299 4503 384 4555 ὲπί
412 4520 472 4556 τε
497 4504 588 4556 τὸν
617 4504 742 4575 ὑγιῆ
768 4505 862 4557 καὶ
889 4503 1139 4576 σώφρονα
1165 4503 1298 4574 βίον,
1322 4495 1381 4568 ὃς
1401 4504 1464 4576 δὴ
1490 4507 1583 4559 καὶ
1604 4506 1741 4577 πρέ-
1776 4544 1817 4596 D

188 4607 286 4646 πων
329 4596 410 4668 εἴη
443 4596 509 4650 ἂν
558 4597 858 4668 ἐπαγγελία
903 4596 1202 4670 θρησκείας
1244 4597 1337 4650 τοῦ
1390 4599 1481 4651 ἐπὶ
1526 4599 1744 4652 πάντων

188 4683 322 4740 Θεοῦ.
361 4682 527 4753 Οὗτος
571 4689 628 4742 δὲ
667 4689 830 4752 αὐτὸς
858 4691 886 4742 ό
914 4689 1046 4753 Θεὸς
1091 4689 1267 4762 ήμῶν,
1311 4688 1408 4742 ἅτε
1461 4691 1742 4761 τυγχάνων

188 4775 303 4830 Θεοῦ
355 4781 544 4849 Λόγος,
599 4800 616 4832 ι
662 4779 878 4852 Κρίσιν,
944 4781 1126 4852 φησὶν,
1186 4779 1595 4842 ἀνταποδίδωσι,
1644 4779 1740 4832 καὶ

188 4866 548 4936 ἀνταποδώσει,
575 4872 738 4935 αὑτὸς
763 4872 882 4944 ἥξει
907 4873 998 4925 καὶ
1027 4870 1187 4925 σώσει
1212 4873 1375 4941 ἡμᾶς.
1409 4889 1426 4921 ι
1457 4870 1612 4923 Κατὰ
1631 4869 1738 4940 γὰρ

188 4959 262 5012 τὸν
289 4961 493 5033 ψαλμὸν
527 4965 807 5034 φήσανταο
855 4983 873 5013 ‹
922 4963 980 5015 '0
1008 4962 1140 5025 Θεὸς
1165 5001 1179 5025 ,
1224 4962 1286 5014 τὸ
1317 4959 1492 5031 κρῖμά
1525 4976 1618 5011 σου
1661 4959 1739 5028 τῷ

191 5047 376 5118 βασιλεῖ
396 5055 504 5120 δός,
533 5075 552 5108 ι
586 5058 680 5110 καὶ
702 5055 844 5109 κατὰ
862 5055 958 5127 τὴν
979 5053 1340 5125 εύαγγελικὴν
1372 5052 1734 5117 διδασκαλίαν,

189 5138 242 5194 δι’
265 5139 327 5213 ἦς
358 5147 586 5219 είρηταν
623 5167 640 5198 ι
688 5147 746 5200 '0
786 5145 976 5217 Πατὴρ
1013 5145 1185 5217 κρίνει
1219 5143 1429 5204 οὐδένα,
1474 5142 1609 5195 ἀλλά
1638 5142 1736 5213 τὴν

189 5234 346 5304 κρίσιν
368 5241 546 5292 πᾶσαν
575 5239 774 5292 δέδωκε
799 5237 876 5310 τῷ
901 5237 1030 5308 Υἰῴ,
1059 5258 1076 5288 ι
1106 5235 1256 5307 παρὰ
1281 5235 1374 5288 τοῦ
1401 5234 1614 5306 Πατρὸς
1635 5233 1734 5305 τὴν

188 5324 270 5377 τοῦ
295 5329 488 5399 κρίνειν
515 5330 755 5402 εἰληφὼς
782 5330 1047 5395 ἐξουσίαν,
1074 5327 1388 5400 δικαιοσύνη
1413 5325 1632 5398 κρίνων,
1658 5325 1737 5397 τῷ

193 5415 279 5483 μὲν
308 5420 366 5474 ὲκ
391 5423 692 5494 περιτομῆς
719 5421 832 5493 λαῷ
859 5422 956 5492 τὴν
990 5421 1368 5492 προσήκουσαν
1400 5418 1508 5472 τῶν
1535 5420 1614 5482 εἰς
1638 5418 1736 5471 αύ-

189 5507 267 5560 τόν
300 5528 353 5564 τε
377 5515 610 5578 καὶτοὺς
637 5513 800 5567 αὑτοῦ
829 5513 1112 5584 προφήτας
1141 5509 1556 5580 τετολμημένων
1582 5511 1737 5580 δίκην

189 5597 491 5670 ἀπιδέδωκε,
539 5607 748 5668 πάντας
786 5605 844 5657 δὲ
887 5602 1220 5670 ἁπαξαπλῶς
1257 5601 1577 5674 ἀνθρώπους
1614 5603 1738 5665 τοὺς

191 5691 322 5764 αὐτῷ
343 5698 660 5768 προσιόντας
693 5696 752 5762 ἐξ
775 5695 888 5749 ἴσου
925 5694 1066 5748 κατά
1088 5694 1148 5746 τὸ
1169 5694 1376 5746 δίκαιον
1403 5692 1733 5746 ἀνεσώσατοο

193 5773 260 5837 ὧν
282 5786 343 5840 τὰ
359 5782 467 5846 ὦτα
481 5790 581 5861 τῆς
605 5787 844 5849 διανοίας
870 5786 964 5841 καὶ
990 5787 1117 5850 τοὺς
1141 5783 1452 5857 ὀφθαλμοὺς
1483 5785 1738 5855 ἀνέῳξεν.

1869 1950 2023 2008 nent,
2051 1951 2107 1995 et
2138 1941 2340 2011 plantis
2375 1940 2509 2010 ipsis
2537 1948 2591 1994 et
2615 1938 2856 2002 incessu,
2883 1955 2948 1994 ex
2983 1940 3140 2010 longo
3164 1939 3440 1994 adoratio-

1867 2034 1951 2092 nis
1999 2031 2302 2090 secundum
2354 2031 2645 2087 blosaicam
2682 2031 2852 2100 legem
2907 2031 3139 2084 circuitu
3183 2031 3440 2102 elangue-

1865 2134 2010 2185 rant,
2044 2125 2444 2193 solutioresque
2467 2130 2776 2185 evaserant,
2802 2121 3004 2177 idcirco
3035 2123 3283 2180 excitans
3314 2126 3438 2181 illos

1863 2216 1932 2271 ad
1959 2217 2323 2287 evangelicam
2353 2216 2478 2273 vita:
2512 2214 2944 2270 institutionem:
2983 2232 3001 2263 ι
3039 2213 3434 2280 Convalescite,

1862 2309 2058 2379 inquit,
2110 2324 2305 2363 manus
2352 2308 2612 2370 remissae,
2648 2313 2703 2360 et
2735 2319 2910 2376 genua
2959 2304 3250 2371 dissoluta,
3295 2325 3314 2358 ι
3368 2307 3434 2361 ad

1861 2399 2197 2455 alacritatem
2222 2400 2478 2454 videlicet
2517 2397 2819 2468 evangelici
2864 2413 3082 2452 cursus.
3129 2397 3442 2462 Conllrma-_

1861 2493 1993 2546 mini
2023 2494 2187 2548 etiam
2224 2493 2289 2546 ad
2341 2491 2732 2554 exbortandos,
2773 2489 3244 2558 concitandosque
3273 2489 3430 2552 alios,

1859 2591 1920 2637 ut
1946 2585 2315 2654 evangelicam
2339 2583 2571 2638 salutem
2595 2584 3014 2653 amplectantur,
3043 2597 3160 2644 vos,
3185 2583 3427 2651 inquam,

1858 2677 1951 2744 qui
1998 2676 2148 2744 prius
2195 2675 2364 2730 eratis
2413 2675 2613 2744 pusillo
2663 2675 2866 2736 animo,
2929 2689 3103 2743 neque
3140 2673 3284 2728 ullus
3335 2688 3430 2728 vos

1855 2767 2035 2837 capiat
2091 2768 2255 2821 timor
2310 2783 2522 2832 eorum,
2569 2767 2662 2837 qui
2717 2766 3053 2821 extrinsecus
3108 2765 3432 2834 evangelica:

1855 2858 2230 2927 praedicationi
2269 2859 2536 2914 resistunt
2569 2877 2582 2914 :
2613 2873 2801 2912 verum
2837 2865 3030 2910 contra
3082 2856 3181 2909 hos
3209 2869 3430 2924 quoque

1855 2952 2024 3005 robur
2043 2950 2292 3020 accipite,
2314 2957 2370 3005 et
2401 2965 2470 3004 ne
2513 2949 2722 3003 timete.
2759 2947 2901 3002 Deus
2945 2948 3090 3001 enim
3133 2956 3215 3002 est
3248 2955 3300 3000 et
3333 2945 3428 3001 Dei

1854 3041 2118 3108 Verbum,
2155 3057 2266 3095 non
2295 3049 2478 3096 autem
2509 3040 2781 3111 quispiam
2831 3038 2965 3094 Mosi
3019 3038 3232 3105 similis,
3266 3053 3330 3091 ac
3359 3054 3428 3093 ne

1855 3137 2000 3191 ullus
2031 3134 2251 3206 quidem
2285 3133 2675 3205 prophetarum
2720 3132 2850 3188 huic
2878 3139 2962 3187 est
3003 3133 3425 3202 comparandus,

1854 3228 1946 3298 qni
1970 3243 2077 3282 non
2109 3228 2285 3284 solum
2318 3227 2585 3281 miracula
2635 3225 2901 3281 inusitata
2930 3224 3092 3279 edere
3119 3225 3423 3288 consuevit,

1852 3332 2045 3372 verum
2075 3317 2242 3372 etiam
2267 3316 2423 3370 vobis
2460 3315 2596 3384 ipsis
2621 3315 2802 3369 omnis
2845 3313 3180 3368 fortitudinis
3211 3322 3264 3368 et
3294 3329 3428 3368 con-

1851 3410 2069 3466 stantia:
2098 3418 2294 3464 auctor
2331 3407 2580 3463 exsistit.
2605 3407 3002 3478 Argumentum
3029 3423 3155 3462 vero
3185 3408 3428 3462 certissi-

1851 3515 2006 3554 mum
2035 3499 2201 3554 fuerit
2223 3498 2424 3552 divinae
2452 3497 2595 3566 ejus,
2621 3511 2781 3564 quem
2831 3497 3107 3566 propheta».
3137 3504 3422 3550 venturum

1849 3592 2175 3646 nuntiarunt
2227 3588 2530 3652 Salvatoris
2564 3588 2739 3640 nostri
2767 3587 3011 3649 virtutis,
3047 3601 3142 3655 per
3171 3603 3330 3655 quam
3365 3603 3423 3642 re

1847 3697 1978 3736 vera
2013 3689 2068 3735 ct
2099 3681 2348 3742 claudos,
2390 3687 2443 3733 et
2495 3695 2689 3743 caecos,
2747 3689 2799 3734 et
2851 3677 3016 3747 lepris
3068 3676 3319 3742 infectos,
3369 3686 3424 3731 et

1849 3773 2108 3829 membris
2139 3771 2458 3834 dissolutos,
2489 3771 2678 3836 verbo,
2716 3778 2778 3825 ut
2807 3769 3102 3846 Scripturaa
3126 3783 3246 3838 quae
3265 3769 3333 3824 de
3357 3771 3422 3824 il-

1848 3864 1902 3918 lo
1945 3870 2166 3922 exstant
2216 3860 2376 3916 ﬁdem
2419 3861 2648 3926 faciunt,
2705 3860 2998 3931 aliquando
3029 3860 3326 3921 sanaverit,
3354 3876 3420 3916 ea

1847 3973 1969 4028 qua:
1995 3956 2158 4010 etiam
2187 3970 2335 4009 nunc
2356 3953 2650 4008 ellicaciam
2680 3968 2834 4009 suam
2867 3968 2932 4007 ex
2964 3952 3111 4008 illius
3133 3952 3419 4006 divinitate

1847 4049 1903 4104 in
1947 4057 2085 4113 toto,
2116 4049 2208 4120 qui
2244 4050 2312 4103 ab
2361 4048 2676 4102 hominibus
2708 4045 2966 4100 incolitur
2991 4045 3142 4109 orbe,
3175 4045 3420 4100 ostendit

1846 4143 2046 4206 virtus,
2075 4157 2173 4212 per
2221 4157 2383 4211 quam
2420 4141 2585 4194 rebus
2629 4139 2765 4208 ipsis
2793 4149 2845 4193 et
2877 4139 3034 4193 factis
3066 4140 3244 4208 qualis
3291 4146 3420 4193 tunc

1845 4247 2066 4302 quoque
2100 4233 2262 4286 fuerit
2293 4233 2382 4295 iis,
2418 4231 2510 4301 qni
2549 4231 2749 4285 intueri
2783 4239 3035 4300 possunt,
3071 4231 3418 4285 ostenditur:

1844 4323 2251 4398 mquando
2285 4323 2338 4376 in
2390 4333 2497 4376 tam
2547 4323 2748 4376 multos
2797 4337 2970 4376 annos
3003 4327 3122 4389 post
3166 4321 3255 4374 illa
3298 4335 3421 4389 qua:

1847 4419 2052 4488 scripta
2087 4424 2216 4472 sunt
2247 4415 2409 4469 durat
2439 4415 2695 4477 invictus,
2727 4423 2780 4468 et
2823 4428 3014 4467 revera
3048 4411 3138 4464 Dei
3180 4409 3415 4465 Verbum

1845 4525 1989 4574 esse,
2023 4507 2167 4579 quod
2198 4509 2267 4562 ab
2293 4509 2412 4578 ipso
2442 4506 2824 4560 denuntiatum
2843 4511 2946 4565 est,
2988 4502 3414 4567 demonstratur,

1847 4607 2034 4668 utpote
2063 4597 2206 4667 quod
2250 4613 2440 4650 omnes
2467 4596 2577 4664 jam
2614 4595 2826 4652 vicerit.
2865 4593 3177 4662 quicunque
3205 4591 3274 4644 ab
3309 4591 3417 4644 ini-

1846 4685 1923 4738 tio
1973 4684 2028 4738 in
2073 4688 2219 4738 hunc
2267 4697 2443 4752 usque
2491 4680 2633 4734 diem
2682 4678 2987 4732 doctrinam
3024 4677 3198 4747 ipsius
3245 4691 3418 4747 oppu-

1844 4789 2013 4844 gnare
2049 4774 2232 4828 conati
2275 4773 2403 4838 sint,
2441 4779 2494 4827 et
2525 4786 2591 4826 ex
2639 4770 2895 4823 universo
2936 4769 3066 4822 orbe
3100 4769 3415 4822 innumera-

1843 4865 1981 4920 biles
2013 4871 2314 4918 conventus
2347 4862 2410 4916 ad
2461 4862 2702 4931 seipsum
2749 4859 2968 4915 assidue
3016 4859 3218 4921 trahat,
3263 4866 3319 4912 et
3347 4859 3416 4914 ab

1845 4957 1991 5011 omni
2021 4965 2265 5028 peccato,
2301 4955 2663 5025 omnibu5qne
2695 4954 2860 5008 animi
2904 4961 2958 5008 et
2988 4954 3414 5024 perturbationi-

1844 5049 1949 5104 bns
1983 5059 2036 5103 et
2066 5049 2271 5104 morbis
2315 5062 2424 5102 eos.
2481 5048 2574 5116 qui
2617 5046 2681 5100 ad
2726 5061 2784 5100 se
2815 5045 3167 5106 accesserint,
3201 5045 3414 5111 liberet,

1843 5149 1898 5194 et
1953 5139 2021 5194 ad
2072 5139 2407 5209 religiosam,
2467 5137 2721 5206 piamque
2775 5135 3082 5190 doctrinam
3139 5150 3300 5188 omne
3361 5140 3418 5189 et

1842 5229 2155 5284 Graecorum
2199 5237 2254 5283 et
2303 5227 2656 5282 barbarorum
2695 5241 2867 5297 genus
2914 5225 3127 5290 invitet,
3169 5225 3418 5279 innume-

1842 5323 2154 5390 rabilesque
2206 5320 2274 5374 ad
2320 5320 2483 5373 unius
2522 5320 2747 5388 verique
2797 5316 2888 5372 Dei
2934 5317 3320 5387 cognitionem,
3361 5325 3416 5371 et

1844 5428 2037 5469 sanum
2090 5427 2155 5466 ac
2193 5411 2532 5465 moderatum
2563 5393 2781 5463 vivendi
2814 5409 3125 5463 institutum
3157 5408 3412 5466 adducat;

1858 5502 2311 5576 quemadmodum
2345 5502 2600 5557 videlicct
2630 5519 2752 5556 eum
2801 5503 3010 5567 deceat,
3039 5503 3132 5571 qui
3171 5499 3412 5571 supremi

1845 5595 1941 5651 Dei
1977 5595 2183 5650 cultum
2230 5594 2565 5660 proﬁteatur.
2597 5592 2903 5659 Quinetiam
2953 5595 3040 5648 hic
3085 5593 3228 5649 idem
3268 5593 3412 5651 Deus

1845 5699 2052 5751 noster,
2077 5694 2336 5754 tanquam
2368 5687 2416 5740 is
2438 5685 2528 5755 qui
2553 5687 2624 5740 sit
2659 5684 2747 5739 Dei
2773 5683 3030 5748 Verbum,
3071 5703 3088 5736 ι
3115 5685 3406 5754 judicium,

1849 5783 2047 5853 Inquit,
2100 5781 2279 5836 reddit
2327 5789 2382 5836 et
2411 5779 2622 5846 reddet,
2675 5779 2791 5850 ipse
2836 5780 3014 5836 veniet
3066 5787 3120 5835 et
3169 5777 3408 5836 servabit
