3908 6266
489 288 593 345 699

1095 285 1367 344 EUSEBII
1403 283 1887 342 CESARIENSIS
1923 281 2075 339 ΟΡΡ.
2119 281 2298 340 PARS
2338 282 2403 340 ll.
2434 314 2501 325 —-
2540 281 3039 340 APOLOGE'I‘ICA.

3612 281 3697 336 700

490 423 615 464 nos.
652 426 671 460 ι
704 405 838 461 Nam
869 413 927 461 ut
957 415 1043 462 est
1083 407 1139 461 in
1174 406 1404 477 psalmo,
1453 404 1545 476 qui
1581 404 1695 459 ait:
1727 422 1746 455 ι
1777 402 1941 471 Deus,
1966 403 2034 472 ju‘

2154 401 2246 454 Διὸ
2272 402 2475 457 καὶτὸν
2499 403 2686 474 καιρὸν
2706 402 2808 472 τῆς
2832 400 3131 474 παρουσίας
3154 398 3340 465 αὑτοῦ,
3362 399 3548 471 καιρὸν
3565 400 3699 452 awa-

493 499 696 555 dicium
744 506 894 552 tuum
943 497 1057 568 regi
1104 496 1171 550 da
1193 498 1261 563 ”,
1293 517 1311 549 ι
1370 503 1537 566 utque
1580 505 1665 552 est
1705 495 1759 549 in
1809 494 2059 549 doctrina

492 574 826 657 evangelica,
859 587 917 641 in
954 601 1062 657 qua
1108 586 1243 641 illud
1288 586 1497 642 dictum
1543 595 1627 642 est
1658 605 1671 641 :
1703 605 1722 638 ι
1751 584 1915 639 Pater
1949 599 2058 640 non

486 679 699 751 judieat
716 677 1047 748 quempiam,
1063 677 1158 734 sed
1170 693 1331 734 omne
1343 678 1609 749 judicium
1628 677 1774 732 dedit
1798 676 1937 734 Filio
1951 677 2019 741 ",
2032 695 2051 729 ι

491 772 714 845 aecepta
755 788 785 827 a
812 772 973 828 Patre
996 772 1281 842 judicandi
1317 779 1605 843 potestate.
1631 771 1761 826 dum
1792 771 1940 841 juste
1965 772 2057 842 ju-

488 865 656 931 dicat,
689 863 888 936 populo
916 864 1137 935 quidem
1164 864 1231 919 ad
1255 864 1727 920 circumcisionem
1763 865 2052 935 spectanti,

488 971 591 1028 pro
620 957 687 1013 iis
713 972 836 1027 qua:
860 962 914 1012 et
944 957 1001 1011 in
1035 956 1278 1026 seipsum
1303 964 1357 1011 et
1391 957 1447 1010 in
1467 956 1760 1027 prophetas
1782 971 1912 1012 suos
1934 956 2052 1012 ausi

486 1055 639 1112 sunt,
669 1054 948 1112 meritum,
983 1047 1421 1117 conveniensque
1445 1047 1772 1117 supplicium
1805 1050 2052 1117 assigna-

482 1139 583 1205 vit,
614 1154 805 1194 omnes
840 1146 1019 1192 autem
1054 1137 1301 1203 omnino,
1334 1137 1427 1207 qui
1467 1138 1536 1193 ad
1572 1141 1749 1207 ipsum
1805 1152 2053 1193 accesse-

483 1239 615 1285 runt
642 1232 892 1286 homines
920 1246 983 1285 ex
1017 1245 1174 1299 sequo
1205 1236 1265 1282 ut
1283 1229 1493 1298 justum
1523 1237 1627 1295 est,
1662 1230 2006 1285 conservavit
2033 1246 2048 1283 :

484 1338 716 1393 quorum
751 1322 936 1393 utique
974 1331 1027 1376 et
1065 1336 1226 1376 aures
1261 1329 1314 1375 et
1359 1322 1548 1377 oculos
1581 1322 1780 1377 mentis
1814 1323 2046 1392 aperuit.

483 1413 754 1482 Quocirca
788 1424 1005 1484 tempus
1047 1412 1193 1467 illius
1230 1412 1513 1476 adventus,
1558 1418 1775 1483 tempus
1810 1413 2051 1468 retribu-

482 1505 649 1560 tionis
679 1504 921 1558 divinum
953 1506 1109 1557 vocat
1145 1502 1451 1565 oraculum,
1494 1503 1639 1572 quod
1680 1503 1735 1556 in
1762 1503 1885 1559 aliis
1920 1503 2049 1559 item

481 1599 561 1653 sic
586 1598 659 1651 ait
688 1616 701 1652 :
734 1616 753 1648 ι
785 1594 993 1650 Vocare
1013 1609 1217 1649 annum
1246 1593 1462 1649 Domini
1497 1602 1802 1664 acceptum,
1828 1603 1882 1650 et
1903 1595 2047 1651 diem

479 1688 861 1745 retributionis
884 1689 951 1743 θ’.
988 1707 1005 1738 ι
1034 1684 1207 1741 Porro
1228 1686 1332 1742 hoc
1367 1686 1470 1740 fuit
1498 1688 1875 1743 retributionis
1905 1694 2046 1743 tem-

2161 494 2432 558 ποδόσεως
2451 496 2480 548 6
2507 494 2645 559 θεῖος
2670 494 2934 559 ἀποκαλεί
2958 493 3133 562 λόγος,
3159 493 3217 546 ἐν
3247 492 3453 565 ἑτέροις
3483 492 3693 562 φάσκων·

2164 603 2184 636 ι
2212 585 2451 639 Καλέσαι
2476 587 2719 640 ἐνιαυτὸν
2742 584 2946 658 Κυρίου
2970 584 3176 650 δεκτὸν,
3210 585 3305 637 καὶ
3327 583 3535 655 ἡμέραν
3558 584 3698 636 avra»

2159 673 2446 738 ποδόσεως.
2484 693 2503 727 ι
2540 669 2709 738 Οὗτος
2749 675 2805 727 δὲ
2841 671 2910 746 ἦν
2946 674 3138 745 καιρὸς
3169 674 3268 745 τῆς
3300 672 3696 738 ἀνταποδόσεως,

2156 764 2249 817 καὶ
2282 763 2402 817 καθ’
2432 764 2490 817 ὃν
2522 766 2631 818 πᾶν
2677 760 2817 836 αἷμα
2860 763 3088 834 ἐκχυθὲν
3134 764 3242 818 ἀπὸ
3284 764 3513 835 αἵματος
3557 763 3694 817 Ἀόελ

2154 854 2259 918 ἕως
2282 855 2511 926 αἵματος
2544 855 2832 927 Ζαχαρίου,
2881 856 2973 909 καὶ
3018 855 3181 909 αὐτοῦ
3213 872 3279 924 γε
3310 853 3402 907 τοῦ
3433 854 3606 927 τιμίου
3628 855 3698 907 αἶ-

2159 964 2326 1018 ματος
2377 946 2570 1019 Ἰησοῦ,
2608 946 2941 1019 ἐκδεδίκηται
2977 947 3084 1001 ἀπὸ
3123 946 3225 1017 τῆς
3264 948 3455 1016 γενεᾶς
3495 946 3596 1000 τῶν
3632 949 3698 1011 εἰς

2154 1038 2316 1092 αὐτὸν
2350 1037 2913 1109 πεπλημμεληκότων,
2954 1037 3029 1102 ὡς
3053 1037 3112 1104 ἐξ
3136 1037 3346 1091 ἐκείνου
3378 1037 3468 1092 τὸν
3500 1037 3698 1108 ἔσχατον

2153 1130 2348 1193 αὐτοὺς
2384 1131 2672 1200 ὑπομεῖναι
2715 1129 2955 1201 ὄλεθρον,
2996 1130 3088 1183 καὶ
3118 1129 3217 1200 τὴν
3245 1128 3479 1199 ἐσχάτην
3502 1130 3697 1199 πολιορ-

2151 1224 2299 1277 κίαν.
2329 1222 2437 1275 Kal.
2468 1223 2500 1293 ή
2539 1222 2636 1291 μὲν
2670 1222 2785 1275 κατ’
2811 1222 3047 1285 ἐκείνους
3074 1220 3250 1294 κρίσις
3269 1221 3517 1293 τοιαύτην
3537 1224 3699 1293 ἐποιή-

2153 1333 2282 1370 σατο
2315 1316 2435 1369 κατ’
2474 1314 2651 1367 αὐτῶν
2684 1316 2782 1386 τὴν
2822 1314 3191 1368 ἀνταπόδοσιν·
3220 1313 3300 1367 διό
3333 1331 3491 1385 φησιν
3523 1316 3554 1386 ή
3581 1331 3697 1386 προ-

2151 1408 2367 1479 φητεία·
2394 1426 2411 1457 ι
2454 1408 2583 1461 Ἰδοὺ
2608 1410 2637 1461 6
2660 1407 2790 1469 Θεὸς
2815 1406 2969 1477 ἡμῶν
2988 1405 3167 1478 κρίσιν
3192 1406 3573 1460 ἀνταποδίδωσι
3619 1408 3698 1463 καὶ

2150 1497 2536 1553 ἀνταποδώσει.
2575 1518 2592 1550 ›
2634 1500 2698 1552 Ἦ
2738 1498 2797 1553 δέ
2822 1499 2952 1570 περὶ
2981 1499 3089 1551 τῶν
3118 1497 3183 1550 δι’
3216 1498 3379 1552 αύτοῦ
3410 1498 3697 1570 σωθησομέ-

2149 1609 2255 1645 νων
2283 1591 2409 1661 ἐξῆς
2440 1591 2692 1661 δηλοῦται
2732 1590 2822 1644 διὰ
2851 1589 2945 1643 τοῦ
2965 1607 2978 1620 ·
3010 1610 3028 1641 ι
3055 1590 3227 1654 Αὐτὸς
3261 1590 3400 1661 ἥξει,
3433 1592 3527 1643 καὶ
3554 1590 3698 1643 σώσει

2149 1685 2314 1755 ἡμᾶς.
2344 1684 2477 1737 Τότε
2506 1682 2913 1755 ἀνοιχθήσονται
2939 1682 3205 1753 ὀφθαλμοὶ¹
3231 1682 3468 1752 τυφλῶν,
3493 1684 3583 1737 καὶ
3600 1676 3699 1739 ὦτα

478 1798 602 1853 pus,
646 1782 701 1835 in
739 1796 848 1851 quo
904 1781 1082 1835 omnis
1132 1779 1416 1851 sanguinis
1465 1778 1643 1844 elTusi,
1696 1794 1726 1833 a
1778 1780 2034 1850 sanguine

2147 1753 2345 1845 κωφῶν
2390 1753 2735 1839 ἀκούσονται,
2780 1794 2800 1828 ι
2833 1774 3027 1828 καὶτὰ
3068 1775 3215 1844 ἐξῆς.
3264 1775 3475 1845 Ταύτην
3519 1776 3574 1829 δέ
3612 1776 3697 1846 τὴν

477 1869 631 1932 Abel,
674 1883 847 1938 usque
894 1868 962 1921 ad
1015 1867 1336 1938 sanguinem
1390 1866 1696 1937 Zachariae,
1748 1877 1803 1923 et
1862 1868 2043 1939 ipsum

477 1959 779 2029 pretiosum
828 1958 1151 2029 sanguinem
1197 1956 1352 2022 Jesu,
1384 1959 1520 2013 ultio
1570 1967 1786 2030 sumpta
1834 1968 1938 2025 est,
1991 1967 2047 2016 et

476 2051 801 2121 supplicium
850 2049 918 2104 de
952 2050 1168 2104 illorum
1217 2050 1456 2113 natione,
1510 2052 1603 2122 qui
1636 2052 1691 2106 in
1724 2052 1873 2107 illum
1916 2066 2046 2123 pec-

474 2151 758 2208 caverunt,
790 2158 961 2213 usque
989 2144 1145 2207 adeo,
1183 2150 1242 2197 ut
1270 2159 1333 2199 ex
1381 2144 1475 2198 illo
1517 2155 1815 2200 extremum
1855 2145 2045 2200 interi-

476 2242 589 2288 tum
614 2245 1025 2307 extremamque
1044 2241 1403 2293 vastationem
1430 2238 1774 2307 pertulerint.
1802 2236 1867 2291 Et
1894 2237 2042 2308 quod

470 2327 690 2398 quidem
734 2329 801 2384 ad
847 2329 970 2385 illos
1010 2331 1244 2401 pertinet
1291 2328 1586 2399 judicium,
1630 2330 1796 2385 talem
1847 2339 2039 2385 contra

471 2418 594 2474 illos
628 2421 1036 2477 retributionem
1077 2421 1326 2475 molitum
1359 2427 1445 2475 est
1471 2439 1484 2474 :
1511 2436 1575 2475 ex
1614 2436 1724 2491 quo
1751 2421 2039 2491 prophetia

470 2510 551 2566 sic
581 2512 656 2565 ait
682 2531 695 2567 :
725 2530 743 2562 ι
774 2512 913 2568 Ecce
940 2512 1079 2568 Deus
1110 2520 1301 2568 noster
1321 2510 1589 2581 judicium
1626 2511 1806 2566 reddit
1835 2519 1891 2567 et
1915 2512 2041 2567 red-

467 2603 579 2658 det.
615 2622 634 2655 ι
692 2588 846 2671 Quod
893 2621 1022 2661 vero
1067 2606 1134 2660 ad
1177 2606 1301 2660 illos
1346 2612 1588 2675 spectat,
1642 2607 1736 2675 qui
1787 2606 2039 2662 servandi

465 2703 615 2760 sunt,
648 2694 702 2750 in
750 2698 1109 2768 sequentibus
1139 2697 1436 2759 indicatur,
1484 2697 1594 2751 illis
1624 2697 1807 2753 verbis
1833 2717 1846 2752 :
1872 2716 1891 2749 ι
1919 2698 2040 2768 lpse

2150 1868 2415 1938 σωτήριον
2467 1867 2648 1939 κρίσιν
2694 1867 2787 1921 καὶ
2837 1866 2973 1938 ἄλλη
3022 1867 3325 1939 προφητεία
3368 1867 3587 1931 ἐξοίσειν
3621 1867 3697 1921 τὸν

2146 1960 2379 2031 Χριστὸν
2400 1960 2792 2029 ἐπαγγέλλεται
2825 1961 3124 2029 φάσκουσα·
3160 1980 3178 2011 ι
3218 1960 3347 2015 Ἰδοὺ
3378 1962 3406 2013 6
3433 1964 3553 2024 παῖς
3587 1980 3694 2032 μου,

2147 2052 2507 2124 ἀντιλήψομαι
2532 2053 2716 2107 αὑτοῦ-
2748 2054 2778 2105 6
2811 2052 3064 2116 ἐκλεκτός
3088 2070 3211 2122 μου,
3239 2053 3592 2124 προσεδέξατο
3609 2055 3694 2108 αὐ-

2143 2145 2233 2197 τὸν
2255 2147 2287 2216 ἡ
2319 2145 2462 2217 ψυχή
2501 2162 2620 2217 μου·
2652 2146 2831 2217 κρίσιν
2856 2149 2969 2210 τοῖς
2995 2145 3201 2199 ἔθνεσιν
3226 2145 3437 2212 ἐξοίσει.
3473 2166 3491 2197 ι
3514 2148 3599 2201 Διὸ
3616 2148 3697 2201 καὶ

2145 2237 2276 2307 περὶ
2302 2235 2396 2289 τοῦ
2423 2236 2589 2305 λόγου
2622 2238 2721 2308 τῆς
2753 2237 2947 2307 καινῆς
2974 2236 3246 2308 Διαθήκης
3275 2236 3507 2309 εἴρηταν
3548 2256 3565 2288 ι
3615 2238 3696 2290 Ἐκ

2141 2326 2249 2399 γὰρ
2294 2326 2431 2380 Σιὼν
2477 2327 2820 2395 ἐξελεύσεται
2866 2329 3049 2399 νόμος,
3094 2329 3188 2382 καὶ
3226 2328 3385 2397 λόγος
3424 2328 3620 2400 Κυρίου
3643 2325 3695 2393 ἐξ

2151 2418 2525 2491 Ἰερουσαλὴμ,
2545 2421 2638 2474 καὶ
2663 2422 2840 2491 κρινεί
2863 2419 2965 2473 ἀνὰ
2993 2420 3155 2491 μέσον
3181 2420 3289 2474 τῶν
3318 2419 3549 2490 ἐθνῶν..)
3574 2420 3693 2489 Κρί-

2140 2529 2221 2565 σει
2254 2512 2363 2584 γὰρ
2394 2511 2516 2584 θείᾳ
2559 2510 2651 2566 καὶ
2689 2513 2867 2582 λόγοις
2912 2513 3042 2584 ἡμῖν
3072 2514 3351 2586 ἀρρήτοις,
3391 2513 3578 2568 καὶτὰ
3605 2512 3693 2582 τῆς

2136 2602 2380 2675 κλήσεως
2412 2604 2524 2658 τῶν
2569 2606 2659 2668 εἰς
2692 2605 2854 2660 αὑτὸν
2892 2604 3326 2677 ἐπιστρεφόντων
3368 2606 3513 2669 εἰκὸς
3549 2605 3692 2658 αὑτὸν

2133 2697 2397 2769 ἐνεργεῖν.
2439 2696 2599 2751 Ἀλλὰ
2630 2699 2727 2752 καὶ
2752 2699 2847 2768 τὴν
2876 2696 3027 2751 Θείαν
3053 2697 3318 2753 διδάσκων
3339 2698 3488 2769 ἡμᾶς
3508 2698 3691 2768 κρίσιν,

464 2786 668 2850 veniet,
701 2793 754 2841 et
783 2787 1023 2842 servabit
1057 2801 1159 2841 nos
1187 2804 1199 2840 :
1228 2794 1359 2841 tunc
1407 2786 1723 2857 aperientur
1749 2785 1892 2840 oculi
1927 2801 2034 2840 car-

2141 2789 2230 2841 καὶ
2256 2789 2430 2842 πάντα
2449 2789 2787 2862 κεκριμένως
2814 2791 2960 2861 ἡμᾶς
2991 2791 3249 2863 πράττειν
3276 2790 3562 2855 παιδεύων,
3580 2789 3690 2862 κρί-

464 2886 677 2937 eorum,
714 2882 767 2929 et
808 2889 968 2931 aures
1002 2875 1292 2929 surdorum
1338 2875 1578 2941 audient,
1616 2894 1634 2927 ι
1672 2882 1726 2930 et
1776 2890 1899 2946 quae
1944 2891 2031 2931 se-

2141 2895 2223 2932 σιν
2250 2881 2363 2943 τοῖς
2394 2878 2598 2933 ἔθνεσιν
2630 2879 2857 2945 ἐξοίσειν
2888 2882 3123 2951 λέγεται.

465 2974 730 3036 quuntur.
754 2966 868 3023 Hoc
896 2983 1026 3023 vero
1048 2969 1287 3024 salutare
1317 2969 1585 3039 judicium
1612 2986 1641 3024 a
1670 2969 1891 3027 Christo
1912 2987 2034 3028 esse
2071 2972 2482 3044 proferendum,
2514 2977 2621 3030 alia
2677 2993 2895 3047 quoque
2914 2978 3195 3049 prophetia
3225 2977 3528 3042 denuntiat,
3583 2991 3695 3047 quae

465 3062 546 3116 sic
591 3061 665 3115 ait
692 3081 703 3116 :
727 3060 891 3135 5.50
924 3082 941 3114 ι
972 3063 1112 3120 Ecce
1141 3079 1277 3134 puer
1306 3080 1483 3125 meus.
1532 3067 1829 3137 suscipiam
1866 3082 2032 3123 eum:
2071 3069 2278 3125 electus
2316 3085 2489 3135 meus,
2527 3072 2768 3142 suscepit
2805 3087 2930 3127 eum
2994 3072 3175 3126 anima
3220 3088 3340 3126 mea
3396 3070 3694 3141 :judicium

464 3153 719 3224 gentibus
739 3155 977 3224 proferet
997 3158 1066 3210 ".
1100 3176 1117 3208 ι
1154 3154 1394 3211 Proinde
1452 3158 1618 3213 etiam
1653 3163 1720 3214 de
1748 3159 1919 3214 verbo
1940 3158 2076 3216 Novi
2116 3160 2454 3218 Testamenti
2498 3162 2705 3217 dictum
2754 3170 2877 3218 est:
2914 3180 2933 3213 ι
2995 3161 3072 3217 De
3119 3161 3250 3218 Sion
3289 3144 3475 3218 exibit.
3502 3163 3600 3226 lex,
3643 3174 3693 3219 et

461 3246 686 3301 verbum
739 3246 954 3302 Domini
1000 3249 1066 3303 de
1107 3248 1432 3316 Jerusalem,
1481 3258 1536 3306 et
1573 3251 1845 3322 iudicabit
1884 3253 2026 3308 inter
2064 3256 2346 3324 gentes".
2414 3274 2434 3307 ι
2469 3252 2661 3308 Divino
2690 3255 2833 3309 enim
2856 3254 3087 3324 judicio,
3149 3253 3564 3324 rationibusque
3596 3268 3689 3307 no-

461 3336 548 3393 bis
590 3340 821 3394 occultis
861 3350 1027 3411 atque
1077 3342 1442 3399 ineﬂabilibus
1473 3359 1535 3399 ea
1565 3361 1686 3416 qua:
1751 3346 1820 3401 ad
1862 3350 2198 3403 vocationem
2261 3348 2535 3419 pertinent
2594 3362 2807 3412 eorum,
2850 3347 2943 3418 qui
2976 3347 3045 3401 ad
3072 3347 3249 3418 ipsum
3290 3355 3684 3410 convertuntur,

460 3430 844 3490 administrare
912 3436 1066 3491 illum
1108 3454 1207 3508 par
1252 3447 1357 3495 est.
1426 3439 1569 3506 Quin
1616 3442 1779 3496 etiam
1824 3440 1953 3497 dum
1995 3458 2099 3498 nos
2137 3443 2382 3498 divinum
2436 3443 2593 3498 docet
2633 3443 2925 3513 judicium,
2963 3442 3204 3513 dumque
3252 3449 3315 3498 ut
3360 3444 3536 3498 omnia
3572 3457 3684 3497 cum

453 3526 661 3597 judicio
691 3528 980 3597 faciamus,
1016 3531 1275 3600 instituit,
1297 3533 1563 3604 judicium
1595 3536 1849 3608 gentibus
1886 3536 2089 3592 dicitur
2116 3537 2445 3609 prolaturus.

526 3646 605 3698 Ab
624 3646 823 3704 eodem.
852 3679 922 3691 —-
942 3648 1020 3704 De
1045 3651 1210 3724 signis
1242 3663 1290 3706 et
1330 3652 1587 3724 prodigiis
1622 3671 1739 3726 qua:
1766 3654 1953 3710 edidit.

531 3842 552 3877 ι
583 3824 737 3882 Tunc
768 3828 1053 3886 manifesti
1085 3843 1244 3887 erunt
1275 3833 1366 3903 qui
1403 3833 1621 3904 signant
1667 3842 1719 3890 et
1763 3834 2026 3889 claudunt

453 3913 651 3985 legem,
678 3932 746 3971 ne
767 3918 1001 3974 discant.
1034 3920 1257 3976 Etdicet
1286 3940 1299 3976 :
1334 3922 1677 3993 Exspectabo
1714 3924 1906 3988 Deum,
1930 3924 2022 3994 qui

455 4008 655 4061 avertit
700 4006 894 4065 faciem
935 4026 1089 4065 suam
1139 4028 1169 4067 a
1204 4015 1366 4070 domo
1414 4014 1604 4084 Jacob,
1654 4027 1707 4070 et
1744 4016 2023 4072 conlidens

452 4113 550 4169 ero
584 4101 638 4153 in
684 4100 822 4170 ipso.
876 4103 1016 4160 Ecce
1056 4120 1154 4176 ego
1199 4118 1253 4162 et
1298 4112 1473 4178 pueri,
1507 4126 1645 4180 quos
1695 4110 1825 4162 mihi
1874 4111 2023 4165 dedit

452 4190 616 4247 Deus.
663 4192 728 4247 Et
757 4205 919 4249 erunt
965 4196 1119 4267 signa
1165 4208 1216 4254 et
1264 4200 1509 4272 prodigia
1558 4203 1614 4258 in
1642 4201 1808 4258 Israel
1838 4218 1868 4256 a
1914 4202 2022 4257 Do-

450 4284 601 4338 mino
643 4282 907 4352 Sabaoth,
962 4288 1051 4357 qui
1100 4290 1304 4345 habitat
1333 4292 1385 4346 in
1426 4300 1609 4349 monte
1656 4294 1832 4347 Sion:
1873 4303 1927 4348 et
1973 4293 2020 4348 si

449 4374 690 4431 dixerint
721 4377 791 4432 ad
818 4394 936 4444 vos,
968 4381 1196 4451 quaerite
1233 4382 1531 4455 Pythonas,
1578 4392 1632 4440 et
1675 4400 1792 4451 eos,
1829 4385 1922 4456 qui
1953 4387 2020 4441 de

449 4472 595 4521 terra
643 4483 805 4524 voces
847 4471 1037 4535 edunt,
1074 4473 1167 4542 qui
1212 4475 1395 4529 inania
1438 4476 1760 4546 loquuntur,
1809 4479 1904 4548 qui
1950 4476 2018 4533 de

447 4565 638 4614 ventre
666 4574 828 4616 voces
859 4562 1139 4618 emittunt.
1185 4564 1304 4620 Non
1344 4582 1478 4636 gens
1517 4568 1586 4623 ad
1619 4568 1789 4624 Deum
1821 4569 2017 4625 suum?

448 4648 581 4718 quid
624 4650 923 4720 exquirunt
964 4652 1032 4708 de
1086 4655 1397 4712 viventibus
1454 4672 1484 4711 a
1534 4661 1806 4717 mortuis?
1844 4661 2012 4733 legem

447 4740 592 4795 enim
614 4740 667 4795 in
708 4744 970 4799 auxilium
1001 4745 1150 4800 dedit
1170 4746 1237 4800 ⁸⁸.
1272 4768 1289 4800 ι
1318 4746 1520 4805 Paulus
1549 4751 1767 4821 quidem
1795 4761 2014 4824 aposto-

449 4833 538 4889 lus
566 4834 621 4888 in
653 4835 885 4904 epistola
915 4838 980 4892 ad
1010 4836 1287 4906 Hebraeos,
1313 4842 1493 4898 citans
1531 4843 1697 4913 hujus
1723 4845 1829 4899 loci
1851 4848 2014 4900 verba

449 4924 541 4979 illa
573 4943 588 4980 :
626 4944 645 4977 ι
679 4924 817 4982 Ecce
841 4943 942 4999 ego
970 4937 1024 4983 et
1059 4931 1233 5000 pueri,
1268 4948 1406 5002 quos
1443 4933 1592 4989 dedit
1631 4935 1762 4990 mihi
1788 4935 2006 4992 Deusu

2052 3663 2095 3719 C
2140 3654 2272 3709 Ἀπὸ
2302 3653 2409 3707 τοῦ
2434 3655 2640 3708 αὐτοῦ.
2691 3684 2762 3720 -τᾼ
2782 3652 2922 3720 Περὶ
2967 3652 3086 3705 τῶν
3112 3650 3379 3719 σημείων
3409 3650 3501 3704 καί
3533 3647 3682 3718 rapti.

2555 3741 2691 3790 των,
2723 3717 2811 3777 ὧν
2834 3717 3280 3798 κατειργάσατο.

2260 3836 2393 3891 Τότε
2414 3837 2636 3909 φανεροὶ
2660 3835 2872 3890 ἔσονται
2891 3835 2941 3887 οἱ
2968 3832 3389 3906 σφραγιζόμενοι
3409 3831 3498 3886 τὸν
3515 3830 3684 3902 νόμον,

2129 3928 2222 3982 τοῦ
2260 3928 2333 4001 μὴ
2368 3930 2573 4001 μαθεῖν.
2626 3929 2735 3982 Καὶ
2776 3930 2921 4000 ἐρεῖ·
2952 3926 3113 3980 Μενῶ
3144 3925 3234 3978 τὸν
3268 3925 3418 3991 Θεὸν,
3448 3924 3690 3978 τὸνάπο-

2133 4021 2435 4094 στρέψαντα
2454 4020 2512 4073 τὸ
2539 4020 2824 4092 πρόσωπον
2854 4017 3018 4072 αὑτοῦ
3052 4017 3160 4071 ἀπὸ
3186 4015 3280 4070 τοῦ
3304 4017 3454 4070 οἴκου
3482 4012 3686 4076 Ἰακὼϐ,

2129 4114 2222 4167 καὶ
2244 4112 2515 4176 πεποιθὼς
2538 4111 2731 4183 ἔσομαι
2756 4111 2840 4164 ἐπ’
2864 4109 3031 4181 αὐτῷ.
3067 4108 3198 4163 Ἰδοὺ
3216 4106 3345 4177 ἐγὼ,
3376 4107 3554 4161 καὶτὰ
3575 4121 3690 4159 παι-

2127 4205 2216 4259 δία
2242 4206 2278 4260 ἆ
2309 4222 2396 4276 μοι
2416 4204 2613 4258 ἔδωκεν
2631 4204 2659 4255 6
2681 4203 2833 4267 Θεός.
2855 4203 2965 4256 Καὶ
2987 4200 3139 4254 ἔσται
3160 4203 3360 4272 σημεῖα
3386 4201 3477 4254 καὶ
3496 4200 3688 4269 τέρατα

2126 4300 2184 4351 ἐν
2210 4297 2289 4369 τῷ
2327 4296 2537 4369 Ἰσραὴλ
2576 4294 2725 4367 παρὰ
2750 4294 2954 4367 Κυρίου
2986 4291 3212 4346 Σαϐαὼθ
3234 4332 3248 4357 ,
3280 4292 3340 4355 ὃς
3366 4293 3607 4346 κατοικεῖ
3633 4290 3686 4340 ἐν

2125 4390 2204 4462 τῷ
2231 4391 2343 4464 όρει
2385 4389 2539 4443 Σιώνο
2578 4389 2673 4443 καὶ
2703 4387 2798 4443 ἐὰν
2832 4388 3027 4442 εἴπωσι
3059 4386 3196 4459 πρὸς
3226 4387 3388 4457 ὑμᾶς’
3421 4387 3683 4455 Ζητήσατε

2124 4483 2250 4545 τοὺς
2276 4479 2764 4552 ἐγγαστριμύθους,
2804 4479 2897 4533 καὶ
2927 4480 3054 4542 τοὺς
3085 4477 3193 4531 ἀπὸ
3229 4478 3331 4549 γῆς
3369 4477 3681 4547 φωνοῦντας.

2123 4574 2250 4637 τοὺς
2280 4571 2710 4642 κενολογοῦντας,
2740 4573 2789 4624 οἳ
2814 4574 2877 4626 ἐκ
2895 4571 2995 4641 τῆς
3026 4571 3231 4635 κοιλίας
3263 4570 3546 4641 φωνούσιν.
3578 4568 3684 4621 Οὔκ

2122 4664 2273 4727 ἔθνος
2306 4664 2441 4737 πρὸς
2465 4663 2596 4717 Θεὸν
2629 4663 2828 4729 aii-:05;
2863 4663 2917 4716 τί
2947 4661 3233 4734 ἐκζητοῦσι
3271 4663 3400 4734 περί
3426 4660 3528 4715 τῶν
3558 4657 3678 4725 ζών-

2120 4774 2229 4810 των
2253 4757 2377 4821 τοὺς
2406 4756 2658 4829 νεκρούς;
2698 4756 2860 4828 νόμον
2891 4754 3000 4827 γὰρ
3032 4757 3112 4819 εἰς
3144 4754 3394 4827 βοήθειαν
3420 4754 3631 4808 ἔδωκεν.
3664 4769 3681 4800 ι

2134 4849 2222 4901 Ἔν
2260 4852 2326 4921 τῇ
2374 4850 2508 4921 πρὸς
2553 4848 2837 4921 Ἐϐραίους
2869 4847 3125 4919 ἐπιστολῇ
3171 4847 3435 4917 παραθεὶς
3467 4849 3494 4902 6
3529 4844 3681 4900 Ἀπό-

2123 4941 2306 5005 στολος
2332 4942 2430 5013 τὴν
2458 4942 2767 5011 φάσκουσαν
2792 4940 2958 5007 λέξιψ
2988 4959 3006 4991 ι
3048 4940 3177 4993 Ἰδοὺ
3201 4939 3332 5009 ἐγὼ,
3364 4941 3453 4994 καὶ
3476 4938 3543 4992 τὰ
3566 4951 3686 4989 παν

447 5020 765 5090 exsequitur
823 5023 1259 5092 explanationem
1324 5025 1392 5082 de
1445 5027 1708 5091 Christo.
1757 5029 1948 5084 dicens
1993 5048 2008 5085 :

2146 5032 2196 5087 ία
2229 5033 2265 5087 ἃ
2305 5050 2392 5105 μοι
2429 5033 2626 5087 ἔδωκεν
2664 5034 2692 5085 6
2735 5033 2886 5096 Θεὸς,
2926 5052 2943 5083 ι
2981 5030 3403 5104 ἐπεξεργάζεται
3435 5033 3558 5103 περὶ
3594 5025 3685 5082 τοῦ

452 5127 472 5161 ι
500 5108 638 5177 Quia
677 5126 809 5183 ergo
850 5114 1003 5183 pueri
1034 5118 1576 5174 communicaverunt
1615 5121 1768 5175 carni
1798 5128 1853 5176 et
1885 5136 2016 5177 san-

446 5202 619 5270 guini,
661 5214 716 5259 et
752 5204 869 5274 ipse
900 5207 1151 5262 similiter
1183 5210 1526 5280 participavit
1569 5213 1797 5278 eisdem,
1833 5221 1893 5267 ut
1918 5229 2017 5283 per

449 5303 676 5352 mortem
708 5298 1012 5356 destrueret
1029 5316 1155 5356 eum
1177 5302 1269 5371 qui
1296 5304 1523 5359 habebat
1550 5306 1840 5376 imperium
1867 5322 2015 5361 mor-

447 5387 517 5443 tis
539 5388 605 5443 ".
649 5409 668 5439 ι
706 5388 912 5448 Pueros
954 5400 1137 5448 autem
1182 5409 1313 5449 suos
1344 5395 1448 5450 hoc
1483 5397 1539 5452 in
1583 5399 1704 5453 loco
1736 5401 2013 5470 apostolos

446 5478 710 5545 nominat,
758 5497 854 5551 per
883 5499 1023 5553 quos
1061 5482 1351 5540 Dominum
1393 5485 1634 5544 Sabaoth
1662 5490 1757 5561 qui
1803 5491 2014 5547 habitat

505 5696 935 5784 'eo-Ps;.l:-11x-xll,
971 5703 1026 5756 2.
1120 5707 1178 5784 _"_’
1218 5704 1373 5763 Joan.
1412 5725 1478 5784 ν,
1512 5712 1600 5770 32.

449 5770 637 5828 {5-19.
714 5772 759 5803 ’⁸
799 5772 965 5828 llebr.
1003 5789 1076 5840 ll,
1115 5777 1201 5831 14.

1707 5716 1751 5750 ³³
1793 5717 1897 5775 lsa.
1933 5731 2058 5787 ιιι,
2088 5719 2143 5776 2.

2122 5126 2358 5197 Χριστοῦ
2386 5126 2576 5195 λέγων·
2615 5146 2633 5176 ι
2682 5126 2835 5180 Ἐπεὶ
2862 5122 2954 5179 οὖν
2988 5124 3057 5177 τὰ
3085 5124 3269 5178 παιδία
3301 5125 3686 5190 κεκοινώνηκεν

2112 5220 2344 5289 αἵματος
2364 5220 2458 5272 καὶ
2477 5219 2697 5290 σαρκὸς,
2727 5221 2822 5274 καὶ
2850 5219 3010 5283 αὐτὸς
3036 5218 3433 5289 παραπλησίως
3460 5215 3682 5288 μετέσχε

2111 5309 2218 5363 τῶν
2251 5310 2448 5374 αὐτῶν,
2495 5302 2713 5364 ἴνα’διὰ
2752 5310 2845 5363 τοῦ
2883 5309 3110 5365 θανάτου
3146 5313 3465 5383 καταργήσῃ
3500 5307 3592 5361 τὸν
3625 5302 3685 5355 τὸ

2112 5402 2313 5474 κράτος
2361 5403 2553 5474 ἔχοντα
2595 5404 2689 5458 τοῦ
2734 5404 2985 5459 θανάτου.
3027 5424 3045 5456 ι
3078 5404 3286 5466 Παῖδας
3323 5404 3380 5458 δὲ
3420 5398 3580 5457 αὐτοῦ
3625 5398 3685 5448 ἐν

2111 5493 2318 5559 τούτοις
2338 5497 2463 5561 τοὺς
2496 5497 2825 5561 ἀποστόλους
2848 5494 3121 5567 ὀνομάζει,
3146 5496 3231 5566 ἐφ’
3252 5488 3329 5550 ὧν
3361 5495 3558 5568 σημεῖα
3590 5486 3685 5543 καὶ

2248 5722 2293 5755 θ’
2333 5720 2436 5776 lsa.
2469 5738 2616 5792 xui,
2657 5724 2706 5781 ι.
2804 5724 2850 5755 ³³
2890 5723 2995 5779 lsa.
3029 5737 3100 5789 ιι,
3134 5721 3246 5790 5,4.
3326 5723 3369 5758 "
3406 5721 3504 5780 lsa.
3536 5730 3681 5782 νιιιι
3754 5718 3763 5727 ’
