3908 6266
246 374 331 432 701
1118 359 1768 422 DEMONSTMTIONIS
1818 355 2279 415 EVANGELICE
2313 353 2444 411 LIB.
2480 352 2575 409 IX.

3350 351 3453 406 702

243 496 424 566 τέρατα
446 491 504 545 ἐν
528 489 610 563 τῷ
637 488 770 559 οἴκῳ
808 486 1023 560 Ἰσραήλ
1054 487 1299 557 ποιήσειν
1330 482 1421 537 τὸν
1449 480 1653 553 Κύριον
1682 481 1781 534 Σω-

1902 478 1951 532 in
1980 485 2166 543 monte
2213 472 2365 533 Sion,
2400 473 2553 542 signa
2593 476 2647 527 et
2690 468 2935 540 prodigia
2981 468 3037 524 in
3073 467 3244 523 'domo
3284 467 3452 533 Israel

245 584 397 648 ϐαὼθ,
428 583 518 637 τὸν
561 579 918 635 κατοικοῦντα
961 580 1018 632 ἐν
1056 576 1133 647 τῷ
1182 576 1298 647 δρει
1331 572 1490 636 Σιὼν,
1528 571 1785 625 διδάσκει·
1826 602 1831 611 ι

245 675 445 738 τούτους
469 674 526 727 δὲ
553 674 749 735 αὐτοὺς
778 670 1040 741 φανεροὺς
1067 667 1284 722 ἔσεσθαι
1309 664 1549 736 συνήθως
1570 665 1700 735 ήμῖν
1723 661 1793 715 τά

243 768 493 841 πρόσωπα
531 762 991 836 σφραγιζομένους
1024 762 1091 831 τῇ
1123 757 1216 812 τοῦ
1246 755 1482 829 Χριστοῦ
1517 754 1788 827 σφραγῖδι,

243 858 644 930 παιδευομένους
672 873 733 918 τε
761 850 954 927 μηκέτι
976 854 1067 907 τὸν
1097 851 1371 914 Μωῦσέως
1392 850 1552 920 νόμον
1591 846 1794 920 μανθά-

243 971 362 1016 νειν,
387 951 464 1023 τῷ
497 948 693 1023 μηκέτι
717 948 1035 1002 συνεστάναι
1064 944 1245 1007 αὐτὸν,
1270 942 1363 997 καὶ
1385 941 1462 1012 τῷ
1489 941 1578 994 τὸν
1599 938 1794 994 καλού-

245 1060 390 1117 μενον
435 1040 583 1098 οἶκον
646 1038 839 1103 Ἰακὼϐ
884 1033 1294 1105 καταλελεῖφθαι
1347 1034 1451 1090 ὑπὸ
1486 1030 1579 1086 τοῦ
1633 1029 1790 1084 Θεοῦ·

243 1134 451 1206 ἀσαφῶς
470 1135 528 1187 δὲ
554 1133 703 1206 παρά
730 1135 841 1196 τοῖς
869 1131 1260 1201 Ἐϐδομήκοντα
1283 1126 1584 1198 εἰρημένον·
1619 1144 1636 1174 ι
1661 1123 1792 1177 Τότε

243 1227 454 1301 φανεροὶ
493 1226 706 1280 ἔσονται
736 1227 786 1279 οἱ
815 1223 1231 1295 σφραγιζόμενοι
1269 1218 1359 1272 τὸν
1397 1217 1558 1288 νόμον
1586 1214 1681 1269 τοῦ
1719 1214 1792 1287 μὴ

246 1319 439 1392 μαθεῖν.
484 1316 596 1372 Καὶ
632 1318 763 1388 ἐρεῖ·
792 1314 956 1370 Μενῶ
979 1315 1069 1368 τὸν
1095 1312 1225 1367 Θεὸν
1260 1310 1350 1364 τὸν
1378 1306 1795 1379 ἀποστρέψαντα

241 1412 295 1464 τὸ
314 1410 594 1482 πρόσωπον
610 1406 772 1463 αὐτοῦ
796 1406 904 1460 ἀπὸ
919 1405 1007 1459 τοῦ
1024 1405 1172 1458 οἴκου
1188 1401 1399 1465 Ἰακὼϐ,
1420 1399 1511 1454 καὶ
1525 1394 1796 1459 πεποιθὼς

243 1502 419 1571 ἔσομαι
441 1503 529 1554 ἐπ’
550 1498 713 1570 αύτῷ.
749 1517 767 1549 ι
801 1498 1135 1569 Σαφέστερον
1167 1496 1194 1548 6
1225 1494 1515 1565 Σύμμαχος
1538 1489 1795 1554 ἐξέδωκεν

242 1593 415 1650 εἰπών·
456 1612 477 1646 ι
508 1594 680 1665 Δῆσον
722 1590 1032 1664 μαρτύριον,
1077 1589 1371 1659 σφράγισον
1407 1586 1567 1655 νόμον
1598 1585 1656 1637 ἐν
1684 1584 1796 1647 τοῖς

240 1683 557 1756 διατάγμασί
610 1700 730 1754 μου.
785 1682 892 1736 Καὶ
932 1678 1281 1752 προσδοκήσω
1318 1676 1407 1730 τὸν
1452 1674 1655 1746 Κύριον
1703 1673 1795 1726 τὸν

240 1776 492 1847 κρυϐόντα
526 1776 587 1830 τὸ
618 1775 906 1847 πρόσωπον
936 1771 1098 1826 αὐτοῦ
1126 1769 1233 1824 ἀπὸ
1268 1769 1362 1823 τοῦ
1392 1768 1541 1822 οίκου
1581 1765 1793 1834 Ἰακὼϐ,

239 1870 325 1923 κιιί⁸
360 1866 613 1939 ἀναμενῶ
651 1866 829 1920 αὐτόν.
864 1883 883 1915 ι
915 1864 1025 1919 Καὶ
1060 1863 1089 1915 6
1138 1860 1365 1923 Ἀκύλας
1391 1859 1446 1911 δὲ
1477 1857 1664 1911 τοῦτον
1704 1858 1797 1911 καὶ

239 1960 388 2024 αὐτὸς
434 1960 667 2027 ἐξέδωκε
710 1957 801 2011 τὸν
845 1957 1072 2028 τρόπον·
1120 1974 1140 2005 ι
1175 1951 1433 2023 Ἔνδησον
1482 1949 1793 2022 μαρτύριον,

238 2054 528 2126 σφράγισον
555 2052 718 2123 νόμον
746 2051 804 2104 ἐν
836 2049 1104 2111 διδακτοῖς
1140 2063 1264 2117 μου,
1316 2043 1408 2098 καὶ
1435 2040 1796 2114 προσδέξομαι

237 2146 318 2200 τὸν
357 2144 486 2199 Θεὸν
530 2143 622 2198 τὸν
652 2140 1031 2214 ἀποκρυϐόντα
1064 2139 1126 2190 τὸ
1170 2136 1456 2208 πρόσωπον
1497 2130 1659 2186 αὐτοῦ
1689 2130 1796 2185 ἀπὸ

237 2237 319 2291 τοῦ
347 2236 495 2291 οἴκου
539 2231 754 2296 Ἰακὼϐ,
783 2232 877 2285 καὶ
905 2227 1159 2300 ὑπομενῶ
1185 2227 1367 2280 αὐτόν.
1392 2243 1410 2275 ι
1436 2223 1621 2277 Ταῦτα
1641 2221 1683 2274 δ’
1703 2218 1797 2275 οὖν

235 2330 280 2383 οἰ
311 2328 399 2383 τοῦ
430 2327 686 2398 Σωτῆρος
716 2324 872 2396 ἡμῶν
907 2320 1193 2374 ἀπόστολοι
1224 2319 1561 2373 διδάσκονται
1604 2317 1795 2378 ποιεῖν,

237 2417 308 2484 οἷς
344 2420 469 2490 έξῆς
515 2418 776 2487 ἐπιλέγει·
810 2434 828 2467 ι
875 2414 1006 2468 Ἰδοὺ
1036 2412 1147 2481 ἐγὼ
1176 2411 1271 2464 καὶ
1297 2409 1365 2463 τὰ
1404 2407 1612 2471 παιδία,
1644 2407 1680 2460 ἀ
1710 2422 1798 2476 μοι

238 2512 417 2566 ἔδωκεν
448 2512 476 2564 6
512 2510 664 2574 Θεός.
700 2508 810 2563 Καὶ
847 2507 997 2561 ἔσται
1030 2505 1111 2567 είς
1146 2504 1345 2581 σημεῖα
1377 2499 1472 2556 καὶ
1499 2498 1703 2569 τέρατα
1741 2497 1799 2550 ἐν

235 2604 304 2674 τῷ
334 2603 551 2675 Ἰσραὴλ
576 2600 723 2673 παρά
742 2598 944 2672 Κυρίου
965 2594 1210 2653 Σαϐαὼθ.
1240 2614 1258 2645 ι
1295 2594 1352 2647 '0
1366 2590 1460 2645 τοῦ
1476 2588 1609 2644 Θεοῦ
1631 2589 1801 2657 Λόγος

238 2698 287 2752 ἐν
307 2688 347 2765 ᾧ
375 2695 663 2764 ἀνείληφεν
693 2690 979 2764 ἀνθρώπῳ,
1015 2690 1112 2743 καὶ
1140 2686 1238 2751 τάς
1267 2682 1547 2756 διατριϐὰς
1579 2697 1804 2752 πεποιη-

240 2786 382 2857 μένος
411 2789 467 2840 ἐν
502 2784 586 2854 τῷ
628 2783 743 2854 δρει
775 2780 933 2845 Σιὼν,
987 2778 1189 2850 σημεῖά
1223 2794 1284 2828 τε
1330 2774 1426 2829 καὶ
1459 2772 1661 2844 τέρατα
1688 2769 1804 2823 δια-

238 2876 594 2948 πραξάμενος,
626 2872 758 2945 όμοῦ
781 2875 892 2935 τοῖς
916 2869 1078 2926 αὑτοῦ
1104 2867 1387 2939 μαθηταῖς,
1418 2864 1511 2917 καὶ
1536 2864 1669 2916 πᾶσι
1692 2863 1803 2924 τοῖς

234 2970 310 3043 εἰς
333 2968 489 3021 αὐτὸν
520 2963 941 3018 πεπιστευκόσιν
980 2960 1038 3026 ἐξ
1073 2958 1324 3014 ἀπάντων
1352 2955 1461 3008 τῶν
1489 2954 1616 3023 πρὶν
1652 2952 1805 3007 εἰδω-

238 3060 494 3132 λολατρῶν
538 3054 969 3129 παρακελεύεται
1006 3051 1197 3124 μηκέτι
1239 3046 1466 3102 δεδιέναι
1512 3044 1654 3099 κατὰ
1695 3060 1802 3115 μη-

236 3152 348 3205 δένα
385 3151 591 3223 τρόπον
629 3149 724 3221 τὴν
769 3145 1133 3215 δεισιδαίμονα
1184 3141 1429 3211 πλάνην·
1471 3137 1583 3193 ἀλλ’
1625 3137 1673 3190 εἰ
1708 3136 1803 3189 καὶ

239 3238 655 3313 παρασαλεύοιεν
680 3237 897 3299 αὐτοὺς,
925 3232 1075 3304 ἥκαὶ
1098 3229 1453 3300 ἀναγκάζοιεν
1477 3227 1526 3280 οἱ
1548 3224 1606 3293 ἐξ
1633 3224 1799 3278 ἐθνῶν

238 3328 606 3399 εἰδωλολάτραι
652 3325 833 3395 ζητεῖν
881 3324 1006 3385 τοὺς
1053 3316 1551 3390 ἐγγαστριμύθους,
1602 3314 1697 3369 καὶ
1730 3313 1801 3369 τὰ

237 3422 334 3474 τῶν
360 3420 632 3492 δαιμόνων
673 3418 897 3489 μαντεῖα
928 3415 1003 3476 ὡς
1036 3410 1332 3483 θαυμάσια,
1373 3409 1465 3462 καὶ
1497 3409 1615 3461 κατ’
1650 3404 1801 3459 οὐδὲν

238 3512 475 3566 λείποντα
500 3510 608 3581 τῆς
633 3509 739 3563 τῶν
769 3505 927 3561 θείων
953 3505 1046 3559 καὶ
1072 3501 1333 3572 θεοφιλῶν
1359 3499 1566 3573 ἀνδρῶν
1594 3515 1804 3571 προφη-

238 3603 383 3675 τικῆς
407 3602 642 3671 διαίτης,
689 3599 885 3660 αὐτοὺς
910 3597 1019 3651 δεῖν
1049 3593 1438 3667 ἀποκρίνεσθαι
1484 3591 1580 3647 καὶ
1624 3589 1803 3659 λέγειν

238 3693 481 3747 διδάσκει·
525 3710 545 3742 ι
590 3688 654 3743 Τί
692 3686 979 3759 ἐκζητοῦσι
1009 3684 1270 3757 περὶτῶν
1304 3682 1517 3749 ζώντων
1554 3680 1680 3743 τοὺς
1713 3697 1801 3732 νε-

241 3786 423 3855 κρούς;
454 3784 623 3855 νόμον
654 3781 757 3853 γάρ
783 3782 861 3844 εἰς
887 3777 1139 3850 βοήθειαν
1167 3774 1390 3840 δέδωκε,
1420 3792 1439 3825 ι
1467 3776 1560 3827 καὶ
1589 3771 1657 3826 τά
1682 3769 1804 3825 τού-

239 3890 340 3937 τοις
367 3871 653 3927 ἀκόλουθα.
690 3872 828 3935 Τοὺς
862 3869 971 3943 γὰρ
1003 3866 1147 3933 ἆπαξ
1182 3865 1345 3937 νόμον
1387 3862 1674 3934 εἰληφότας
1709 3861 1805 3915 καὶ

244 3962 533 4036 σωτηρίους
582 3958 801 4024 ἐντολὰς
847 3959 939 4012 ἐπὶ
990 3955 1214 4029 βοηθείᾳ
1257 3953 1352 4007 καὶ
1399 3950 1665 4024 θεραπείᾳ
1709 3950 1803 4004 τοῦ

244 4053 359 4106 ἰδίου
390 4054 507 4124 βίου
538 4050 790 4124 περιττὸν
824 4048 1080 4121 μαντείας
1109 4045 1582 4116 πολυπραγμονεῖν
1604 4039 1692 4096 διὰ
1706 4041 1806 4115 τῆς

240 4145 550 4217 ὼιμονικῆς
578 4143 795 4215 ἀπάτης
825 4140 1240 4216 ἐνεργουμένας.

253 4437 376 4492 Ἀπὸ
406 4437 515 4492 τοῦ
543 4435 751 4491 αὐτοῦ.
782 4465 853 4476 -
878 4433 1019 4503 Περί
1051 4434 1155 4488 τοῦ
1183 4433 1270 4503 μὴ
1301 4431 1599 4503 φανητιᾷν
1628 4433 1701 4487 ἐν
1728 4431 1808 4499 τῷ

551 4505 1045 4575 παραδοξοποιεῖν
1078 4503 1188 4558 τὸν
1215 4504 1489 4572 Χριστόν.

310 4618 328 4651 ι
368 4599 567 4655 Ἰακὼϐ
592 4600 621 4652 6
649 4602 776 4663 παῖς
801 4598 922 4670 μου,
950 4595 1307 4666 ἀντιλήψομαι
1326 4594 1513 4648 αὑτοῦ·
1541 4592 1755 4666 Ἰσραήλ
1777 4595 1808 4647 6

243 4691 483 4756 ἐκλεκτός
514 4709 638 4764 μου,
671 4690 1027 4763 προσεδέξατο
1055 4687 1216 4743 αὐτὸν
1243 4687 1439 4759 ήψυχή
1466 4704 1587 4758 μου.
1611 4686 1807 4759 Κρίσιν

240 4787 343 4849 τοῖς
369 4785 576 4839 ἔθνεσιν
605 4784 820 4850 ἐξοίσει,
844 4783 904 4836 ού
930 4780 1277 4854 κεκράξεται,
1304 4779 1425 4833 οὐδὲ
1452 4781 1663 4851 ἀνήσει,
1685 4778 1806 4832 οὐδὲ

243 4876 627 4948 ἀκουσθήσεται
651 4874 806 4946 ἔξωή
830 4875 981 4945 φωνὴ
1005 4873 1191 4943 ᾳύτοῦ.
1216 4871 1474 4942 Κάλαμον
1497 4887 1741 4942 συντετρι
1750 4889 1808 4942 μ-

248 4967 392 5036 μένον
416 4968 478 5022 ού
511 4966 783 5032 κατεάξει,
815 4967 910 5020 καὶ
930 4965 1072 5019 λίνον
1095 4963 1486 5034 καπνιζόμενον
1514 4963 1574 5016 ού
1604 4962 1804 5028 σϐέσει,

246 5058 349 5113 ἀλλ’
381 5061 461 5124 είς
494 5058 748 5130 ἀλήθειαν
783 5057 977 5124 ἐξοίσει
1008 5055 1209 5128 κρίσιν.
1261 5053 1591 5124 Ἀναλάμψει
1624 5052 1717 5106 καὶ
1745 5053 1805 5105 ού

246 5145 657 5220 θραυσθήσεται,
681 5150 786 5214 ἓως
811 5149 878 5203 ἂν
916 5149 982 5220 θῇ
1009 5148 1100 5201 ἐπὶ
1123 5147 1226 5217 γῆς
1259 5144 1458 5217 κρίσιν,
1489 5145 1582 5199 καὶ
1614 5144 1706 5198 ἐπὶ
1725 5143 1808 5215 ’τῷ

246 5238 457 5309 ὀνόματι
487 5239 654 5294 αὐτοῦ
689 5240 814 5313 έθνη
852 5239 1148 5295 ἐλπιοῦσιν.
1193 5238 1349 5293 Οὕτω
1376 5237 1523 5306 λέγει
1551 5238 1753 5308 Κύριος
1779 5241 1808 5292 6

247 5327 388 5397 Θεὸς,
414 5334 443 5385 6
470 5333 699 5403 ποιήσας
726 5333 815 5386 τὸν
838 5333 1080 5404 οὐρανὸν,
1109 5332 1204 5385 καὶ
1230 5330 1404 5403 πήξας
1426 5329 1606 5395 αὐτὸν,
1634 5332 1662 5383 6
1688 5346 1809 5383 στε·

249 5421 451 5490 ρεώσας
484 5423 589 5495 τὴν
630 5424 731 5495 γῆν
785 5424 883 5478 καὶ
914 5423 984 5477 τὰ
1029 5426 1086 5476 ἐν
1106 5424 1280 5493 αὐτῇ,
1312 5423 1405 5476 καί⁸
1436 5422 1611 5486 διδοὺς
1642 5422 1809 5494 πνοὴν

246 5509 318 5581 τῷ
341 5511 455 5583 λαῷ
481 5514 563 5584 τῷ
598 5516 680 5567 ἐπ’
704 5515 892 5585 αὐτῆς,
919 5514 1012 5567 καὶ
1037 5514 1253 5585 πνεῦμα
1283 5517 1396 5578 τοῖς
1426 5513 1683 5567 πατοῦσιν
1714 5515 1810 5567 αύ-

245 5606 354 5675 τήν.
399 5606 544 5674 Ἐγὼ
580 5607 779 5680 Κύριος
809 5610 838 5661 6
867 5609 997 5673 Θεὸς
1025 5608 1259 5662 ἐκάλεσά
1287 5625 1347 5660 σε
1385 5608 1442 5661 ἐν
1471 5607 1806 5679 δικαιοσύνῃ,

249 5694 636 5768 καῖ’κρατήσω
678 5699 775 5768 τῆς
813 5699 991 5770 χειρός
1022 5715 1135 5762 σου,
1178 5700 1270 5752 καὶ
1302 5696 1567 5768 ἐνισχύσω
1603 5714 1683 5763 σε,
1716 5698 1809 5751 καὶ

251 5785 419 5842 ἔδωκά
444 5804 503 5842 σε
526 5790 609 5851 εἰς
628 5789 887 5862 διαθήκην
909 5790 1115 5858 γένους,
1156 5792 1236 5855 εἰς
1256 5789 1370 5861 φῶς
1390 5788 1578 5855 ἐθνῶν,
1604 5788 1806 5855 ἀνοῖξαι

1890 568 2162 623 editurum
2229 563 2476 627 indicat,
2539 560 2869 630 eosdemque
2925 557 3042 614 fore
3098 557 3452 621 manifestos,

1890 657 2017 713 dum
2070 669 2221 709 more
2263 660 2454 707 nostro
2507 650 2690 705 vultus
2735 649 2939 705 Christi
2987 649 3189 704 annulo
3228 649 3459 720 impres-

1891 762 1984 802 sos
2038 752 2094 801 et
2149 744 2390 812 signatos
2430 745 2656 810 gerent,
2703 740 3175 810 monebuuturque
3224 754 3294 795 ne
3341 754 3459 794 am-

1892 840 2037 911 plius
2093 834 2260 891 Mosis
2318 834 2489 903 legem
2556 832 2810 894 discant,
2888 832 3086 903 quippe
3152 846 3274 902 quae
3335 847 3456 886 am-

1893 933 2039 1004 plius
2076 943 2189 983 non
2248 925 2559 990 consistat,
2622 938 2689 980 eo
2727 922 2874 995 quod
2921 941 3042 994 quae
3097 933 3324 981 vocatur
3369 924 3461 980 do-

1895 1038 2018 1077 mus
2064 1018 2268 1081 Jacob,
2328 1032 2359 1070 a
2416 1013 2526 1070 Deo
2577 1015 2770 1069 relicta
2835 1015 2925 1069 sit.
2982 1014 3118 1069 Cum
3174 1031 3305 1071 vero
3356 1015 3458 1070 ob-

1894 1111 2113 1168 scurius
2140 1109 2281 1180 apud
2312 1106 2452 1161 LXX
2483 1106 2688 1161 dictum
2721 1104 2794 1160 sit
2834 1105 2965 1160 illud
2996 1123 3009 1160 :
3048 1125 3067 1157 ι
3096 1103 3249 1160 Tunc
3281 1105 3462 1161 mani-

1894 1201 2018 1256 festi
2035 1208 2197 1256 erunt
2217 1199 2308 1268 qui
2343 1197 2561 1269 signant
2586 1204 2640 1252 et
2661 1196 2921 1251 claudunt
2943 1197 3111 1267 legem
3132 1211 3201 1250 ne
3222 1197 3458 1252 discant.

1895 1289 2053 1362 45],
2086 1287 2153 1341 Ει
2188 1288 2371 1341 dicet:
2415 1285 2756 1356 Exspectabo
2794 1284 2963 1340 Deum
3004 1287 3098 1356 qui
3139 1287 3332 1341 avertit
3372 1286 3460 1341 fa-

1895 1381 2033 1435 ciem
2063 1394 2216 1433 suam
2243 1395 2272 1433 a
2301 1378 2463 1433 domo
2489 1376 2689 1441 Jacob,
2725 1383 2778 1432 et
2805 1376 3084 1433 conlidens
3110 1391 3204 1431 ero
3232 1378 3286 1431 in
3312 1393 3397 1434 eo.
3435 1395 3456 1430 ι

1894 1468 2117 1526 Planius
2145 1471 2284 1525 idem
2313 1469 2546 1525 reddidit
2570 1468 2929 1541 Symmachus
2950 1468 3036 1523 his
3061 1468 3267 1524 verbis:
3292 1488 3311 1520 ι
3330 1467 3460 1539 Liga

1895 1562 2268 1617 testimonium
2292 1600 2307 1624 .
2344 1560 2502 1632 signa
2532 1563 2702 1632 legem
2737 1562 2793 1615 in
2825 1559 3265 1616 ordinationibus
3302 1561 3460 1616 meis.

1895 1651 1964 1706 Et
1990 1652 2318 1723 exspectabo
2346 1649 2633 1706 Dominum
2657 1650 2751 1718 qui
2773 1650 3061 1705 abscondit
3084 1643 3278 1705 faciem
3304 1665 3461 1704 suam

1897 1759 1925 1798 a
1960 1744 2120 1799 domo
2150 1742 2353 1808 Jacob,
2386 1751 2440 1800 et
2472 1742 2801 1812 exspectabo
2835 1743 3034 1812 ipsum.
3066 1760 3084 1793 ι
3111 1740 3306 1810 Aquila
3333 1754 3464 1794 vero

1896 1837 2059 1891 etiam
2099 1837 2216 1908 ipse
2254 1838 2307 1891 in
2347 1836 2495 1892 hunc
2534 1834 2756 1889 modum
2794 1835 3104 1889 convertit:
3132 1851 3153 1884 ι
3182 1831 3333 1902 llliga
3392 1838 3468 1885 te-

1897 1928 2213 1984 stimonium
2236 1968 2251 1991 ,
2279 1928 2435 2000 signa
2458 1928 2630 1997 legem
2658 1927 2712 1979 in
2745 1924 3075 1979 docibilibus
3106 1923 3241 1978 meis
3259 1964 3272 1983 .
3297 1930 3351 1976 et
3377 1937 3469 1976 as.

1897 2034 2108 2076 sumam
2138 2017 2307 2073 Deum
2346 2018 2441 2089 qui
2480 2017 2767 2072 abscondit
2805 2014 2997 2070 faciem
3037 2030 3191 2069 suam
3233 2029 3262 2067 a
3301 2014 3466 2069 domo

1895 2112 2097 2177 Iacob,
2136 2119 2191 2168 et
2228 2110 2557 2184 exspectabo
2598 2109 2798 2178 ipsum.
2838 2126 2857 2159 ι
2905 2105 3033 2161 Haec
3070 2105 3237 2175 igitur
3287 2105 3467 2160 facere

1900 2206 2203 2261 Salvatoris
2232 2204 2405 2260 nostri
2440 2202 2693 2273 discipuli
2720 2201 3004 2260 docentur,
3031 2206 3154 2269 post
3176 2212 3296 2267 quae
3320 2197 3471 2251 deiu-

1897 2312 2024 2371 ceps
2052 2296 2335 2365 subjungit
2360 2313 2372 2347 :
2405 2312 2423 2344 ‹
2449 2292 2588 2347 Ecce
2613 2307 2712 2362 ego
2740 2298 2794 2346 et
2820 2291 2973 2360 pueri
3001 2304 3139 2359 quos
3163 2288 3311 2344 dedit
3332 2286 3467 2343 mihi

1899 2386 2065 2447 Deus.
2099 2385 2164 2439 Et
2191 2392 2353 2441 erunt
2378 2385 2433 2437 in
2470 2383 2623 2453 signa
2651 2391 2705 2436 et
2735 2389 2987 2453 portenta
3019 2381 3072 2434 in
3102 2380 3269 2434 Israel
3303 2394 3334 2431 a
3363 2377 3470 2432 Do-

1899 2481 2047 2535 mino
2083 2478 2356 2544 Sabaoth,
2389 2477 2484 2547 qui
2516 2475 2724 2530 habitat
2754 2475 2807 2528 in
2845 2482 3029 2528 monte
3060 2473 3213 2528 Sion.
3250 2492 3268 2526 ›
3294 2471 3470 2526 Porro

1899 2570 2164 2626 Dominus
2198 2568 2435 2624 Sabaoth
2458 2607 2472 2632 ,
2507 2567 2688 2639 ipsum
2722 2564 2818 2621 Dei
2854 2564 3090 2620 Verbum
3115 2604 3130 2628 ,
3177 2571 3466 2634 postquam

1899 2662 2163 2717 habitavit
2204 2662 2260 2715 in
2299 2675 2365 2716 eo
2408 2659 2661 2721 homine,
2710 2671 2872 2726 quem
2921 2654 3253 2723 assumpsit,
3308 2660 3363 2708 et
3408 2652 3467 2706 in

1900 2762 2086 2808 monte
2137 2750 2271 2807 Sion
2319 2758 2577 2806 versatus
2628 2756 2748 2813 est,
2805 2747 3071 2818 signaque
3119 2754 3173 2800 et
3216 2752 3470 2815 portenta

1900 2842 2071 2898 edidit
2095 2862 2108 2897 :
2139 2850 2254 2896 tum
2283 2856 2415 2896 vero
2443 2840 2560 2896 suis
2588 2837 2876 2908 discipulis
2897 2876 2912 2900 ,
2940 2844 2994 2891 et
3022 2834 3280 2890 omnibus
3305 2873 3319 2897 ,
3348 2835 3471 2904 qui-

1902 2950 2117 3004 cunque
2162 2940 2322 2989 antea
2367 2931 2679 2988 simulacris
2722 2930 2960 2992 addicti,
3004 2928 3059 2981 in
3099 2926 3257 2982 [idem
3298 2925 3473 2995 ipsius

1901 3026 2219 3089 venissent,
2254 3026 2512 3096 praecepit
2533 3062 2548 3087 ,
2579 3038 2648 3078 ne
2679 3020 2915 3092 amplius
2945 3016 3357 3089 superstitionis
3385 3031 3474 3070 er-

1904 3135 2082 3175 rorem
2112 3119 2224 3173 ullo
2267 3116 2430 3172 modo
2471 3117 2760 3177 timerent,
2806 3128 2995 3168 verum
3037 3112 3253 3182 potius,
3283 3123 3476 3179 quam-

1900 3211 1983 3266 vis
2012 3212 2162 3282 ipsos
2190 3209 2490 3279 agitarent,
2535 3213 2631 3260 aut
2675 3204 2837 3261 etiam
2874 3197 3302 3275 cogerent,'qui
3331 3200 3475 3271 apud

1901 3309 2091 3373 gentes
2124 3301 2379 3356 colebant
2426 3297 2758 3361 simulacra,
2810 3310 3056 3365 quzm‘ere
3101 3292 3375 3365 Pythones
3421 3298 3477 3347 et

1901 3393 2126 3448 oracula
2158 3391 2465 3447 daemonum
2502 3397 2762 3458 tanquam
2803 3387 3178 3449 admirabilia,
3208 3393 3263 3440 et
3304 3384 3473 3438 nullis

1903 3486 2150 3556 partibus
2204 3481 2464 3537 inferiora
2547 3479 2860 3535 divinorum
2906 3478 3124 3549 Deoque
3171 3478 3474 3531 amicorum

1901 3577 2183 3631 hominum
2206 3616 2220 3639 ,
2267 3565 2588 3646 proph'etico
2627 3574 2773 3637 ritu,
2812 3580 3054 3626 attamen
3089 3571 3192 3642 ipsi
3237 3570 3346 3625 illis
3386 3585 3476 3624 re-

1901 3670 2234 3741 sponderent
2298 3685 2362 3724 ac
2425 3669 2713 3724 dicerent:
2755 3684 2774 3717 ι
2806 3664 2947 3731 Quid
3005 3665 3345 3730 interrogant
3398 3660 3475 3717 de

1906 3763 2214 3818 viventibus
2254 3761 2544 3817 mortuos?
2572 3761 2743 3832 legem
2787 3759 2931 3814 enim
2979 3757 3033 3811 in
3080 3755 3345 3810 auxilium
3387 3753 3479 3809 dea

1903 3852 2022 3908 dit:
2059 3872 2079 3906 ι
2105 3860 2160 3907 et
2199 3868 2322 3922 qua:
2361 3852 2622 3922 deinceps
2668 3858 2995 3920 sequuntur.
3038 3846 3147 3903 Eos
3188 3846 3333 3901 enim
3381 3845 3476 3916 qui

1905 3943 2072 4000 semel
2106 3950 2160 3998 et
2190 3944 2361 4013 legem
2407 3950 2461 3997 et
2516 3941 2783 3996 salutaria
2826 3946 3101 4008 praecepta
3134 3936 3202 3991 ad
3240 3935 3478 4006 propriae

1905 4035 2154 4106 ipsorum
2206 4034 2334 4088 vitae
2382 4048 2542 4103 opem
2598 4040 2764 4102 atque
2815 4029 3083 4085 medelam
3132 4027 3476 4098 acceperint,

1906 4128 2129 4182 oracula
2186 4143 2310 4198 quae
2366 4124 2686 4182 daemonicis
2724 4123 3013 4178 fraudibus
3071 4121 3200 4176 nixa
3257 4133 3480 4191 responv

1906 4219 2105 4284 deant,
2154 4219 2429 4275 curiosius
2479 4217 2758 4290 inquirere
2816 4214 3287 4287 supervacaneum
3365 4211 3482 4266 ina-

1906 4327 2085 4382 neque
2116 4310 2303 4366 fuerit.

2014 4427 2091 4482 Ab
2130 4425 2326 4482 eodem.
2355 4457 2427 4467 --
2452 4425 2529 4479 De
2557 4426 2815 4480 enuntian
2828 4421 2896 4477 do
2929 4430 3023 4474 aut
3052 4415 3370 4481 indicando,

2228 4497 2354 4551 dum
2394 4495 2657 4549 miracula
2695 4494 2866 4548 ederet
2897 4492 3159 4547 Christus.

1986 4612 2005 4645 ι
2031 4592 2197 4648 Jacob
2241 4607 2378 4662 puer
2406 4605 2559 4645 meus
2582 4629 2597 4652 ,
2632 4587 2929 4658 suscipiam
2965 4601 3088 4639 eum
3118 4603 3131 4637 :
3166 4581 3335 4639 Israel
3376 4580 3489 4636 ele-

1906 4694 2030 4741 ctus
2078 4701 2266 4748 meus,
2299 4681 2599 4752 assumpsit
2630 4694 2752 4735 eum
2784 4678 2966 4732 anima
3001 4690 3120 4731 mea
3156 4692 3170 4730 :
3210 4672 3478 4743 judicium

1906 4779 2159 4850 gentibus
2192 4776 2468 4847 proferet,
2502 4790 2613 4828 non
2647 4771 2938 4836 clamabit,
2987 4784 3166 4839 neque
3206 4767 3478 4831 remittet,

1907 4885 2086 4941 neque
2147 4868 2310 4941 452
2350 4866 2603 4922 audietur
2653 4864 2790 4921 foris
2843 4878 2948 4917 vox
3003 4861 3155 4931 ejus,
3209 4859 3480 4915 calamum

1907 4962 2204 5017 contritum
2253 4976 2362 5014 non
2415 4957 2661 5028 franget,
2716 4963 2772 5010 et
2819 4955 2992 5008 linum
3045 4951 3317 5023 l‘umigans
3366 4964 3477 5004 non

1907 5055 2249 5125 exstinguet,
2280 5051 2375 5108 sed
2407 5052 2463 5105 in
2496 5048 2727 5103 veritate
2760 5044 3004 5118 proferet
3046 5042 3314 5114 judicium
3337 5084 3351 5109 ,
3391 5056 3481 5097 re-

1908 5145 2215 5227 splendebit
2249 5151 2303 5199 et
2333 5160 2443 5199 non
2486 5139 2971 5213 conquassabitur,
3006 5138 3185 5193 donec
3222 5142 3392 5207 ponat
3423 5134 3480 5189 in

1909 5245 2055 5294 terra
2101 5237 2364 5308 judicium
2391 5276 2406 5301 ,
2456 5244 2511 5290 et
2547 5234 2605 5288 in
2644 5233 2867 5288 nomine
2899 5231 3021 5300 ejus
3066 5236 3255 5300 gentes
3291 5241 3481 5297 spera-

1906 5330 2067 5384 bunt.
2106 5329 2199 5383 Sic
2231 5328 2366 5383 dicit
2400 5326 2665 5382 Dominus
2700 5324 2844 5380 Deus
2878 5323 2971 5394 qui
3005 5323 3132 5378 fecit
3163 5321 3398 5386 cmlum,
3426 5324 3482 5375 et

1907 5421 2143 5477 intendit
2178 5420 2312 5477 illud
2332 5460 2348 5485 ,
2384 5419 2479 5492 qui
2514 5418 2751 5473 ﬁrmavit
2781 5424 2986 5473 terram
3018 5421 3073 5469 et
3105 5428 3169 5469 ea
3202 5427 3323 5484 quae
3352 5419 3483 5467 sunt

1909 5514 1963 5569 in
1995 5514 2113 5585 ipsa
2135 5552 2150 5575 ,
2188 5512 2395 5583 quique
2427 5511 2523 5566 dat
2553 5508 2738 5564 ﬂatum
2772 5507 3009 5579 populo,
3047 5505 3142 5576 qui
3171 5514 3256 5560 est
3295 5501 3350 5558 in
3383 5519 3481 5573 ea,

1907 5615 1962 5663 et
2008 5592 2262 5676 spiritum
2310 5603 2650 5659 calcantibus
2701 5617 2845 5657 eam.
2899 5599 3013 5670 Ego
3046 5598 3309 5655 Dominus
3340 5595 3484 5652 Deus

1909 5705 2037 5751 tuus
2065 5695 2253 5750 vocavi
2281 5704 2332 5751 te
2358 5695 2413 5749 in
2442 5693 2659 5764 justitia
2683 5733 2698 5759 ,
2731 5699 2787 5748 et
2819 5690 3225 5762 apprehendam
3259 5696 3480 5742 manum

1909 5797 2092 5859 tuam,
2121 5794 2174 5843 et
2205 5785 2573 5842 corroborabo
2608 5791 2660 5839 te
2680 5825 2696 5851 ,
2747 5793 2799 5839 et
2830 5782 2953 5843 dedi
2987 5793 3039 5838 te
3099 5782 3153 5838 in
3187 5786 3481 5836 testamen-
