3908 6266
452 371 556 429 7θὸ
1123 366 1393 424 EUSEBII
1431 364 1912 423 CASSARIENSIS
1949 366 2103 425 OPP.
2140 366 2322 423 PARS
2350 366 2417 423 II.
2454 397 2525 407 —
2561 361 3061 421 APOLOGETICA.
3576 364 3663 423 70l

451 502 569 549 tum
600 491 816 566 generis
849 490 904 545 in
934 490 1117 544 lumen
1153 488 1396 561 gentium
1419 528 1434 553 ,
1470 496 1530 544 ut
1560 488 1801 559 aperires
1829 488 2018 543 oculos

2131 486 2429 559 ὗφθαλμοὺς
2452 483 2690 553 τυφλῶν,
2727 485 2820 539 καὶ
2855 483 3144 553 ἐξαγαγεῖν
3192 484 3255 535 ἐκ
3299 480 3504 554 δεσμῶν
3540 482 3664 537 6:6:-

452 600 724 642 caecorum
747 626 761 647 ,
797 591 852 637 et
896 582 1160 640 educeres
1202 598 1268 636 ex
1302 582 1541 637 vinculis
1575 582 1842 652 illigatos,
1875 589 1930 637 et
1957 582 2026 638 de

2131 581 2340 653 μένους,
2367 579 2462 633 καὶ
2485 578 2545 643 ἐξ
2564 578 2713 631 οἴκου
2738 576 2982 648 φυλακῆς
3006 576 3346 649 καθημένους
3368 576 3425 628 ἐν
3448 576 3627 631 σκότει.
3645 597 3662 630 ι

453 678 617 734 domo
647 674 886 731 carceris
919 674 1171 729 sedentes
1206 674 1260 728 in
1296 673 1541 729 tenebris
1568 673 1636 728 “.
1672 692 1691 725 ι
1720 673 1893 743 Atque
1924 675 2026 727 hu-

2131 674 2235 728 Ka‘t
2263 671 2464 743 ταύτης
2500 672 2529 725 6
2561 669 2950 741 εὐαγγελιστὴς
2987 670 3313 741 μνημονεύει
3341 668 3441 739 τῆς
3470 668 3665 736 λέξεως,

447 769 541 839 jus
582 768 687 823 loci
732 767 1068 836 evangelista
1100 765 1376 830 meminit,
1411 780 1521 836 quo
1553 773 1799 835 tempore
1825 764 2023 819 Phari-

2131 764 2211 818 ότε
2239 762 2547 829 ἐξελθόντες
2575 763 2626 816 oi.
2653 764 2935 835 Φαρισαῖοι
2972 760 3293 833 συμϐούλιον
3330 760 3514 814 ἔλαϐον
3548 763 3667 817 κατὰ

459 862 553 917 sazi
618 859 913 914 consilium
968 867 1233 933 ceperunt
1281 866 1470 911 contra
1524 854 1861 913 Salvatorem
1923 872 2025 912 no-

2131 857 2216 911 τοῦ
2247 856 2496 926 Σωτῆρος
2529 852 2704 925 ἡμῶν,
2747 853 2894 917 ὅπως
2931 852 3089 906 αὑτὸν
3125 852 3475 911 ἀπολέσωσιν,
3505 853 3668 927 ἐπειδὴ

451 962 626 1008 strum
648 992 663 1017 ,
712 959 770 1006 ut
796 967 921 1007 eum
956 950 1355 1017 interficerent,
1392 959 1677 1021 propterea
1711 952 1856 1022 quod
1889 948 2026 1005 Sab-

2131 951 2236 1013 τοῖς
2256 947 2527 1004 Σάϐϐασιν
2554 947 2682 1011 τοὺς
2712 946 3019 1017 κάμνοντας
3044 944 3362 1018 ἐθεράπευε.
3391 962 3411 997 ι
3447 945 3517 998 Τὸ
3534 963 3667 1017 τηνι-

449 1044 592 1102 batis
613 1051 941 1117 aegrotantes
964 1052 1213 1111 curaret;
1236 1063 1254 1095 ι
1279 1052 1412 1098 tunc
1435 1043 1602 1107 enim,
1628 1042 1840 1117 inquit,
1862 1040 2026 1098 Jesus

2131 1039 2300 1096 καῦτα
2344 1038 2473 1109 γάρ,
2537 1036 2613 1101 ὥς
2664 1053 2818 1108 φησι,
2876 1036 3039 1105 γνοὺς
3092 1037 3121 1089 6
3165 1034 3370 1107 Ἰησοῦς
3437 1036 3533 1108 τὴν
3564 1036 3670 1091 καθ’

450 1138 727 1193 intellecta
759 1137 1050 1192 adversum
1114 1152 1172 1192 se
1205 1136 1645 1206 conspiratione,
1682 1135 1909 1192 secessit
1941 1136 2027 1189 in-

449 1229 554 1293 de,
591 1239 646 1285 et
685 1237 890 1283 secutae
934 1234 1063 1281 sunt
1108 1243 1231 1281 eum
1269 1227 1444 1281 turbae
1478 1228 1690 1291 multae,
1728 1235 1781 1281 et
1811 1227 2025 1282 curavit

450 1336 549 1379 eos
578 1335 801 1385 omnes,
846 1326 901 1373 et
941 1318 1200 1390 prmeepit
1239 1319 1319 1372 eis
1362 1333 1429 1372 ne
1457 1318 1809 1375 manifestum
1842 1319 2023 1390 ipsum

451 1412 702 1469 facerent
735 1412 805 1467 ".
837 1432 856 1463 ι
889 1411 1098 1478 Quibus
1145 1411 1261 1465 hzec
1299 1410 1549 1481 adjungit
1582 1410 1841 1481 deinceps
1869 1429 1882 1465 :
1924 1411 2028 1467 cEt

451 1507 569 1562 haec
589 1507 796 1570 omnia,
831 1505 1029 1576 inquit,
1065 1503 1206 1560 facta
1233 1517 1363 1561 sunt
1398 1525 1409 1559 :
1452 1525 1469 1558 ι
1514 1505 1615 1559 hoc
1645 1512 1731 1561 est
1761 1502 1909 1575 quod
1940 1518 2027 1559 se-

455 1596 719 1661 cesserit,
752 1597 897 1666 quod
931 1595 1289 1651 declinaverit
1322 1594 1676 1651 insidiatores
1697 1634 1712 1661 ,
1754 1594 1900 1667 quod
1942 1595 2025 1649 la-

2131 1612 2237 1649 νειν
2262 1596 2389 1658 τοὺς
2417 1591 2752 1658 ἐπιϐούλους,
2780 1592 2875 1646 καὶ
2900 1591 2961 1645 τὸ
2998 1591 3277 1646 λανθάνειν
3302 1591 3608 1656 σπουδάζειν
3623 1593 3672 1646 ἐν

450 1695 569 1743 tere
604 1687 919 1751 studuerit,
954 1685 1083 1741 dum
1120 1686 1387 1742 miracula
1418 1687 1629 1754 ederet,
1661 1688 1917 1759 q‘uodque
1943 1687 2026 1744 eis

2131 1684 2205 1753 οἷς
2228 1687 2432 1761 ἔπραξε
2453 1684 2794 1757 παραδόξοις,
2830 1685 2925 1738 καὶ
2960 1685 3022 1738 τὸ
3055 1685 3374 1757 παρεγγυᾷν
3409 1686 3516 1746 τοῖς
3537 1683 3674 1756 θερα-

453 1795 594 1852 quos
624 1787 915 1844 curasset,
955 1779 1316 1852 praeceperit,
1352 1795 1423 1835 ne
1455 1779 1808 1835 manifestum
1845 1780 2024 1850 ipsum

2131 1778 2445 1850 πενομένοις
2487 1776 2561 1849 μὴ
2592 1775 2823 1850 φανερὸν
2856 1776 3015 1829 αὑτὸν
3045 1779 3240 1841 ποιεῖν,
3270 1794 3289 1827 ι
3326 1777 3415 1830 ἵνα
3440 1775 3671 1847 πληρωθῇ

454 1872 731 1937 facerent,
766 1890 784 1924 ι
815 1881 877 1927 ut
908 1872 1231 1945 impleretur
1259 1872 1406 1943 quod
1433 1872 1637 1927 dictum
1665 1880 1744 1927 est
1772 1886 1869 1941 per
1896 1885 2025 1941 pro-

2131 1868 2186 1922 τὸ
2220 1868 2381 1941 ῥηθὲν
2412 1867 2502 1922 διὰ
2542 1867 2634 1921 τοῦ
2680 1867 2957 1940 προφήτου
2995 1866 3275 1936 λέγοντος·
3324 1868 3457 1921 Ἰδοὺ
3501 1869 3529 1921 6
3566 1870 3675 1930 παῖς

450 1963 671 2034 phetam
708 1963 978 2018 dicentem
1010 1982 1023 2019 :
1070 1963 1211 2018 Ecce
1252 1978 1388 2033 puer
1430 1979 1614 2028 meus,
1649 1963 1704 2017 in
1732 1978 1841 2033 quo
1873 1978 2025 2018 com-

2132 1979 2253 2033 μου,
2294 1961 2353 2015 δν
2389 1961 2649 2033 ᾑρέτισα,
2692 1961 2721 2012 6
2761 1960 3045 2031 ἀγαπητός
3079 1977 3180 2032 μου
3213 1962 3294 2025 είς
3324 1960 3387 2014 ὃν
3414 1960 3676 2032 εὐδόκησεν

453 2055 634 2126 placui
669 2072 684 2110 :
720 2054 956 2111 dilectus
1000 2070 1184 2122 meus,
1228 2071 1393 2126 quem
1440 2056 1601 2127 elegit
1648 2055 1830 2110 anima
1881 2069 2022 2109 mea.

2131 2054 2162 2123 ἡ
2199 2052 2343 2124 ψυχή
2398 2070 2519 2125 μου.
2559 2055 2721 2126 Θήσω
2753 2053 2813 2108 τὸ
2846 2055 3063 2129 πνεῦμά
3112 2073 3213 2128 μου
3260 2055 3349 2109 ἐπ’
3391 2055 3564 2120 αὐτὸν,
3598 2056 3677 2109 καὶ

2124 1130 2289 1187 αὐτοῦ
2322 1128 2609 1201 συσκευὴν,
2646 1128 2989 1201 ἀνεχώρησεν
3022 1128 3250 1193 ἐκεῖθεν,
3286 1128 3380 1182 καὶ
3401 1128 3671 1201 ἠκολούθη-

2121 1242 2225 1278 σαν
2246 1222 2393 1295 αύτῷ
2418 1222 2563 1294 δχλοι
2597 1222 2800 1286 πολλοὶ,
2834 1222 2928 1275 καὶ
2952 1220 3315 1292 ἐθεράπευσεν
3341 1221 3531 1286 αὐτοὺς
3555 1223 3671 1276 πάν-

2121 1334 2241 1382 τας,
2296 1318 2389 1371 καὶ
2434 1315 2740 1388 ἐπέπληξεν
2786 1315 2968 1379 αὐτοῖς
3010 1314 3098 1369 ἵνα
3152 1314 3226 1387 μὴ
3269 1315 3498 1385 φανερὸν
3532 1316 3672 1369 αὑτὸν

2125 1411 2440 1483 ποιήσωσιν
2467 1427 2487 1459 ι
2530 1402 2613 1473 οἷς
2640 1406 2891 1479 ἐπιφέρει
2922 1406 3115 1475 λέγων·
3144 1425 3163 1457 ι
3198 1406 3307 1459 Καὶ
3332 1407 3502 1460 ταῦτα
3521 1407 3674 1462 πάντα

2123 1502 2335 1573 γέγονε,
2364 1520 2384 1553 ι
2425 1500 2747 1554 τουτέστιτδ
2763 1501 3059 1571 ἀναχωρεῖν
3093 1498 3275 1563 αὐτὸν,
3301 1499 3398 1553 καὶ¹
3427 1498 3488 1551 τδ
3517 1498 3676 1553 ἐκκλί-

451 2147 657 2203 Ponam
684 2148 934 2218 spiritum
959 2164 1137 2202 meum
1164 2164 1327 2219 super
1351 2164 1473 2204 eum
1494 2190 1508 2212 ,
1535 2155 1589 2204 ct
1606 2146 1871 2219 judicium
1896 2163 2027 2219 gen-

455 2242 605 2297 tibus
647 2241 943 2296 nuntiabit.
988 2239 1105 2295 Non
1166 2239 1459 2296 contendet
1503 2256 1680 2311 neque
1732 2239 2022 2304 clamabit,

454 2349 633 2403 neque
662 2334 846 2389 audiet
874 2333 1144 2404 quispiam
1176 2333 1230 2387 in
1256 2333 1446 2403 plateis
1467 2348 1655 2388 vocem
1683 2333 1821 2404 ejus.
1841 2331 2024 2386 Arun-

453 2427 637 2483 dinem
677 2436 991 2498 quassatam
1033 2442 1142 2481 non
1182 2426 1526 2497 confringet,
1554 2434 1609 2481 et
1649 2425 1821 2481 linum
1863 2423 2027 2479 fumi-

456 2536 593 2594 gans
632 2536 743 2576 non
786 2520 1129 2592 exstinguet,
1177 2520 1352 2576 donec
1402 2520 1589 2590 ejiciat
1640 2520 1697 2575 in
1739 2518 2024 2574 victoriam

449 2612 718 2683 judicium
738 2652 754 2675 ,
781 2619 835 2667 et
865 2612 918 2667 in
952 2611 1172 2667 nomine
1203 2611 1326 2681 ejus
1358 2618 1550 2683 gentes
1577 2610 1877 2682 sperabunt
1906 2608 1972 2665 ⁸⁸.
2000 2627 2019 2660 ι

451 2700 847 2757 Animadverte
892 2702 1183 2773 diligenter
1232 2717 1470 2772 quonam
1524 2701 1687 2757 modo
1742 2700 2025 2758 Matthatus

452 2793 547 2849 ubi
590 2794 730 2850 dixit
756 2813 770 2850 :
802 2814 821 2847 ‹
852 2794 994 2850 Ecce
1038 2810 1173 2867 puer
1213 2809 1367 2850 meus
1395 2810 1556 2865 quem
1589 2795 1724 2866 elegi
1744 2834 1761 2861 ,
1792 2794 2025 2851 dilectus

454 2902 611 2944 meus
652 2887 709 2942 in
753 2902 863 2957 quo
905 2887 1238 2957 complacuit
1277 2887 1459 2940 anima
1503 2900 1652 2949 mea,
1688 2904 1706 2938 ο
1732 2901 1907 2956 neque
1934 2884 2025 2939 Ja-

453 2979 595 3045 cob,
628 2995 807 3050 neque
852 2980 1022 3036 Israel
1060 2979 1465 3045 nominaverit;
1514 2994 1625 3035 non
1665 2978 1811 3035 enim
1843 2978 2019 3034 dixit:

453 3068 624 3127 Jacob
654 3086 788 3141 puer
819 3086 974 3127 meus
994 3111 1009 3136 ,
1047 3072 1216 3127 Israel
1247 3071 1453 3128 electus
1483 3086 1637 3126 meus
1657 3110 1672 3134 ,
1705 3069 1801 3127 sed
1833 3068 2025 3126 indefi-

2126 2145 2307 2216 κρίσιν
2328 2149 2440 2211 τοῖς
2471 2146 2677 2201 ἔθνεσιν
2707 2148 3028 2219 ἀπαγγελεῖ.
3060 2149 3175 2203 Οὐκ
3194 2148 3370 2221 ἐρίσει
3390 2149 3508 2202 οὐδὲ
3534 2166 3679 2221 κραυ-

2104 2238 2305 2308 γάσει,
2335 2240 2456 2293 ούδέ
2489 2240 2783 2295 ἀκούσεταί
2810 2259 2895 2305 τις
2925 2244 2983 2295 ἐν
3012 2244 3131 2306 ταῖς
3154 2242 3439 2305 πλατείαις
3468 2241 3561 2312 τὴν
3586 2258 3680 2308 φω-

2126 2332 2224 2405 νὴν
2252 2333 2436 2388 αὑτοῦ.
2467 2334 2726 2407 Κάλαμον
2756 2335 3209 2407 συντετριμμένον
3231 2336 3290 2389 οὐ
3312 2334 3580 2399 κατεάξει,
3601 2333 3680 2387 καὶ

2126 2424 2271 2480 λίνον
2300 2425 2599 2498 τυφόμενον
2630 2427 2690 2481 o6
2728 2426 2929 2493 σϐέσει,
2968 2427 3073 2494 ἐως
3109 2427 3175 2482 ἂν
3207 2426 3415 2499 ἐκϐάλῃ
3453 2428 3529 2490 είς
3557 2428 3680 2490 νῖκος

2126 2516 2224 2591 τὴν
2249 2519 2428 2591 κρίσιν
2454 2519 2546 2574 καὶ
2566 2520 2658 2574 ἐπὶ
2677 2519 2756 2592 τῷ
2795 2519 3018 2592 ὀνόματι
3044 2519 3209 2574 αὐτοῦ
3239 2520 3370 2592 έθνη
3401 2518 3642 2573 ἐλπιοῦσι.
3660 2537 3676 2570 ι

2127 2610 2293 2683 Τήρει
2332 2609 2390 2665 δὲ
2427 2611 2702 2684 ἐπιμελῶς
2732 2613 2853 2667 τίνα
2889 2613 3086 2684 τρόπον
3124 2616 3153 2667 6
3196 2612 3474 2677 Ματθαῖος
3513 2610 3676 2666 εἰπών·

2132 2719 2151 2754 ι
2202 2702 2333 2757 Ἰδοὺ
2362 2707 2391 2758 6
2424 2707 2555 2771 παῖς
2586 2723 2709 2778 μου,
2738 2706 2797 2761 ὃν
2832 2707 3081 2779 ᾑρέτισα,
3112 2709 3141 2761 6
3172 2707 3459 2779 ἀγαπητός
3489 2725 3602 2779 μου,
3631 2707 3680 2759 ἐν

2124 2787 2169 2863 ᾧ
2190 2793 2479 2866 εὐδόκησεν
2503 2798 2537 2868 ἡ
2564 2797 2709 2870 ψυχή
2741 2816 2863 2870 μου,
2901 2818 2919 2852 ι
2954 2798 3079 2853 οὔτε
3107 2798 3201 2853 τοῦ
3246 2798 3444 2853 Ἰακὼϐ
3469 2798 3585 2852 οὗτε
3599 2795 3678 2851 τοῦ

2138 2886 2351 2961 Ἰσραὴλ
2387 2888 2651 2962 ἐμνήσθη.
2688 2891 2760 2943 06
2790 2889 2898 2964 γάρ
2933 2886 3101 2945 εἶπεν·
3139 2888 3334 2944 Ἰακὼϐ
3360 2892 3389 2945 6
3420 2893 3545 2955 παῖς
3576 2906 3679 2962 μου,

2140 2979 2356 3053 Ἰσραὴλ
2387 2982 2415 3034 ό
2443 2980 2695 3047 ἐκλεκτός
2729 3000 2852 3054 μου,
2895 2983 3163 3054 ἀορίστως
3195 2983 3251 3036 δὲ
3294 2982 3579 3054 ἐξήνεγκεν
3613 2981 3680 3033 εἱ-

2128 3070 2264 3127 ’πιών⁸
2299 3089 2319 3123 ε
2352 3071 2483 3127 ’Ἰδοὺ
2502 3073 2530 3127 6
2554 3075 2681 3138 παῖς
2705 3092 2826 3146 μου,
2848 3074 2943 3128 καὶ
2965 3077 2992 3128 ό
3015 3074 3295 3145 ἀγαπητός
3320 3091 3444 3146 μου.
3476 3093 3494 3126 ι
3522 3071 3681 3135 Ὅθεν,

454 3161 569 3216 nite
597 3160 934 3227 enuntiavit,
968 3161 1159 3217 dicens
1186 3181 1201 3218 :
1238 3180 1256 3214 ι
1286 3160 1427 3216 Ecce
1459 3177 1593 3231 puer
1621 3176 1777 3216 meus
1797 3199 1813 3225 ,
1851 3168 1905 3217 et
1941 3160 2025 3215 di-

2131 3164 2204 3230 ὡς
2217 3163 2351 3236 μηδέ
2362 3165 2420 3218 ἐν
2429 3164 2507 3235 τῷ
2531 3164 2800 3237 Ἐϐραῖκῷ
2811 3165 2912 3235 τῆς
2924 3165 3252 3237 προφητείας
3264 3181 3352 3217 κει
3360 3162 3542 3235 μένης,
3555 3159 3682 3231 παρὰ

455 3253 634 3311 lectus
664 3269 839 3310 meus.
870 3273 890 3307 ι
917 3252 1187 3321 Quocirca
1204 3295 1219 3319 ,
1247 3253 1403 3325 quasi
1433 3253 1489 3309 in
1516 3251 1781 3310 Hebraico
1808 3268 1872 3309 ea
1898 3268 2026 3324 pro-

2135 3256 2234 3329 μέν
2252 3258 2365 3321 τοῖς
2394 3256 2790 3330 Ἐϐδομήκοντα
2817 3256 3103 3310 ὼϐέλισται
3124 3255 3185 3309 τὸ
3200 3255 3296 3309 τοῦ
3339 3252 3528 3309 Ἰακὼϐ
3544 3250 3684 3306 καὶτδ

454 3345 642 3418 phetia
696 3361 803 3402 non
853 3346 950 3410 sit,
987 3347 1132 3418 apud
1172 3348 1321 3418 ipsos
1362 3346 1580 3418 quidem
1612 3343 1756 3401 LXX
1786 3345 2028 3403 obelisco

457 3439 731 3510 signatum
776 3447 862 3496 est
912 3454 1113 3494 nomen
1165 3436 1371 3504 Jacob,
1436 3445 1603 3509 atque
1635 3436 1848 3493 Israel:
1881 3437 2029 3510 apud

457 3526 701 3598 reliquos
758 3535 939 3583 autem
998 3528 1324 3600 interpretes
1378 3527 1599 3583 silentio
1650 3525 2027 3598 praeteritum,

456 3628 745 3690 propterea
792 3619 939 3690 quod
989 3635 1060 3675 ne
1111 3619 1169 3674 in
1220 3618 1486 3674 IIebraico
1533 3618 1753 3689 quidem
1797 3618 2027 3675 feratur.

455 3711 617 3785 553
643 3711 875 3767 Proinde
917 3711 1082 3769 etiam
1113 3711 1450 3783 evangelista
1482 3710 1678 3766 merito
1724 3709 1778 3764 id
1802 3718 2031 3781 praeter-

458 3806 630 3868 misit,
666 3805 870 3878 quippe
900 3806 993 3876 qui
1026 3815 1079 3861 et
1106 3804 1370 3862 Hebraeus
1397 3813 1566 3871 esset,
1617 3812 1671 3860 et
1703 3804 1760 3859 in
1792 3803 2032 3876 prophe-

455 3897 547 3952 tiae
581 3897 855 3967 positione
883 3896 1184 3954 Hebraicos
1215 3897 1385 3953 libros
1420 3905 1760 3968 sequeretur.
1791 3894 1934 3967 Ergo
1961 3909 2032 3953 ne

458 3988 787 4045 sententiam
809 3988 1031 4058 quidem
1058 3990 1105 4045 si
1135 3998 1372 4060 spectes,
1405 3988 1607 4061 populo
1636 3988 1703 4043 ad
1734 3988 2029 4043 circumci-

459 4081 670 4137 sionem
711 4081 999 4152 spectanti,
1035 4081 1317 4136 oraculum
1357 4079 1759 4136 accommodari
1805 4079 2029 4151 poterit,

2131 3349 2226 3405 τοῦ
2252 3349 2464 3422 Ἰσραὴλ
2474 3349 2660 3421 ὅνομα’
2676 3350 2770 3404 καὶ
2782 3351 2929 3420 παρά
2939 3352 3050 3415 τοῖς
3059 3350 3263 3413 λοιποῖς
3273 3349 3333 3402 δέ
3352 3350 3377 3401 ἐ
3386 3366 3416 3419 ρ
3422 3347 3683 3419 μηνευταῖς

2134 3439 2643 3513 παμσεσιώπηται,
2676 3443 2797 3495 ἐπεὶ
2818 3438 2943 3514 μηδ’
2967 3443 3024 3494 ἐν
3047 3439 3126 3512 τῷ
3162 3439 3440 3512 Ἐϐραῖκῷ
3462 3438 3681 3510 φέρεται.

2138 3534 2328 3589 Ἔνθεν
2378 3534 2601 3599 εἰκότως
2631 3533 2748 3588 οὐδὲ
2780 3532 2930 3604 παρά
2976 3531 3055 3604 τῷ
3103 3530 3461 3601 εὐαγγελιστῇ
3496 3529 3684 3600 εἴρηται

2147 3626 2384 3699 Ἑϐραίῳ
2415 3626 2525 3681 όντι
2549 3666 2564 3691 ,
2615 3626 2708 3680 καὶ
2754 3624 3061 3688 ἀκολούθως
3108 3625 3175 3695 τῇ
3211 3622 3484 3693 Ἑϐραίων
3519 3618 3685 3692 γραφῇ

2134 3718 2234 3791 τὴν
2264 3718 2594 3791 προφητείαν
2623 3717 2922 3789 ἐκθεμένῳ.
2947 3712 3247 3787 Τοιγαροῦν
3278 3712 3407 3766 οὔτε
3431 3711 3566 3767 κατὰ
3590 3709 3686 3763 διὰ-

2136 3826 2285 3864 νοιαν
2308 3809 2386 3881 τῷ
2416 3811 2480 3863 ἐκ
2505 3810 2805 3881 περιτομῆς
2833 3806 2949 3878 λαῷ
2969 3806 3037 3860 τά
3070 3804 3437 3875 θεσπιζόμενα
3463 3796 3684 3876 ἁρμόζει,

2140 3902 2285 3974 μόνῳ
2310 3900 2367 3956 δέ
2392 3899 2471 3973 τῷ
2501 3899 2719 3972 Χριστῷ
2748 3899 2841 3954 τοῦ
2867 3898 3002 3953 θεοῦ
3027 3897 3462 3970 μαρτυρουμένῳ
3484 3895 3581 3948 ὑπὸ
3601 3891 3687 3963 τῆς

2138 3993 2426 4065 ἐναργείας
2452 3992 2546 4046 καὶ
2571 3992 2670 4063 τῆς
2701 3990 2810 4045 τῶν
2837 3991 3178 4064 πραγμάτων
3207 3990 3508 4055 ἐκϐάσεως.
3534 3988 3688 4049 Μόνος

2136 4084 2245 4156 γὰρ
2278 4076 2433 4148 οὗτος
2452 4084 2551 4155 τὴν
2587 4082 2883 4155 μέλλουσαν
2916 4081 3095 4153 κρίσιν
3125 4083 3237 4145 τοῖς
3262 4079 3444 4135 ἔθνεσι
3475 4079 3688 4152 προεκή-

459 4170 557 4228 sed
582 4171 677 4227 uni
707 4171 928 4227 Christo
962 4170 1077 4236 Dei,
1107 4172 1196 4227 cui
1229 4179 1284 4227 et
1311 4173 1427 4242 ipsa
1457 4171 1733 4227 evidentia
1789 4179 1846 4225 et
1875 4185 2027 4227 even-

2142 4176 2326 4248 ρυξεν,
2370 4175 2547 4248 ἡσυχῆ
2592 4174 2668 4246 τῷ
2704 4174 2804 4245 βίῳ
2835 4174 2942 4229 τῶν
2980 4172 3281 4246 ἀνθρώπων
3331 4173 3685 4245 ἐπιδημήσας,

458 4269 550 4318 tus
587 4278 770 4319 rerum
805 4263 964 4319 fidem
1016 4263 1377 4319 indubitatam
1407 4263 1554 4318 facit.
1588 4262 1740 4319 Unus
1770 4263 1916 4319 enim
1944 4263 2027 4318 hic

2141 4268 2233 4324 καὶ
2263 4267 2442 4339 κρίσιν
2470 4266 2562 4320 ἐπὶ
2584 4267 2680 4337 τῆς
2710 4266 2815 4337 γῆς
2849 4266 3104 4337 θέμενος·
3129 4266 3221 4319 καὶ
3250 4264 3311 4318 o6
3351 4266 3512 4337 μόνον
3542 4263 3686 4318 κάλα·

459 4355 704 4411 futurum
746 4356 1017 4426 judicium
1066 4357 1321 4427 gentibus
1380 4356 1595 4426 publice
1651 4355 2027 4422 denuntiavit,

2142 4378 2241 4435 μον
2273 4359 2728 4432 συντετριμμένον
2751 4360 2811 4413 o6
2848 4359 3107 4426 κατέαξεν
3126 4401 3140 4424 ,
3172 4357 3310 4412 ἀλλά
3332 4398 3349 4424 ,
3377 4359 3428 4411 εί
3455 4357 3591 4411 ἔστιν
3618 4355 3686 4409 εί-

459 4462 586 4501 cum
610 4447 851 4518 seipsum
873 4449 1037 4506 tacite
1062 4449 1116 4504 in
1147 4448 1312 4503 vitam
1335 4449 1616 4504 hominum
1648 4447 2027 4511 insinuaverit.

2139 4455 2281 4517 πεῖν,
2308 4452 2617 4522 συνέδησεν,
2646 4450 2958 4524 ἀνορθώσας
2984 4452 3078 4506 καὶ
3108 4451 3363 4522 ἰσχυροὺς
3395 4447 3688 4522 ἀπεργασὼ

458 4548 625 4611 atque
670 4548 723 4597 in
783 4550 927 4597 terra
974 4542 1246 4611 judicium
1302 4543 1565 4613 posuerit,
1613 4549 1667 4597 ct
1710 4557 1817 4597 non
1865 4543 2027 4599 modo

2135 4561 2291 4618 μενος
2322 4545 2451 4607 τοὺς
2500 4543 2772 4610 ἀσθενεῖς,
2800 4543 2893 4597 καὶ
2923 4544 3050 4607 τοὺς
3083 4542 3573 4615 συντετριμμένους
3605 4537 3688 4610 τὴν

458 4632 782 4687 arundinem
816 4635 1107 4688 contritam
1135 4649 1242 4688 non
1270 4633 1561 4705 confregit,
1601 4633 1719 4698 sed,
1749 4634 1796 4689 si
1837 4633 1919 4691 fas
1944 4644 2027 4691 est

2137 4636 2384 4708 καρδίαν.
2411 4637 2621 4707 Ὥσπερ
2652 4636 2710 4688 δέ
2740 4636 2867 4698 τοὺς
2899 4635 3142 4700 ἀσθενεῖς
3177 4636 3269 4690 καὶ
3313 4635 3578 4706 σαθροὺς,
3608 4631 3688 4686 καὶ

456 4723 663 4790 dicere,
694 4726 989 4796 colligavit,
1027 4742 1150 4781 cum
1198 4726 1444 4783 infirmos
1471 4736 1526 4783 et
1559 4729 1829 4784 contritos
1866 4728 2034 4784 corde

460 4818 715 4879 erexerit.
769 4818 1044 4889 fortesque
1095 4818 1413 4883 reddiderit.
1467 4826 1522 4875 et
1567 4820 2029 4890 quemadmodum

456 4910 707 4968 infirmos
746 4926 810 4966 ac
837 4910 1066 4976 debiles,
1107 4920 1162 4967 et
1197 4928 1311 4969 sua:
1336 4913 1509 4982 ipsius
1545 4915 1845 4970 curationis
1884 4915 2030 4970 indi-

458 5009 650 5070 gentes
691 5017 801 5057 non
833 5002 1198 5072 despiciebat,
1249 5020 1428 5075 neque
1479 5020 1619 5075 quos
1668 5005 1869 5077 prioris
1908 5008 2033 5061 vita;

458 5091 826 5162 pmnituisset,
858 5093 1277 5158 condemnabat,
1322 5101 1416 5147 aut
1448 5096 1797 5160 conterebat;
1835 5095 1919 5151 sic
1960 5110 2030 5151 ne

460 5183 583 5239 illos
612 5185 831 5255 quidem
864 5186 957 5257 qui
1001 5186 1056 5241 in
1101 5187 1259 5243 malis
1307 5195 1743 5259 perseverarent.
1788 5196 1884 5242 aut
1930 5188 2027 5258 qui

459 5277 643 5345 pravis
662 5279 827 5333 animi
850 5277 1134 5336 affectibus
1158 5279 1597 5344 incenderentur,
1626 5279 2028 5350 exstinguebat,

459 5376 555 5422 aut
586 5384 655 5426 ne
691 5384 759 5426 ex
807 5386 907 5427 suo
945 5372 1222 5443 proposito
1265 5388 1473 5443 suaque
1519 5373 1764 5443 ipsorum
1806 5373 2033 5429 libidine

460 5469 702 5529 agerent,
730 5461 1071 5530 prohibebat;
1097 5479 1273 5533 neque
1298 5478 1428 5518 vero
1460 5472 1657 5533 praeter
1682 5472 1896 5533 tempus
1924 5480 2029 5519 un-

460 5564 625 5618 quam
660 5549 854 5605 borum
888 5553 1123 5622 aliquem
1165 5554 1436 5624 supplicio
1475 5553 1675 5619 all'ecit,
1704 5555 1903 5625 quippe
1933 5555 2028 5625 qui

461 5638 663 5697 talibus
690 5639 899 5697 debitas
928 5658 1027 5712 pro
1071 5645 1282 5700 meritis
1317 5659 1508 5713 pmnas
1543 5646 1597 5700 in
1636 5653 1852 5716 tempus
1878 5662 2028 5701 com-

2137 4727 2235 4799 τῆς
2281 4727 2445 4782 αὑτοῦ
2493 4727 2789 4801 θεραπείας
2821 4728 3107 4799 δεομένους
3147 4727 3207 4780 o6
3240 4727 3538 4800 παρεώρα,
3586 4723 3688 4779 οὐδὲ

2142 4820 2535 4892 μετανοοῦντας
2586 4821 2929 4893 κατακρίνων
2977 4820 3320 4893 συνέτριϐεν
3374 4819 3545 4885 οὕτως
3585 4815 3688 4870 οὐδὲ

2136 4913 2262 4977 τοὺς
2307 4915 2420 4977 τοῖς
2459 4916 2649 4976 κακοῖς
2679 4912 3067 4983 ἐπιμένοντας,
3104 4913 3197 4965 καὶ⁸
3230 4912 3333 4966 ὑπὸ
3376 4911 3485 4965 τῶν
3522 4906 3689 4962 παθῶν

2134 5005 2468 5075 τυφομένους
2500 5004 2778 5069 ἐσϐέννυε,
2814 5003 3035 5058 κωλύων
3076 5003 3228 5076 παρά
3256 5003 3350 5075 τὴν
3376 5003 3551 5057 αὐτῶν
3577 5016 3689 5069 προ-

2135 5097 2347 5168 αίρεσιν
2376 5098 2647 5169 ἐνεργεῖν·
2678 5097 2797 5151 οὐδὲ
2834 5095 2940 5169 μὴν
2973 5096 3124 5169 παρά
3154 5095 3343 5167 καιρὸν
3387 5088 3688 5165 ἐτιμωρεῖτό

2135 5205 2257 5241 τινα
2295 5188 2498 5243 τούτων
2519 5230 2534 5254 ,
2576 5188 2674 5260 τὴν
2705 5190 2825 5242 κατ’
2852 5188 3009 5255 ἀξίαν
3052 5188 3233 5242 αὐτῶν
3259 5188 3478 5242 κόλασιν
3511 5187 3583 5248 είς
3610 5182 3687 5235 τὸν

2136 5279 2236 5351 τῆς
2278 5279 2505 5334 καθόλου
2545 5282 2777 5353 κρίσεως
2802 5281 2993 5350 καιρὸν
3026 5279 3443 5352 ὑπερτιθέμενος
3462 5295 3476 5308 ·
3508 5276 3583 5331 διὸ
3608 5272 3686 5327 λέ·

2136 5371 2352 5427 λεκται·
2395 5391 2412 5424 ι
2444 5373 2555 5427 Καὶ
2599 5372 2740 5427 λίνον
2782 5373 3083 5444 τυφόμενον
3126 5373 3186 5425 o6
3236 5371 3438 5426 σϐέσει.
3470 5392 3489 5423 ι
3530 5371 3685 5422 ’Δντιτ

2135 5480 2271 5535 κρυς
2298 5464 2356 5518 δὲ
2386 5464 2556 5537 πέρας
2582 5465 2770 5537 εἴληφε
2796 5465 2875 5529 τὸ,
2904 5485 2921 5516 ι
2952 5466 3060 5518 Καὶ
3093 5465 3149 5518 ἐν
3180 5464 3258 5536 τῷ
3288 5464 3513 5535 ὀνόματι
3540 5454 3685 5516 αὐτοῦ

2134 5554 2260 5627 ἔθνη
2304 5554 2602 5609 ἐλπιοῦσιν.
2638 5576 2656 5606 ι
2705 5556 2829 5609 Ἐπὶ
2860 5555 3003 5626 μόνῳ
3033 5553 3163 5624 γοῦν
3201 5553 3277 5625 τῷ
3315 5552 3413 5606 τοῦ
3458 5550 3683 5621 Σωτῆρος

2133 5646 2289 5719 ἡμῶν
2322 5646 2494 5720 Ἰησοῦ
2529 5647 2763 5720 Χριστοῦ
2797 5647 3019 5719 ὀνόματι
3050 5645 3245 5717 1ήλπισε
3264 5644 3330 5699 τὶ
3358 5637 3682 5718 Χριστιανῶν

530 5816 580 5853 ⁹⁶
618 5814 721 5875 Isa.
752 5832 900 5885 xui,
935 5818 1047 5873 ‘I-7.
1122 5821 1166 5853 ’τ
1206 5818 1391 5878 Matth.
1425 5839 1501 5879 xu
1526 5864 1541 5890 ,
1584 5823 1761 5885 I5,l6.
1835 5825 1881 5859 ’³
1919 5825 2053 5881 ibid.
2094 5820 2273 5881 ιτ-Ξι.
