3908 6266
229 300 318 357 763
332 333 334 336 ν

1083 299 1744 359 DEMONSTRATIONIS
1783 291 2245 360 EVANGELICJE
2281 303 2410 360 LIB.
2453 305 2546 364 IX.

3346 313 3450 370 706

227 419 367 488 ἔθνη,
401 418 494 489 τὴν
525 417 837 488 ἐπωνυμίαν
878 417 1044 473 αυτοῦ
1076 419 1152 484 ὡς
1181 420 1385 494 πατρὸς
1416 416 1484 492 ἧς
1514 421 1770 492 παρειλη-

1877 421 2058 476 munis
2081 421 2274 492 judieii
2308 432 2636 489 reservaret,
2660 437 2726 481 ex
2757 441 2872 497 quo
2903 427 3038 484 illud
3082 427 3288 484 dictum
3321 439 3446 486 est:

227 528 369 580 ςασιν
396 509 670 574 εὐσεϐείας
701 513 1136 582 ἐπιγραφόμενα.
1161 513 1270 566 Καὶ
1296 514 1406 584 γάρ
1433 516 1512 577 εἰς
1542 514 1656 584 φῶς
1678 514 1770 568 οὐκ

1881 533 1900 568 ι
1933 513 1999 569 Et
2025 515 2195 569 linum
2244 514 2520 587 fumigans
2551 534 2660 573 non
2705 520 3038 590 exstinguet.
3073 541 3092 575 ι
3129 520 3454 580 Planissime

226 601 384 665 ἄλλοις
415 601 446 674 ἢ
481 604 588 666 τοῖς
621 601 795 656 ἔθνεσι
828 602 1070 656 δεδόσθαι
1104 603 1548 676 προπεφὼνηται,
1575 605 1640 658 δι’
1679 605 1777 658 αύ-

225 693 304 748 τοῦ
331 711 385 746 τε
403 733 417 756 ,
451 696 514 764 τῇ
552 696 852 766 προρρήσει
877 695 1186 760 ἀκολούθως
1208 737 1222 762 ,
1251 696 1520 768 ὀφθαλμοὶ
1557 696 1778 767 τυφλῶν

224 788 316 843 τῶν
348 788 506 842 πάλαι
533 787 632 858 τὴν
661 788 897 842 διάνοιαν
927 789 1368 860 πεπηρωμένων,
1400 789 1494 842 καὶ
1523 789 1584 842 ού
1613 789 1775 859 μόνον

222 881 420 946 τούτων,
453 879 587 934 ἀλλά
630 881 725 934 καὶ
759 881 867 935 τῶν
905 882 1036 934 αὐτὸ
1067 881 1128 933 τὸ
1164 880 1321 952 σῶμα
1353 881 1735 952 ἠφανισμένων
1755 921 1771 945 ,

222 973 302 1028 καὶ
323 975 365 1024 οί
385 971 595 1041 δεσμοῖς
616 989 673 1023 τε
697 971 790 1025 καὶ
817 975 1024 1042 σειραῖς
1057 971 1362 1043 ἁμαρτιῶν,
1392 974 1448 1026 ἐν
1474 973 1653 1025 σκότει
1678 973 1772 1026 καὶ

219 1065 390 1135 ἀγνοίᾳ.
416 1064 513 1134 τῆς
545 1062 778 1131 ἀληθοῦς
810 1064 1091 1129 εὐσεϐείας
1124 1065 1184 1118 τὸ
1223 1067 1350 1136 πρὶν
1379 1064 1796 1136 κεκαλινδημέσ,

219 1172 304 1218 vat,
323 1153 384 1206 δι’
413 1151 575 1206 αὐτοῦ
604 1152 712 1206 τῶν
734 1153 1017 1225 ἁμαρτιῶν
1041 1154 1310 1220 λυθέντες,
1347 1155 1439 1209 τοῦ
1471 1156 1648 1224 φωτὸς
1673 1155 1772 1226 τῆς

217 1246 444 1317 γνώσεως
472 1244 568 1298 καὶ
598 1243 697 1312 τῆς
731 1246 884 1316 ποιρά
915 1245 994 1316 τῷ
1021 1245 1138 1316 Θεῷ
1165 1247 1476 1319 ἐλευθερίας
1497 1245 1771 1316 ἠξίωνται.

219 1341 312 1394 Καὶ
339 1340 398 1392 σὺ
427 1338 502 1402 δέ,
530 1338 622 1392 ἐπὶ
647 1339 841 1410 σχολῆς
876 1341 989 1403 τοῖς
1016 1340 1432 1411 ἀποδεδομένοις
1464 1338 1772 1403 ἀκολούθως

217 1429 484 1500 βασανίσας
511 1429 613 1500 τὴν
663 1427 827 1492 λέξιν,
865 1429 956 1482 ἐπὶ
993 1429 1140 1500 μόνῳ
1173 1429 1239 1482 ἂν
1271 1428 1449 1502 εὕροις
1479 1429 1557 1500 τῷ
1586 1429 1776 1501 Κυρίῳ

215 1525 291 1579 καὶ
317 1525 522 1596 Σωτῆρι
565 1523 721 1596 ἡμῶν
765 1525 993 1579 ἕκαστον
1039 1524 1284 1595 ἀκριϐῶς
1332 1524 1442 1579 τῶν
1488 1524 1554 1578 δι’
1602 1524 1774 1596 αὐτῆς

213 1619 530 1689 δηλουμένων
553 1635 621 1671 πε
630 1617 732 1688 πλη
743 1618 1003 1688 ρωμένον.

1875 616 2057 662 autem
2089 607 2251 662 ﬁnem
2285 624 2444 664 suum
2471 610 2681 681 accepit
2705 611 2866 666 etiam
2894 613 3026 667 illud
3063 628 3076 665 :
3116 631 3135 665 ι
3169 612 3235 666 Et
3269 614 3323 668 in
3357 630 3452 670 no-

1872 699 2019 756 mine
2050 700 2169 770 ejus
2202 710 2388 771 gentes
2415 703 2712 772 sperabunt
2740 704 2854 758 :iin
2886 705 3005 760 solo
3029 706 3174 759 enim
3204 703 3454 761 Salvato-

1870 792 1952 848 ris
1987 793 2164 848 nostri
2195 791 2326 849 Jcsu
2361 794 2568 848 Christi
2612 795 2854 861 nomine,
2889 797 3215 854 Christianae
3261 808 3453 870 gentes

1873 892 2252 954 speraverunt,
2283 901 2405 954 quae
2430 888 2594 940 etiam
2636 904 2700 942 ex
2736 889 2998 959 religione
3031 905 3195 960 quam
3225 906 3454 961 accepe-

1874 991 1954 1042 re,
2004 977 2152 1032 illius
2183 976 2338 1046 quasi
2387 980 2632 1046 parentis
2685 981 3014 1050 cognomine
3052 989 3252 1038 notatae
3295 991 3445 1039 sunt.

1877 1067 2088 1123 Etenim
2121 1069 2266 1139 quod
2296 1071 2462 1126 nullis
2511 1071 2637 1126 aliis
2671 1072 2778 1126 nisi
2811 1073 3064 1141 gentibus
3091 1075 3144 1128 in
3169 1075 3345 1130 lucem
3378 1074 3454 1131 sit

1874 1161 2060 1224 datus,
2107 1161 2219 1231 jam
2253 1169 2412 1216 antea
2451 1161 2658 1216 dictum
2706 1165 2883 1218 fuerat
2912 1183 2925 1220 :
2960 1171 3014 1219 et
3047 1180 3145 1235 per
3172 1165 3451 1232 eumdem,

1873 1257 1937 1305 ut
1968 1251 2146 1320 ipsum
2191 1253 2939 1324 oraculumsigniﬁcaverat,
2971 1256 3116 1310 oculi
3152 1270 3447 1321 caecorum,

1871 1357 2061 1396 eorum
2091 1344 2277 1414 utique
2309 1345 2402 1414 qui
2445 1345 2720 1415 quondam
2754 1357 2933 1402 mente
2973 1347 3228 1402 exczecati
3269 1357 3448 1417 erant,

1870 1435 2042 1500 aperti
2075 1441 2223 1495 sunt,
2259 1448 2436 1504 neque
2468 1449 2658 1490 eorum
2686 1435 2870 1499 modo,
2903 1437 2996 1492 sed
3025 1438 3189 1492 etiam
3237 1437 3331 1509 qui
3360 1438 3448 1509 ip-

1871 1539 1993 1579 sum
2027 1541 2231 1596 corpus
2278 1526 2667 1596 perdidissent.
2696 1527 2858 1598 Atqui
2887 1530 3124 1586 vinculis
3153 1539 3208 1585 et
3237 1530 3450 1586 catenis

1870 1625 2218 1687 peccatorum
2243 1621 2296 1674 in
2326 1621 2572 1676 tenebris
2600 1627 2654 1675 et
2678 1622 3020 1692 ignoratione
3064 1638 3204 1678 verae
3226 1623 3449 1695 pietatis

213 1715 343 1785 prius
376 1714 755 1774 versabantur,
801 1729 893 1782 per
952 1713 1199 1769 eumdem
1237 1727 1268 1767 a
1306 1712 1548 1783 peccatis
1599 1711 1788 1779 soluti,
1853 1712 2034 1768 lumen
2100 1715 2429 1785 cognitionis
2476 1714 2895 1787 libertatemque
2925 1716 3066 1787 apud
3102 1715 3269 1772 Deum
3299 1716 3448 1771 accio-

213 1819 322 1873 pere
348 1811 683 1860 meruerunt.
718 1803 799 1859 Tu
835 1819 961 1858 vero
1009 1804 1076 1860 ad
1107 1805 1299 1860 horum
1334 1805 1612 1876 exemplar
1642 1820 1764 1876 quae
1800 1805 2048 1876 exposita
2084 1815 2233 1871 sunt,
2280 1807 2327 1862 si
2377 1807 2644 1878 reliquam
2717 1809 2846 1864 item
2917 1808 3212 1864 dictionem
3261 1809 3450 1881 explo-

210 1898 412 1960 raveris,
443 1897 496 1951 in
526 1897 650 1951 solo
676 1895 906 1952 Domino
923 1897 1316 1968 Salvatoreque
1371 1907 1584 1964 nostro,
1642 1897 2075 1970 unumquodque
2106 1915 2318 1966 eorum,
2346 1916 2468 1972 quae
2529 1902 2584 1956 in
2625 1901 2717 1957 illa
2765 1903 3137 1967 continentur,
3201 1902 3451 1958 absolute

210 1993 509 2063 completum
546 1992 815 2048 invenies.

219 2109 333 2167 Ἀπὸ
371 2112 473 2166 τοῦ
503 2114 824 2188 αὐτοῦη-
854 2117 993 2188 Περὶ
1025 2119 1132 2171 τοῦ
1157 2118 1244 2188 μὴ
1283 2118 1640 2172 πιστεύσειν
1677 2117 1766 2182 εὶς

1873 2113 2032 2186 454
2059 2112 2138 2167 Ab
2164 2111 2363 2188 eodem.
2395 2142 2464 2152 —
2495 2111 2661 2188 Deeo
2684 2112 2824 2183 quod
2850 2110 3112 2167 Judaicus
3137 2113 3363 2183 populus
3387 2113 3446 2170 in

460 2184 654 2239 αὑτὸν
683 2186 791 2239 τὸν
821 2184 943 2242 τῶν
975 2184 1272 2243 Ἰουδαίων
1306 2189 1480 2244 λαόν.

273 2312 288 2344 ι
315 2290 460 2348 Εἶδον
491 2296 584 2350 τὸν
629 2299 830 2368 Κύριον
861 2299 1170 2372 καθήμενον
1203 2301 1294 2353 ἐπὶ
1331 2299 1520 2372 θρόνου
1558 2298 1762 2372 ὑψηλοῦ

210 2385 290 2438 καὶ
317 2387 644 2458 ἐπηρμένου,
669 2393 764 2444 καὶ
790 2394 1065 2463 σεραφεὶμ
1095 2395 1440 2463 είστήκεισαν
1470 2392 1654 2463 κύκλῳ
1675 2393 1767 2444 αύ-

210 2475 306 2530 τοῦ.
333 2498 349 2530 ι
393 2476 506 2533 Εἶθ’
536 2481 750 2544 ὑποϐάς
781 2500 912 2554 φησι
939 2501 952 2513 ο
1005 2503 1023 2534 ι
1073 2483 1184 2538 Καὶ
1219 2484 1427 2554 ἥκουσα
1457 2484 1555 2552 τῆς
1585 2483 1766 2552 φωνῆς

212 2570 391 2642 Κυρίου
421 2571 676 2642 λέγοντος
695 2592 708 2606 ⁸
735 2575 868 2628 Τίνα
902 2575 1205 2629 ἀποστείλω
1225 2616 1238 2640 ,
1271 2577 1364 2629 καὶ
1390 2575 1474 2638 τίς
1506 2575 1766 2646 πορεύσε-

210 2676 283 2713 ται
306 2662 431 2734 πρὸς
450 2665 540 2718 τὸν
571 2665 704 2720 λαὸν
734 2666 958 2733 τοῢτον;
991 2669 1102 2721 Καὶ
1128 2662 1286 2721 εἶπα*
1327 2667 1458 2721 Ἰδοὺ
1495 2665 1604 2736 ἐγώ
1628 2670 1761 2738 είμι,

210 2753 498 2809 ἀπόστειλόν
529 2774 624 2827 με.
659 2759 767 2813 Καὶ
796 2754 949 2812 εἶπε’
1002 2759 1331 2831 Πορεύθητι,
1377 2759 1471 2812 καὶ
1517 2759 1636 2812 είπέ
1687 2759 1764 2830 τῷ

209 2841 304 2914 λαῷ
327 2847 522 2918 τούτῳ’
565 2849 728 2920 Ἀκοῇ
755 2849 1046 2914 ἀκούσετε,
1078 2852 1174 2905 καὶ
1206 2851 1266 2905 οὐ
1299 2851 1374 2922 μὴ
1408 2851 1601 2921 συνῆτε
1621 2891 1635 2913 ,
1673 2851 1766 2904 καὶ

212 2933 470 3003 βλέποντες
498 2939 727 3010 βλέψετε
757 2983 771 3006 ,
797 2944 890 2996 καὶ
911 2945 972 2996 ού
1007 2944 1081 3014 μὴ
1115 2944 1281 3014 ἴδητε.
1319 2943 1626 3015 Ἐπαχύνθη
1657 2944 1765 3016 γὰρ

211 3027 434 3098 ήκαρδία
464 3029 558 3082 τοῦ
597 3029 728 3082 λαοῦ
760 3032 951 3085 τούτου
979 3074 992 3096 ,
1025 3034 1119 3087 καὶ
1147 3036 1260 3097 τοῖς
1294 3033 1428 3086 ὠσὶν
1459 3035 1638 3087 αὐτῶν
1670 3035 1765 3105 βα·-

212 3119 328 3188 ρέως
353 3122 589 3193 ἥκουσαν
610 3164 626 3189 ,
661 3125 754 3177 καὶ
782 3127 905 3188 τοὺς
948 3126 1258 3198 ὀφθαλμοὺς
1291 3129 1472 3183 αὐτῶν
1515 3129 1767 3200 ἐκάμμυ-

211 3227 324 3275 σαν,
353 3215 560 3286 μήποτε
619 3215 768 3270 ἴδωσι
812 3220 924 3280 τοῖς
958 3218 1290 3288 ὀφθαλμοῖς,
1339 3222 1434 3276 καὶ
1478 3225 1588 3285 τοῖς
1633 3223 1766 3276 ὠσὶν

211 3304 488 3372 ἀκούσωσι,
516 3308 614 3362 καὶ
638 3311 703 3379 τῇ
739 3310 934 3382 καρδίᾳ
968 3310 1198 3378 συνῶσι,
1229 3313 1322 3366 καὶ
1363 3314 1767 3386 ἐπιστρέψωσι,

211 3397 289 3450 καὶ
320 3398 548 3472 ίάσωμαι
600 3401 817 3464 αὐτούς.
851 3422 868 3452 ι
912 3403 1095 3474 Ἔχεις
1144 3405 1238 3457 καὶ
1280 3405 1482 3460 τούτων
1525 3407 1588 3459 τὸ
1633 3407 1767 3460 ἀπο-

211 3491 422 3564 τέλεσμα
445 3494 537 3546 ἐπὶ
568 3493 667 3548 τοῦ
698 3495 949 3566 Σωτῆρος
977 3496 1156 3567 ἡμῶν,
1184 3498 1325 3552 κατὰ
1351 3499 1446 3569 μὲν
1467 3500 1556 3552 τὸν
1593 3500 1768 3553 Ἰωάν-
1793 3519 1837 3580 c

213 3598 294 3654 νην
323 3587 564 3656 φήσαντα
588 3603 604 3616 ·
659 3605 676 3637 ι
709 3587 958 3640 Τοσαῦτα
998 3588 1054 3640 δὲ
1089 3589 1256 3643 αὐτοῦ
1286 3594 1488 3660 σημεῖα
1533 3608 1764 3662 πεποιη-

210 3673 344 3737 κότος
372 3675 681 3748 ἔμπροσθεν
711 3675 888 3730 αὐτῶν
910 3717 924 3741 ,
956 3678 1055 3732 ούκ
1090 3679 1417 3733 ἐπίστευσαν
1453 3682 1532 3745 είς
1579 3681 1762 3745 αὐτὸν,

212 3763 283 3816 ἵνα
326 3768 352 3819 ό
395 3768 550 3838 λόγος
617 3770 839 3823 Ἡσαΐου
888 3769 983 3824 τοῦ
1036 3773 1313 3842 προφήτου
1371 3771 1665 3843 πληρωθῇ,
1707 3772 1766 3826 ὃν

211 3854 338 3910 εἴπεο
380 3861 587 3933 Κύριε,
631 3861 716 3926 τίς
761 3862 1049 3915 ἐπίστευσε
1086 3866 1151 3934 τῇ
1185 3865 1322 3936 ἁκοῇ
1370 3863 1563 3936 ἡμῶν,
1618 3867 1712 3918 καὶ
1739 3867 1766 3918 ὁ

213 3951 425 4025 βραχίων
470 3957 679 4028 Κυρίου
724 3955 828 4010 τίνι
875 3957 1272 4029 ἀπεκαλύφθη,
1335 3958 1418 4011 διὰ
1472 3956 1625 4011 τοῦτο
1668 3958 1768 4010 οὐκ

212 4047 444 4112 ἢδύναντο
479 4049 790 4103 πιστεύειν’
824 4045 946 4102 εἷπε
974 4049 1082 4122 γάρ
1112 4050 1271 4104 πάλιν
1310 4050 1569 4113 Ἡσαΐας·
1599 4049 1770 4102 Τετύ-

214 4137 401 4206 φλωκεν
430 4141 614 4195 αὐτῶν
637 4143 760 4205 τοὺς
787 4141 1116 4212 ὀφθαλμοὺς,
1147 4142 1242 4195 καὶ
1266 4140 1556 4212 ἐπώρωσεν
1590 4140 1768 4194 αὐτῶν

212 4230 296 4299 τὴν
326 4233 566 4304 καρδίαν,
597 4233 686 4286 ἴνα
717 4231 790 4302 μὴ
815 4231 964 4284 ἴδωσι
985 4234 1095 4294 τοῖς
1126 4231 1424 4301 ὀφθαλμοῖς
1443 4269 1457 4291 ,
1506 4229 1600 4282 καὶ
1645 4229 1770 4299 νοή-

217 4337 332 4375 σωσι
354 4327 417 4395 τῇ
442 4324 642 4396 καρδίᾳ
662 4363 677 4388 ,
711 4324 806 4376 καὶ
835 4323 1200 4393 ἐπιστρέψωσι
1222 4361 1236 4384 ,
1278 4323 1372 4376 καὶ
1406 4321 1643 4391 ίάσωμαι
1669 4321 1767 4373 αὑ-

214 4415 338 4480 τούς.
387 4418 571 4472 Ταῦτα
618 4413 771 4471 εἶπεν
807 4417 1067 4479 Ἡσαΐας,
1103 4416 1192 4467 ὅτε
1222 4412 1330 4468 εἶδε
1367 4413 1464 4485 τὴν
1495 4414 1649 4478 δόξαν
1681 4413 1772 4465 αύ-

215 4505 313 4568 τοῦ,
328 4508 416 4560 καὶ
438 4509 670 4578 ἐλάλησε
698 4506 823 4576 περὶ
855 4503 1016 4559 αὐτοῦ
1036 4523 1048 4535 ’
1077 4524 1093 4555 ι
1119 4503 1262 4557 κατά
1284 4503 1340 4556 δέ
1363 4504 1452 4556 τὸν
1473 4501 1767 4563 Ματθαῖον,

217 4597 290 4650 ὅτε
338 4601 721 4672 προσελθόντες
767 4601 818 4652 οἱ
867 4599 1103 4669 μαθηταὶ
1158 4595 1322 4649 αὑτοῦ
1374 4592 1525 4648 εἷπον
1589 4592 1767 4664 αὐτῷ’

218 4691 302 4743 Διά
327 4695 374 4746 τί
405 4695 460 4746 ἐν
490 4693 828 4764 παραϐολαῖς
859 4692 1041 4754 αὐτοῖς
1074 4690 1282 4754 λαλεῖ;;
1313 4691 1340 4741 ὁ
1367 4688 1422 4741 δέ
1453 4685 1771 4758 ἀποκριθεὶς

219 4776 376 4835 εἶπεν·
418 4786 578 4855 Ὑμῖν
609 4783 814 4836 δέδοται
854 4783 1053 4852 γνῶναι
1080 4781 1146 4834 τὰ
1180 4781 1452 4852 μυστήρια
1486 4780 1583 4851 τῆς
1618 4780 1770 4850 βασι-

2245 2186 2417 2253 ipsum
2449 2183 2743 2238 crediturus
2775 2200 2878 2237 non
2901 2193 3056 2238 esset.

1943 2317 1962 2349 ι
1997 2297 2118 2352 Vidi
2150 2295 2438 2350 Dominum
2479 2296 2755 2352 sedentem
2790 2312 2954 2367 super
2987 2295 3125 2352 solio
3153 2297 3368 2353 excelso
3393 2302 3450 2353 et

1868 2390 2088 2444 sublimi
2119 2409 2131 2443 :
2165 2397 2219 2443 et
2248 2389 2522 2458 seraphim
2559 2389 2778 2443 stabant
2808 2390 2863 2443 in
2898 2389 3134 2443 circuitu
3173 2389 3293 2457 ejus
3314 2390 3380 2447 θ’.
3421 2409 3440 2442 ι

1868 2480 2072 2535 Deinde
2118 2480 2396 2550 paululum
2440 2496 2766 2550 progressus
2818 2481 2899 2537 sic
2930 2483 3046 2534 ait:
3088 2499 3106 2531 ι
3149 2480 3214 2534 Ει
3259 2481 3442 2536 audivi

1867 2588 2054 2626 vocem
2106 2571 2320 2624 Domini
2372 2572 2607 2626 dicentis
2652 2590 2666 2626 :
2709 2571 2880 2638 Quem
2942 2572 3188 2626 mittam?
3229 2580 3280 2628 et
3320 2573 3448 2643 quis

1869 2657 1970 2715 ibit
1997 2658 2064 2713 ad
2112 2659 2369 2728 populum
2421 2659 2610 2713 hunc?
2643 2658 2708 2712 Et
2737 2660 2848 2713 dixi
2882 2675 2894 2711 :
2925 2658 3064 2714 Ecce
3091 2676 3191 2731 ego
3226 2661 3443 2727 adsum,

1867 2752 2023 2806 mitte
2054 2766 2158 2805 me.
2201 2749 2267 2803 Et
2301 2750 2438 2804 dixit
2470 2769 2481 2805 :
2515 2749 2684 2814 Vade,
2718 2759 2772 2805 et
2803 2750 2893 2805 die
2935 2752 3136 2822 popqu
3163 2752 3310 2818 huic,
3345 2768 3446 2806 au-

1867 2841 1983 2896 ditu
2026 2841 2281 2904 audietis,
2311 2848 2364 2895 et
2387 2856 2494 2894 non
2527 2841 2860 2910 intelligetis,
2886 2851 2938 2895 et
2968 2842 3242 2898 intuentes
3264 2844 3444 2898 intue-

1867 2935 2080 2998 bimini,
2123 2941 2177 2987 et
2209 2949 2316 2986 non
2357 2933 2629 2987 videbitis.
2659 2931 2922 2988 Crassum
2951 2933 3098 2987 enim
3129 2931 3332 2988 factum
3362 2939 3447 2989 est

1867 3041 1965 3080 cor
1989 3026 2170 3095 populi
2203 3025 2386 3093 hujus,
2417 3036 2470 3079 et
2493 3025 2717 3078 auribus
2740 3025 2855 3079 suis
2875 3025 3113 3095 graviter
3130 3024 3446 3091 audierunt,

1867 3126 1922 3172 et
1951 3119 2142 3172 oculos
2173 3133 2302 3172 suos
2329 3118 2667 3181 clauserunt,
2699 3117 2990 3186 nequando
3005 3117 3223 3172 videant
3244 3117 3444 3184 oculis,

1868 3217 1922 3266 et
1951 3209 2179 3263 auribus
2214 3207 2464 3272 audiant,
2498 3216 2553 3262 et
2585 3207 2750 3262 corde
2778 3207 3103 3278 intelligant,
3133 3214 3188 3264 et
3225 3223 3449 3264 conver-

1868 3308 2077 3364 tantur,
2130 3305 2184 3354 et
2232 3314 2419 3353 sanem
2467 3299 2622 3354 eos‘.
2673 3317 2692 3349 ι
2741 3297 2942 3352 Harum
2992 3314 3211 3374 quoque
3260 3307 3447 3354 terim:

1869 3392 2038 3446 habes
2071 3398 2325 3445 eventum
2363 3390 2418 3442 in
2460 3387 2746 3443 Salvatore
2772 3397 2982 3452 nostro,
3017 3396 3077 3442 ut
3101 3388 3244 3458 apud
3280 3387 3450 3442 Joan-

1868 3497 1992 3537 nem
2047 3481 2300 3550 legimus,
2345 3477 2438 3548 qui
2479 3479 2556 3530 ait
2595 3493 2608 3529 :
2647 3495 2666 3528 ι
2704 3477 2840 3532 Cum
2887 3484 3069 3532 autem
3124 3487 3232 3529 tam
3276 3479 3448 3530 multa

1868 3575 2023 3645 signa
2067 3573 2287 3627 iecisset
2319 3585 2504 3624 coram
2537 3570 2638 3635 eis,
2682 3585 2788 3623 non
2815 3569 3166 3624 crediderunt
3199 3569 3253 3622 in
3286 3583 3436 3634 eum,

1869 3672 1928 3719 ut
1959 3679 2140 3720 sermo
2172 3662 2324 3718 Isaia:
2358 3663 2636 3733 prophetae
2683 3663 3024 3730 impleretur,
3063 3675 3224 3730 quem
3259 3660 3396 3714 dixit
3427 3674 3442 3712 :

1867 3753 2120 3819 Domine,
2164 3754 2288 3824 quis
2324 3753 2551 3807 credidit
2582 3752 2789 3806 auditui
2825 3751 3058 3806 nostro?
3083 3762 3137 3806 et
3164 3751 3447 3805 brachium

1867 3845 2107 3912 Domini,
2135 3849 2222 3902 cui
2252 3847 2550 3901 revelatum
2584 3846 2706 3900 est?
2733 3851 3021 3916 propterea
3053 3859 3161 3899 non
3197 3850 3449 3913 poterant

1868 3942 2110 4008 Credere,
2144 3941 2273 4012 quia
2323 3941 2521 3994 iterum
2556 3938 2695 3993 dixit
2738 3939 2910 3994 Isaias
2940 3953 2952 3989 :
2986 3936 3288 3991 Excaecavit
3315 3949 3451 3991 ocu-

1868 4037 1956 4095 los
1981 4055 2196 4106 eorum,
2228 4047 2282 4093 et
2313 4036 2590 4092 induravit
2619 4051 2715 4091 eor
2740 4050 2953 4098 eorum,
2979 4052 3047 4090 ne
3073 4035 3291 4090 videant
3314 4048 3452 4089 ocu-

1869 4133 1959 4194 lis.
1991 4140 2045 4188 et
2079 4134 2244 4188 corde
2285 4131 2611 4201 intelligant,
2644 4137 2700 4186 et
2728 4140 3142 4194 convertantur,
3163 4135 3219 4183 et
3258 4144 3446 4191 sanem

1869 4244 1985 4284 eos.
2035 4227 2161 4282 Haec
2189 4227 2327 4281 dixit
2375 4226 2565 4292 Isaias,
2599 4225 2821 4296 quando
2867 4225 3005 4280 vidit
3040 4225 3266 4295 gloriam
3301 4223 3446 4293 ejus,

1869 4326 1922 4372 et
1979 4319 2197 4372 loeutus
2254 4325 2338 4371 est
2383 4315 2450 4369 de
2503 4329 2569 4369 eo
2591 4316 2631 4368 '.
2675 4334 2693 4366 ι
2729 4313 3036 4381 Caeterum,
3090 4321 3148 4367 ut
3192 4319 3275 4368 est
3303 4312 3446 4383 apud

1873 4411 2209 4474 Hatthmum,
2249 4411 2571 4465 accedentes
2601 4406 2859 4476 discipuli
2903 4406 3024 4475 ejus
3055 4403 3310 4458 dixerunt
3341 4403 3389 4457 ei
3427 4421 3442 4459 :

1879 4522 1897 4554 ι
1931 4502 2112 4568 Quare
2149 4503 2201 4555 in
2233 4502 2507 4572 parabolis
2531 4500 2772 4569 loqueris
2803 4498 2915 4552 eis?
2970 4496 3061 4566 qui
3110 4494 3448 4562 respondens

1873 4594 1949 4647 ait
1977 4594 2084 4648 illis
2112 4610 2122 4644 :
2152 4593 2318 4648 Vobis
2341 4593 2525 4646 datum
2556 4599 2638 4645 est
2670 4605 2832 4643 nosse
2866 4587 3122 4658 mysteria
3149 4583 3318 4654 regni,
3339 4584 3447 4638 illis

1873 4693 2052 4739 autem
2108 4699 2217 4738 nou
2272 4691 2354 4738 est
2400 4683 2586 4737 datum
2622 4698 2634 4732 :
2665 4680 2787 4734 ideo
2826 4680 2876 4733 iu
2931 4677 3202 4742 parabolis
3253 4677 3447 4744 loquor

1875 4776 1976 4839 eis,
2012 4782 2070 4827 ut
2100 4773 2346 4828 videntes
2385 4789 2492 4828 non
2528 4773 2767 4835 videant,
2798 4779 2851 4827 et
2886 4769 3171 4825 audientes
3207 4783 3313 4821 non
3348 4782 3448 4819 au-

220 4868 368 4935 λείας,
392 4874 620 4938 ἐκείνοις
641 4875 696 4927 δὲ
720 4875 781 4927 οὺ
803 4874 1009 4926 δέδοται
1025 4891 1036 4900 ·
1064 4871 1148 4925 διὰ
1173 4869 1331 4923 τοῦτο
1353 4871 1408 4936 ἐν
1437 4868 1770 4938 παραϐολαῖς

1877 4867 2048 4931 diant,
2081 4881 2148 4920 ne
2182 4866 2402 4935 quando
2425 4873 2834 4924 convertantur,
2865 4871 2918 4917 et
2950 4875 3134 4916 sauem
3160 4856 3447 4915 eos.Tuuc

223 4964 384 5028 αὐτοῖς
411 4965 555 5019 λαλῶ
575 5006 590 5029 ,
621 4966 713 5018 ῖνα
746 4964 1034 5034 βλέποντες
1071 4970 1144 5032 μὴ
1179 4960 1450 5030 βλέπωσι,
1489 4960 1581 5010 καὶ
1613 4957 1777 5010 ἀκού-

223 5069 352 5117 οντες
378 5059 449 5127 μὴ
479 5054 755 5119 ἀκούωσι,
790 5057 862 5127 μή
895 5072 1020 5108 ποτε
1056 5051 1422 5124 ἐπιστρέψωσι
1442 5089 1455 5113 ,
1484 5048 1579 5102 καὶ
1611 5048 1775 5101 ἰάσω-

229 5159 311 5211 μαι
337 5147 546 5210 αὐτούς.
582 5147 715 5200 Τότε
741 5145 1030 5219 ἐπληρώθη
1066 5145 1152 5198 ἐπ’
1185 5145 1369 5205 αὐτοῖς
1406 5143 1438 5213 ἡ
1473 5138 1777 5214 προφητεία

238 5231 436 5289 Ἡσαΐου
481 5240 516 5309 ἡ
543 5237 779 5305 λέγουσα
799 5255 812 5268 ·
847 5257 864 5288 ι
894 5234 1225 5308 Πορεύθητι,
1257 5240 1352 5286 καὶ
1399 5230 1518 5284 είτὲ
1548 5229 1626 5300 τῷ
1662 5228 1777 5299 λαῷ

227 5321 408 5393 τούτῳ·
450 5327 612 5396 Ἀκοῇ
645 5324 901 5378 ἀκούσετε
921 5364 934 5387 ,
970 5325 1062 5400 καί
1087 5324 1147 5375 οὐ
1179 5322 1251 5392 μὴ
1288 5321 1504 5390 συνῆτε,
1537 5338 1556 5371 ι
1590 5319 1684 5372 καὶ
1711 5320 1779 5374 τὰ

227 5413 416 5478 τούτοις
456 5417 595 5487 ἑξῆς.
653 5417 928 5487 Ἐπιτήρει
973 5415 1029 5468 δέ
1073 5415 1193 5467 τίνα
1226 5413 1426 5486 τρόπον
1458 5415 1486 5465 ό
1529 5411 1778 5482 Ἰωάννης

230 5503 404 5574 ἐπάγει
434 5508 641 5576 λέγων·
676 5527 692 5558 ι
723 5508 906 5561 Ταῦτα
937 5503 1088 5560 εἶπεν
1123 5506 1371 5568 Ἡσαΐας,
1405 5505 1492 5558 ὅτε
1531 5499 1636 5555 εἶδε
1680 5503 1778 5573 τὴν

230 5593 366 5662 δόξαν
383 5599 564 5662 αὐτοῦ,
581 5599 674 5652 καὶ
694 5599 917 5670 ἐλάλησε
937 5598 1064 5670 περὶ
1083 5595 1269 5660 αὐτοῦ,
1299 5615 1316 5649 ι
1332 5597 1406 5659 ὼς
1427 5596 1518 5649 τὸν
1543 5595 1777 5667 Χριστὸν

292 5752 332 5782 ’³
373 5751 473 5805 Isa.
508 5768 590 5813 vt,
630 5751 734 5814 ιε.

817 5751 832 5781 ¹
872 5750 1000 5806 ibid.
1035 5751 1189 5807 8-10.
1263 5754 1283 5782 '
1330 5749 1486 5806 Joan.
1525 5768 1632 5816 tu,
1668 5747 1862 5803 57-“.

1882 4957 2152 5025 completa
2187 4963 2271 5010 est
2315 4956 2368 5008 in
2419 4956 2498 5010 eis
2541 4955 2824 5026 prophetia
2879 4951 3064 5014 Isaize,
3113 4965 3230 5016 quae
3261 4948 3442 5003 dicit:

1883 5045 2054 5114 Vade,
2084 5056 2137 5102 et
2185 5047 2273 5101 dic
2317 5049 2517 5118 populo
2563 5048 2708 5110 huic,
2748 5046 2934 5099 auditu
2967 5043 3222 5108 audietis,
3255 5049 3306 5094 οι
3336 5055 3445 5096 non

1885 5140 2278 5210 intelligetis”,
2327 5161 2345 5194 ι
2379 5149 2431 5195 et
2487 5157 2606 5211 quin
2664 5145 2989 5208 sequuntur.
3040 5135 3271 5190 Attende
3318 5146 3450 5187 vero

1885 5233 2012 5300 quid
2052 5233 2133 5286 .sit
2177 5232 2321 5301 quod
2373 5231 2610 5287 Joannes
2652 5231 2916 5301 adjungit,
2961 5228 3049 5282 tibi
3102 5225 3221 5279 ait:
3265 5245 3282 5277 ε
3324 5224 3450 5280 Haec

1880 5325 2017 5379 dixit
2047 5323 2234 5388 Isaias,
2267 5326 2488 5394 quando
2537 5325 2669 5379 vidit
2699 5325 2924 5393 gloriam
2960 5321 3101 5389 ejus,
3127 5327 3183 5373 et
3219 5318 3449 5391 locutus

1880 5423 1965 5470 est
2017 5415 2084 5469 de
2144 5430 2230 5470 eo.
2286 5435 2303 5466 ›
2365 5416 2520 5482 Quod
2576 5431 2707 5470 sane
2761 5430 2868 5469 non
2937 5413 3095 5467 aliter
3169 5408 3448 5479 accipien-

1881 5505 2010 5561 dum
2075 5514 2200 5568 est,
2261 5521 2326 5559 ac
2383 5507 2430 5561 si
2502 5506 2777 5559 Christum
2845 5502 3159 5572 Christique
3217 5499 3446 5570 gloriam

1882 5597 2146 5667 prepheta
2204 5599 2259 5652 in
2325 5613 2389 5652 ea
2447 5597 2657 5651 visione
2728 5595 2969 5662 viderit,
3024 5593 3080 5648 in
3130 5602 3239 5662 qua
3299 5590 3375 5644 ait
3425 5601 3448 5647 :

1940 5745 1962 5781 ³
1997 5747 2188 5805 Matth.
2222 5765 2356 5813 xui.
2401 5751 2579 5807 IC-IL.
