3908 6266
435 325 536 383 ’ίοἹ

1032 323 1301 379 EUSEBII
1341 317 1820 378 CESARIENSIS
1857 318 2226 375 OPP..PARS
2265 318 2327 374 ll.
2364 351 2432 362 ——
2470 320 2960 378 APOLOGETICA.

3547 327 3647 384 708

432 439 594 514 455
630 459 649 492 ι
682 437 802 494 Vidi
839 437 1126 492 Dominum
1158 434 1397 490 Sabaoth
1427 433 1706 488 sedentem
1750 435 1804 487 in
1852 434 1989 488 solio

2102 436 2394 506 ἑωρακότος
2441 439 2534 490 καὶ
2578 438 2674 509 τὴν
2718 438 2951 510 Χριστοῦ
2995 439 3151 506 δόξαν
3194 440 3288 494 τοῦ
3326 443 3608 514 προφήτου
3634 485 3648 509 ,

434 531 650 587 excelso
671 538 724 584 et
746 527 982 594 sublimi,
1020 545 1039 578 ι
1072 534 1126 580 et
1155 540 1275 595 qua:
1298 532 1622 594 sequuntur.
1655 522 1788 589 Quis
1810 529 1992 576 autem

437 636 547 676 non
576 619 875 674 admiretur
921 615 1246 670 oraculum?
1300 629 1424 668 cum
1464 615 1628 670 etiam
1683 627 1832 688 nunc
1858 611 1993 666 adeo

437 711 714 766 evidenter
762 708 959 762 intueri
1014 708 1175 762 liceat
1215 704 1433 760 Judaici
1476 705 1658 775 papuli
1731 703 1993 758 adversus

437 800 710 854 Christum
748 794 1222 852 incredulitatem?
1257 796 1388 850 Nam
1433 794 1563 848 olim
1595 792 1814 864 quidem
1841 792 1993 847 illum

437 890 709 944 hominem
740 888 963 952 factum,
988 887 1360 956 miraculaque
1380 885 1626 941 edentem
1659 882 1800 953 apud
1833 898 1891 938 se
1911 883 1998 938 in-

435 987 672 1047 tuentes,
724 980 892 1034 animi
945 965 1112 1049 atque
1157 978 1526 1049 intelligentia:
1567 976 1744 1030 oculis
1773 991 1998 1031 cernere

435 1085 548 1127 non
581 1079 852 1142 poterant,
890 1086 1066 1141 neque
1100 1069 1244 1140 apud
1288 1069 1436 1140 ipsos
1478 1069 1623 1123 ullus
1653 1075 1773 1122 erat
1804 1068 1998 1122 animae

437 1162 784 1235 intelligentis
819 1161 1068 1223 intuitus.
1095 1175 1202 1230 quo
1226 1161 1614 1230 perspicerent,
1647 1173 1893 1229 quaenam
1909 1173 1999 1213 es-

438 1262 521 1311 set
550 1255 604 1308 in
638 1255 831 1309 mediis
867 1255 1002 1324 ipsis
1032 1253 1231 1315 virtus,
1268 1267 1389 1321 quae
1415 1259 1567 1306 tanta
1603 1258 1657 1305 et
1688 1259 1796 1305 tam
1828 1252 1997 1305 multa

437 1345 702 1401 miracula
729 1343 984 1399 ediceret.
1016 1343 1160 1409 Quin
1194 1343 1357 1398 etiam
1390 1358 1512 1397 cum
1561 1343 1786 1396 auribus
1831 1341 1999 1396 verba

438 1437 560 1491 vita:
592 1442 804 1489 aeternae
828 1434 1104 1503 percipere
1132 1431 1310 1485 idonei
1340 1431 1538 1486 redditi
1567 1438 1773 1495 essent,
1809 1440 1864 1486 et
1898 1446 1999 1486 v0-

438 1543 555 1582 cem
587 1527 784 1582 divinae
812 1527 1088 1596 sapientiae
1117 1527 1390 1589 audirent,
1421 1525 1646 1581 auribus
1669 1526 1866 1580 mentis
1889 1540 1999 1580 non

441 1618 753 1683 audiebant,
785 1625 842 1671 ut
873 1617 953 1673 sic
1000 1617 1250 1672 videlicet
1285 1615 1500 1686 ipsimet
1533 1616 1830 1686 prephetiaa
1876 1632 1996 1670 ma-

441 1709 700 1764 nil'es'tum
749 1709 908 1764 tinem
940 1708 1300 1779 imponerent.
1337 1706 1528 1761 Adhuc
1555 1713 1735 1761 autem
1761 1721 1885 1760 cum
1914 1706 1999 1760 di-

2091 526 2232 579 κατά
2256 526 2353 597 τὴν
2386 528 2666 592 ὀπτασίαν,
2691 529 2748 580 ἐν
2836 527 3067 598 ἔφησεν·
3113 548 3130 580 ι
3160 524 3312 582 Εἶδον
3342 530 3434 582 τὸν
3454 531 3652 605 Κύριον

2093 616 2315 670 Σαϐαὼθ
2341 617 2654 689 καθήμενον
2683 621 2774 672 ἐπι¹
2817 619 3003 690 θρόνου
3038 619 3239 690 ὑψηλοῦ
3276 621 3370 675 καὶ
3412 623 3655 695 ἐπηρμό-

2093 725 2206 771 νου,
2239 728 2256 760 ι
2307 710 2403 761 καὶ
2444 710 2513 763 τὰ
2562 709 2706 779 ἑξῆς.
2756 707 2851 772 Τίς
2887 709 2932 762 δ’
2963 711 3063 762 οὐκ
3110 711 3175 764 ἂν
3217 711 3517 784 ἐκπλαγείη
3556 713 3655 785 τὴν

2095 800 2413 873 πρόρρησιν,
2453 801 2696 874 ἐναργῶς
2729 801 2900 864 οὕτως
2944 803 3109 855 εἰσέτι
3150 802 3245 857 νῦν
3283 803 3426 876 ὁρῶν
3455 804 3562 858 τῶν
3594 809 3657 860 ἐκ

2096 894 2395 964 περιτομῆς
2422 893 2519 964 τὴν
2552 895 2632 956 είς
2663 893 2894 964 Χριστὸν
2925 894 3216 960 ἁπιστίαν;
3247 897 3338 948 καὶ
3364 895 3530 950 πάλαι
3557 898 3656 968 μὲν

2097 985 2204 1056 γὰρ
2247 985 2694 1057 ἐνανθρωποῦντα
2722 987 2814 1040 καὶ
2857 986 3372 1056 παραδοξοποιοῦντα
3397 991 3452 1042 ἐν
3477 991 3657 1054 αὐτοῖς

2097 1078 2330 1150 ὁρῶντες
2359 1078 2536 1142 αὑτὸν,
2572 1077 2867 1148 ὀφθαλμοῖς
2897 1077 3074 1149 ψυχῆς
3099 1079 3190 1132 καὶ
3215 1075 3452 1143 διανοίας
3475 1081 3648 1150 ὄμμαέ

2101 1187 2183 1224 σιν
2207 1171 2304 1222 οὐκ
2331 1169 2589 1234 ἐθεῶντο,
2620 1170 2740 1221 ούδέ
2771 1187 2851 1232 τις
2883 1168 2951 1238 ἦν
2981 1173 3039 1222 ἐν
3073 1171 3253 1233 αὐτοῖς
3276 1174 3464 1244 νοερᾶς
3504 1173 3656 1226 ἐνθυδ

2103 1265 2176 1336 μή
2189 1282 2316 1327 seu;
2348 1263 2556 1335 ὅρασις,
2581 1264 2659 1325 εἰς
2686 1261 2745 1314 τὸ
2773 1263 3004 1316 συνιέναι
3037 1261 3121 1324 τίς
3165 1263 3280 1315 ποτ’
3305 1264 3410 1334 ἀρα
3439 1259 3508 1334 ἦν
3536 1267 3569 1335 ἡ
3591 1265 3657 1318 τὰ

2097 1357 2334 1410 τοσαῦτα
2381 1357 2472 1409 καὶ
2512 1355 2806 1426 τηλικαῦτα
2856 1355 3341 1426 θαυματουργοῦσα
3382 1358 3438 1409 ἐν
3479 1359 3659 1422 αὐτοῖς

2099 1451 2344 1520 δύναμις.
2379 1447 2537 1501 Ἀλλὰ
2564 1449 2657 1501 καὶ
2684 1449 2871 1510 αὐταῖς
2903 1449 3090 1510 ἀκοαῖς
3117 1449 3334 1518 ῥήματα
3363 1447 3505 1520 ζωῆς
3532 1453 3654 1502 altu-

2099 1543 2210 1598 νίου
2231 1541 2480 1606 δέξασθαι
2508 1541 2921 1612 κατηξιωμένοι,
2945 1543 3037 1594 καὶ
3063 1541 3244 1611 φωνῆς
3269 1541 3449 1596 ἐνθέου
3475 1542 3661 1611 σοφίας

2101 1636 2472 1711 ἀκροώμενοι,
2519 1634 2620 1688 ὠσὶ
2653 1633 2890 1696 διανοίας
2923 1636 3022 1687 οὐκ
3064 1635 3286 1704 ἤκουον,
3318 1634 3392 1697 ὡς
3436 1636 3661 1705 ἐναργὲς

2097 1731 2252 1792 τέλος
2283 1728 2579 1796 ἐπαγαγεῖν
2606 1727 2802 1789 αὐτοὺς
2821 1729 2886 1796 τῇ
2911 1726 3233 1796 προφητείᾳ.
3261 1726 3372 1779 Καὶ
3403 1727 3483 1790 είς
3505 1726 3663 1797 δεῦρο

439 1800 623 1855 vinam
652 1801 854 1855 Christi
891 1801 1166 1866 virtutem,
1194 1815 1290 1869 per
1311 1814 1476 1869 quam
1507 1813 1666 1852 omne
1699 1807 1869 1869 genus
1898 1797 1996 1851 ho-

2102 1819 2152 1872 δὲ
2179 1818 2277 1890 τὴν
2301 1818 2480 1871 ἔνθεον
2511 1817 2603 1870 τοῦ
2635 1815 2871 1888 Χριστοῦ
2905 1815 3152 1887 δύναμιν,
3185 1817 3251 1870 δι’
3275 1812 3343 1890 ἦς
3375 1820 3484 1870 πᾶν
3507 1819 3665 1886 γένος

440 1895 646 1948 minum
677 1895 865 1964 patriis
895 1894 1377 1963 superstitionibus
1412 1894 1720 1956 liberatum,
1753 1908 1864 1948 suae
1914 1894 1998 1962 ip-

441 1984 558 2038 sius
591 1983 840 2053 religioni
873 1983 1124 2052 subjecit,
1160 1991 1268 2036 tam
1304 1983 1448 2038 clare
1503 1984 1792 2038 micantem
1823 1983 1998 2052 inspi-

441 2076 618 2144 ciant,
693 2089 1036 2145 nequaquam
1086 2073 1139 2127 vi
1194 2075 1389 2128 mentis
1438 2074 1766 2138 attendunt,
1823 2089 1999 2143 neque

441 2165 900 2232 animadvertunt,
924 2163 1401 2236 quemadmodum,
1427 2164 1572 2234 quod
1602 2177 1777 2234 neque
1801 2179 1831 2216 a
1851 2162 1999 2218 Mose

441 2272 619 2326 neque
641 2272 672 2311 a
701 2257 1097 2327 posterioribus
1127 2255 1276 2311 Mose
1310 2256 1586 2324 pmphetis
1622 2255 1677 2308 in
1709 2256 1838 2310 solis
1865 2255 2001 2323 ipsis

440 2349 675 2404 obtineri
702 2350 899 2418 potuit,
937 2350 1040 2404 hoc
1081 2357 1165 2404 est
1214 2366 1282 2404 ne
1315 2349 1624 2404 simulacris
1677 2347 1999 2403 addiceren-

440 2446 550 2506 tur,
587 2456 761 2511 neque
792 2440 1086 2494 multorum
1110 2441 1335 2494 deorum
1359 2439 1734 2510 superstitioni
1765 2437 2002 2494 adhaere-

440 2539 582 2599 rent,
618 2533 796 2604 ipsum
830 2532 934 2587 hoc
967 2532 1022 2586 in
1066 2531 1280 2587 cunctis
1313 2531 1564 2602 gentibus
1592 2530 1776 2585 divina
1810 2529 1999 2585 Salva-

442 2623 579 2677 toris
639 2621 815 2677 nostri
874 2623 1072 2685 virtus,
1131 2629 1192 2675 ut
1243 2622 1686 2684 constitueretur,
1738 2617 1998 2673 eﬂecerit.

389 2786 392 2790 .
442 2708 649 2771 Deinde'
663 2715 976 2786 prophetica
998 2715 1065 2769 de
1089 2713 1182 2768 illo
1206 2713 1517 2769 testimonia
1543 2711 1760 2767 assidue
1781 2726 2004 2766 versan-

442 2817 544 2873 tes,
577 2808 766 2862 auditu
797 2807 1015 2877 quidem
1070 2807 1322 2870 audiunt,
1360 2805 1456 2860 sed
1510 2820 1617 2859 non
1665 2803 1998 2872 intelligunt,

445 2904 630 2966 utpote
678 2911 802 2949 cum
861 2895 1022 2949 etiam
1061 2909 1208 2948 nunc
1257 2893 1560 2964 prOphetia,
1602 2909 1723 2963 quae
1758 2909 1902 2947 nunc
1942 2891 2000 2946 in

443 2987 694 3042 manibus
719 2993 824 3053 est,
855 2993 1046 3041 contra
1080 2987 1229 3057 ipsos
1260 3000 1448 3040 revera
1477 2986 1835 3055 compleatur.

443 3104 486 3157 A
519 3099 1366 3166 Zacharia.—Quemadmodum
1415 3115 1569 3168 super
1618 3100 1762 3167 pullo
1817 3097 1998 3154 sedens

607 3171 977 3240 Hierosolyma
1006 3173 1336 3240 ingressurus
1359 3171 1572 3223 oraculo
1601 3171 1829 3224 dicatur.

521 3302 541 3336 ‹
585 3281 772 3339 Gaude
813 3284 1180 3348 vehementer,
1233 3283 1342 3337 lilia
1391 3283 1556 3349 Sion;
1606 3282 1858 3354 praedica,
1893 3283 2002 3338 [ilia

442 3378 763 3432 Jerusalem.
798 3377 936 3431 Ecce
971 3377 1081 3432 Rex
1107 3383 1235 3430 tuus
1267 3377 1415 3431 venit
1444 3376 1541 3429 tibi
1576 3376 1760 3445 justus
1799 3385 1855 3429 et
1889 3376 2004 3431 sal-

443 3485 540 3525 vos
585 3468 790 3523 iaciens
826 3489 841 3523 ;
874 3469 990 3540 ipse
1041 3477 1360 3522 mansuetus
1415 3475 1468 3522 et
1501 3467 1790 3537 impositus
1839 3483 2004 3537 super

438 3559 748 3630 jumentum
782 3565 836 3614 et
867 3559 1073 3629 pullum
1105 3558 1526 3614 adolescentem.
1563 3558 1636 3612 Et
1665 3557 1854 3627 perdet
1876 3574 2002 3612 cur-

443 3665 566 3704 rum
604 3666 672 3705 ex
716 3648 968 3718 Ephrem,
997 3657 1050 3704 et
1080 3664 1277 3718 equum
1303 3663 1368 3701 ex
1397 3646 1695 3703 Jerusalem
1726 3667 1739 3702 :
1782 3656 1835 3703 et
1861 3649 2006 3717 peri-

442 3735 522 3790 bit
555 3751 715 3791 arcus
743 3738 990 3802 bellicus,
1022 3744 1076 3791 et
1107 3736 1436 3790 abundantia
1457 3737 1610 3806 pacis
1635 3752 1698 3791 ex
1729 3737 2000 3806 gentibus.

445 3829 510 3883 Et
530 3829 894 3900 principatum
920 3829 1187 3884 obtinebit
1219 3843 1248 3882 a
1270 3829 1407 3882 mari
1439 3844 1613 3898 usque
1645 3827 1712 3881 ad
1745 3842 1913 3892 mare,
1949 3835 2005 3882 et

443 3935 474 3972 a
507 3918 821 3974 [luminibus
871 3935 966 3988 per
1011 3921 1452 3990 exporrectiones
1508 3927 1665 3973 terra:
1693 3918 1735 3973 ‘.
1788 3937 1808 3970 ›
1865 3917 2002 3973 Cum

447 4008 563 4063 hac
591 4015 712 4076 post
742 4008 971 4062 reditum
1002 4007 1069 4062 de
1093 4009 1383 4080 Babylone,
1417 4007 1727 4063 novissimis
1765 4009 2003 4078 prophe-

445 4105 621 4149 tarum
648 4096 981 4164 temporibus
1013 4094 1306 4152 Zacharias
1331 4097 1609 4162 cecinerit,
1634 4096 1796 4168 456
1819 4100 2004 4154 nullus

445 4194 568 4257 post
592 4187 709 4255 ejus
735 4187 1031 4257 prophetiae
1075 4198 1286 4257 tempus
1311 4203 1402 4242 rex
1429 4186 1572 4258 apud
1592 4186 1808 4243 Judaeus
1833 4188 2003 4244 fuisse

445 4286 796 4346 memoratur,
849 4281 1064 4349 qualem
1118 4281 1230 4334 haec
1263 4280 1547 4350 pr0phetia
1578 4281 1858 4345 describit,
1895 4283 2004 4338 nisi

444 4387 588 4427 unus
617 4371 882 4426 duntaxat
924 4370 1176 4426 Salvator
1205 4388 1268 4426 ac
1304 4371 1568 4428 Dominus
1603 4380 1790 4428 noster
1817 4373 2000 4441 Jesus,

2098 1909 2396 1982 ἀνθρώπων
2430 1911 2742 1979 ἀποστήσας
2786 1908 2886 1979 τῆς
2929 1907 3158 1978 πατρίου
3205 1907 3662 1980 δεισιδαιμονίας,

2097 2002 2407 2072 ὑπηγάγετο
2431 2005 2498 2072 τῇ
2522 2002 2640 2053 κατ’
2680 2000 2840 2053 αὑτὸν
2875 1999 3183 2072 θεοσεϐείᾳ,
3211 2001 3456 2072 ἐναργῶς
3491 2001 3665 2066 οὕτως

2097 2094 2499 2165 ἐμφαινομένην
2532 2093 2796 2164 ὁρῶντες,
2828 2093 3077 2165 οὐδαμῶς
3119 2094 3406 2164 ἐφιστῶσιν
3444 2098 3512 2166 τῇ
3553 2095 3667 2148 διαο

2097 2186 2237 2257 νοίᾳ,
2267 2187 2374 2239 οὐδ’
2398 2187 2797 2252 ἐπιϐάλλουσιν,
2821 2188 2967 2250 ὅπως
2997 2187 3058 2240 τὸ
3090 2190 3225 2259 μήτε
3249 2188 3490 2253 Μωῦσεῖ,
3528 2189 3665 2259 μήτε

2095 2282 2205 2342 τοῖς
2237 2281 2376 2350 μετά
2407 2279 2642 2334 Μωῦσέα
2669 2282 2969 2352 προφήταις
2995 2280 3086 2332 ἐπὶ
3123 2280 3296 2350 μόνων
3319 2279 3498 2333 αὐτῶν
3532 2297 3657 2333 κατ-

2096 2369 2334 2443 ορθωθὲν
2359 2414 2372 2438 ,
2416 2372 2573 2424 τοῦτο
2601 2371 2665 2442 δὴ
2704 2371 2763 2423 τὺ
2811 2371 2884 2442 μὴ
2928 2370 3362 2446 εἰδωλολατρεῖν,
3413 2372 3547 2442 μηδὲ
3595 2375 3664 2443 τῇ

2100 2463 2342 2534 πολυθέῳ
2390 2463 2674 2536 προσέχειν
2703 2463 2879 2538 πλάνῃ
2901 2506 2915 2530 ,
2946 2463 3089 2518 τοῦτ’
3121 2464 3212 2516 ἐπὶ
3246 2465 3464 2518 πάντων
3497 2464 3666 2519 ἐθνῶν

2099 2553 2134 2623 ἡ
2160 2553 2252 2607 τοῦ
2281 2557 2530 2628 Σωτῆρος
2553 2559 2584 2627 ἡ
2594 2555 2705 2626 μῶν
2738 2555 2916 2618 ἔνθεος
2939 2555 3103 2628 ἀρετὴ
3127 2557 3510 2627 συνεστήσατο.
3535 2553 3667 2610 Εἶτα

2099 2650 2156 2702 δὲ
2185 2650 2305 2712 ταῖς
2333 2649 2696 2719 προφητικαῖς
2721 2646 3136 2716 ἐντυγχάνοντες
3180 2647 3307 2718 περὶ
3331 2647 3498 2700 αὐτοῦ
3531 2665 3668 2719 μιιρ⁹

2098 2741 2335 2812 τυρίαις,
2364 2741 2498 2809 ἀκοῇ
2526 2739 2621 2809 μὲν
2650 2738 2957 2803 ἀκούουσιν,
2983 2738 3098 2791 ἀλλ’
3128 2739 3188 2790 οὐ
3213 2741 3481 2804 συνιᾶσιν,
3522 2739 3666 2810 ἔργῳ

2102 2832 2482 2904 πληρουμένης
2509 2831 2673 2885 εἰσέτι
2701 2831 2793 2886 καὶ
2825 2831 2919 2886 νῦν
2945 2832 3064 2885 κατ’
3093 2831 3272 2886 αὐτῶν
3296 2833 3396 2896 τῆς
3427 2833 3486 2887 ἐν
3511 2834 3667 2905 χερσὶ

2102 2925 2456 2998 προφητείας.

2115 3083 2244 3138 Ἀπὸ
2272 3082 2376 3136 τοῦ
2402 3082 2713 3151 Ζαχαρίου.
2733 3113 2803 3123 --
2833 3080 2930 3149 Ὠς
2967 3081 3064 3136 ἐπὶ
3099 3080 3303 3136 πῶλον
3341 3083 3666 3152 ὀχούμενος

2204 3153 2447 3207 ἐλάσειν
2471 3157 2556 3218 εἰς
2583 3153 2655 3206 τὰ
2685 3154 3062 3222 Ἰεροσόλυμα
3093 3156 3548 3222 προφητεύεται.

2178 3287 2196 3318 ‹
2224 3270 2392 3338 Χαῖρε
2429 3268 2648 3338 σφόδρα,
2678 3267 2913 3339 θύγατερ
2939 3265 3099 3331 Σιὼν,
3130 3267 3401 3338 κήρυσσε,
3432 3266 3668 3338 θύγατερ

2114 3358 2498 3430 Ἰερουσαλήμ·
2547 3359 2653 3412 ἰδοὺ
2698 3361 2725 3412 ὁ
2769 3356 3020 3428 βασιλεύς
3057 3375 3149 3411 σου
3199 3357 3416 3428 ἔρχεταί
3468 3375 3550 3410 σοι
3595 3357 3668 3410 δί-

2103 3468 2256 3514 καιος
2279 3453 2372 3504 καὶ
2402 3452 2606 3516 σώζων,
2636 3449 2798 3514 αὐτὸς
2832 3450 3037 3522 πραῢς,
3075 3453 3168 3505 καὶ
3199 3449 3545 3520 ἐπιϐεϐηκὼς
3579 3450 3668 3502 ἐπὶ

2103 3543 2391 3612 ὑποζύγιον
2422 3544 2516 3596 καὶ
2545 3543 2718 3596 πῶλον
2747 3541 2883 3596 νέον.
2918 3544 3029 3597 Καὶ
3052 3541 3413 3612 ἐξολοθρεύσει
3446 3541 3668 3612 ἅρματα

2103 3637 2167 3703 ἐξ
2191 3638 2457 3708 Ἐφραεὶμ
2476 3677 2490 3700 ,
2527 3636 2619 3689 καὶ
2667 3635 2830 3689 ἵππον
2861 3635 2920 3700 ἐξ
2951 3634 3332 3706 Ἰερουσαλήμ·
3368 3634 3462 3688 καὶ
3488 3634 3660 3699 ἐξολο⁶

2103 3728 2454 3800 θρευθήσεται
2481 3726 2632 3792 τόξον
2667 3727 2976 3800 πολεμικὸν,
3013 3729 3105 3780 καὶ
3133 3727 3334 3797 πλῆθος
3361 3729 3584 3801 εἰρήνης
3611 3727 3668 3793 ἐξ

2103 3819 2270 3873 ἐθνῶν
2295 3858 2310 3882 ,
2356 3820 2446 3872 καὶ
2482 3817 2740 3889 κατάρξει
2782 3818 2887 3871 ἀπὺ
2915 3818 3185 3888 θαλάσσης
3223 3819 3327 3880 ἕως
3353 3817 3631 3889 θαλάσσης
3651 3857 3665 3880 ,

2103 3909 2195 3962 καὶ
2227 3909 2334 3963 ἀπὸ
2371 3907 2628 3978 ποταμῶν
2663 3909 2742 3969 εἰς
2781 3905 3062 3968 διεκϐολὰς
3093 3905 3218 3974 γῆς.
3251 3925 3267 3954 ι
3310 3903 3496 3956 Ταῦτα
3533 3905 3669 3975 μετά

2101 4002 2199 4074 τὴν
2247 4001 2353 4055 ἀπὸ
2391 3999 2703 4062 Βαϐυλῶνος
2750 3998 3004 4052 ἐπάνοδον
3045 3995 3136 4050 τοῦ
3175 3997 3442 4067 Ζαχαρίου
3481 3997 3566 4059 εἰς
3604 3996 3667 4047 τὰ

2104 4094 2310 4148 ὕστατα
2335 4093 2440 4147 τῶν
2469 4092 2760 4164 προφητῶν
2786 4090 3154 4154 θεσπίσαντος,
3177 4089 3349 4152 οὐδεὶς
3376 4087 3516 4159 μετά
3547 4090 3669 4151 τοὺς

2103 4187 2200 4256 τῆς
2249 4184 2580 4257 προφητείας
2617 4183 2840 4254 χρόνους
2894 4182 3140 4252 βασιλεὺς
3191 4181 3338 4253 παρά
3394 4181 3670 4243 Ἰουδαίοις

2065 4303 2072 4309 ·
2103 4276 2340 4347 γεγονὼς
2370 4277 2679 4346 ἱστορεῖται,
2707 4268 2872 4343 οἷονὴ
2901 4272 3204 4345 προφητεία
3237 4272 3589 4344 παρίστησιν,
3623 4274 3669 4323 εἰ

2109 4370 2182 4442 μὴ
2219 4367 2374 4440 μόνος
2405 4371 2432 4421 ὁ
2455 4367 2643 4438 Σωτὴρ
2669 4366 2763 4419 καὶ
2790 4365 2991 4436 Κύριος
3019 4362 3174 4435 ἡμῶν
3209 4363 3415 4435 Ἰησοῦς
3434 4362 3670 4434 Χριστὸς

443 4464 695 4521 Christus
723 4464 837 4529 Dei,
861 4466 1017 4535 cujus
1045 4475 1285 4534 tempore
1315 4465 1417 4518 hoc
1443 4480 1659 4537 quoque
1685 4465 1998 4520 vaticinium

2103 4463 2194 4516 τοῦ
2245 4461 2411 4522 Θεοῦ,
2457 4460 2578 4512 καθ’
2631 4459 2689 4512 ὃν
2730 4459 2822 4511 καὶ
2875 4455 3011 4526 αῦτη
3054 4455 3244 4519 τέλους
3287 4455 3588 4523 ἐτύγχανεν
3633 4453 3667 4522 ή

444 4572 603 4611 suum
634 4556 791 4611 ﬁnem
822 4565 907 4612 est
943 4565 1318 4624 consecutum,
1351 4573 1473 4612 cum
1505 4558 1570 4611 ad
1601 4573 1730 4614 suos
1763 4560 2002 4630 discipu-

444 4647 528 4703 los
562 4647 726 4702 verba
757 4648 846 4701 illa
874 4648 1010 4702 dixit
1043 4667 1055 4701 :
1096 4667 1114 4699 ι
1149 4649 1224 4703 lte
1255 4649 1310 4702 in
1340 4649 1520 4702 vicum
1555 4649 1646 4719 qui
1683 4656 1874 4703 contra
1905 4666 2000 4706 vos

442 4746 545 4805 est,
575 4747 628 4794 et
657 4740 942 4794 invenietis
970 4741 1177 4794 asinam
1206 4749 1259 4794 et
1303 4741 1509 4810 pullum
1546 4741 1845 4811 alligatum.
1880 4742 2002 4796 Sol-

443 4831 553 4886 vite
582 4831 734 4884 illum
763 4839 817 4885 et
860 4830 1157 4885 adducite:
1191 4837 1245 4884 et
1295 4831 1342 4884 si
1392 4830 1513 4900 quis
1562 4832 1717 4887 vobis
1775 4831 1994 4898 dixerit,

439 4923 571 4993 quid
603 4921 816 4976 facitis?
853 4923 1016 4978 dicite
1065 4923 1142 4976 illi
1179 4942 1190 4977 :
1225 4923 1486 4978 Dominus
1519 4922 1604 4978 his
1651 4923 1872 4994 indiget.
1931 4918 1996 4978 Et

441 5016 703 5070 abeuntes
731 5015 809 5069 illi
840 5014 1086 5070 fecerunt
1119 5024 1177 5070 ut
1211 5023 1539 5086 praeceperat
1560 5017 1668 5072 illis
1697 5016 1857 5074 Jesus
1890 5020 1933 5074 ⁸.
1974 5037 1996 5071 ι

438 5107 505 5162 Et
535 5123 598 5164 ea
629 5105 846 5180 quidem
882 5125 1002 5179 quae
1032 5109 1119 5163 vel
1148 5108 1217 5162 ad
1239 5110 1544 5174 oraculum,
1584 5110 1669 5164 vel
1696 5109 1764 5163 ad
1790 5110 2000 5165 oraculi

439 5207 691 5255 eventum
719 5200 1011 5270 pertinent,
1046 5200 1102 5253 in
1134 5200 1282 5255 hunc
1309 5201 1529 5255 modum
1559 5216 1618 5256 se
1636 5201 1853 5254 habent.
1891 5200 1999 5255 Sed

439 5290 571 5360 quid
598 5293 813 5346 tandem
850 5293 952 5347 sibi
988 5292 1104 5347 vult
1151 5292 1267 5346 haec
1296 5289 1440 5348 illius
1474 5293 1530 5346 in
1557 5292 1713 5346 asino
1741 5292 1996 5356 vectatio,

440 5381 545 5436 nisi
570 5376 830 5437 humilem
856 5385 1003 5440 illius
1036 5394 1090 5440 et
1117 5387 1413 5440 obscurum
1457 5383 1766 5456 signiﬁcare
1796 5384 1999 5438 adven-

439 5479 576 5537 tum,
613 5473 772 5542 cujus
803 5483 1044 5545 tempore
1071 5476 1305 5546 primum
1331 5476 1504 5546 ipsius
1531 5490 1814 5530 accessum
1845 5490 2002 5545 pere-

440 5566 548 5636 git?
574 5581 700 5619 nam
753 5574 838 5622 est
890 5570 1027 5624 alter
1064 5570 1196 5624 item
1233 5570 1528 5642 gloriosus,
1560 5569 1628 5624 de
1671 5583 1782 5638 quo
1816 5566 2002 5622 Daniel

2108 4551 2407 4624 πρόρρησις
2429 4589 2444 4614 ,
2467 4550 2556 4601 ὅτε
2589 4551 2700 4611 τοῖς
2735 4547 2924 4600 ἑαυτοῦ
2954 4547 3220 4617 μαθηταῖς
3254 4545 3387 4614 πρὸς
3419 4544 3568 4610 λέξιν
3592 4545 3666 4595 εί-

2107 4643 2222 4697 πὼν
2241 4659 2254 4672 ·
2290 4661 2308 4692 ‹
2337 4639 2696 4712 Πορευθέντες
2724 4641 2803 4702 είς
2832 4638 2929 4709 τὴν
2963 4638 3224 4691 ἀπέναντι
3251 4636 3476 4707 κώμην,
3510 4636 3670 4707 εὑρή-

2106 4745 2226 4790 σετε
2251 4735 2368 4787 ὄνον
2402 4733 2495 4787 καὶ
2530 4732 2705 4785 πῶλον
2734 4731 3031 4801 δεδεμένον.
3055 4728 3328 4792 Λύσαντες
3354 4729 3519 4782 αὑτὸν
3545 4729 3670 4796 ἁγάο

2103 4843 2254 4895 γετεο
2304 4826 2397 4878 καὶ
2445 4825 2538 4877 ἐάν
2574 4841 2656 4886 τις
2697 4824 2823 4892 ὑμῖν
2874 4821 3032 4892 εῐπῃο
3077 4821 3142 4873 Τί
3185 4822 3420 4886 ποιεῖτε;
3477 4820 3666 4873 εἴπατε

2102 4914 2246 4989 αύτῷ
2266 4936 2278 4948 ·
2314 4919 2370 4970 '0
2392 4915 2592 4987 Κύριος
2621 4913 2796 4968 αὐτῶν
2822 4912 3007 4984 χρείαν
3040 4911 3171 4982 ἔχει.
3208 4913 3316 4964 Καὶ
3346 4912 3669 4975 ἀπελθόντες

2105 5007 2298 5063 ἐκεῖνοι
2323 5008 2580 5078 ἐποίησαν
2613 5005 2734 5059 καθ’
2756 5006 2792 5059 ἃ.
2814 5004 3142 5077 προσέταξεν
3173 5003 3370 5066 αὐτοῖς.
3405 5023 3423 5054 ι
3452 5003 3535 5056 Τὰ
3570 5003 3664 5074 μὲν

2105 5093 2197 5157 οὖν
2246 5105 2342 5173 τῆς
2397 5096 2751 5173 προρρήσεως
2791 5099 2884 5151 καὶ
2934 5096 3001 5151 τὰ
3061 5095 3153 5149 τοῦ
3205 5095 3666 5166 συμπεράσματος

2104 5195 2288 5250 τοῦτον
2319 5196 2430 5266 ἔχει
2454 5194 2542 5247 τὸν
2562 5191 2781 5265 τρόπον.
2806 5191 2870 5244 Τί
2891 5185 2948 5244 δέ
2977 5190 3084 5262 ἄρα
3110 5185 3356 5242 ἐϐούλετο
3382 5189 3666 5261 σημαίνειν

2104 5290 2138 5357 ἡ
2184 5287 2276 5340 ἐπὶ
2317 5281 2422 5356 ὄνῳ
2459 5281 2647 5358 ὅχησις
2685 5283 2847 5337 αὑτοῦ
2891 5282 3005 5336 ἀλλ’
3053 5281 3086 5352 ἢ
3125 5281 3222 5351 τὴν
3267 5281 3528 5352 ταπεινὴν
3576 5279 3665 5332 καὶ

2105 5379 2287 5443 ἄδοξον
2333 5378 2496 5432 αὐτοῦ
2545 5377 2879 5448 παρουσίαν,
2928 5376 3047 5429 καθ’
3095 5377 3161 5448 ἣν
3213 5374 3501 5442 ἐποιήσατο
3568 5370 3664 5440 τὴν

2107 5471 2325 5543 πρώτην
2352 5469 2554 5539 ἅφιξιν;
2579 5468 2743 5540 οὔσης
2768 5469 2876 5539 γὰρ
2895 5467 3263 5539 καὶδευτέρας
3287 5465 3518 5532 ἐνδόξου,
3540 5463 3667 5532 περὶ

2107 5561 2174 5636 ἧς
2203 5563 2296 5617 καὶ
2323 5563 2521 5632 Δανιὴλ
2564 5561 2892 5634 γυμνότερον
2931 5559 3285 5615 ἐκκαλύπτων
3317 5558 3412 5628 τὴν
3437 5553 3668 5626 θεωρίαν

512 5741 534 5772 ⁸
573 5739 800 5800 Zachar.
823 5753 921 5812 ιχ,
955 5748 1008 5814 9,
1047 5749 1132 5803 10.
1210 5751 1228 5782 ⁵
1261 5749 1448 5806 Matth.
1481 5764 1607 5817 xxx,
1637 5749 1701 5816 2,
1734 5749 1794 5815 5,
1824 5748 1896 5817 6;
1929 5747 1999 5802 M2

2134 5761 2209 5813 ιιι,
2243 5745 2370 5816 1-6;
2403 5743 2532 5800 Luc.
2567 5761 2679 5812 xxx,
2713 5742 2902 5800 50-34.
