3908 6266
152 5663 162 5703 l

241 294 327 348 709

1115 290 1766 351 DEMONSTRATIONIS
1804 295 2262 353 EVANGELlCzE
2303 299 2429 354 LIB.
2469 300 2558 355 IX.

3331 313 3434 368 7H:

239 406 434 474 εἴρηκεν
455 420 468 433 ο
500 420 515 452 ι
556 405 851 473 Ἐθεώρουν
875 401 981 464 ἕως
1007 401 1127 452 ὅτου
1164 402 1338 473 θρόνοι
1361 404 1644 475 ὲτέθησαν,
1676 407 1767 459 καὶ

1874 409 2116 477 apertius
2144 410 2378 478 prodens
2403 426 2523 481 qum
2550 413 2966 484 contemplanda
2997 415 3129 483 sint,
3162 425 3384 490 exponit
3417 445 3428 479 :

235 496 446 558 Παλαιὸς
477 493 695 564 ἡμερῶν
728 492 978 562 ἐκάθητο.
1012 491 1194 546 Χίλιαι
1235 493 1466 563 χιλιάδες
1510 494 1777 567 ἐλειτούρ-

235 605 344 659 γουν
387 583 562 654 αὐτῷ,
623 583 716 635 καὶ
767 581 958 653 μύριαι
1012 582 1267 654 μυριάδες
1315 587 1776 656 παρειστήκεισαν

235 675 510 750 ἔμπροσθεν
546 673 732 728 αὑτοῦ.
770 673 882 727 Καὶ
930 675 1037 728 ίδοὺ
1081 675 1218 744 μετά
1255 675 1362 728 τῶν
1403 678 1642 744 νεφελῶν
1680 680 1773 734 τοῦ

233 768 455 842 οὐρανοῦ,
483 767 557 830 ὡς
591 765 717 830 Υίὺς
747 763 1031 836 ἀνθρώπου
1064 766 1371 836 ἐρχόμενος.
1406 769 1514 820 Καὶ
1537 769 1643 833 ἕως
1672 769 1766 823 τοῦ

234 859 444 916 Παλαιοῦ
470 858 577 910 τῶν
603 855 824 929 ἡμερῶν
846 855 1065 926 ἔφθασε,
1082 858 1176 910 καὶ
1199 857 1346 930 αὐτῷ
1362 858 1518 929 ἐδόθη
1545 861 1577 930 ἡ
1606 860 1771 931 ἀρχὴ,

233 955 311 1006 καὶ
329 953 359 1020 ἡ
378 949 527 1020 τιμὴ,
557 951 651 1002 καὶ
679 951 712 1019 ή
748 948 1011 1018 βασιλεία,
1039 950 1129 1002 καὶ
1151 949 1344 1013 πάντες
1364 950 1412 1002 οἱ
1428 950 1564 1015 λαοὶ,
1589 952 1770 1015 φυλαὶ,

231 1042 444 1112 γλῶσσαι
471 1039 620 1111 αὐτῷ
650 1038 1008 1093 δουλεύουσιν.
1036 1040 1098 1092 Ἦ
1121 1040 1336 1106 ἐξουσία
1363 1041 1526 1094 αὐτοῦ
1557 1041 1772 1108 ἐξουσία

229 1133 436 1196 αἰώνιος,
465 1133 591 1203 ἥτις
623 1133 682 1185 ού
713 1130 1130 1202 παρελεύσεται,
1155 1133 1247 1187 καὶ
1275 1136 1307 1205 ή
1337 1133 1576 1203 βασιλεία
1606 1135 1770 1189 αὐτοῦ

227 1227 276 1278 οὐ
304 1221 744 1294 διαφθαρήσεται.
770 1242 788 1275 ι
815 1222 895 1274 Τὰ
927 1221 1025 1293 μὲν
1046 1223 1144 1293 τῆς
1169 1222 1389 1296 πρώτης
1418 1222 1652 1294 ἀφίξεως
1673 1225 1772 1296 τῆς

224 1314 753 1387 ἑνανθρωπικωτέρας
785 1315 878 1367 καὶ
896 1316 1160 1386 ταπεινῆς
1190 1317 1327 1386 μετὰ
1349 1317 1456 1370 τῶν
1479 1316 1652 1371 ἄλλων
1678 1319 1772 1371 καὶ

225 1408 356 1461 τοῦτο
384 1405 492 1476 ἔχει
529 1406 670 1476 μέγα
697 1407 900 1478 δεῖγμα
931 1409 1025 1461 καὶ
1060 1410 1300 1477 σημεῖον,
1335 1408 1395 1460 τὸ
1429 1409 1601 1478 πρᾶον
1628 1407 1772 1476 λέγει·

225 1501 329 1552 σθαι
359 1500 446 1552 καὶ
475 1497 722 1570 ήσύχιον,
755 1498 906 1568 ἥξειν
935 1515 994 1550 τε
1017 1498 1308 1569 ὀχούμενον
1339 1500 1614 1570 ὑποζυγίῳ
1638 1517 1771 1572 προ-

225 1591 518 1664 φητεύεσθαι
543 1608 556 1622 '
589 1590 745 1644 τοῦτο
776 1591 883 1661 γὰρ
917 1591 1096 1644 κοινοῦ
1130 1591 1225 1644 καὶ
1267 1591 1606 1663 ἀνθρωπίνου
1654 1592 1769 1662 βίου

221 1686 389 1754 γένοιτ’
420 1683 483 1737 ἂν
507 1684 814 1754 τεκμήριον
832 1700 845 1712 ·
874 1682 941 1735 τὰ
969 1682 1026 1735 δὲ
1057 1682 1153 1752 τῆς
1175 1682 1429 1753 δευτέρας
1461 1683 1556 1736 καὶ
1585 1682 1768 1737 ἐνθέου

1881 517 1902 550 ς
1945 498 2285 568 Aspiciebam
2316 501 2491 556 donec
2519 504 2702 558 throni
2728 507 2891 574 positi
2924 516 3068 572 sunt,
3091 519 3145 565 et
3160 511 3435 582 Antiquus

1874 585 2084 641 dierum
2115 588 2274 644 sedit.
2304 587 2470 642 Millia
2501 591 2728 644 millium
2754 592 3134 649 ministrabant
3161 597 3232 661 ei,
3260 604 3316 652 et
3334 599 3428 654 de-

1873 677 1985 731 cies
2013 676 2210 731 millies
2245 679 2380 732 dena
2408 679 2575 732 millia
2607 680 2857 735 astabant
2884 683 2938 736 in
2969 694 3267 754 conspectu
3288 687 3432 757 ejus.

1873 765 1938 820 Et
1959 781 2087 822 ecce
2113 781 2236 821 cum
2267 768 2502 824 nubibus
2526 771 2649 824 caeli
2677 773 2836 841 quasi
2881 772 3052 832 Filius
3077 777 3316 834 hominis
3341 795 3432 835 ve-

1871 857 2050 911 niens.
2084 856 2148 910 Et
2171 873 2344 928 usque
2373 859 2438 913 ad
2465 859 2763 932 Antiquum
2806 863 3018 921 dierum
3059 870 3301 938 pervenit
3331 889 3348 926 :
3377 880 3434 927 et

1872 949 2031 1004 datus
2058 956 2142 1004 est
2170 950 2221 1005 ei
2265 951 2624 1021 principatus,
2669 960 2726 1008 et
2776 955 2967 1021 honor,
2999 966 3053 1013 et
3085 977 3330 1032 regnum.
3363 961 3431 1016 Et
3495 1027 3498 1030 ,

1871 1056 2062 1097 omnes
2094 1042 2300 1112 populi,
2337 1043 2532 1108 tribus,
2565 1045 2781 1114 linguae,
2808 1049 3058 1103 serviunt
3084 1052 3156 1105 ei.
3182 1051 3430 1108 Potestas

1871 1131 2011 1199 ejus,
2049 1138 2289 1199 potestas
2321 1139 2546 1198 aeterna,
2587 1151 2709 1204 quae
2748 1151 2857 1192 non
2891 1140 3204 1208 praeteribit,
3239 1154 3291 1196 et
3340 1158 3431 1197 re-

1869 1237 2034 1292 gnum
2051 1221 2170 1290 ejus
2192 1237 2302 1276 non
2326 1233 2708 1294 corrumpetur
2736 1227 2776 1279 °.
2814 1246 2832 1280 ι
2881 1227 3081 1284 Verum
3103 1246 3167 1286 ea
3187 1232 3428 1302 quidem,

1869 1327 1992 1382 qua:
2022 1312 2088 1367 ad
2114 1313 2348 1383 primum
2377 1315 2668 1370 adventum
2714 1320 3004 1388 pertinent,
3034 1321 3127 1390 qui
3158 1331 3212 1376 et
3239 1324 3430 1377 huma-

1870 1405 1992 1460 nior
2033 1413 2086 1461 et
2120 1406 2382 1476 abjectior
2409 1407 2530 1473 fuit,
2564 1425 2687 1465 cum
2713 1411 2854 1475 aliis,
2891 1413 2992 1468 hoc
3022 1430 3238 1486 quoque
3267 1430 3428 1485 argu-

1871 1497 2040 1552 menti
2073 1499 2324 1568 signique
2348 1499 2567 1566 habent,
2597 1501 2742 1570 quod
2761 1512 3082 1560 mansuetus
3102 1514 3156 1560 et
3182 1507 3430 1576 placidus

1871 1586 2086 1644 futurus
2115 1589 2347 1654 dicatur,
2376 1598 2746 1661 venturusque
2783 1592 3027 1650 insidens
3053 1595 3302 1665 jumento
3329 1615 3428 1655 eo-

1873 1676 1994 1730 dem
2026 1679 2251 1732 oraculo
2291 1679 2600 1734 declaretur
2627 1697 2642 1735 :
2681 1680 2785 1735 hoc
2810 1683 2956 1736 enim
2988 1688 3294 1742 communis
3325 1687 3430 1742 hu-

220 1776 557 1849 laitnpétatat
593 1773 841 1844 δηλοῦται
880 1773 967 1827 διὰ
1001 1773 1098 1843 τῆς
1139 1775 1230 1826 ἐπὶ
1260 1772 1496 1843 νεφελῶν
1539 1773 1767 1845 ούρανοῦ

1871 1768 2128 1838 manique
2168 1769 2346 1825 victus
2390 1779 2770 1840 argumentum
2820 1772 3003 1830 fuerit.
3041 1776 3170 1841 Quae
3201 1793 3330 1833 vero
3358 1779 3430 1833 ad

219 1866 608 1938 «apaxontsﬁg,
650 1866 745 1918 καὶ
785 1864 885 1934 τῆς
929 1863 1146 1917 αίωνίου
1192 1864 1407 1918 πάντων
1453 1864 1561 1918 τῶν
1599 1863 1766 1918 ἐθνῶν

221 1957 486 2028 βασιλείας.
544 1955 653 2008 Καὶ
684 1950 751 2026 ἦν
792 1971 855 2022 γε
886 1953 1050 2008 καλὸν
1090 1954 1405 2025 ἀμφοτέρας
1448 1953 1767 2026 παραθεῖναι

219 2053 312 2112 τοῖς
335 2051 394 2102 ὲκ
419 2046 744 2119 περιτομῆς,
773 2045 929 2114 λόγον
961 2062 1021 2098 τε
1052 2045 1247 2108 αὐτοὺς
1278 2047 1614 2117 ἀπαιτῆσαι,
1649 2045 1769 2109 πῶς

222 2140 277 2193 ἂν
317 2136 535 2192 σώσαιεν
583 2137 682 2200 τὰς
727 2135 1093 2207 προφητείας,
1140 2135 1269 2206 μίαν
1305 2136 1486 2206 ἄφιξιν
1531 2134 1766 2206 Χριστοῦ

222 2228 599 2301 προσδοκῶντες
618 2245 632 2258 ·
679 2229 800 2281 ἐπεὶ
816 2226 924 2298 γὰρ
956 2227 1219 2299 ἑκατέραν
1235 2226 1340 2281 τῶν
1363 2227 1768 2299 παρατεθεισῶν

221 2321 534 2394 προφητειῶν
559 2321 656 2374 καὶ
695 2321 852 2373 αὐτοὶ
873 2319 964 2373 τὸν
984 2318 1217 2390 Χριστὸν
1237 2321 1367 2390 ὁρᾷν
1395 2317 1765 2389 ὁμολογοῦσιν,

220 2413 319 2484 ὥρα
349 2413 552 2482 λέγειν,
589 2412 686 2465 καὶ
728 2409 1148 2481 πυνθανομένοις
1181 2412 1312 2480 ἡμῖν
1351 2410 1764 2481 ἀποκρίνασθαι,

221 2504 319 2567 πῶς
352 2499 454 2558 οἷόν
486 2522 544 2556 τε
580 2504 673 2573 ὑφ’
705 2503 799 2556 ἕνα
834 2503 926 2556 καὶ
955 2503 1044 2556 τὸν
1094 2501 1256 2555 αὑτὸν
1284 2503 1472 2573 καιρὸν
1491 2543 1506 2567 ,
1541 2502 1633 2555 καὶ
1665 2503 1769 2555 ὑπὸ

223 2597 329 2665 μίαν
359 2594 566 2664 ἄφιξιν,
603 2595 698 2648 ἐπὶ
720 2594 955 2664 νεφελῶν
995 2593 1225 2665 ούρανοῦ
1259 2591 1516 2664 φέρεσθαι
1548 2593 1639 2646 τὸν
1672 2593 1770 2647 αύ-

218 2686 330 2749 τὸν,
361 2687 450 2739 καὶ
498 2685 594 2738 ἐπὶ
625 2683 917 2752 ὑποζυγίου
971 2683 1067 2736 καὶ
1109 2680 1288 2735 πώλου
1335 2681 1454 2734 νέου
1496 2682 1757 2752 ὀχεῖσθαι.

231 2777 334 2828 Ἐπὶ
384 2776 512 2830 πολὺ
565 2776 678 2847 γὰρ
723 2774 893 2828 ταῦτα
936 2773 1214 2843 διέστηκεν
1263 2772 1519 2844 ἀλλήλων.
1557 2775 1770 2846 Μυρίας

225 2869 261 2922 δ’
292 2865 374 2923 οὖν
404 2868 661 2932 τοιαύτας
693 2868 787 2922 καὶ
817 2866 980 2930 ἄλλας
1014 2867 1141 2938 περὶ¹
1167 2866 1259 2919 τοῦ
1298 2864 1529 2936 Χριστοῦ
1556 2883 1769 2938 προφηο

219 2963 349 3025 τείας
401 2960 742 3030 συναγαγὼν,
786 2959 1049 3031 παραθείς
1093 2975 1153 3011 τε
1191 2958 1285 3012 καὶ
1321 2957 1660 3030 συγκρούσας
1699 2957 1768 3011 τὰ

184 3119 186 3121 ς
217 3055 455 3127 διαφόρως
482 3051 876 3126 σημαινόμενα,
908 3052 1277 3124 ἐναργέστατα
1305 3051 1591 3122 καταλήψῃ
1607 3051 1760 3114 τινας

221 3148 304 3216 μὲν
341 3149 434 3218 τῆς
473 3146 698 3219 πρώτης
741 3145 904 3198 αὐτοῦ
937 3143 1234 3215 παρουσίας
1282 3141 1574 3212 δηλώματα
1609 3158 1765 3213 περι-

221 3240 440 3309 εχούσας,
471 3238 902 3310 πεπληρωμένας
922 3236 1062 3291 κατὰ
1078 3237 1175 3306 τὴν
1200 3235 1419 3306 πρώτην
1451 3235 1768 3302 ἐπιφάνειαν

220 3333 380 3397 αὐτοῦ,
412 3331 560 3394 τινὰς
592 3331 650 3383 δὲ
680 3332 758 3393 είς
784 3330 880 3400 τὴν
923 3328 1178 3399 δευτέραν
1213 3325 1376 3381 αὑτοῦ
1420 3327 1513 3379 καὶ
1560 3325 1769 3390 ἔνδοξον

218 3421 376 3492 ἄφιξιν
407 3420 834 3494 ἀναφερομένας.
900 3418 1292 3490 Ἐξωλόθρευσε
1329 3416 1436 3488 γὰρ
1461 3416 1761 3487 λεληθότως

218 3510 433 3582 ἅρματα,
473 3513 568 3565 καὶ
603 3511 800 3574 ἵππον,
843 3509 934 3562 καὶ
961 3510 1066 3561 πᾶν
1097 3507 1246 3575 τόξον
1283 3507 1574 3577 πολεμικὸν
1605 3507 1638 3577 ἡ
1672 3504 1766 3557 τοῦ

218 3601 442 3675 Σωτῆρος
482 3601 641 3674 ήμῶν
692 3601 868 3664 ἔνθεος
919 3598 1175 3672 δύναμις,
1226 3597 1366 3652 κατὰ
1409 3598 1506 3669 τὴν
1544 3596 1768 3668 πρώτην

218 3694 360 3747 αὑτοῦ
412 3693 748 3766 παρουσίαν,
795 3695 859 3746 ὲκ
909 3693 1006 3764 τῆς
1058 3689 1513 3761 σωματικωτέρας
1571 3690 1769 3760 Ἰερου-

221 3784 408 3856 σαλὴμ,
447 3787 541 3839 καὶ
580 3783 678 3838 τοῦ
724 3782 1056 3854 καλουμένου
1111 3780 1348 3852 Ἐφραῒμ
1389 3779 1516 3833 λαοῦ
1541 3797 1554 3810 ·
1590 3780 1669 3832 διὸ
1709 3779 1768 3844 ἐξ

219 3875 401 3930 ἐκείνου
434 3879 527 3930 καὶ
559 3878 641 3939 είς
667 3875 826 3947 δεῦρο
847 3875 946 3928 οὐκ
974 3873 1052 3926 ἔτι
1079 3872 1305 3942 συνέστη
1333 3872 1508 3924 αὐτῶν
1528 3870 1587 3923 τὸ
1615 3869 1766 3940 βασί-

219 3966 356 4031 λειον,
381 3969 498 4021 οὐδὲ
519 3971 553 4039 ή
577 3967 744 4020 πάλαι
767 3968 824 4020 ὲν
856 3964 1111 4036 πολέμοις
1150 3963 1412 4032 ἰσχύσασα
1448 3963 1765 4034 παρασκευή

217 4077 268 4111 τε
291 4061 456 4114 αὐτῶν
490 4061 588 4113 καὶ
615 4059 865 4128 ὁπλιτικὴ
890 4057 1132 4127 δύναμις.
1165 4054 1360 4117 Καλῶς
1383 4054 1440 4107 δὲ
1471 4056 1528 4106 ἐν
1559 4053 1767 4118 τούτοις

217 4151 294 4203 τὸν
323 4153 492 4206 πάντα
523 4151 635 4204 τῶν
684 4149 947 4203 Ἰουδαίων
987 4147 1112 4200 λαὸν
1161 4145 1398 4218 Ἐφραῒμ
1436 4145 1722 4216 ὠνόμασεν
1748 4184 1764 4208 ,

218 4243 314 4295 ἀλλ’
335 4245 452 4314 οὐχὶ
488 4242 723 4314 Ἰσραὴλ,
754 4241 875 4294 οὐδὲ
907 4239 1102 4292 Ἰούδαν
1123 4279 1137 4302 ,
1173 4239 1259 4292 ἵνα
1299 4237 1371 4308 μὴ
1424 4237 1523 4300 τὰς
1579 4253 1768 4307 σεμνο-

219 4333 359 4405 τέρας
387 4335 660 4388 διαὸάλλοι
694 4331 1078 4404 προσηγορίας.
1113 4328 1307 4400 Εὖροις
1345 4328 1387 4379 δ’
1429 4326 1495 4380 ἂν
1530 4327 1624 4380 καὶ
1648 4329 1766 4390 ταῖς

219 4422 380 4488 ἄλλαις
426 4423 786 4496 προφητείαις
839 4422 898 4474 τὸ
953 4422 1061 4475 πᾶν
1120 4420 1270 4482 ἔθνος
1340 4416 1579 4488 Ἐφρατμ
1631 4416 1766 4487 μετά

219 4513 396 4586 πολλῆς
454 4514 708 4584 διαϐολῆς
777 4513 870 4566 καὶ
944 4511 1273 4582 κατηγορίας
1339 4509 1722 4580 ὠνομασμένον
1745 4550 1761 4575 ,

217 4601 384 4677 ῶσπερ
430 4606 526 4660 καὶ
583 4605 700 4658 νῦν.
751 4603 902 4657 Μετὰ
945 4601 1073 4672 γοῦν
1123 4602 1220 4672 τὴν
1283 4600 1389 4653 ἀπὸ
1450 4599 1762 4663 Βαὸυλῶνος

218 4694 471 4761 ἐπάνοδον,
505 4695 697 4767 μηκέθ’
723 4694 942 4765 ὁμοίως,
963 4693 1037 4755 ὼς
1065 4691 1125 4744 τὸ
1157 4692 1304 4763 πρὶν,
1325 4690 1650 4763 διῃρημένου
1670 4689 1762 4742 τοῦ

216 4785 357 4853 λαοῦ,
387 4789 537 4852 τίνας
571 4784 640 4858 ἦν
667 4785 812 4849 εἰκὸς
853 4783 1141 4854 δηλοῦσθαι
1180 4783 1268 4835 διὰ
1306 4781 1400 4834 τοῦ
1457 4779 1695 4850 Ἐφραῒμ
1727 4779 1761 4850 ἢ

217 4879 390 4942 αὐτοὺς
413 4880 539 4943 τοὺς
572 4877 670 4948 τὴν
706 4875 1055 4947 Ἰερουσαλὴμ
1079 4872 1393 4937 οίκοῦντας;
1429 4865 1504 4926 ὧν
1540 4871 1635 4942 τὴν
1663 4888 1763 4923 πο-

218 4969 424 5044 λεμικὴν
454 4973 551 5025 καὶ
580 4970 858 5040 ὁπλιτικὴν
885 4968 1108 5038 δύναμιν
1135 5006 1148 5028 ,
1185 4963 1342 5035 μέχρι
1375 4962 1483 5016 τῶν
1529 4963 1764 5032 Ῥωμαῖ-

219 5063 314 5115 κῶν
342 5066 546 5137 χρόνων
576 5063 956 5134 διαρκέσασαν,
986 5061 1019 5130 ἡ
1045 5057 1137 5111 τοῦ
1167 5058 1413 5127 Σωτῆρος
1438 5053 1593 5126 ήμῶν
1621 5070 1763 5124 παρ-

220 5157 359 5210 ουσία
383 5156 549 5227 ὲνθέῳ
579 5155 674 5208 καὶ
700 5155 992 5226 ἀπορρήτῳ
1015 5151 1238 5220 δυνάμει
1264 5147 1531 5210 καθεῖλεν,
1565 5145 1766 5215 ὁμοίως

219 5247 276 5314 τῇ
311 5245 635 5319 προφητείᾳ.
678 5245 859 5298 Ταῦτα
897 5243 954 5297 δὲ
991 5241 1087 5312 τὴν
1129 5240 1189 5304 ἐξ
1221 5238 1390 5291 ἐθνῶν
1445 5235 1766 5306 Ἐκκλησίαν

219 5337 607 5406 εὐαγγελίζεται
637 5338 664 5389 ό
694 5335 846 5404 λόγος
864 5374 878 5399 ,
911 5334 1007 5403 οὑχ
1036 5329 1218 5392 ἁπλῶς
1247 5330 1474 5400 χαίρειν,
1512 5326 1644 5381 ἀλλὰ
1673 5327 1766 5379 καὶ

221 5427 404 5498 σφόδρα
445 5427 660 5499 χαίρειν
705 5426 840 5497 αὐτῇ
870 5421 1363 5494 παρακελευόμενος
1400 5418 1486 5472 διὰ
1529 5418 1626 5489 τὴν
1673 5415 1766 5468 τοῦ

220 5514 339 5569 Θεοῦ
373 5518 545 5587 Λόγου
588 5518 666 5578 είς
705 5515 874 5586 αὐτὴν
911 5512 1228 5585 παρουσίαν,
1259 5510 1324 5581 ἣν
1367 5511 1462 5564 καὶ
1498 5507 1770 5578 θυγατέρα

284 5699 305 5730 ⁸
328 5702 452 5756 Dan.
472 5716 572 5766 vn,
604 5698 758 5755 9-H.

1869 1859 2099 1913 alterum
2127 1860 2279 1914 illum
2309 1869 2363 1916 et
2403 1861 2708 1918 divinitatis
2747 1866 2980 1933 amplius
3009 1883 3119 1936 pra:
3155 1883 3213 1923 se
3243 1868 3426 1924 feren-

1867 1959 1998 2014 tem,
2023 1951 2468 2008 manifestissime
2508 1953 2822 2010 indicantur
2850 1972 2948 2026 per
2979 1958 3122 2011 illam
3175 1960 3231 2014 in
3262 1962 3426 2016 nubi-

1867 2041 1970 2096 bus
1995 2043 2120 2097 cmli
2161 2043 2610 2114 advectationem,
2656 2061 2860 2117 perque
2892 2049 3023 2103 illud
3075 2059 3336 2105 aeternum
3369 2053 3426 2108 in

1867 2134 2122 2190 omnibus
2159 2136 2411 2204 gentibus
2458 2152 2682 2208 regnum
2717 2158 2728 2192 :
2760 2154 2862 2194 nec
2892 2156 3024 2195 sane
3067 2143 3136 2195 ab
3165 2158 3222 2197 re
3264 2143 3429 2200 fuerit

1869 2235 2164 2296 utrumque
2194 2227 2397 2284 Iudaeis
2435 2245 2757 2300 proponere,
2793 2234 3167 2303 rationemque
3203 2235 3272 2290 ab
3317 2237 3426 2292 illis

1867 2318 2166 2389 postulare,
2199 2335 2433 2389 quonam
2467 2330 2646 2391 pacto,
2661 2323 2704 2377 si
2736 2339 2900 2377 unum
2933 2324 3196 2379 duntaxat
3217 2325 3425 2382 Christi

1867 2411 2156 2467 adventum
2187 2405 2522 2482 exspectant,
2575 2415 2884 2484 prophetias
2936 2431 3064 2471 suas
3108 2417 3211 2471 sibi
3259 2417 3427 2473 velint

1867 2510 2122 2557 constare
2147 2521 2160 2556 :
2196 2517 2324 2557 nam
2349 2518 2473 2558 cum
2499 2513 2783 2574 utramque
2816 2521 3026 2570 earum,
3059 2523 3180 2577 quae
3206 2511 3427 2579 exposi-

1867 2599 1935 2646 tae
1959 2600 2108 2656 sunt,
2133 2591 2202 2646 ad
2231 2591 2509 2649 Christum
2535 2595 2805 2664 pertinere
2850 2596 2951 2666 ipsi
2981 2613 3194 2667 quoque
3220 2599 3428 2654 latean-

1869 2689 1979 2745 tur,
2033 2681 2219 2737 dicant
2265 2698 2472 2754 quaeso,
2521 2691 2576 2738 et
2620 2683 3080 2755 interrogantibus
3135 2688 3295 2743 nobis
3338 2704 3426 2744 re-

1869 2774 2211 2844 spondeant,
2274 2778 2398 2846 qui,
2435 2779 2552 2834 ﬁeri
2604 2781 2775 2849 possit
2842 2788 2903 2833 ut
2955 2796 3066 2836 uno
3124 2782 3427 2852 eodemque

1871 2872 2158 2936 tempore,
2229 2868 2332 2922 sub
2411 2884 2578 2923 unum
2651 2870 3008 2940 eumdemque
3082 2871 3424 2938 adventum,

1869 2955 2015 3012 idem
2065 2965 2120 3013 et
2172 2957 2228 3013 in
2280 2959 2518 3016 nubibus
2581 2960 2707 3015 caeli
2767 2959 3012 3026 feratur,
3077 2969 3132 3016 et
3177 2963 3427 3031 jumento

1861 3052 2128 3122 .pulloque
2205 3051 2546 3108 adolescente
2613 3053 2858 3108 insidens
2934 3054 3184 3108 vehatur.
3262 3053 3425 3124 457

1868 3140 2053 3212 Longe
2107 3146 2251 3198 enim
2299 3143 2415 3198 haec
2471 3157 2503 3196 a
2558 3159 2618 3199 se
2676 3143 2908 3197 invicem
2961 3144 3170 3198 distant
3222 3163 3236 3198 :
3289 3160 3428 3214 qua-

1866 3241 2086 3304 propter
2119 3234 2245 3290 situ
2278 3249 2495 3304 quoque
2526 3235 2948 3290 innumerabiles
2983 3236 3119 3292 alias
3165 3236 3249 3291 his
3271 3237 3428 3292 simi-

1865 3325 1944 3381 les
1975 3325 2042 3380 de
2075 3324 2294 3382 Christo
2332 3325 2645 3394 prophetias
2687 3325 2971 3396 collegeris
3004 3332 3059 3381 et
3099 3326 3424 3391 contuleris,

1865 3423 1920 3471 et
1967 3431 2155 3469 earnm
2211 3414 2514 3485 signiﬁcata
2559 3414 2775 3468 diversa
2836 3414 2998 3470 simul
3055 3415 3424 3477 contenderis,

1865 3507 2002 3561 alias
2024 3505 2242 3576 quidem
2265 3521 2451 3560 earum
2482 3505 2724 3561 invenies
2757 3506 2916 3575 primi
2969 3505 3116 3560 illius
3161 3506 3427 3560 adventus

1868 3598 2122 3652 vaticinia
2173 3595 2652 3666 comprehendere,
2681 3610 2800 3664 quae
2851 3595 3014 3649 etiam
3040 3596 3142 3649 sub
3176 3594 3426 3648 eumdem

1863 3690 2096 3760 primum
2158 3688 2426 3758 completa
2477 3693 2626 3749 sunt,
2670 3686 2806 3740 alias
2834 3699 2962 3738 vero
3014 3685 3082 3738 ad
3125 3685 3425 3740 secundum

1864 3779 2220 3848 eumdemque
2236 3777 2530 3848 gloriosum
2566 3775 2755 3830 referri
2811 3783 3084 3845 oportere.
3133 3775 3198 3829 Et
3228 3789 3425 3829 currus

1864 3871 2008 3925 enim
2031 3880 2084 3926 et
2110 3885 2308 3940 equum
2331 3880 2382 3924 et
2408 3882 2621 3922 omnem
2639 3882 2826 3921 arcum
2843 3867 3091 3921 bellicum
3127 3866 3426 3922 Salvatoris

1865 3962 2039 4018 nostri
2067 3961 2249 4016 divina
2302 3963 2478 4017 virtus
2533 3963 2588 4016 in
2637 3961 2820 4031 priore
2849 3958 3020 4028 ipsius
3075 3959 3330 4020 adventu,
3357 3957 3426 4011 de

1866 4054 1958 4107 illa
1990 4053 2057 4107 ad
2078 4069 2278 4124 corpus
2326 4055 2684 4122 umbramque
2740 4051 3044 4121 pertinente
3087 4046 3422 4110 Jerusalem,

1865 4144 2039 4214 deque
2067 4159 2131 4198 eo
2159 4145 2252 4214 qui
2273 4144 2499 4214 Ephrem
2519 4151 2742 4198 vocatur
2770 4140 2989 4211 populo,
3014 4140 3240 4194 latenter
3266 4137 3426 4208 ejecit

1865 4249 1929 4288 ac
1955 4233 2186 4304 perdidit
2212 4253 2224 4288 :
2249 4249 2416 4303 quare
2440 4249 2506 4288 ex
2530 4233 2622 4286 illo
2653 4231 2720 4286 ad
2756 4231 2901 4284 hunc
2930 4245 3103 4300 usque
3125 4226 3266 4282 diem
3294 4242 3428 4280 nus-

1865 4342 2024 4398 quam
2048 4326 2277 4396 amplius
2305 4326 2518 4379 illorum
2543 4324 2688 4395 regia
2715 4323 2949 4392 dignitas
2985 4325 3216 4384 constat,
3252 4331 3427 4391 neque

1865 4417 2186 4474 eorumdem
2215 4416 2307 4486 qui
2335 4417 2464 4471 olim
2520 4414 2733 4468 valebat
2759 4413 2813 4464 in
2843 4410 3022 4473 bellis,
3058 4414 3350 4477 apparatus
3371 4411 3427 4459 et

1869 4513 1925 4564 in
1956 4510 2122 4563 armis
2140 4509 2336 4563 virtus.
2378 4505 2660 4574 Sapienter
2673 4519 2802 4558 vero
2824 4501 2877 4554 in
2893 4501 2979 4554 his
2995 4513 3210 4552 omnem
3239 4495 3425 4550 Judai-

1869 4615 1990 4654 cum
2028 4599 2283 4669 populum
2303 4597 2536 4668 Ephrem
2562 4593 2883 4656 nominavit,
2908 4605 3018 4645 non
3035 4597 3212 4643 autem
3232 4586 3422 4651 Israel,

1869 4705 2043 4760 neque
2094 4688 2255 4752 Juda,
2290 4703 2356 4742 ne
2383 4685 2730 4742 veneratione
2768 4684 3041 4754 digniores
3066 4680 3426 4735 calumnietur

1868 4781 2278 4851 appellationes.
2315 4777 2562 4832 Invenies
2602 4783 2780 4829 autem
2811 4776 2866 4830 in
2889 4774 3012 4828 aliis
3044 4786 3258 4843 quoque
3291 4785 3420 4838 pro-

1869 4871 2070 4942 phetiis
2117 4878 2282 4924 totam
2310 4876 2518 4940 gentem
2547 4866 2780 4936 Ephrem
2807 4880 2931 4920 cum
2965 4865 3133 4918 multa
3155 4862 3423 4916 calumnia

1869 4970 1924 5016 et
1949 4959 2294 5015 accusatione
2349 4956 2637 5020 nominari,
2678 4956 2819 5010 sicut
2877 4954 2967 5008 hic
3004 4967 3238 5022 quoque.
3287 4949 3422 5004 Cum

1871 5052 2034 5122 igitur
2061 5057 2182 5120 post
2213 5049 2447 5104 reditum
2494 5047 2560 5101 de
2606 5046 2879 5117 Babylone
2935 5059 3046 5098 non
3079 5042 3308 5112 amplius
3340 5040 3427 5093 iti—

1871 5143 1992 5198 dem
2021 5150 2081 5196 ut
2105 5141 2257 5210 prius
2287 5140 2342 5192 in
2372 5138 2551 5194 tribus
2575 5137 2786 5192 divisus
2807 5145 2956 5191 esset
3001 5133 3256 5204 populus,
3287 5145 3427 5200 quos

1871 5235 2092 5288 tandem
2125 5248 2220 5303 per
2247 5231 2481 5302 Ephrem
2512 5230 2705 5284 merito
2749 5227 3043 5300 signiﬁcari
3071 5221 3422 5284 intellexeris,

1872 5326 1975 5380 nisi
2006 5341 2100 5380 eos
2147 5324 2239 5394 qui
2285 5324 2458 5393 ipsam
2490 5321 2788 5378 Jerusalem
2818 5315 3166 5372 habitarent?
3193 5326 3425 5383 quorum

1873 5417 1928 5470 in
1961 5416 2118 5470 bellis
2147 5423 2202 5469 et
2223 5415 2280 5470 in
2314 5416 2481 5471 armis
2509 5412 2776 5485 egregiam
2803 5410 3073 5473 virtutem,
3109 5421 3231 5476 quae
3253 5415 3427 5473 usque

1875 5505 1942 5560 ad
1973 5503 2220 5559 Romana
2250 5511 2492 5573 tempora
2543 5502 2729 5571 vigens
2765 5497 2885 5564 fuit,
2924 5495 3221 5552 Salvatoris
3251 5489 3426 5548 nostri
