3908 6266
453 296 551 352 7H

1117 289 1385 348 EUSEBII
1420 285 1899 346 CESARIENSIS
1935 285 2084 342 OPP.
2123 281 2304 339 PARS
2340 279 2404 337 ll.
2434 311 2506 324 --
2541 279 3038 338 APOLOGETICA.

3584 281 3614 336 7
3625 284 3679 336 Η

453 409 738 472 adventus,
765 408 908 463 sicut
935 405 992 460 in
1024 405 1308 476 prephetia
1335 403 1544 456 dictum
1581 402 1778 466 fuerat,
1830 400 2012 454 divina

2134 398 2214 469 τῆς
2241 397 2563 469 ἐπουρανίου
2597 395 2734 450 Σιὼν
2756 438 2772 463 ,
2800 397 2834 466 ἢ
2865 397 2960 450 καὶ
2989 395 3092 465 τῆς
3131 393 3402 468 προτέρας
3447 412 3678 465 συναγω-

453 509 506 556 et
537 500 791 554 ineﬂ‘abili
818 500 1018 552 virtute
1059 495 1276 550 delevit.
1335 494 1570 548 Proinde
1619 493 1901 548 collectam
1947 491 2014 546 de

2134 489 2216 557 τῆς
2245 489 2529 552 ἀποκαλεῖ,
2560 487 2647 540 διὰ
2674 487 2734 539 τὸ
2765 487 2974 549 πάντας
3007 487 3155 557 ήμᾶς
3183 486 3310 549 τοὺς
3335 485 3398 551 ἐξ
3419 485 3585 539 ἐθνῶν
3609 490 3677 550 εἰς

456 589 706 659 gentibus
743 587 1036 642 Ecclesiam
1063 585 1346 640 oraculum
1365 582 1671 653 evangelice
1703 580 1922 636 instruit
1951 592 2016 633 ac

2134 579 2204 632 ςδν
2265 580 2498 650 Χριστὸν
2537 578 2632 632 τοῦ
2697 577 2832 632 Θεοῦ
2889 578 3317 642 πεπιστευκότας
3377 581 3677 650 γεννήματα

456 690 658 744 monet,
689 694 801 734 non
846 686 906 732 ut
939 677 1261 748 simpliciter
1313 676 1566 746 gaudeat,
1615 675 1710 729 sed
1741 682 1800 727 ut
1855 671 2017 726 veheo

2115 666 2254 724 εἶναι
2297 673 2397 724 καὶ
2429 671 2594 724 τέκνα
2623 669 2858 742 Χριστοῦ
2897 671 2992 724 καὶ
3020 669 3128 723 τῶν
3167 669 3478 723 ἀποστόλων
3506 672 3676 736 αὑτοῦ,

458 777 668 825 utenter
697 768 947 838 gaudeat,
979 769 1178 837 quippe
1201 767 1343 835 quod
1368 766 1512 818 illam
1537 763 1604 817 ad
1626 763 1680 816 id
1713 760 2018 816 iaciendum

2134 755 2205 814 ιῖα
2232 762 2296 814 ὲκ
2330 759 2533 832 μητρὸς
2567 761 2669 830 τῆς
2701 759 2810 812 τῶν
2851 759 3122 812 Ἰουδαίων
3160 757 3480 827 συναγωγῆς
3504 758 3679 829 προελε-

457 863 776 915 exhortetur
807 869 1026 930 propter
1069 859 1163 915 Dei
1199 857 1362 914 Verbi
1393 855 1460 910 ad
1491 857 1663 927 ipsam
1705 855 2018 917 adventum,

456 969 618 1023 quam
657 958 788 1008 item
841 953 1081 1008 caelestis
1135 951 1286 1014 Sion,
1353 959 1448 1004 aut
1475 951 1636 1005 etiam
1663 948 1862 1017 prioris
1888 961 2022 1001 cono

458 1045 790 1116 gregationis
817 1044 982 1098 ﬁliam
1011 1054 1190 1104 vocat.
1221 1052 1501 1114 propterea
1529 1040 1672 1110 quod
1702 1054 1802 1095 nos
1833 1053 2024 1095 omnes

459 1136 552 1206 qui
575 1150 638 1189 ex
673 1134 923 1205 gentibus
957 1134 1185 1204 profecti
1230 1135 1283 1187 in
1319 1131 1599 1187 Christum
1650 1129 1744 1184 Dei
1793 1129 2027 1185 credidi-

459 1241 606 1288 mus,
626 1225 827 1280 Christi
858 1225 1337 1293 apostolorumque
1368 1222 1488 1292 ejus
1514 1221 1694 1292 proles
1724 1226 1780 1274 et
1811 1220 1906 1273 lilii
1935 1234 2028 1275 su-

461 1329 610 1381 mus,
660 1321 844 1383 utpote
875 1313 968 1382 qui
1001 1313 1069 1368 de
1101 1312 1410 1366 Judaeorum
1453 1310 1875 1380 congregatione
1909 1319 2029 1364 tan-

465 1421 628 1476 quam
687 1404 756 1459 de
806 1413 979 1458 matre
1030 1403 1138 1456 orti
1176 1402 1348 1458 simus
1377 1419 1390 1456 :
1423 1415 1548 1455 nam
1582 1401 1745 1454 etiam
1771 1400 1916 1470 quod
1941 1414 2030 1455 se-

461 1496 667 1566 quitur,
690 1497 747 1550 in
779 1494 1075 1549 Salvatoris
1096 1494 1271 1549 nostri
1301 1493 1533 1547 adventu
1553 1492 1882 1562 completum
1909 1505 2033 1548 esse

461 1593 695 1642 constat.
755 1585 890 1651 Quis
942 1585 1086 1638 enim
1138 1585 1356 1654 ignorat
1401 1583 1671 1653 ejusmodi
1721 1597 1909 1653 pacem
1966 1597 2032 1637 ex

463 1678 714 1749 gentibus
744 1683 868 1746 post
888 1671 1155 1730 adventus
1186 1675 1591 1744 illiustempora
1615 1675 1916 1738 exstitisse,
1935 1688 2033 1727 cu-

2120 852 2329 912 θόντας.
2370 853 2479 905 Καὶ
2522 851 2584 904 τὸ
2626 851 2751 922 ἑξῆς
2786 852 2842 905 δὲ
2880 851 3181 922 ἐπληροῦτο
3213 850 3306 902 ἐπὶ
3337 853 3405 920 τῇ
3447 849 3540 902 τοῦ
3575 849 3678 904 Σω-

2119 944 2284 1016 τῆρος
2313 943 2470 1015 ἡμῶν
2493 943 2784 1016 παρουσίᾳ.
2817 945 3017 1016 Εἰρήνη
3041 943 3170 1012 γοῦν
3199 941 3259 1006 ἐξ
3286 941 3457 996 ἐθνῶν
3478 941 3681 1010 γέγονεν

2123 1035 2232 1090 ἀπὸ
2250 1034 2357 1089 τῶν
2385 1033 2591 1104 χρόνων
2620 1035 2719 1107 τῆς
2748 1036 2982 1104 ἀφίξεως
3007 1034 3193 1100 αὑτοῦ,
3221 1035 3309 1088 οἵα
3331 1032 3678 1087 οὐδεπώποτεο

2124 1129 2224 1182 οὐκ
2252 1129 2330 1182 ἔτι
2352 1128 2482 1196 γοῦν
2514 1127 2697 1192 πόλεις
2719 1127 2955 1191 πόλεσιν,
2976 1127 3051 1191 ὡς
3081 1128 3142 1180 τὸ
3172 1125 3321 1198 πρὶν,
3351 1125 3677 1196 πολεμοῦσιν,

2125 1219 2245 1273 οὐδὲ
2279 1219 2406 1290 ἐθνη
2447 1219 2620 1273 ἔθνεσι
2655 1219 3068 1290 συρῤάσσουσιν,
3098 1219 3228 1283 οὐδ’,
3262 1217 3337 1281 ὡς
3366 1216 3427 1270 τὸ
3449 1215 3677 1282 παλαιὸν,

2126 1309 2157 1362 ό
2198 1308 2309 1362 τῶν
2353 1306 2654 1381 ἀνθρώπων
2703 1309 2814 1378 βίος
2848 1309 3236 1370 ἀκαταστατεῖ,
3273 1306 3380 1359 οὐδ’
3434 1305 3681 1375 Ἀθηναῖοι

2133 1401 2233 1472 μὲν
2259 1400 2705 1470 Λακεδαιμονίοις
2755 1395 3233 1468 ἐπιστρατεύονται
3257 1435 3272 1460 ,
3310 1393 3473 1466 Σύροι
3497 1395 3552 1448 δὲ
3576 1395 3681 1449 Φοί-

2129 1491 2289 1558 νιξιν,
2336 1490 2576 1561 Ἀράϐιοι
2603 1490 2658 1542 δὲ
2688 1489 3064 1550 Παλαιστίνοις
3083 1527 3098 1553 ,
3130 1487 3227 1540 καὶ
3265 1483 3549 1555 Αἰγύπτιοι
3584 1489 3680 1550 τοῖς

2133 1580 2544 1653 πλησιοχώροις.
2593 1580 2830 1634 Ἦνωται
2876 1579 2933 1634 δὲ
2974 1579 3034 1645 ἐξ
3073 1580 3281 1633 ἐκείνου
3328 1580 3425 1633 σὺν
3463 1579 3575 1651 Θεῷ
3622 1581 3680 1634 τὰ

2135 1671 2342 1737 πάντα,
2391 1673 2485 1726 καὶ
2539 1671 2750 1743 άληθῶς
2810 1671 3013 1742 πλῆθος
3063 1673 3282 1743 εἰρήνης
3319 1671 3380 1738 ἐξ
3435 1670 3589 1725 ιεθνῶν
3631 1672 3682 1738 ἐξ

456 1739 699 1837 jusmodi
745 1739 1042 1836 -nunquam
1089 1773 1248 1820 antea
1296 1739 1525 1820 fuisset?
1574 1780 1751 1835 neque
1797 1765 1941 1821 enim
1972 1772 2031 1819 ut

2134 1762 2338 1817 ἐκείνου
2367 1764 2456 1817 καὶ
2486 1765 2566 1828 εἰς
2586 1739 2744 1835 δεῦρο
2764 1739 3006 1832 γέγονεν,
3043 1739 3351 1826 ἀκολούθως
3388 1765 3453 1834 τῇ
3490 1780 3678 1836 προφη-

462 1857 639 1928 prius,
673 1859 753 1913 sic
781 1875 928 1913 nunc
944 1858 1199 1912 civitates
1225 1873 1256 1912 a
1286 1858 1598 1914 civitatibus
1628 1864 2029 1928 Oppugnantur,

461 1963 641 2017 neque
664 1954 852 2016 gentes
887 1962 1010 2001 cum
1035 1947 1290 2016 gentibus
1315 1947 1672 2012 colliduntur,
1705 1961 1880 2017 neque
1904 1961 2033 2002 vero

463 2047 526 2094 ut
557 2039 755 2109 priscis
793 2039 1132 2108 temporibus
1156 2076 1172 2102 ,
1229 2039 1309 2092 sic
1337 2040 1544 2094 nostris
1591 2039 1702 2092 vita
1751 2039 2031 2094 hominum

464 2131 706 2201 inquieta
741 2131 1121 2201 instabilisque
1137 2139 1240 2194 est,
1274 2129 1442 2202 458
1491 2131 1694 2203 quippe
1713 2146 1837 2186 cum
1859 2143 2034 2202 neque

464 2224 1041 2296 Atheniensescontra
1069 2221 1510 2280 Lacedaemonios
1559 2225 1824 2289 ferantur,
1857 2241 2033 2296 neque

467 2313 590 2388 Syri
621 2315 880 2370 adversus
911 2313 1221 2379 Phaznicas,
1249 2330 1426 2385 neque
1453 2316 1664 2371 Arabes
1713 2321 1769 2371 in
1790 2314 2029 2372 Palaesti-

465 2419 588 2465 nos.
615 2420 791 2474 neque
837 2405 965 2459 item
1016 2401 1257 2476 Egyptii
1289 2405 1553 2461 adversus
1586 2405 1848 2461 ﬁnitimos
1889 2407 2034 2461 mili-

465 2499 597 2552 tiam
628 2505 939 2553 exerceant.
990 2495 1095 2552 Sed
1144 2512 1209 2552 ex
1245 2497 1339 2551 illo
1375 2498 1429 2551 in
1487 2497 1634 2552 hunc
1667 2512 1844 2568 usque
1864 2499 2029 2563 diem,

466 2589 578 2645 Deo
603 2590 835 2656 favente,
864 2589 919 2643 in
950 2604 1118 2643 unum
1151 2588 1334 2643 omnia
1357 2587 1591 2655 coivere,
1617 2595 1670 2643 et
1693 2601 1900 2652 revera,
1920 2589 2032 2644 sic-

470 2686 535 2734 ut
589 2679 645 2733 in
684 2679 966 2748 prophetia
1000 2677 1208 2732 dictum
1263 2675 1460 2744 fuerat,
1515 2676 1848 2733 abundantia
1880 2679 2034 2746 pacis

468 2787 537 2828 ex
561 2771 810 2840 gentibus
841 2769 1057 2840 prodiit,
1115 2776 1170 2824 et
1219 2784 1361 2824 unus
1386 2767 1566 2834 Jesus,
1601 2776 1655 2824 et
1688 2769 1756 2823 ab
1787 2769 1908 2835 ipso
1936 2767 2033 2822 de-

468 2866 778 2920 nuntiatum
821 2864 1148 2934 evangelicae
1179 2864 1443 2918 doctrinze
1474 2862 1721 2928 verbum,
1757 2861 2035 2930 principa-

465 2963 604 3018 tum,
668 2970 699 3008 a
745 2953 883 3008 mari
934 2969 1106 3022 usque
1152 2953 1220 3007 ad
1270 2969 1440 3016 mare,
1478 2953 1580 3007 hoc
1611 2959 1695 3007 est
1719 2951 1788 3006 ab
1823 2952 2035 3006 oriente

2130 1854 2270 1927 τείᾳ.
2293 1855 2465 1913 Μόνος
2493 1857 2552 1910 δὲ
2595 1855 2820 1927 Ἰησοῦς,
2846 1855 2942 1909 καὶ
2963 1858 2992 1910 ὁ
3011 1856 3077 1908 δι’
3101 1855 3268 1910 αὐτοῦ
3290 1855 3578 1928 κηρυχθείς
3595 1857 3679 1926 τῆς

2131 1947 2490 2018 εὐαγγελικῆς
2511 1947 2856 2012 διδασκαλίας
2882 1948 3038 2016 λόγος
3070 1944 3231 2020 ἧρξεν
3251 1948 3361 2002 άπὸ
3386 1952 3485 2021 τῆς
3505 1948 3681 2004 θαλάσ-

2133 2053 2233 2106 σης
2255 2037 2359 2101 ἓως
2385 2036 2682 2110 Θαλάσσης,
2713 2040 2821 2094 ἀπὸ
2843 2041 2940 2112 τῆς
2965 2041 3038 2093 ἔω
3072 2042 3152 2103 εἰς
3179 2041 3269 2094 τὸν
3306 2042 3680 2114 καταδυόμενον

2142 2127 2312 2198 ἥλιον,
2348 2130 2443 2183 καὶ
2487 2129 2596 2184 ἀπὺ
2641 2132 2900 2202 ποταμῶν
2923 2134 3001 2194 εἰς
3023 2131 3120 2196 τὰς
3149 2133 3433 2199 διεκϐολὰς
3452 2135 3547 2206 τῆς
3571 2134 3677 2206 γῆς,

2131 2219 2436 2284 ἀκολούθως
2456 2224 2568 2285 τοῖς
2591 2223 2648 2275 ὲν
2665 2221 2742 2294 τῷ
2767 2225 3016 2296 προφήτῃ
3041 2224 3508 2297 προλελεγμένοις.
3527 2227 3681 2296 "Ant-:9

2131 2312 2226 2366 καὶ
2253 2315 2282 2365 ό
2321 2312 2548 2378 Ἀκύλας
2573 2306 2673 2367 ὧδέ
2695 2332 2812 2378 πως
2834 2316 3172 2388 ήρμήνευσεν
3200 2315 3396 2371 εἰπών’
3436 2337 3455 2370 ι
3480 2317 3583 2371 Καὶ
3598 2316 3678 2370 λα·

2132 2401 2283 2474 λήσει
2313 2406 2532 2476 εἰρήνην
2561 2407 2620 2459 ὲν
2661 2409 2772 2470 τοῖς
2811 2406 3018 2472 ἔθνεσι,
3072 2409 3166 2461 καὶ
3201 2410 3233 2478 ή
3281 2409 3502 2476 ἐξουσία
3538 2406 3679 2462 αὐτοῦ

2136 2493 2244 2546 ἀπὸ
2300 2493 2576 2566 θαλάσσης
2633 2497 2738 2560 ἕως
2787 2497 3093 2570 θαλάσσης,
3141 2500 3233 2552 καὶ
3283 2500 3397 2554 ἀπὸ
3449 2498 3678 2571 ποταμῶν

2132 2585 2237 2650 ἕως
2259 2588 2506 2658 περάτων
2540 2589 2642 2660 τῆς
2673 2591 2796 2662 γῆς.
2837 2608 2855 2641 ι
2878 2590 3062 2645 Ταῦτα
3090 2591 3148 2646 δὲ
3168 2595 3281 2656 τοῖς
3305 2596 3367 2646 ὲν
3395 2593 3470 2664 τῷ
3506 2591 3679 2664 ψαλμῷ

2135 2682 2421 2754 σύγκρινον
2457 2682 2537 2754 τῷ
2579 2684 3037 2756 ἐπιγεγραμμένῳ
3095 2688 3176 2750 είς
3232 2686 3520 2758 Σολομῶνα
3571 2684 3679 2758 περὶ

2133 2775 2227 2830 τοῦ
2276 2774 2392 2828 υίοῦ
2439 2775 2532 2828 τοῦ
2575 2774 2835 2846 βασιλέως
2857 2817 2872 2840 ,
2916 2777 3112 2849 δηλαδὴ
3151 2777 3245 2830 τοῦ
3281 2778 3347 2831 ἐκ
3399 2777 3679 2849 σπέρματος

2135 2867 2447 2938 Σολομῶνος
2509 2867 3007 2940 προελευσομένουξ,
3070 2869 3414 2940 λεγομένοις,
3473 2871 3588 2942 περὶ
3625 2860 3676 2922 οὗ

2135 2960 2298 3030 φησὶν
2343 2960 2371 3013 ὁ
2413 2957 2659 3030 ψαλμόςο
2700 2979 2719 3011 ‹
2748 2961 2858 3012 Καὶ
2899 2960 3319 3029 κατακυριεύσει
3362 2960 3466 3015 ἀπὸ
3506 2959 3679 3013 θαλάσ-

467 3045 580 3101 sole
597 3059 768 3113 usque
794 3043 861 3096 ad
885 3043 1244 3110 occidentem,
1270 3055 1322 3098 et
1344 3059 1374 3096 a
1407 3043 1722 3098 ﬂuminibus
1753 3042 1821 3096 ad
1839 3058 2033 3113 expor-

2137 3069 2236 3124 σης
2281 3051 2386 3115 ἕως
2442 3050 2742 3121 θαλάσσης,
2782 3051 2876 3103 καὶ
2911 3051 3015 3105 ἀπὺ
3074 3052 3334 3122 ποταμῶν
3388 3052 3488 3116 ἕως
3530 3049 3679 3122 ταρά-

467 3129 738 3184 rectiones
762 3135 940 3192 terra),
967 3128 1112 3183 sicut
1129 3143 1193 3183 ea
1226 3128 1686 3198 signiﬁcaverant,
1719 3143 1842 3198 qua:
1889 3129 2033 3198 apud

466 3225 780 3292 prophetam
801 3220 1055 3290 praedicta
1079 3228 1229 3284 sunt,
1252 3220 1482 3290 accepit;
1528 3237 1649 3291 quae
1678 3236 1810 3275 sane
1839 3219 2034 3291 Aquila

467 3326 684 3382 quoque
712 3311 767 3365 in
791 3312 934 3365 hunc
983 3310 1200 3364 modum
1228 3310 1614 3380 interpretatus
1639 3318 1724 3366 est
1751 3326 1765 3361 :
1805 3327 1824 3362 ι
1858 3315 1922 3363 ιιι
1954 3311 2036 3364 Ιο-

473 3412 670 3474 quetur
705 3418 892 3473 pacem
912 3403 967 3457 in
1000 3402 1275 3473 gentibus,
1307 3409 1361 3457 et
1388 3410 1632 3472 potestas
1669 3403 1788 3472 ejus
1831 3417 1863 3456 a
1895 3403 2033 3456 mari

469 3511 644 3564 usque
665 3496 730 3548 ad
753 3510 920 3559 mare,
940 3503 992 3548 et
1009 3511 1047 3547 a-
1061 3494 1374 3548 ﬂuminibus
1395 3510 1569 3564 usque
1584 3493 1651 3547 ad
1666 3495 1801 3548 lines
1821 3502 1994 3550 terra.
2009 3513 2028 3546 ι

470 3585 552 3641 Tu
578 3602 702 3642 vero
719 3586 830 3640 haec
846 3597 1160 3656 comparato
1188 3601 1310 3640 cum
1340 3586 1448 3640 illis
1470 3600 1590 3652 qua:
1609 3585 1662 3638 in
1681 3585 1892 3654 psalmo
1911 3600 2037 3640 cono

470 3679 731 3742 tinentur,
749 3679 839 3748 qui
859 3679 1152 3748 inscriptus
1173 3690 1256 3732 est
1270 3679 1321 3732 in
1343 3676 1837 3746 Salomonem,qua:
1849 3677 2036 3731 videli—

470 3783 556 3828 cet
583 3773 649 3827 de
673 3772 784 3826 ﬁlio
820 3771 961 3842 regis
981 3786 1044 3825 ex
1075 3769 1282 3825 semine
1330 3769 1640 3825 Salomonis
1682 3769 1920 3823 oriundo
1951 3768 2034 3822 di-

471 3861 773 3927 cuntur;de
799 3876 906 3931 quo
923 3861 970 3914 is
988 3859 1229 3929 psalmus
1252 3859 1326 3912 ita
1354 3857 1594 3928 loquitur
1622 3875 1635 3911 :
1671 3877 1689 3909 ι
1712 3856 2036 3911 Etdomina-

474 3955 620 4009 bitur
643 3967 674 4007 a
707 3953 846 4007 mari
876 3967 1046 4020 usque
1078 3952 1145 4005 ad
1171 3967 1338 4018 mare,
1377 3959 1431 4006 ct
1459 3966 1487 4004 a
1517 3950 1832 4007 ﬂuminibus
1862 3967 2036 4022 usque

475 4047 542 4100 ad
562 4045 693 4100 lines
722 4045 868 4100 orbis
895 4044 1108 4098 terrae".
1144 4062 1161 4092 ι
1186 4043 1354 4098 Porro
1375 4045 1515 4098 idem
1541 4045 1628 4098 hic
1647 4045 1890 4113 psalmus
1912 4059 2033 4098 eam

483 4144 609 4195 item
639 4156 761 4211 quae
783 4141 871 4196 hic
888 4140 1244 4211 signillcatur,
1269 4151 1476 4206 pacem,
1496 4135 1576 4190 sic
1597 4132 1833 4187 futuram
1857 4130 2055 4184 deseri.

481 4234 560 4288 bit
592 4252 604 4287 :
638 4252 658 4286 ‹
686 4233 904 4289 Orietur
933 4234 984 4287 in
1007 4232 1199 4287 diebus
1225 4230 1345 4299 ejus
1383 4227 1595 4298 justitia
1626 4234 1680 4280 et
1722 4221 2053 4278 abundantia

480 4324 628 4384 pacis
654 4322 696 4376 ⁸.
738 4343 756 4376 ι
788 4322 955 4379 Isaias
1003 4335 1221 4389 quoque
1268 4335 1391 4374 cum
1441 4319 1526 4373 his
1571 4315 1706 4385 ipsis
1740 4311 2053 4376 concordat,

2137 3159 2245 3195 των
2281 3141 2382 3212 τῆς
2424 3141 2798 3214 οἰκουμένης.)
2829 3143 3087 3213 Σημαίνει
3119 3144 3175 3196 δὲ
3207 3145 3302 3198 καὶ
3341 3146 3438 3217 τήν
3477 3141 3680 3197 ἐνταῦθα

2138 3231 2469 3305 δηλουμένην
2493 3236 2712 3307 εἰρήνην
2737 3237 2765 3288 ό
2787 3233 2947 3299 αὐτὸς
2970 3234 3183 3307 ψαλμὺς
3208 3235 3434 3305 φάσκων
3459 3252 3473 3267 ’
3501 3254 3521 3288 ι
3551 3236 3680 3289 ’Ava-

2138 3324 2282 3377 τελεῖ
2306 3327 2363 3378 ὲν
2392 3328 2513 3389 ταῖς
2540 3328 2776 3397 ἡμέραις
2809 3326 2973 3380 αὑτοῦ
2999 3324 3311 3400 δικαιοσύνη
3340 3368 3356 3392 ,
3384 3328 3474 3382 καὶ
3505 3326 3679 3398 πλῆθος

2139 3417 2378 3487 εἰρήνης.
2410 3436 2428 3468 ι
2472 3419 2584 3471 Καὶ
2622 3411 2846 3481 Ἡσαΐας
2875 3418 2932 3470 δὲ
2974 3417 3183 3484 τούτοις
3217 3420 3494 3494 συντρέχει
3533 3419 3590 3473 δι’
3617 3411 3680 3473 ὧν

2141 3524 2311 3578 φησι·
2358 3527 2377 3559 ι
2417 3509 2525 3562 Καὶ
2567 3508 2896 3577 συγκόψουσι
2945 3509 3215 3582 μαχαίρας
3242 3512 3424 3565 αὐτῶν
3466 3513 3541 3575 εἰς
3573 3511 3680 3582 ἆρο-

2137 3613 2274 3669 τρα,
2310 3600 2404 3653 καὶ
2441 3599 2538 3663 τὰς
2590 3599 2810 3663 ζιϐύνας
2861 3600 3039 3654 αὐτῶν
3085 3603 3163 3665 εἰς
3208 3602 3470 3674 δρέπανα.
3505 3603 3603 3658 Καὶ
3629 3601 3679 3656 οὐ

2140 3692 2364 3763 λήψεται
2411 3692 2490 3745 ἔτι
2537 3691 2686 3755 ἔθνος
2730 3693 2816 3746 ἐπ’
2865 3693 3014 3756 ἔθνος
3066 3676 3372 3767 μάχαιραν,
3406 3697 3498 3750 καὶ
3532 3697 3586 3749 οὐ
3617 3696 3677 3766 μή

2144 3783 2385 3855 μάθωσιν
2414 3784 2491 3837 ἔτι
2530 3785 2804 3855 πολεμεῖν.
2839 3805 2857 3837 ι
2895 3784 3087 3858 Εὕροις
3139 3787 3181 3840 δ’
3220 3787 3288 3841 ἂν
3337 3788 3430 3842 καὶ
3473 3786 3678 3859 Μιχαίαν

2140 3875 2348 3940 τούτοις
2375 3877 2662 3948 συνᾴδοντα
2685 3917 2700 3941 ,
2735 3877 2829 3930 καὶ
2860 3877 3054 3942 ἄλλους
3091 3880 3310 3944 πλείους
3351 3881 3457 3934 τῶν
3499 3897 3678 3952 προφη-

2140 3968 2273 4023 τῶν.
2320 3969 2647 4040 Ἐπιστήσας
2671 3967 2727 4020 δὲ
2753 4009 2768 4033 ,
2800 3968 2875 4032 ὡς
2899 3969 3034 4042 ἔφην
3060 4010 3074 4033 ,
3102 3974 3215 4035 τοῖς
3245 3973 3474 4044 χρόνοις,
3503 3972 3679 4044 δυνήσῃ

2144 4061 2371 4115 συνιδεῖν
2395 4100 2409 4124 ,
2443 4060 2519 4122 ὡς
2548 4059 2656 4113 ἀπὸ
2693 4061 2801 4114 τῶν
2835 4061 3142 4131 Αὐγούστου
3182 4065 3391 4135 χρόνων
3414 4105 3429 4128 ,
3486 4065 3572 4118 καὶ
3597 4065 3679 4133 τῆς

2142 4149 2263 4206 κατ’
2296 4151 2457 4206 αὑτὸν
2484 4146 2866 4224 ἐπιλαμψάσης
2897 4153 2988 4206 τοῦ
3029 4154 3293 4232 Σωτῆρος.
3317 4157 3474 4228 ἡμῶν
3513 4157 3678 4222 ἐπιφα-

2142 4244 2290 4310 νείας
2309 4283 2323 4306 ,
2355 4243 2455 4312 τῆς
2489 4243 2771 4314 Ῥωμαίων
2819 4245 3112 4317 μοναρχίας
3143 4247 3603 4320 ὲπικρατησάσης,
3632 4244 3677 4298 αἰ

2143 4334 2308 4388 πάλαι
2338 4333 2444 4386 τῶν
2470 4331 2637 4386 ὲθνῶν
2668 4333 2984 4407 διελύθησαν
3013 4337 3318 4403 διαστάσεις
3349 4340 3441 4393 καὶ
3472 4338 3677 4409 πολυαρ-

479 4425 602 4465 cum
636 4409 712 4464 ait
742 4423 756 4460 :
795 4427 814 4459 ι
838 4407 903 4462 Ει
931 4407 1240 4462 conﬂabunt
1265 4406 1476 4478 gladios
1517 4422 1649 4464 suos
1678 4407 1735 4460 in
1761 4423 2033 4472 vomeres,

2146 4423 2288 4496 χίαι,
2345 4424 2438 4477 καὶ
2479 4424 2629 4478 τόνδε
2679 4425 2738 4490 ἐξ
2781 4406 2987 4480 ἐκείνου
3030 4428 3228 4499 τρόπον
3275 4428 3459 4495 τέλους
3507 4406 3678 4500 ἤρξατο

477 4513 533 4556 ct
561 4503 832 4556 lanceolas
861 4516 989 4556 suas
1045 4501 1100 4553 in
1129 4499 1319 4554 falces.
1347 4497 1414 4552 Et
1447 4515 1555 4553 non
1588 4507 1769 4554 sumet
1805 4501 2033 4570 amplius

2144 4514 2428 4586 τυγχάνειν
2460 4515 2528 4568 τὰ
2569 4514 2669 4586 τῆς
2719 4497 3200 4589 προφητευομένης
3247 4523 3483 4592 εἰρήνης.
3529 4497 3676 4571 ῙΑλλά

477 4609 611 4666 gens
643 4595 696 4646 in
726 4600 936 4664 gentem
968 4591 1226 4663 gladium,
1251 4598 1306 4646 et
1337 4605 1447 4645 non
1495 4590 1709 4645 discent
1751 4591 1890 4671 ultra
1927 4591 2043 4646 hel-

480 4689 590 4742 lum
617 4701 802 4757 gerere
833 4688 875 4739 ’.
911 4705 928 4737 ι
967 4685 1236 4739 Οωιειηιιη
1301 4683 1578 4738 Μίοιιεοιιηι
1636 4699 1852 4754 quoque
1888 4685 2042 4738 inve-

2146 4603 2242 4658 νῦν
2293 4603 2392 4676 μὲν
2433 4605 2569 4668 τέως
2612 4605 2840 4677 ήρξατο,
2889 4607 3037 4660 ἔσται
3077 4605 3134 4660 δὲ
3178 4609 3266 4660 ὅτε
3297 4605 3675 4679 πληρέσταταή

2148 4693 2452 4765 προφητεία
2481 4696 3014 4766 συμπερασθήσεται,
3047 4697 3183 4750 ἐπὰν
3220 4696 3280 4752 τὸ
3311 4699 3569 4770 πλήρωμα
3588 4693 3675 4747 τῶν

480 4782 598 4836 nies
630 4780 819 4835 iisdem
865 4787 1229 4835 consentanea
1273 4780 1563 4844 dicentem,
1625 4780 1861 4850 itemque
1904 4781 2033 4835 alios

2148 4783 2319 4838 ἐθνῶν
2349 4784 2565 4856 εἰσέλθῃ
2590 4785 2807 4856 τὸλγπρὸς
2829 4785 2922 4839 τοῦ
2961 4788 3103 4861 ἱεροῦ
3141 4789 3456 4842 Ἀποστόλου
3481 4785 3673 4858 δεδηλω-

480 4885 548 4924 ει
614 4870 888 4940 prophetis
922 4872 1142 4926 multos.
1201 4869 1257 4924 Si
1292 4887 1418 4926 vero
1452 4871 1756 4942 diligenter,
1797 4881 1857 4926 ut
1905 4873 2040 4929 alias
2153 4875 2330 4947 μένον.

481 4965 615 5028 dixi,
643 4976 882 5036 tempora
929 4965 1326 5028 observaveris,
1367 4965 1524 5021 facile
1582 4968 1780 5023 intueri
1808 4971 2032 5037 poteris,
2074 4971 2535 5040 quemadmodum
2595 4972 2665 5027 ab
2731 4973 2963 5044 Augusti
3019 4975 3377 5046 temporibus,
3423 4981 3475 5030 et
3512 4991 3539 5028 a
3575 4969 3675 5026 Sal-

485 5057 687 5113 vatoris
714 5057 889 5112 nostri
907 5057 1163 5115 adventu.
1192 5057 1285 5127 qui
1314 5074 1410 5127 per
1438 5075 1501 5113 ea
1561 5067 1805 5130 tempora
1869 5060 2116 5127 emicuit,
2159 5079 2282 5117 cum
2340 5065 2408 5119 ad
2459 5080 2626 5120 unum
2675 5065 2955 5120 redactum
3014 5062 3380 5122 Romanorum
3422 5063 3673 5135 imperium

485 5145 664 5199 omnia
693 5145 1057 5208 obtinuisset,
1123 5155 1334 5201 veteres
1374 5149 1616 5217 gentium
1689 5147 2030 5215 diﬂ‘erentiaa,
2062 5159 2116 5206 et
2154 5153 2490 5222 multiplices
2541 5155 2879 5224 principatus
2927 5155 3114 5209 aboliti
3147 5167 3294 5222 sunt,
3326 5165 3485 5227 atque
3515 5167 3574 5209 ex
3598 5150 3674 5204 illo

485 5237 540 5291 in
558 5237 703 5292 hunc
728 5239 968 5305 modum,
1032 5254 1150 5309 quae
1183 5239 1250 5294 ad
1295 5256 1480 5310 pacem
1521 5243 1878 5312 pertinerent,
1949 5261 2110 5316 quam
2151 5248 2430 5317 prophetae
2457 5249 2842 5319 praedixerant,
2878 5265 2941 5304 ea
2992 5247 3151 5305 ﬁnem
3189 5266 3347 5307 suum
3397 5249 3674 5317 contingere

486 5331 765 5398 cmperint.
791 5330 1056 5387 Caeterum
1115 5333 1376 5388 hactenus
1425 5333 1647 5403 quidem
1711 5334 1899 5405 erepit,
1978 5343 2188 5408 tempus
2255 5347 2437 5392 autem
2504 5341 2704 5402 veniet,
2739 5357 2860 5396 cum
2894 5343 3503 5414 plenissimeproph‘etia
3551 5351 3672 5394 coul-

487 5423 740 5493 plebitur,
771 5425 860 5477 ubi
894 5425 1133 5495 gentium
1182 5426 1461 5496 plenitudo
1488 5427 1736 5497 ingressa
1764 5427 1898 5482 illud
1927 5427 2113 5496 fuerit,
2147 5429 2291 5500 quod
2318 5446 2348 5484 a
2381 5441 2574 5489 sancto
2594 5433 2856 5505 Apostolo
2889 5435 3092 5493 dictum
3127 5443 3212 5492 est
3237 5438 3300 5491 θ’.

557 5678 579 5711 ⁷
615 5677 760 5733 Psal.
802 5697 924 5738 uxr
949 5723 962 5748 ,
997 5683 1050 5739 8.
1127 5685 1146 5718 '
1183 5685 1312 5741 ibid.
1354 5684 1402 5740 ἵ.
1477 5686 1498 5718 ⁹
1538 5687 1645 5742 Isa.
1679 5705 1736 5753 ιι,
1787 5689 1840 5746 ι.
1913 5689 1956 5722 ⁹¹
1994 5682 2033 5743 Ii

2145 5728 2158 5744 .
2191 5689 2404 5759 31,25.
