3908 6266
245 317 346 374 713

1142 313 1800 372 DEMO‘NSTRATIONIS
1835 312 2297 377 EVANGELICAB
2330 318 2458 375 LIB.
2497 320 2587 377 ll.

3403 331 3507 387 7H

252 423 396 484 Ἀπὸ
454 422 561 479 τοῦ
595 422 989 505 ψατίμοηῦῂριξ.
1017 453 1086 465 -—
1111 426 1250 505 Περὶ
1294 426 1393 492 Ὠς
1426 425 1583 481 ἀννὰ
1612 424 1694 493 τῷ
1719 425 1829 491 υἱῷ

1935 425 2099 499 459
2138 429 2180 483 Α
2239 431 2445 499 psalmo
2485 448 2749 505 cxvug—
2792 434 2870 490 De
2909 436 3310 505 acclamatione,
3357 440 3505 498 llos-

677 494 856 548 Δαϐίδ
873 534 889 558 ,
917 496 1392 567 ἐπιφωνήματος.

316 628 335 662 ι
373 608 535 665 Λίθον
576 608 635 662 δν
676 609 1084 680 ἀπεδοκίμασαν
1114 612 1163 665 οἱ
1196 610 1601 683 οἰκοδομοῦντες
1629 652 1644 677 ,
1678 605 1831 676 οὗτος

240 701 473 773 ἐγενήθη
513 702 592 765 είς
635 700 876 771 κεφαλὴν
918 702 1141 771 γωνίας.
1181 702 1343 775 Παρὰ
1374 703 1583 778 Κυρίου
1616 704 1832 773 ἐγένετο

239 794 380 864 αῦτη
401 833 415 855 ,
439 793 535 847 καὶ
562 792 677 846 ἐστι
708 794 994 863 θαυμαστὴ
1026 797 1084 847 ὲν
1114 794 1413 867 ὀψθαλμοῖς
1448 796 1624 868 ήμῶν.
1680 795 1830 867 Αὐτη

239 888 272 957 ἠ
297 885 484 958 ἡμέρα
520 888 587 958 ἢν
616 886 873 957 ἐποίησεν
900 887 930 939 ὁ
962 886 1169 959 Κύριος
1188 927 1202 953 ,
1239 887 1697 959 ἀγαλλιασώμεθα
1738 890 1833 941 καὶ

239 977 641 1049 εὐφρανθῶμεν
695 979 752 1031 ἐν
811 980 974 1049 αὐτῇ.
1021 974 1092 1032 Ὦ
1143 980 1354 1052 Κύριε,
1416 980 1588 1036 σῶσον
1642 979 1745 1051 δὴ,
1785 974 1831 1035 ὦ

237 1067 453 1139 Κύριε,
498 1068 758 1122 εὐόδωσον
801 1069 884 1140 δή.
931 1070 1310 1142 Εὐλογημένος
1360 1074 1389 1125 6
1434 1073 1727 1144 ἐρχόμενος
1772 1072 1830 1126 ὲν

237 1160 468 1232 ὀνόματι
509 1162 736 1233 Κυρίου.
773 1162 906 1227 Θεὸς
944 1164 1147 1235 Κύριος
1188 1163 1282 1218 καὶ
1320 1164 1589 1235 ἐπέφανεν
1613 1166 1766 1237 ήμῖν.
1806 1184 1824 1216 ι

241 1252 351 1305 Τοῦ
379 1253 634 1326 Σωτῆρος
669 1255 828 1326 ήμῶν
871 1256 1046 1325 Ἰησοῦ
1076 1257 1311 1329 Χριστοῦ
1344 1258 1673 1321 εἰσελθόντος
1701 1258 1829 1312 ποτὲ

241 1348 325 1412 είς
374 1350 443 1403 τὰ
508 1351 872 1425 Ἰεροσόλυμα,
907 1354 996 1407 ὅτε
1034 1356 1176 1410 κατά
1199 1354 1296 1427 τὴν
1328 1356 1436 1428 πρὸ
1468 1358 1672 1429 ταύτης
1699 1375 1830 1429 προ-

240 1442 477 1510 φητείαν
514 1445 803 1516 ὀχούμενος
840 1446 945 1518 ὄνῳ
982 1448 1080 1518 τὴν
1112 1449 1168 1500 ὲν
1203 1448 1282 1519 τῷ
1312 1450 1556 1521 Ζαχαρία
1584 1450 1828 1523 πρόρρη-

241 1548 331 1586 σιν
374 1536 636 1609 ἐπλήρου,
674 1538 814 1592 κατὰ
841 1539 933 1593 τὸν
973 1539 1115 1593 θεῖον
1152 1540 1572 1613 εὐαγγελιστήν,
1607 1544 1657 1595 οἱ
1683 1543 1828 1613 ὄχλοι

239 1629 583 1697 προάγοντες
611 1631 774 1684 αὐτὸν
798 1631 891 1685 καὶ
912 1631 1333 1697 ἀκολουθοῦντες
1361 1636 1713 1714 ἐπευφήμουν
1743 1635 1831 1688 λέ-

237 1738 436 1790 γοντες
463 1738 475 1752 ⁸
519 1740 538 1773 ι
591 1722 677 1784 Ὠς
724 1723 858 1776 ἁννὰ
889 1723 966 1793 τῷ
1004 1723 1106 1795 υἱῷ
1144 1724 1327 1778 Δαϐίδ.
1378 1726 1753 1797 Εὐλογημένος
1800 1730 1829 1782 6

234 1784 543 1884 ἐρχόμενος
572 1811 631 1863 ἐν
657 1811 881 1888 ὀνόματι
912 1784 1139 1883 Κυρίου,
1182 1812 1257 1875 ὼς
1299 1814 1435 1866 em
1472 1784 1540 1866 ἐν.
1562 1784 1673 1876 τοῖς
1701 1784 1824 1881 ῡίιί-
1861 1784 1902 1843 Β

236 1919 415 1975 στοις.
457 1904 582 1957 Ὅτε
611 1904 706 1956 καὶ
729 1904 1059 1969 εἰσελθόντος
1085 1905 1250 1959 αὐτοῦ
1278 1909 1358 1971 είς
1380 1906 1448 1960 τὰ
1484 1907 1825 1978 Ἱεροσόλυμα

233 1992 469 2065 ἐσείσθη
501 1995 646 2047 πᾶσα
671 1995 703 2065 ἡ
734 1994 888 2058 πόλις
914 1995 1179 2064 λεγόντων
1200 2014 1212 2027 ·
1242 1997 1338 2060 Τίς
1364 1998 1511 2051 ἐστιν
1547 1990 1732 2061 οὗτος
1764 2001 1826 2051 Οἱ

229 2083 292 2139 δὲ
337 2084 488 2155 ὄχλοι
527 2084 710 2152 ἔλεγον
733 2101 746 2114 ·
782 2079 950 2147 Οὗτός
977 2086 1123 2138 ἐστιν
1148 2086 1177 2138 6
1206 2090 1488 2158 προφήτης
1535 2085 1764 2156 Ἰησοῦς,
1800 2088 1828 2139 6

231 2174 353 2228 ἀπὸ
383 2173 635 2246 Ναζαρὲθ
681 2174 779 2244 τῆς
820 2174 1129 2239 Γαλιλαίας.
1164 2196 1182 2228 ο
1244 2177 1397 2230 Ἐπεὶ
1428 2178 1607 2231 τοίνυν
1640 2180 1705 2231 ἐκ
1734 2177 1825 2231 τοῦ

232 2265 609 2339 προκειμένου
661 2264 877 2337 ψαλμοῦ
913 2268 1163 2339 εἴρηται,
1209 2268 1269 2321 τὸ
1295 2310 1309 2332 ,
1357 2270 1443 2333 Ὠς
1491 2270 1643 2335 em,
1690 2271 1828 2339 ὅπερ

230 2357 582 2429 ἐρμηνευθὲν
599 2357 775 2429 δηλοῖ,
811 2357 990 2412 Σῶσον
1018 2359 1080 2430 δὴ
1097 2400 1111 2422 ,
1132 2360 1194 2412 τὸ
1217 2360 1274 2412 δὲ
1316 2359 1620 2431 Ἑϐραῖκὺν,
1673 2362 1828 2415 Ἄννα

241 2446 488 2502 ’Δδωναῒ
511 2448 587 2511 ὡς
616 2447 773 2511 ἀννὰ,
804 2448 1067 2520 περιέχει.
1112 2448 1270 2501 Ἀλλὰ
1295 2451 1387 2503 καὶ
1409 2448 1471 2502 τὸ
1489 2492 1503 2516 ,
1541 2470 1558 2501 ι
1591 2451 1829 2521 Εὐλογη-

233 2538 411 2609 μένος
450 2542 480 2593 6
510 2539 800 2611 ἐρχόμενος
845 2541 902 2594 ἐν
937 2541 1160 2611 ὀνόματι
1210 2541 1450 2613 Κυρίου,
1481 2562 1499 2594 ι
1533 2543 1828 2614 ἐπειδήπερ

230 2634 339 2686 καὶ
372 2631 508 2685 αὐτὸ
532 2631 641 2685 ἀπὸ
674 2631 769 2685 τοῦ
793 2632 959 2685 αὐτοῦ
983 2632 1202 2704 ψαλμοῦ
1232 2634 1624 2707 μετείληπται,
1654 2635 1827 2691 ταῦτα

226 2724 291 2779 δὶ
347 2723 542 2793 σαφῶς
579 2723 673 2777 ἐπὶ
716 2724 810 2777 τὸν
857 2724 1093 2796 Χριστὸν
1136 2724 1232 2778 τοῦ
1274 2725 1410 2779 Θεοῦ
1452 2728 1827 2798 ἀνενήνεκται⁹

230 2814 479 2877 εἰκότως
525 2816 605 2878 είς
657 2814 817 2868 αὐτὸν
873 2815 968 2868 καὶ
1009 2816 1079 2870 τὰ
1124 2815 1286 2870 λοιπὰ
1329 2816 1427 2888 τῆς
1472 2820 1827 2891 προρρήσεως

230 2906 636 2978 ἐξειλήφαμεν.
665 2902 832 2971 Οὗτος
852 2907 960 2981 γὰρ
993 2906 1068 2961 ὢν
1102 2908 1357 2979 τυγχάνει
1390 2908 1769 2980 εὐλογημένος,
1800 2914 1828 2966 6

228 2999 338 3053 καὶ
388 2995 457 3049 δι’
488 2996 675 3069 ἑτέρου
702 2999 982 3070 προφήτου
1015 2999 1401 3070 ὠνομασμένος
1440 3002 1468 3053 6
1514 3001 1826 3073 ἐρχόμενος,

228 3088 335 3143 τοῦ
368 3089 671 3161 φήσαντος·
721 3108 739 3142 ι
773 3091 893 3143 Ἔτι
937 3091 1160 3163 μικρὸν,
1190 3093 1284 3145 καὶ
1307 3095 1339 3145 6
1364 3093 1653 3164 ἐρχόμενος
1687 3095 1825 3166 ἥξει,

230 3184 335 3237 καὶ
377 3182 440 3236 οὐ
480 3182 554 3253 μὴ
597 3183 854 3255 χρονίσῃ,
911 3203 929 3235 ι
971 3184 1029 3248 ὃς
1073 3185 1167 3238 καὶ
1212 3184 1468 3256 ἐλήλυθεν
1502 3187 1561 3239 ἐν
1608 3188 1833 3258 ὀνόματι

230 3274 459 3349 Κυρίου
489 3273 583 3329 τοῦ
609 3274 767 3339 Θεοῦ,
800 3277 894 3329 καὶ
926 3276 1138 3348 Πατρδς
1161 3276 1379 3331 ἑαυτοῦ.
1404 3279 1574 3341 Αὐτὸς
1594 3279 1639 3334 δ’
1662 3262 1726 3334 ἂν
1752 3282 1835 3352 εῐη

229 3369 338 3422 καὶ
388 3384 407 3417 ι
446 3364 579 3429 Θεὸς
605 3366 809 3436 Κύριος
842 3369 871 3419 6
914 3368 1196 3437 ἐπιφανεὶς
1226 3370 1377 3439 ήμίν.
1420 3389 1438 3420 ι
1485 3370 1571 3424 Ἐν
1610 3371 1835 3442 ὀνόματι

230 3459 380 3529 γοῦν
420 3457 517 3513 τοῦ
557 3458 769 3530 Πατρδς
810 3459 973 3513 αὐτοῦ
1010 3461 1619 3534 ὀμολογεί·ἐληλυθέναι
1662 3465 1835 3534 λέγων

232 3552 390 3624 πρὸς
439 3553 570 3616 τούς
616 3552 901 3616 Ἰουδαίους
926 3571 942 3584 σ
986 3572 1005 3606 ι
1051 3553 1191 3622 Ἐγὼ
1227 3556 1463 3627 ἐλήλυθα
1502 3560 1561 3611 ἐν
1603 3557 1681 3629 τῷ
1726 3559 1837 3612 ὀνό-

234 3660 385 3715 ματι
428 3641 526 3696 τοῦ
576 3642 786 3713 Πατρός
824 3660 924 3713 μου
947 3683 963 3707 ,
997 3645 1090 3697 καὶ
1115 3638 1176 3698 οὐ
1195 3645 1504 3716 λαμσάνετέ
1533 3664 1597 3715 με
1622 3664 1635 3677 ο
1677 3647 1835 3712 ἄλλος

229 3735 337 3791 ἐὰν
364 3733 502 3809 ἔλθη
541 3737 599 3789 ἐν
621 3733 700 3804 τῷ
724 3732 946 3805 ὀνόματι
978 3734 1056 3806 τῷ
1099 3736 1242 3807 ἰδίῳ,
1272 3738 1476 3793 ἐκεῖνον
1513 3737 1766 3808 λήψεσθε.
1810 3758 1829 3790 ι

229 3827 424 3891 Αὐτὸς
448 3828 514 3899 δὴ
538 3824 631 3881 οὖν
664 3829 693 3881 6
717 3828 1002 3897 ἐπιφανεὶς
1033 3830 1164 3899 ἡμῖν
1190 3826 1321 3892 Θεὸς
1352 3829 1555 3901 Κύριος
1574 3869 1588 3893 ,
1622 3831 1650 3883 6
1680 3830 1828 3884 εὐλο-

230 3921 518 3993 γημένος,
545 3922 574 3973 6
595 3919 770 3974 ἐλθὼν
797 3923 855 3975 ἐν
878 3920 1101 3990 ὀνόματι
1123 3921 1352 3992 Κυρίου,
1381 3922 1544 3987 αὐτὸς
1567 3918 1635 3993 ἦν
1673 3924 1766 3977 καὶ
1806 3925 1834 3975 6

229 4004 394 4078 λίθος
421 4054 439 4078 ,
476 4011 535 4067 ὃν
577 4013 986 4084 ἀπεδοκίμασαν
1026 4014 1074 4067 οἱ
1113 4013 1281 4067 πάλαι
1321 4014 1582 4086 πρότερον
1630 4015 1721 4069 τὸν
1770 4016 1834 4069 ἐκ

233 4104 560 4179 περιτομῆς
583 4103 712 4159 λαὸν
732 4104 820 4159 διὰ
842 4103 942 4175 τῆς
966 4105 1266 4175 Μωσαῖκῆς
1297 4104 1652 4171 διδασκαλίας
1682 4110 1831 4162 οίκο-

231 4196 569 4271 δομοῦντες,
603 4194 660 4261 ὃς
689 4197 783 4250 καὶ
805 4195 1259 4267 ἀποδοκιμασθεὶς
1284 4197 1376 4251 ὐπ’
1401 4197 1579 4252 αὐτῶν
1595 4239 1609 4263 ,
1634 4201 1714 4263 είς
1744 4216 1837 4253 κε-

232 4289 428 4363 φαλὴν
460 4288 655 4360 ἐτέρας
677 4288 880 4357 γωνίας
903 4287 1002 4358 τῆς
1027 4287 1085 4351 ἐξ
1110 4286 1276 4342 ἐθνῶν
1318 4288 1643 4362 Ἐκκλησίας
1704 4308 1835 4352 κατ-

233 4385 407 4456 έστη,
431 4382 503 4454 ἢν
535 4381 609 4447 ὡς
639 4382 715 4454 μὴ
750 4384 867 4448 τοῖς
900 4382 1065 4435 πᾶσιν
1090 4382 1397 4453 ὁρωμένην,
1430 4383 1611 4454 μόνοις
1642 4382 1700 4438 δέ
1721 4388 1834 4450 τοίς

2461 519 2603 558 anna
2638 504 2753 574 ﬁlio
2786 504 2979 562 David.

2007 630 2027 664 ι
2061 612 2320 684 Lapidem
2350 631 2511 686 quem
2545 619 2978 688 reprohaverunt
3005 620 3374 690 aediﬁcantes,
3422 626 3510 681 hic

1931 705 2110 763 factus
2124 715 2206 762 est
2224 706 2278 761 in
2296 715 2456 778 caput
2478 710 2681 780 anguli.
2701 711 2743 764 A
2762 710 2992 767 Domino
3015 714 3216 770 factum
3237 724 3321 772 est
3340 719 3506 783 istud,

1931 804 2097 853 etest
2129 796 2379 852 mirabile
2424 799 2478 853 in
2509 800 2685 856 oculis
2719 803 2941 859 nostris.
2996 803 3122 861 llaec
3175 808 3292 863 dies
3343 825 3508 879 quam

1932 886 2061 943 fecit
2092 887 2376 954 Dominus,
2407 892 2746 948 exsultemus
2772 902 2826 947 et
2860 894 3104 950 laetemur
3136 897 3190 952 in
3212 913 3293 953 ea.
3328 896 3373 953 Ο
3404 898 3511 953 Do-

1931 981 2079 1036 mine
2112 1021 2128 1044 .
2183 982 2394 1038 salvum
2430 983 2517 1038 fac
2555 984 2670 1053 jam
2706 1000 2887 1054 nunc;
2923 1001 2957 1040 ο
2995 987 3254 1054 Domine,
3285 992 3352 1045 da
3385 1006 3509 1061 pro-

1931 1070 2131 1127 fectum
2161 1073 2275 1143 jam
2321 1091 2486 1131 nunc.
2518 1074 2845 1132 Benedictus
2887 1080 2981 1150 qui
3012 1083 3158 1135 venit
3187 1082 3241 1135 in
3287 1083 3508 1137 nomine

1930 1161 2145 1220 Domini
2179 1185 2191 1221 :
2230 1164 2650 1239 [Beneiliximus
2690 1169 2848 1226 vobis
2880 1170 2950 1226 de
3001 1171 3163 1227 domo
3193 1172 3408 1229 Domini
3445 1170 3504 1245 :]

1930 1254 2077 1313 Deus
2109 1255 2455 1322 Dominus,et
2500 1259 2681 1313 illuxit
2724 1259 2882 1316 nobis
2935 1262 2995 1315 “.
3041 1281 3059 1314 ι
3100 1262 3380 1319 Salvatore
3408 1278 3509 1317 no-

1931 1356 2047 1403 stro
2082 1348 2210 1406 Jesu
2232 1350 2451 1407 Christo
2482 1351 2734 1423 ingresso
2761 1354 3034 1423 quondam
3067 1354 3122 1409 in
3151 1356 3340 1410 urbem
3368 1355 3497 1410 llie-

1930 1440 2223 1511 rosolyma,
2252 1456 2362 1511 quo
2393 1450 2655 1512 tempore,
2689 1443 2830 1498 sicut
2861 1444 3164 1514 prophetia,
3190 1461 3353 1515 quam
3386 1461 3510 1517 pro-

1931 1533 2074 1587 xime
2102 1544 2229 1589 ante
2260 1535 2400 1589 hanc
2439 1535 2824 1606 exposuimus,
2857 1538 3130 1604 continet,
3182 1537 3310 1592 dum
3339 1539 3506 1595 asello

1930 1623 2174 1680 insidens
2206 1625 2453 1690 vehitur,
2489 1626 2645 1681 ﬁdem
2680 1627 2806 1682 huic
2851 1628 2930 1683 rei
2984 1628 3220 1683 faciente
3275 1644 3508 1700 evange-

1930 1714 2052 1769 lista
2076 1754 2091 1778 .
2150 1717 2469 1771 vaticinium
2518 1719 2662 1788 quod
2696 1729 2781 1774 est
2816 1719 2958 1789 apud
3011 1717 3330 1775 Zachariam
3362 1736 3509 1777 com-

1934 1806 2118 1876 plevit,
2152 1808 2326 1862 turbae
2360 1824 2481 1879 quae
2518 1810 2779 1879 pmibant
2822 1819 2876 1865 et
2934 1827 3055 1881 quae
3103 1813 3505 1882 sequebantur,

1934 1897 2309 1952 acclamabant
2347 1900 2770 1956 benedicentes:
2809 1921 2826 1951 ι
2861 1899 3114 1957 Hosauna
3162 1902 3271 1957 lilio
3310 1901 3502 1959 David.

1934 1988 2258 2046 Benedictus
2289 1992 2381 2062 qui
2414 1994 2563 2046 venit
2614 1992 2668 2046 in
2716 1995 2936 2049 nomine
2980 1992 3215 2059 Domini,
3259 1994 3506 2050 hosanua

1935 2082 1989 2137 in
2034 2084 2337 2140 altissimis.
2388 2082 2508 2152 Quo
2557 2084 2722 2141 etiam
2778 2090 3022 2154 tempore
3067 2099 3191 2159 cum
3245 2085 3507 2140 intrasset

1937 2170 2390 2244 Hierosolymam,
2419 2182 2692 2229 commota
2741 2182 2826 2230 est
2882 2177 3138 2231 universa
3178 2176 3391 2243 civitas,
3421 2175 3507 2232 di-

1934 2279 2065 2319 cens
2097 2283 2109 2318 :
2153 2263 2286 2330 Quis
2312 2272 2398 2320 est
2428 2264 2551 2321 hic?
2588 2264 2785 2321 Turba:
2831 2275 3010 2321 autem
3053 2267 3307 2324 dicebant
3342 2287 3355 2324 :
3405 2266 3508 2324 Hic

1932 2363 2017 2411 est
2045 2358 2305 2427 propheta
2354 2356 2515 2415 Iesus
2545 2375 2577 2414 a
2616 2358 2886 2415 Nazareth
2921 2359 3154 2416 Galilaeae
3185 2363 3248 2415 “.
3289 2380 3308 2414 ι
3360 2361 3507 2429 Quo-

1934 2449 2078 2503 niam
2118 2450 2284 2519 igitur
2315 2464 2383 2505 ex
2430 2452 2678 2522 proximo
2708 2454 2919 2523 psalmo
2947 2452 3152 2508 dictum
3186 2462 3271 2511 est
3331 2454 3461 2511 illud
3486 2495 3501 2519 ,

1934 2542 2203 2605 bosanna,
2236 2542 2382 2613 quod
2422 2544 2468 2599 si
2503 2545 2900 2615 interpreteris,
2942 2547 3234 2618 signiﬁcat,
3294 2550 3506 2604 salvum

1935 2631 2021 2688 fac
2048 2632 2161 2702 jam
2209 2648 2388 2699 nunc,
2424 2644 2477 2689 et
2508 2633 2809 2691 Hebraicus
2836 2646 3147 2706 contextus,
3183 2639 3337 2694 Anna
3361 2640 3507 2698 Ado-

1933 2728 2022 2780 nai
2055 2726 2322 2792 bosanna,
2370 2727 2567 2791 habet,
2629 2743 2840 2782 necnon
2899 2728 3076 2783 illud:
3126 2748 3146 2782 ι
3180 2730 3506 2789 Benedictus

1933 2822 2028 2891 qui
2050 2821 2197 2876 venit
2228 2820 2284 2874 in
2331 2821 2551 2875 nomine
2580 2819 2830 2886 Domini,
2882 2840 2899 2873 ι
2961 2824 3136 2892 ipsum
3178 2839 3394 2894 quoque
3437 2825 3506 2878 ah

1933 2911 2124 2967 eodem
2162 2913 2370 2983 psalmo
2398 2920 2484 2977 est
2514 2924 2821 2983 acceptum,
2855 2923 2911 2969 et
2946 2915 3060 2969 haec
3093 2915 3211 2985 ipsa
3247 2916 3405 2986 plane
3437 2917 3505 2970 ad

1934 3004 2212 3060 Christum
2274 3005 2441 3059 Deum
2497 3004 2688 3061 referri
2723 3013 2976 3061 constat:
3013 3008 3208 3062 merito
3250 3008 3316 3063 ad
3361 3024 3507 3064 eum-

1935 3096 2057 3150 dem
2088 3096 2297 3169 reliqua
2330 3112 2546 3167 quoque
2583 3097 2827 3167 ejusdem
2875 3098 3117 3153 vaticinii
3162 3099 3263 3155 hoc
3296 3101 3347 3154 in
3386 3101 3507 3156 loco

1940 3189 2245 3245 retulimus.
2277 3188 2376 3244 llic
2402 3191 2546 3245 enim
2584 3198 2668 3245 est
2719 3190 2810 3246 ille
2867 3191 3223 3254 benedictus.
3288 3193 3382 3264 qui
3438 3195 3508 3249 ab

1938 3278 2045 3332 alio
2074 3280 2335 3348 propheta
2357 3279 2582 3334 veniens
2608 3285 2692 3334 est
2740 3279 3053 3335 nominatus
3077 3318 3095 3345 ,
3143 3280 3234 3336 ubi
3269 3281 3351 3337 sic
3386 3282 3461 3336 ait
3490 3302 3503 3336 :

1943 3389 1962 3421 ι
2002 3368 2196 3423 Adhuc
2250 3370 2521 3425 modicum
2548 3409 2565 3434 ,
2609 3376 2663 3424 et
2704 3371 2925 3425 veniens
2960 3372 3140 3426 veniet
3168 3382 3224 3427 et
3248 3387 3359 3426 non
3394 3382 3507 3428 tar-

1937 3462 2088 3517 dabit
2113 3464 2176 3527 “,
2213 3482 2233 3513 ι
2269 3463 2363 3533 qui
2396 3463 2523 3518 item
2556 3463 2702 3517 venit
2753 3463 2807 3516 in
2851 3465 3070 3519 nomine
3107 3462 3202 3520 Dei
3243 3473 3298 3520 et
3325 3463 3506 3522 Patris

1938 3555 2044 3611 sui.
2082 3555 2226 3611 ldem
2262 3569 2391 3609 vero
2448 3552 2609 3609 fuerit
2652 3553 2815 3608 etiam
2851 3572 2871 3604 ‹
2926 3552 3075 3611 Deus
3113 3555 3377 3613 Dominus
3410 3561 3503 3629 qui

1937 3647 2115 3701 illuxit
2147 3647 2325 3703 nobis.
2364 3664 2384 3698 ι
2423 3645 2610 3716 Itaque
2652 3645 2707 3699 in
2763 3648 2983 3701 nomine
3006 3645 3187 3704 Patris
3217 3650 3298 3704 sui
3329 3649 3506 3707 conﬁ-

1935 3746 2082 3793 tetur
2110 3753 2169 3794 se
2199 3737 2416 3792 venisse
2453 3737 2522 3793 ad
2546 3736 2784 3802 Judatos,
2815 3737 3006 3794 dicens
3037 3757 3050 3792 :
3091 3755 3111 3791 ι
3149 3737 3262 3811 Ego
3291 3742 3414 3797 veni
3447 3741 3504 3798 in

1935 3829 2155 3885 nomine
2191 3826 2370 3884 Patris
2393 3830 2521 3892 mei,
2549 3837 2603 3885 et
2634 3842 2742 3883 non
2763 3829 3012 3899 accipitis
3034 3845 3137 3885 me.
3189 3831 3346 3888 Alius
3375 3848 3503 3889 cum

1933 3922 2143 3977 venerit
2173 3922 2228 3976 in
2263 3921 2486 3976 nomine
2526 3921 2749 3991 proprio
2774 3962 2789 3986 ,
2848 3921 2999 3976 illum
3052 3923 3335 3995 accipietis
3372 3926 3437 3977 ”.
3478 3946 3499 3979 ι

1937 4014 2037 4070 Hic
2067 4015 2185 4087 ipse
2207 4015 2395 4086 igitur,
2416 4015 2517 4085 qui
2549 4015 2727 4071 illuxit
2755 4016 2914 4095 npbis
2940 4013 3083 4074 Deus
3111 4016 3374 4078 Dominus
3410 4020 3507 4079 bo-

1935 4106 2207 4174 nedictus,
2236 4107 2328 4178 qui
2368 4108 2517 4184 venit
2565 4107 2621 4162 in
2660 4108 2879 4163 nomine
2924 4106 3180 4175 Domini,
3232 4110 3371 4184 lapis
3414 4112 3507 4169 ille

1934 4196 2059 4264 fuit,
2085 4213 2246 4269 quem
2275 4180 2722 4269 reprobaverunt,
2745 4198 2835 4269 qui
2860 4199 3131 4269 quondam
3153 4180 3317 4259 antea
3338 4216 3508 4274 popu-

1933 4290 2045 4345 lum
2079 4289 2504 4346 circumcisione
2529 4289 2834 4361 signatum,
2880 4289 3048 4364 530
3077 4306 3175 4362 per
3209 4291 3506 4351 Mosaicam

1934 4381 2239 4438 doctrinam
2264 4380 2607 4438 mdiﬂcabant
2637 4402 2651 4438 :
2679 4383 2773 4459 qui
2797 4384 2922 4438 item
2956 4384 3026 4439 ah
3048 4384 3160 4441 illis
3180 4387 3506 4457 reprobatus

233 4475 614 4552 προφητικοῖς
669 4473 968 4544 ὀφθαλμοῖς
986 4514 1002 4538 ,
1049 4472 1366 4545 θαυμαστὴν
1407 4470 1548 4530 εἶναί
1596 4492 1758 4547 φησιν
1800 4478 1829 4537 6

1935 4472 1992 4526 in
2021 4472 2197 4541 capite
2227 4472 2455 4528 alterius
2482 4472 2690 4542 anguli.
2722 4472 2963 4528 collectae
3000 4473 3189 4544 utique
3228 4475 3298 4531 de
3323 4478 3504 4547 genti-

231 4565 409 4637 λόγος
435 4564 662 4635 φάσκων
691 4580 705 4595 ο
759 4584 776 4615 ι
808 4565 919 4618 Καὶ
956 4564 1069 4618 ἔστι
1116 4564 1403 4636 θαυμαστὴ
1442 4566 1499 4619 ἐν
1533 4566 1828 4638 ὀφθαλμοῖς

232 4659 431 4734 ήμῶν.
481 4678 502 4710 ι
533 4656 642 4729 Τὴν
666 4657 723 4711 δὲ
761 4657 1080 4724 ἐπιφάνειαν
1104 4656 1264 4710 αὐτοῦ
1299 4658 1458 4711 πάλιν
1482 4658 1694 4731 ἡμέραν
1713 4659 1830 4712 ὀνο-

240 4752 440 4825 μάζει,
475 4750 540 4819 ἣν
566 4749 819 4820 ἐποίησεν
848 4751 877 4802 6
902 4748 1123 4819 Κύριος,
1152 4749 1275 4802 ἐπεὶ
1308 4749 1401 4802 καὶ
1432 4750 1545 4819 φῶς
1571 4746 1639 4821 ἦν
1670 4750 1829 4815 αὐτὸς

236 4844 301 4900 τὸ
333 4840 616 4913 ἀληθινὸν,
655 4839 751 4893 καὶ
796 4838 944 4909 ἥλιος
985 4838 1328 4909 δικαιοσύνης
1353 4880 1367 4905 ,
1407 4839 1500 4893 καὶ
1522 4839 1705 4911 ἡμέρα
1735 4838 1826 4892 τοῦ

237 4935 387 4992 Θεοῦ
411 4974 427 4996 ,
455 4935 514 4986 ἐν
601 4932 808 5001 γένοιτο
836 4931 932 4986 καὶ
956 4933 988 5003 ή
999 4933 1103 5002 μᾶς
1132 4934 1304 4985 εἰπεῖν
1335 4949 1349 4961 ⁵
1384 4950 1403 4983 ι
1420 4930 1568 5002 Am
1593 4931 1830 5003 ήήμέρα

237 5030 309 5104 ἢν
339 5027 601 5096 ἐποίησεν
635 5028 663 5078 6
702 5024 901 5095 Κύριος
922 5064 937 5087 ,
973 5022 1427 5094 ἀγαλλιασώμεθα
1468 5023 1562 5076 καὶ
1594 5023 1828 5093 εὐφραν-

241 5121 440 5193 θῶμεν
458 5119 517 5170 ἐν
533 5118 691 5188 αὐτῇ.
706 5135 724 5168 ι
748 5116 859 5168 Καὶ
875 5115 1078 5169 τούτων
1095 5116 1152 5169 δὲ
1173 5114 1359 5168 τοῦτον
1382 5131 1647 5185 συντετμη
1656 5114 1828 5184 μένων

238 5211 338 5267 τὸν
385 5210 622 5280 τρόπον,
664 5206 852 5278 καιρὸς
900 5207 995 5260 καὶ
1043 5208 1135 5261 ἐπὶ
1174 5207 1271 5271 τὰς
1311 5207 1438 5279 περὶ
1481 5205 1574 5259 τοῦ
1624 5204 1829 5270 πάθους

241 5301 422 5359 αὐτοῦ
456 5299 757 5372 μεταϐῆναι
783 5300 1135 5370 προφητείας.

1922 4564 2037 4621 bus
2062 4563 2338 4632 Ecclesiae,
2363 4573 2446 4622 est
2469 4565 2821 4632 constitutus,
2843 4580 3005 4639 quam
3025 4582 3157 4621 sane
3168 4566 3497 4635 Ecclesiam,

1934 4668 2045 4709 non
2078 4662 2135 4709 ut
2154 4670 2273 4710 eam
2301 4671 2422 4725 quae
2446 4656 2515 4710 ab
2542 4656 2798 4711 omnibus
2820 4695 2835 4719 ,
2885 4656 2980 4712 sed
3009 4664 3071 4711 ut
3121 4672 3242 4713 eam
3271 4675 3392 4730 quae
3434 4660 3506 4716 ab

1934 4749 2061 4803 unis
2099 4747 2432 4817 propheticis
2451 4748 2626 4804 oculis
2648 4757 2925 4811 cernatur,
2947 4747 3320 4805 admirabilem
3355 4767 3502 4817 esse,

1935 4839 2010 4894 ait
2043 4840 2345 4903 oraculum,
2366 4838 2460 4894 ubi
2482 4839 2561 4894 sic
2584 4838 2659 4892 ait
2688 4856 2701 4893 :
2742 4858 2761 4890 ‹
2788 4838 2854 4895 Et
2874 4849 2956 4895 est
2979 4840 3222 4897 mirabile
3238 4842 3292 4896 in
3329 4844 3506 4900 oculis

1934 4932 2158 4987 nostris.
2182 4950 2202 4983 ι
2239 4930 2539 4986 Adventum
2570 4946 2700 4987 vero
2727 4931 2847 5001 ejus
2867 4969 2883 4994 ,
2913 4947 3107 4987 rursus
3151 4932 3294 4988 diem
3327 4935 3504 4989 nomi-

1933 5032 2069 5089 nat,
2134 5038 2295 5094 quam
2350 5022 2478 5078 fecit
2535 5022 2837 5090 Dominus,
2894 5024 3333 5095 quandoquidem
3385 5026 3504 5095 ipse

1935 5117 2097 5172 etiam
2126 5116 2218 5169 lux
2245 5115 2347 5170 fuit
2378 5129 2526 5180 vera,
2556 5122 2610 5170 et
2637 5116 2719 5169 sol
2758 5115 3008 5184 iustitiae,
3051 5126 3106 5171 et
3131 5117 3249 5173 dies
3279 5116 3415 5181 Dei,
3446 5116 3502 5172 in

1934 5224 2041 5279 qua
2071 5208 2279 5262 utinam
2308 5207 2464 5262 nobis
2484 5222 2700 5277 quoque
2725 5206 2907 5262 dicere
2938 5208 3137 5263 liceat:
3177 5226 3196 5260 ι
3229 5206 3356 5263 Haec
3384 5206 3505 5263 dies

1935 5314 2099 5369 quam
2155 5298 2282 5353 fecit
2329 5297 2594 5354 Dominus
2630 5336 2647 5363 ,
2692 5299 3028 5355 exsultemus
3071 5307 3127 5354 et
3168 5300 3415 5355 laetemur
3444 5300 3502 5356 in

242 5419 334 5458 ea.
377 5420 398 5453 ι
433 5400 703 5455 Caeterum
751 5411 875 5451 cum
918 5395 1035 5452 haec
1072 5412 1102 5451 a
1130 5398 1289 5453 nobis
1325 5398 1378 5452 in
1413 5398 1559 5453 hunc
1605 5398 1828 5453 modum
1864 5397 2102 5452 breviter
2130 5396 2528 5467 comprehensa
2587 5396 2718 5463 sint,
2762 5403 2979 5466 tempus
3024 5395 3138 5466 jam
3182 5395 3390 5465 fuerit,
3431 5393 3503 5453 Id

244 5506 497 5563 easque:
527 5490 595 5545 de
636 5488 892 5559 passione
927 5487 1072 5545 illius
1129 5492 1446 5560 loquuntur,
1478 5490 1818 5561 prophetias,
1858 5489 2116 5547 transire.

326 5674 375 5708 ³⁸
415 5671 566 5727 Psnl.
602 5688 747 5727 cxvu
771 5713 786 5738 ,
819 5672 1014 5725 22-226.
1094 5670 1133 5700 “
1173 5667 1364 5722 Matth.
1399 5682 1519 5733 ιιι,
1550 5666 1705 5723 9-H.
1784 5666 1827 5699 ¹²

1935 5666 2073 5723 ibac.
2112 5685 2183 5733 ll,
2219 5668 2253 5723 5
2351 5668 2394 5701 "
2431 5665 2591 5725 Joan.
2624 5683 2690 5735 v,
2724 5665 2814 5721 43.

540 5878 808 5938 Ρλτειοι..
844 5873 959 5940 GR.
1008 5869 1212 5937 XXII.

3078 5799 3156 5856 9‘5
