3908 6266
404 328 531 388 ππε

1067 322 1340 380 EUSEBII
1371 320 1853 379 CASSARIENSIS
1887 323 2037 379 OPP.
2080 322 2261 378 PARS
2295 323 2360 378 ll.
2402 352 2459 364 ——
2507 319 3005 376 APOLOGETICA.

3558 322 3669 407 ἠε

1497 512 2580 828 ΕῨΣΕΒΙΟΥ

1589 932 1817 1020 ΤΟΥ
1900 926 2498 1019 ΠΑΜΦΙΛΟΥ

871 1124 2050 1262 ΕΥΑΓΓΕΛΙΚΗΣ
2129 1119 3220 1259 ΑΠΟΔΕΙΞΕΩΣ

1512 1365 1952 1453 ΒΙΒΛΙΟΝ
2021 1359 2574 1453 ΔΕΚΑΤΟΝ.

1160 1724 1920 1907 EUSEBII
2010 1723 2927 1882 PAMPHILI

713 1944 2212 2152 DEMONST‘RATIONIS
2310 2012 3353 2148 EVANGELICIE

1552 2296 1907 2383 LIBER
1981 2291 2540 2383 DECIMUS.

2021 2510 2096 2525 ’ἢ

648 2641 818 2701 HAEC
882 2640 1174 2698 INSUNT
1250 2640 1339 2695 IN
1409 2639 1695 2696 οεδιΜο
1768 2638 1986 2694 uano
2020 2647 2064 2703 Α
2096 2642 2276 2694 nan
2322 2639 2646 2695 ENEL‘TIN
2693 2639 2798 2708 EN
2835 2639 2919 2708 re
2956 2637 3237 2708 ΔΕΚΑἸᾨ
3274 2638 3661 2696 zrrrpm-

426 2645 586 2770 ιἝι
648 2645 818 2701 HAEC
882 2645 1174 2698 INSUNT
1250 2645 1339 2695 IN
1409 2645 1695 2696 DECIMO
1768 2645 1986 2694 LIBRO

564 2711 1003 2769 VANGELmE
1055 2711 1155 2765 DE
1213 2710 1646 2768 SALVATORE
1699 2709 1989 2765 NOSTRO

505 2781 1249 2841 DEMONSTRATIONIS.

423 2894 506 2950 .De
531 2894 569 2949 Ι
572 2895 678 2949 uda
712 2894 996 2965 proditore,
1025 2903 1075 2948 et
1097 2892 1281 2962 futura
1319 2908 1525 2965 cum,“
1551 2891 1807 2965 adversus
1836 2889 1993 2965 Chri-

500 2975 640 3089 stum
671 2961 1179 3047 conspiratione,”
1207 2961 1499 3019 subnotatis
1527 2962 1718 3016 divinae
1755 2961 1994 3032 Scriptu-

494 3053 575 3090 τω
624 3050 751 3090 ous.

501 3151 552 3203 1.
592 3151 634 3219 Α
667 3148 870 3219 psalmo
901 3164 988 3203 XL.

495 3220 552 3276 2.
589 3217 633 3272 Α
668 3217 876 3287 ’ρεαιηιο
903 3233 1012 3273 ων.

496 3291 550 3344 3.
589 3290 630 3344 Α
673 3289 876 3356 psalmo
900 3302 1056 3343 cvm.

497 3363 554 3415 4.
594 3361 638 3414 Α
672 3358 957 3413 Zacharia.

496 3432 549 3486 5.
585 3432 630 3484 A
667 3429 918 3484 Ieremia.

490 3523 573 3577 De
599 3522 667 3576 iis
715 3537 831 3592 quae
859 3522 954 3576 sub
986 3520 1134 3574 illius
1163 3521 1424 3590 passionis
1457 3528 1657 3589 tempus
1694 3524 1918 3574 evenere.

496 3674 551 3730 6.
588 3675 664 3730 ΑΙ)
697 3676 878 3730 Amas.

495 3747 550 3802 7.
593 3748 637 3800 Λ
668 3745 954 3799 Zacharia.

496 3818 551 3871 8.
591 3816 637 3870 Α
666 3816 871 3884 psalmo
905 3831 1017 3870 xxx.

1005 3926 1423 3984 PROOEMIUM.

499 4022 626 4080 Post
657 4023 903 4093 exposita
933 4022 1153 4078 oracula
1181 4024 1248 4079 de
1300 4023 1446 4078 illius
1504 4021 1596 4077 Dei
1646 4022 1714 4076 ad
1745 4021 1988 4077 homines
2022 3988 2063 4040 Β

429 4126 677 4176 accessu,
736 4111 829 4180 qui
878 4118 1037 4167 antea
1073 4111 1429 4167 nuntiabatur
1478 4121 1765 4175 venturus,
1797 4112 1991 4165 invitat

422 4207 537 4275 jam
571 4219 718 4259 nunc
752 4214 964 4275 tempus
996 4220 1116 4269 nos,
1171 4212 1230 4258 ut
1268 4204 1337 4259 de
1381 4204 1450 4261 iis
1483 4203 1839 4269 disseramus,
1872 4219 1993 4274 quae

430 4289 823 4352 consideranda
882 4302 1010 4351 sunt
1062 4294 1115 4347 in
1161 4294 1410 4363 ejusdem
1469 4292 1537 4348 de
1595 4293 1700 4347 vita
1755 4292 1991 4348 humana

428 4386 694 4452 discessu,
728 4385 1117 4455 videamusque
1173 4384 1479 4456 diligenter,
1535 4399 1655 4454 qua:
1707 4399 1901 4441 rursus
1929 4399 1992 4439 ea

427 4475 628 4541 forent,
679 4491 800 4548 quae
830 4476 910 4531 illi
952 4476 1022 4531 ab
1073 4475 1229 4530 initio
1285 4487 1338 4530 et
1370 4490 1401 4528 a
1432 4475 1763 4545 propheticis
1820 4490 1993 4545 usque

426 4569 763 4639 temporibus
797 4575 1056 4623 eventura
1083 4566 1245 4640 462
1277 4577 1620 4632 canerentur,
1658 4581 1723 4621 ac
1757 4568 1992 4637 primum

425 4672 494 4714 ea
521 4666 776 4729 putamus
816 4673 940 4714 esse
966 4659 1268 4720 tractanda,
1304 4672 1424 4728 quae
1453 4656 1520 4710 ad
1544 4657 1665 4711 illos
1697 4657 1989 4727 pertinent,

428 4751 524 4820 qui
545 4749 623 4804 illi
656 4756 884 4805 mortem
908 4762 973 4804 ac
999 4748 1201 4803 caedem
1225 4748 1519 4803 machinati
1538 4756 1685 4813 sunt,
1715 4763 1836 4819 quae
1862 4761 1994 4803 sane

429 4860 540 4900 non
571 4856 792 4914 parvam
817 4857 1001 4897 rerum
1032 4842 1135 4898 hoc
1163 4842 1284 4896 loco
1308 4841 1710 4912 propositarum
1748 4841 1850 4897 sibi
1878 4840 1993 4896 vino

425 4936 612 4993 dicant
642 4942 846 5005 partem
882 4953 895 4989 :
929 4933 1023 4990 sed
1051 4941 1339 5004 antequam
1370 4934 1438 4988 ad
1471 4934 1526 4988 id
1557 4935 1871 5000 veniamus,
1929 4947 1992 4988 ea

428 5028 587 5083 nobis
621 5026 849 5081 ﬁrmiter
875 5025 1106 5081 tenenda
1133 5033 1298 5091 sunt,
1335 5040 1455 5095 qua:
1500 5026 1818 5097 plerumque
1855 5024 1995 5078 dixi-

426 5131 551 5172 mus
596 5115 665 5170 de
691 5114 1118 5184 dispensatione,
1163 5130 1284 5183 quae
1336 5130 1529 5170 omnes
1560 5116 1708 5170 illius
1752 5115 1993 5169 rationes

426 5207 711 5277 complexa
741 5215 847 5269 est,
878 5205 935 5259 in
959 5221 1067 5277 qua
1096 5205 1229 5260 illud
1262 5206 1599 5262 considerari
1647 5208 1806 5272 solet,
1846 5205 1991 5277 quod

2161 2713 2261 2763 MA
2276 2712 2345 2764 TI
2393 2713 2532 2766 ΤΗΣ
2600 2704 2785 2764 ΠΕΡΙ
2842 2704 2990 2762 ΤὈΥ
3049 2704 3386 2763 ΣΩΤΗΡΟΣ
3455 2713 3664 2767 ΗΜΩΝ

2164 2784 2211 2834 E
2224 2782 2695 2835 ΥΑΓΓΕΛΙΚΗΣ
2731 2778 3212 2835 ΑΠΟΔΕΙΞΕΩΣ.

2090 2894 2231 2961 Περὶ
2266 2893 2371 2946 τοῦ
2417 2892 2602 2946 Ἰούδα
2624 2890 2733 2945 τοῦ
2766 2888 3060 2960 προδότου
3079 2931 3094 2956 ,
3128 2891 3225 2944 καὶ
3264 2892 3376 2961 τῆς
3407 2893 3530 2947 σὺν
3555 2894 3663 2947 αὐ-

2159 2962 2241 3040 τῷ
2260 2963 2434 3040 κατα
2445 2962 2551 3016 τοῦ
2590 2962 2846 3031 Χριστοῦ
2883 2961 3294 3040 γενησομένης
3321 2961 3663 3031 συσκενῆς,

2160 3033 2228 3086 ἐκ
2256 3032 2376 3086 τῶν
2407 3031 3020 3102 ὐποσεστυιειωμένων
3055 3031 3331 3101 Γραφῶγ.

2091 3153 2160 3199 α’.
2214 3145 2346 3199 Ἀπὸ
2384 3146 2490 3200 τοῦ
2518 3145 2766 3214 ψαλμοῦ
2792 3152 2875 3214 μ’.

2095 3215 2159 3287 β’.
2209 3215 2344 3287 ξΑπὸ
2379 3216 2485 3287 τοῦ
2516 3215 2759 3287 ψαλμοῦ
2792 3214 2899 3269 νδ’.

2092 3284 2161 3354 γ’.
2208 3284 2352 3338 Ἀπὸ
2379 3285 2485 3339 τὀῦ
2516 3285 2761 3354 ψαλμοῦ
2780 3291 2894 3353 ,οη¹.

2090 3354 2153 3407 δ’.
2205 3355 2347 3409 Ἀπὸ
2378 3355 2486 3409 τοῦ
2514 3356 2830 3425 Ζαχαρίου.

2091 3432 2153 3477 s'.
2206 3425 2348 3479 Ἀπὸ
2378 3425 2484 3479 τοῦ
2525 3426 2813 3494 Ἰερεμίου.

2091 3517 2230 3585 Περὶ
2274 3516 2394 3571 τῶν
2434 3516 2582 3586 ἀμφὶ
2629 3516 2736 3570 τὸν
2795 3520 3000 3586 καιρὸν
3040 3516 3145 3571 τοῦ
3202 3516 3435 3586 πάθους
3479 3517 3665 3573 cura;

2161 3588 2635 3656 a’vpé’sb’n‘xdtwr.
2784 3609 2795 3620 ο

2094 3676 2168 3744 ς’.
2200 3678 2340 3733 Ἀπὸ
2370 3678 2475 3732 τοῦ
2509 3679 2712 3748 Ἀμώς.

2094 3749 2157 3813 ξ’.
2203 3749 2345 3802 Ἀπὸ
2372 3748 2475 3802 τοῦ
2500 3750 2815 3818 Ζαχαρίου.

2089 3824 2160 3889 η’.
2198 3818 2340 3871 Ἀπὸ
2369 3817 2472 3872 τοῦ
2497 3817 2740 3887 ψαλμοῦ
2772 3817 2882 3872 xa’.

2669 3932 3067 3987 ΠΡυΟΙΜῙΟΝ.

2162 4022 2317 4078 Μετὰ
2347 4022 2446 4086 τὰς
2477 4024 2869 4097 ἀποδεδομένας
2912 4026 3241 4098 προρρήσεις
3283 4026 3410 4099 περὶ
3442 4026 3547 4097 τῆς
3585 4026 3663 4091 είς

2092 4111 2411 4185 ἀνθρώπους
2437 4112 2673 4183 ἀφίξεως
2697 4114 2790 4168 τοῦ
2818 4115 3323 4187 προκηρυττομὲνου
3345 4115 3480 4169 Θεοῦ
3510 4116 3665 4171 καλεῖ

2091 4203 2155 4276 δὴ
2189 4203 2378 4274 καιρὸς
2408 4205 2501 4257 καὶ
2525 4204 2595 4259 τὰ
2626 4206 2754 4276 περὶ
2775 4206 2872 4277 τὴν
2899 4206 3213 4279 ἀπαλλαγὴν
3243 4205 3336 4260 τοῦ
3363 4204 3423 4271 ἐξ
3447 4205 3662 4278 ἀνθρὼ-

2093 4308 2209 4348 πων
2232 4292 2395 4348 αὐτοῦ
2426 4292 2541 4364 βίου
2567 4294 2868 4361 διεξελθεῖν,
2893 4296 3119 4350 συνιδεῖν
3146 4313 3203 4350 τε
3227 4292 3382 4360 αὖθις
3403 4291 3493 4350 οἷα
3521 4314 3662 4371 συμ-

2094 4383 2351 4455 ϐήσεσθαι
2408 4384 2535 4455 περὶ
2580 4383 2757 4437 αὐτῶν
2801 4383 3005 4438 ἄνωθεν
3049 4386 3114 4438 ἐκ
3164 4384 3272 4437 τῶν
3306 4384 3662 4456 προφητικῶν

2094 4476 2402 4540 ὲθεσπίζετο
2434 4475 2660 4546 χρόνων.
2706 4475 2905 4548 Πρῶτα
2942 4475 2997 4528 δὲ
3026 4476 3362 4550 διελεύσομαι
3404 4475 3475 4530 τὰ
3532 4476 3663 4545 περὶ

2092 4569 2199 4621 τῶν
2222 4568 2313 4621 τὸν
2340 4567 2568 4621 θάνατον
2596 4567 2743 4638 αὐτῷ
2770 4568 3357 4640 συσκευωρησαμένων,
3394 4567 3566 4639 μέρος
3602 4567 3660 4621 οὐ

2072 4659 2289 4740 ,μικρὸν
2318 4658 2650 4729 τυγχάνοντα
2670 4661 2769 4729 τῆς
2801 4660 3163 4731 προκειμένης
3187 4660 3519 4732 προτάσεως.
3551 4658 3661 4729 Πρὸ

2092 4750 2148 4804 δέ
2168 4767 2230 4820 γε
2255 4748 2348 4802 τοῦ
2374 4750 2532 4819 λόγου
2554 4749 2622 4803 τὰ
2654 4748 2907 4813 πολλάκις
2940 4752 3070 4821 ἡμῖν
3112 4749 3373 4822 εἰρημένα
3399 4750 3529 4821 περὶ
3565 4749 3662 4819 τῆς

2094 4842 2213 4897 κατ’
2239 4843 2400 4897 αὐτὸν
2428 4843 2738 4915 οἰκονομίας
2766 4844 3049 4915 τηρητέον,
3079 4844 3161 4897 ὅτι
3188 4843 3251 4915 δὴ
3290 4842 3361 4896 τὰ
3388 4843 3487 4914 μὲν
3518 4840 3663 4897 κατὰ

2093 4935 2192 5007 τὴν
2238 4934 2464 5006 θεότητα
2508 4934 2670 4987 αὐτοῦ
2691 4975 2706 4999 ,
2739 4934 2807 4987 τὰ
2835 4934 2889 4988 δὲ
2924 4934 3064 4988 κατὰ
3107 4933 3206 5006 τὴν
3250 4933 3659 5007 ενανθρώπησιν

2094 5027 2402 5079 ἐπινοεῖται.
2425 5025 2507 5097 Πὴ
2531 5026 2629 5097 μὲν
2659 5024 2767 5097 γὰρ
2792 5024 3066 5095 εἰσάγεται
3090 5025 3260 5093 Λόγος
3286 5024 3361 5077 ὢν
3388 5023 3547 5086 Θεοῦ,
3568 5022 3660 5078 καὶ

2094 5116 2228 5171 Θεοῦ
2245 5116 2493 5188 δύναμις,
2508 5117 2603 5171 καὶ
2618 5117 2751 5170 Θεοῦ
2776 5117 2965 5185 σοφίαο
2998 5115 3239 5188 μεγάλης
3264 5133 3323 5169 τε
3345 5115 3542 5187 βουλῆς
3564 5115 3661 5183 ἄγ-

2095 5206 2267 5274 γελος,
2292 5207 2465 5277 μέγας
2497 5224 2558 5260 τε
2582 5209 2674 5260 καὶ
2693 5206 2910 5270 αἰώνιος
2940 5207 3046 5279 ἁρχ
3056 5224 3097 5259 ιε
3107 5208 3250 5279 ρεὺς,
3265 5207 3405 5278 ὑπὲρ
3424 5206 3530 5276 τῆς
3551 5205 3656 5259 τῶν

429 5297 536 5351 alia
564 5304 693 5352 sunt
724 5297 936 5368 qumad
963 5297 1206 5368 ejusdem
1236 5296 1597 5365 divinitatem,
1633 5299 1739 5353 alia
1771 5313 1892 5370 qua:
1923 5299 1991 5354 ad

2101 5297 2367 5369 γεννητῶν
2398 5298 2651 5352 ἁπάντων
2670 5296 2975 5361 οὐσιώσεὼς
2993 5315 3055 5350 τε
3082 5299 3180 5351 καῖ
3204 5296 3477 5369 σωτηρίας
3501 5298 3654 5368 ἱερω-

429 5396 763 5459 assumptam
803 5389 1192 5455 humanitatem
1222 5390 1515 5460 pertinent.
1545 5391 1697 5447 Alias
1726 5391 1873 5446 enim
1906 5390 1993 5445 in-

426 5477 554 5532 duci
583 5478 719 5533 solet
744 5486 1001 5550 tanquam
1030 5487 1085 5535 et
1120 5479 1217 5536 Dei
1238 5478 1500 5546 Verbum,
1534 5488 1589 5536 et
1609 5480 1705 5537 Dei
1728 5482 1993 5550 virtus,et

430 5568 526 5623 Dei
575 5570 1032 5638 sapientiazitenn
1085 5571 1267 5642 magni
1312 5573 1527 5629 consilii
1576 5572 1836 5643 Angelus,
1877 5588 1993 5627 ma-

428 5672 676 5728 gnusque
702 5665 756 5712 et
777 5669 1011 5714 aeternus
1036 5657 1310 5721 Pontifex,
1337 5663 1430 5732 qui
1454 5672 1513 5716 ut
1530 5663 1712 5717 omnia
1733 5678 1989 5732 quaecun-

414 5766 533 5833 que
555 5748 732 5820 genita
771 5758 895 5833 sunt
922 5757 974 5805 et
1026 5751 1135 5805 sint
1162 5751 1213 5805 id
1247 5754 1390 5822 quod
1421 5759 1569 5817 sunt,
1597 5762 1651 5808 et
1680 5753 1733 5807 in
1763 5770 1826 5809 eo
1856 5770 1986 5809 con-

2100 5388 2277 5457 μένος,
2305 5387 2397 5440 καὶ
2442 5388 2743 5459 ἱλεούμενος
2779 5389 2871 5442 τὸν
2902 5388 3150 5459 Πατέρα·
3186 5389 3261 5458 πὴ
3311 5386 3367 5440 δὲ
3391 5388 3422 5439 ὁ
3464 5384 3656 5456 Ἀμνὺς

2095 5480 2189 5534 τοῦ
2218 5479 2375 5545 Θεοῦ,
2417 5482 2446 5534 ὁ
2478 5480 2646 5551 αἴρων
2690 5481 2790 5553 τὴν
2841 5479 3110 5551 ἁμαρτίαν
3157 5477 3252 5531 τοῦ
3277 5477 3510 5549 κόσμου,
3564 5474 3654 5529 καὶ

2096 5572 2363 5645 πρόϐατον
2395 5573 2488 5625 ἐπὶ
2518 5572 2730 5643 σφαγὴν
2757 5571 3037 5641 ἀγόμενον.
3081 5569 3252 5623 Τοῦτο
3284 5569 3341 5622 δὲ
3362 5563 3431 5639 ἦν
3464 5566 3526 5620 τὸ
3557 5567 3654 5629 ἀν·

2097 5662 2360 5735 θρώπειον
2396 5666 2623 5735 σκῆνος,
2673 5664 2702 5716 δ
2740 5662 2895 5734 δίκην
2942 5660 3111 5732 ἀμνοῦ
3156 5662 3250 5715 καὶ
3290 5658 3559 5733 προϐάτου
3588 5657 3652 5711 ἐκ

2091 5758 2188 5826 τῆς
2219 5754 2493 5827 ἡμετέρας
2524 5754 2742 5828 ἀγέλης,
2774 5750 2863 5810 οἷά
2889 5770 2973 5817 τις
3008 5753 3317 5826 ἀρχιερεὺς,
3351 5749 3650 5814 ἀναλαϐὼν,
