3908 6266
198 328 280 383 m
1058 322 1709 381 DEMONSTRATIONIS
1747 324 2201 384 manusuam
2236 329 2368 389 us.
2406 330 2473 386 x.
3296 314 3397 398 ἤιε

182 439 275 497 ’καὶ
295 438 387 510 τὴν
421 436 672 509 ἀπαρχὴν
708 434 802 489 τοῦ
835 437 943 491 τῶν
988 438 1291 510 ἀνθρώπων
1314 441 1503 510 γένους
1549 442 1728 495 καλλι-

1834 451 2138 510 serventur,
2193 444 2323 500 dum
2378 461 2534 503 sacro
2597 462 2822 505 munere
2879 450 3140 522 fungitur,
3186 464 3395 524 patrem

194 532 525 606 ερησάμενος,
561 531 939 601 προσηγάγετο
980 531 1060 602 τῷ
1088 532 1282 605 Πατρὶ,
1325 533 1394 587 δι’
1428 527 1489 587 οὗ
1532 535 1625 587 καὶ
1664 538 1728 607 τῇ

1830 548 1993 587 suum
2023 543 2230 590 exorat.
2270 536 2422 592 Alias
2454 545 2631 594 autem
2662 547 2918 611 tanquam
2962 551 3016 597 et
3059 545 3246 615 Agnus
3277 546 3397 613 Dei.

194 624 283 678 τῶν
297 619 592 693 ’ἀνθρώπων
632 621 876 693 ὡμίλησε
910 621 1088 693 φύσει,
1121 625 1221 678 οὐκ
1256 625 1430 689 άλλως
1457 624 1728 700 δυναμένῃ

1832 626 1926 694 qui
1981 627 2131 680 tollat
2159 637 2378 697 peccata
2435 632 2642 694 mundi,
2675 641 2728 687 et
2757 635 2873 689 ovis
2906 651 3026 705 quae
3074 638 3141 692 ad
3197 641 3398 696 caedem

193 715 339 783 Λόγου
362 711 492 765 Θεοῦ
520 712 615 766 καὶ
640 713 919 785 δυνάμεως
937 717 1229 788 ἀσωμάτου
1255 719 1348 770 καὶ
1377 719 1569 789 νοερᾶς
1597 719 1728 789 ἐπη-

1831 715 2083 774 ducatur.
2129 717 2242 773 Hoc
2273 728 2452 774 autem
2488 721 2590 776 fuit
2624 723 2800 792 ipsum
2842 727 3135 783 humanum
3172 747 3395 803 corpus.

194 808 285 877 κόῳ
311 804 573 874 γενέσθαι,
607 804 727 858 οὐδέ
757 823 809 859 τι
862 806 1045 879 μεῖζον
1084 809 1302 881 σαρκῶν
1344 812 1438 864 καὶ
1466 810 1728 881 σωμάτων

1832 810 1978 877 quod
2029 810 2117 865 ille
2152 811 2326 865 instar
2375 813 2501 881 agni
2548 822 2709 883 atque
2738 816 2876 880 ovis,
2914 833 3035 873 cum
3086 822 3153 875 de
3207 831 3396 879 nostro

191 897 245 950 δι’
268 893 541 965 ὀφθαλμῶν
583 895 785 966 σαρκὸς
814 897 1116 966 ἐπινοῆσαι.
1152 899 1290 952 Ὅσα
1333 898 1513 952 τοίνυν
1544 899 1636 952 ἐπὶ
1672 899 1728 953 τὸ

1831 916 1993 971 grege
2028 902 2194 957 veluti
2223 902 2472 959 Pontifex
2526 907 2947 977 assumpsisset,
3003 913 3259 980 primitiis
3293 917 3396 969 hu-

190 985 535 1056 ταπεινότερον
557 985 755 1052 δόξειεν
784 987 842 1039 ἐν
865 990 977 1052 τοῖς
1005 991 1383 1061 προκειμένοις
1410 994 1538 1064 περὶ
1568 991 1731 1046 αὐτοῦ

182 1077 426 1146 λέγεσθαι,
442 1077 613 1132 ταῦτα
632 1078 723 1132 τὸν
751 1080 943 1150 Ἀμνὸν
966 1083 1098 1153 όρᾷν
1122 1082 1217 1135 τοῦ
1233 1083 1389 1148 Θεοῦ,
1402 1085 1493 1138 τὸν
1513 1085 1734 1156 αίροντα

189 1170 268 1242 τὴν
293 1170 557 1240 ἁμαρτίαν
579 1169 672 1223 τοῦ
709 1171 935 1242 κόσμου,
970 1176 1063 1227 καὶ
1101 1174 1163 1228 τὸ
1199 1177 1395 1246 σκῆνος
1434 1178 1494 1232 τὸ
1522 1178 1732 1250 ἀνθρὼ-

187 1277 317 1313 πειον
368 1259 659 1315 ὑποϐάλλει
708 1267 868 1319 νοεῖν.
931 1266 1125 1336 Ἀμνδς
1159 1268 1256 1338 μὲν
1287 1268 1396 1342 γὰρ
1443 1266 1511 1341 ἦν
1563 1271 1734 1343 αἴρων

187 1350 267 1420 τὴν
286 1352 549 1422 ἁμαρτίαν
574 1353 667 1407 τοῦ
700 1354 924 1425 κόσμου,
942 1357 1084 1411 κατὰ
1105 1359 1195 1413 τὸν
1224 1360 1529 1434 Βαπτιστὴν
1557 1364 1736 1418 Ἰωάν-

185 1460 267 1514 νην
298 1442 375 1495 τὸν
419 1443 678 1512 λέγονταο
725 1466 745 1497 ‹
782 1448 877 1501 Ἰδὲ
904 1451 932 1502 6
971 1450 1164 1520 Ἀμνὸς
1198 1452 1291 1504 τοῦ
1322 1453 1477 1518 Θεοῦ,
1511 1457 1539 1508 ό
1566 1455 1734 1528 αἴρων

186 1533 266 1605 τὴν
295 1535 557 1607 ἁμαρτίαν
610 1537 703 1591 τοῦ
737 1539 939 1612 κόσμου
960 1558 973 1571 ’
1009 1561 1028 1592 ι
1066 1544 1235 1614 ἀμνὸς
1263 1544 1319 1598 δὲ
1351 1542 1419 1616 ἦν
1444 1548 1538 1600 καὶ
1579 1550 1608 1601 ό
1645 1549 1736 1602 ἐπὶ

188 1627 369 1697 σφαγὴν
394 1629 678 1699 ἀγόμενος,
713 1630 852 1684 κατά
883 1631 945 1685 τὸ
990 1634 1139 1705 παρά
1180 1635 1258 1707 τῷ
1315 1637 1509 1710 Ἡσαΐᾳ
1557 1638 1734 1707 λόγιον

186 1719 388 1788 φάσκον
432 1740 449 1772 ι
497 1722 584 1785 Ὠς
611 1722 878 1795 πρόϐατον
928 1726 1023 1778 ἐπὶ
1066 1728 1277 1799 σφαγὴν
1307 1729 1444 1800 ἤχθη
1469 1769 1483 1794 ,
1524 1731 1617 1783 καὶ
1658 1730 1733 1795 ὡς

183 1810 325 1881 ἀμνὸς
354 1812 602 1866 ἐναντίον
648 1813 743 1867 τοῦ
793 1816 1071 1886 κείροντος
1112 1817 1345 1887 ἄφωνος.
1397 1839 1416 1871 ι
1457 1820 1593 1891 Περὶ
1635 1821 1730 1874 τοῦ

182 1900 318 1953 αὑτοῦ
343 1901 394 1953 δὲ
423 1901 502 1965 ὡς
536 1904 664 1974 περὶ
704 1905 876 1974 ἀμνοῦ
910 1905 1128 1975 ἐλέγετο
1165 1909 1259 1961 καὶ
1287 1909 1368 1972 τὸ,
1404 1928 1423 1961 ‹
1464 1910 1595 1964 Ἀπὸ
1623 1912 1732 1965 τῶν

181 1992 429 2063 ἁμαρτιῶν
456 1993 553 2046 τοῦ
577 1994 706 2048 λαοῦ
734 2013 836 2066 μου
860 1997 999 2069 ἤχθη
1023 2001 1104 2062 είς
1136 1999 1362 2055 θάνατον
1382 2019 1395 2031 ’
1433 2022 1452 2053 ι
1485 2003 1591 2056 ἔδει
1624 2004 1732 2076 γὰρ

179 2082 255 2135 τὸν
292 2085 475 2154 Ἀμνὺν
509 2086 602 2140 τοῦ
635 2087 771 2140 Θεοῦ
796 2089 888 2142 τὸν
917 2090 1021 2144 ὑπὸ
1045 2090 1137 2144 τοῦ
1168 2093 1404 2163 μεγάλου
1434 2095 1732 2166 ἀρχιερέως

179 2177 521 2247 ἀναληφθέντα
552 2181 692 2252 ὑπὲρ
714 2181 821 2235 τῶν
860 2182 1061 2238 λοιπῶν
1099 2185 1372 2253 συγγενῶν
1399 2187 1607 2257 ἀμνῶν,
1637 2188 1730 2241 καὶ

181 2269 296 2340 ὑπὲρ
317 2273 491 2356 πάσης
524 2276 625 2345 τῆς
656 2273 1002 2348 ἀνθρωπίνης
1029 2277 1229 2349 ἀγέλης
1270 2278 1457 2332 θυσίαν
1499 2279 1577 2350 τῷ
1605 2279 1725 2350 Θεῷ

178 2362 543 2433 προσαχθῆναι.
590 2383 609 2416 ι
669 2365 883 2438 Ἐπειδὴ
940 2366 1050 2437 γάρ
1106 2368 1171 2421 δι’
1233 2369 1522 2443 ἀνθρώπου
1562 2373 1591 2423 6
1632 2371 1730 2425 θά-

179 2467 308 2516 νατος
337 2454 424 2507 καὶ
456 2456 530 2508 δι’
571 2456 854 2529 ἀνθρώπου
884 2462 916 2531 ή
944 2460 1236 2524 ἀνάστασις
1276 2462 1309 2531 ἡ
1342 2462 1407 2514 ὲκ
1450 2463 1675 2535 νεκρῶν,
1704 2482 1723 2515 ο

178 2545 316 2614 φησὶν
339 2547 365 2598 ὀ
404 2546 730 2611 ’Δττόστολος
749 2565 761 2576 ·
800 2550 891 2602 καὶ
922 2568 940 2600 ι
965 2549 1153 2622 ὥσπερ
1184 2550 1251 2604 δι’
1275 2551 1393 2615 ἑνὸς
1431 2552 1732 2624 παραπτώ-

180 2652 323 2706 ματος
353 2639 428 2701 εξς
476 2638 692 2702 πάντας
725 2639 1042 2711 ἀνθρώπους
1087 2642 1167 2703 είς
1197 2641 1545 2715 κατάκριμα,
1590 2642 1730 2697 οὕτω

177 2728 255 2780 καὶ
275 2728 334 2782 δι’
364 2729 478 2795 ἑνὸς
521 2729 887 2801 δικαιώματος
921 2735 1004 2796 είς
1038 2733 1246 2797 πάντας
1287 2732 1609 2804 ἀνθρώπους
1650 2738 1728 2800 εἰς

176 2818 419 2875 δικαίωσιν
448 2823 634 2893 ζωῆς
673 2842 693 2873 ο
730 2823 881 2877 ἔνθεν
912 2826 1006 2878 καὶ
1037 2826 1202 2889 αὐτὸς
1240 2827 1367 2890 τοὺς
1406 2828 1503 2897 μὲν
1535 2827 1728 2881 ἑαυτοῦ

178 2911 391 2984 μαθητὰς
418 2913 571 2986 ζωὴν
610 2916 704 2968 καὶ
732 2916 848 2985 φῶς
890 2918 984 2970 καὶ
1014 2917 1289 2989 ’ἀλήθειαν
1332 2919 1521 2973 ἑαυτὸν
1566 2914 1731 2983 εἶναι,

179 3006 368 3069 καὶτὰς
414 3006 613 3071 λοιπὰς
660 3008 903 3073 ἐπινοίας
946 3008 1046 3080 τῆς
1096 3010 1217 3065 κατ’
1244 3012 1407 3065 αὐτὸν
1452 3010 1727 3082 θεολογίας

181 3096 417 3166 ἐπαίδευε,
438 3103 552 3164 τοῖς
573 3100 631 3153 δὲ
656 3101 920 3173 ἀμυήτοις
945 3101 1055 3155 τῶν
1079 3104 1199 3155 κατ’
1219 3103 1380 3156 αὑτὸν
1403 3105 1725 3175 ἀπορρήτων

181 3187 331 3258 ἔλεγε·
364 3211 382 3242 ι
404 3192 466 3245 Τί
502 3211 573 3264 με
603 3195 816 3264 ζητεῖτε
847 3196 1166 3248 ἀποκτεῖναι
1198 3194 1505 3268 ἄνθρωπον,
1533 3196 1592 3259 ὃς
1626 3195 1723 3266 τὴν

179 3279 401 3352 ἀλήθειαν
423 3286 552 3355 ὑμῖν
580 3284 884 3358 λελάληκα;
905 3305 924 3337 ι
955 3287 1165 3359 ’Ὠσπερ
1197 3282 1290 3340 οὖν
1323 3286 1391 3340 τὰ
1417 3287 1517 3357 τῆς
1545 3287 1724 3341 θεολο-

179 3373 280 3440 γίας
317 3376 577 3448 ἰδιώματα
620 3380 677 3432 ὲν
724 3382 836 3443 τοῖς
884 3378 1191 3450 ἔμπροσθεν
1231 3379 1585 3445 ἀποδέδοται,
1634 3380 1726 3434 τὸν

180 3464 333 3535 ὅμοιον
369 3469 430 3541 δὴ
473 3469 682 3544 τρόπον
731 3470 1010 3525 κάνταῦθα
1046 3470 1141 3524 τοῦ
1192 3469 1365 3542 ἀμνοῦ
1415 3470 1483 3524 τά
1514 3470 1725 3542 ἀνθρω-

179 3559 367 3630 ποπαθῆ
401 3564 851 3634 παραστήσεται,
881 3563 988 3617 τῶν
1036 3564 1144 3635 πρὸ
1180 3561 1275 3617 τοῦ
1309 3562 1515 3626 πάθους
1556 3562 1721 3617 αὐτοῦ

180 3651 335 3719 μέσων
365 3654 554 3722 ὄντων,
592 3655 728 3727 ὁμοῦ
763 3673 823 3709 τε
858 3654 1045 3726 ἄμφω,
1078 3655 1150 3709 τά
1177 3672 1238 3708 τε
1278 3654 1420 3709 κατὰ
1468 3654 1561 3708 τὸν
1592 3655 1723 3708 Θεὸν

178 3743 255 3796 καὶ
292 3745 356 3799 τὰ
402 3749 543 3802 κατά
589 3748 683 3803 τὸν
727 3748 1012 3821 ἄνθρωπον
1052 3747 1216 3802 αὑτοῦ
1272 3749 1722 3820 περιειληφότων.

180 3833 364 3893 Τούτων
406 3842 700 3913 χρησίμως
743 3846 873 3913 ἡμῖν
918 3843 1410 3916 προτετηρημένων
1433 3883 1448 3908 ,
1483 3843 1585 3913 ήδη
1633 3844 1725 3897 καὶ

177 3928 265 3983 τῶν
292 3932 478 4003 λογίων
519 3935 703 3989 αὐτῶν
736 3934 1091 4007 ὲφαψὼμεθα,
1122 3936 1250 4008 περὶ
1278 3937 1379 4007 τῆς
1422 3936 1588 4016 Ἰούδα
1629 3934 1723 3988 τοῦ

178 4023 426 4093 προδότου,
448 4030 542 4082 καὶ¹
574 4027 684 4080 τῶν
718 4029 815 4081 σὺν
846 4026 994 4098 αὐτῷ
1025 4027 1165 4081 κατά
1183 4026 1276 4080 τοῦ
1307 4027 1545 4099 Χριστοῦ
1574 4043 1728 4095 γενο-

180 4114 323 4187 μένης
354 4120 642 4191 συσκευῆς,
678 4120 805 4192 περί
834 4137 895 4174 τε
938 4121 1046 4174 τῶν
1079 4122 1234 4192 ἀμφὶ,
1261 4120 1354 4174 τὸν
1403 4120 1595 4190 καιρὸν
1627 4118 1725 4173 τοῦ

178 4206 350 4275 πάθους
379 4213 544 4267 αὐτοῦ
582 4213 1027 4284 συμϐεϐηκότων.

1834 994 1980 1047 mani
2032 995 2248 1064 generis
2294 994 2473 1051 fauste
2520 996 2860 1068 feliciterque
2913 1006 3189 1071 operatus,
3249 1005 3397 1064 Patri

1833 1098 2034 1139 munus
2068 1087 2270 1151 attulit,
2302 1103 2399 1157 per
2430 1087 2573 1158 quod
2603 1090 2763 1143 etiam
2788 1106 2910 1144 cum
2938 1092 3173 1149 humana
3202 1108 3395 1153 natura

1833 1177 2218 1231 commercium
2268 1178 2473 1246 habuit,
2507 1195 2627 1251 qua:
2659 1181 2861 1251 alioqui
2898 1198 3073 1253 neque
3126 1185 3220 1241 Dei
3262 1187 3397 1243 Ver-

1833 1268 1984 1333 bum,
2016 1284 2191 1340 neque
2241 1271 2347 1326 vim
2385 1273 2758 1343 incorpoream
2819 1283 2978 1345 azque
3012 1279 3394 1349 intelligentem

1832 1362 2091 1417 exaudire
2118 1370 2211 1417 aut
2251 1364 2527 1434 percipere
2559 1365 2844 1435 potuisset,
2898 1382 3073 1437 neque
3101 1370 3395 1440 quidquam

1833 1470 1997 1525 supra
2024 1470 2242 1511 carnem
2297 1464 2389 1509 aut
2418 1470 2616 1526 corpus
2664 1472 2759 1527 per
2790 1460 2979 1515 oculos
3009 1463 3257 1531 corporis
3316 1464 3396 1516 in-

1832 1546 1994 1601 tueri.
2026 1546 2373 1618 Quaecunque
2422 1549 2586 1619 igitur
2637 1550 2704 1603 de
2755 1551 2848 1606 illo
2902 1552 2955 1605 in
2993 1554 3075 1608 his
3103 1571 3223 1624 qua:
3251 1571 3395 1609 nunc

1832 1646 2155 1703 tractamus,
2201 1640 2461 1695 humilius
2497 1640 2869 1713 abjectiusqne
2906 1644 3012 1698 dici
3046 1646 3393 1708 videbuntur.

1835 1744 1898 1789 ea
1931 1738 2176 1801 spectare
2196 1730 2403 1801 Agnnm
2436 1728 2549 1793 Dei,
2583 1732 2674 1800 qui
2697 1734 2835 1787 tollit
2868 1742 3146 1804 peceatum
3182 1735 3392 1797 mundi,

1832 1833 2140 1889 corpusque
2192 1820 2322 1872 illud
2375 1820 2694 1885 humanum,
2737 1825 3049 1880 meminisse
3101 1825 3391 1895 oportebit.

1833 1909 2021 1980 Agnus
2045 1910 2133 1964 ille
2160 1909 2376 1979 quidem
2406 1908 2528 1976 fuit,
2560 1911 2755 1965 tollens
2786 1921 3066 1980 peccatum
3100 1915 3308 1979 mundi,
3334 1922 3396 1969 ut

1829 1999 2070 2070 Baptista
2099 1998 2336 2054 Joannes
2357 1982 2628 2055 .diccbat:
2665 2020 2683 2053 ι
2742 2002 2901 2067 Ecce,
2953 2004 3147 2073 inquit,
3206 2007 3393 2075 Agnus

1832 2091 1949 2157 Dei,
1978 2094 2069 2163 qui
2095 2094 2235 2147 tollit
2265 2101 2549 2162 peccatum
2580 2094 2766 2147 mundi
2801 2095 2864 2162 “;
2898 2115 2915 2144 ι
2939 2111 3114 2165 agnus
3140 2097 3286 2161 item,
3318 2098 3390 2152 ad

1830 2186 2031 2241 caedem
2081 2186 2299 2250 ductus,
2335 2192 2394 2245 ut
2430 2196 2514 2240 est
2548 2187 2603 2241 in
2647 2185 2797 2241 lsaim
2837 2189 3113 2257 propheta:
3148 2192 3391 2257 oraculo,

1829 2278 1974 2347 quod
2029 2278 2102 2331 ita
2142 2278 2215 2331 ait
2251 2296 2263 2331 :
2307 2296 2325 2328 ε
2365 2276 2648 2347 Tanquam
2679 2279 2796 2333 ovis
2837 2279 2902 2332 ad
2946 2282 3144 2337 caedem
3196 2283 3393 2339 ductus

1830 2375 1935 2426 est.
1993 2373 2047 2421 et
2096 2373 2353 2437 tanquam
2405 2382 2578 2437 agnus
2635 2382 2817 2422 coram
2888 2370 3147 2425 tondente
3194 2372 3392 2426 obmu-

1830 2460 1934 2512 tuit
1968 2459 2031 2513 ⁸³.
2067 2476 2085 2508 ι
2126 2457 2200 2513 De
2227 2456 2416 2513 eodem
2453 2473 2583 2514 vero
2638 2466 2896 2529 tanquam
2945 2460 3012 2516 de
3066 2478 3205 2532 agno
3227 2465 3391 2518 etiam

1831 2548 1960 2604 illud
1993 2549 2195 2603 dictum
2222 2557 2303 2604 est
2343 2567 2357 2604 :
2395 2568 2414 2601 ι
2451 2547 2527 2602 Ex
2558 2552 2797 2619 peccatis
2844 2551 3028 2620 populi
3061 2554 3164 2607 mei
3192 2553 3392 2609 ductus

1829 2651 1914 2697 est
1938 2641 2008 2696 ad
2037 2649 2265 2696 mortem
2295 2642 2340 2673 “
2376 2659 2389 2695 :
2430 2661 2450 2694 ι
2482 2642 2765 2711 oportebat
2821 2642 2964 2697 enim
3011 2642 3220 2714 Agnum
3272 2643 3387 2704 Dei.

1828 2737 1924 2806 qui
1953 2751 1983 2789 a
2016 2736 2252 2790 maximo
2276 2734 2537 2790 Pentiiice
2572 2743 2884 2804 assumptus
2918 2735 3116 2802 fuerat,
3166 2751 3265 2807 pro
3305 2753 3390 2793 re-

1831 2830 1992 2899 liquis
2018 2827 2262 2899 cognatis
2294 2829 2469 2898 agnis,
2501 2837 2555 2882 et
2587 2843 2685 2898 pro
2715 2828 2861 2883 omni
2923 2829 3158 2883 humano
3206 2845 3387 2901 grege,

1831 2920 1941 2976 Deo
1967 2922 2243 2977 victimam
2299 2921 2501 2976 aﬂerri.
2560 2921 2690 2975 Nam
2728 2940 2748 2972 ι
2789 2923 3043 2992 quoniam
3084 2938 3179 2992 per
3217 2923 3391 2977 homi-

1827 3029 1953 3069 nem
1985 3029 2154 3078 mors,
2205 3028 2302 3083 per
2328 3012 2603 3067 hominem
2632 3014 2796 3067 etiam
2831 3015 3160 3068 resurrectio
3186 3027 3215 3067 a
3247 3030 3392 3069 mor-

1831 3108 1938 3162 tuis
1965 3108 2027 3172 ⁸⁷,
2072 3128 2091 3159 ι
2122 3106 2298 3176 inquit
2328 3105 2640 3176 Apostolus,
2668 3114 2721 3159 et
2748 3124 2767 3155 ι
2806 3105 2948 3160 sicut
2980 3119 3076 3174 per
3114 3106 3275 3160 unius
3295 3108 3392 3161 (le-

1824 3199 2010 3253 lictum
2061 3199 2115 3251 in
2145 3212 2334 3254 omnes
2363 3197 2609 3252 homines
2640 3197 2696 3250 in
2722 3196 3225 3251 condemnationem
3245 3237 3261 3261 ,
3311 3198 3392 3251 sic

1826 3305 1921 3360 per
1940 3290 2107 3345 unius
2133 3288 2424 3358 justitiam,
2459 3287 2513 3341 in
2542 3302 2732 3341 omnes
2767 3286 3014 3365 homines
3042 3287 3098 3341 in
3121 3286 3391 3357 justifies-

1824 3381 2026 3436 tionem
2054 3381 2180 3435 vitae
2213 3381 2279 3445 η,
2335 3399 2354 3433 ι
2388 3395 2455 3433 ex
2487 3379 2591 3432 hoc
2620 3379 2736 3449 ipse
2762 3393 2980 3447 quoque
3007 3380 3123 3433 suis
3169 3379 3388 3450 quidem

1827 3471 2110 3544 discipujis
2136 3486 2197 3526 se
2218 3477 2274 3526 et
2298 3470 2486 3535 vitam,
2511 3478 2565 3524 et
2593 3468 2793 3533 lucem,
2828 3478 2883 3525 et
2926 3470 3206 3525 veritatem
3245 3484 3385 3533 esse,

1823 3571 1878 3620 et
1910 3565 2116 3633 reliqua
2148 3563 2309 3635 463
2357 3563 2539 3618 omnia
2590 3576 2711 3630 quae
2760 3576 2825 3614 ex
2872 3561 3143 3632 theologia
3177 3560 3245 3617 de
3295 3562 3390 3616 illo

1822 3654 2261 3721 considerantur,
2291 3653 2634 3709 ostendebat.
2665 3652 2748 3706 Ad
2777 3652 3038 3720 profanos
3069 3660 3246 3707 autem
3266 3693 3282 3718 ,
3335 3663 3390 3706 et

1824 3762 2147 3803 arcanorum
2201 3747 2373 3817 ipsius
2429 3756 2679 3816 expertes
2737 3745 2949 3801 dicebat
2980 3762 2993 3799 :
3029 3764 3048 3795 ι
3108 3743 3251 3810 Quid
3304 3760 3391 3799 me

1826 3839 2068 3911 quan—itis
2096 3839 2401 3893 interﬁcere
2428 3837 2701 3891 hominem
2721 3878 2735 3903 ,
2769 3838 2862 3907 qui
2915 3836 3195 3891 veritatem
3234 3835 3389 3890 vobis

1829 3936 2046 3990 locutus
2076 3949 2194 3991 sum
2218 3933 2294 3987 "3
2329 3953 2349 3986 ι
2369 3931 2834 4000 Quemadmodum
2856 3931 3022 4000 igitur
3045 3945 3165 3999 qua:
3188 3929 3392 3984 theolo-

1828 4027 1930 4099 gia:
1957 4029 2025 4081 de
2054 4026 2146 4081 illo
2174 4024 2392 4096 propria
2420 4033 2586 4092 sunt,
2630 4026 2685 4078 in
2735 4024 3012 4094 prioribus
3065 4021 3220 4076 libris
3262 4029 3391 4077 sunt

1828 4117 2098 4188 exposita,
2118 4116 2193 4170 ita
2224 4115 2277 4169 in
2309 4115 2414 4170 hoc
2440 4129 2561 4185 quae
2589 4114 2657 4170 ad
2688 4115 2811 4185 agni
2850 4113 3118 4167 humanas
3146 4110 3389 4166 affectio-

1829 4225 1947 4275 nes,
1973 4208 2356 4280 patibilemque
2388 4215 2636 4262 naturam
2667 4206 2957 4278 pertinent,
2977 4204 3390 4261 tractabuntur:

177 4316 278 4371 quae
313 4308 470 4363 medii
500 4307 790 4379 cujusdam
821 4309 996 4364 instar
1031 4307 1214 4373 luere,
1241 4306 1309 4361 ad
1353 4320 1417 4362 ea
1461 4321 1583 4376 qua;
1633 4296 1940 4375 passionem
1994 4302 2143 4357 illius
2190 4309 2622 4364 antecesserunt,
2672 4307 2729 4355 et
2801 4308 3030 4368 utraque
3069 4297 3232 4354 simul
3275 4308 3391 4352 tum

177 4409 360 4469 eaquae
402 4400 471 4456 ad
511 4396 681 4455 Deum
717 4400 1022 4470 pertinent,
1048 4405 1169 4453 tum
1204 4412 1267 4453 ea
1296 4412 1418 4467 qua:
1462 4397 1529 4452 ad
1568 4396 1868 4460 hominem,
1922 4393 2018 4463 qui
2061 4392 2153 4447 ille
2198 4399 2337 4459 erat,
2375 4394 2655 4462 complexa
2693 4397 2843 4447 sunt.
2880 4387 3175 4472 Postquam
3227 4389 3395 4460 igitur

176 4489 500 4551 hacanobis
528 4510 641 4550 non
696 4494 963 4549 inutiliter
1006 4492 1321 4557 observata,
1372 4496 1694 4559 retentaque
1732 4493 1882 4551 sunt,
1937 4486 2050 4557 jam
2085 4492 2196 4539 tum
2247 4484 2364 4554 ipsa
2420 4486 2585 4538 etiam
2634 4481 2855 4537 oracula
2902 4479 3123 4551 aggredi
3176 4487 3391 4550 tempus

175 4597 278 4640 esse
300 4587 524 4653 videtur,
559 4602 684 4657 quae
703 4595 757 4641 et
783 4586 976 4642 Judam
1001 4585 1358 4656 proditorem,
1388 4598 1622 4654 cumque
1652 4597 1719 4638 eo
1757 4580 1996 4636 futuram
2029 4581 2291 4635 adversus
2324 4576 2601 4634 Christum
2630 4575 3109 4645 conspirationem,
3162 4580 3217 4627 et
3270 4587 3393 4643 qua:

176 4674 242 4732 illi
265 4680 361 4736 sub
379 4682 561 4752 ipsum
596 4681 867 4752 passionis
895 4692 1107 4750 tempus
1134 4688 1392 4735 eventura
1418 4687 1604 4743 erant,
1640 4675 2042 4749 signiﬁcabant.

185 4791 315 4868 ’Λπὸὲ
338 4795 586 4868 ψαλμοῦ
617 4804 696 4867 μ’.
733 4829 804 4841 --
839 4796 980 4868 Περί
1036 4795 1229 4868 Ἰούδα
1258 4792 1721 4868 τοῦῌπροδόςου,

1829 4790 1867 4865 Α
1899 4792 2220 4868 psalmos}.
2253 4819 2321 4828 —
2352 4786 2432 4868 ρε
2458 4784 2926 4868 Judanproditore,
2954 4758 3003 4838 et
3045 4784 3111 4868 iis
3135 4784 3225 4853 qui
3267 4799 3388 4836 cum

232 4865 329 4935 zeal
345 4855 481 4921 ’τῶνῖ
540 4855 664 4921 0'63-
714 4868 871 4933 αὐτῷ
915 4855 1040 4935 ’τὴν
1094 4865 1244 4919 κατὰ
1292 4864 1401 4919 τοῦ
1446 4855 1723 4932 ῖΣωτῆροξ

1848 4864 1851 4865 ⁷
1897 4855 1957 4915 eo
2013 4860 2236 4915 insidias
2294 4858 2544 4913 adversus
2600 4855 2936 4913 Salvatorem
2994 4863 3232 4909 nostrum
3264 4869 3391 4908 con-

231 4934 386 5005 ἡμῶν
403 4938 737 5005 ἐπιϐουλὴν
758 4934 1335 5006 συσκεύασαμένων.

1849 4957 1852 4960 ’
1900 4941 2161 4986 struxere.

236 5069 254 5102 ι
276 5054 556 5127 Μακάριος
593 5056 622 5106 6
649 5050 844 5107 συνιὼν
879 5053 972 5105 ἐπὶ
1021 5051 1235 5122 πτωχὸν
1268 5049 1363 5104 καὶ
1404 5048 1633 5120 πένητα,
1665 5048 1723 5099 ὲν

1903 5064 1924 5098 ι
1945 5045 2146 5101 Beatus
2165 5043 2256 5114 qui
2284 5038 2535 5113 intelligit
2551 5054 2716 5110 super
2740 5045 3050 5127 egenumﬁet
3078 5049 3389 5108 pauperem,

165 5142 333 5217 ἡμέρᾳ
354 5148 568 5218 πονηρᾷ
602 5145 820 5217 ῥύσεται
847 5144 1009 5198 αὑτὸν
1039 5145 1068 5197 6
1100 5143 1322 5215 Κύριος.
1371 5139 1575 5211 Κύριος
1605 5137 1722 5190 δια-

165 5235 379 5303 φυλάξαι
397 5238 582 5304 αὗτὸν,
604 5240 697 5293 καὶ
721 5237 881 5310 ζήσαι
907 5236 1087 5297 αὑτὸν,
1112 5234 1208 5289 καὶ
1240 5232 1541 5306 μακαρίσαι
1562 5231 1725 5286 αὐτὸν

165 5325 213 5375 ἑν
243 5330 307 5399 τῇ
322 5332 413 5401 γῇ,
446 5330 545 5384 καὶ
590 5330 662 5402 μὴ
694 5328 921 5402 παραδῷ
962 5328 1125 5382 αὐτὸν
1156 5328 1239 5389 είς
1279 5327 1469 5396 χεῖρας
1511 5322 1722 5395 ἐχθρῶν

173 5418 336 5474 αὐτοῦ.
368 5423 575 5494 Κύριος
607 5422 858 5494 βοηθήσει
884 5419 1031 5490 αὐτῷ
1063 5418 1155 5471 ἐπὶ
1191 5416 1379 5487 κλίνης
1407 5414 1597 5487 ὀδύνης
1629 5413 1723 5467 αὐ-

173 5509 274 5574 ιωῦ,
296 5512 416 5585 ὃλην
440 5514 540 5586 τὴν
570 5513 755 5586 κοίτην
786 5511 949 5567 αὐτοῦ
983 5508 1246 5583 emata;
1268 5510 1323 5561 ὲν
1345 5509 1411 5578 τῇ
1446 5504 1731 5578 ἀῤῥωστίᾳι

176 5603 334 5659 αὐτοῦ.
376 5607 518 5676 Ἐγὼ
559 5602 720 5662 εἶπα·
767 5606 977 5676 Κύριε,
1032 5600 1253 5671 ἐλέησόν
1283 5616 1390 5671 με,
1428 5597 1576 5651 ίασαι
1624 5597 1723 5665 τὴν

234 5714 275 5746 ⁸⁸
307 5716 461 5776 Joan.
496 5737 542 5786 ι,
586 5719 674 5776 29.
798 5720 841 5751 “
881 5718 985 5773 lsa.
1037 5732 1164 5782 LIII,
1201 5716 1252 5784 7,
1393 5715 1436 5747 ¹⁶
1475 5713 1607 5769 ibid.
1643 5713 1695 5768 8.

177 5795 258 5841 'mi
279 5829 292 5856 ,
326 5789 412 5844 40.

798 5720 841 5751 ’⁵
881 5718 985 5773 lsa.
1037 5732 1164 5782 LIII,
1201 5716 1252 5784 7,

1830 5136 1887 5191 in
1931 5136 2018 5192 die
2037 5135 2180 5190 mala
2213 5133 2465 5189 liberabit
2494 5147 2617 5188 eum
2650 5129 2928 5184 Dominus.
2969 5126 3231 5182 Dominus
3259 5139 3395 5182 con—

1832 5236 2010 5284 servet
2034 5241 2181 5291 eum,
2213 5232 2268 5279 et
2292 5224 2527 5279 viviﬂcet
2549 5236 2672 5279 eum
2693 5261 2710 5286 ,
2745 5231 2799 5278 et
2823 5222 3040 5275 beatum
3074 5216 3237 5272 faciat
3263 5232 3387 5273 eum

1830 5323 1887 5377 in
1916 5329 2082 5386 terra,
2111 5328 2167 5375 et
2187 5334 2299 5374 non
2340 5317 2519 5372 tradat
2546 5329 2672 5371 eum
2701 5314 2758 5368 in
2804 5328 2999 5368 manus
3042 5311 3388 5365 inimicorum

1830 5414 1971 5484 ejus.
2006 5411 2270 5466 Dominus
2299 5424 2454 5480 opem
2492 5408 2628 5462 feret
2652 5406 2731 5460 illi
2761 5419 2925 5474 super
2955 5404 3153 5457 lectum
3188 5401 3392 5456 doloris

1831 5507 1973 5577 ejus,
1997 5503 2316 5559 universum
2354 5509 2584 5559 stratum
2608 5499 2726 5568 ejus
2741 5497 2970 5552 versasti
2998 5496 3054 5549 in
3084 5493 3392 5548 inﬁrmitate

1830 5597 1971 5667 ejus.
1997 5593 2110 5665 Ego
2123 5594 2234 5649 dixi
2264 5612 2278 5648 :
2308 5593 2555 5657 Domine,
2574 5591 2836 5645 miserere
2863 5589 3138 5652 mei,sana
3153 5584 3389 5640 animam

1837 5712 2069 5768 "lCor.
2109 5728 2213 5778 xv,
2271 5710 2361 5766 2!.
2510 5709 2554 5742 ⁸⁸
2593 5706 2750 5761 Rom.
2788 5724 2853 5769 v,
2899 5706 2988 5760 18.
3135 5702 3176 5734 ¹⁹
3235 5700 3389 5757 Joan.
