3908 6266
469 303 580 359 719
1146 294 1416 351 EUSEBII
1454 291 1934 348 CASSARIENSIS
1971 291 2122 349 OPP.
2169 290 2349 347 PARS
2385 294 2452 348 Il.
2492 322 2564 334 —
2598 290 3103 348 APOLOGETICA.
3622 297 3712 353 720

474 415 812 486 meam,quia
836 411 1058 483 peccavi
1088 409 1219 476 tibi;
1252 408 1459 463 inimici
1496 408 1601 463 mei
1629 407 1887 462 dixerunt
1915 408 2054 462 mala

2166 407 2333 481 ,ιυχήν
2365 427 2464 481 μου
2487 448 2502 473 ,
2537 410 2619 462 ὅτι
2652 409 2897 481 ἦμαρτόν
2945 424 3048 464 σοι.
3099 409 3162 462 Ol
3195 407 3379 480 ἐχθροί
3424 424 3524 479 μου
3571 406 3715 466 εἶπαν

476 508 612 565 mihi
638 526 651 563 :
673 502 890 577 quan‘do
912 502 1193 568 morietur,
1224 511 1276 557 et
1311 502 1509 573 peribit
1541 517 1738 556 nomen
1782 502 1902 571 ejus
1934 503 1956 556 ?
1988 502 2052 556 Et

2166 500 2302 555 κακά
2330 519 2453 573 μοι’
2498 502 2629 555 πότε
2664 501 3015 556 ἀποθανεῖται
3048 501 3144 555 καὶ
3171 501 3453 556 ἀπολεῖται
3482 502 3543 557 τὸ
3563 502 3717 575 ὄνομα

475 602 524 660 si
546 598 950 672 ingrediebatur
966 605 1021 650 ιιι
1034 594 1265 659 videret,
1289 610 1429 649 vana
1455 595 1783 665 loquebatur
1795 609 1891 649 cor
1907 594 2048 664 ejus,

474 691 826 763 congregavit
849 688 1195 758 iniquitatem
1227 687 1355 751 sibi,
1390 687 1770 757 egrediebatur
1800 686 1967 749 foras,
1999 697 2054 742 et

475 784 798 857 loquebatur
828 781 885 835 in
911 779 1197 851 idipsum!,
1252 778 1542 834 adversum
1572 793 1659 834 me
1689 779 2054 834 susurrabant

475 893 666 935 omnes
719 874 929 930 inimici
963 873 1090 938 mei,
1130 871 1423 928 adversum
1455 886 1541 928 me
1563 870 1879 942 cogitabant
1910 872 2052 925 mala

475 970 631 1034 mihi,
659 969 887 1025 verbum
916 965 1166 1038 iniquum
1191 964 1598 1021 constituerunt
1614 962 1907 1019 adversum
1943 979 2052 1029 me,

478 1062 725 1135 nunquid
759 1060 855 1132 qui
883 1058 1108 1128 dormit,
1130 1072 1242 1114 non
1273 1055 1497 1128 adjiciet
1526 1063 1587 1111 ut
1618 1064 1872 1126 resurgat
1905 1056 1929 1109 ?
1981 1063 2057 1111 et-

479 1159 624 1214 enim
657 1158 821 1213 homo
873 1154 1027 1227 pacis
1049 1168 1183 1210 meae
1210 1193 1226 1219 ,
1258 1152 1315 1208 in
1348 1166 1459 1223 quo
1476 1150 1714 1221 speravi,
1745 1150 1839 1222 qui
1861 1148 2058 1206 edebat

478 1266 653 1322 panes
684 1263 858 1317 meos,
894 1246 1267 1319 magniﬂeavit
1310 1260 1476 1316 super
1521 1259 1611 1300 me
1666 1244 2061 1315 supplantatio-

484 1362 630 1403 nem.
663 1340 743 1399 Tu
774 1351 980 1410 autem,
997 1340 1250 1406 Domine,
1275 1339 1536 1395 miserere
1561 1338 1763 1403 mei,et
1785 1336 2057 1393 resuscita

482 1454 591 1503 me,
622 1445 676 1493 et
704 1435 1000 1492 retribuam
1035 1434 1115 1488 eis
1140 1449 1156 1501 ;
1187 1432 1243 1487 in
1275 1431 1379 1487 hoc
1402 1429 1634 1502 cognovi
1669 1428 1818 1501 quod
1837 1430 2058 1486 voluisti

485 1547 593 1594 me,
619 1529 876 1603 quoniam
904 1525 1193 1600 Mnon
1215 1525 1474 1597 gaudebit
1497 1524 1757 1580 inimicus
1785 1538 1939 1579 meus
1971 1538 2061 1580 su-

484 1639 581 1693 per
598 1638 704 1684 me,
731 1628 1008 1677 meantem
1028 1623 1252 1688 propter
1271 1615 1641 1671 innocentiam
1670 1612 1984 1684 suscepisti,
2005 1619 2061 1668 et

485 1712 825 1769 conﬁrmasti
868 1725 955 1766 me
984 1708 1040 1763 in
1074 1715 1373 1778 conspectu
1430 1715 1524 1762 tuo
1549 1705 1604 1760 in
1628 1715 1892 1761 aeternum
1924 1707 1991 1758 ὀ.
2035 1723 2053 1756 ι

486 1804 756 1872 Quoniam
786 1800 1036 1858 nonnulli
1057 1799 1319 1870 suspicati
1334 1804 1464 1853 sunt
1478 1798 1677 1854 librum
1693 1799 2057 1864 Psalmorum,

484 1896 723 1969 hymnos
744 1902 954 1949 tantum
990 1896 1046 1948 in
1070 1892 1240 1947 Deum
1259 1899 1313 1946 et
1341 1890 1586 1944 carmina
1604 1891 1906 1962 theologica
1925 1906 2058 1946 con-

486 1991 684 2052 tinere,
716 1988 981 2059 praesagia
1010 2000 1141 2042 vero
1171 1993 1264 2039 aut
1290 1984 1357 2039 de
1390 1983 1554 2039 rebus
1594 1982 1792 2038 futuris
1827 1985 2063 2054 prophe-

486 2081 597 2134 tias
623 2095 731 2134 non
756 2079 908 2141 item,
937 2077 1169 2149 primum
1198 2074 1330 2130 illud
1359 2074 2063 2146 eritobservandum,quod

491 2167 916 2224 innumerabilia
964 2173 1123 2229 sunt,
1159 2178 1282 2234 quae
1323 2162 1377 2216 in
1414 2162 1523 2217 illis
1554 2162 1734 2216 futura
1766 2173 2061 2227 canuntur,

488 2278 613 2339 quae
636 2262 858 2333 quidem
906 2262 1128 2330 longum
1160 2263 1307 2313 esset
1337 2255 1394 2310 in
1444 2256 1735 2325 praesentia
1783 2254 2061 2325 colligere,

491 2353 588 2411 sed
602 2356 735 2409 satis
760 2351 928 2408 fuerit
948 2352 1016 2407 ad
1036 2348 1266 2420 hujusce
1283 2347 1549 2419 propositi
1565 2346 2061 2410 conlirmationem,

491 2447 708 2505 duobus
736 2461 885 2501 nunc
936 2445 1016 2499 uti
1048 2443 1299 2515 psalmis,
1325 2441 1422 2512 qui
1475 2440 1579 2510 ipsi
1612 2438 1830 2509 quidem
1879 2438 2064 2511 Asaph

490 2539 741 2609 inscripti
775 2543 923 2602 sunt,
953 2534 1084 2591 dicti
1130 2547 1260 2590 vero
1299 2532 1475 2604 ipsius
1510 2528 1678 2585 David
1703 2528 2062 2599 temporibus.

492 2632 650 2688 Tunc
670 2631 815 2685 enim
847 2642 972 2683 cum
1003 2626 1187 2697 Asapb
1223 2639 1368 2681 unus
1382 2629 1531 2680 esset
1553 2635 1620 2674 ex
1663 2618 1731 2676 iis
1757 2617 1893 2673 viris
1939 2632 2066 2673 san-

492 2724 597 2781 ctis
618 2722 710 2793 qui
732 2720 970 2791 psalmos
1000 2718 1289 2782 canebant,
1318 2726 1380 2772 ut
1432 2715 1697 2785 scriptum
1717 2719 1802 2768 est
1836 2711 1895 2766 in
1924 2697 2067 2767 libro

491 2816 588 2889 qui
622 2814 1065 2883 Paralipomenon
1098 2809 1439 2874 inscribitur,
1479 2807 1721 2879 psalmos
1747 2804 1842 2876 qui
1876 2803 1954 2858 illi
1980 2809 2067 2857 at-

492 2908 835 2970 tribuuntur,
871 2903 1059 2959 divino
1089 2902 1301 2964 adlatus
1344 2900 1551 2972 Spiritu
1580 2895 1901 2955 enuntiavit.
1926 2893 2068 2963 Quid

497 3002 662 3072 igitur
690 2996 1071 3069 hujuscemodi
1097 2993 1293 3065 psalmi
1317 2992 1605 3049 continent
1632 2991 1656 3045 Ἰ
1686 2989 1947 3045 nimirum
1979 3002 2069 3042 va-

494 3093 708 3157 ticinia,
765 3091 968 3163 quibus
1010 3086 1323 3143 Jndteorum
1371 3085 1534 3157 regiae
1562 3083 1802 3141 civitatis
1831 3081 2065 3137 vastatio

496 3183 829 3257 praedicitur,
856 3196 979 3252 qua:
1013 3178 1247 3236 vastatio
1265 3175 1468 3233 Iudaeis
1499 3174 1699 3230 accidit
1722 3188 1866 3228 anno
1895 3170 2063 3227 circi-

498 3287 582 3333 ter
607 3271 1044 3346 quingentesimo
1078 3279 1205 3342 post
1234 3268 1506 3339 ejusmodi
1550 3266 1891 3322 vaticinium.
1924 3263 2067 3334 Ergo

496 3369 741 3440 psalmus
760 3358 1192 3437 septuagesimus
1214 3361 1431 3426 tertius,
1448 3360 1543 3430 qui
1556 3358 1871 3413 intellectus
1883 3354 2067 3425 Asapb

496 3457 841 3521 inseribitur,
871 3455 945 3510 ita
978 3454 1138 3510 habet
1169 3450 1311 3509 :«Ut
1332 3450 1488 3523 quid,
1521 3449 1689 3516 Deus,
1729 3447 1980 3520 repnlisti
2010 3446 2068 3501 in

497 3547 711 3605 ﬁnem?
763 3547 935 3602 iratus
974 3550 1060 3602 est
1090 3542 1243 3599 furor
1299 3549 1430 3597 tuus
1480 3553 1644 3609 super
1693 3552 1824 3594 oves
1851 3550 2068 3607 pascuae

496 3641 644 3695 tuae?
675 3651 884 3694 memor
899 3646 1020 3693 esto
1048 3632 1495 3706 congregationis
1519 3638 1655 3696 tuae,
1688 3642 1852 3700 quam
1885 3641 2069 3697 posse-

496 3731 628 3788 disti
660 3731 729 3786 ab
783 3729 962 3797 initio,
1014 3726 1296 3784 redemisti
1325 3727 1533 3797 virgam
1563 3721 1898 3778 baereditatis
1928 3728 2065 3783 tuae,

496 3834 657 3889 mons
700 3822 833 3878 Sion
861 3821 972 3888 hic,
992 3822 1048 3876 in
1079 3837 1189 3892 quo
1219 3818 1480 3875 babitasti
1511 3817 1566 3873 in
1594 3831 1681 3882 eo,
1718 3815 1839 3870 leva
1868 3828 2067 3868 manus

495 3925 622 3973 tuas
654 3918 711 3971 in
732 3914 1017 3986 superbias
1043 3925 1235 3968 eorum
1266 3911 1321 3965 in
1352 3910 1536 3977 tinem,
1562 3914 1767 3979 quanta
1795 3904 2067 3975 maligna-

496 4016 589 4063 tus
617 4014 702 4063 est
732 4005 988 4061 inimicus
1018 4005 1076 4059 in
1106 4002 1311 4061 sanctis
1375 4001 1487 4056 tuis
1510 4039 1526 4065 ,
1564 4009 1619 4055 et
1665 3997 1887 4070 gloriati
1938 4002 2068 4053 sunt

496 4099 594 4167 qui
616 4098 852 4152 oderunt
882 4104 934 4150 te
963 4093 1021 4150 in
1045 4092 1225 4149 medio
1250 4088 1609 4148 solemnitatis
1626 4096 1752 4151 tuae,
1768 4094 2068 4158 posuerunt

497 4192 654 4261 signa
685 4205 784 4245 sua
813 4189 968 4260 signa
1000 4206 1014 4242 :
1040 4197 1094 4242 et
1115 4201 1226 4241 non
1251 4193 1626 4257 cognoverunt
1659 4183 1805 4239 sicut
1835 4181 1891 4236 in
1918 4180 2066 4236 exitu

497 4283 754 4352 desuper,
779 4280 936 4352 quasi
964 4279 1022 4335 in
1043 4279 1180 4335 silva
1203 4277 1478 4348 lignorum
1529 4273 1819 4332 securibus
1844 4273 2067 4328 excide-

498 4379 629 4427 runt
646 4372 846 4443 januas
869 4370 991 4441 ejus
1034 4369 1090 4423 in
1118 4368 1376 4438 idipsum,
1404 4367 1460 4420 in
1487 4364 1671 4421 securi
1702 4371 1758 4420 et
1784 4370 1939 4419 vecte
1966 4361 2061 4419 de-

494 4463 750 4533 iecerunt
774 4477 916 4527 eam,
967 4458 1330 4516 incenderunt
1348 4456 1459 4529 igni
1480 4454 1855 4512 sanctuarium
1886 4463 2063 4518 tuum,

2152 594 2356 661 αὐτοῦ;
2403 594 2513 649 Καὶ
2545 596 2593 648 εί
2626 593 3006 666 εἰσεπορεύετο
3024 593 3120 648 τοῦ
3156 594 3283 649 ἰδεῖν
3306 634 3322 660 ,
3353 595 3528 666 μάτην
3557 596 3718 655 ἐλάλει

2154 688 2188 759 ἡ
2218 687 2413 760 καρδία
2447 685 2633 751 αὑτοῦ,
2670 688 2976 759 συνήγαγεν
3008 687 3238 757 ἀνομίαν
3271 688 3469 760 ἐαυτῷ.
3513 690 3717 755 Ἐξεπο-

2156 781 2345 852 ρεύετο
2378 780 2504 846 ἔξω,
2545 780 2641 834 καὶ
2671 780 2847 836 ἐλάλει
2869 781 2972 835 ἐπὶ
3000 779 3061 833 τὸ
3083 779 3233 835 αὑτό.
3274 782 3409 835 Κατ’
3449 779 3582 853 ἐμοῦ
3612 784 3717 854 ἐψι-

2156 871 2373 946 θύριζον
2408 878 2609 938 πάντες
2642 874 2694 927 οί
2726 873 2910 946 ἐχθροί
2946 890 3069 945 μου,
3115 875 3235 927 κατ’
3266 874 3400 946 ἐμοῦ
3431 875 3717 945 ἐλογίζοντο

2156 966 2302 1022 κακά
2315 984 2425 1039 μοι.
2445 968 2537 1040 Μὴ
2552 969 2581 1022 6
2597 965 2937 1038 κοιμώμενος
2950 965 3070 1037 οὐχὶ
3084 965 3487 1039 προσθήσειτοῦ
3503 968 3722 1041 avecti}-

2156 1078 2244 1116 ναι
2264 1060 2388 1126 ςκαὶ
2400 1059 2844 1131 γάρὸάνθρωπος
2874 1058 2975 1129 τῆς
2994 1060 3215 1131 εἰρήνης
3240 1076 3362 1131 μου,
3385 1061 3472 1130 ἐφ’
3492 1060 3553 1114 δν
3576 1060 3721 1133 ἠλπι-

2162 1170 2248 1217 σα,
2264 1155 2292 1206 ὁ
2314 1152 2508 1207 ἐσθίων
2531 1153 2730 1224 ἄρτους
2757 1169 2880 1223 μου,
2906 1150 3240 1223 ἐμεγάλυνεν
3257 1152 3344 1205 ἐπ’
3375 1153 3479 1224 ἐμὲ
3516 1171 3721 1226 πτερνι·

2160 1244 2316 1316 σμόν.
2335 1245 2406 1297 Σὺ
2422 1245 2499 1309 δέ,
2516 1245 2711 1317 Κύριε,
2732 1244 2949 1315 ἐλέησόν
2969 1261 3057 1316 με,
3090 1243 3186 1299 καὶ
3213 1245 3518 1316 άνάστησόν
3537 1264 3623 1317 με,
3640 1250 3721 1306 καὶ

2157 1336 2521 1391 ἀνταποδώσω
2545 1338 2744 1401 αὐτοῖς.
2784 1338 2871 1392 Ἐν
2895 1336 3073 1408 τούτῳ
3102 1336 3293 1406 ἔγνων,
3328 1338 3409 1392 ὅτι
3439 1339 3722 1413 τεθέληκάς

2162 1448 2250 1501 με,
2284 1431 2365 1485 ὃτι
2396 1431 2457 1486 ού
2490 1432 2562 1503 μὴ
2586 1433 2820 1503 ἐπιχαρῇ
2855 1431 2883 1484 6
2915 1429 3106 1502 ἐχθρός
3137 1449 3238 1503 μου
3273 1432 3358 1486 ἐπ’
3388 1433 3536 1504 ἐμοί.
3574 1435 3721 1507 Ἐμού

2157 1523 2213 1577 δέ
2258 1522 2346 1577 διὰ
2383 1524 2484 1596 τὴν
2520 1523 2754 1579 ἀκακίαν
2790 1521 3119 1590 άντελάϐου,
3154 1526 3250 1579 καὶ
3300 1524 3634 1591 ἐϐεϐαίωσάς
3663 1545 3721 1598 με

2161 1615 2388 1669 ἐνώπιόν
2414 1632 2508 1668 σου
2538 1618 2618 1679 εἰς
2649 1616 2742 1669 τὸν
2781 1616 2974 1671 αἰῶνα.
3007 1637 3025 1669 ι
3063 1617 3279 1689 Ἐπειδή
3324 1634 3472 1682 τινες
3519 1618 3723 1693 ὑπειλή-

2163 1725 2295 1778 φασι
2326 1707 2422 1779 τὴν
2455 1707 2639 1778 βίϐλον
2658 1706 2766 1762 τῶν
2795 1709 3042 1781 Ψαλμῶν
3059 1709 3261 1781 ὕμνους
3297 1709 3452 1781 μόνον
3474 1712 3560 1773 είς
3588 1709 3722 1776 Θεὸν,

2164 1801 2257 1855 καὶ
2289 1800 2432 1872 ᾠδάς
2465 1800 2778 1870 θεολογικὰς
2807 1802 3105 1874 περιέχειν,
3129 1802 3190 1855 ού
3222 1803 3330 1874 μὴν
3363 1803 3456 1857 καὶ
3498 1803 3726 1876 προγνώ-

2165 1910 2297 1957 σεις,
2332 1892 2451 1946 ούδέ
2487 1892 2787 1965 μελλόντων
2822 1892 3177 1966 προφητείας,
3196 1893 3353 1947 τοῦτο
3382 1893 3603 1966 πρῶτον
3625 1895 3725 1947 ἐπι-

2161 1986 2459 2058 τηρητέον,
2510 1985 2585 2049 ὡς
2634 1985 2804 2058 μυρία
2851 1986 3163 2051 θεσπίζεται
3192 1984 3258 2040 δι’
3301 1985 3524 2052 αὐτῶν,
3566 1985 3600 2041 ά
3646 1988 3728 2041 καὶ

2166 2077 2375 2149 μακρὸν
2410 2076 2475 2131 ἂν
2508 2077 2592 2148 εἴη
2629 2078 2956 2145 συναγαγεῖν
3001 2077 3094 2129 ἐπὶ
3122 2076 3217 2131 τοῦ
3264 2076 3556 2145 παρόντος,
3588 2078 3729 2148 ἀρκεῖ

2163 2170 2219 2223 δὲ
2251 2168 2559 2241 χρήσασθαι
2587 2170 2668 2233 είς
2702 2169 3010 2241 μαρτυρίαν
3038 2168 3133 2223 τοῦ
3162 2168 3321 2238 λόγου
3350 2168 3443 2223 δύο
3471 2169 3726 2241 ψαλμοῖς·

2165 2262 2662 2334 ἐπιγεγραμμένως
2708 2261 2767 2315 δέ
2819 2260 2960 2316 κατὰ
3013 2260 3109 2316 τοῦ
3157 2262 3323 2317 Δαϐὶδ
3374 2263 3621 2333 χρόνους.
3667 2261 3730 2316 Τὸ

2163 2353 2463 2425 τηνικαῦτα
2494 2352 2602 2424 γὰρ
2633 2346 2715 2415 εἷς
2746 2352 2855 2406 τῶν
2895 2352 3225 2425 ἱεροψαλτῶν
3257 2355 3286 2408 6
3326 2354 3500 2424 ’Δσὰφ
3541 2355 3727 2425 τυγχά-

2164 2458 2291 2507 νων,
2326 2441 2403 2506 ὠς
2434 2443 2492 2495 ἐν
2523 2444 2590 2514 τῇ
2627 2440 2793 2513 βίϐλῳ
2832 2442 3055 2514 φέρεται
3086 2441 3193 2497 τῶν
3224 2444 3725 2515 Παραλειπομένων,

2164 2534 2291 2597 τοὺς
2338 2534 2852 2606 ἐπιγεγραμμένους
2900 2533 3065 2587 αὐτὸν
3107 2533 3356 2605 ψαλμοὺς
3401 2532 3539 2605 θείῳ
3577 2534 3728 2588 Πνεύ-

2169 2642 2298 2696 ματι
2324 2625 2734 2698 προσεφώνησε.
2751 2625 2817 2678 Τί
2846 2624 2909 2697 δὴ
2933 2606 3026 2680 οὖν
3051 2624 3395 2696 περιέχουσιν
3423 2627 3471 2679 οί
3504 2625 3697 2697 ψαλμοί
3712 2641 3725 2691 ;

2165 2718 2498 2790 προρρήσεις
2555 2717 2655 2788 τῆς
2687 2717 3002 2789 πολιορκίας
3048 2717 3149 2788 τῆς
3209 2715 3494 2788 βασιλικῆς
3541 2718 3729 2782 πόλεως

2165 2809 2259 2863 τοῦ
2297 2809 2567 2863 Ἰουδαίων
2618 2808 2825 2874 ἔθνους,
2855 2810 2978 2880 ¹ἣτις
3007 2808 3231 2877 γέγονεν
3270 2807 3436 2877 ἐγγύς
3468 2824 3577 2862 που
3617 2826 3729 2862 πεν-

2165 2903 2435 2967 τακοσίοις
2481 2902 2625 2957 ἔτεσι
2654 2902 2792 2974 μετὰ
2824 2902 2921 2975 τὴν
2955 2902 3278 2975 πρόρρησιν.
3314 2902 3478 2973 Λέγει
3519 2904 3567 2957 δ’
3595 2898 3680 2958 οὖν
3704 2907 3729 2959 6

2167 2993 2565 3065 ἐϐδομηκοστδς
2618 2994 2799 3066 τρίτος
2845 2995 3325 3067 ἐπιγεγραμμένος
3367 2995 3635 3060 συνέσεως
3660 2996 3729 3067 τῷ

2187 3086 2379 3157 Ἀσάφ,
2402 3105 2420 3139 ι
2451 3087 2566 3141 Ἵνα
2596 3086 2647 3140 τί
2671 3085 2897 3154 ἀπώσω,
2914 3088 2942 3140 6
2968 3086 3119 3152 Θεὸς,
3155 3089 3235 3151 είς
3250 3087 3730 3161 τέλος;ὠργίσθηὸ

2171 3172 2340 3245 θυμός
2388 3192 2482 3228 σου
2528 3174 2619 3228 ἐπὶ
2664 3176 2910 3246 πρόϐατα
2958 3174 3131 3248 νομῆς
3177 3194 3306 3243 σούς
3346 3178 3615 3251 μνήσθητι
3641 3178 3730 3248 τῆς

2171 3268 2493 3339 συναγωγῆς
2540 3286 2669 3334 σου,
2711 3264 2780 3341 ἦς
2810 3270 3023 3342 ἐκτήσω
3050 3270 3147 3325 ἀπ’
3197 3271 3403 3342 ἀρχῆς,
3452 3267 3729 3345 ἐλυτρώσω

2171 3360 2364 3434 ῥάϐδον
2424 3361 2787 3434 κληρονομίας
2820 3379 2933 3417 σου.
2973 3364 3135 3435 Ὄρος
3173 3363 3312 3419 Σιὼν
3342 3364 3526 3429 τοῦτο,
3553 3365 3583 3419 δ
3611 3380 3730 3418 κατ-

2168 3454 2481 3526 εσκήνωσας
2522 3455 2581 3507 ἐν
2612 3452 2781 3525 αὐτῷ,
2808 3455 3010 3525 έπαρον
3050 3453 3151 3519 τὰς
3177 3456 3365 3528 χεῖράς
3400 3473 3492 3510 σου
3527 3457 3618 3509 ἐπὶ
3642 3456 3731 3519 τὰς

2169 3547 2542 3618 ὑπερηφανίας
2573 3546 2752 3601 αὐτῶν
2783 3548 2863 3611 είς
2905 3546 3077 3612 τέλος.
3107 3548 3246 3603 Ὅσα
3287 3549 3684 3621 ἐπονηρεύσατο
3703 3549 3731 3600 6

2168 3637 2361 3709 ἐχθρὸς
2414 3639 2472 3693 ἐν
2522 3642 2633 3703 τοῖς
2688 3639 2864 3707 ἁγίοις
2914 3656 3030 3706 σου,
3083 3639 3179 3693 καὶ
3210 3641 3645 3714 ἐνεκαυχήσαντο
3685 3641 3730 3693 oi

2171 3729 2456 3801 μισοῦντές
2485 3747 2545 3784 σε
2591 3732 2649 3785 ἐν
2710 3731 2859 3803 μέσῳ
2896 3731 2999 3802 τῆς
3027 3732 3223 3805 ἑορτῆς
3278 3749 3394 3797 σου,
3447 3733 3627 3787 ἔθεντο
3670 3731 3731 3785 τά

2170 3825 2371 3893 σημεῖα
2407 3822 2586 3878 αὐτῶν
2611 3826 2812 3895 σημεῖα
2831 3837 2849 3855 ο
2885 3824 2980 3878 καὶ
3026 3824 3126 3877 οὐκ
3156 3822 3398 3892 ἔγνωσαν
3428 3824 3506 3888 ὡς
3537 3826 3616 3888 είς
3641 3824 3730 3895 τὴν

2169 3911 2344 3977 ἔξοδον
2399 3914 2674 3987 ὑπεράνω.
2719 3914 2807 3978 Ὠς
2854 3917 2913 3968 ὲν
2942 3914 3131 3986 δρυμῷ
3162 3913 3364 3981 ξύλων,
3408 3914 3620 3983 ἀξίναις
3656 3914 3731 3979 ἐξ·

2170 4003 2371 4074 έκοψαν
2401 4003 2500 4068 τὰς
2526 4003 2695 4076 θύρας
2726 4005 2898 4075 αὐτῆς
2930 4006 3023 4058 ἐπὶ
3054 4006 3117 4060 τὸ
3147 4005 3298 4070 αὐτὸ,
3320 4008 3380 4060 ἐν
3404 4007 3622 4061 πελέκει
3645 4006 3732 4059 καὶ

2166 4097 2504 4170 λαξευτηρίῳ
2534 4097 2875 4170 κατέῤῥαξαν
2908 4097 3097 4168 αὐτήν.
3135 4096 3493 4168 Ἐνεπύρισαν
3523 4099 3584 4150 ἐν
3611 4095 3731 4168 πυρὶ

2165 4190 2228 4244 τὸ
2260 4190 2612 4261 άγιαστήριόν
2639 4206 2754 4255 σου,
2787 4191 2866 4254 είς
2891 4192 2989 4262 τὴν
3017 4190 3119 4261 γῆν
3153 4188 3500 4261 ἐϐεϐήλωσαν
3516 4189 3579 4243 τὸ
3607 4190 3729 4259 σκή-

2168 4285 2325 4354 νωμα
2355 4280 2452 4336 τοῦ
2475 4281 2737 4352 ὀνόματός
2767 4298 2883 4335 σου.
2914 4301 2933 4335 ι
2958 4280 3143 4338 Ταῦτα
3166 4281 3266 4353 μέν
3291 4283 3321 4336 6
3344 4280 3731 4353 ἐϐδομηκοστὺς

2165 4375 2347 4448 τρίτος
2374 4373 2584 4447 ψαλμός
2603 4391 2617 4405 ο
2664 4374 2759 4430 καί⁵
2803 4377 2833 4430 6
2862 4373 3257 4448 ἑϐδομηκοστδς
3284 4373 3342 4429 δὲ
3398 4374 3614 4445 ὄγδοος,
3643 4371 3727 4427 τοῦ

2180 4468 2352 4538 Ἀσάφ
2399 4467 2492 4523 καὶ⁵
2533 4467 2699 4531 αὐτὸς
2740 4468 3055 4538 τυγχάνων,
3106 4468 3233 4521 τάδε
3278 4469 3557 4540 περιέχει·
3612 4488 3631 4521 ι
3678 4470 3731 4521 '0

498 4557 557 4611 in
588 4562 735 4612 terra
761 4555 1071 4624 polluerunt
1095 4550 1507 4608 tabernaculum
1542 4547 1781 4604 nominis
1816 4546 1896 4602 tui
1925 4547 1992 4599 ²¹.
2037 4565 2057 4598 ι

2168 4557 2336 4623 Θεὸς,
2388 4557 2707 4627 είσήλθοσαν
2738 4557 2863 4629 ἔθνη
2918 4561 2999 4623 είς
3042 4559 3140 4631 τὴν
3199 4560 3562 4632 κληρονομίαν
3619 4578 3727 4625 σου,

500 4646 625 4701 Haec
643 4646 863 4719 quidem
910 4644 1345 4716 septuagesimus
1392 4642 1586 4697 tertius
1630 4641 1898 4712 psalmus.
1965 4638 2063 4694 Se-

494 4739 868 4811 ptuagesimus
881 4744 1062 4793 autem
1075 4745 1324 4803 octavus,
1340 4734 1434 4806 qui
1449 4736 1566 4806 ipse
1595 4747 1811 4804 quoque
1824 4739 1907 4787 est
1922 4730 2063 4786 Asa-

495 4829 732 4902 pbi,bazc
756 4829 1000 4885 continet
1028 4846 1072 4883 τι
1098 4825 1260 4893 Deus,
1288 4825 1822 4896 vcneruntgentesin
1837 4821 2065 4877 haeredi-

495 4932 662 4977 tatem
680 4929 848 4984 tuam,
864 4920 1174 4990 polluerunt
1188 4920 1444 4989 templum
1462 4925 1714 4975 sanctum
1728 4924 2066 4985 tuum,posu-

496 5011 969 5069 eruntlerusalem
994 5012 1153 5082 quasi
1187 5026 1475 5082 pomorum
1509 5010 1836 5072 custodiam,
1863 5022 2065 5079 posue-

498 5112 629 5161 runt
673 5105 967 5161 morticina
996 5120 1282 5161 servorum
1305 5114 1523 5159 tuorum
1550 5117 1706 5160 escas
1748 5101 2064 5157 volatilibus

498 5198 647 5264 cceli,
669 5212 863 5254 carnes
876 5205 1189 5252 sanctorum
1205 5204 1420 5252 tuorum
1445 5196 1638 5252 bestiis
1655 5203 1815 5250 terrae
1844 5195 1910 5246 η.
1942 5213 1960 5245 ι
1987 5191 2063 5246 Ex

500 5289 586 5344 bis
609 5305 671 5345 ea
693 5291 974 5361 quaeprius
994 5290 1225 5345 recitata
1251 5296 1399 5353 sunt,
1423 5288 1546 5344 dico
1561 5296 1740 5343 autem
1755 5301 1838 5351 ea,
1861 5301 1981 5356 qua:
2000 5287 2066 5340 de

501 5385 901 5453 septuagesimo
915 5383 1122 5454 psalmo
1134 5382 1727 5453 accepimus,praedicta
1749 5389 1877 5437 sunt
1891 5380 2067 5434 adhuc

500 5479 763 5542 regnante
777 5472 1266 5541 David,antequam
1287 5468 1547 5543 templum
1572 5488 1602 5527 a
1627 5471 1920 5527 Salomone
1940 5486 2065 5526 con-

500 5570 769 5618 structum
793 5574 957 5621 esset.
972 5564 1134 5637 465
1154 5564 1259 5619 Sed
1282 5580 1447 5625 suum,
1464 5564 1623 5618 linem
1639 5566 1937 5635 contigere,
1956 5579 2062 5618 non

569 5743 617 5775 ’°
649 5741 796 5799 Psal.
830 5758 898 5797 ιιι.
922 5782 934 5805 ,
963 5743 1122 5798 2-15.

2169 4648 2397 4723 ἐμίαναν
2428 4650 2521 4703 τὸν
2550 4649 2675 4704 ναὸν
2697 4650 2789 4703 τὸν
2822 4650 2975 4719 ἆγιόν
3004 4668 3118 4705 σου.
3143 4651 3364 4706 ’Ἐθεντο
3394 4653 3729 4725 Ἰερουσαλὴμ

2170 4742 2245 4805 ὡς
2269 4740 2732 4813 ὀπωροφυλάκιον,
2762 4740 2944 4796 ἔθεντο
2975 4742 3044 4797 τὰ
3076 4742 3375 4816 θνησιμαῖα
3399 4745 3503 4799 τῶν
3536 4746 3727 4800 δούλων

2174 4850 2265 4886 σου
2299 4833 2561 4906 βρώματα
2602 4836 2715 4896 τοῖς
2747 4837 3009 4899 πετεινοῖς
3036 4835 3128 4889 τοῦ
3170 4836 3399 4908 ούρανοῦ
3419 4879 3435 4903 ,
3473 4838 3571 4901 τὰς
3604 4839 3725 4909 σάρ-

2174 4941 2275 4988 κας
2303 4924 2413 4979 τῶν
2441 4925 2602 4980 ὁσίων
2633 4944 2726 4979 σου
2747 4930 2859 4989 τοῖς
2878 4927 3086 4999 θηρίοις
3114 4928 3212 4999 τῆς
3237 4929 3360 4999 γῆς.
3391 4949 3411 4981 ι
3440 4928 3652 4982 Τούτων
3673 4928 3724 4980 δέ

2168 5016 2237 5070 τὰ
2282 5016 2379 5086 μὲν
2422 5018 2633 5089 πρῶτα,
2663 5017 2807 5087 λέγω
2835 5017 2892 5071 δὲ
2922 5018 2991 5072 τά
3038 5019 3146 5072 ἀπὸ
3197 5020 3289 5073 τοῦ
3338 5018 3723 5092 ἑϐδομηκοστοῦ

2170 5105 2351 5178 τρίτου
2380 5107 2627 5179 ψαλμοῦ,
2665 5110 2846 5180 εἴρητο
2888 5108 3258 5178 βασιλεύοντος
3287 5109 3368 5163 ἐτι
3410 5108 3500 5164 τοῦ
3548 5107 3720 5170 Δαϐὶδ,

2172 5198 2277 5269 πρὸ
2314 5198 2409 5252 τοῦ
2446 5199 2533 5253 τὸν
2566 5199 2693 5253 ναὸν
2721 5200 2824 5253 ὑπὸ
2863 5198 3170 5270 Σολομῶνος
3192 5197 3719 5269 κατασκευασθῆναν

2170 5289 2356 5353 τέλους
2385 5290 2443 5343 δὲ
2473 5290 2658 5362 ἔτυχεν
2705 5292 2805 5345 οὐκ
2846 5290 3033 5346 ἄλλοτε
3065 5290 3098 5361 ἥ
3131 5290 3347 5363 πρῶτον
3377 5292 3475 5361 μὲν
3500 5289 3596 5342 ἐπὶ
3630 5286 3722 5360 τῆς

2172 5379 2522 5434 Βαϐυλωνίων
2575 5380 2907 5452 πολιορκίας,
2950 5382 3198 5455 δεύτερον
3233 5381 3291 5436 δὲ
3330 5383 3425 5435 ἐπὶ
3472 5380 3565 5433 τοῦ
3602 5381 3724 5436 Ῥωτ

2175 5470 2369 5541 μαϊκού
2411 5473 2544 5541 πρὸς
2585 5472 2869 5537 Ἰουδαίους
2922 5473 3188 5546 πολέμου·
3236 5473 3440 5528 ἕκαστα
3473 5471 3581 5543 γὰρ
3621 5469 3724 5523 τῶν

2171 5563 2471 5633 εἰρημένων
2516 5564 2815 5636 ἐπληροῦτο
2850 5566 2940 5619 ἐπί
2988 5583 3047 5620 τε
3092 5565 3190 5636 τῆς
3241 5563 3461 5638 πρώτης
3484 5563 3577 5617 καὶ
3612 5562 3726 5617 δευ-

1197 5746 1238 5776 ²¹
1280 5743 1424 5799 Psal.
1457 5758 1662 5806 Lxxm,
1697 5743 1812 5797 1-7.
1889 5745 1933 5774 ¹¹
1973 5741 2118 5796 Psal.
2153 5757 2395 5809 Lxmn,
2436 5743 2487 5809 l,
2511 5741 2566 5795 2.
