  <div class='ocr_page' id='page_1' title='image "/cluster/home/n/w/nwhite01/storage/ocr_20150623/22/mdp.39015078384388/379.png"; bbox 0 0 3908 6266; ppageno 0'>
   <div class='ocr_carea' id='block_1_1' title="bbox 506 339 610 397">
    <p class='ocr_par' dir='ltr' id='par_1_1' title="bbox 506 339 610 397">
     <span class='ocr_line' id='line_1_1' title="bbox 506 339 610 397; baseline 0 -2"><span class='ocrx_word' id='word_1_1' title='bbox 506 339 610 397; x_wconf 67' lang='grc' dir='ltr'><strong>πε</strong></span> 
     </span>
    </p>
   </div>
   <div class='ocr_carea' id='block_1_2' title="bbox 1161 340 2067 408">
    <p class='ocr_par' dir='ltr' id='par_1_2' title="bbox 1161 340 2067 399">
     <span class='ocr_line' id='line_1_2' title="bbox 1161 340 2067 399; baseline 0.002 -4"><span class='ocrx_word' id='word_1_2' title='bbox 1161 341 1430 397; x_wconf 81' lang='lat' dir='ltr'><strong>EUSEBH</strong></span> <span class='ocrx_word' id='word_1_3' title='bbox 1469 340 1952 399; x_wconf 69' lang='lat' dir='ltr'><strong>CESARIENSlS</strong></span> <span class='ocrx_word' id='word_1_4' title='bbox 1982 343 2067 397; x_wconf 82' lang='grc' dir='ltr'>ΟΡ</span> 
     </span>
    </p>
   </div>
   <div class='ocr_carea' id='block_1_3' title="bbox 2170 340 3696 408">
    <p class='ocr_par' dir='ltr' id='par_1_3' title="bbox 2171 342 3696 408">
     <span class='ocr_line' id='line_1_3' title="bbox 2171 342 3696 408; baseline 0.001 -12"><span class='ocrx_word' id='word_1_5' title='bbox 2171 342 2350 396; x_wconf 75' lang='lat' dir='ltr'><strong>PARS</strong></span> <span class='ocrx_word' id='word_1_6' title='bbox 2381 343 2444 397; x_wconf 85' lang='lat' dir='ltr'><strong>ll.</strong></span> <span class='ocrx_word' id='word_1_7' title='bbox 2485 373 2555 383; x_wconf 89' lang='lat'><strong>—</strong></span> <span class='ocrx_word' id='word_1_8' title='bbox 2592 342 3087 399; x_wconf 80' lang='lat' dir='ltr'><strong>APOLOGETICA.</strong></span> <span class='ocrx_word' id='word_1_9' title='bbox 3608 348 3696 408; x_wconf 74' lang='lat' dir='ltr'><strong>m</strong></span> 
     </span>
    </p>
   </div>
   <div class='ocr_carea' id='block_1_4' title="bbox 504 460 2067 538">
    <p class='ocr_par' dir='ltr' id='par_1_4' title="bbox 504 460 2067 533">
     <span class='ocr_line' id='line_1_4' title="bbox 504 460 2067 533; baseline -0.002 -12"><span class='ocrx_word' id='word_1_10' title='bbox 504 478 669 521; x_wconf 85' lang='lat' dir='ltr'><strong>neum</strong></span> <span class='ocrx_word' id='word_1_11' title='bbox 698 477 856 519; x_wconf 87' lang='lat' dir='ltr'><strong>suum</strong></span> <span class='ocrx_word' id='word_1_12' title='bbox 878 462 943 512; x_wconf 83' lang='lat'><strong>&quot;.</strong></span> <span class='ocrx_word' id='word_1_13' title='bbox 978 481 996 513; x_wconf 73' lang='grc' dir='ltr'><strong>ι</strong></span> <span class='ocrx_word' id='word_1_14' title='bbox 1033 460 1244 517; x_wconf 84' lang='lat' dir='ltr'><strong>Etenim</strong></span> <span class='ocrx_word' id='word_1_15' title='bbox 1272 476 1435 533; x_wconf 88' lang='lat' dir='ltr'><strong>quam</strong></span> <span class='ocrx_word' id='word_1_16' title='bbox 1461 461 1677 517; x_wconf 79' lang='lat' dir='ltr'><strong>tandem</strong></span> <span class='ocrx_word' id='word_1_17' title='bbox 1709 463 1870 517; x_wconf 86' lang='lat' dir='ltr'><strong>aliam</strong></span> <span class='ocrx_word' id='word_1_18' title='bbox 1900 464 1955 517; x_wconf 85' lang='lat' dir='ltr'><strong>in</strong></span> <span class='ocrx_word' id='word_1_19' title='bbox 1989 462 2067 519; x_wconf 87' lang='lat' dir='ltr'><strong>his</strong></span> 
     </span>
    </p>
   </div>
   <div class='ocr_carea' id='block_1_5' title="bbox 2170 460 3695 538">
    <p class='ocr_par' dir='ltr' id='par_1_5' title="bbox 2179 462 3695 538">
     <span class='ocr_line' id='line_1_5' title="bbox 2179 462 3695 538; baseline 0.003 -24"><span class='ocrx_word' id='word_1_20' title='bbox 2179 463 2270 534; x_wconf 89' lang='grc' dir='ltr'><strong>ρόν</strong></span> <span class='ocrx_word' id='word_1_21' title='bbox 2314 480 2404 534; x_wconf 90' lang='grc' dir='ltr'><strong>με,</strong></span> <span class='ocrx_word' id='word_1_22' title='bbox 2440 464 2589 517; x_wconf 81' lang='grc' dir='ltr'>ῐασαι</span> <span class='ocrx_word' id='word_1_23' title='bbox 2634 462 2733 535; x_wconf 79' lang='grc' dir='ltr'>τὴν</span> <span class='ocrx_word' id='word_1_24' title='bbox 2764 462 2939 534; x_wconf 82' lang='grc' dir='ltr'>ψυχήν</span> <span class='ocrx_word' id='word_1_25' title='bbox 2976 479 3097 533; x_wconf 88' lang='grc' dir='ltr'>μου,</span> <span class='ocrx_word' id='word_1_26' title='bbox 3133 462 3226 516; x_wconf 85' lang='grc' dir='ltr'>καὶ</span> <span class='ocrx_word' id='word_1_27' title='bbox 3260 465 3309 517; x_wconf 83' lang='grc' dir='ltr'><strong>εί</strong></span> <span class='ocrx_word' id='word_1_28' title='bbox 3358 464 3585 538; x_wconf 74' lang='grc' dir='ltr'>ήμαρτόν</span> <span class='ocrx_word' id='word_1_29' title='bbox 3610 486 3695 538; x_wconf 77' lang='grc' dir='ltr'>σοι,</span> 
     </span>
    </p>
   </div>
   <div class='ocr_carea' id='block_1_6' title="bbox 507 552 2068 625">
    <p class='ocr_par' dir='ltr' id='par_1_6' title="bbox 507 552 2068 625">
     <span class='ocr_line' id='line_1_6' title="bbox 507 552 2068 625; baseline -0.001 -15"><span class='ocrx_word' id='word_1_30' title='bbox 507 554 846 624; x_wconf 82' lang='lat' dir='ltr'><strong>Scripturam</strong></span> <span class='ocrx_word' id='word_1_31' title='bbox 882 552 1204 623; x_wconf 73' lang='lat' dir='ltr'><strong>completam</strong></span> <span class='ocrx_word' id='word_1_32' title='bbox 1235 569 1358 609; x_wconf 86' lang='lat' dir='ltr'><strong>esse</strong></span> <span class='ocrx_word' id='word_1_33' title='bbox 1385 554 1622 618; x_wconf 83' lang='lat' dir='ltr'><strong>dicebat,</strong></span> <span class='ocrx_word' id='word_1_34' title='bbox 1657 554 1764 609; x_wconf 84' lang='lat' dir='ltr'><strong>nisi</strong></span> <span class='ocrx_word' id='word_1_35' title='bbox 1794 570 1914 609; x_wconf 90' lang='lat' dir='ltr'><strong>eam</strong></span> <span class='ocrx_word' id='word_1_36' title='bbox 1948 570 2068 625; x_wconf 73' lang='lat' dir='ltr'><strong>qua:</strong></span> 
     </span>
    </p>
   </div>
   <div class='ocr_carea' id='block_1_7' title="bbox 506 642 2066 714">
    <p class='ocr_par' dir='ltr' id='par_1_7' title="bbox 506 642 2066 714">
     <span class='ocr_line' id='line_1_7' title="bbox 506 642 2066 714; baseline 0 -14"><span class='ocrx_word' id='word_1_37' title='bbox 506 647 562 700; x_wconf 88' lang='lat' dir='ltr'><strong>in</strong></span> <span class='ocrx_word' id='word_1_38' title='bbox 592 644 696 700; x_wconf 87' lang='lat' dir='ltr'><strong>hoc</strong></span> <span class='ocrx_word' id='word_1_39' title='bbox 722 644 932 714; x_wconf 84' lang='lat' dir='ltr'><strong>psalmo</strong></span> <span class='ocrx_word' id='word_1_40' title='bbox 967 642 1217 705; x_wconf 88' lang='lat' dir='ltr'><strong>habetur,</strong></span> <span class='ocrx_word' id='word_1_41' title='bbox 1253 644 1346 714; x_wconf 89' lang='lat' dir='ltr'><strong>qui</strong></span> <span class='ocrx_word' id='word_1_42' title='bbox 1393 659 1540 699; x_wconf 93' lang='lat' dir='ltr'><strong>nunc</strong></span> <span class='ocrx_word' id='word_1_43' title='bbox 1573 644 1628 698; x_wconf 90' lang='lat' dir='ltr'><strong>in</strong></span> <span class='ocrx_word' id='word_1_44' title='bbox 1662 646 1915 700; x_wconf 86' lang='lat' dir='ltr'><strong>manibus</strong></span> <span class='ocrx_word' id='word_1_45' title='bbox 1962 656 2066 712; x_wconf 90' lang='lat' dir='ltr'><strong>est,</strong></span> 
     </span>
    </p>
   </div>
   <div class='ocr_carea' id='block_1_8' title="bbox 504 736 2067 807">
    <p class='ocr_par' dir='ltr' id='par_1_8' title="bbox 504 736 2067 807">
     <span class='ocr_line' id='line_1_8' title="bbox 504 736 2067 807; baseline -0.001 -15"><span class='ocrx_word' id='word_1_46' title='bbox 504 738 561 792; x_wconf 87' lang='lat' dir='ltr'><strong>in</strong></span> <span class='ocrx_word' id='word_1_47' title='bbox 596 752 706 807; x_wconf 91' lang='lat' dir='ltr'><strong>quo</strong></span> <span class='ocrx_word' id='word_1_48' title='bbox 736 737 951 805; x_wconf 86' lang='lat' dir='ltr'><strong>quidem</strong></span> <span class='ocrx_word' id='word_1_49' title='bbox 981 736 1188 806; x_wconf 83' lang='lat' dir='ltr'><strong>psalmo</strong></span> <span class='ocrx_word' id='word_1_50' title='bbox 1218 736 1351 791; x_wconf 86' lang='lat' dir='ltr'><strong>illud</strong></span> <span class='ocrx_word' id='word_1_51' title='bbox 1389 736 1594 791; x_wconf 87' lang='lat' dir='ltr'><strong>dictum</strong></span> <span class='ocrx_word' id='word_1_52' title='bbox 1628 746 1712 792; x_wconf 90' lang='lat' dir='ltr'><strong>est</strong></span> <span class='ocrx_word' id='word_1_53' title='bbox 1743 754 1756 790; x_wconf 90' lang='lat'><strong>:</strong></span> <span class='ocrx_word' id='word_1_54' title='bbox 1802 756 1822 789; x_wconf 73' lang='grc' dir='ltr'><strong>ι</strong></span> <span class='ocrx_word' id='word_1_55' title='bbox 1856 737 2067 792; x_wconf 86' lang='lat' dir='ltr'><strong>Etenim</strong></span> 
     </span>
    </p>
   </div>
   <div class='ocr_carea' id='block_1_9' title="bbox 504 822 2069 897">
    <p class='ocr_par' dir='ltr' id='par_1_9' title="bbox 504 822 2069 897">
     <span class='ocr_line' id='line_1_9' title="bbox 504 822 2069 897; baseline 0.003 -20"><span class='ocrx_word' id='word_1_56' title='bbox 504 822 668 881; x_wconf 85' lang='lat' dir='ltr'><strong>homo</strong></span> <span class='ocrx_word' id='word_1_57' title='bbox 696 823 847 891; x_wconf 83' lang='lat' dir='ltr'><strong>pacis</strong></span> <span class='ocrx_word' id='word_1_58' title='bbox 876 838 1009 877; x_wconf 74' lang='lat' dir='ltr'><strong>meae</strong></span> <span class='ocrx_word' id='word_1_59' title='bbox 1043 825 1096 876; x_wconf 91' lang='lat' dir='ltr'><strong>in</strong></span> <span class='ocrx_word' id='word_1_60' title='bbox 1123 838 1233 893; x_wconf 90' lang='lat' dir='ltr'><strong>quo</strong></span> <span class='ocrx_word' id='word_1_61' title='bbox 1266 825 1499 894; x_wconf 79' lang='lat' dir='ltr'><strong>speravi,</strong></span> <span class='ocrx_word' id='word_1_62' title='bbox 1535 826 1626 894; x_wconf 87' lang='lat' dir='ltr'><strong>qui</strong></span> <span class='ocrx_word' id='word_1_63' title='bbox 1669 827 1863 881; x_wconf 80' lang='lat' dir='ltr'><strong>edebat</strong></span> <span class='ocrx_word' id='word_1_64' title='bbox 1903 843 2069 897; x_wconf 90' lang='lat' dir='ltr'><strong>panes</strong></span> 
     </span>
    </p>
   </div>
   <div class='ocr_carea' id='block_1_10' title="bbox 501 916 2063 991">
    <p class='ocr_par' dir='ltr' id='par_1_10' title="bbox 501 916 2063 991">
     <span class='ocr_line' id='line_1_10' title="bbox 501 916 2063 991; baseline 0.003 -23"><span class='ocrx_word' id='word_1_65' title='bbox 501 930 680 980; x_wconf 87' lang='lat' dir='ltr'><strong>meos,</strong></span> <span class='ocrx_word' id='word_1_66' title='bbox 711 916 1074 986; x_wconf 80' lang='lat' dir='ltr'><strong>magniﬁcavit</strong></span> <span class='ocrx_word' id='word_1_67' title='bbox 1106 933 1270 987; x_wconf 87' lang='lat' dir='ltr'><strong>super</strong></span> <span class='ocrx_word' id='word_1_68' title='bbox 1310 935 1396 975; x_wconf 90' lang='lat' dir='ltr'><strong>me</strong></span> <span class='ocrx_word' id='word_1_69' title='bbox 1429 921 1927 991; x_wconf 82' lang='lat' dir='ltr'><strong>supplantationem</strong></span> <span class='ocrx_word' id='word_1_70' title='bbox 1942 922 2008 973; x_wconf 81' lang='lat'><strong>&quot;.</strong></span> <span class='ocrx_word' id='word_1_71' title='bbox 2044 940 2063 972; x_wconf 75' lang='grc' dir='ltr'><strong>ι</strong></span> 
     </span>
    </p>
   </div>
   <div class='ocr_carea' id='block_1_11' title="bbox 501 1006 2070 1084">
    <p class='ocr_par' dir='ltr' id='par_1_11' title="bbox 501 1006 2070 1084">
     <span class='ocr_line' id='line_1_11' title="bbox 501 1006 2070 1084; baseline 0.006 -22"><span class='ocrx_word' id='word_1_72' title='bbox 501 1006 665 1064; x_wconf 78' lang='lat' dir='ltr'><strong>initio</strong></span> <span class='ocrx_word' id='word_1_73' title='bbox 695 1025 825 1080; x_wconf 82' lang='lat' dir='ltr'><strong>ergo</strong></span> <span class='ocrx_word' id='word_1_74' title='bbox 869 1012 950 1065; x_wconf 91' lang='lat' dir='ltr'><strong>sic</strong></span> <span class='ocrx_word' id='word_1_75' title='bbox 991 1012 1068 1065; x_wconf 86' lang='lat' dir='ltr'><strong>ait</strong></span> <span class='ocrx_word' id='word_1_76' title='bbox 1098 1031 1112 1066; x_wconf 90' lang='lat'><strong>:</strong></span> <span class='ocrx_word' id='word_1_77' title='bbox 1149 1031 1168 1063; x_wconf 79' lang='grc' dir='ltr'><strong>ι</strong></span> <span class='ocrx_word' id='word_1_78' title='bbox 1204 1011 1313 1084; x_wconf 87' lang='lat' dir='ltr'><strong>Ego</strong></span> <span class='ocrx_word' id='word_1_79' title='bbox 1346 1012 1480 1077; x_wconf 76' lang='lat' dir='ltr'><strong>dixi,</strong></span> <span class='ocrx_word' id='word_1_80' title='bbox 1519 1015 1765 1079; x_wconf 83' lang='lat' dir='ltr'><strong>Domine,</strong></span> <span class='ocrx_word' id='word_1_81' title='bbox 1810 1017 2070 1072; x_wconf 89' lang='lat' dir='ltr'><strong>miserere</strong></span> 
     </span>
    </p>
   </div>
   <div class='ocr_carea' id='block_1_12' title="bbox 500 1103 2070 1179">
    <p class='ocr_par' dir='ltr' id='par_1_12' title="bbox 500 1103 2070 1179">
     <span class='ocr_line' id='line_1_12' title="bbox 500 1103 2070 1179; baseline 0.006 -24"><span class='ocrx_word' id='word_1_82' title='bbox 500 1103 630 1166; x_wconf 87' lang='lat' dir='ltr'><strong>mei,</strong></span> <span class='ocrx_word' id='word_1_83' title='bbox 666 1118 799 1157; x_wconf 89' lang='lat' dir='ltr'><strong>sana</strong></span> <span class='ocrx_word' id='word_1_84' title='bbox 823 1104 1062 1171; x_wconf 82' lang='lat' dir='ltr'><strong>animam</strong></span> <span class='ocrx_word' id='word_1_85' title='bbox 1097 1120 1292 1169; x_wconf 91' lang='lat' dir='ltr'><strong>meam,</strong></span> <span class='ocrx_word' id='word_1_86' title='bbox 1320 1109 1446 1176; x_wconf 84' lang='lat' dir='ltr'><strong>quia</strong></span> <span class='ocrx_word' id='word_1_87' title='bbox 1474 1110 1692 1179; x_wconf 88' lang='lat' dir='ltr'><strong>peccavi</strong></span> <span class='ocrx_word' id='word_1_88' title='bbox 1724 1108 1879 1162; x_wconf 75' lang='lat' dir='ltr'><strong>tibi“</strong></span> <span class='ocrx_word' id='word_1_89' title='bbox 1914 1130 1925 1163; x_wconf 90' lang='lat'>:</span> <span class='ocrx_word' id='word_1_90' title='bbox 1962 1130 1982 1161; x_wconf 73' lang='grc' dir='ltr'><strong>ι</strong></span> <span class='ocrx_word' id='word_1_91' title='bbox 2015 1119 2070 1165; x_wconf 91' lang='lat' dir='ltr'><strong>et</strong></span> 
     </span>
    </p>
   </div>
   <div class='ocr_carea' id='block_1_13' title="bbox 500 1197 2070 1270">
    <p class='ocr_par' dir='ltr' id='par_1_13' title="bbox 500 1197 2070 1270">
     <span class='ocr_line' id='line_1_13' title="bbox 500 1197 2070 1270; baseline 0.005 -21"><span class='ocrx_word' id='word_1_92' title='bbox 500 1212 599 1265; x_wconf 86' lang='lat' dir='ltr'><strong>per</strong></span> <span class='ocrx_word' id='word_1_93' title='bbox 636 1203 809 1251; x_wconf 82' lang='lat' dir='ltr'><strong>totum</strong></span> <span class='ocrx_word' id='word_1_94' title='bbox 844 1197 1133 1267; x_wconf 87' lang='lat' dir='ltr'><strong>psalmum,</strong></span> <span class='ocrx_word' id='word_1_95' title='bbox 1180 1214 1243 1254; x_wconf 93' lang='lat' dir='ltr'><strong>ea</strong></span> <span class='ocrx_word' id='word_1_96' title='bbox 1277 1216 1398 1270; x_wconf 75' lang='lat' dir='ltr'><strong>quae</strong></span> <span class='ocrx_word' id='word_1_97' title='bbox 1432 1202 1645 1269; x_wconf 81' lang='lat' dir='ltr'><strong>planius</strong></span> <span class='ocrx_word' id='word_1_98' title='bbox 1678 1203 1730 1256; x_wconf 94' lang='lat' dir='ltr'><strong>in</strong></span> <span class='ocrx_word' id='word_1_99' title='bbox 1776 1203 1924 1257; x_wconf 89' lang='lat' dir='ltr'><strong>hunc</strong></span> <span class='ocrx_word' id='word_1_100' title='bbox 1951 1218 2070 1257; x_wconf 88' lang='lat' dir='ltr'><strong>mo-</strong></span> 
     </span>
    </p>
   </div>
   <div class='ocr_carea' id='block_1_14' title="bbox 500 1286 2065 1359">
    <p class='ocr_par' dir='ltr' id='par_1_14' title="bbox 500 1286 2065 1359">
     <span class='ocr_line' id='line_1_14' title="bbox 500 1286 2065 1359; baseline 0.006 -18"><span class='ocrx_word' id='word_1_101' title='bbox 500 1289 629 1342; x_wconf 87' lang='lat' dir='ltr'><strong>dum</strong></span> <span class='ocrx_word' id='word_1_102' title='bbox 668 1286 1039 1359; x_wconf 83' lang='lat' dir='ltr'><strong>Symmachus</strong></span> <span class='ocrx_word' id='word_1_103' title='bbox 1079 1290 1287 1345; x_wconf 86' lang='lat' dir='ltr'><strong>edidit:</strong></span> <span class='ocrx_word' id='word_1_104' title='bbox 1329 1309 1348 1342; x_wconf 84' lang='grc'>‹</span> <span class='ocrx_word' id='word_1_105' title='bbox 1405 1291 1487 1347; x_wconf 85' lang='lat' dir='ltr'><strong>Me</strong></span> <span class='ocrx_word' id='word_1_106' title='bbox 1532 1292 1781 1356; x_wconf 89' lang='lat' dir='ltr'><strong>dicente,</strong></span> <span class='ocrx_word' id='word_1_107' title='bbox 1815 1293 2065 1359; x_wconf 88' lang='lat' dir='ltr'><strong>Domine,</strong></span> 
     </span>
    </p>
   </div>
   <div class='ocr_carea' id='block_1_15' title="bbox 499 1379 2067 1456">
    <p class='ocr_par' dir='ltr' id='par_1_15' title="bbox 499 1379 2067 1456">
     <span class='ocr_line' id='line_1_15' title="bbox 499 1379 2067 1456; baseline 0.006 -24"><span class='ocrx_word' id='word_1_108' title='bbox 499 1379 766 1435; x_wconf 88' lang='lat' dir='ltr'><strong>miserere</strong></span> <span class='ocrx_word' id='word_1_109' title='bbox 815 1381 943 1446; x_wconf 89' lang='lat' dir='ltr'><strong>mei,</strong></span> <span class='ocrx_word' id='word_1_110' title='bbox 981 1395 1114 1436; x_wconf 87' lang='lat' dir='ltr'><strong>sana</strong></span> <span class='ocrx_word' id='word_1_111' title='bbox 1138 1382 1374 1436; x_wconf 91' lang='lat' dir='ltr'><strong>animam</strong></span> <span class='ocrx_word' id='word_1_112' title='bbox 1408 1399 1623 1451; x_wconf 85' lang='lat' dir='ltr'><strong>meam;</strong></span> <span class='ocrx_word' id='word_1_113' title='bbox 1663 1395 1717 1439; x_wconf 92' lang='lat' dir='ltr'><strong>et</strong></span> <span class='ocrx_word' id='word_1_114' title='bbox 1748 1388 1794 1441; x_wconf 80' lang='lat' dir='ltr'><strong>si</strong></span> <span class='ocrx_word' id='word_1_115' title='bbox 1848 1389 2067 1456; x_wconf 72' lang='lat' dir='ltr'><strong>peccavi</strong></span> 
     </span>
    </p>
   </div>
   <div class='ocr_carea' id='block_1_16' title="bbox 499 1470 2069 1546">
    <p class='ocr_par' dir='ltr' id='par_1_16' title="bbox 499 1470 2069 1546">
     <span class='ocr_line' id='line_1_16' title="bbox 499 1470 2069 1546; baseline 0.004 -21"><span class='ocrx_word' id='word_1_116' title='bbox 499 1470 621 1534; x_wconf 86' lang='lat' dir='ltr'><strong>tibi,</strong></span> <span class='ocrx_word' id='word_1_117' title='bbox 659 1471 866 1525; x_wconf 91' lang='lat' dir='ltr'><strong>inimici</strong></span> <span class='ocrx_word' id='word_1_118' title='bbox 920 1473 1026 1527; x_wconf 89' lang='lat' dir='ltr'><strong>mei</strong></span> <span class='ocrx_word' id='word_1_119' title='bbox 1080 1473 1333 1529; x_wconf 82' lang='lat' dir='ltr'><strong>dixerunt</strong></span> <span class='ocrx_word' id='word_1_120' title='bbox 1389 1474 1457 1529; x_wconf 90' lang='lat' dir='ltr'><strong>de</strong></span> <span class='ocrx_word' id='word_1_121' title='bbox 1506 1491 1593 1530; x_wconf 91' lang='lat' dir='ltr'><strong>me</strong></span> <span class='ocrx_word' id='word_1_122' title='bbox 1642 1482 1805 1544; x_wconf 88' lang='lat' dir='ltr'><strong>mala,</strong></span> <span class='ocrx_word' id='word_1_123' title='bbox 1850 1478 2069 1546; x_wconf 88' lang='lat' dir='ltr'><strong>quando</strong></span> 
     </span>
    </p>
   </div>
   <div class='ocr_carea' id='block_1_17' title="bbox 501 1562 2070 1640">
    <p class='ocr_par' dir='ltr' id='par_1_17' title="bbox 501 1562 2070 1640">
     <span class='ocr_line' id='line_1_17' title="bbox 501 1562 2070 1640; baseline 0.005 -24"><span class='ocrx_word' id='word_1_124' title='bbox 501 1562 786 1630; x_wconf 88' lang='lat' dir='ltr'><strong>morietur,</strong></span> <span class='ocrx_word' id='word_1_125' title='bbox 817 1571 870 1618; x_wconf 89' lang='lat' dir='ltr'><strong>et</strong></span> <span class='ocrx_word' id='word_1_126' title='bbox 899 1564 1097 1633; x_wconf 88' lang='lat' dir='ltr'><strong>peribit</strong></span> <span class='ocrx_word' id='word_1_127' title='bbox 1124 1579 1321 1620; x_wconf 91' lang='lat' dir='ltr'><strong>nomen</strong></span> <span class='ocrx_word' id='word_1_128' title='bbox 1344 1566 1497 1634; x_wconf 87' lang='lat' dir='ltr'><strong>ejus?</strong></span> <span class='ocrx_word' id='word_1_129' title='bbox 1518 1577 1572 1621; x_wconf 86' lang='lat' dir='ltr'><strong>et</strong></span> <span class='ocrx_word' id='word_1_130' title='bbox 1600 1582 1724 1622; x_wconf 91' lang='lat' dir='ltr'><strong>cum</strong></span> <span class='ocrx_word' id='word_1_131' title='bbox 1757 1568 2070 1640; x_wconf 86' lang='lat' dir='ltr'><strong>ingredere-</strong></span> 
     </span>
    </p>
   </div>
   <div class='ocr_carea' id='block_1_18' title="bbox 502 1657 2072 1732">
    <p class='ocr_par' dir='ltr' id='par_1_18' title="bbox 502 1657 2072 1732">
     <span class='ocr_line' id='line_1_18' title="bbox 502 1657 2072 1732; baseline 0.004 -22"><span class='ocrx_word' id='word_1_132' title='bbox 502 1668 610 1722; x_wconf 87' lang='lat' dir='ltr'><strong>tur,</strong></span> <span class='ocrx_word' id='word_1_133' title='bbox 642 1673 780 1712; x_wconf 86' lang='lat' dir='ltr'><strong>vana</strong></span> <span class='ocrx_word' id='word_1_134' title='bbox 813 1657 1134 1728; x_wconf 83' lang='lat' dir='ltr'><strong>loquebatur</strong></span> <span class='ocrx_word' id='word_1_135' title='bbox 1170 1673 1266 1713; x_wconf 89' lang='lat' dir='ltr'><strong>cor</strong></span> <span class='ocrx_word' id='word_1_136' title='bbox 1296 1660 1435 1729; x_wconf 84' lang='lat' dir='ltr'><strong>ejus,</strong></span> <span class='ocrx_word' id='word_1_137' title='bbox 1463 1662 1824 1732; x_wconf 80' lang='lat' dir='ltr'><strong>congregabat</strong></span> <span class='ocrx_word' id='word_1_138' title='bbox 1860 1663 2072 1732; x_wconf 87' lang='lat' dir='ltr'><strong>injusti-</strong></span> 
     </span>
    </p>
   </div>
   <div class='ocr_carea' id='block_1_19' title="bbox 502 1748 2063 1825">
    <p class='ocr_par' dir='ltr' id='par_1_19' title="bbox 502 1748 2063 1825">
     <span class='ocr_line' id='line_1_19' title="bbox 502 1748 2063 1825; baseline 0.004 -23"><span class='ocrx_word' id='word_1_139' title='bbox 502 1750 631 1802; x_wconf 89' lang='lat' dir='ltr'><strong>tiam</strong></span> <span class='ocrx_word' id='word_1_140' title='bbox 680 1750 804 1804; x_wconf 91' lang='lat' dir='ltr'><strong>sibi.</strong></span> <span class='ocrx_word' id='word_1_141' title='bbox 850 1748 987 1803; x_wconf 88' lang='lat' dir='ltr'><strong>Cum</strong></span> <span class='ocrx_word' id='word_1_142' title='bbox 1040 1750 1391 1820; x_wconf 81' lang='lat' dir='ltr'><strong>egrederetur</strong></span> <span class='ocrx_word' id='word_1_143' title='bbox 1440 1752 1607 1819; x_wconf 85' lang='lat' dir='ltr'><strong>foras,</strong></span> <span class='ocrx_word' id='word_1_144' title='bbox 1647 1755 2063 1825; x_wconf 88' lang='lat' dir='ltr'><strong>obloquebatur,</strong></span> 
     </span>
    </p>
   </div>
   <div class='ocr_carea' id='block_1_20' title="bbox 499 1843 2066 1917">
    <p class='ocr_par' dir='ltr' id='par_1_20' title="bbox 499 1843 2066 1917">
     <span class='ocr_line' id='line_1_20' title="bbox 499 1843 2066 1917; baseline 0.006 -22"><span class='ocrx_word' id='word_1_145' title='bbox 499 1856 611 1895; x_wconf 89' lang='lat' dir='ltr'><strong>uno</strong></span> <span class='ocrx_word' id='word_1_146' title='bbox 642 1844 828 1897; x_wconf 88' lang='lat' dir='ltr'><strong>animo</strong></span> <span class='ocrx_word' id='word_1_147' title='bbox 861 1843 1224 1897; x_wconf 88' lang='lat' dir='ltr'><strong>susurrabant</strong></span> <span class='ocrx_word' id='word_1_148' title='bbox 1251 1851 1440 1898; x_wconf 87' lang='lat' dir='ltr'><strong>contra</strong></span> <span class='ocrx_word' id='word_1_149' title='bbox 1482 1862 1568 1900; x_wconf 90' lang='lat' dir='ltr'><strong>me</strong></span> <span class='ocrx_word' id='word_1_150' title='bbox 1596 1862 1785 1902; x_wconf 87' lang='lat' dir='ltr'><strong>omnes</strong></span> <span class='ocrx_word' id='word_1_151' title='bbox 1811 1849 1905 1917; x_wconf 92' lang='lat' dir='ltr'><strong>qui</strong></span> <span class='ocrx_word' id='word_1_152' title='bbox 1936 1850 2066 1904; x_wconf 82' lang='lat' dir='ltr'><strong>ode—</strong></span> 
     </span>
    </p>
   </div>
   <div class='ocr_carea' id='block_1_21' title="bbox 496 1934 2067 2005">
    <p class='ocr_par' dir='ltr' id='par_1_21' title="bbox 496 1934 2067 2005">
     <span class='ocr_line' id='line_1_21' title="bbox 496 1934 2067 2005; baseline 0.007 -20"><span class='ocrx_word' id='word_1_153' title='bbox 496 1939 624 1988; x_wconf 86' lang='lat' dir='ltr'><strong>rant</strong></span> <span class='ocrx_word' id='word_1_154' title='bbox 653 1948 761 1996; x_wconf 86' lang='lat' dir='ltr'><strong>me,</strong></span> <span class='ocrx_word' id='word_1_155' title='bbox 785 1934 853 1989; x_wconf 90' lang='lat' dir='ltr'><strong>de</strong></span> <span class='ocrx_word' id='word_1_156' title='bbox 883 1950 969 1990; x_wconf 93' lang='lat' dir='ltr'><strong>me</strong></span> <span class='ocrx_word' id='word_1_157' title='bbox 996 1936 1311 2005; x_wconf 86' lang='lat' dir='ltr'><strong>cogitabant</strong></span> <span class='ocrx_word' id='word_1_158' title='bbox 1346 1939 1485 1990; x_wconf 90' lang='lat' dir='ltr'><strong>mala</strong></span> <span class='ocrx_word' id='word_1_159' title='bbox 1519 1938 1673 2005; x_wconf 89' lang='lat' dir='ltr'><strong>mibi,</strong></span> <span class='ocrx_word' id='word_1_160' title='bbox 1705 1941 1930 1993; x_wconf 85' lang='lat' dir='ltr'><strong>verbum</strong></span> <span class='ocrx_word' id='word_1_161' title='bbox 1962 1941 2067 1995; x_wconf 88' lang='lat' dir='ltr'><strong>ini-</strong></span> 
     </span>
    </p>
   </div>
   <div class='ocr_carea' id='block_1_22' title="bbox 497 2024 2066 2099">
    <p class='ocr_par' dir='ltr' id='par_1_22' title="bbox 497 2024 2066 2099">
     <span class='ocr_line' id='line_1_22' title="bbox 497 2024 2066 2099; baseline 0.004 -20"><span class='ocrx_word' id='word_1_162' title='bbox 497 2039 667 2094; x_wconf 84' lang='lat' dir='ltr'><strong>quum</strong></span> <span class='ocrx_word' id='word_1_163' title='bbox 699 2024 929 2080; x_wconf 81' lang='lat' dir='ltr'><strong>eli‘usum</strong></span> <span class='ocrx_word' id='word_1_164' title='bbox 961 2035 1080 2081; x_wconf 90' lang='lat' dir='ltr'><strong>erat</strong></span> <span class='ocrx_word' id='word_1_165' title='bbox 1125 2027 1269 2082; x_wconf 90' lang='lat' dir='ltr'><strong>inter</strong></span> <span class='ocrx_word' id='word_1_166' title='bbox 1292 2028 1462 2097; x_wconf 91' lang='lat' dir='ltr'><strong>ipsos,</strong></span> <span class='ocrx_word' id='word_1_167' title='bbox 1498 2036 1552 2082; x_wconf 88' lang='lat' dir='ltr'><strong>et</strong></span> <span class='ocrx_word' id='word_1_168' title='bbox 1591 2030 1683 2099; x_wconf 90' lang='lat' dir='ltr'><strong>qui</strong></span> <span class='ocrx_word' id='word_1_169' title='bbox 1719 2030 1917 2085; x_wconf 81' lang='lat' dir='ltr'><strong>cecidit</strong></span> <span class='ocrx_word' id='word_1_170' title='bbox 1956 2046 2066 2086; x_wconf 92' lang='lat' dir='ltr'><strong>non</strong></span> 
     </span>
    </p>
   </div>
   <div class='ocr_carea' id='block_1_23' title="bbox 499 2118 2067 2193">
    <p class='ocr_par' dir='ltr' id='par_1_23' title="bbox 499 2118 2067 2193">
     <span class='ocr_line' id='line_1_23' title="bbox 499 2118 2067 2193; baseline 0.005 -21"><span class='ocrx_word' id='word_1_171' title='bbox 499 2118 736 2189; x_wconf 77' lang='lat' dir='ltr'><strong>amplius</strong></span> <span class='ocrx_word' id='word_1_172' title='bbox 770 2127 975 2190; x_wconf 85' lang='lat' dir='ltr'><strong>surget,</strong></span> <span class='ocrx_word' id='word_1_173' title='bbox 1024 2121 1117 2176; x_wconf 83' lang='lat' dir='ltr'><strong>sed</strong></span> <span class='ocrx_word' id='word_1_174' title='bbox 1166 2131 1219 2176; x_wconf 91' lang='lat' dir='ltr'><strong>et</strong></span> <span class='ocrx_word' id='word_1_175' title='bbox 1262 2122 1424 2176; x_wconf 89' lang='lat' dir='ltr'><strong>homo</strong></span> <span class='ocrx_word' id='word_1_176' title='bbox 1452 2123 1545 2192; x_wconf 89' lang='lat' dir='ltr'><strong>qui</strong></span> <span class='ocrx_word' id='word_1_177' title='bbox 1592 2138 1780 2193; x_wconf 90' lang='lat' dir='ltr'><strong>pacem</strong></span> <span class='ocrx_word' id='word_1_178' title='bbox 1834 2124 2067 2180; x_wconf 89' lang='lat' dir='ltr'><strong>habebat</strong></span> 
     </span>
    </p>
   </div>
   <div class='ocr_carea' id='block_1_24' title="bbox 498 2213 2067 2288">
    <p class='ocr_par' dir='ltr' id='par_1_24' title="bbox 498 2213 2067 2288">
     <span class='ocr_line' id='line_1_24' title="bbox 498 2213 2067 2288; baseline 0.006 -24"><span class='ocrx_word' id='word_1_179' title='bbox 498 2227 735 2277; x_wconf 89' lang='lat' dir='ltr'><strong>mecum,</strong></span> <span class='ocrx_word' id='word_1_180' title='bbox 766 2213 854 2268; x_wconf 89' lang='lat' dir='ltr'><strong>cui</strong></span> <span class='ocrx_word' id='word_1_181' title='bbox 896 2214 1256 2281; x_wconf 79' lang='lat' dir='ltr'><strong>conlidebam,</strong></span> <span class='ocrx_word' id='word_1_182' title='bbox 1287 2216 1578 2271; x_wconf 88' lang='lat' dir='ltr'><strong>comedens</strong></span> <span class='ocrx_word' id='word_1_183' title='bbox 1629 2231 1840 2272; x_wconf 86' lang='lat' dir='ltr'><strong>mecum</strong></span> <span class='ocrx_word' id='word_1_184' title='bbox 1868 2232 2067 2288; x_wconf 85' lang='lat' dir='ltr'><strong>panem</strong></span> 
     </span>
    </p>
   </div>
   <div class='ocr_carea' id='block_1_25' title="bbox 497 2306 2063 2380">
    <p class='ocr_par' dir='ltr' id='par_1_25' title="bbox 497 2306 2063 2380">
     <span class='ocr_line' id='line_1_25' title="bbox 497 2306 2063 2380; baseline 0.004 -24"><span class='ocrx_word' id='word_1_185' title='bbox 497 2317 702 2368; x_wconf 85' lang='lat' dir='ltr'><strong>meum,</strong></span> <span class='ocrx_word' id='word_1_186' title='bbox 740 2306 1121 2376; x_wconf 81' lang='lat' dir='ltr'><strong>magniﬁcatus</strong></span> <span class='ocrx_word' id='word_1_187' title='bbox 1157 2315 1242 2362; x_wconf 86' lang='lat' dir='ltr'><strong>est</strong></span> <span class='ocrx_word' id='word_1_188' title='bbox 1281 2318 1472 2361; x_wconf 89' lang='lat' dir='ltr'><strong>contra</strong></span> <span class='ocrx_word' id='word_1_189' title='bbox 1505 2324 1590 2363; x_wconf 91' lang='lat' dir='ltr'><strong>me</strong></span> <span class='ocrx_word' id='word_1_190' title='bbox 1620 2317 2063 2380; x_wconf 87' lang='lat' dir='ltr'><strong>consequenter;</strong></span> 
     </span>
    </p>
   </div>
   <div class='ocr_carea' id='block_1_26' title="bbox 498 2395 2068 2463">
    <p class='ocr_par' dir='ltr' id='par_1_26' title="bbox 498 2395 2068 2463">
     <span class='ocr_line' id='line_1_26' title="bbox 498 2395 2068 2463; baseline 0.006 -18"><span class='ocrx_word' id='word_1_191' title='bbox 498 2401 557 2447; x_wconf 87' lang='lat' dir='ltr'><strong>tu</strong></span> <span class='ocrx_word' id='word_1_192' title='bbox 589 2400 791 2459; x_wconf 89' lang='lat' dir='ltr'><strong>autem,</strong></span> <span class='ocrx_word' id='word_1_193' title='bbox 830 2395 1076 2463; x_wconf 89' lang='lat' dir='ltr'><strong>Domine,</strong></span> <span class='ocrx_word' id='word_1_194' title='bbox 1096 2398 1353 2454; x_wconf 86' lang='lat' dir='ltr'><strong>miserere</strong></span> <span class='ocrx_word' id='word_1_195' title='bbox 1383 2400 1508 2463; x_wconf 90' lang='lat' dir='ltr'><strong>mei,</strong></span> <span class='ocrx_word' id='word_1_196' title='bbox 1540 2407 1593 2454; x_wconf 90' lang='lat' dir='ltr'><strong>et</strong></span> <span class='ocrx_word' id='word_1_197' title='bbox 1620 2401 1828 2456; x_wconf 90' lang='lat' dir='ltr'><strong>suscita</strong></span> <span class='ocrx_word' id='word_1_198' title='bbox 1861 2416 1967 2462; x_wconf 83' lang='lat' dir='ltr'><strong>me.</strong></span> <span class='ocrx_word' id='word_1_199' title='bbox 2009 2409 2068 2455; x_wconf 91' lang='lat' dir='ltr'><strong>ut</strong></span> 
     </span>
    </p>
   </div>
   <div class='ocr_carea' id='block_1_27' title="bbox 496 2485 2065 2561">
    <p class='ocr_par' dir='ltr' id='par_1_27' title="bbox 496 2485 2065 2561">
     <span class='ocr_line' id='line_1_27' title="bbox 496 2485 2065 2561; baseline 0.006 -22"><span class='ocrx_word' id='word_1_200' title='bbox 496 2485 798 2541; x_wconf 88' lang='lat' dir='ltr'><strong>retribuam</strong></span> <span class='ocrx_word' id='word_1_201' title='bbox 829 2487 912 2543; x_wconf 92' lang='lat' dir='ltr'><strong>eis</strong></span> <span class='ocrx_word' id='word_1_202' title='bbox 944 2507 958 2543; x_wconf 91' lang='lat'><strong>:</strong></span> <span class='ocrx_word' id='word_1_203' title='bbox 988 2497 1208 2558; x_wconf 78' lang='lat' dir='ltr'><strong>propter</strong></span> <span class='ocrx_word' id='word_1_204' title='bbox 1239 2490 1343 2544; x_wconf 91' lang='lat' dir='ltr'><strong>hoc</strong></span> <span class='ocrx_word' id='word_1_205' title='bbox 1367 2505 1694 2560; x_wconf 80' lang='lat' dir='ltr'><strong>cognoscam</strong></span> <span class='ocrx_word' id='word_1_206' title='bbox 1723 2492 1868 2561; x_wconf 94' lang='lat' dir='ltr'><strong>quod</strong></span> <span class='ocrx_word' id='word_1_207' title='bbox 1894 2493 2065 2557; x_wconf 90' lang='lat' dir='ltr'><strong>voles,</strong></span> 
     </span>
    </p>
   </div>
   <div class='ocr_carea' id='block_1_28' title="bbox 496 2580 2070 2656">
    <p class='ocr_par' dir='ltr' id='par_1_28' title="bbox 496 2580 2070 2656">
     <span class='ocr_line' id='line_1_28' title="bbox 496 2580 2070 2656; baseline 0.005 -22"><span class='ocrx_word' id='word_1_208' title='bbox 496 2581 546 2635; x_wconf 83' lang='lat' dir='ltr'><strong>si</strong></span> <span class='ocrx_word' id='word_1_209' title='bbox 575 2596 684 2636; x_wconf 90' lang='lat' dir='ltr'><strong>non</strong></span> <span class='ocrx_word' id='word_1_210' title='bbox 714 2580 1310 2651; x_wconf 75' lang='lat' dir='ltr'><strong>obloqueturiuimiciis</strong></span> <span class='ocrx_word' id='word_1_211' title='bbox 1337 2598 1511 2649; x_wconf 92' lang='lat' dir='ltr'><strong>meus,</strong></span> <span class='ocrx_word' id='word_1_212' title='bbox 1530 2600 1615 2640; x_wconf 91' lang='lat' dir='ltr'><strong>me</strong></span> <span class='ocrx_word' id='word_1_213' title='bbox 1638 2594 1817 2640; x_wconf 87' lang='lat' dir='ltr'><strong>autem</strong></span> <span class='ocrx_word' id='word_1_214' title='bbox 1846 2594 2070 2656; x_wconf 88' lang='lat' dir='ltr'><strong>propter</strong></span> 
     </span>
    </p>
   </div>
   <div class='ocr_carea' id='block_1_29' title="bbox 496 2672 2070 2744">
    <p class='ocr_par' dir='ltr' id='par_1_29' title="bbox 496 2672 2070 2744">
     <span class='ocr_line' id='line_1_29' title="bbox 496 2672 2070 2744; baseline 0.003 -17"><span class='ocrx_word' id='word_1_215' title='bbox 496 2672 903 2742; x_wconf 89' lang='lat' dir='ltr'><strong>simplicitatem</strong></span> <span class='ocrx_word' id='word_1_216' title='bbox 934 2676 1248 2744; x_wconf 87' lang='lat' dir='ltr'><strong>suscepisti,</strong></span> <span class='ocrx_word' id='word_1_217' title='bbox 1279 2685 1334 2729; x_wconf 90' lang='lat' dir='ltr'><strong>et</strong></span> <span class='ocrx_word' id='word_1_218' title='bbox 1376 2678 1678 2732; x_wconf 90' lang='lat' dir='ltr'><strong>constitues</strong></span> <span class='ocrx_word' id='word_1_219' title='bbox 1716 2692 1803 2731; x_wconf 91' lang='lat' dir='ltr'><strong>me</strong></span> <span class='ocrx_word' id='word_1_220' title='bbox 1848 2678 1902 2731; x_wconf 91' lang='lat' dir='ltr'><strong>in</strong></span> <span class='ocrx_word' id='word_1_221' title='bbox 1935 2693 2070 2731; x_wconf 77' lang='lat' dir='ltr'><strong>cou-</strong></span> 
     </span>
    </p>
   </div>
   <div class='ocr_carea' id='block_1_30' title="bbox 497 2767 2067 2840">
    <p class='ocr_par' dir='ltr' id='par_1_30' title="bbox 497 2767 2067 2840">
     <span class='ocr_line' id='line_1_30' title="bbox 497 2767 2067 2840; baseline 0.001 -19"><span class='ocrx_word' id='word_1_222' title='bbox 497 2774 688 2835; x_wconf 80' lang='lat' dir='ltr'><strong>spectu</strong></span> <span class='ocrx_word' id='word_1_223' title='bbox 717 2772 813 2821; x_wconf 89' lang='lat' dir='ltr'><strong>tuo</strong></span> <span class='ocrx_word' id='word_1_224' title='bbox 836 2767 890 2820; x_wconf 92' lang='lat' dir='ltr'><strong>in</strong></span> <span class='ocrx_word' id='word_1_225' title='bbox 923 2775 1209 2822; x_wconf 77' lang='lat' dir='ltr'><strong>aeternum.</strong></span> <span class='ocrx_word' id='word_1_226' title='bbox 1248 2786 1267 2820; x_wconf 74' lang='grc' dir='ltr'><strong>ι</strong></span> <span class='ocrx_word' id='word_1_227' title='bbox 1297 2768 1433 2823; x_wconf 87' lang='lat' dir='ltr'><strong>Cum</strong></span> <span class='ocrx_word' id='word_1_228' title='bbox 1472 2768 1559 2824; x_wconf 88' lang='lat' dir='ltr'><strong>bis</strong></span> <span class='ocrx_word' id='word_1_229' title='bbox 1596 2784 1723 2823; x_wconf 88' lang='lat' dir='ltr'><strong>vero</strong></span> <span class='ocrx_word' id='word_1_230' title='bbox 1749 2784 1870 2839; x_wconf 63' lang='lat' dir='ltr'><strong>quae</strong></span> <span class='ocrx_word' id='word_1_231' title='bbox 1903 2768 2067 2840; x_wconf 80' lang='lat' dir='ltr'><strong>Sym-</strong></span> 
     </span>
    </p>
   </div>
   <div class='ocr_carea' id='block_1_31' title="bbox 497 2856 2068 2927">
    <p class='ocr_par' dir='ltr' id='par_1_31' title="bbox 497 2856 2068 2927">
     <span class='ocr_line' id='line_1_31' title="bbox 497 2856 2068 2927; baseline 0.003 -19"><span class='ocrx_word' id='word_1_232' title='bbox 497 2857 726 2911; x_wconf 86' lang='lat' dir='ltr'><strong>machus</strong></span> <span class='ocrx_word' id='word_1_233' title='bbox 759 2856 930 2913; x_wconf 89' lang='lat' dir='ltr'><strong>edidit</strong></span> <span class='ocrx_word' id='word_1_234' title='bbox 953 2857 1290 2912; x_wconf 89' lang='lat' dir='ltr'><strong>concordant</strong></span> <span class='ocrx_word' id='word_1_235' title='bbox 1321 2858 1484 2913; x_wconf 90' lang='lat' dir='ltr'><strong>etiam</strong></span> <span class='ocrx_word' id='word_1_236' title='bbox 1535 2873 1599 2912; x_wconf 91' lang='lat' dir='ltr'><strong>ea</strong></span> <span class='ocrx_word' id='word_1_237' title='bbox 1624 2873 1748 2926; x_wconf 75' lang='lat' dir='ltr'><strong>qua:</strong></span> <span class='ocrx_word' id='word_1_238' title='bbox 1772 2858 1841 2911; x_wconf 88' lang='lat' dir='ltr'><strong>ab</strong></span> <span class='ocrx_word' id='word_1_239' title='bbox 1870 2857 2068 2927; x_wconf 86' lang='lat' dir='ltr'><strong>Aquila</strong></span> 
     </span>
    </p>
   </div>
   <div class='ocr_carea' id='block_1_32' title="bbox 495 2947 2069 3019">
    <p class='ocr_par' dir='ltr' id='par_1_32' title="bbox 495 2947 2069 3019">
     <span class='ocr_line' id='line_1_32' title="bbox 495 2947 2069 3019; baseline 0.001 -15"><span class='ocrx_word' id='word_1_240' title='bbox 495 2948 642 3004; x_wconf 87' lang='lat' dir='ltr'><strong>edita</strong></span> <span class='ocrx_word' id='word_1_241' title='bbox 673 2957 822 3013; x_wconf 89' lang='lat' dir='ltr'><strong>sunt,</strong></span> <span class='ocrx_word' id='word_1_242' title='bbox 850 2965 1123 3019; x_wconf 87' lang='lat' dir='ltr'><strong>sensuque</strong></span> <span class='ocrx_word' id='word_1_243' title='bbox 1144 2949 1285 3004; x_wconf 92' lang='lat' dir='ltr'><strong>idem</strong></span> <span class='ocrx_word' id='word_1_244' title='bbox 1308 2950 1510 3004; x_wconf 89' lang='lat' dir='ltr'><strong>valent.</strong></span> <span class='ocrx_word' id='word_1_245' title='bbox 1538 2947 1781 3003; x_wconf 90' lang='lat' dir='ltr'><strong>Primum</strong></span> <span class='ocrx_word' id='word_1_246' title='bbox 1808 2949 1978 3019; x_wconf 84' lang='lat' dir='ltr'><strong>igitur</strong></span> <span class='ocrx_word' id='word_1_247' title='bbox 2001 2949 2069 3005; x_wconf 90' lang='lat' dir='ltr'><strong>de</strong></span> 
     </span>
    </p>
   </div>
   <div class='ocr_carea' id='block_1_33' title="bbox 497 3040 2066 3110">
    <p class='ocr_par' dir='ltr' id='par_1_33' title="bbox 497 3040 2066 3110">
     <span class='ocr_line' id='line_1_33' title="bbox 497 3040 2066 3110; baseline 0.003 -17"><span class='ocrx_word' id='word_1_248' title='bbox 497 3055 564 3093; x_wconf 88' lang='lat' dir='ltr'><strong>eo</strong></span> <span class='ocrx_word' id='word_1_249' title='bbox 610 3042 754 3110; x_wconf 87' lang='lat' dir='ltr'><strong>quod</strong></span> <span class='ocrx_word' id='word_1_250' title='bbox 797 3057 863 3096; x_wconf 81' lang='lat' dir='ltr'><strong>ex</strong></span> <span class='ocrx_word' id='word_1_251' title='bbox 911 3056 1144 3110; x_wconf 87' lang='lat' dir='ltr'><strong>persona</strong></span> <span class='ocrx_word' id='word_1_252' title='bbox 1200 3040 1503 3097; x_wconf 89' lang='lat' dir='ltr'><strong>Salvatoris</strong></span> <span class='ocrx_word' id='word_1_253' title='bbox 1563 3043 1738 3098; x_wconf 90' lang='lat' dir='ltr'><strong>nostri</strong></span> <span class='ocrx_word' id='word_1_254' title='bbox 1792 3043 2066 3099; x_wconf 86' lang='lat' dir='ltr'><strong>enuntiari</strong></span> 
     </span>
    </p>
   </div>
   <div class='ocr_carea' id='block_1_34' title="bbox 2167 553 3695 635">
    <p class='ocr_par' dir='ltr' id='par_1_34' title="bbox 2167 553 3695 635">
     <span class='ocr_line' id='line_1_34' title="bbox 2167 553 3695 635; baseline 0.004 -28"><span class='ocrx_word' id='word_1_255' title='bbox 2167 558 2217 607; x_wconf 87' lang='grc' dir='ltr'><strong>οί</strong></span> <span class='ocrx_word' id='word_1_256' title='bbox 2245 554 2428 627; x_wconf 85' lang='grc' dir='ltr'>ἐχθροί</span> <span class='ocrx_word' id='word_1_257' title='bbox 2457 571 2557 624; x_wconf 89' lang='grc' dir='ltr'><strong>μου</strong></span> <span class='ocrx_word' id='word_1_258' title='bbox 2584 554 2768 623; x_wconf 75' lang='grc' dir='ltr'>ἔλεγον</span> <span class='ocrx_word' id='word_1_259' title='bbox 2797 554 2927 627; x_wconf 74' lang='grc' dir='ltr'>περὶ</span> <span class='ocrx_word' id='word_1_260' title='bbox 2953 553 3087 624; x_wconf 99' lang='grc' dir='ltr'>ἐμοῦ</span> <span class='ocrx_word' id='word_1_261' title='bbox 3120 553 3291 608; x_wconf 81' lang='grc' dir='ltr'>κακά’</span> <span class='ocrx_word' id='word_1_262' title='bbox 3311 555 3443 609; x_wconf 79' lang='grc' dir='ltr'>Πότε</span> <span class='ocrx_word' id='word_1_263' title='bbox 3466 558 3695 635; x_wconf 79' lang='grc' dir='ltr'>ἀποθάνῃ,</span> 
     </span>
    </p>
   </div>
   <div class='ocr_carea' id='block_1_35' title="bbox 2169 645 3700 719">
    <p class='ocr_par' dir='ltr' id='par_1_35' title="bbox 2169 645 3700 719">
     <span class='ocr_line' id='line_1_35' title="bbox 2169 645 3700 719; baseline 0.005 -19"><span class='ocrx_word' id='word_1_264' title='bbox 2169 646 2262 700; x_wconf 74' lang='grc' dir='ltr'>καὶ</span> <span class='ocrx_word' id='word_1_265' title='bbox 2287 645 2566 700; x_wconf 86' lang='grc' dir='ltr'>ἀπολεῖται</span> <span class='ocrx_word' id='word_1_266' title='bbox 2597 646 2850 719; x_wconf 20' lang='grc' dir='ltr'>τὸλῦνομα</span> <span class='ocrx_word' id='word_1_267' title='bbox 2870 646 3032 700; x_wconf 86' lang='grc' dir='ltr'>αὑτοῦ</span> <span class='ocrx_word' id='word_1_268' title='bbox 3054 662 3072 711; x_wconf 85' lang='grc'><strong>;</strong></span> <span class='ocrx_word' id='word_1_269' title='bbox 3100 647 3486 719; x_wconf 81' lang='grc' dir='ltr'>Είσερχόμενος</span> <span class='ocrx_word' id='word_1_270' title='bbox 3515 653 3700 708; x_wconf 84' lang='grc' dir='ltr'>ἐπισκέ-</span> 
     </span>
    </p>
   </div>
   <div class='ocr_carea' id='block_1_36' title="bbox 2166 717 3699 814">
    <p class='ocr_par' dir='ltr' id='par_1_36' title="bbox 2166 717 3699 814">
     <span class='ocr_line' id='line_1_36' title="bbox 2166 717 3699 814; baseline 0.005 -24"><span class='ocrx_word' id='word_1_271' title='bbox 2166 738 2397 807; x_wconf 73' lang='grc' dir='ltr'>ψασθαι,</span> <span class='ocrx_word' id='word_1_272' title='bbox 2452 717 2678 809; x_wconf 47' lang='grc' dir='ltr'>μάταια.</span> <span class='ocrx_word' id='word_1_273' title='bbox 2705 738 2881 792; x_wconf 79' lang='grc' dir='ltr'><strong>ἐλάλει</strong></span> <span class='ocrx_word' id='word_1_274' title='bbox 2929 740 2961 809; x_wconf 88' lang='grc' dir='ltr'><strong>ή</strong></span> <span class='ocrx_word' id='word_1_275' title='bbox 3010 738 3204 809; x_wconf 90' lang='grc' dir='ltr'>καρδία</span> <span class='ocrx_word' id='word_1_276' title='bbox 3234 717 3417 793; x_wconf 77' lang='grc' dir='ltr'>αὐτοῦ</span> <span class='ocrx_word' id='word_1_277' title='bbox 3438 780 3453 804; x_wconf 95' lang='grc'><strong>,</strong></span> <span class='ocrx_word' id='word_1_278' title='bbox 3488 741 3699 814; x_wconf 74' lang='grc' dir='ltr'>ἥθροιζεν</span> 
     </span>
    </p>
   </div>
   <div class='ocr_carea' id='block_1_37' title="bbox 2169 828 3700 905">
    <p class='ocr_par' dir='ltr' id='par_1_37' title="bbox 2169 828 3700 905">
     <span class='ocr_line' id='line_1_37' title="bbox 2169 828 3700 905; baseline 0.005 -24"><span class='ocrx_word' id='word_1_279' title='bbox 2169 829 2381 882; x_wconf 81' lang='grc' dir='ltr'><strong>ἀδικίαν</strong></span> <span class='ocrx_word' id='word_1_280' title='bbox 2417 831 2605 900; x_wconf 79' lang='grc' dir='ltr'>ἑαυτῇ.</span> <span class='ocrx_word' id='word_1_281' title='bbox 2634 829 3011 901; x_wconf 78' lang='grc' dir='ltr'>Ἑξερχόμενος</span> <span class='ocrx_word' id='word_1_282' title='bbox 3037 829 3091 882; x_wconf 89' lang='grc' dir='ltr'>δὲ</span> <span class='ocrx_word' id='word_1_283' title='bbox 3117 828 3221 894; x_wconf 79' lang='grc' dir='ltr'><strong>ἔξω</strong></span> <span class='ocrx_word' id='word_1_284' title='bbox 3249 832 3542 886; x_wconf 86' lang='grc' dir='ltr'>κατελάλει.</span> <span class='ocrx_word' id='word_1_285' title='bbox 3566 837 3700 905; x_wconf 77' lang='grc' dir='ltr'>Ὀμοο</span> 
     </span>
    </p>
   </div>
   <div class='ocr_carea' id='block_1_38' title="bbox 2170 923 3701 996">
    <p class='ocr_par' dir='ltr' id='par_1_38' title="bbox 2170 923 3701 996">
     <span class='ocr_line' id='line_1_38' title="bbox 2170 923 3701 996; baseline 0.005 -20"><span class='ocrx_word' id='word_1_286' title='bbox 2170 923 2405 994; x_wconf 82' lang='grc' dir='ltr'>θυμαδὸν</span> <span class='ocrx_word' id='word_1_287' title='bbox 2456 923 2764 992; x_wconf 69' lang='grc' dir='ltr'>ὲψιθύριζον</span> <span class='ocrx_word' id='word_1_288' title='bbox 2797 924 2916 976; x_wconf 84' lang='grc' dir='ltr'>κατ’</span> <span class='ocrx_word' id='word_1_289' title='bbox 2956 923 3087 993; x_wconf 80' lang='grc' dir='ltr'>ἐμοῦ</span> <span class='ocrx_word' id='word_1_290' title='bbox 3133 924 3338 988; x_wconf 86' lang='grc' dir='ltr'>πάντες</span> <span class='ocrx_word' id='word_1_291' title='bbox 3377 928 3425 979; x_wconf 83' lang='grc' dir='ltr'>οἰ</span> <span class='ocrx_word' id='word_1_292' title='bbox 3458 928 3701 996; x_wconf 86' lang='grc' dir='ltr'>μισοῦντές</span> 
     </span>
    </p>
   </div>
   <div class='ocr_carea' id='block_1_39' title="bbox 2174 1013 3701 1088">
    <p class='ocr_par' dir='ltr' id='par_1_39' title="bbox 2174 1013 3701 1088">
     <span class='ocr_line' id='line_1_39' title="bbox 2174 1013 3701 1088; baseline 0.004 -23"><span class='ocrx_word' id='word_1_293' title='bbox 2174 1031 2262 1085; x_wconf 85' lang='grc' dir='ltr'><strong>με,</strong></span> <span class='ocrx_word' id='word_1_294' title='bbox 2297 1014 2423 1083; x_wconf 76' lang='grc' dir='ltr'>περὶ</span> <span class='ocrx_word' id='word_1_295' title='bbox 2454 1013 2588 1085; x_wconf 79' lang='grc' dir='ltr'>ἐμοῦ</span> <span class='ocrx_word' id='word_1_296' title='bbox 2613 1013 2920 1076; x_wconf 76' lang='grc' dir='ltr'>ἐννοοῦντες</span> <span class='ocrx_word' id='word_1_297' title='bbox 2945 1015 3089 1067; x_wconf 85' lang='grc' dir='ltr'>κακά</span> <span class='ocrx_word' id='word_1_298' title='bbox 3104 1032 3213 1085; x_wconf 92' lang='grc' dir='ltr'>μοι.</span> <span class='ocrx_word' id='word_1_299' title='bbox 3239 1015 3409 1084; x_wconf 83' lang='grc' dir='ltr'>Λόγος</span> <span class='ocrx_word' id='word_1_300' title='bbox 3428 1017 3701 1088; x_wconf 85' lang='grc' dir='ltr'>παράνομος</span> 
     </span>
    </p>
   </div>
   <div class='ocr_carea' id='block_1_40' title="bbox 2169 1106 3703 1184">
    <p class='ocr_par' dir='ltr' id='par_1_40' title="bbox 2169 1106 3703 1184">
     <span class='ocr_line' id='line_1_40' title="bbox 2169 1106 3703 1184; baseline 0.005 -25"><span class='ocrx_word' id='word_1_301' title='bbox 2169 1108 2432 1177; x_wconf 81' lang='grc' dir='ltr'>ἑκκέχυτο</span> <span class='ocrx_word' id='word_1_302' title='bbox 2467 1106 2612 1161; x_wconf 76' lang='grc' dir='ltr'>ἔνδον</span> <span class='ocrx_word' id='word_1_303' title='bbox 2655 1108 2851 1171; x_wconf 84' lang='grc' dir='ltr'>αὐτῶν,</span> <span class='ocrx_word' id='word_1_304' title='bbox 2884 1109 2976 1162; x_wconf 81' lang='grc' dir='ltr'><strong>καὶ</strong></span> <span class='ocrx_word' id='word_1_305' title='bbox 3010 1109 3190 1162; x_wconf 84' lang='grc' dir='ltr'>πεσὼν</span> <span class='ocrx_word' id='word_1_306' title='bbox 3222 1112 3403 1163; x_wconf 79' lang='grc' dir='ltr'>οὐκέτι</span> <span class='ocrx_word' id='word_1_307' title='bbox 3444 1112 3703 1184; x_wconf 81' lang='grc' dir='ltr'>ἀναστήσε-</span> 
     </span>
    </p>
   </div>
   <div class='ocr_carea' id='block_1_41' title="bbox 2168 1198 3703 1273">
    <p class='ocr_par' dir='ltr' id='par_1_41' title="bbox 2168 1198 3703 1273">
     <span class='ocr_line' id='line_1_41' title="bbox 2168 1198 3703 1273; baseline 0.003 -21"><span class='ocrx_word' id='word_1_308' title='bbox 2168 1216 2289 1253; x_wconf 90' lang='grc' dir='ltr'>ται·</span> <span class='ocrx_word' id='word_1_309' title='bbox 2334 1199 2470 1253; x_wconf 90' lang='grc' dir='ltr'><strong>ἀλλὰ</strong></span> <span class='ocrx_word' id='word_1_310' title='bbox 2521 1201 2613 1253; x_wconf 78' lang='grc' dir='ltr'><strong>καὶ</strong></span> <span class='ocrx_word' id='word_1_311' title='bbox 2651 1200 2953 1273; x_wconf 82' lang='grc' dir='ltr'>ἄνθρωπος,</span> <span class='ocrx_word' id='word_1_312' title='bbox 2988 1200 3046 1263; x_wconf 82' lang='grc' dir='ltr'>ὃς</span> <span class='ocrx_word' id='word_1_313' title='bbox 3086 1202 3332 1273; x_wconf 85' lang='grc' dir='ltr'>εἰρήνευέ</span> <span class='ocrx_word' id='word_1_314' title='bbox 3379 1220 3486 1273; x_wconf 86' lang='grc' dir='ltr'>μοι,</span> <span class='ocrx_word' id='word_1_315' title='bbox 3521 1198 3563 1272; x_wconf 82' lang='grc' dir='ltr'>ᾧ</span> <span class='ocrx_word' id='word_1_316' title='bbox 3597 1206 3703 1258; x_wconf 76' lang='grc' dir='ltr'>ἐπε-</span> 
     </span>
    </p>
   </div>
   <div class='ocr_carea' id='block_1_42' title="bbox 2169 1290 3703 1369">
    <p class='ocr_par' dir='ltr' id='par_1_42' title="bbox 2169 1290 3703 1369">
     <span class='ocr_line' id='line_1_42' title="bbox 2169 1290 3703 1369; baseline 0.005 -27"><span class='ocrx_word' id='word_1_317' title='bbox 2169 1290 2397 1355; x_wconf 86' lang='grc' dir='ltr'>ποίθειν,</span> <span class='ocrx_word' id='word_1_318' title='bbox 2429 1292 2718 1345; x_wconf 86' lang='grc' dir='ltr'>συνεσθίων</span> <span class='ocrx_word' id='word_1_319' title='bbox 2762 1310 2850 1363; x_wconf 93' lang='grc' dir='ltr'><strong>μοι</strong></span> <span class='ocrx_word' id='word_1_320' title='bbox 2896 1294 3058 1363; x_wconf 73' lang='grc' dir='ltr'>ἄρτον</span> <span class='ocrx_word' id='word_1_321' title='bbox 3103 1293 3254 1364; x_wconf 84' lang='grc' dir='ltr'>ἐμὸν,</span> <span class='ocrx_word' id='word_1_322' title='bbox 3297 1296 3703 1369; x_wconf 84' lang='grc' dir='ltr'>κατεμεγαλύνθη</span> 
     </span>
    </p>
   </div>
   <div class='ocr_carea' id='block_1_43' title="bbox 2173 1382 3707 1455">
    <p class='ocr_par' dir='ltr' id='par_1_43' title="bbox 2173 1382 3707 1455">
     <span class='ocr_line' id='line_1_43' title="bbox 2173 1382 3707 1455; baseline 0.005 -21"><span class='ocrx_word' id='word_1_323' title='bbox 2173 1399 2291 1453; x_wconf 90' lang='grc' dir='ltr'>μου.</span> <span class='ocrx_word' id='word_1_324' title='bbox 2329 1382 2675 1447; x_wconf 78' lang='grc' dir='ltr'>Ἀκολούθως,</span> <span class='ocrx_word' id='word_1_325' title='bbox 2702 1384 2764 1436; x_wconf 83' lang='grc' dir='ltr'><strong>σὺ</strong></span> <span class='ocrx_word' id='word_1_326' title='bbox 2785 1383 2864 1444; x_wconf 85' lang='grc' dir='ltr'><strong>δὲ,</strong></span> <span class='ocrx_word' id='word_1_327' title='bbox 2892 1383 3361 1455; x_wconf 76' lang='grc' dir='ltr'>Κύριε,οἱ’κτειρόν</span> <span class='ocrx_word' id='word_1_328' title='bbox 3397 1402 3484 1455; x_wconf 87' lang='grc' dir='ltr'><strong>με,</strong></span> <span class='ocrx_word' id='word_1_329' title='bbox 3510 1386 3594 1439; x_wconf 72' lang='grc' dir='ltr'>καὶ</span> <span class='ocrx_word' id='word_1_330' title='bbox 3631 1389 3707 1441; x_wconf 80' lang='grc' dir='ltr'>ἀν-</span> 
     </span>
    </p>
   </div>
   <div class='ocr_carea' id='block_1_44' title="bbox 2169 1471 3707 1543">
    <p class='ocr_par' dir='ltr' id='par_1_44' title="bbox 2169 1471 3707 1543">
     <span class='ocr_line' id='line_1_44' title="bbox 2169 1471 3707 1543; baseline 0.003 -20"><span class='ocrx_word' id='word_1_331' title='bbox 2169 1471 2380 1543; x_wconf 85' lang='grc' dir='ltr'>έγειρόν</span> <span class='ocrx_word' id='word_1_332' title='bbox 2417 1489 2504 1543; x_wconf 88' lang='grc' dir='ltr'><strong>με,</strong></span> <span class='ocrx_word' id='word_1_333' title='bbox 2537 1473 2623 1525; x_wconf 81' lang='grc' dir='ltr'><strong>ἵνα</strong></span> <span class='ocrx_word' id='word_1_334' title='bbox 2660 1471 3024 1525; x_wconf 79' lang='grc' dir='ltr'>ἀνταποδώσω</span> <span class='ocrx_word' id='word_1_335' title='bbox 3051 1472 3258 1536; x_wconf 82' lang='grc' dir='ltr'>αὐτοῖς.</span> <span class='ocrx_word' id='word_1_336' title='bbox 3291 1474 3389 1526; x_wconf 83' lang='grc' dir='ltr'>Διὰ</span> <span class='ocrx_word' id='word_1_337' title='bbox 3418 1473 3568 1528; x_wconf 87' lang='grc' dir='ltr'>τοῦτο</span> <span class='ocrx_word' id='word_1_338' title='bbox 3589 1476 3707 1543; x_wconf 57' lang='grc' dir='ltr'>γνώω</span> 
     </span>
    </p>
   </div>
   <div class='ocr_carea' id='block_1_45' title="bbox 2171 1564 3708 1639">
    <p class='ocr_par' dir='ltr' id='par_1_45' title="bbox 2171 1564 3708 1639">
     <span class='ocr_line' id='line_1_45' title="bbox 2171 1564 3708 1639; baseline 0.003 -23"><span class='ocrx_word' id='word_1_339' title='bbox 2171 1565 2458 1634; x_wconf 85' lang='grc' dir='ltr'>σομαι,ὃτι</span> <span class='ocrx_word' id='word_1_340' title='bbox 2492 1564 2758 1635; x_wconf 81' lang='grc' dir='ltr'>θελήσεις,</span> <span class='ocrx_word' id='word_1_341' title='bbox 2794 1564 2895 1618; x_wconf 78' lang='grc' dir='ltr'><strong>ἐὰν</strong></span> <span class='ocrx_word' id='word_1_342' title='bbox 2949 1565 3023 1637; x_wconf 81' lang='grc' dir='ltr'><strong>μὴ</strong></span> <span class='ocrx_word' id='word_1_343' title='bbox 3069 1564 3421 1637; x_wconf 84' lang='grc' dir='ltr'>καταλαλήσῃ</span> <span class='ocrx_word' id='word_1_344' title='bbox 3467 1569 3494 1620; x_wconf 85' lang='grc' dir='ltr'><strong>ό</strong></span> <span class='ocrx_word' id='word_1_345' title='bbox 3546 1567 3708 1639; x_wconf 74' lang='grc' dir='ltr'>ἐχθρός</span> 
     </span>
    </p>
   </div>
   <div class='ocr_carea' id='block_1_46' title="bbox 2172 1656 3708 1731">
    <p class='ocr_par' dir='ltr' id='par_1_46' title="bbox 2172 1656 3708 1731">
     <span class='ocr_line' id='line_1_46' title="bbox 2172 1656 3708 1731; baseline 0.002 -22"><span class='ocrx_word' id='word_1_346' title='bbox 2172 1673 2292 1727; x_wconf 87' lang='grc' dir='ltr'>μου.</span> <span class='ocrx_word' id='word_1_347' title='bbox 2338 1656 2501 1727; x_wconf 87' lang='grc' dir='ltr'>Ἐμοῦ</span> <span class='ocrx_word' id='word_1_348' title='bbox 2524 1657 2579 1710; x_wconf 88' lang='grc' dir='ltr'>δὲ</span> <span class='ocrx_word' id='word_1_349' title='bbox 2601 1657 2687 1710; x_wconf 82' lang='grc' dir='ltr'>διὰ</span> <span class='ocrx_word' id='word_1_350' title='bbox 2714 1656 2810 1728; x_wconf 78' lang='grc' dir='ltr'><strong>τήν</strong></span> <span class='ocrx_word' id='word_1_351' title='bbox 2837 1656 3111 1727; x_wconf 83' lang='grc' dir='ltr'>ἁπλότητα</span> <span class='ocrx_word' id='word_1_352' title='bbox 3142 1658 3425 1728; x_wconf 84' lang='grc' dir='ltr'>ἀντέσχου,</span> <span class='ocrx_word' id='word_1_353' title='bbox 3453 1660 3540 1712; x_wconf 82' lang='grc' dir='ltr'><strong>καὶ</strong></span> <span class='ocrx_word' id='word_1_354' title='bbox 3562 1676 3708 1731; x_wconf 83' lang='grc' dir='ltr'>παρα-</span> 
     </span>
    </p>
   </div>
   <div class='ocr_carea' id='block_1_47' title="bbox 2171 1747 3708 1821">
    <p class='ocr_par' dir='ltr' id='par_1_47' title="bbox 2171 1747 3708 1821">
     <span class='ocr_line' id='line_1_47' title="bbox 2171 1747 3708 1821; baseline 0.002 -21"><span class='ocrx_word' id='word_1_355' title='bbox 2171 1749 2385 1819; x_wconf 87' lang='grc' dir='ltr'>στήσεις</span> <span class='ocrx_word' id='word_1_356' title='bbox 2420 1764 2488 1818; x_wconf 90' lang='grc' dir='ltr'><strong>με</strong></span> <span class='ocrx_word' id='word_1_357' title='bbox 2535 1747 2841 1818; x_wconf 78' lang='grc' dir='ltr'>ἔμπροσθέν</span> <span class='ocrx_word' id='word_1_358' title='bbox 2875 1765 2966 1801; x_wconf 91' lang='grc' dir='ltr'><strong>σου</strong></span> <span class='ocrx_word' id='word_1_359' title='bbox 3014 1748 3079 1801; x_wconf 83' lang='grc' dir='ltr'>δι’</span> <span class='ocrx_word' id='word_1_360' title='bbox 3106 1748 3318 1811; x_wconf 77' lang='grc' dir='ltr'>αἰῶνος.</span> <span class='ocrx_word' id='word_1_361' title='bbox 3352 1769 3371 1801; x_wconf 75' lang='grc' dir='ltr'><strong>ι</strong></span> <span class='ocrx_word' id='word_1_362' title='bbox 3421 1750 3708 1821; x_wconf 77' lang='grc' dir='ltr'>’ῐσοδυναμεί</span> 
     </span>
    </p>
   </div>
   <div class='ocr_carea' id='block_1_48' title="bbox 2169 1838 3709 1914">
    <p class='ocr_par' dir='ltr' id='par_1_48' title="bbox 2169 1838 3709 1914">
     <span class='ocr_line' id='line_1_48' title="bbox 2169 1838 3709 1914; baseline 0.003 -23"><span class='ocrx_word' id='word_1_363' title='bbox 2169 1839 2226 1891; x_wconf 85' lang='grc' dir='ltr'>δὲ</span> <span class='ocrx_word' id='word_1_364' title='bbox 2270 1842 2384 1902; x_wconf 87' lang='grc' dir='ltr'>τοῖς</span> <span class='ocrx_word' id='word_1_365' title='bbox 2419 1838 2511 1891; x_wconf 88' lang='grc' dir='ltr'><strong>τοῦ</strong></span> <span class='ocrx_word' id='word_1_366' title='bbox 2544 1839 2840 1910; x_wconf 88' lang='grc' dir='ltr'>Συμμάχου</span> <span class='ocrx_word' id='word_1_367' title='bbox 2875 1841 2967 1893; x_wconf 76' lang='grc' dir='ltr'>καὶ</span> <span class='ocrx_word' id='word_1_368' title='bbox 3007 1840 3075 1893; x_wconf 84' lang='grc' dir='ltr'><strong>τά</strong></span> <span class='ocrx_word' id='word_1_369' title='bbox 3114 1840 3361 1893; x_wconf 69' lang='grc' dir='ltr'>Ἀκόλου.</span> <span class='ocrx_word' id='word_1_370' title='bbox 3400 1841 3609 1914; x_wconf 80' lang='grc' dir='ltr'>Πρῶτον</span> <span class='ocrx_word' id='word_1_371' title='bbox 3634 1838 3709 1895; x_wconf 81' lang='grc' dir='ltr'><strong>οὖν</strong></span> 
     </span>
    </p>
   </div>
   <div class='ocr_carea' id='block_1_49' title="bbox 2168 1928 3711 2001">
    <p class='ocr_par' dir='ltr' id='par_1_49' title="bbox 2168 1928 3711 2001">
     <span class='ocr_line' id='line_1_49' title="bbox 2168 1928 3711 2001; baseline 0.002 -19"><span class='ocrx_word' id='word_1_372' title='bbox 2168 1930 2297 2001; x_wconf 81' lang='grc' dir='ltr'>περὶ</span> <span class='ocrx_word' id='word_1_373' title='bbox 2344 1928 2438 1981; x_wconf 91' lang='grc' dir='ltr'><strong>τοῦ</strong></span> <span class='ocrx_word' id='word_1_374' title='bbox 2490 1929 2666 1982; x_wconf 79' lang='grc' dir='ltr'>δοκεῖν</span> <span class='ocrx_word' id='word_1_375' title='bbox 2699 1930 3062 2000; x_wconf 85' lang='grc' dir='ltr'>ἀπεμφαίνειν</span> <span class='ocrx_word' id='word_1_376' title='bbox 3096 1933 3161 1984; x_wconf 87' lang='grc' dir='ltr'><strong>ἐκ</strong></span> <span class='ocrx_word' id='word_1_377' title='bbox 3188 1930 3484 2001; x_wconf 73' lang='grc' dir='ltr'>προσώπου</span> <span class='ocrx_word' id='word_1_378' title='bbox 3511 1932 3597 1984; x_wconf 91' lang='grc' dir='ltr'><strong>τοῦ</strong></span> <span class='ocrx_word' id='word_1_379' title='bbox 3620 1934 3711 1986; x_wconf 82' lang='grc' dir='ltr'><strong>Σω-</strong></span> 
     </span>
    </p>
   </div>
   <div class='ocr_carea' id='block_1_50' title="bbox 2166 2021 3707 2096">
    <p class='ocr_par' dir='ltr' id='par_1_50' title="bbox 2166 2021 3707 2096">
     <span class='ocr_line' id='line_1_50' title="bbox 2166 2021 3707 2096; baseline 0.003 -23"><span class='ocrx_word' id='word_1_380' title='bbox 2166 2022 2328 2093; x_wconf 86' lang='grc' dir='ltr'>τῆρος</span> <span class='ocrx_word' id='word_1_381' title='bbox 2359 2021 2514 2092; x_wconf 89' lang='grc' dir='ltr'>ήμῶν</span> <span class='ocrx_word' id='word_1_382' title='bbox 2543 2022 2603 2074; x_wconf 80' lang='grc' dir='ltr'>τὸ</span> <span class='ocrx_word' id='word_1_383' title='bbox 2624 2022 2934 2093; x_wconf 76' lang='grc' dir='ltr'>εἰρημένον,</span> <span class='ocrx_word' id='word_1_384' title='bbox 2950 2024 3029 2089; x_wconf 81' lang='grc' dir='ltr'><strong>τὸ,</strong></span> <span class='ocrx_word' id='word_1_385' title='bbox 3057 2043 3074 2074; x_wconf 82' lang='grc' dir='ltr'><strong>ι</strong></span> <span class='ocrx_word' id='word_1_386' title='bbox 3099 2024 3285 2077; x_wconf 82' lang='grc' dir='ltr'>Ἴασαι</span> <span class='ocrx_word' id='word_1_387' title='bbox 3299 2024 3399 2094; x_wconf 78' lang='grc' dir='ltr'>τὴν</span> <span class='ocrx_word' id='word_1_388' title='bbox 3421 2025 3586 2096; x_wconf 78' lang='grc' dir='ltr'>ψυχήν</span> <span class='ocrx_word' id='word_1_389' title='bbox 3608 2043 3707 2095; x_wconf 84' lang='grc' dir='ltr'>μου,</span> 
     </span>
    </p>
   </div>
   <div class='ocr_carea' id='block_1_51' title="bbox 2165 2114 3711 2188">
    <p class='ocr_par' dir='ltr' id='par_1_51' title="bbox 2165 2114 3711 2188">
     <span class='ocr_line' id='line_1_51' title="bbox 2165 2114 3711 2188; baseline 0.003 -22"><span class='ocrx_word' id='word_1_390' title='bbox 2165 2114 2247 2167; x_wconf 79' lang='grc' dir='ltr'>ὅτι</span> <span class='ocrx_word' id='word_1_391' title='bbox 2295 2114 2540 2185; x_wconf 79' lang='grc' dir='ltr'>ἥμαρτόν</span> <span class='ocrx_word' id='word_1_392' title='bbox 2581 2130 2684 2180; x_wconf 91' lang='grc' dir='ltr'>σοι,</span> <span class='ocrx_word' id='word_1_393' title='bbox 2721 2134 2739 2165; x_wconf 73' lang='grc' dir='ltr'><strong>ι</strong></span> <span class='ocrx_word' id='word_1_394' title='bbox 2772 2117 3034 2186; x_wconf 80' lang='grc' dir='ltr'><strong>τηρήσεις</strong></span> <span class='ocrx_word' id='word_1_395' title='bbox 3062 2115 3127 2168; x_wconf 80' lang='grc' dir='ltr'><strong>τὸ</strong></span> <span class='ocrx_word' id='word_1_396' title='bbox 3152 2114 3304 2188; x_wconf 70' lang='grc' dir='ltr'>παρὰ</span> <span class='ocrx_word' id='word_1_397' title='bbox 3341 2116 3426 2187; x_wconf 80' lang='grc' dir='ltr'>τῷ</span> <span class='ocrx_word' id='word_1_398' title='bbox 3467 2118 3711 2188; x_wconf 75' lang='grc' dir='ltr'>Συμμάχῳ</span> 
     </span>
    </p>
   </div>
   <div class='ocr_carea' id='block_1_52' title="bbox 2171 2204 3714 2279">
    <p class='ocr_par' dir='ltr' id='par_1_52' title="bbox 2171 2204 3714 2279">
     <span class='ocr_line' id='line_1_52' title="bbox 2171 2204 3714 2279; baseline 0.003 -22"><span class='ocrx_word' id='word_1_399' title='bbox 2171 2204 2244 2276; x_wconf 81' lang='grc' dir='ltr'>μὴ</span> <span class='ocrx_word' id='word_1_400' title='bbox 2288 2204 2460 2268; x_wconf 75' lang='grc' dir='ltr'>οὕτως</span> <span class='ocrx_word' id='word_1_401' title='bbox 2506 2205 2647 2275; x_wconf 74' lang='grc' dir='ltr'>ἕχον,</span> <span class='ocrx_word' id='word_1_402' title='bbox 2678 2205 2832 2270; x_wconf 82' lang='grc' dir='ltr'>ἀλλὰ,</span> <span class='ocrx_word' id='word_1_403' title='bbox 2870 2225 2889 2257; x_wconf 74' lang='grc' dir='ltr'><strong>ι</strong></span> <span class='ocrx_word' id='word_1_404' title='bbox 2933 2208 3108 2260; x_wconf 82' lang='grc' dir='ltr'>Ἴασαι</span> <span class='ocrx_word' id='word_1_405' title='bbox 3137 2208 3238 2278; x_wconf 85' lang='grc' dir='ltr'><strong>τὴν</strong></span> <span class='ocrx_word' id='word_1_406' title='bbox 3274 2207 3459 2278; x_wconf 72' lang='grc' dir='ltr'>ψυχήν</span> <span class='ocrx_word' id='word_1_407' title='bbox 3495 2226 3605 2279; x_wconf 83' lang='grc' dir='ltr'>μου,</span> <span class='ocrx_word' id='word_1_408' title='bbox 3638 2211 3714 2262; x_wconf 74' lang='grc' dir='ltr'>καὶ</span> 
     </span>
    </p>
   </div>
   <div class='ocr_carea' id='block_1_53' title="bbox 2167 2298 3713 2372">
    <p class='ocr_par' dir='ltr' id='par_1_53' title="bbox 2167 2298 3713 2372">
     <span class='ocr_line' id='line_1_53' title="bbox 2167 2298 3713 2372; baseline 0.002 -21"><span class='ocrx_word' id='word_1_409' title='bbox 2167 2300 2216 2351; x_wconf 89' lang='grc' dir='ltr'><strong>εί</strong></span> <span class='ocrx_word' id='word_1_410' title='bbox 2240 2298 2484 2371; x_wconf 84' lang='grc' dir='ltr'>ἥμαρτόν</span> <span class='ocrx_word' id='word_1_411' title='bbox 2518 2315 2618 2352; x_wconf 92' lang='grc' dir='ltr'>σοι.</span> <span class='ocrx_word' id='word_1_412' title='bbox 2659 2317 2679 2350; x_wconf 74' lang='grc' dir='ltr'><strong>ι</strong></span> <span class='ocrx_word' id='word_1_413' title='bbox 2714 2300 2841 2352; x_wconf 50' lang='grc' dir='ltr'>Καὶ.</span> <span class='ocrx_word' id='word_1_414' title='bbox 2865 2298 3010 2353; x_wconf 74' lang='grc' dir='ltr'>οὕτω</span> <span class='ocrx_word' id='word_1_415' title='bbox 3043 2300 3102 2353; x_wconf 85' lang='grc' dir='ltr'>δὲ</span> <span class='ocrx_word' id='word_1_416' title='bbox 3132 2300 3290 2354; x_wconf 91' lang='grc' dir='ltr'>τοῦτό</span> <span class='ocrx_word' id='word_1_417' title='bbox 3336 2318 3522 2372; x_wconf 68' lang='grc' dir='ltr'>φησιν,</span> <span class='ocrx_word' id='word_1_418' title='bbox 3559 2302 3713 2372; x_wconf 75' lang='grc' dir='ltr'>ἐπειδὴ</span> 
     </span>
    </p>
   </div>
   <div class='ocr_carea' id='block_1_54' title="bbox 2166 2391 3715 2467">
    <p class='ocr_par' dir='ltr' id='par_1_54' title="bbox 2166 2391 3715 2467">
     <span class='ocr_line' id='line_1_54' title="bbox 2166 2391 3715 2467; baseline 0.001 -22"><span class='ocrx_word' id='word_1_419' title='bbox 2166 2391 2265 2456; x_wconf 85' lang='grc' dir='ltr'>τὰς</span> <span class='ocrx_word' id='word_1_420' title='bbox 2317 2393 2590 2464; x_wconf 84' lang='grc' dir='ltr'>ἡμετέρας</span> <span class='ocrx_word' id='word_1_421' title='bbox 2631 2396 2922 2447; x_wconf 89' lang='grc' dir='ltr'>κοινοποιεί</span> <span class='ocrx_word' id='word_1_422' title='bbox 2975 2395 3053 2457; x_wconf 83' lang='grc' dir='ltr'><strong>είς</strong></span> <span class='ocrx_word' id='word_1_423' title='bbox 3100 2395 3290 2447; x_wconf 76' lang='grc' dir='ltr'>ἑαυτὸν</span> <span class='ocrx_word' id='word_1_424' title='bbox 3333 2396 3614 2467; x_wconf 80' lang='grc' dir='ltr'>ἁμαρτίας.</span> <span class='ocrx_word' id='word_1_425' title='bbox 3642 2394 3715 2447; x_wconf 77' lang='grc' dir='ltr'><strong>Διὸ</strong></span> 
     </span>
    </p>
   </div>
   <div class='ocr_carea' id='block_1_55' title="bbox 2168 2483 3713 2559">
    <p class='ocr_par' dir='ltr' id='par_1_55' title="bbox 2168 2483 3713 2559">
     <span class='ocr_line' id='line_1_55' title="bbox 2168 2483 3713 2559; baseline 0.002 -22"><span class='ocrx_word' id='word_1_426' title='bbox 2168 2483 2415 2538; x_wconf 88' lang='grc' dir='ltr'>λέλεκται</span> <span class='ocrx_word' id='word_1_427' title='bbox 2436 2502 2449 2515; x_wconf 74' lang='grc' dir='ltr'><strong>ο</strong></span> <span class='ocrx_word' id='word_1_428' title='bbox 2480 2503 2498 2536; x_wconf 77' lang='grc' dir='ltr'><strong>ι</strong></span> <span class='ocrx_word' id='word_1_429' title='bbox 2527 2485 2636 2539; x_wconf 74' lang='grc' dir='ltr'>Καὶ</span> <span class='ocrx_word' id='word_1_430' title='bbox 2656 2485 2859 2558; x_wconf 79' lang='grc' dir='ltr'>Κύριος</span> <span class='ocrx_word' id='word_1_431' title='bbox 2891 2486 3209 2557; x_wconf 82' lang='grc' dir='ltr'>παρέδωκεν</span> <span class='ocrx_word' id='word_1_432' title='bbox 3235 2487 3398 2540; x_wconf 77' lang='grc' dir='ltr'>αὑτὸν</span> <span class='ocrx_word' id='word_1_433' title='bbox 3431 2490 3544 2550; x_wconf 75' lang='grc' dir='ltr'>ταῖς</span> <span class='ocrx_word' id='word_1_434' title='bbox 3568 2488 3713 2559; x_wconf 88' lang='grc' dir='ltr'>ἀμαρ-</span> 
     </span>
    </p>
   </div>
   <div class='ocr_carea' id='block_1_56' title="bbox 2166 2575 3708 2649">
    <p class='ocr_par' dir='ltr' id='par_1_56' title="bbox 2166 2575 3708 2649">
     <span class='ocr_line' id='line_1_56' title="bbox 2166 2575 3708 2649; baseline 0.001 -21"><span class='ocrx_word' id='word_1_435' title='bbox 2166 2576 2309 2640; x_wconf 89' lang='grc' dir='ltr'>τίαις</span> <span class='ocrx_word' id='word_1_436' title='bbox 2347 2575 2503 2647; x_wconf 86' lang='grc' dir='ltr'>ἡμῶν</span> <span class='ocrx_word' id='word_1_437' title='bbox 2528 2594 2541 2607; x_wconf 79' lang='grc'><em>’</em></span> <span class='ocrx_word' id='word_1_438' title='bbox 2571 2596 2589 2628; x_wconf 74' lang='grc' dir='ltr'><strong>ι</strong></span> <span class='ocrx_word' id='word_1_439' title='bbox 2627 2577 2740 2641; x_wconf 75' lang='grc' dir='ltr'>καὶ,</span> <span class='ocrx_word' id='word_1_440' title='bbox 2773 2596 2791 2627; x_wconf 77' lang='grc' dir='ltr'><strong>ι</strong></span> <span class='ocrx_word' id='word_1_441' title='bbox 2831 2578 2999 2640; x_wconf 77' lang='grc' dir='ltr'>Αὐτὸς</span> <span class='ocrx_word' id='word_1_442' title='bbox 3030 2578 3304 2649; x_wconf 88' lang='grc' dir='ltr'>ἁμαρτίας</span> <span class='ocrx_word' id='word_1_443' title='bbox 3335 2578 3494 2649; x_wconf 81' lang='grc' dir='ltr'>ήμῶν</span> <span class='ocrx_word' id='word_1_444' title='bbox 3519 2578 3708 2649; x_wconf 74' lang='grc' dir='ltr'>φέρει.»</span> 
     </span>
    </p>
   </div>
   <div class='ocr_carea' id='block_1_57' title="bbox 2167 2667 3713 2740">
    <p class='ocr_par' dir='ltr' id='par_1_57' title="bbox 2167 2667 3713 2740">
     <span class='ocr_line' id='line_1_57' title="bbox 2167 2667 3713 2740; baseline 0.001 -21"><span class='ocrx_word' id='word_1_445' title='bbox 2167 2667 2364 2735; x_wconf 87' lang='grc' dir='ltr'>Γέγονε</span> <span class='ocrx_word' id='word_1_446' title='bbox 2397 2667 2526 2736; x_wconf 88' lang='grc' dir='ltr'>γοῦν</span> <span class='ocrx_word' id='word_1_447' title='bbox 2549 2668 2688 2740; x_wconf 83' lang='grc' dir='ltr'>ὑπὲρ</span> <span class='ocrx_word' id='word_1_448' title='bbox 2713 2668 2867 2739; x_wconf 78' lang='grc' dir='ltr'>ἡμῶν</span> <span class='ocrx_word' id='word_1_449' title='bbox 2903 2669 3116 2740; x_wconf 83' lang='grc' dir='ltr'>κατάρα</span> <span class='ocrx_word' id='word_1_450' title='bbox 3141 2671 3168 2721; x_wconf 88' lang='grc' dir='ltr'><strong>ό</strong></span> <span class='ocrx_word' id='word_1_451' title='bbox 3205 2670 3403 2740; x_wconf 85' lang='grc' dir='ltr'>Ἀμνὸς</span> <span class='ocrx_word' id='word_1_452' title='bbox 3430 2669 3521 2723; x_wconf 89' lang='grc' dir='ltr'><strong>τοῦ</strong></span> <span class='ocrx_word' id='word_1_453' title='bbox 3541 2668 3713 2730; x_wconf 77' lang='grc' dir='ltr'>θεοῦ,ὀ</span> 
     </span>
    </p>
   </div>
   <div class='ocr_carea' id='block_1_58' title="bbox 2168 2758 3713 2832">
    <p class='ocr_par' dir='ltr' id='par_1_58' title="bbox 2168 2758 3713 2832">
     <span class='ocr_line' id='line_1_58' title="bbox 2168 2758 3713 2832; baseline 0.001 -19"><span class='ocrx_word' id='word_1_454' title='bbox 2168 2758 2338 2830; x_wconf 76' lang='grc' dir='ltr'>αἴρων</span> <span class='ocrx_word' id='word_1_455' title='bbox 2382 2759 2479 2831; x_wconf 82' lang='grc' dir='ltr'><strong>τὴν</strong></span> <span class='ocrx_word' id='word_1_456' title='bbox 2527 2761 2796 2831; x_wconf 81' lang='grc' dir='ltr'>ἁμαρτίαν</span> <span class='ocrx_word' id='word_1_457' title='bbox 2838 2759 2934 2813; x_wconf 91' lang='grc' dir='ltr'><strong>τοῦ</strong></span> <span class='ocrx_word' id='word_1_458' title='bbox 2983 2762 3183 2830; x_wconf 78' lang='grc' dir='ltr'>κόσμου</span> <span class='ocrx_word' id='word_1_459' title='bbox 3206 2778 3217 2790; x_wconf 95' lang='grc'><strong>·</strong></span> <span class='ocrx_word' id='word_1_460' title='bbox 3250 2761 3308 2813; x_wconf 84' lang='grc' dir='ltr'>ὃν</span> <span class='ocrx_word' id='word_1_461' title='bbox 3340 2762 3529 2832; x_wconf 65' lang='grc' dir='ltr'>καὶμὴ</span> <span class='ocrx_word' id='word_1_462' title='bbox 3549 2763 3713 2831; x_wconf 79' lang='grc' dir='ltr'>γνόντα</span> 
     </span>
    </p>
   </div>
   <div class='ocr_carea' id='block_1_59' title="bbox 2170 2853 3713 2926">
    <p class='ocr_par' dir='ltr' id='par_1_59' title="bbox 2170 2853 3713 2926">
     <span class='ocr_line' id='line_1_59' title="bbox 2170 2853 3713 2926; baseline 0.001 -21"><span class='ocrx_word' id='word_1_463' title='bbox 2170 2853 2443 2924; x_wconf 79' lang='grc' dir='ltr'>ἁμαρτίαν</span> <span class='ocrx_word' id='word_1_464' title='bbox 2494 2854 2523 2906; x_wconf 85' lang='grc' dir='ltr'><strong>ό</strong></span> <span class='ocrx_word' id='word_1_465' title='bbox 2578 2853 2711 2916; x_wconf 73' lang='grc' dir='ltr'>Θεὸς</span> <span class='ocrx_word' id='word_1_466' title='bbox 2756 2854 2897 2925; x_wconf 79' lang='grc' dir='ltr'>ὑπὲρ</span> <span class='ocrx_word' id='word_1_467' title='bbox 2938 2854 3093 2925; x_wconf 84' lang='grc' dir='ltr'>ήμῶν</span> <span class='ocrx_word' id='word_1_468' title='bbox 3140 2854 3418 2926; x_wconf 78' lang='grc' dir='ltr'>ἁμαρτίαν</span> <span class='ocrx_word' id='word_1_469' title='bbox 3469 2856 3713 2925; x_wconf 79' lang='grc' dir='ltr'>ἐποίησεν,</span> 
     </span>
    </p>
   </div>
   <div class='ocr_carea' id='block_1_60' title="bbox 2170 2946 3715 3019">
    <p class='ocr_par' dir='ltr' id='par_1_60' title="bbox 2170 2946 3715 3019">
     <span class='ocr_line' id='line_1_60' title="bbox 2170 2946 3715 3019; baseline 0.002 -22"><span class='ocrx_word' id='word_1_470' title='bbox 2170 2946 2456 3016; x_wconf 71' lang='grc' dir='ltr'>ἀντίψυχον</span> <span class='ocrx_word' id='word_1_471' title='bbox 2495 2946 2635 3017; x_wconf 82' lang='grc' dir='ltr'>ὑπὲρ</span> <span class='ocrx_word' id='word_1_472' title='bbox 2682 2947 2899 3000; x_wconf 85' lang='grc' dir='ltr'>πάντων</span> <span class='ocrx_word' id='word_1_473' title='bbox 2932 2946 3086 3017; x_wconf 82' lang='grc' dir='ltr'>ἡμῶν</span> <span class='ocrx_word' id='word_1_474' title='bbox 3119 2948 3422 3019; x_wconf 79' lang='grc' dir='ltr'>προέμενος</span> <span class='ocrx_word' id='word_1_475' title='bbox 3458 2950 3623 3010; x_wconf 77' lang='grc' dir='ltr'>αὐτὸν,</span> <span class='ocrx_word' id='word_1_476' title='bbox 3645 2950 3715 3002; x_wconf 78' lang='grc' dir='ltr'><strong>ἵνα</strong></span> 
     </span>
    </p>
   </div>
   <div class='ocr_carea' id='block_1_61' title="bbox 2168 3039 3715 3111">
    <p class='ocr_par' dir='ltr' id='par_1_61' title="bbox 2168 3039 3715 3111">
     <span class='ocr_line' id='line_1_61' title="bbox 2168 3039 3715 3111; baseline -0.001 -18"><span class='ocrx_word' id='word_1_477' title='bbox 2168 3041 2329 3111; x_wconf 81' lang='grc' dir='ltr'>ἡμεῖς</span> <span class='ocrx_word' id='word_1_478' title='bbox 2356 3039 2641 3110; x_wconf 83' lang='grc' dir='ltr'>γενώμεθα</span> <span class='ocrx_word' id='word_1_479' title='bbox 2665 3039 2975 3109; x_wconf 83' lang='grc' dir='ltr'>δικαιοσύνη</span> <span class='ocrx_word' id='word_1_480' title='bbox 3010 3039 3145 3092; x_wconf 81' lang='grc' dir='ltr'>Θεοῦ</span> <span class='ocrx_word' id='word_1_481' title='bbox 3168 3042 3225 3092; x_wconf 85' lang='grc' dir='ltr'><strong>ἐν</strong></span> <span class='ocrx_word' id='word_1_482' title='bbox 3257 3040 3429 3111; x_wconf 67' lang='grc' dir='ltr'>αὐτῷ.</span> <span class='ocrx_word' id='word_1_483' title='bbox 3466 3042 3594 3093; x_wconf 80' lang='grc' dir='ltr'>Ἀλλ’</span> <span class='ocrx_word' id='word_1_484' title='bbox 3616 3040 3715 3093; x_wconf 59' lang='lat' dir='ltr'><strong>Emi</strong></span> 
     </span>
    </p>
   </div>
   <div class='ocr_carea' id='block_1_62' title="bbox 497 3130 2067 3213">
    <p class='ocr_par' dir='ltr' id='par_1_62' title="bbox 497 3131 2063 3201">
     <span class='ocr_line' id='line_1_62' title="bbox 497 3131 2063 3201; baseline 0.003 -17"><span class='ocrx_word' id='word_1_485' title='bbox 497 3132 766 3195; x_wconf 85' lang='lat' dir='ltr'><strong>videatur,</strong></span> <span class='ocrx_word' id='word_1_486' title='bbox 801 3131 936 3186; x_wconf 91' lang='lat' dir='ltr'><strong>illud</strong></span> <span class='ocrx_word' id='word_1_487' title='bbox 970 3132 1115 3201; x_wconf 92' lang='lat' dir='ltr'><strong>quod</strong></span> <span class='ocrx_word' id='word_1_488' title='bbox 1169 3131 1374 3187; x_wconf 89' lang='lat' dir='ltr'><strong>dictum</strong></span> <span class='ocrx_word' id='word_1_489' title='bbox 1420 3144 1541 3189; x_wconf 90' lang='lat' dir='ltr'><strong>est:</strong></span> <span class='ocrx_word' id='word_1_490' title='bbox 1580 3153 1600 3184; x_wconf 73' lang='grc' dir='ltr'><strong>ι</strong></span> <span class='ocrx_word' id='word_1_491' title='bbox 1639 3133 1783 3189; x_wconf 87' lang='lat' dir='ltr'><strong>Sana</strong></span> <span class='ocrx_word' id='word_1_492' title='bbox 1827 3136 2063 3189; x_wconf 88' lang='lat' dir='ltr'><strong>animam</strong></span> 
     </span>
    </p>
   </div>
   <div class='ocr_carea' id='block_1_63' title="bbox 2170 3130 3716 3213">
    <p class='ocr_par' dir='ltr' id='par_1_63' title="bbox 2170 3130 3716 3204">
     <span class='ocr_line' id='line_1_63' title="bbox 2170 3130 3716 3204; baseline -0.001 -19"><span class='ocrx_word' id='word_1_493' title='bbox 2170 3132 2259 3185; x_wconf 77' lang='grc' dir='ltr'><strong>καὶ</strong></span> <span class='ocrx_word' id='word_1_494' title='bbox 2296 3135 2352 3184; x_wconf 88' lang='grc' dir='ltr'><strong>ἐν</strong></span> <span class='ocrx_word' id='word_1_495' title='bbox 2382 3130 2684 3203; x_wconf 79' lang='grc' dir='ltr'>ὁμοιώματι</span> <span class='ocrx_word' id='word_1_496' title='bbox 2742 3132 2942 3203; x_wconf 85' lang='grc' dir='ltr'>σαρκὸς</span> <span class='ocrx_word' id='word_1_497' title='bbox 2991 3131 3261 3203; x_wconf 86' lang='grc' dir='ltr'>ἁμαρτίας</span> <span class='ocrx_word' id='word_1_498' title='bbox 3289 3134 3574 3204; x_wconf 81' lang='grc' dir='ltr'>γενόμενος</span> <span class='ocrx_word' id='word_1_499' title='bbox 3610 3150 3716 3187; x_wconf 67' lang='grc' dir='ltr'>κατε</span> 
     </span>
    </p>
   </div>
   <div class='ocr_carea' id='block_1_64' title="bbox 496 3223 2068 3296">
    <p class='ocr_par' dir='ltr' id='par_1_64' title="bbox 496 3223 2068 3296">
     <span class='ocr_line' id='line_1_64' title="bbox 496 3223 2068 3296; baseline 0.004 -21"><span class='ocrx_word' id='word_1_500' title='bbox 496 3238 695 3286; x_wconf 90' lang='lat' dir='ltr'><strong>meam,</strong></span> <span class='ocrx_word' id='word_1_501' title='bbox 729 3223 855 3293; x_wconf 90' lang='lat' dir='ltr'><strong>quia</strong></span> <span class='ocrx_word' id='word_1_502' title='bbox 885 3224 1101 3293; x_wconf 83' lang='lat' dir='ltr'><strong>peccavi</strong></span> <span class='ocrx_word' id='word_1_503' title='bbox 1137 3224 1255 3289; x_wconf 87' lang='lat' dir='ltr'><strong>tibi,</strong></span> <span class='ocrx_word' id='word_1_504' title='bbox 1290 3243 1308 3276; x_wconf 79' lang='grc' dir='ltr'><strong>ι</strong></span> <span class='ocrx_word' id='word_1_505' title='bbox 1342 3225 1650 3292; x_wconf 84' lang='lat' dir='ltr'><strong>observato,</strong></span> <span class='ocrx_word' id='word_1_506' title='bbox 1692 3242 1878 3296; x_wconf 66' lang='lat' dir='ltr'><strong>quaeso</strong></span> <span class='ocrx_word' id='word_1_507' title='bbox 1907 3238 1978 3293; x_wconf 92' lang='lat' dir='ltr'><strong>te,</strong></span> <span class='ocrx_word' id='word_1_508' title='bbox 2010 3236 2068 3281; x_wconf 92' lang='lat' dir='ltr'><strong>nt</strong></span> 
     </span>
    </p>
   </div>
   <div class='ocr_carea' id='block_1_65' title="bbox 497 3314 2068 3386">
    <p class='ocr_par' dir='ltr' id='par_1_65' title="bbox 497 3314 2068 3386">
     <span class='ocr_line' id='line_1_65' title="bbox 497 3314 2068 3386; baseline 0.004 -19"><span class='ocrx_word' id='word_1_509' title='bbox 497 3314 640 3369; x_wconf 89' lang='lat' dir='ltr'><strong>idem</strong></span> <span class='ocrx_word' id='word_1_510' title='bbox 671 3315 810 3385; x_wconf 87' lang='lat' dir='ltr'><strong>apud</strong></span> <span class='ocrx_word' id='word_1_511' title='bbox 858 3315 1242 3386; x_wconf 82' lang='lat' dir='ltr'><strong>Symmachum</strong></span> <span class='ocrx_word' id='word_1_512' title='bbox 1290 3332 1399 3371; x_wconf 90' lang='lat' dir='ltr'><strong>non</strong></span> <span class='ocrx_word' id='word_1_513' title='bbox 1433 3318 1625 3372; x_wconf 85' lang='lat' dir='ltr'><strong>eodem</strong></span> <span class='ocrx_word' id='word_1_514' title='bbox 1669 3319 1832 3374; x_wconf 90' lang='lat' dir='ltr'><strong>modo</strong></span> <span class='ocrx_word' id='word_1_515' title='bbox 1881 3336 1938 3376; x_wconf 85' lang='lat' dir='ltr'><strong>se</strong></span> <span class='ocrx_word' id='word_1_516' title='bbox 1971 3321 2068 3374; x_wconf 91' lang='lat' dir='ltr'><strong>ha-</strong></span> 
     </span>
    </p>
   </div>
   <div class='ocr_carea' id='block_1_66' title="bbox 495 3405 2068 3481">
    <p class='ocr_par' dir='ltr' id='par_1_66' title="bbox 495 3405 2068 3481">
     <span class='ocr_line' id='line_1_66' title="bbox 495 3405 2068 3481; baseline 0.004 -21"><span class='ocrx_word' id='word_1_517' title='bbox 495 3407 642 3471; x_wconf 82' lang='lat' dir='ltr'><strong>beat,</strong></span> <span class='ocrx_word' id='word_1_518' title='bbox 676 3407 771 3463; x_wconf 83' lang='lat' dir='ltr'><strong>sed</strong></span> <span class='ocrx_word' id='word_1_519' title='bbox 804 3408 884 3462; x_wconf 90' lang='lat' dir='ltr'><strong>sic</strong></span> <span class='ocrx_word' id='word_1_520' title='bbox 912 3426 925 3460; x_wconf 88' lang='lat'><strong>:</strong></span> <span class='ocrx_word' id='word_1_521' title='bbox 958 3405 1102 3461; x_wconf 87' lang='lat' dir='ltr'><strong>Sana</strong></span> <span class='ocrx_word' id='word_1_522' title='bbox 1145 3409 1384 3462; x_wconf 89' lang='lat' dir='ltr'><strong>animam</strong></span> <span class='ocrx_word' id='word_1_523' title='bbox 1429 3425 1627 3475; x_wconf 89' lang='lat' dir='ltr'><strong>meam,</strong></span> <span class='ocrx_word' id='word_1_524' title='bbox 1660 3419 1714 3465; x_wconf 92' lang='lat' dir='ltr'><strong>et</strong></span> <span class='ocrx_word' id='word_1_525' title='bbox 1752 3412 1798 3466; x_wconf 91' lang='lat' dir='ltr'><strong>si</strong></span> <span class='ocrx_word' id='word_1_526' title='bbox 1844 3413 2068 3481; x_wconf 86' lang='lat' dir='ltr'><strong>peccavi</strong></span> 
     </span>
    </p>
   </div>
   <div class='ocr_carea' id='block_1_67' title="bbox 495 3496 2068 3573">
    <p class='ocr_par' dir='ltr' id='par_1_67' title="bbox 495 3496 2068 3573">
     <span class='ocr_line' id='line_1_67' title="bbox 495 3496 2068 3573; baseline 0.005 -22"><span class='ocrx_word' id='word_1_527' title='bbox 495 3498 618 3552; x_wconf 88' lang='lat' dir='ltr'><strong>tibi.</strong></span> <span class='ocrx_word' id='word_1_528' title='bbox 651 3518 671 3551; x_wconf 75' lang='grc' dir='ltr'><strong>ι</strong></span> <span class='ocrx_word' id='word_1_529' title='bbox 706 3496 798 3553; x_wconf 88' lang='lat' dir='ltr'><strong>Sic</strong></span> <span class='ocrx_word' id='word_1_530' title='bbox 827 3507 1007 3555; x_wconf 91' lang='lat' dir='ltr'><strong>autem</strong></span> <span class='ocrx_word' id='word_1_531' title='bbox 1030 3500 1134 3555; x_wconf 93' lang='lat' dir='ltr'><strong>hoc</strong></span> <span class='ocrx_word' id='word_1_532' title='bbox 1162 3500 1252 3554; x_wconf 89' lang='lat' dir='ltr'><strong>ille</strong></span> <span class='ocrx_word' id='word_1_533' title='bbox 1272 3502 1366 3565; x_wconf 84' lang='lat' dir='ltr'><strong>ait,</strong></span> <span class='ocrx_word' id='word_1_534' title='bbox 1395 3512 1679 3573; x_wconf 88' lang='lat' dir='ltr'><strong>propterea</strong></span> <span class='ocrx_word' id='word_1_535' title='bbox 1708 3503 1853 3573; x_wconf 92' lang='lat' dir='ltr'><strong>quod</strong></span> <span class='ocrx_word' id='word_1_536' title='bbox 1880 3512 2068 3560; x_wconf 89' lang='lat' dir='ltr'><strong>nostra</strong></span> 
     </span>
    </p>
   </div>
   <div class='ocr_carea' id='block_1_68' title="bbox 497 3592 2067 3667">
    <p class='ocr_par' dir='ltr' id='par_1_68' title="bbox 497 3592 2067 3667">
     <span class='ocr_line' id='line_1_68' title="bbox 497 3592 2067 3667; baseline 0.003 -22"><span class='ocrx_word' id='word_1_537' title='bbox 497 3606 685 3647; x_wconf 85' lang='lat' dir='ltr'><strong>secum</strong></span> <span class='ocrx_word' id='word_1_538' title='bbox 741 3592 859 3661; x_wconf 92' lang='lat' dir='ltr'><strong>ipse</strong></span> <span class='ocrx_word' id='word_1_539' title='bbox 902 3602 1124 3663; x_wconf 89' lang='lat' dir='ltr'><strong>peccata</strong></span> <span class='ocrx_word' id='word_1_540' title='bbox 1172 3593 1621 3649; x_wconf 87' lang='lat' dir='ltr'><strong>communicavit.</strong></span> <span class='ocrx_word' id='word_1_541' title='bbox 1662 3594 1741 3650; x_wconf 77' lang='lat' dir='ltr'><strong>Ex</strong></span> <span class='ocrx_word' id='word_1_542' title='bbox 1791 3613 1901 3667; x_wconf 89' lang='lat' dir='ltr'><strong>quo</strong></span> <span class='ocrx_word' id='word_1_543' title='bbox 1934 3596 2067 3651; x_wconf 90' lang='lat' dir='ltr'><strong>illud</strong></span> 
     </span>
    </p>
   </div>
   <div class='ocr_carea' id='block_1_69' title="bbox 494 3680 2069 3758">
    <p class='ocr_par' dir='ltr' id='par_1_69' title="bbox 494 3680 2069 3758">
     <span class='ocr_line' id='line_1_69' title="bbox 494 3680 2069 3758; baseline 0.006 -22"><span class='ocrx_word' id='word_1_544' title='bbox 494 3680 702 3736; x_wconf 86' lang='lat' dir='ltr'><strong>dictum</strong></span> <span class='ocrx_word' id='word_1_545' title='bbox 747 3693 874 3738; x_wconf 90' lang='lat' dir='ltr'><strong>est:</strong></span> <span class='ocrx_word' id='word_1_546' title='bbox 913 3703 933 3735; x_wconf 76' lang='grc' dir='ltr'><strong>ι</strong></span> <span class='ocrx_word' id='word_1_547' title='bbox 964 3683 1029 3738; x_wconf 83' lang='grc' dir='ltr'>Ει</span> <span class='ocrx_word' id='word_1_548' title='bbox 1074 3684 1337 3742; x_wconf 89' lang='lat' dir='ltr'><strong>Dominus</strong></span> <span class='ocrx_word' id='word_1_549' title='bbox 1386 3687 1611 3741; x_wconf 80' lang='lat' dir='ltr'><strong>tradidit</strong></span> <span class='ocrx_word' id='word_1_550' title='bbox 1656 3704 1780 3743; x_wconf 89' lang='lat' dir='ltr'><strong>eum</strong></span> <span class='ocrx_word' id='word_1_551' title='bbox 1831 3690 2069 3758; x_wconf 87' lang='lat' dir='ltr'><strong>peccatis</strong></span> 
     </span>
    </p>
   </div>
   <div class='ocr_carea' id='block_1_70' title="bbox 494 3774 2070 3851">
    <p class='ocr_par' dir='ltr' id='par_1_70' title="bbox 494 3774 2070 3851">
     <span class='ocr_line' id='line_1_70' title="bbox 494 3774 2070 3851; baseline 0.005 -25"><span class='ocrx_word' id='word_1_552' title='bbox 494 3774 723 3839; x_wconf 85' lang='lat' dir='ltr'><strong>nostris,</strong></span> <span class='ocrx_word' id='word_1_553' title='bbox 754 3783 827 3836; x_wconf 89' lang='lat' dir='ltr'><strong>et,</strong></span> <span class='ocrx_word' id='word_1_554' title='bbox 865 3775 983 3845; x_wconf 90' lang='lat' dir='ltr'><strong>ipse</strong></span> <span class='ocrx_word' id='word_1_555' title='bbox 1031 3785 1251 3844; x_wconf 86' lang='lat' dir='ltr'><strong>peccata</strong></span> <span class='ocrx_word' id='word_1_556' title='bbox 1278 3786 1463 3832; x_wconf 91' lang='lat' dir='ltr'><strong>nostra</strong></span> <span class='ocrx_word' id='word_1_557' title='bbox 1497 3778 1676 3833; x_wconf 79' lang='lat' dir='ltr'><strong>fert&quot;.</strong></span> <span class='ocrx_word' id='word_1_558' title='bbox 1717 3799 1735 3831; x_wconf 76' lang='grc' dir='ltr'><strong>ι</strong></span> <span class='ocrx_word' id='word_1_559' title='bbox 1773 3778 1934 3851; x_wconf 62' lang='grc'><strong>467</strong></span> <span class='ocrx_word' id='word_1_560' title='bbox 1967 3779 2070 3834; x_wconf 81' lang='lat' dir='ltr'><strong>Fa—</strong></span> 
     </span>
    </p>
   </div>
   <div class='ocr_carea' id='block_1_71' title="bbox 493 3865 2066 3940">
    <p class='ocr_par' dir='ltr' id='par_1_71' title="bbox 493 3865 2066 3940">
     <span class='ocr_line' id='line_1_71' title="bbox 493 3865 2066 3940; baseline 0.004 -22"><span class='ocrx_word' id='word_1_561' title='bbox 493 3875 618 3920; x_wconf 89' lang='lat' dir='ltr'><strong>ctus</strong></span> <span class='ocrx_word' id='word_1_562' title='bbox 649 3873 735 3919; x_wconf 91' lang='lat' dir='ltr'><strong>est</strong></span> <span class='ocrx_word' id='word_1_563' title='bbox 768 3865 936 3936; x_wconf 85' lang='lat' dir='ltr'><strong>igitur</strong></span> <span class='ocrx_word' id='word_1_564' title='bbox 965 3883 1065 3937; x_wconf 86' lang='lat' dir='ltr'><strong>pro</strong></span> <span class='ocrx_word' id='word_1_565' title='bbox 1089 3867 1250 3923; x_wconf 90' lang='lat' dir='ltr'><strong>nobis</strong></span> <span class='ocrx_word' id='word_1_566' title='bbox 1277 3871 1585 3926; x_wconf 79' lang='lat' dir='ltr'><strong>exsecratio</strong></span> <span class='ocrx_word' id='word_1_567' title='bbox 1614 3871 1705 3925; x_wconf 89' lang='lat' dir='ltr'><strong>ille</strong></span> <span class='ocrx_word' id='word_1_568' title='bbox 1732 3871 1919 3940; x_wconf 78' lang='lat' dir='ltr'><strong>Agnus</strong></span> <span class='ocrx_word' id='word_1_569' title='bbox 1951 3871 2066 3937; x_wconf 87' lang='lat' dir='ltr'><strong>Dei,</strong></span> 
     </span>
    </p>
   </div>
   <div class='ocr_carea' id='block_1_72' title="bbox 494 3957 2069 4033">
    <p class='ocr_par' dir='ltr' id='par_1_72' title="bbox 494 3957 2069 4033">
     <span class='ocr_line' id='line_1_72' title="bbox 494 3957 2069 4033; baseline 0.005 -23"><span class='ocrx_word' id='word_1_570' title='bbox 494 3957 587 4027; x_wconf 89' lang='lat' dir='ltr'><strong>qui</strong></span> <span class='ocrx_word' id='word_1_571' title='bbox 633 3958 776 4011; x_wconf 89' lang='lat' dir='ltr'><strong>tollit</strong></span> <span class='ocrx_word' id='word_1_572' title='bbox 808 3968 1091 4028; x_wconf 90' lang='lat' dir='ltr'><strong>peccatum</strong></span> <span class='ocrx_word' id='word_1_573' title='bbox 1126 3961 1336 4024; x_wconf 91' lang='lat' dir='ltr'><strong>mundi,</strong></span> <span class='ocrx_word' id='word_1_574' title='bbox 1379 3978 1541 4031; x_wconf 90' lang='lat' dir='ltr'><strong>quem</strong></span> <span class='ocrx_word' id='word_1_575' title='bbox 1577 3977 1687 4016; x_wconf 91' lang='lat' dir='ltr'><strong>non</strong></span> <span class='ocrx_word' id='word_1_576' title='bbox 1732 3978 2069 4033; x_wconf 83' lang='lat' dir='ltr'><strong>cognoscen-</strong></span> 
     </span>
    </p>
   </div>
   <div class='ocr_carea' id='block_1_73' title="bbox 494 4046 2066 4121">
    <p class='ocr_par' dir='ltr' id='par_1_73' title="bbox 494 4046 2066 4121">
     <span class='ocr_line' id='line_1_73' title="bbox 494 4046 2066 4121; baseline 0.004 -20"><span class='ocrx_word' id='word_1_577' title='bbox 494 4052 603 4101; x_wconf 73' lang='lat' dir='ltr'><strong>tcm</strong></span> <span class='ocrx_word' id='word_1_578' title='bbox 634 4054 937 4115; x_wconf 85' lang='lat' dir='ltr'><strong>peccatum,</strong></span> <span class='ocrx_word' id='word_1_579' title='bbox 969 4046 1113 4103; x_wconf 86' lang='lat' dir='ltr'><strong>Deus</strong></span> <span class='ocrx_word' id='word_1_580' title='bbox 1140 4064 1237 4118; x_wconf 93' lang='lat' dir='ltr'><strong>pro</strong></span> <span class='ocrx_word' id='word_1_581' title='bbox 1262 4052 1421 4106; x_wconf 87' lang='lat' dir='ltr'><strong>nobis</strong></span> <span class='ocrx_word' id='word_1_582' title='bbox 1451 4062 1732 4121; x_wconf 86' lang='lat' dir='ltr'><strong>peccatum</strong></span> <span class='ocrx_word' id='word_1_583' title='bbox 1766 4052 1914 4116; x_wconf 82' lang='lat' dir='ltr'><strong>fecit,</strong></span> <span class='ocrx_word' id='word_1_584' title='bbox 1939 4053 2066 4107; x_wconf 89' lang='lat' dir='ltr'><strong>dum</strong></span> 
     </span>
    </p>
   </div>
   <div class='ocr_carea' id='block_1_74' title="bbox 496 4138 2068 4214">
    <p class='ocr_par' dir='ltr' id='par_1_74' title="bbox 496 4138 2068 4214">
     <span class='ocr_line' id='line_1_74' title="bbox 496 4138 2068 4214; baseline 0.004 -23"><span class='ocrx_word' id='word_1_585' title='bbox 496 4138 649 4191; x_wconf 91' lang='lat' dir='ltr'><strong>illum</strong></span> <span class='ocrx_word' id='word_1_586' title='bbox 684 4139 917 4208; x_wconf 84' lang='lat' dir='ltr'><strong>pretium</strong></span> <span class='ocrx_word' id='word_1_587' title='bbox 950 4141 1247 4195; x_wconf 90' lang='lat' dir='ltr'><strong>animatum</strong></span> <span class='ocrx_word' id='word_1_588' title='bbox 1281 4157 1343 4196; x_wconf 88' lang='lat' dir='ltr'><strong>ac</strong></span> <span class='ocrx_word' id='word_1_589' title='bbox 1374 4143 1554 4197; x_wconf 83' lang='lat' dir='ltr'><strong>vivum</strong></span> <span class='ocrx_word' id='word_1_590' title='bbox 1586 4161 1685 4214; x_wconf 92' lang='lat' dir='ltr'><strong>pro</strong></span> <span class='ocrx_word' id='word_1_591' title='bbox 1714 4144 1920 4199; x_wconf 91' lang='lat' dir='ltr'><strong>nostris</strong></span> <span class='ocrx_word' id='word_1_592' title='bbox 1949 4160 2068 4197; x_wconf 86' lang='lat' dir='ltr'><strong>om-</strong></span> 
     </span>
    </p>
   </div>
   <div class='ocr_carea' id='block_1_75' title="bbox 494 4226 2067 4302">
    <p class='ocr_par' dir='ltr' id='par_1_75' title="bbox 494 4226 2067 4302">
     <span class='ocr_line' id='line_1_75' title="bbox 494 4226 2067 4302; baseline 0.006 -23"><span class='ocrx_word' id='word_1_593' title='bbox 494 4226 648 4280; x_wconf 87' lang='lat' dir='ltr'><strong>nium</strong></span> <span class='ocrx_word' id='word_1_594' title='bbox 680 4227 881 4282; x_wconf 89' lang='lat' dir='ltr'><strong>animis</strong></span> <span class='ocrx_word' id='word_1_595' title='bbox 929 4230 1118 4294; x_wconf 87' lang='lat' dir='ltr'><strong>tradit,</strong></span> <span class='ocrx_word' id='word_1_596' title='bbox 1149 4237 1208 4284; x_wconf 90' lang='lat' dir='ltr'><strong>ut</strong></span> <span class='ocrx_word' id='word_1_597' title='bbox 1253 4248 1354 4287; x_wconf 90' lang='lat' dir='ltr'><strong>nos</strong></span> <span class='ocrx_word' id='word_1_598' title='bbox 1385 4233 1685 4288; x_wconf 74' lang='lat' dir='ltr'><strong>efﬁciamur</strong></span> <span class='ocrx_word' id='word_1_599' title='bbox 1725 4233 1942 4302; x_wconf 87' lang='lat' dir='ltr'><strong>justitia</strong></span> <span class='ocrx_word' id='word_1_600' title='bbox 1970 4233 2067 4288; x_wconf 88' lang='lat' dir='ltr'><strong>Dei</strong></span> 
     </span>
    </p>
   </div>
   <div class='ocr_carea' id='block_1_76' title="bbox 495 4316 2067 4390">
    <p class='ocr_par' dir='ltr' id='par_1_76' title="bbox 495 4316 2067 4390">
     <span class='ocr_line' id='line_1_76' title="bbox 495 4316 2067 4390; baseline 0.006 -19"><span class='ocrx_word' id='word_1_601' title='bbox 495 4317 552 4371; x_wconf 91' lang='lat' dir='ltr'><strong>in</strong></span> <span class='ocrx_word' id='word_1_602' title='bbox 584 4319 726 4387; x_wconf 91' lang='lat' dir='ltr'><strong>ipso.</strong></span> <span class='ocrx_word' id='word_1_603' title='bbox 758 4316 865 4373; x_wconf 84' lang='lat' dir='ltr'><strong>Sed</strong></span> <span class='ocrx_word' id='word_1_604' title='bbox 893 4319 1115 4390; x_wconf 89' lang='lat' dir='ltr'><strong>quando</strong></span> <span class='ocrx_word' id='word_1_605' title='bbox 1141 4323 1304 4376; x_wconf 91' lang='lat' dir='ltr'><strong>etiam</strong></span> <span class='ocrx_word' id='word_1_606' title='bbox 1354 4323 1408 4377; x_wconf 93' lang='lat' dir='ltr'><strong>in</strong></span> <span class='ocrx_word' id='word_1_607' title='bbox 1440 4325 1852 4379; x_wconf 91' lang='lat' dir='ltr'><strong>similitudinem</strong></span> <span class='ocrx_word' id='word_1_608' title='bbox 1882 4327 2067 4381; x_wconf 83' lang='lat' dir='ltr'><strong>carnis</strong></span> 
     </span>
    </p>
   </div>
   <div class='ocr_carea' id='block_1_77' title="bbox 494 4410 2063 4486">
    <p class='ocr_par' dir='ltr' id='par_1_77' title="bbox 494 4410 2063 4486">
     <span class='ocr_line' id='line_1_77' title="bbox 494 4410 2063 4486; baseline 0.003 -20"><span class='ocrx_word' id='word_1_609' title='bbox 494 4412 704 4481; x_wconf 88' lang='lat' dir='ltr'><strong>peccati</strong></span> <span class='ocrx_word' id='word_1_610' title='bbox 756 4410 957 4479; x_wconf 84' lang='lat' dir='ltr'><strong>factus,</strong></span> <span class='ocrx_word' id='word_1_611' title='bbox 1014 4412 1399 4469; x_wconf 83' lang='lat' dir='ltr'><strong>condemnavit</strong></span> <span class='ocrx_word' id='word_1_612' title='bbox 1442 4425 1723 4486; x_wconf 88' lang='lat' dir='ltr'><strong>peccatum</strong></span> <span class='ocrx_word' id='word_1_613' title='bbox 1775 4417 1832 4471; x_wconf 91' lang='lat' dir='ltr'><strong>in</strong></span> <span class='ocrx_word' id='word_1_614' title='bbox 1877 4432 2063 4481; x_wconf 86' lang='lat' dir='ltr'><strong>carne,</strong></span> 
     </span>
    </p>
   </div>
   <div class='ocr_carea' id='block_1_78' title="bbox 2176 3221 3716 3296">
    <p class='ocr_par' dir='ltr' id='par_1_78' title="bbox 2176 3221 3716 3296">
     <span class='ocr_line' id='line_1_78' title="bbox 2176 3221 3716 3296; baseline 0.001 -22"><span class='ocrx_word' id='word_1_615' title='bbox 2176 3221 2358 3293; x_wconf 89' lang='grc' dir='ltr'>έκρινε</span> <span class='ocrx_word' id='word_1_616' title='bbox 2385 3222 2482 3293; x_wconf 78' lang='grc' dir='ltr'>τὴν</span> <span class='ocrx_word' id='word_1_617' title='bbox 2504 3223 2773 3293; x_wconf 81' lang='grc' dir='ltr'>ἁμαρτίαν</span> <span class='ocrx_word' id='word_1_618' title='bbox 2789 3224 2847 3275; x_wconf 83' lang='grc' dir='ltr'><strong>ἐν</strong></span> <span class='ocrx_word' id='word_1_619' title='bbox 2869 3225 2935 3293; x_wconf 83' lang='grc' dir='ltr'>τῇ</span> <span class='ocrx_word' id='word_1_620' title='bbox 2961 3223 3142 3294; x_wconf 78' lang='grc' dir='ltr'>σαρκὶ,</span> <span class='ocrx_word' id='word_1_621' title='bbox 3166 3223 3394 3287; x_wconf 74' lang='grc' dir='ltr'>εἰκότως</span> <span class='ocrx_word' id='word_1_622' title='bbox 3421 3224 3716 3296; x_wconf 56' lang='grc' dir='ltr'>προφέρεται</span> 
     </span>
    </p>
   </div>
   <div class='ocr_carea' id='block_1_79' title="bbox 2173 3316 3719 3391">
    <p class='ocr_par' dir='ltr' id='par_1_79' title="bbox 2173 3316 3719 3391">
     <span class='ocr_line' id='line_1_79' title="bbox 2173 3316 3719 3391; baseline -0.001 -20"><span class='ocrx_word' id='word_1_623' title='bbox 2173 3319 2243 3372; x_wconf 76' lang='grc' dir='ltr'>τὰ</span> <span class='ocrx_word' id='word_1_624' title='bbox 2274 3318 2585 3389; x_wconf 82' lang='grc' dir='ltr'>ἐκκείμενα.</span> <span class='ocrx_word' id='word_1_625' title='bbox 2612 3318 2732 3370; x_wconf 85' lang='grc' dir='ltr'>’Ότι</span> <span class='ocrx_word' id='word_1_626' title='bbox 2772 3316 2828 3369; x_wconf 79' lang='grc' dir='ltr'><strong>δὲ</strong></span> <span class='ocrx_word' id='word_1_627' title='bbox 2860 3316 2960 3381; x_wconf 86' lang='grc' dir='ltr'>τὰς</span> <span class='ocrx_word' id='word_1_628' title='bbox 2999 3317 3272 3389; x_wconf 80' lang='grc' dir='ltr'>ἡμετέρας</span> <span class='ocrx_word' id='word_1_629' title='bbox 3303 3320 3576 3391; x_wconf 87' lang='grc' dir='ltr'>ἁμαρτίας</span> <span class='ocrx_word' id='word_1_630' title='bbox 3604 3318 3719 3383; x_wconf 76' lang='grc' dir='ltr'>ἐξοι-</span> 
     </span>
    </p>
   </div>
   <div class='ocr_carea' id='block_1_80' title="bbox 2175 3407 3717 3482">
    <p class='ocr_par' dir='ltr' id='par_1_80' title="bbox 2175 3407 3717 3482">
     <span class='ocr_line' id='line_1_80' title="bbox 2175 3407 3717 3482; baseline -0.001 -19"><span class='ocrx_word' id='word_1_631' title='bbox 2175 3408 2509 3479; x_wconf 83' lang='grc' dir='ltr'>κειούμενος,</span> <span class='ocrx_word' id='word_1_632' title='bbox 2543 3407 2632 3461; x_wconf 81' lang='grc' dir='ltr'><strong>διά</strong></span> <span class='ocrx_word' id='word_1_633' title='bbox 2687 3409 2787 3480; x_wconf 78' lang='grc' dir='ltr'><strong>τὴν</strong></span> <span class='ocrx_word' id='word_1_634' title='bbox 2832 3408 2968 3479; x_wconf 81' lang='grc' dir='ltr'>πρὸς</span> <span class='ocrx_word' id='word_1_635' title='bbox 3011 3411 3156 3479; x_wconf 86' lang='grc' dir='ltr'>ήμᾶς</span> <span class='ocrx_word' id='word_1_636' title='bbox 3182 3410 3407 3482; x_wconf 80' lang='grc' dir='ltr'>ἀγάπην</span> <span class='ocrx_word' id='word_1_637' title='bbox 3433 3412 3524 3464; x_wconf 72' lang='grc' dir='ltr'><strong>καὶ</strong></span> <span class='ocrx_word' id='word_1_638' title='bbox 3563 3410 3717 3478; x_wconf 75' lang='grc' dir='ltr'>φιλαν-</span> 
     </span>
    </p>
   </div>
   <div class='ocr_carea' id='block_1_81' title="bbox 2175 3500 3718 3573">
    <p class='ocr_par' dir='ltr' id='par_1_81' title="bbox 2175 3500 3718 3573">
     <span class='ocr_line' id='line_1_81' title="bbox 2175 3500 3718 3573; baseline 0.001 -19"><span class='ocrx_word' id='word_1_639' title='bbox 2175 3500 2442 3573; x_wconf 85' lang='grc' dir='ltr'>θρωπίαν,</span> <span class='ocrx_word' id='word_1_640' title='bbox 2472 3500 2645 3553; x_wconf 85' lang='grc' dir='ltr'>ταῦτά</span> <span class='ocrx_word' id='word_1_641' title='bbox 2673 3517 2855 3569; x_wconf 88' lang='grc' dir='ltr'>φησιν,</span> <span class='ocrx_word' id='word_1_642' title='bbox 2895 3500 3021 3570; x_wconf 80' lang='grc' dir='ltr'>ἐξῆς</span> <span class='ocrx_word' id='word_1_643' title='bbox 3046 3501 3402 3565; x_wconf 72' lang='grc' dir='ltr'>ὑποκαταϐὰς</span> <span class='ocrx_word' id='word_1_644' title='bbox 3424 3504 3482 3555; x_wconf 88' lang='grc' dir='ltr'><strong>ἐν</strong></span> <span class='ocrx_word' id='word_1_645' title='bbox 3507 3502 3641 3571; x_wconf 79' lang='grc' dir='ltr'>αὐτῷ</span> <span class='ocrx_word' id='word_1_646' title='bbox 3657 3501 3718 3570; x_wconf 82' lang='grc' dir='ltr'>τῷ</span> 
     </span>
    </p>
   </div>
   <div class='ocr_carea' id='block_1_82' title="bbox 2173 3591 3718 3665">
    <p class='ocr_par' dir='ltr' id='par_1_82' title="bbox 2173 3591 3718 3665">
     <span class='ocr_line' id='line_1_82' title="bbox 2173 3591 3718 3665; baseline -0.001 -19"><span class='ocrx_word' id='word_1_647' title='bbox 2173 3594 2371 3665; x_wconf 76' lang='grc' dir='ltr'>ψαλμῷ</span> <span class='ocrx_word' id='word_1_648' title='bbox 2395 3592 2662 3663; x_wconf 72' lang='grc' dir='ltr'>ἐπιφέρει,</span> <span class='ocrx_word' id='word_1_649' title='bbox 2696 3591 2897 3660; x_wconf 79' lang='grc' dir='ltr'>λέγων’</span> <span class='ocrx_word' id='word_1_650' title='bbox 2937 3610 2956 3642; x_wconf 75' lang='grc' dir='ltr'><strong>ι</strong></span> <span class='ocrx_word' id='word_1_651' title='bbox 2998 3592 3160 3663; x_wconf 88' lang='grc' dir='ltr'>Ἐμοῦ</span> <span class='ocrx_word' id='word_1_652' title='bbox 3185 3592 3242 3645; x_wconf 81' lang='grc' dir='ltr'>δὲ</span> <span class='ocrx_word' id='word_1_653' title='bbox 3266 3592 3356 3646; x_wconf 73' lang='grc' dir='ltr'>διὰ</span> <span class='ocrx_word' id='word_1_654' title='bbox 3386 3594 3485 3665; x_wconf 80' lang='grc' dir='ltr'><strong>τὴν</strong></span> <span class='ocrx_word' id='word_1_655' title='bbox 3517 3593 3718 3646; x_wconf 83' lang='grc' dir='ltr'>ἀκακίαν</span> 
     </span>
    </p>
   </div>
   <div class='ocr_carea' id='block_1_83' title="bbox 2173 3683 3718 3756">
    <p class='ocr_par' dir='ltr' id='par_1_83' title="bbox 2173 3683 3718 3756">
     <span class='ocr_line' id='line_1_83' title="bbox 2173 3683 3718 3756; baseline -0.005 -14"><span class='ocrx_word' id='word_1_656' title='bbox 2173 3686 2498 3742; x_wconf 73' lang='grc' dir='ltr'>ἀντελάϐουσ</span> <span class='ocrx_word' id='word_1_657' title='bbox 2535 3704 2553 3737; x_wconf 70' lang='grc' dir='ltr'><strong>ι</strong></span> <span class='ocrx_word' id='word_1_658' title='bbox 2591 3685 2778 3754; x_wconf 73' lang='grc' dir='ltr'>σαφῶς</span> <span class='ocrx_word' id='word_1_659' title='bbox 2804 3684 2864 3737; x_wconf 81' lang='grc' dir='ltr'><strong>τὸ</strong></span> <span class='ocrx_word' id='word_1_660' title='bbox 2898 3685 3262 3756; x_wconf 87' lang='grc' dir='ltr'>ἀπειρόκακον</span> <span class='ocrx_word' id='word_1_661' title='bbox 3294 3686 3394 3738; x_wconf 87' lang='grc' dir='ltr'><strong>τοῦ</strong></span> <span class='ocrx_word' id='word_1_662' title='bbox 3430 3685 3615 3756; x_wconf 84' lang='grc' dir='ltr'>Ἀμνοῦ</span> <span class='ocrx_word' id='word_1_663' title='bbox 3641 3683 3718 3737; x_wconf 86' lang='grc' dir='ltr'><strong>τοῦ</strong></span> 
     </span>
    </p>
   </div>
   <div class='ocr_carea' id='block_1_84' title="bbox 2174 3773 3718 3849">
    <p class='ocr_par' dir='ltr' id='par_1_84' title="bbox 2174 3773 3718 3849">
     <span class='ocr_line' id='line_1_84' title="bbox 2174 3773 3718 3849; baseline -0.002 -19"><span class='ocrx_word' id='word_1_664' title='bbox 2174 3776 2309 3831; x_wconf 84' lang='grc' dir='ltr'>Θεοῦ</span> <span class='ocrx_word' id='word_1_665' title='bbox 2334 3776 2619 3849; x_wconf 81' lang='grc' dir='ltr'>παριστὰς.</span> <span class='ocrx_word' id='word_1_666' title='bbox 2644 3775 2768 3835; x_wconf 77' lang='grc' dir='ltr'>Πῶς</span> <span class='ocrx_word' id='word_1_667' title='bbox 2795 3775 2851 3828; x_wconf 86' lang='grc' dir='ltr'><strong>δέ</strong></span> <span class='ocrx_word' id='word_1_668' title='bbox 2880 3776 2979 3837; x_wconf 86' lang='grc' dir='ltr'>τὰς</span> <span class='ocrx_word' id='word_1_669' title='bbox 3007 3776 3281 3846; x_wconf 81' lang='grc' dir='ltr'>ήμετέρας</span> <span class='ocrx_word' id='word_1_670' title='bbox 3301 3777 3571 3847; x_wconf 83' lang='grc' dir='ltr'>ἁμαρτίας</span> <span class='ocrx_word' id='word_1_671' title='bbox 3600 3773 3718 3839; x_wconf 80' lang='grc' dir='ltr'>ἐξοι-</span> 
     </span>
    </p>
   </div>
   <div class='ocr_carea' id='block_1_85' title="bbox 2174 3863 3718 3937">
    <p class='ocr_par' dir='ltr' id='par_1_85' title="bbox 2174 3863 3718 3937">
     <span class='ocr_line' id='line_1_85' title="bbox 2174 3863 3718 3937; baseline -0.005 -16"><span class='ocrx_word' id='word_1_672' title='bbox 2174 3867 2448 3931; x_wconf 85' lang='grc' dir='ltr'>κειοῦται;</span> <span class='ocrx_word' id='word_1_673' title='bbox 2485 3865 2578 3918; x_wconf 72' lang='grc' dir='ltr'>καὶ</span> <span class='ocrx_word' id='word_1_674' title='bbox 2606 3864 2724 3928; x_wconf 88' lang='grc' dir='ltr'><strong>πῶς</strong></span> <span class='ocrx_word' id='word_1_675' title='bbox 2758 3863 2940 3935; x_wconf 73' lang='grc' dir='ltr'>φέρειν</span> <span class='ocrx_word' id='word_1_676' title='bbox 2963 3863 3175 3933; x_wconf 87' lang='grc' dir='ltr'>λέγεται</span> <span class='ocrx_word' id='word_1_677' title='bbox 3202 3864 3303 3928; x_wconf 81' lang='grc' dir='ltr'>τὰς</span> <span class='ocrx_word' id='word_1_678' title='bbox 3324 3863 3718 3937; x_wconf 81' lang='grc' dir='ltr'>ἀνομίαςήμῶν,</span> 
     </span>
    </p>
   </div>
   <div class='ocr_carea' id='block_1_86' title="bbox 2174 3952 3721 4031">
    <p class='ocr_par' dir='ltr' id='par_1_86' title="bbox 2174 3952 3721 4031">
     <span class='ocr_line' id='line_1_86' title="bbox 2174 3952 3721 4031; baseline -0.003 -19"><span class='ocrx_word' id='word_1_679' title='bbox 2174 3961 2206 4031; x_wconf 79' lang='grc' dir='ltr'>ἢ</span> <span class='ocrx_word' id='word_1_680' title='bbox 2243 3958 2361 4012; x_wconf 82' lang='grc' dir='ltr'>καθ’</span> <span class='ocrx_word' id='word_1_681' title='bbox 2395 3958 2423 4011; x_wconf 81' lang='grc' dir='ltr'><strong>ὃ</strong></span> <span class='ocrx_word' id='word_1_682' title='bbox 2455 3957 2610 4028; x_wconf 88' lang='grc' dir='ltr'>σῶμα</span> <span class='ocrx_word' id='word_1_683' title='bbox 2626 3956 2788 4010; x_wconf 76' lang='grc' dir='ltr'>αὐτοῦ</span> <span class='ocrx_word' id='word_1_684' title='bbox 2814 3952 2949 4009; x_wconf 72' lang='grc' dir='ltr'>εἶναι</span> <span class='ocrx_word' id='word_1_685' title='bbox 2977 3956 3271 4028; x_wconf 85' lang='grc' dir='ltr'>λεγόμεΘα;</span> <span class='ocrx_word' id='word_1_686' title='bbox 3302 3958 3448 4011; x_wconf 81' lang='grc' dir='ltr'>κατὰ</span> <span class='ocrx_word' id='word_1_687' title='bbox 3466 3958 3556 4011; x_wconf 78' lang='grc' dir='ltr'>τὸν</span> <span class='ocrx_word' id='word_1_688' title='bbox 3586 3955 3721 4009; x_wconf 75' lang='grc' dir='ltr'>’Λπό-</span> 
     </span>
    </p>
   </div>
   <div class='ocr_carea' id='block_1_87' title="bbox 2176 4045 3725 4122">
    <p class='ocr_par' dir='ltr' id='par_1_87' title="bbox 2176 4045 3725 4122">
     <span class='ocr_line' id='line_1_87' title="bbox 2176 4045 3725 4122; baseline -0.005 -17"><span class='ocrx_word' id='word_1_689' title='bbox 2176 4052 2359 4105; x_wconf 87' lang='grc' dir='ltr'>στολον</span> <span class='ocrx_word' id='word_1_690' title='bbox 2388 4052 2636 4121; x_wconf 83' lang='grc' dir='ltr'>φήσαντα</span> <span class='ocrx_word' id='word_1_691' title='bbox 2654 4067 2669 4081; x_wconf 80' lang='lat'><strong><em>°</em></strong></span> <span class='ocrx_word' id='word_1_692' title='bbox 2694 4068 2713 4099; x_wconf 85' lang='grc'><em>‹</em></span> <span class='ocrx_word' id='word_1_693' title='bbox 2737 4048 2924 4119; x_wconf 82' lang='grc' dir='ltr'>Ὑμεῖς</span> <span class='ocrx_word' id='word_1_694' title='bbox 2955 4049 3012 4102; x_wconf 82' lang='grc' dir='ltr'><strong>δέ</strong></span> <span class='ocrx_word' id='word_1_695' title='bbox 3044 4051 3165 4102; x_wconf 87' lang='grc' dir='ltr'>ἐστε</span> <span class='ocrx_word' id='word_1_696' title='bbox 3194 4050 3352 4120; x_wconf 87' lang='grc' dir='ltr'>σῶμα</span> <span class='ocrx_word' id='word_1_697' title='bbox 3378 4048 3627 4122; x_wconf 86' lang='grc' dir='ltr'>Χριστοῦ,</span> <span class='ocrx_word' id='word_1_698' title='bbox 3644 4045 3725 4099; x_wconf 75' lang='grc' dir='ltr'>καὶ</span> 
     </span>
    </p>
   </div>
   <div class='ocr_carea' id='block_1_88' title="bbox 2176 4138 3718 4212">
    <p class='ocr_par' dir='ltr' id='par_1_88' title="bbox 2176 4138 3718 4212">
     <span class='ocr_line' id='line_1_88' title="bbox 2176 4138 3718 4212; baseline -0.003 -19"><span class='ocrx_word' id='word_1_699' title='bbox 2176 4142 2310 4212; x_wconf 89' lang='grc' dir='ltr'>μέλη</span> <span class='ocrx_word' id='word_1_700' title='bbox 2338 4143 2403 4193; x_wconf 89' lang='grc' dir='ltr'><strong>ἐκ</strong></span> <span class='ocrx_word' id='word_1_701' title='bbox 2431 4140 2662 4211; x_wconf 88' lang='grc' dir='ltr'>μέρους·</span> <span class='ocrx_word' id='word_1_702' title='bbox 2700 4138 2793 4192; x_wconf 76' lang='grc' dir='ltr'><strong>καὶ</strong></span> <span class='ocrx_word' id='word_1_703' title='bbox 2829 4138 2950 4192; x_wconf 84' lang='grc' dir='ltr'>καθ’</span> <span class='ocrx_word' id='word_1_704' title='bbox 2988 4138 3016 4191; x_wconf 85' lang='grc' dir='ltr'><strong>ὃ</strong></span> <span class='ocrx_word' id='word_1_705' title='bbox 3051 4138 3351 4211; x_wconf 83' lang='grc' dir='ltr'>πάσχοντος</span> <span class='ocrx_word' id='word_1_706' title='bbox 3386 4141 3506 4204; x_wconf 82' lang='grc' dir='ltr'>ἐνὸς</span> <span class='ocrx_word' id='word_1_707' title='bbox 3533 4139 3718 4210; x_wconf 78' lang='grc' dir='ltr'>μέλους,</span> 
     </span>
    </p>
   </div>
   <div class='ocr_carea' id='block_1_89' title="bbox 2176 4229 3722 4303">
    <p class='ocr_par' dir='ltr' id='par_1_89' title="bbox 2176 4229 3722 4303">
     <span class='ocr_line' id='line_1_89' title="bbox 2176 4229 3722 4303; baseline -0.003 -17"><span class='ocrx_word' id='word_1_708' title='bbox 2176 4250 2238 4286; x_wconf 89' lang='grc' dir='ltr'><strong>συ</strong></span> <span class='ocrx_word' id='word_1_709' title='bbox 2246 4232 2482 4303; x_wconf 88' lang='grc' dir='ltr'>μπάσχει</span> <span class='ocrx_word' id='word_1_710' title='bbox 2518 4231 2695 4285; x_wconf 80' lang='grc' dir='ltr'>πάντα</span> <span class='ocrx_word' id='word_1_711' title='bbox 2717 4231 2784 4285; x_wconf 82' lang='grc' dir='ltr'>τὰ</span> <span class='ocrx_word' id='word_1_712' title='bbox 2812 4230 2967 4303; x_wconf 84' lang='grc' dir='ltr'>μέλη,</span> <span class='ocrx_word' id='word_1_713' title='bbox 2999 4251 3018 4282; x_wconf 73' lang='grc' dir='ltr'><strong>ι</strong></span> <span class='ocrx_word' id='word_1_714' title='bbox 3038 4230 3179 4284; x_wconf 83' lang='grc' dir='ltr'>οὓτω</span> <span class='ocrx_word' id='word_1_715' title='bbox 3197 4233 3304 4286; x_wconf 85' lang='grc' dir='ltr'><strong>τῶν</strong></span> <span class='ocrx_word' id='word_1_716' title='bbox 3326 4232 3539 4287; x_wconf 82' lang='grc' dir='ltr'>πολλῶν</span> <span class='ocrx_word' id='word_1_717' title='bbox 3570 4229 3722 4303; x_wconf 82' lang='grc' dir='ltr'>μελῶν</span> 
     </span>
    </p>
   </div>
   <div class='ocr_carea' id='block_1_90' title="bbox 2174 4325 3722 4397">
    <p class='ocr_par' dir='ltr' id='par_1_90' title="bbox 2174 4325 3722 4397">
     <span class='ocr_line' id='line_1_90' title="bbox 2174 4325 3722 4397; baseline -0.001 -20"><span class='ocrx_word' id='word_1_718' title='bbox 2174 4325 2488 4396; x_wconf 85' lang='grc' dir='ltr'>πασχόντων</span> <span class='ocrx_word' id='word_1_719' title='bbox 2509 4326 2605 4379; x_wconf 75' lang='grc' dir='ltr'><strong>καὶ</strong></span> <span class='ocrx_word' id='word_1_720' title='bbox 2633 4325 3075 4397; x_wconf 83' lang='grc' dir='ltr'>ἁμαρτανόντων,</span> <span class='ocrx_word' id='word_1_721' title='bbox 3101 4327 3194 4379; x_wconf 80' lang='grc' dir='ltr'>καὶ</span> <span class='ocrx_word' id='word_1_722' title='bbox 3234 4326 3400 4390; x_wconf 78' lang='grc' dir='ltr'>αὐτὸς</span> <span class='ocrx_word' id='word_1_723' title='bbox 3436 4326 3576 4380; x_wconf 81' lang='grc' dir='ltr'>κατὰ</span> <span class='ocrx_word' id='word_1_724' title='bbox 3615 4325 3722 4385; x_wconf 79' lang='grc' dir='ltr'>τοὺς</span> 
     </span>
    </p>
   </div>
   <div class='ocr_carea' id='block_1_91' title="bbox 2172 4412 3721 4490">
    <p class='ocr_par' dir='ltr' id='par_1_91' title="bbox 2172 4412 3721 4490">
     <span class='ocr_line' id='line_1_91' title="bbox 2172 4412 3721 4490; baseline -0.003 -20"><span class='ocrx_word' id='word_1_725' title='bbox 2172 4419 2271 4488; x_wconf 80' lang='grc' dir='ltr'>τῆς</span> <span class='ocrx_word' id='word_1_726' title='bbox 2324 4416 2665 4486; x_wconf 81' lang='grc' dir='ltr'>συμπαθείας</span> <span class='ocrx_word' id='word_1_727' title='bbox 2705 4416 2917 4484; x_wconf 86' lang='grc' dir='ltr'>λόγους,</span> <span class='ocrx_word' id='word_1_728' title='bbox 2949 4415 3265 4490; x_wconf 84' lang='grc' dir='ltr'>(ἐπειδήπερ</span> <span class='ocrx_word' id='word_1_729' title='bbox 3305 4417 3583 4488; x_wconf 81' lang='grc' dir='ltr'>εὐδόκησε.</span> <span class='ocrx_word' id='word_1_730' title='bbox 3608 4412 3721 4468; x_wconf 87' lang='grc' dir='ltr'>Θεοῦ</span> 
     </span>
    </p>
   </div>
   <div class='ocr_carea' id='block_1_92' title="bbox 494 4503 2067 4579">
    <p class='ocr_par' dir='ltr' id='par_1_92' title="bbox 494 4503 2061 4579">
     <span class='ocr_line' id='line_1_92' title="bbox 494 4503 2061 4579; baseline 0.003 -22"><span class='ocrx_word' id='word_1_731' title='bbox 494 4504 690 4558; x_wconf 83' lang='lat' dir='ltr'><strong>merito</strong></span> <span class='ocrx_word' id='word_1_732' title='bbox 737 4503 1093 4573; x_wconf 81' lang='lat' dir='ltr'><strong>proferuntur</strong></span> <span class='ocrx_word' id='word_1_733' title='bbox 1144 4521 1208 4560; x_wconf 89' lang='lat' dir='ltr'><strong>ea</strong></span> <span class='ocrx_word' id='word_1_734' title='bbox 1265 4523 1385 4576; x_wconf 69' lang='lat' dir='ltr'><strong>qua;</strong></span> <span class='ocrx_word' id='word_1_735' title='bbox 1427 4509 1540 4577; x_wconf 88' lang='lat' dir='ltr'><strong>jam</strong></span> <span class='ocrx_word' id='word_1_736' title='bbox 1590 4510 1834 4579; x_wconf 77' lang='lat' dir='ltr'><strong>exposita</strong></span> <span class='ocrx_word' id='word_1_737' title='bbox 1911 4516 2061 4565; x_wconf 86' lang='lat' dir='ltr'><strong>sunt.</strong></span> 
     </span>
    </p>
   </div>
   <div class='ocr_carea' id='block_1_93' title="bbox 2170 4503 3724 4579">
    <p class='ocr_par' dir='ltr' id='par_1_93' title="bbox 2170 4504 3724 4578">
     <span class='ocr_line' id='line_1_93' title="bbox 2170 4504 3724 4578; baseline -0.004 -16"><span class='ocrx_word' id='word_1_738' title='bbox 2170 4508 2339 4575; x_wconf 87' lang='grc' dir='ltr'>Λόγος</span> <span class='ocrx_word' id='word_1_739' title='bbox 2366 4504 2462 4569; x_wconf 83' lang='grc' dir='ltr'><strong>ὢν,</strong></span> <span class='ocrx_word' id='word_1_740' title='bbox 2497 4505 2710 4576; x_wconf 76' lang='grc' dir='ltr'>μορφὴν</span> <span class='ocrx_word' id='word_1_741' title='bbox 2735 4504 2920 4558; x_wconf 86' lang='grc' dir='ltr'>δούλου</span> <span class='ocrx_word' id='word_1_742' title='bbox 2939 4505 3142 4569; x_wconf 78' lang='grc' dir='ltr'>λαϐεῖν,</span> <span class='ocrx_word' id='word_1_743' title='bbox 3176 4508 3269 4560; x_wconf 76' lang='grc' dir='ltr'>καὶ</span> <span class='ocrx_word' id='word_1_744' title='bbox 3301 4507 3380 4578; x_wconf 85' lang='grc' dir='ltr'>τῷ</span> <span class='ocrx_word' id='word_1_745' title='bbox 3418 4506 3579 4577; x_wconf 86' lang='grc' dir='ltr'>κοινῷ</span> <span class='ocrx_word' id='word_1_746' title='bbox 3616 4505 3724 4557; x_wconf 86' lang='grc' dir='ltr'>πάν-</span> 
     </span>
    </p>
   </div>
   <div class='ocr_carea' id='block_1_94' title="bbox 492 4594 2071 4671">
    <p class='ocr_par' dir='ltr' id='par_1_94' title="bbox 492 4594 2071 4671">
     <span class='ocr_line' id='line_1_94' title="bbox 492 4594 2071 4671; baseline 0.004 -23"><span class='ocrx_word' id='word_1_747' title='bbox 492 4594 651 4662; x_wconf 85' lang='lat' dir='ltr'><strong>Quod</strong></span> <span class='ocrx_word' id='word_1_748' title='bbox 691 4604 873 4651; x_wconf 89' lang='lat' dir='ltr'><strong>autem</strong></span> <span class='ocrx_word' id='word_1_749' title='bbox 915 4605 1143 4667; x_wconf 81' lang='lat' dir='ltr'><strong>peccata</strong></span> <span class='ocrx_word' id='word_1_750' title='bbox 1187 4608 1399 4664; x_wconf 89' lang='lat' dir='ltr'><strong>nostra,</strong></span> <span class='ocrx_word' id='word_1_751' title='bbox 1452 4615 1552 4654; x_wconf 88' lang='lat' dir='ltr'><strong>sua</strong></span> <span class='ocrx_word' id='word_1_752' title='bbox 1598 4599 1804 4657; x_wconf 82' lang='lat' dir='ltr'><strong>faciens</strong></span> <span class='ocrx_word' id='word_1_753' title='bbox 1848 4607 2071 4671; x_wconf 86' lang='lat' dir='ltr'><strong>propter</strong></span> 
     </span>
    </p>
   </div>
   <div class='ocr_carea' id='block_1_95' title="bbox 491 4688 2066 4761">
    <p class='ocr_par' dir='ltr' id='par_1_95' title="bbox 491 4688 2066 4761">
     <span class='ocr_line' id='line_1_95' title="bbox 491 4688 2066 4761; baseline 0.002 -19"><span class='ocrx_word' id='word_1_754' title='bbox 491 4688 817 4744; x_wconf 86' lang='lat' dir='ltr'><strong>cbaritatem</strong></span> <span class='ocrx_word' id='word_1_755' title='bbox 848 4706 978 4761; x_wconf 86' lang='lat' dir='ltr'><strong>erga</strong></span> <span class='ocrx_word' id='word_1_756' title='bbox 1005 4706 1106 4746; x_wconf 91' lang='lat' dir='ltr'><strong>nos</strong></span> <span class='ocrx_word' id='word_1_757' title='bbox 1150 4706 1215 4745; x_wconf 89' lang='lat' dir='ltr'><strong>ac</strong></span> <span class='ocrx_word' id='word_1_758' title='bbox 1244 4690 1675 4747; x_wconf 83' lang='lat' dir='ltr'><strong>benevolentiam</strong></span> <span class='ocrx_word' id='word_1_759' title='bbox 1701 4732 1717 4756; x_wconf 93' lang='lat'><strong>,</strong></span> <span class='ocrx_word' id='word_1_760' title='bbox 1754 4693 1869 4747; x_wconf 68' lang='lat' dir='ltr'><strong>haec</strong></span> <span class='ocrx_word' id='word_1_761' title='bbox 1899 4693 2066 4755; x_wconf 83' lang='lat' dir='ltr'><strong>dicat,</strong></span> 
     </span>
    </p>
   </div>
   <div class='ocr_carea' id='block_1_96' title="bbox 2161 4593 3724 4666">
    <p class='ocr_par' dir='ltr' id='par_1_96' title="bbox 2161 4593 3724 4666">
     <span class='ocr_line' id='line_1_96' title="bbox 2161 4593 3724 4666; baseline -0.003 -16"><span class='ocrx_word' id='word_1_762' title='bbox 2161 4613 2270 4650; x_wconf 90' lang='grc' dir='ltr'><strong>των</strong></span> <span class='ocrx_word' id='word_1_763' title='bbox 2312 4594 2470 4666; x_wconf 86' lang='grc' dir='ltr'>ήμῶν</span> <span class='ocrx_word' id='word_1_764' title='bbox 2523 4594 2840 4666; x_wconf 87' lang='grc' dir='ltr'>σκηνώματι</span> <span class='ocrx_word' id='word_1_765' title='bbox 2887 4593 3281 4663; x_wconf 81' lang='grc' dir='ltr'>συναφθῆναι·)</span> <span class='ocrx_word' id='word_1_766' title='bbox 3314 4598 3445 4659; x_wconf 79' lang='grc' dir='ltr'>τοὺς</span> <span class='ocrx_word' id='word_1_767' title='bbox 3491 4596 3595 4649; x_wconf 89' lang='grc' dir='ltr'><strong>τῶν</strong></span> <span class='ocrx_word' id='word_1_768' title='bbox 3636 4609 3724 4646; x_wconf 81' lang='grc' dir='ltr'>πα-</span> 
     </span>
    </p>
   </div>
   <div class='ocr_carea' id='block_1_97' title="bbox 2167 4683 3721 4758">
    <p class='ocr_par' dir='ltr' id='par_1_97' title="bbox 2167 4683 3721 4758">
     <span class='ocr_line' id='line_1_97' title="bbox 2167 4683 3721 4758; baseline -0.005 -16"><span class='ocrx_word' id='word_1_769' title='bbox 2167 4688 2406 4758; x_wconf 86' lang='grc' dir='ltr'>σχόντων</span> <span class='ocrx_word' id='word_1_770' title='bbox 2437 4685 2611 4758; x_wconf 87' lang='grc' dir='ltr'>μελῶν</span> <span class='ocrx_word' id='word_1_771' title='bbox 2644 4687 2839 4749; x_wconf 87' lang='grc' dir='ltr'>πόνους</span> <span class='ocrx_word' id='word_1_772' title='bbox 2884 4688 2964 4749; x_wconf 90' lang='grc' dir='ltr'><strong>είς</strong></span> <span class='ocrx_word' id='word_1_773' title='bbox 3010 4686 3200 4739; x_wconf 77' lang='grc' dir='ltr'>ἑαυτὸν</span> <span class='ocrx_word' id='word_1_774' title='bbox 3235 4688 3620 4758; x_wconf 77' lang='grc' dir='ltr'>ἀναλαμϐάνει,</span> <span class='ocrx_word' id='word_1_775' title='bbox 3645 4683 3721 4738; x_wconf 76' lang='grc' dir='ltr'><strong>καὶ</strong></span> 
     </span>
    </p>
   </div>
   <div class='ocr_carea' id='block_1_98' title="bbox 492 4774 2067 4858">
    <p class='ocr_par' dir='ltr' id='par_1_98' title="bbox 492 4782 2067 4858">
     <span class='ocr_line' id='line_1_98' title="bbox 492 4782 2067 4858; baseline 0.003 -21"><span class='ocrx_word' id='word_1_776' title='bbox 492 4782 751 4853; x_wconf 84' lang='lat' dir='ltr'><strong>deinceps</strong></span> <span class='ocrx_word' id='word_1_777' title='bbox 779 4786 1027 4841; x_wconf 90' lang='lat' dir='ltr'><strong>oratione</strong></span> <span class='ocrx_word' id='word_1_778' title='bbox 1058 4802 1384 4856; x_wconf 83' lang='lat' dir='ltr'><strong>progressus</strong></span> <span class='ocrx_word' id='word_1_779' title='bbox 1412 4788 1467 4841; x_wconf 91' lang='lat' dir='ltr'><strong>in</strong></span> <span class='ocrx_word' id='word_1_780' title='bbox 1501 4787 1690 4841; x_wconf 92' lang='lat' dir='ltr'><strong>eodem</strong></span> <span class='ocrx_word' id='word_1_781' title='bbox 1741 4788 1951 4858; x_wconf 85' lang='lat' dir='ltr'><strong>psalmo</strong></span> <span class='ocrx_word' id='word_1_782' title='bbox 1977 4786 2067 4841; x_wconf 91' lang='lat' dir='ltr'><strong>de-</strong></span> 
     </span>
    </p>
   </div>
   <div class='ocr_carea' id='block_1_99' title="bbox 2170 4774 3723 4858">
    <p class='ocr_par' dir='ltr' id='par_1_99' title="bbox 2170 4774 3723 4851">
     <span class='ocr_line' id='line_1_99' title="bbox 2170 4774 3723 4851; baseline -0.002 -18"><span class='ocrx_word' id='word_1_783' title='bbox 2170 4780 2264 4844; x_wconf 83' lang='grc' dir='ltr'>τὰς</span> <span class='ocrx_word' id='word_1_784' title='bbox 2297 4779 2568 4851; x_wconf 87' lang='grc' dir='ltr'>ήμετέρας</span> <span class='ocrx_word' id='word_1_785' title='bbox 2600 4778 2787 4841; x_wconf 88' lang='grc' dir='ltr'>νόσους</span> <span class='ocrx_word' id='word_1_786' title='bbox 2817 4777 3170 4843; x_wconf 82' lang='grc' dir='ltr'>ίδιοποιεῖται,</span> <span class='ocrx_word' id='word_1_787' title='bbox 3198 4780 3292 4832; x_wconf 74' lang='grc' dir='ltr'>καὶ</span> <span class='ocrx_word' id='word_1_788' title='bbox 3335 4780 3555 4833; x_wconf 89' lang='grc' dir='ltr'>πάντων</span> <span class='ocrx_word' id='word_1_789' title='bbox 3588 4774 3723 4847; x_wconf 81' lang='grc' dir='ltr'>ήμῶν</span> 
     </span>
    </p>
   </div>
   <div class='ocr_carea' id='block_1_100' title="bbox 490 4876 2070 4949">
    <p class='ocr_par' dir='ltr' id='par_1_100' title="bbox 490 4876 2070 4949">
     <span class='ocr_line' id='line_1_100' title="bbox 490 4876 2070 4949; baseline 0.003 -20"><span class='ocrx_word' id='word_1_790' title='bbox 490 4884 789 4941; x_wconf 90' lang='lat' dir='ltr'><strong>monstrat,</strong></span> <span class='ocrx_word' id='word_1_791' title='bbox 815 4876 1003 4933; x_wconf 87' lang='lat' dir='ltr'><strong>dicens</strong></span> <span class='ocrx_word' id='word_1_792' title='bbox 1032 4897 1046 4931; x_wconf 88' lang='lat'><strong>:</strong></span> <span class='ocrx_word' id='word_1_793' title='bbox 1080 4896 1099 4929; x_wconf 76' lang='grc' dir='ltr'><strong>ι</strong></span> <span class='ocrx_word' id='word_1_794' title='bbox 1131 4877 1213 4933; x_wconf 83' lang='lat' dir='ltr'><strong>Me</strong></span> <span class='ocrx_word' id='word_1_795' title='bbox 1241 4887 1422 4934; x_wconf 86' lang='lat' dir='ltr'><strong>autem</strong></span> <span class='ocrx_word' id='word_1_796' title='bbox 1450 4886 1673 4949; x_wconf 88' lang='lat' dir='ltr'><strong>propter</strong></span> <span class='ocrx_word' id='word_1_797' title='bbox 1702 4878 2070 4934; x_wconf 88' lang='lat' dir='ltr'><strong>innocentiam</strong></span> 
     </span>
    </p>
   </div>
   <div class='ocr_carea' id='block_1_101' title="bbox 490 4970 2059 5041">
    <p class='ocr_par' dir='ltr' id='par_1_101' title="bbox 490 4970 2059 5041">
     <span class='ocr_line' id='line_1_101' title="bbox 490 4970 2059 5041; baseline -0.001 -15"><span class='ocrx_word' id='word_1_798' title='bbox 490 4970 783 5039; x_wconf 85' lang='lat' dir='ltr'><strong>suscepisti</strong></span> <span class='ocrx_word' id='word_1_799' title='bbox 803 4970 872 5024; x_wconf 78' lang='lat'><strong>“.</strong></span> <span class='ocrx_word' id='word_1_800' title='bbox 924 4988 944 5022; x_wconf 68' lang='grc' dir='ltr'><strong>ι</strong></span> <span class='ocrx_word' id='word_1_801' title='bbox 996 4970 1207 5035; x_wconf 85' lang='lat' dir='ltr'><strong>Quibus</strong></span> <span class='ocrx_word' id='word_1_802' title='bbox 1250 4972 1433 5027; x_wconf 86' lang='lat' dir='ltr'><strong>verbis</strong></span> <span class='ocrx_word' id='word_1_803' title='bbox 1479 4971 1797 5040; x_wconf 90' lang='lat' dir='ltr'><strong>planissime</strong></span> <span class='ocrx_word' id='word_1_804' title='bbox 1845 4971 2059 5041; x_wconf 84' lang='lat' dir='ltr'><strong>Agnum</strong></span> 
     </span>
    </p>
   </div>
   <div class='ocr_carea' id='block_1_102' title="bbox 490 5058 2060 5131">
    <p class='ocr_par' dir='ltr' id='par_1_102' title="bbox 490 5058 2060 5131">
     <span class='ocr_line' id='line_1_102' title="bbox 490 5058 2060 5131; baseline 0.003 -16"><span class='ocrx_word' id='word_1_805' title='bbox 490 5058 609 5126; x_wconf 86' lang='lat' dir='ltr'><strong>Dci,</strong></span> <span class='ocrx_word' id='word_1_806' title='bbox 645 5060 826 5115; x_wconf 90' lang='lat' dir='ltr'><strong>omnis</strong></span> <span class='ocrx_word' id='word_1_807' title='bbox 874 5061 1003 5115; x_wconf 89' lang='lat' dir='ltr'><strong>mali</strong></span> <span class='ocrx_word' id='word_1_808' title='bbox 1049 5069 1327 5131; x_wconf 78' lang='lat' dir='ltr'><strong>expertem</strong></span> <span class='ocrx_word' id='word_1_809' title='bbox 1359 5069 1413 5116; x_wconf 89' lang='lat' dir='ltr'><strong>et</strong></span> <span class='ocrx_word' id='word_1_810' title='bbox 1462 5062 1758 5116; x_wconf 88' lang='lat' dir='ltr'><strong>innocuum</strong></span> <span class='ocrx_word' id='word_1_811' title='bbox 1803 5065 2060 5120; x_wconf 87' lang='lat' dir='ltr'><strong>ostendit.</strong></span> 
     </span>
    </p>
   </div>
   <div class='ocr_carea' id='block_1_103' title="bbox 494 5153 2069 5225">
    <p class='ocr_par' dir='ltr' id='par_1_103' title="bbox 494 5153 2069 5225">
     <span class='ocr_line' id='line_1_103' title="bbox 494 5153 2069 5225; baseline 0.001 -16"><span class='ocrx_word' id='word_1_812' title='bbox 494 5153 603 5209; x_wconf 89' lang='lat' dir='ltr'><strong>Sed</strong></span> <span class='ocrx_word' id='word_1_813' title='bbox 632 5169 740 5225; x_wconf 89' lang='lat' dir='ltr'><strong>quo</strong></span> <span class='ocrx_word' id='word_1_814' title='bbox 772 5154 990 5210; x_wconf 91' lang='lat' dir='ltr'><strong>tandem</strong></span> <span class='ocrx_word' id='word_1_815' title='bbox 1028 5155 1191 5209; x_wconf 88' lang='lat' dir='ltr'><strong>modo</strong></span> <span class='ocrx_word' id='word_1_816' title='bbox 1228 5154 1319 5210; x_wconf 89' lang='lat' dir='ltr'><strong>ille</strong></span> <span class='ocrx_word' id='word_1_817' title='bbox 1356 5161 1579 5224; x_wconf 88' lang='lat' dir='ltr'><strong>peccata</strong></span> <span class='ocrx_word' id='word_1_818' title='bbox 1607 5162 1799 5209; x_wconf 89' lang='lat' dir='ltr'><strong>nostra</strong></span> <span class='ocrx_word' id='word_1_819' title='bbox 1846 5172 1946 5210; x_wconf 90' lang='lat' dir='ltr'><strong>sua</strong></span> <span class='ocrx_word' id='word_1_820' title='bbox 1990 5156 2069 5211; x_wconf 83' lang='lat' dir='ltr'><strong>fe—</strong></span> 
     </span>
    </p>
   </div>
   <div class='ocr_carea' id='block_1_104' title="bbox 490 5244 2071 5316">
    <p class='ocr_par' dir='ltr' id='par_1_104' title="bbox 490 5244 2071 5316">
     <span class='ocr_line' id='line_1_104' title="bbox 490 5244 2071 5316; baseline -0.001 -13"><span class='ocrx_word' id='word_1_821' title='bbox 490 5248 589 5311; x_wconf 85' lang='lat' dir='ltr'><strong>cit,</strong></span> <span class='ocrx_word' id='word_1_822' title='bbox 624 5254 680 5302; x_wconf 90' lang='lat' dir='ltr'><strong>et</strong></span> <span class='ocrx_word' id='word_1_823' title='bbox 712 5250 828 5316; x_wconf 81' lang='lat' dir='ltr'><strong>‘quo</strong></span> <span class='ocrx_word' id='word_1_824' title='bbox 874 5247 1005 5301; x_wconf 89' lang='lat' dir='ltr'><strong>item</strong></span> <span class='ocrx_word' id='word_1_825' title='bbox 1057 5245 1222 5300; x_wconf 91' lang='lat' dir='ltr'><strong>modo</strong></span> <span class='ocrx_word' id='word_1_826' title='bbox 1286 5244 1601 5315; x_wconf 87' lang='lat' dir='ltr'><strong>iniquitates</strong></span> <span class='ocrx_word' id='word_1_827' title='bbox 1648 5255 1869 5302; x_wconf 89' lang='lat' dir='ltr'><strong>nostras</strong></span> <span class='ocrx_word' id='word_1_828' title='bbox 1913 5248 2071 5302; x_wconf 84' lang='lat' dir='ltr'><strong>tulit?</strong></span> 
     </span>
    </p>
   </div>
   <div class='ocr_carea' id='block_1_105' title="bbox 489 5337 2064 5409">
    <p class='ocr_par' dir='ltr' id='par_1_105' title="bbox 489 5337 2064 5409">
     <span class='ocr_line' id='line_1_105' title="bbox 489 5337 2064 5409; baseline -0.001 -15"><span class='ocrx_word' id='word_1_829' title='bbox 489 5354 624 5394; x_wconf 91' lang='lat' dir='ltr'><strong>num</strong></span> <span class='ocrx_word' id='word_1_830' title='bbox 654 5353 721 5392; x_wconf 79' lang='lat' dir='ltr'><strong>ex</strong></span> <span class='ocrx_word' id='word_1_831' title='bbox 745 5353 811 5392; x_wconf 90' lang='lat' dir='ltr'><strong>eo</strong></span> <span class='ocrx_word' id='word_1_832' title='bbox 840 5338 988 5408; x_wconf 90' lang='lat' dir='ltr'><strong>quod</strong></span> <span class='ocrx_word' id='word_1_833' title='bbox 1013 5353 1215 5409; x_wconf 88' lang='lat' dir='ltr'><strong>corpus</strong></span> <span class='ocrx_word' id='word_1_834' title='bbox 1237 5337 1385 5392; x_wconf 90' lang='lat' dir='ltr'><strong>illius</strong></span> <span class='ocrx_word' id='word_1_835' title='bbox 1416 5352 1518 5391; x_wconf 88' lang='lat' dir='ltr'><strong>nos</strong></span> <span class='ocrx_word' id='word_1_836' title='bbox 1543 5338 1821 5393; x_wconf 88' lang='lat' dir='ltr'><strong>essedicti</strong></span> <span class='ocrx_word' id='word_1_837' title='bbox 1851 5354 2064 5403; x_wconf 91' lang='lat' dir='ltr'><strong>sumus,</strong></span> 
     </span>
    </p>
   </div>
   <div class='ocr_carea' id='block_1_106' title="bbox 464 5426 2067 5498">
    <p class='ocr_par' dir='ltr' id='par_1_106' title="bbox 464 5426 2067 5498">
     <span class='ocr_line' id='line_1_106' title="bbox 464 5426 2067 5498; baseline 0.001 -16"><span class='ocrx_word' id='word_1_838' title='bbox 464 5435 554 5482; x_wconf 81' lang='lat' dir='ltr'><strong>~ut</strong></span> <span class='ocrx_word' id='word_1_839' title='bbox 576 5428 653 5482; x_wconf 88' lang='lat' dir='ltr'><strong>ait</strong></span> <span class='ocrx_word' id='word_1_840' title='bbox 691 5427 983 5496; x_wconf 87' lang='lat' dir='ltr'><strong>Apostolus</strong></span> <span class='ocrx_word' id='word_1_841' title='bbox 1008 5448 1021 5482; x_wconf 89' lang='lat'>:</span> <span class='ocrx_word' id='word_1_842' title='bbox 1067 5446 1086 5478; x_wconf 80' lang='grc' dir='ltr'><strong>ι</strong></span> <span class='ocrx_word' id='word_1_843' title='bbox 1114 5426 1224 5481; x_wconf 81' lang='lat' dir='ltr'><strong>Vos</strong></span> <span class='ocrx_word' id='word_1_844' title='bbox 1255 5437 1435 5482; x_wconf 88' lang='lat' dir='ltr'><strong>autem</strong></span> <span class='ocrx_word' id='word_1_845' title='bbox 1471 5428 1607 5483; x_wconf 80' lang='lat' dir='ltr'><strong>estis</strong></span> <span class='ocrx_word' id='word_1_846' title='bbox 1637 5443 1839 5498; x_wconf 92' lang='lat' dir='ltr'><strong>corpus</strong></span> <span class='ocrx_word' id='word_1_847' title='bbox 1861 5428 2067 5483; x_wconf 89' lang='lat' dir='ltr'><strong>Christi</strong></span> 
     </span>
    </p>
   </div>
   <div class='ocr_carea' id='block_1_107' title="bbox 491 5518 2066 5590">
    <p class='ocr_par' dir='ltr' id='par_1_107' title="bbox 491 5518 2066 5590">
     <span class='ocr_line' id='line_1_107' title="bbox 491 5518 2066 5590; baseline 0 -17"><span class='ocrx_word' id='word_1_848' title='bbox 491 5525 550 5573; x_wconf 82' lang='lat' dir='ltr'><strong>et</strong></span> <span class='ocrx_word' id='word_1_849' title='bbox 580 5519 824 5573; x_wconf 81' lang='lat' dir='ltr'><strong>metnbra</strong></span> <span class='ocrx_word' id='word_1_850' title='bbox 864 5534 930 5573; x_wconf 82' lang='lat' dir='ltr'><strong>ex</strong></span> <span class='ocrx_word' id='word_1_851' title='bbox 984 5527 1159 5587; x_wconf 87' lang='lat' dir='ltr'><strong>parte,</strong></span> <span class='ocrx_word' id='word_1_852' title='bbox 1209 5527 1262 5573; x_wconf 86' lang='lat' dir='ltr'><strong>et</strong></span> <span class='ocrx_word' id='word_1_853' title='bbox 1303 5534 1367 5573; x_wconf 73' lang='lat' dir='ltr'><strong>ex</strong></span> <span class='ocrx_word' id='word_1_854' title='bbox 1418 5534 1483 5573; x_wconf 89' lang='lat' dir='ltr'><strong>eo</strong></span> <span class='ocrx_word' id='word_1_855' title='bbox 1528 5518 1675 5590; x_wconf 91' lang='lat' dir='ltr'><strong>quod</strong></span> <span class='ocrx_word' id='word_1_856' title='bbox 1721 5519 1851 5573; x_wconf 89' lang='lat' dir='ltr'><strong>dum</strong></span> <span class='ocrx_word' id='word_1_857' title='bbox 1895 5535 2066 5574; x_wconf 87' lang='lat' dir='ltr'><strong>unum</strong></span> 
     </span>
    </p>
   </div>
   <div class='ocr_carea' id='block_1_108' title="bbox 495 5606 2067 5676">
    <p class='ocr_par' dir='ltr' id='par_1_108' title="bbox 495 5606 2067 5676">
     <span class='ocr_line' id='line_1_108' title="bbox 495 5606 2067 5676; baseline 0.003 -17"><span class='ocrx_word' id='word_1_858' title='bbox 495 5606 803 5660; x_wconf 85' lang='lat' dir='ltr'><strong>membrum</strong></span> <span class='ocrx_word' id='word_1_859' title='bbox 846 5606 1072 5676; x_wconf 87' lang='lat' dir='ltr'><strong>patitur,</strong></span> <span class='ocrx_word' id='word_1_860' title='bbox 1127 5608 1289 5662; x_wconf 90' lang='lat' dir='ltr'><strong>simul</strong></span> <span class='ocrx_word' id='word_1_861' title='bbox 1319 5611 1504 5663; x_wconf 87' lang='lat' dir='ltr'><strong>omnia</strong></span> <span class='ocrx_word' id='word_1_862' title='bbox 1553 5625 1676 5663; x_wconf 89' lang='lat' dir='ltr'><strong>cum</strong></span> <span class='ocrx_word' id='word_1_863' title='bbox 1708 5625 1773 5663; x_wconf 87' lang='lat' dir='ltr'><strong>eo</strong></span> <span class='ocrx_word' id='word_1_864' title='bbox 1821 5609 2067 5664; x_wconf 85' lang='lat' dir='ltr'><strong>membra</strong></span> 
     </span>
    </p>
   </div>
   <div class='ocr_carea' id='block_1_109' title="bbox 2170 4869 3724 4945">
    <p class='ocr_par' dir='ltr' id='par_1_109' title="bbox 2170 4869 3724 4945">
     <span class='ocr_line' id='line_1_109' title="bbox 2170 4869 3724 4945; baseline -0.003 -19"><span class='ocrx_word' id='word_1_865' title='bbox 2170 4871 2468 4945; x_wconf 83' lang='grc' dir='ltr'>ὑπεραλγεῖ</span> <span class='ocrx_word' id='word_1_866' title='bbox 2507 4871 2600 4924; x_wconf 72' lang='grc' dir='ltr'><strong>καὶ</strong></span> <span class='ocrx_word' id='word_1_867' title='bbox 2643 4871 2958 4942; x_wconf 82' lang='grc' dir='ltr'>ὑπερπονεί,</span> <span class='ocrx_word' id='word_1_868' title='bbox 2992 4871 3136 4925; x_wconf 87' lang='grc' dir='ltr'><strong>κατά</strong></span> <span class='ocrx_word' id='word_1_869' title='bbox 3157 4872 3282 4935; x_wconf 75' lang='grc' dir='ltr'>τοὺς</span> <span class='ocrx_word' id='word_1_870' title='bbox 3308 4873 3409 4943; x_wconf 81' lang='grc' dir='ltr'>τῆς</span> <span class='ocrx_word' id='word_1_871' title='bbox 3449 4869 3724 4941; x_wconf 80' lang='grc' dir='ltr'>φιλανθρω-</span> 
     </span>
    </p>
   </div>
   <div class='ocr_carea' id='block_1_110' title="bbox 2169 4955 3722 5033">
    <p class='ocr_par' dir='ltr' id='par_1_110' title="bbox 2169 4955 3722 5033">
     <span class='ocr_line' id='line_1_110' title="bbox 2169 4955 3722 5033; baseline -0.005 -15"><span class='ocrx_word' id='word_1_872' title='bbox 2169 4966 2300 5028; x_wconf 87' lang='grc' dir='ltr'>πίας</span> <span class='ocrx_word' id='word_1_873' title='bbox 2325 4963 2541 5033; x_wconf 89' lang='grc' dir='ltr'>νόμους.</span> <span class='ocrx_word' id='word_1_874' title='bbox 2573 4962 2647 5014; x_wconf 83' lang='grc' dir='ltr'><strong>Οὐ</strong></span> <span class='ocrx_word' id='word_1_875' title='bbox 2675 4962 2832 5032; x_wconf 90' lang='grc' dir='ltr'>μόνον</span> <span class='ocrx_word' id='word_1_876' title='bbox 2853 4961 2908 5013; x_wconf 85' lang='grc' dir='ltr'>δὲ</span> <span class='ocrx_word' id='word_1_877' title='bbox 2936 4962 3107 5015; x_wconf 91' lang='grc' dir='ltr'>ταῦτα</span> <span class='ocrx_word' id='word_1_878' title='bbox 3129 4963 3337 5033; x_wconf 80' lang='grc' dir='ltr'>πράξας</span> <span class='ocrx_word' id='word_1_879' title='bbox 3367 4966 3398 5016; x_wconf 87' lang='grc' dir='ltr'><strong>ό</strong></span> <span class='ocrx_word' id='word_1_880' title='bbox 3437 4961 3625 5033; x_wconf 82' lang='grc' dir='ltr'>Ἀμνὸς</span> <span class='ocrx_word' id='word_1_881' title='bbox 3643 4955 3722 5012; x_wconf 80' lang='grc' dir='ltr'><strong>τοῦ</strong></span> 
     </span>
    </p>
   </div>
   <div class='ocr_carea' id='block_1_111' title="bbox 2169 5048 3724 5124">
    <p class='ocr_par' dir='ltr' id='par_1_111' title="bbox 2169 5048 3724 5124">
     <span class='ocr_line' id='line_1_111' title="bbox 2169 5048 3724 5124; baseline -0.007 -13"><span class='ocrx_word' id='word_1_882' title='bbox 2169 5056 2327 5121; x_wconf 88' lang='grc' dir='ltr'>Θεοῦ,</span> <span class='ocrx_word' id='word_1_883' title='bbox 2362 5054 2499 5110; x_wconf 87' lang='grc' dir='ltr'><strong>ἀλλά</strong></span> <span class='ocrx_word' id='word_1_884' title='bbox 2539 5054 2632 5107; x_wconf 76' lang='grc' dir='ltr'>καὶ</span> <span class='ocrx_word' id='word_1_885' title='bbox 2668 5054 2807 5124; x_wconf 80' lang='grc' dir='ltr'>ὑπὲρ</span> <span class='ocrx_word' id='word_1_886' title='bbox 2838 5053 2995 5123; x_wconf 85' lang='grc' dir='ltr'>ήμῶν</span> <span class='ocrx_word' id='word_1_887' title='bbox 3034 5054 3316 5117; x_wconf 73' lang='grc' dir='ltr'>κολασθεὶς</span> <span class='ocrx_word' id='word_1_888' title='bbox 3347 5055 3444 5108; x_wconf 76' lang='grc' dir='ltr'><strong>καὶ</strong></span> <span class='ocrx_word' id='word_1_889' title='bbox 3479 5048 3724 5124; x_wconf 80' lang='grc' dir='ltr'>τιμωρίαν</span> 
     </span>
    </p>
   </div>
   <div class='ocr_carea' id='block_1_112' title="bbox 2171 5136 3722 5217">
    <p class='ocr_par' dir='ltr' id='par_1_112' title="bbox 2171 5136 3722 5217">
     <span class='ocr_line' id='line_1_112' title="bbox 2171 5136 3722 5217; baseline -0.007 -16"><span class='ocrx_word' id='word_1_890' title='bbox 2171 5146 2441 5217; x_wconf 81' lang='grc' dir='ltr'>ὑποσχὼν,</span> <span class='ocrx_word' id='word_1_891' title='bbox 2482 5146 2547 5217; x_wconf 82' lang='grc' dir='ltr'>ἣν</span> <span class='ocrx_word' id='word_1_892' title='bbox 2585 5144 2744 5207; x_wconf 76' lang='grc' dir='ltr'>αὐτὸς</span> <span class='ocrx_word' id='word_1_893' title='bbox 2779 5144 2875 5215; x_wconf 89' lang='grc' dir='ltr'>μὲν</span> <span class='ocrx_word' id='word_1_894' title='bbox 2910 5145 3007 5197; x_wconf 83' lang='grc' dir='ltr'><strong>οὐκ</strong></span> <span class='ocrx_word' id='word_1_895' title='bbox 3039 5143 3283 5213; x_wconf 77' lang='grc' dir='ltr'>ὠφειλεν,</span> <span class='ocrx_word' id='word_1_896' title='bbox 3319 5143 3433 5197; x_wconf 87' lang='grc' dir='ltr'>ἀλλ’</span> <span class='ocrx_word' id='word_1_897' title='bbox 3463 5144 3619 5215; x_wconf 78' lang='grc' dir='ltr'>ἡμεῖς</span> <span class='ocrx_word' id='word_1_898' title='bbox 3646 5136 3722 5192; x_wconf 82' lang='grc' dir='ltr'><strong>τοῦ</strong></span> 
     </span>
    </p>
   </div>
   <div class='ocr_carea' id='block_1_113' title="bbox 2170 5231 3725 5312">
    <p class='ocr_par' dir='ltr' id='par_1_113' title="bbox 2170 5231 3725 5312">
     <span class='ocr_line' id='line_1_113' title="bbox 2170 5231 3725 5312; baseline -0.006 -18"><span class='ocrx_word' id='word_1_899' title='bbox 2170 5240 2405 5312; x_wconf 83' lang='grc' dir='ltr'>πλήθους</span> <span class='ocrx_word' id='word_1_900' title='bbox 2437 5237 2621 5291; x_wconf 81' lang='grc' dir='ltr'>ἐνεκεν</span> <span class='ocrx_word' id='word_1_901' title='bbox 2658 5236 2766 5289; x_wconf 87' lang='grc' dir='ltr'><strong>τῶν</strong></span> <span class='ocrx_word' id='word_1_902' title='bbox 2815 5236 3379 5309; x_wconf 82' lang='grc' dir='ltr'>πεπλημμελημένων,</span> <span class='ocrx_word' id='word_1_903' title='bbox 3416 5238 3547 5307; x_wconf 84' lang='grc' dir='ltr'><strong>ήμῖν</strong></span> <span class='ocrx_word' id='word_1_904' title='bbox 3576 5231 3725 5292; x_wconf 75' lang='grc' dir='ltr'>αἴτιος</span> 
     </span>
    </p>
   </div>
   <div class='ocr_carea' id='block_1_114' title="bbox 2168 5324 3725 5401">
    <p class='ocr_par' dir='ltr' id='par_1_114' title="bbox 2168 5324 3725 5401">
     <span class='ocr_line' id='line_1_114' title="bbox 2168 5324 3725 5401; baseline -0.003 -18"><span class='ocrx_word' id='word_1_905' title='bbox 2168 5332 2268 5401; x_wconf 79' lang='grc' dir='ltr'>τῆς</span> <span class='ocrx_word' id='word_1_906' title='bbox 2309 5331 2416 5383; x_wconf 86' lang='grc' dir='ltr'><strong>τῶν</strong></span> <span class='ocrx_word' id='word_1_907' title='bbox 2464 5329 2876 5401; x_wconf 86' lang='grc' dir='ltr'>ἁμαρτημάτων</span> <span class='ocrx_word' id='word_1_908' title='bbox 2926 5330 3171 5397; x_wconf 81' lang='grc' dir='ltr'>ἀφέσεως</span> <span class='ocrx_word' id='word_1_909' title='bbox 3214 5332 3472 5401; x_wconf 81' lang='grc' dir='ltr'>κατέστη,</span> <span class='ocrx_word' id='word_1_910' title='bbox 3510 5329 3602 5384; x_wconf 80' lang='grc' dir='ltr'><strong>ἁτε</strong></span> <span class='ocrx_word' id='word_1_911' title='bbox 3648 5324 3725 5379; x_wconf 60' lang='lat' dir='ltr'><strong>av</strong></span> 
     </span>
    </p>
   </div>
   <div class='ocr_carea' id='block_1_115' title="bbox 2171 5417 3725 5494">
    <p class='ocr_par' dir='ltr' id='par_1_115' title="bbox 2171 5417 3725 5494">
     <span class='ocr_line' id='line_1_115' title="bbox 2171 5417 3725 5494; baseline -0.003 -19"><span class='ocrx_word' id='word_1_912' title='bbox 2171 5423 2310 5494; x_wconf 81' lang='grc' dir='ltr'>ὑπὲρ</span> <span class='ocrx_word' id='word_1_913' title='bbox 2346 5420 2502 5492; x_wconf 87' lang='grc' dir='ltr'>ήμῶν</span> <span class='ocrx_word' id='word_1_914' title='bbox 2540 5420 2932 5493; x_wconf 80' lang='grc' dir='ltr'>ἀναδεξάμενος</span> <span class='ocrx_word' id='word_1_915' title='bbox 2960 5421 3207 5486; x_wconf 88' lang='grc' dir='ltr'>θάνατον,</span> <span class='ocrx_word' id='word_1_916' title='bbox 3246 5423 3518 5494; x_wconf 82' lang='grc' dir='ltr'>μάστιγάς</span> <span class='ocrx_word' id='word_1_917' title='bbox 3550 5438 3605 5473; x_wconf 87' lang='grc' dir='ltr'><strong>τε</strong></span> <span class='ocrx_word' id='word_1_918' title='bbox 3644 5417 3725 5471; x_wconf 74' lang='grc' dir='ltr'>καὶ</span> 
     </span>
    </p>
   </div>
   <div class='ocr_carea' id='block_1_116' title="bbox 2175 5508 3725 5585">
    <p class='ocr_par' dir='ltr' id='par_1_116' title="bbox 2175 5508 3725 5585">
     <span class='ocr_line' id='line_1_116' title="bbox 2175 5508 3725 5585; baseline -0.001 -19"><span class='ocrx_word' id='word_1_919' title='bbox 2175 5512 2379 5583; x_wconf 77' lang='grc' dir='ltr'>ὕϐρεις,</span> <span class='ocrx_word' id='word_1_920' title='bbox 2414 5512 2508 5566; x_wconf 77' lang='grc' dir='ltr'><strong>καὶ</strong></span> <span class='ocrx_word' id='word_1_921' title='bbox 2548 5513 2771 5584; x_wconf 86' lang='grc' dir='ltr'>ἀτιμίας</span> <span class='ocrx_word' id='word_1_922' title='bbox 2821 5514 2951 5583; x_wconf 81' lang='grc' dir='ltr'>ἡμῖν</span> <span class='ocrx_word' id='word_1_923' title='bbox 2983 5513 3406 5585; x_wconf 80' lang='grc' dir='ltr'>ἐποφειλομένας</span> <span class='ocrx_word' id='word_1_924' title='bbox 3458 5516 3538 5577; x_wconf 82' lang='grc' dir='ltr'><strong>είς</strong></span> <span class='ocrx_word' id='word_1_925' title='bbox 3582 5508 3725 5565; x_wconf 56' lang='lat' dir='ltr'><strong>anthr</strong></span> 
     </span>
    </p>
   </div>
   <div class='ocr_carea' id='block_1_117' title="bbox 2176 5605 3726 5680">
    <p class='ocr_par' dir='ltr' id='par_1_117' title="bbox 2176 5605 3726 5680">
     <span class='ocr_line' id='line_1_117' title="bbox 2176 5605 3726 5680; baseline -0.002 -19"><span class='ocrx_word' id='word_1_926' title='bbox 2176 5608 2449 5677; x_wconf 78' lang='grc' dir='ltr'>μεταθεὶς,</span> <span class='ocrx_word' id='word_1_927' title='bbox 2490 5608 2584 5661; x_wconf 80' lang='grc' dir='ltr'>καὶ</span> <span class='ocrx_word' id='word_1_928' title='bbox 2622 5607 2721 5679; x_wconf 83' lang='grc' dir='ltr'><strong>τήν</strong></span> <span class='ocrx_word' id='word_1_929' title='bbox 2775 5608 2905 5677; x_wconf 83' lang='grc' dir='ltr'>ἡμῖν</span> <span class='ocrx_word' id='word_1_930' title='bbox 2946 5608 3457 5680; x_wconf 86' lang='grc' dir='ltr'>προστετιμημένην</span> <span class='ocrx_word' id='word_1_931' title='bbox 3502 5605 3726 5673; x_wconf 76' lang='grc' dir='ltr'>κατάραν</span> 
     </span>
    </p>
   </div>
   <div class='ocr_carea' id='block_1_118' title="bbox 568 5784 2067 5875">
    <p class='ocr_par' dir='ltr' id='par_1_118' title="bbox 568 5784 2051 5871">
     <span class='ocr_line' id='line_1_118' title="bbox 568 5784 2051 5871; baseline 0.006 -32"><span class='ocrx_word' id='word_1_932' title='bbox 568 5787 613 5819; x_wconf 69' lang='grc'><strong>³⁵</strong></span> <span class='ocrx_word' id='word_1_933' title='bbox 650 5784 807 5842; x_wconf 81' lang='lat' dir='ltr'><strong>Joan.</strong></span> <span class='ocrx_word' id='word_1_934' title='bbox 842 5805 972 5853; x_wconf 68' lang='grc' dir='ltr'>χιιι,</span> <span class='ocrx_word' id='word_1_935' title='bbox 1013 5790 1093 5843; x_wconf 84' lang='lat' dir='ltr'><strong>l8.</strong></span> <span class='ocrx_word' id='word_1_936' title='bbox 1172 5793 1215 5824; x_wconf 79' lang='grc'><strong>²⁷</strong></span> <span class='ocrx_word' id='word_1_937' title='bbox 1257 5792 1400 5848; x_wconf 89' lang='lat' dir='ltr'><strong>Psal.</strong></span> <span class='ocrx_word' id='word_1_938' title='bbox 1435 5808 1535 5859; x_wconf 70' lang='grc' dir='ltr'>ιι,</span> <span class='ocrx_word' id='word_1_939' title='bbox 1573 5793 1657 5849; x_wconf 80' lang='lat' dir='ltr'><strong>l0.</strong></span> <span class='ocrx_word' id='word_1_940' title='bbox 1716 5796 1783 5871; x_wconf 15' lang='lat'><strong>7&quot;</strong></span> <span class='ocrx_word' id='word_1_941' title='bbox 1828 5793 1963 5850; x_wconf 63' lang='lat' dir='ltr'><strong>ibid.</strong></span> <span class='ocrx_word' id='word_1_942' title='bbox 2001 5792 2051 5848; x_wconf 80' lang='lat'><strong>5.</strong></span> 
     </span>
    </p>
   </div>
   <div class='ocr_carea' id='block_1_119' title="bbox 2170 5784 3206 5875">
    <p class='ocr_par' dir='ltr' id='par_1_119' title="bbox 2170 5790 3206 5860">
     <span class='ocr_line' id='line_1_119' title="bbox 2170 5790 3206 5860; baseline -0.003 -14"><span class='ocrx_word' id='word_1_943' title='bbox 2170 5800 2172 5812; x_wconf 77' lang='grc'><em>’</em></span> <span class='ocrx_word' id='word_1_944' title='bbox 2214 5790 2317 5849; x_wconf 85' lang='lat' dir='ltr'><strong>isa.</strong></span> <span class='ocrx_word' id='word_1_945' title='bbox 2359 5807 2490 5860; x_wconf 78' lang='lat' dir='ltr'><strong>Lm,</strong></span> <span class='ocrx_word' id='word_1_946' title='bbox 2526 5791 2642 5848; x_wconf 71' lang='grc'><strong>4-6.</strong></span> <span class='ocrx_word' id='word_1_947' title='bbox 2718 5793 2762 5827; x_wconf 78' lang='grc'>³⁸</span> <span class='ocrx_word' id='word_1_948' title='bbox 2803 5790 2948 5849; x_wconf 80' lang='lat' dir='ltr'><strong>Psal.</strong></span> <span class='ocrx_word' id='word_1_949' title='bbox 2983 5805 3084 5855; x_wconf 79' lang='lat' dir='ltr'><strong>XL,</strong></span> <span class='ocrx_word' id='word_1_950' title='bbox 3121 5790 3206 5847; x_wconf 75' lang='grc'><strong>15.</strong></span> 
     </span>
    </p>
   </div>
  </div>
