3908 6266
277 355 385 410 725

1184 350 1832 408 DEMONSTRATIONIS
1869 351 2328 408 EVANGELICAE
2367 351 2494 408 LIB.
2535 350 2604 409 Χ.

3415 348 3519 405 726

277 474 362 542 ἀφ’
388 471 577 527 ἐαυτὸν
621 469 873 533 ἐλκύσας,
905 470 1192 540 γενόμενος
1224 469 1366 538 ὺπέρ
1407 468 1562 540 ήμῶν
1596 467 1833 540 κατάραι

1949 467 2307 539 patiuntur",
2338 486 2358 520 ι
2389 467 2463 521 ita
2492 465 2776 528 nimirum,
2799 462 2989 520 multis
3008 463 3152 518 enim
3185 463 3516 534 patientibus

278 563 370 616 καὶ
427 562 480 614 τί
513 560 621 631 γὰρ
661 559 808 624 ἄλλο,
842 560 874 631 ἢ
923 559 1244 630 ἀντίψυχονς
1296 559 1376 614 διό
1418 577 1584 630 φησιν
1630 559 1689 623 ἐξ
1721 562 1855 630 ήμε-

273 653 434 723 τέρου
488 650 779 723 προσώπου
830 651 892 703 τὸ
940 651 1144 718 λόγιον
1189 669 1209 702 ι
1259 650 1349 721 Τῷ
1407 650 1633 721 μώλωπι
1686 649 1850 704 αὐτοῦ

275 745 437 813 ἡμεῖς
515 741 776 814 ίάθημεν*
863 742 957 795 xal
1026 742 1228 812 Κύριος
1262 731 1265 733 ’
1298 742 1612 812 παρέδωκεν
1690 741 1853 794 αὐτὸν

273 838 393 898 ταῖς
439 835 730 906 ἁμαρτίαις
790 835 966 905 ήμῶν.
1011 853 1029 885 ι
1072 836 1231 888 Ὥστε
1273 836 1497 899 εἰκότως
1547 835 1680 888 ἑνῶν
1725 837 1853 887 ἐαυ-

270 924 366 978 τὸν
416 925 567 994 ἡμῖν,
621 925 768 994 ἡμᾶς
814 941 873 976 τε
934 923 1116 992 αὐτῷ,
1164 925 1255 977 καὶ
1299 924 1366 977 τὰ
1413 923 1653 995 ἡμέτερα
1703 923 1848 994 πάθη

275 1015 695 1086 ιδιοποιούμενός
737 995 927 1085 φησιν·
959 1033 977 1066 ι
1027 1013 1169 1082 Ἐγὼ
1208 1001 1356 1069 εἶπα·
1392 1015 1584 1087 Κύριε,
1631 1015 1852 1086 ἐλέησόν

277 1124 364 1179 με,
391 1107 541 1160 τασαι
575 1108 674 1180 τὴν
695 1108 869 1178 ψυχήν
904 1109 1121 1178 μου,ὂτι
1149 1107 1392 1177 ἥμαρτον
1414 1123 1513 1160 σοι.
1544 1126 1563 1156 ι
1585 1107 1852 1177 Ὀρῶντας

273 1197 568 1259 δέείκότως
612 1198 738 1260 τοὺς
773 1196 1218 1260 ἐπιϐουλεύοντας
1243 1197 1304 1248 ού
1340 1195 1497 1267 μόνον
1528 1195 1851 1267 ἀνθρώπους

272 1285 408 1338 ἀλλά
430 1288 522 1339 καὶ
539 1286 800 1357 ἀοράτους
821 1287 1074 1356 δυνάμεις
1104 1285 1199 1357 τὴν
1225 1285 1667 1356 ὑπερϐάλλουσαν
1695 1287 1848 1356 ἰσχὺν

273 1377 435 1430 αὑτοῦ
465 1378 567 1446 τῆς
613 1377 763 1441 θείας
797 1377 1164 1449 προσηγορίας
1205 1376 1299 1430 καὶ
1342 1375 1437 1429 τοῦ
1472 1376 1754 1446 ὀνόματος,
1780 1375 1846 1429 δι’

272 1460 331 1520 οὗ
355 1470 551 1540 μικρὸν
568 1467 794 1540 ὕστερον
818 1467 1158 1540 Χριστιανῶν
1186 1469 1284 1538 τὴν
1308 1470 1485 1521 πᾶσαν
1510 1469 1846 1538 κατέπλησεν

271 1564 615 1635 οἰκουμένην,
651 1564 864 1617 σϐέσειν
903 1563 1068 1634 αὐτὴν
1091 1560 1241 1634 οἶμαι
1277 1563 1652 1634 ὑπειληφέναι,
1693 1565 1740 1615 εί
1777 1561 1848 1614 τά

271 1654 406 1726 πρὸς
454 1656 684 1709 θάνατον
735 1654 1176 1708 ἐπιϐουλεύσαιεν
1227 1657 1393 1727 αὐτῷ.
1434 1656 1605 1708 Τοῦτο
1647 1655 1709 1726 δὴ
1751 1650 1844 1708 οὖν

271 1747 400 1800 αὐτὸ
428 1746 690 1816 διελέγχει
733 1746 990 1815 φάσκωνο
1031 1764 1050 1797 ι
1080 1750 1141 1800 Οἱ
1174 1748 1355 1820 ἐχθροί
1387 1765 1488 1818 μου
1513 1745 1671 1802 εἶπαν
1698 1751 1843 1802 κακά

1951 567 2006 614 et
2038 558 2394 630 peccantibus
2423 556 2704 622 membris,
2742 557 2857 628 ipse
2897 571 3114 628 quoque
3143 558 3353 613 ratione
3381 574 3518 614 con-

1951 648 2240 705 sentientis
2321 647 2428 702 sibi
2489 647 2721 702 invicem
2776 655 2986 703 naturae
3037 648 3514 720 (quandoquidem

1950 757 2073 796 cum
2107 739 2201 796 Dei
2230 739 2469 795 Verbum
2499 747 2667 804 esset,
2699 740 2748 794 ei
2780 739 3006 809 placuit,
3023 747 3077 795 et
3115 739 3346 796 formam
3370 743 3513 797 servi

1949 832 2221 901 accipere.
2251 840 2304 886 et
2335 832 2612 886 communi
2639 829 2881 884 omnium
2907 840 3098 887 nostro
3120 831 3400 888 domicilio
3429 849 3514 888 co-

1949 922 2147 993 pulari)
2178 923 2502 993 patientium
2531 927 2899 978 membrorum
2922 923 3138 979 labores
3172 924 3228 978 in
3268 925 3512 995 seipsum

1947 1013 2268 1083 assumpsit,
2305 1021 2360 1068 et
2389 1021 2613 1068 nostras
2645 1013 2972 1069 valetudinis
2991 1014 3354 1079 inﬁrmitates,
3381 1029 3513 1070 suas

1946 1104 2098 1170 fecit,
2132 1113 2185 1160 et
2209 1121 2275 1160 ex
2307 1106 2518 1176 legibus
2548 1105 2907 1160 humanitatis
2936 1121 3036 1186 pro
3072 1106 3324 1161 omnibus
3353 1106 3512 1160 nobis

1945 1206 2000 1252 et
2029 1196 2244 1252 dolores
2273 1203 2327 1251 et
2356 1197 2569 1251 labores
2599 1197 2876 1251 sustinuit.
2908 1197 3174 1252 Caeterum
3209 1211 3318 1250 non
3349 1196 3512 1250 modo

1945 1290 2110 1343 rebus
2141 1289 2227 1343 his
2250 1289 2421 1359 gestis
2452 1287 2544 1343 Dei
2574 1288 2783 1358 Agnus,
2817 1304 3002 1344 verum
3031 1288 3192 1343 etiam
3212 1303 3323 1358 .pro
3352 1287 3510 1341 nobis

1944 1389 2216 1435 tormenta
2272 1396 2492 1450 passus,
2537 1382 2912 1453 supplicioque
2955 1380 3203 1445 allectus,
3234 1394 3342 1450 quo
3394 1379 3511 1448 ipse

1943 1473 2162 1543 quidem
2193 1475 2394 1546 dignus
2432 1477 2655 1531 minime
2695 1483 2834 1538 erat,
2875 1475 2970 1529 sed
3009 1489 3114 1528 nos
3146 1472 3252 1542 ipsi
3286 1478 3510 1541 propter

1943 1563 2348 1620 multitudinem
2388 1575 2761 1636 peccatorum,
2789 1573 2850 1620 ut
2879 1571 3100 1636 peccata
3125 1563 3283 1620 nobis
3322 1560 3510 1615 dimit-

1954 1662 2219 1721 terentur,
2253 1664 2446 1711 auctor
2479 1657 2690 1716 exstitit
2719 1676 2732 1711 :
2772 1664 2956 1726 utpote
3008 1654 3099 1725 qui
3128 1667 3228 1723 pro
3259 1651 3418 1706 nobis
3455 1658 3509 1705 et

1942 1753 2170 1801 mortem
2195 1747 2442 1810 subierit,
2476 1756 2528 1802 et
2553 1746 2802 1811 verbera,
2831 1755 2882 1801 ct
2906 1745 3126 1816 probra,
3156 1752 3208 1798 et
3231 1750 3508 1798 contume-

273 1855 390 1910 μοι·
445 1839 583 1892 Πότε
622 1837 974 1892 ἀποθανεῖται
1018 1840 1110 1892 καὶ
1141 1839 1416 1892 ἀπολεῖται
1445 1839 1506 1892 τὸ
1545 1840 1714 1910 ὄνομα
1746 1841 1833 1894 αύ-

1941 1835 2065 1898 lias,
2096 1836 2296 1905 quibus
2327 1852 2428 1889 nos
2457 1836 2608 1906 (ligni
2632 1851 2872 1899 eramus,
2907 1837 2960 1889 in
2993 1835 3231 1904 seipsum
3266 1841 3508 1887 transtu-

267 1931 392 1994 τοῦ;
431 1949 452 1982 ι
495 1931 645 1983 Ἐπεὶ
674 1930 730 1982 δὲ
769 1928 1290 2002 καθυποκρινόμενοι
1318 1928 1624 2000 προσῄεσαν
1650 1931 1842 2000 πειρά-

266 2021 449 2084 ζοντες
490 2022 638 2082 ὅπως
682 2019 842 2072 αὑτὸν
884 2019 1297 2087 παγιδεύσωσιν,
1331 2020 1468 2090 ώςή
1503 2019 1621 2072 θεία
1653 2019 1840 2091 Γραφὴ

267 2115 551 2183 μαρτυρεῖ,
574 2110 758 2164 ἄλλοτε
789 2111 952 2173 ἄλλας
979 2111 1174 2173 αὐτοὺς
1203 2111 1500 2180 προφάσεις
1533 2112 1624 2164 καὶ
1672 2129 1841 2182 κατη-

261 2205 452 2274 γορίας
491 2206 610 2258 κατ’
643 2203 807 2257 αὑτοῦ
838 2203 1261 2267 συσκευάζεσθαι
1299 2204 1616 2276 ἱστοροῦσα,
1631 2206 1840 2260 τούτων

262 2295 421 2350 ἕνεκα
437 2294 698 2364 ἐπιλέγειο
731 2315 749 2346 ι
778 2296 887 2348 Kal
910 2298 959 2350 εί
983 2296 1358 2367 εἰσεπορεύετο
1377 2295 1470 2348 τοῦ
1491 2295 1637 2358 ἰδεῖν,
1664 2297 1840 2370 μάτην

261 2385 436 2442 ἐλάλει
487 2389 520 2458 ή
564 2386 762 2460 καρδία
805 2387 990 2450 αὑτοῦ,
1027 2391 1328 2460 συνήγαγεν
1365 2389 1595 2460 ἀνομίαν
1640 2389 1836 2460 ἐαυτῷ.

274 2478 653 2552 Ἐξεπορεύετο
678 2479 782 2545 ἐξω
807 2481 900 2533 καὶ
928 2480 1104 2534 ἐλάλει
1144 2482 1237 2535 ἐπὶ
1264 2482 1324 2534 τὸ
1345 2482 1476 2535 αὐτὸ
1496 2482 1616 2536 κατ’
1633 2481 1788 2552 ἐμοῦ.
1813 2501 1834 2534 ι

272 2572 426 2644 Ἑξῆς
454 2573 510 2626 δὲ
537 2573 747 2636 τούτοις
779 2573 877 2644 ἤδη
906 2573 1091 2642 σαφῶς
1114 2574 1366 2644 ἐμφαίνει
1393 2576 1486 2628 καὶ
1513 2574 1673 2628 αὐτὸν
1699 2577 1839 2628 ἐκεῖ·

258 2677 347 2716 νον
396 2661 488 2713 τὸν
542 2660 959 2714 δυσσεϐέστατον
997 2663 1298 2734 προδότηνσ
1338 2663 1525 2734 ἐπειδὴ
1559 2665 1837 2718 συνέϐαινε

258 2750 377 2822 μεθ’
415 2750 482 2814 ἃς
514 2752 777 2821 πεποίητο
824 2752 1096 2822 συνθήκας
1151 2757 1266 2817 τοῖς
1304 2754 1531 2825 ἄρχουσι
1560 2754 1668 2808 τῶν
1706 2755 1836 2806 Ἰου-

254 2839 416 2898 δαίων
462 2843 722 2914 περὶτῆς
773 2842 865 2897 τοῦ
910 2843 1227 2899 διδασκάλου
1281 2847 1586 2917 προδοσίας,
1647 2849 1836 2918 μηκέτ’

252 2930 498 3006 ἀπαντᾷν
524 2935 683 2989 αὑτὸν
713 2934 958 3004 συνήθως
977 2937 1068 2989 ἐπὶ
1093 2937 1188 3008 τὴν
1203 2936 1312 2990 τῶν
1329 2936 1484 2990 θείων
1502 2919 1838 3009 μαθημάτων

253 3024 618 3094 διδασκαλίαν,
671 3028 794 3099 μηδ’
827 3029 902 3092 ὡς
931 3027 1082 3100 παρὰ
1122 3027 1440 3082 διδάσκαλον
1463 3031 1671 3100 φοιτᾷν,
1712 3022 1837 3100 μηδ’

252 3117 453 3188 ὁμοίως
495 3121 608 3180 τοῖς
656 3119 863 3190 ἑτέροις
907 3120 1276 3191 παραϐάλλειν
1320 3122 1388 3191 τῇ
1442 3119 1534 3174 τοῦ
1583 3121 1833 3192 Σωτῆρος
1859 3163 1901 3220 C

249 3209 530 3287 διατριϐῇ,
562 3210 675 3264 ἀλλ’
700 3213 794 3264 ἐπὶ
825 3211 904 3283 τῷ
927 3212 1281 3267 κατοπτεύειν
1308 3214 1403 3266 καί
1433 3213 1682 3286 θηρεύειν
1707 3233 1828 3269 και-

253 3301 366 3372 ρὺν,
397 3304 487 3356 ὅτε
519 3303 626 3356 δέοι
654 3303 936 3359 ἐπιθέσθαι
957 3304 1123 3375 αύτῷ.
1157 3305 1200 3357 Τ
1203 3304 1328 3358 ούτο
1359 3305 1404 3358 δ’
1421 3300 1512 3358 οὖν
1541 3307 1634 3359 καὶ
1667 3324 1833 3380 κατη-

250 3397 494 3466 γορεῖται
557 3395 808 3466 πράττων
863 3397 966 3450 ὑπὸ
1011 3396 1122 3451 τῶν
1203 3396 1364 3468 ἱερῶν
1415 3397 1828 3466 εύαγγελιστῶν,

249 3478 324 3539 ὧν
355 3486 384 3538 6
422 3486 522 3557 μὲν
565 3487 842 3551 Ματθαῖὸς
877 3506 1009 3559 φησι
1031 3506 1045 3520 ’
1087 3508 1105 3541 ι
1131 3490 1264 3542 Τότε
1297 3488 1579 3560 πορευθεὶς
1613 3484 1692 3554 εἷς
1723 3491 1831 3544 τῶν

248 3578 480 3642 Mica,
511 3579 541 3631 6
572 3578 861 3650 λεγόμενος
906 3580 1102 3644 Ἰούδας
1141 3579 1517 3651 Ἰσκαριώτης,
1544 3581 1681 3653 πρὸς
1703 3585 1830 3648 τοὺς

247 3671 546 3742 ἀρχιερεῖς,
588 3667 740 3724 εἶπεν
766 3672 978 3735 αὐτοῖς’
1015 3673 1060 3738 Τ
1067 3672 1082 3724 ί
1114 3670 1297 3724 θέλετέ
1339 3690 1427 3742 μοι
1455 3672 1658 3738 δοῦναι,
1677 3673 1832 3743 κάγὼ

249 3762 379 3834 ὑμῖν
434 3762 739 3834 παραδώσω
784 3764 985 3828 αύτόν;
1032 3766 1093 3817 Οἱ
1142 3765 1199 3818 δὲ
1240 3764 1472 3836 ἔστησαν
1525 3765 1673 3837 αύτῷ
1715 3785 1832 3840 τρι-

247 3855 453 3908 άκοντα
487 3855 877 3927 ἀργύριαιΚαὶ
901 3857 1159 3910 ἀπὸτὸτε
1193 3857 1372 3929 ἐζήτει
1403 3859 1705 3930 εὐκαιρίαν,
1743 3853 1832 3914 ἵνα

244 3946 410 4000 αὑτὸν
439 3947 666 4018 παραδῴ
690 3949 898 4012 αὐτοῖς’
932 3968 949 4000 ι
973 3951 1000 4001 6
1024 3949 1078 4001 δὲ
1100 3950 1323 4020 Μάρκος
1346 3966 1360 3980 ο
1386 3969 1404 4001 ι
1431 3952 1541 4005 Kal
1579 3951 1772 4016 Ἰούδας
1799 3954 1828 4006 6

258 4037 613 4110 Ἰσκαριώτης
657 4034 738 4103 εἷς
785 4041 892 4094 τῶν
940 4041 1146 4094 δώδεκα
1189 4041 1398 4111 ἀπῆλθε
1425 4043 1560 4113 πρὸς
1584 4045 1710 4107 τοὺς
1730 4045 1829 4116 άρο

243 4135 451 4204 χιερεῖς
481 4133 568 4186 ἵνα
612 4133 774 4188 αὐτὸν
821 4133 1045 4204 παραδῷ
1086 4135 1286 4199 αὐτοῖς.
1321 4138 1384 4188 Ol
1418 4136 1474 4189 δὲ
1499 4137 1826 4203 ἀκούσαντες

240 4225 543 4296 ἐχάρησαν,
575 4226 681 4278 καὶ
721 4226 1111 4296 ἐπηγγείλαντο
1149 4227 1298 4298 αύτῷ
1330 4227 1590 4301 ἀργύριον
1619 4229 1822 4284 δοῦναι.

241 4314 354 4366 Kal
379 4314 560 4384 ἐζήτει
583 4315 701 4378 πῶς
723 4316 884 4369 αὑτὸν
916 4317 1187 4388 εὐκαίρως
1217 4319 1440 4390 παραδῷ
1461 4337 1474 4350 ⁸
1508 4339 1526 4371 ι
1553 4322 1582 4373 6
1607 4321 1663 4374 δέ
1686 4323 1824 4375 Λου-

241 4406 347 4468 κᾶς
373 4405 574 4476 γράφει
610 4406 781 4476 λέγων
802 4425 816 4437 ο
852 4426 870 4459 ι
900 4409 1130 4479 Εἰσῆλθε
1162 4411 1219 4464 δέ
1249 4413 1278 4463 6
1306 4413 1548 4477 Σατανᾶς
1573 4416 1653 4478 είς
1699 4413 1828 4468 Ἰού-

237 4496 337 4550 δαν
359 4497 454 4550 τδν
481 4499 903 4570 ἐπικαλούμενον
942 4501 1310 4574 Ἰσκαριώτην,
1333 4503 1461 4558 ὄντα
1492 4506 1556 4558 ἐκ
1583 4505 1676 4559 τοῦ
1705 4507 1824 4579 ἀρι-
1853 4517 1897 4570 Ι)

238 4590 382 4661 θμοῦ
409 4590 518 4644 τῶν
541 4591 766 4646 δώδεκα.
803 4595 912 4646 Kal
939 4593 1185 4646 ἀπελθὼν
1225 4595 1552 4667 συνελάλησε
1576 4600 1686 4660 τοῖς
1727 4600 1826 4670 ἁρ-

236 4682 488 4754 χιερεῦσι
525 4685 618 4738 καὶ
644 4684 1051 4754 γραμματεῦσι,
1092 4686 1186 4738 καὶ
1221 4687 1334 4748 τοῖς
1378 4691 1700 4756 στρατηγοῖς
1728 4686 1821 4740 τοῦ

238 4772 414 4844 ἱεροῦ,
445 4773 532 4826 ἵνα
568 4774 728 4826 αὑτὸν
766 4774 992 4846 παραδῷ
1027 4775 1228 4837 αὐτοῖς.
1255 4775 1381 4850 Kal
1407 4777 1700 4846 ἐχάρησαν,
1729 4778 1823 4830 καὶ

239 4865 529 4918 συνέθεντο
572 4865 719 4935 αύτῴ
764 4865 1024 4936 ἀργύριον
1057 4865 1254 4919 δοῦναι.
1281 4867 1389 4918 Kal
1420 4867 1599 4938 ἐζήτει
1635 4869 1820 4921 εύκαι-

239 4957 364 5030 ρίαν
388 4955 484 5009 τοῦ
512 4955 842 5027 παραδοῦναι
869 4956 1029 5009 αὑτὸν
1050 4957 1232 5020 αὐτοῖς
1252 4957 1383 5028 ἄτερ
1402 4957 1578 5027 δχλου.
1600 4979 1618 5010 ι
1639 4959 1823 5011 Ταῦτα

235 5049 300 5119 δὴ
335 5045 431 5103 οὖν
464 5048 602 5101 αύτά
632 5047 964 5112 θεσπίζουσα
1003 5051 1035 5120 ή
1091 5049 1230 5120 μετὰ
1277 5054 1465 5120 χεῖρας
1515 5050 1814 5120 πρόρρησις

238 5137 512 5206 ἐπιλέγει·
536 5140 674 5191 (Καὶ
693 5141 740 5192 εἰ
767 5140 1140 5210 εἰσεπορεύετο
1154 5140 1245 5194 τοῦ
1266 5141 1414 5205 ἰδεῖν,
1442 5143 1616 5212 μάτην
1636 5142 1812 5195 ἐλάλει

237 5231 272 5300 ἠ
289 5231 486 5302 καρδία
501 5231 688 5296 αὐτοῦ,
709 5234 1012 5303 συνήγαγεν
1041 5234 1268 5303 ἀνομίαν
1288 5233 1485 5304 ἐαυτῷ.
1505 5233 1815 5304 Ἐξεπορεύ-

237 5339 330 5375 ετο
353 5323 478 5388 ἔξω,
502 5323 595 5377 καὶ
615 5323 792 5376 ἐλάλει
821 5325 915 5377 ἐπὶ
937 5324 996 5377 τὸ
1017 5325 1165 5378 αύτό.
1185 5326 1320 5377 Κατ’
1347 5324 1480 5395 ἐμοῦ
1503 5326 1811 5396 ἐψιθύριζον

235 5415 442 5480 πάντες
455 5416 504 5469 οἱ
521 5398 704 5487 ἐχθροί
731 5434 851 5486 μου.
877 5435 896 5468 ›
918 5418 974 5471 '0
990 5415 1119 5486 γοῦν
1139 5416 1209 5469 Σύ
1219 5419 1818 5490 μμαχος,‹Εξσερχόμε-

235 5520 350 5568 νος,
382 5526 400 5557 ι
434 5506 618 5576 φησὶν,
649 5526 666 5557 ι
689 5507 1070 5577 ἐπισκοπῆσαι,
1122 5508 1322 5577 μάταια
1365 5507 1542 5562 ἐλάλει
1572 5512 1816 5582 ἡκαρδία

236 5597 426 5663 αὑτοῦ,
452 5598 706 5670 ἥθροιζεν
724 5599 939 5655 ἀδικίαν
970 5601 1158 5672 ἐαυτῇ.
1203 5599 1586 5672 Ἐξερχόμενος
1611 5603 1670 5656 δὲ.
1703 5603 1807 5670 ἔξω

1940 1925 2084 1990 lcrit,
2111 1937 2164 1982 et
2193 1927 2494 1982 exsecratio
2526 1943 2625 1998 pro
2655 1928 2811 1983 nobis
2846 1927 3041 1990 factus,
3076 1927 3504 1981 exsecrationem

1941 2033 2060 2088 qua:
2089 2017 2249 2072 nobis
2278 2017 2602 2085 debebatur,
2647 2019 2714 2073 ad
2759 2018 2998 2090 seipsum
3026 2017 3332 2072 attraxerit.
3362 2015 3504 2082 Quid

1938 2110 2086 2164 enim
2118 2111 2264 2167 aliud
2295 2111 2408 2175 ille,
2443 2127 2604 2182 quam
2639 2127 2739 2182 pro
2775 2112 2970 2166 animis
3002 2110 3206 2166 nostris
3230 2109 3508 2180 pretium?

1939 2202 2128 2272 Itaque
2171 2219 2236 2259 ex
2270 2218 2502 2274 persona
2543 2212 2731 2260 nostra
2769 2205 3050 2260 oraculum
3091 2205 3207 2258 ait:
3257 2223 3275 2255 ι
3312 2203 3507 2258 Livore

1937 2296 2058 2366 ejus
2089 2311 2191 2352 nos
2233 2298 2409 2352 sanati
2449 2311 2639 2352 sumus
2671 2315 2685 2351 :
2718 2304 2772 2352 et
2809 2296 3071 2352 Dominus
3116 2295 3341 2351 tradidit
3378 2309 3504 2351 eum

1938 2387 2180 2458 peccatis
2220 2389 2507 2445 nostris”.
2539 2408 2557 2441 ι
2584 2388 2820 2444 Proinde
2856 2389 3050 2444 merito
3093 2388 3221 2442 dum
3260 2388 3510 2457 seipsum

1937 2480 2098 2536 nobis
2119 2479 2422 2552 conjungit,
2450 2492 2503 2537 et
2528 2496 2628 2537 nos
2649 2496 2713 2536 ac
2742 2482 2873 2536 vitia
2902 2489 3091 2537 nostra
3122 2481 3224 2536 sibi
3258 2479 3504 2544 asciscit,

1940 2574 2015 2627 ita
2045 2573 2122 2627 ait
2160 2590 2175 2626 :
2219 2591 2237 2624 ι
2271 2573 2384 2644 Ego
2415 2574 2552 2638 dixi,
2599 2573 2849 2638 Domine,
2889 2573 3152 2629 miserere
3191 2572 3321 2638 mei,
3367 2586 3504 2628 sana

1939 2665 2177 2719 animam
2226 2681 2432 2731 meam,
2459 2666 2586 2737 quia
2630 2668 2853 2738 peccavi
2902 2667 3000 2722 tibi
3039 2686 3053 2722 :
3095 2685 3115 2718 ›
3148 2665 3506 2734 videntesque

1939 2755 2069 2810 item
2092 2758 2287 2813 merito
2310 2773 2421 2812 non
2454 2759 2630 2814 solum
2664 2760 3013 2815 insidiatores
3038 2758 3306 2821 homines,
3337 2755 3518 2828 468‘

1939 2846 2035 2901 sed
2072 2848 2234 2904 etiam
2276 2849 2644 2906 insidiatrices
2701 2851 3006 2907 invisibiles
3035 2857 3354 2920 potestates,
3391 2849 3502 2903 vim

1938 2936 2260 2994 immensam
2305 2940 2451 2996 illius
2493 2940 2692 2996 divinae
2737 2942 3118 3012 appellationis
3149 2949 3204 2994 et
3235 2938 3500 3000 nominis,

1937 3043 2047 3098 quo
2091 3028 2240 3086 haud
2288 3031 2364 3085 ita
2403 3033 2576 3088 multo
2623 3041 2747 3104 post
2782 3041 2958 3089 totum
3005 3034 3189 3089 orbem
3233 3043 3504 3088 terrarum

1936 3118 2270 3180 Christianis
2313 3125 2587 3195 implevit,
2632 3126 2782 3180 illam
2831 3141 2891 3182 se
2941 3140 3104 3196 posse
3155 3124 3504 3194 exstinguere

1935 3220 2295 3281 putaverunt,
2357 3216 2405 3270 si
2451 3225 2684 3272 mortem
2737 3217 2815 3271 illi
2868 3217 3335 3272 machinarentur.
3387 3213 3504 3269 Hoc

1934 3304 2114 3372 ipsum
2147 3306 2314 3376 igitur
2362 3306 2452 3363 bis
2496 3309 2678 3365 verbis
2708 3308 2988 3379 redarguit
3020 3325 3033 3360 :
3076 3325 3096 3359 ι
3134 3306 3345 3362 lnimici
3395 3306 3506 3361 mei

1933 3395 2190 3450 dixerunt
2219 3398 2363 3451 mala
2416 3399 2576 3464 milii,
2616 3399 2838 3470 quando
2891 3400 3157 3453 morietur
3205 3405 3260 3453 et
3305 3396 3504 3468 peribit

1933 3501 2132 3540 nomen
2163 3488 2282 3558 ejus
2306 3488 2393 3542 3"1
2423 3509 2442 3541 ι
2479 3489 2749 3556 Quoniam
2798 3497 2982 3544 autem
3017 3489 3288 3544 simulatis
3322 3487 3502 3542 verbis

1934 3575 2300 3644 accedebant,
2338 3586 2615 3636 tentantes
2659 3589 2720 3636 ut
2762 3581 2941 3652 ipsum
2984 3587 3240 3650 caperent
3283 3578 3342 3633 in
3385 3593 3502 3633 ser-

1933 3681 2113 3731 mone,
2146 3675 2206 3722 ut
2235 3667 2465 3738 legimus
2507 3671 2650 3740 apud
2693 3672 2934 3726 divinam
2984 3670 3342 3739 Scripturam,
3381 3685 3504 3740 quae

1932 3755 2054 3810 illos
2085 3767 2274 3812 contra
2308 3758 2460 3813 illum
2494 3760 2632 3815 alias
2660 3761 2783 3815 aliis
2808 3767 2862 3815 et
2891 3759 3273 3815 occasionibus
3299 3767 3354 3814 et
3393 3759 3506 3814 eri-.-

1931 3847 2172 3903 minibus
2225 3856 2445 3904 utentes
2478 3851 2709 3917 inducit,
2762 3851 2968 3907 idcirco
3011 3851 3145 3906 illud
3196 3850 3443 3921 adjungit
3480 3866 3509 3902 :.

1935 3956 1954 3988 ι
1986 3937 2052 3994 Et
2077 3940 2485 4010 ingrediebatur
2519 3955 2579 3998 ut
2625 3943 2854 4010 videret,
2883 3960 3022 4000 vana
3053 3944 3376 4016 loquebatur
3405 3958 3501 3998 cor

1928 4031 2069 4100 ejus,
2119 4035 2470 4103 congregavit
2530 4035 2875 4106 iniquitatem
2926 4037 3064 4100 sibi,
3118 4036 3502 4107 egrediebatur

1932 4120 2082 4177 foras
2108 4131 2162 4178 et
2185 4124 2506 4194 loquebatur
2536 4126 2592 4180 in
2622 4127 2858 4196 idipsum
2889 4137 3076 4182 contra
3099 4127 3302 4184 me’h
3337 4126 3503 4184 llisce

1927 4229 2057 4269 vero
2084 4217 2252 4273 rebus
2279 4217 2566 4287 expositis,
2608 4217 2870 4290 deinceps
2918 4220 3096 4289 ipsum
3130 4219 3284 4273 illum
3325 4220 3500 4275 scele-

1927 4305 2230 4360 stissimum
2263 4307 2602 4378 proditorem
2653 4310 2830 4365 verbis
2867 4309 3118 4365 indicat:
3153 4311 3500 4381 quandoqui-

1926 4397 2051 4452 dem
2097 4399 2234 4455 illud
2268 4403 2470 4467 evenit,
2523 4410 2582 4456 ut
2612 4414 2900 4472 postquam
2934 4403 3000 4457 de
3034 4401 3315 4472 prodendo
3353 4417 3498 4473 pra:-

1927 4499 2145 4560 ceptore
2183 4508 2308 4548 cum
2349 4495 2690 4564 principibus
2727 4493 3041 4548 Iudaeorum
3086 4501 3280 4563 pactus
3327 4503 3495 4557 esset,

1926 4600 2034 4640 non
2063 4587 2298 4656 amplius
2339 4595 2392 4640 ut
2429 4586 2639 4641 solebat
2685 4584 2753 4639 ad
2789 4584 2972 4640 divina
3018 4594 3284 4654 prazccpta
3316 4583 3496 4654 perdi-

1925 4679 2130 4733 scenda
2173 4680 2508 4742 conveniret,
2556 4693 2734 4748 neque
2773 4691 2902 4732 vero
2949 4684 3208 4746 tanquam
3252 4676 3320 4731 ad
3357 4690 3496 4746 pra:-

1923 4781 2197 4842 ceptorem
2234 4773 2540 4836 accederet,
2571 4781 2667 4826 aut
2696 4772 2926 4826 aliorum
2960 4786 3109 4824 more
3142 4769 3498 4840 przeceptoris

1926 4864 2322 4919 consuetudine
2361 4871 2628 4926 uteretur,
2677 4863 2771 4920 sed
2805 4873 3023 4934 tempus
3072 4863 3338 4917 duntaxat
3381 4861 3493 4915 cir-

1925 4957 2287 5028 cumspiceret
2324 4966 2486 5030 atque
2534 4958 2873 5022 observaret,
2924 4971 3032 5028 quo
3088 4954 3288 5010 adoriri
3342 4955 3497 5009 illum

1922 5060 2129 5119 posset.
2151 5049 2386 5106 Proinde
2411 5052 2562 5105 illum
2592 5051 2698 5105 ista
2725 5051 3036 5104 molientem
3070 5062 3134 5102 ac
3162 5053 3510 5124 patrantem,

1922 5144 2098 5197 sancti
2129 5143 2474 5214 evangelistm
2491 5144 2897 5198 criminantur;
2931 5155 3165 5211 quorum
3197 5153 3341 5193 unus
3365 5136 3502 5190 Mat-

1921 5236 2098 5290 thaeus
2131 5236 2206 5289 ita
2249 5237 2323 5288 ait
2355 5255 2366 5290 :
2403 5255 2419 5286 ι
2453 5235 2608 5290 Tunc
2656 5235 2847 5290 abiens
2883 5248 3026 5288 unus
3073 5247 3140 5286 ex
3183 5228 3498 5292 duodecim,

1920 5330 2015 5400 qui
2052 5329 2337 5383 dicebatur
2369 5328 2539 5383 Judas
2582 5328 2868 5382 lscariotes
2897 5325 2964 5379 ad
3005 5323 3279 5394 principes
3309 5335 3492 5376 sacer-

1920 5419 2134 5486 dotum,
2169 5421 2243 5475 ait
2274 5421 2416 5475 illis:
2450 5420 2593 5487 Quid
2617 5419 2781 5474 vultis
2811 5416 2942 5470 mibi
2972 5415 3123 5481 dare,
3153 5421 3208 5470 et
3237 5427 3336 5484 ego
3365 5426 3492 5466 eum

1923 5514 2078 5570 vobis
2105 5514 2313 5568 tradam
2335 5515 2360 5567 ?
2389 5515 2466 5568 illi
2518 5521 2698 5568 autem
2741 5510 3146 5565 constituerunt
3171 5507 3220 5562 ei
3265 5505 3500 5576 triginta

1924 5615 2230 5677 argenteos.
2265 5605 2333 5660 Et
2360 5622 2425 5660 ex
2455 5607 2546 5660 illo
2609 5602 2884 5674 quaerebat
2917 5599 3400 5672 opportunitatem,
3428 5601 3495 5652 ut

310 5779 352 5810 "
393 5778 410 5834 l
442 5777 567 5835 Cor.
605 5791 704 5846 xu,
735 5776 825 5844 26,
853 5776 945 5837 27.
1023 5778 1207 5857 "glsa.
1246 5795 1362 5854 Lm,
1397 5781 1512 5842 4-6.
1592 5783 1637 5816 ³³
1676 5782 1822 5841 Psal.

1935 5823 1945 5849 ,
1983 5785 2033 5840 6.
2115 5785 2156 5818 3"
2194 5784 2322 5840 ibid.
2361 5786 2412 5853 7,
2447 5787 2498 5844 8.

2087 5875 2146 5887 run
