  <div class='ocr_page' id='page_1' title='image "/cluster/home/n/w/nwhite01/storage/ocr_20150623/22/mdp.39015078384388/381.png"; bbox 0 0 3908 6266; ppageno 0'>
   <div class='ocr_carea' id='block_1_1' title="bbox 470 309 3671 392">
    <p class='ocr_par' dir='ltr' id='par_1_1' title="bbox 470 309 3671 392">
     <span class='ocr_line' id='line_1_1' title="bbox 470 309 3671 392; baseline 0.007 -23"><span class='ocrx_word' id='word_1_1' title='bbox 470 309 585 370; x_wconf 64' lang='grc'><strong>717</strong></span> <span class='ocrx_word' id='word_1_2' title='bbox 1148 313 1421 372; x_wconf 77' lang='lat' dir='ltr'><strong>EUSEBII</strong></span> <span class='ocrx_word' id='word_1_3' title='bbox 1457 310 1937 373; x_wconf 64' lang='lat' dir='ltr'><strong>CESARIENSIS</strong></span> <span class='ocrx_word' id='word_1_4' title='bbox 1975 315 2127 373; x_wconf 83' lang='lat' dir='ltr'><strong>OPP.</strong></span> <span class='ocrx_word' id='word_1_5' title='bbox 2166 317 2351 375; x_wconf 78' lang='lat' dir='ltr'><strong>PARS</strong></span> <span class='ocrx_word' id='word_1_6' title='bbox 2386 318 2453 376; x_wconf 83' lang='lat' dir='ltr'><strong>ll.</strong></span> <span class='ocrx_word' id='word_1_7' title='bbox 2491 350 2562 365; x_wconf 82' lang='lat'><strong>-—</strong></span> <span class='ocrx_word' id='word_1_8' title='bbox 2597 318 3096 381; x_wconf 72' lang='lat' dir='ltr'><strong>APOLOGE&#39;PICA.</strong></span> <span class='ocrx_word' id='word_1_9' title='bbox 3586 335 3671 392; x_wconf 66' lang='lat'><strong>728</strong></span> 
     </span>
    </p>
   </div>
   <div class='ocr_carea' id='block_1_2' title="bbox 472 429 2024 515">
    <p class='ocr_par' dir='ltr' id='par_1_2' title="bbox 472 429 2024 500">
     <span class='ocr_line' id='line_1_2' title="bbox 472 429 2024 500; baseline 0.003 -15"><span class='ocrx_word' id='word_1_10' title='bbox 472 430 654 500; x_wconf 86' lang='lat' dir='ltr'><strong>ipsum</strong></span> <span class='ocrx_word' id='word_1_11' title='bbox 694 430 776 485; x_wconf 83' lang='lat' dir='ltr'><strong>eis</strong></span> <span class='ocrx_word' id='word_1_12' title='bbox 819 429 1062 485; x_wconf 85' lang='lat' dir='ltr'><strong>traderet</strong></span> <span class='ocrx_word' id='word_1_13' title='bbox 1083 430 1149 483; x_wconf 86' lang='grc'><strong>⁸⁸.</strong></span> <span class='ocrx_word' id='word_1_14' title='bbox 1203 453 1222 484; x_wconf 74' lang='grc' dir='ltr'><strong>ι</strong></span> <span class='ocrx_word' id='word_1_15' title='bbox 1257 431 1474 489; x_wconf 78' lang='lat' dir='ltr'><strong>Marcus</strong></span> <span class='ocrx_word' id='word_1_16' title='bbox 1516 440 1699 489; x_wconf 83' lang='lat' dir='ltr'><strong>autem</strong></span> <span class='ocrx_word' id='word_1_17' title='bbox 1739 433 1822 489; x_wconf 84' lang='lat' dir='ltr'><strong>sic</strong></span> <span class='ocrx_word' id='word_1_18' title='bbox 1865 448 1881 486; x_wconf 90' lang='lat'><strong>:</strong></span> <span class='ocrx_word' id='word_1_19' title='bbox 1928 451 1949 486; x_wconf 75' lang='grc' dir='ltr'>ι</span> <span class='ocrx_word' id='word_1_20' title='bbox 1984 432 2024 489; x_wconf 91' lang='grc' dir='ltr'>Ε</span> 
     </span>
    </p>
   </div>
   <div class='ocr_carea' id='block_1_3' title="bbox 2126 429 3670 515">
    <p class='ocr_par' dir='ltr' id='par_1_3' title="bbox 2150 435 3670 515">
     <span class='ocr_line' id='line_1_3' title="bbox 2150 435 3670 515; baseline 0.008 -25"><span class='ocrx_word' id='word_1_21' title='bbox 2150 435 2452 492; x_wconf 85' lang='grc' dir='ltr'>κατελάλει.</span> <span class='ocrx_word' id='word_1_22' title='bbox 2505 436 2873 511; x_wconf 76' lang='grc' dir='ltr'>ὀμοθυμαδδν</span> <span class='ocrx_word' id='word_1_23' title='bbox 2920 438 3226 513; x_wconf 80' lang='grc' dir='ltr'>ἐψιθύριζον</span> <span class='ocrx_word' id='word_1_24' title='bbox 3264 445 3380 496; x_wconf 77' lang='grc' dir='ltr'>κατ’</span> <span class='ocrx_word' id='word_1_25' title='bbox 3409 444 3531 515; x_wconf 81' lang='grc' dir='ltr'>ἐμοῦ</span> <span class='ocrx_word' id='word_1_26' title='bbox 3558 452 3670 506; x_wconf 79' lang='grc' dir='ltr'>πάν.</span> 
     </span>
    </p>
   </div>
   <div class='ocr_carea' id='block_1_4' title="bbox 471 520 2024 610">
    <p class='ocr_par' dir='ltr' id='par_1_4' title="bbox 471 520 2024 597">
     <span class='ocr_line' id='line_1_4' title="bbox 471 520 2024 597; baseline 0.001 -15"><span class='ocrx_word' id='word_1_27' title='bbox 471 523 645 582; x_wconf 63' lang='lat' dir='ltr'><strong>«ludas</strong></span> <span class='ocrx_word' id='word_1_28' title='bbox 682 520 972 580; x_wconf 86' lang='lat' dir='ltr'><strong>lscariotes</strong></span> <span class='ocrx_word' id='word_1_29' title='bbox 1008 539 1153 581; x_wconf 89' lang='lat' dir='ltr'><strong>unus</strong></span> <span class='ocrx_word' id='word_1_30' title='bbox 1181 539 1250 580; x_wconf 80' lang='lat' dir='ltr'><strong>ex</strong></span> <span class='ocrx_word' id='word_1_31' title='bbox 1276 524 1586 591; x_wconf 84' lang='lat' dir='ltr'><strong>duodecim,</strong></span> <span class='ocrx_word' id='word_1_32' title='bbox 1623 525 1769 582; x_wconf 88' lang='lat' dir='ltr'><strong>abiit.</strong></span> <span class='ocrx_word' id='word_1_33' title='bbox 1792 525 1860 580; x_wconf 89' lang='lat' dir='ltr'><strong>ad</strong></span> <span class='ocrx_word' id='word_1_34' title='bbox 1898 526 2024 597; x_wconf 82' lang='lat' dir='ltr'><strong>prin</strong></span> 
     </span>
    </p>
   </div>
   <div class='ocr_carea' id='block_1_5' title="bbox 2126 520 3670 610">
    <p class='ocr_par' dir='ltr' id='par_1_5' title="bbox 2148 528 3670 610">
     <span class='ocr_line' id='line_1_5' title="bbox 2148 528 3670 610; baseline 0.005 -27"><span class='ocrx_word' id='word_1_35' title='bbox 2148 545 2240 593; x_wconf 85' lang='grc' dir='ltr'><strong>τες</strong></span> <span class='ocrx_word' id='word_1_36' title='bbox 2270 530 2319 583; x_wconf 79' lang='lat' dir='ltr'><strong>oi</strong></span> <span class='ocrx_word' id='word_1_37' title='bbox 2352 529 2633 601; x_wconf 80' lang='grc' dir='ltr'>μισοῦντές</span> <span class='ocrx_word' id='word_1_38' title='bbox 2667 546 2754 603; x_wconf 86' lang='grc' dir='ltr'>με.</span> <span class='ocrx_word' id='word_1_39' title='bbox 2794 550 2813 583; x_wconf 83' lang='grc'><strong>›</strong></span> <span class='ocrx_word' id='word_1_40' title='bbox 2851 531 3026 596; x_wconf 83' lang='grc' dir='ltr'><strong>Μόνος</strong></span> <span class='ocrx_word' id='word_1_41' title='bbox 3068 533 3165 603; x_wconf 84' lang='grc' dir='ltr'><strong>μὲν</strong></span> <span class='ocrx_word' id='word_1_42' title='bbox 3193 528 3284 587; x_wconf 81' lang='grc' dir='ltr'>οὖν</span> <span class='ocrx_word' id='word_1_43' title='bbox 3314 534 3388 598; x_wconf 86' lang='grc' dir='ltr'>ὡς</span> <span class='ocrx_word' id='word_1_44' title='bbox 3419 533 3480 589; x_wconf 73' lang='grc' dir='ltr'><strong>ἂν</strong></span> <span class='ocrx_word' id='word_1_45' title='bbox 3501 536 3670 610; x_wconf 78' lang='grc' dir='ltr'>γνώρι-</span> 
     </span>
    </p>
   </div>
   <div class='ocr_carea' id='block_1_6' title="bbox 471 613 2024 698">
    <p class='ocr_par' dir='ltr' id='par_1_6' title="bbox 471 613 2024 686">
     <span class='ocr_line' id='line_1_6' title="bbox 471 613 2024 686; baseline 0.003 -16"><span class='ocrx_word' id='word_1_46' title='bbox 471 616 627 686; x_wconf 78' lang='lat' dir='ltr'><strong>cipes</strong></span> <span class='ocrx_word' id='word_1_47' title='bbox 652 613 997 669; x_wconf 75' lang='lat' dir='ltr'><strong>sacerdotum</strong></span> <span class='ocrx_word' id='word_1_48' title='bbox 1029 620 1090 670; x_wconf 93' lang='lat' dir='ltr'><strong>ut</strong></span> <span class='ocrx_word' id='word_1_49' title='bbox 1131 631 1257 671; x_wconf 89' lang='lat' dir='ltr'><strong>eum</strong></span> <span class='ocrx_word' id='word_1_50' title='bbox 1302 618 1412 674; x_wconf 82' lang='lat' dir='ltr'><strong>illis</strong></span> <span class='ocrx_word' id='word_1_51' title='bbox 1451 617 1708 674; x_wconf 72' lang='lat' dir='ltr'><strong>traderet.</strong></span> <span class='ocrx_word' id='word_1_52' title='bbox 1741 615 1823 673; x_wconf 89' lang='lat' dir='ltr'><strong>Illi</strong></span> <span class='ocrx_word' id='word_1_53' title='bbox 1865 625 2024 674; x_wconf 83' lang='lat' dir='ltr'><strong>auten</strong></span> 
     </span>
    </p>
   </div>
   <div class='ocr_carea' id='block_1_7' title="bbox 2126 613 3671 698">
    <p class='ocr_par' dir='ltr' id='par_1_7' title="bbox 2152 620 3671 698">
     <span class='ocr_line' id='line_1_7' title="bbox 2152 620 3671 698; baseline 0.007 -24"><span class='ocrx_word' id='word_1_54' title='bbox 2152 637 2252 692; x_wconf 91' lang='grc' dir='ltr'><strong>μος</strong></span> <span class='ocrx_word' id='word_1_55' title='bbox 2270 623 2364 675; x_wconf 75' lang='grc' dir='ltr'><strong>καὶ</strong></span> <span class='ocrx_word' id='word_1_56' title='bbox 2390 620 2637 694; x_wconf 82' lang='grc' dir='ltr'>μαθητὴς</span> <span class='ocrx_word' id='word_1_57' title='bbox 2649 623 2800 694; x_wconf 82' lang='grc' dir='ltr'>παρὰ</span> <span class='ocrx_word' id='word_1_58' title='bbox 2819 625 3133 678; x_wconf 80' lang='grc' dir='ltr'>διδάσκαλον</span> <span class='ocrx_word' id='word_1_59' title='bbox 3148 623 3348 689; x_wconf 83' lang='grc' dir='ltr'>εἰσιὼν,</span> <span class='ocrx_word' id='word_1_60' title='bbox 3363 629 3671 698; x_wconf 79' lang='grc' dir='ltr'><strong>περιεσκόπει</strong></span> 
     </span>
    </p>
   </div>
   <div class='ocr_carea' id='block_1_8' title="bbox 473 705 2024 792">
    <p class='ocr_par' dir='ltr' id='par_1_8' title="bbox 473 705 2024 782">
     <span class='ocr_line' id='line_1_8' title="bbox 473 705 2024 782; baseline 0.003 -22"><span class='ocrx_word' id='word_1_61' title='bbox 473 707 760 761; x_wconf 76' lang='lat' dir='ltr'><strong>audientes</strong></span> <span class='ocrx_word' id='word_1_62' title='bbox 787 705 960 776; x_wconf 83' lang='lat' dir='ltr'><strong>gavisi</strong></span> <span class='ocrx_word' id='word_1_63' title='bbox 996 714 1145 763; x_wconf 89' lang='lat' dir='ltr'><strong>sunt.</strong></span> <span class='ocrx_word' id='word_1_64' title='bbox 1177 706 1244 762; x_wconf 87' lang='lat' dir='ltr'><strong>Et</strong></span> <span class='ocrx_word' id='word_1_65' title='bbox 1277 711 1648 779; x_wconf 88' lang='lat' dir='ltr'><strong>promiserunt</strong></span> <span class='ocrx_word' id='word_1_66' title='bbox 1675 725 1734 765; x_wconf 90' lang='lat' dir='ltr'><strong>se</strong></span> <span class='ocrx_word' id='word_1_67' title='bbox 1761 717 2024 782; x_wconf 86' lang='lat' dir='ltr'><strong>argentun</strong></span> 
     </span>
    </p>
   </div>
   <div class='ocr_carea' id='block_1_9' title="bbox 2126 705 3671 792">
    <p class='ocr_par' dir='ltr' id='par_1_9' title="bbox 2148 715 3671 792">
     <span class='ocr_line' id='line_1_9' title="bbox 2148 715 3671 792; baseline 0.003 -24"><span class='ocrx_word' id='word_1_68' title='bbox 2148 715 2241 768; x_wconf 76' lang='grc' dir='ltr'>καὶ</span> <span class='ocrx_word' id='word_1_69' title='bbox 2291 715 2717 787; x_wconf 79' lang='grc' dir='ltr'><strong>κατεμάνθανεν,</strong></span> <span class='ocrx_word' id='word_1_70' title='bbox 2781 716 2927 771; x_wconf 81' lang='grc' dir='ltr'>ἔνδον</span> <span class='ocrx_word' id='word_1_71' title='bbox 2973 717 3065 770; x_wconf 73' lang='grc' dir='ltr'>ἐπὶ</span> <span class='ocrx_word' id='word_1_72' title='bbox 3112 718 3211 789; x_wconf 80' lang='grc' dir='ltr'>τῆς</span> <span class='ocrx_word' id='word_1_73' title='bbox 3249 717 3435 771; x_wconf 85' lang='grc' dir='ltr'>ἐαυτοῦ</span> <span class='ocrx_word' id='word_1_74' title='bbox 3480 721 3671 792; x_wconf 74' lang='grc' dir='ltr'>καρδίας</span> 
     </span>
    </p>
   </div>
   <div class='ocr_carea' id='block_1_10' title="bbox 468 798 2024 882">
    <p class='ocr_par' dir='ltr' id='par_1_10' title="bbox 468 798 2024 875">
     <span class='ocr_line' id='line_1_10' title="bbox 468 798 2024 875; baseline 0.004 -22"><span class='ocrx_word' id='word_1_75' title='bbox 468 798 521 853; x_wconf 88' lang='lat' dir='ltr'><strong>ei</strong></span> <span class='ocrx_word' id='word_1_76' title='bbox 549 798 775 853; x_wconf 88' lang='lat' dir='ltr'><strong>daturos</strong></span> <span class='ocrx_word' id='word_1_77' title='bbox 807 814 820 850; x_wconf 93' lang='lat'><strong>:</strong></span> <span class='ocrx_word' id='word_1_78' title='bbox 856 804 912 854; x_wconf 90' lang='lat' dir='ltr'><strong>et</strong></span> <span class='ocrx_word' id='word_1_79' title='bbox 938 801 1216 870; x_wconf 52' lang='lat' dir='ltr'><strong>quaerebat</strong></span> <span class='ocrx_word' id='word_1_80' title='bbox 1243 803 1521 873; x_wconf 88' lang='lat' dir='ltr'><strong>quomodo</strong></span> <span class='ocrx_word' id='word_1_81' title='bbox 1552 805 1703 859; x_wconf 88' lang='lat' dir='ltr'><strong>illum</strong></span> <span class='ocrx_word' id='word_1_82' title='bbox 1743 814 2024 875; x_wconf 68' lang='lat' dir='ltr'><strong>opportuni</strong></span> 
     </span>
    </p>
   </div>
   <div class='ocr_carea' id='block_1_11' title="bbox 2126 798 3671 882">
    <p class='ocr_par' dir='ltr' id='par_1_11' title="bbox 2145 808 3671 882">
     <span class='ocr_line' id='line_1_11' title="bbox 2145 808 3671 882; baseline 0.003 -21"><span class='ocrx_word' id='word_1_83' title='bbox 2145 808 2403 880; x_wconf 85' lang='grc' dir='ltr'>κρύπτων</span> <span class='ocrx_word' id='word_1_84' title='bbox 2457 809 2556 880; x_wconf 83' lang='grc' dir='ltr'><strong>τὴν</strong></span> <span class='ocrx_word' id='word_1_85' title='bbox 2612 809 2921 882; x_wconf 81' lang='grc' dir='ltr'>ἐπιϐουλήν.</span> <span class='ocrx_word' id='word_1_86' title='bbox 2953 809 3138 875; x_wconf 84' lang='grc' dir='ltr'>Ἐξιὼν</span> <span class='ocrx_word' id='word_1_87' title='bbox 3168 811 3224 863; x_wconf 88' lang='grc' dir='ltr'><strong>δέ</strong></span> <span class='ocrx_word' id='word_1_88' title='bbox 3245 852 3259 875; x_wconf 93' lang='grc'><strong>,</strong></span> <span class='ocrx_word' id='word_1_89' title='bbox 3298 811 3429 882; x_wconf 81' lang='grc' dir='ltr'>μετὰ</span> <span class='ocrx_word' id='word_1_90' title='bbox 3449 813 3671 871; x_wconf 80' lang='grc' dir='ltr'>πλειόνων</span> 
     </span>
    </p>
   </div>
   <div class='ocr_carea' id='block_1_12' title="bbox 469 889 2024 1007">
    <p class='ocr_par' dir='ltr' id='par_1_12' title="bbox 469 889 2024 1007">
     <span class='ocr_line' id='line_1_12' title="bbox 469 889 2003 950; baseline 0.005 -9"><span class='ocrx_word' id='word_1_91' title='bbox 469 889 789 946; x_wconf 83' lang='lat' dir='ltr'><strong>traderet&quot;.</strong></span> <span class='ocrx_word' id='word_1_92' title='bbox 831 910 850 941; x_wconf 76' lang='grc' dir='ltr'><strong>ι</strong></span> <span class='ocrx_word' id='word_1_93' title='bbox 886 889 1066 948; x_wconf 85' lang='lat' dir='ltr'><strong>Lucas</strong></span> <span class='ocrx_word' id='word_1_94' title='bbox 1097 906 1224 948; x_wconf 89' lang='lat' dir='ltr'><strong>vero</strong></span> <span class='ocrx_word' id='word_1_95' title='bbox 1272 894 1329 948; x_wconf 92' lang='lat' dir='ltr'><strong>in</strong></span> <span class='ocrx_word' id='word_1_96' title='bbox 1374 895 1520 949; x_wconf 84' lang='lat' dir='ltr'><strong>hunc</strong></span> <span class='ocrx_word' id='word_1_97' title='bbox 1550 896 1773 950; x_wconf 90' lang='lat' dir='ltr'><strong>modum</strong></span> <span class='ocrx_word' id='word_1_98' title='bbox 1809 895 2003 950; x_wconf 80' lang='lat' dir='ltr'><strong>scribit</strong></span> 
     </span>
     <span class='ocr_line' id='line_1_13' title="bbox 473 978 2024 1007; baseline 0 0"><span class='ocrx_word' id='word_1_99' title='bbox 473 996 493 1007; x_wconf 85' lang='lat'><strong>-</strong></span> <span class='ocrx_word' id='word_1_100' title='bbox 528 978 755 1007; x_wconf 54' lang='grc' dir='ltr'><strong>ἰαί-...ἐι</strong></span> <span class='ocrx_word' id='word_1_101' title='bbox 800 988 979 1007; x_wconf 56' lang='grc' dir='ltr'><strong>-..ιη-μ</strong></span> <span class='ocrx_word' id='word_1_102' title='bbox 1039 982 1271 1007; x_wconf 72' lang='grc' dir='ltr'><strong>α-ι-..--</strong></span> <span class='ocrx_word' id='word_1_103' title='bbox 1322 989 1373 1007; x_wconf 66' lang='grc' dir='ltr'><strong>ι..</strong></span> <span class='ocrx_word' id='word_1_104' title='bbox 1433 983 1619 1007; x_wconf 61' lang='grc' dir='ltr'><strong>π..-ι-...</strong></span> <span class='ocrx_word' id='word_1_105' title='bbox 1683 986 1768 1007; x_wconf 70' lang='grc' dir='ltr'><strong>---ε</strong></span> <span class='ocrx_word' id='word_1_106' title='bbox 1817 993 2024 1007; x_wconf 71' lang='lat'>____-.__.</span> 
     </span>
    </p>
   </div>
   <div class='ocr_carea' id='block_1_13' title="bbox 2126 889 3673 1007">
    <p class='ocr_par' dir='ltr' id='par_1_13' title="bbox 2145 900 3673 1007">
     <span class='ocr_line' id='line_1_14' title="bbox 2145 900 3673 1007; baseline 0.002 -53"><span class='ocrx_word' id='word_1_107' title='bbox 2145 900 2485 971; x_wconf 79' lang='grc' dir='ltr'><strong>ὁμοθυμαδὸν</strong></span> <span class='ocrx_word' id='word_1_108' title='bbox 2513 902 2605 955; x_wconf 77' lang='grc' dir='ltr'>καὶ</span> <span class='ocrx_word' id='word_1_109' title='bbox 2640 902 2811 1007; x_wconf 44' lang='lat' dir='ltr'><strong>iniit}:</strong></span> <span class='ocrx_word' id='word_1_110' title='bbox 2848 902 2978 955; x_wconf 83' lang='grc' dir='ltr'>αὐτὸ</span> <span class='ocrx_word' id='word_1_111' title='bbox 3012 901 3315 967; x_wconf 87' lang='grc' dir='ltr'>κατελάλει,</span> <span class='ocrx_word' id='word_1_112' title='bbox 3355 905 3462 967; x_wconf 77' lang='grc' dir='ltr'>τοῖς</span> <span class='ocrx_word' id='word_1_113' title='bbox 3491 905 3673 1007; x_wconf 62' lang='grc' dir='ltr'>ἐχθροῖς</span> 
     </span>
    </p>
   </div>
   <div class='ocr_carea' id='block_1_14' title="bbox 471 978 2024 1066">
    <p class='ocr_par' dir='ltr' id='par_1_14' title="bbox 471 978 2024 1057">
     <span class='ocr_line' id='line_1_15' title="bbox 471 978 2024 1057; baseline 0.007 -28"><span class='ocrx_word' id='word_1_114' title='bbox 471 978 757 1033; x_wconf 71' lang='lat' dir='ltr'><strong>«Intravit</strong></span> <span class='ocrx_word' id='word_1_115' title='bbox 799 988 983 1038; x_wconf 84' lang='lat' dir='ltr'><strong>autem</strong></span> <span class='ocrx_word' id='word_1_116' title='bbox 1038 982 1273 1039; x_wconf 85' lang='lat' dir='ltr'><strong>Satanas</strong></span> <span class='ocrx_word' id='word_1_117' title='bbox 1322 989 1378 1040; x_wconf 90' lang='lat' dir='ltr'><strong>in</strong></span> <span class='ocrx_word' id='word_1_118' title='bbox 1426 983 1622 1040; x_wconf 73' lang='lat' dir='ltr'><strong>Iudam</strong></span> <span class='ocrx_word' id='word_1_119' title='bbox 1675 986 1770 1057; x_wconf 90' lang='lat' dir='ltr'><strong>qui</strong></span> <span class='ocrx_word' id='word_1_120' title='bbox 1817 993 2024 1041; x_wconf 63' lang='lat' dir='ltr'><strong>vocatu!</strong></span> 
     </span>
    </p>
   </div>
   <div class='ocr_carea' id='block_1_15' title="bbox 2126 978 3671 1066">
    <p class='ocr_par' dir='ltr' id='par_1_15' title="bbox 2143 978 3671 1066">
     <span class='ocr_line' id='line_1_16' title="bbox 2143 978 3671 1066; baseline 0.004 -21"><span class='ocrx_word' id='word_1_121' title='bbox 2143 993 2429 1065; x_wconf 79' lang='grc' dir='ltr'>προδιδοὺς</span> <span class='ocrx_word' id='word_1_122' title='bbox 2481 995 2573 1048; x_wconf 79' lang='grc' dir='ltr'>τὸν</span> <span class='ocrx_word' id='word_1_123' title='bbox 2624 978 2869 1066; x_wconf 55' lang='grc' dir='ltr'>Σωτξγρα,</span> <span class='ocrx_word' id='word_1_124' title='bbox 2911 996 3004 1048; x_wconf 75' lang='grc' dir='ltr'><strong>καὶ</strong></span> <span class='ocrx_word' id='word_1_125' title='bbox 3035 995 3449 1066; x_wconf 79' lang='grc' dir='ltr'><strong>συνταττόμενος</strong></span> <span class='ocrx_word' id='word_1_126' title='bbox 3469 1000 3566 1060; x_wconf 84' lang='grc' dir='ltr'>τοῖς</span> <span class='ocrx_word' id='word_1_127' title='bbox 3581 996 3671 1052; x_wconf 86' lang='grc' dir='ltr'>τῶν</span> 
     </span>
    </p>
   </div>
   <div class='ocr_carea' id='block_1_16' title="bbox 466 1068 2024 1160">
    <p class='ocr_par' dir='ltr' id='par_1_16' title="bbox 466 1068 2024 1137">
     <span class='ocr_line' id='line_1_17' title="bbox 466 1068 2024 1137; baseline 0.006 -15"><span class='ocrx_word' id='word_1_128' title='bbox 466 1068 784 1137; x_wconf 86' lang='lat' dir='ltr'><strong>lscariotes,</strong></span> <span class='ocrx_word' id='word_1_129' title='bbox 820 1089 991 1131; x_wconf 87' lang='lat' dir='ltr'><strong>unum</strong></span> <span class='ocrx_word' id='word_1_130' title='bbox 1022 1075 1090 1131; x_wconf 91' lang='lat' dir='ltr'><strong>de</strong></span> <span class='ocrx_word' id='word_1_131' title='bbox 1127 1076 1440 1133; x_wconf 86' lang='lat' dir='ltr'><strong>duodecim.</strong></span> <span class='ocrx_word' id='word_1_132' title='bbox 1481 1076 1546 1130; x_wconf 87' lang='lat' dir='ltr'><strong>Et</strong></span> <span class='ocrx_word' id='word_1_133' title='bbox 1575 1077 1709 1132; x_wconf 89' lang='lat' dir='ltr'><strong>abiit</strong></span> <span class='ocrx_word' id='word_1_134' title='bbox 1740 1086 1794 1134; x_wconf 91' lang='lat' dir='ltr'><strong>et</strong></span> <span class='ocrx_word' id='word_1_135' title='bbox 1826 1079 2024 1133; x_wconf 73' lang='lat' dir='ltr'><strong>locutu:</strong></span> 
     </span>
    </p>
   </div>
   <div class='ocr_carea' id='block_1_17' title="bbox 2126 1068 3671 1160">
    <p class='ocr_par' dir='ltr' id='par_1_17' title="bbox 2157 1086 3671 1160">
     <span class='ocr_line' id='line_1_18' title="bbox 2157 1086 3671 1160; baseline 0.001 -21"><span class='ocrx_word' id='word_1_136' title='bbox 2157 1086 2424 1140; x_wconf 82' lang='grc' dir='ltr'><strong>Ἰουδαίων</strong></span> <span class='ocrx_word' id='word_1_137' title='bbox 2469 1086 2693 1157; x_wconf 78' lang='grc' dir='ltr'>ἄρχουσι</span> <span class='ocrx_word' id='word_1_138' title='bbox 2717 1086 3015 1157; x_wconf 81' lang='grc' dir='ltr'><strong>λεληθότως</strong></span> <span class='ocrx_word' id='word_1_139' title='bbox 3060 1086 3188 1158; x_wconf 79' lang='grc' dir='ltr'>περὶ</span> <span class='ocrx_word' id='word_1_140' title='bbox 3235 1086 3448 1157; x_wconf 86' lang='grc' dir='ltr'>ἐτέρων,</span> <span class='ocrx_word' id='word_1_141' title='bbox 3484 1088 3540 1140; x_wconf 83' lang='grc' dir='ltr'><strong>οὐ</strong></span> <span class='ocrx_word' id='word_1_142' title='bbox 3582 1087 3671 1160; x_wconf 80' lang='grc' dir='ltr'>μὴν</span> 
     </span>
    </p>
   </div>
   <div class='ocr_carea' id='block_1_18' title="bbox 463 1167 2024 1251">
    <p class='ocr_par' dir='ltr' id='par_1_18' title="bbox 463 1167 2024 1238">
     <span class='ocr_line' id='line_1_19' title="bbox 463 1167 2024 1238; baseline 0.005 -19"><span class='ocrx_word' id='word_1_143' title='bbox 463 1171 549 1220; x_wconf 87' lang='lat' dir='ltr'><strong>est</strong></span> <span class='ocrx_word' id='word_1_144' title='bbox 570 1181 694 1221; x_wconf 91' lang='lat' dir='ltr'><strong>cum</strong></span> <span class='ocrx_word' id='word_1_145' title='bbox 726 1167 1071 1238; x_wconf 89' lang='lat' dir='ltr'><strong>principibus</strong></span> <span class='ocrx_word' id='word_1_146' title='bbox 1101 1171 1449 1226; x_wconf 84' lang='lat' dir='ltr'><strong>sacerdotum</strong></span> <span class='ocrx_word' id='word_1_147' title='bbox 1483 1179 1537 1227; x_wconf 92' lang='lat' dir='ltr'><strong>et</strong></span> <span class='ocrx_word' id='word_1_148' title='bbox 1584 1172 1780 1227; x_wconf 87' lang='lat' dir='ltr'><strong>scribis</strong></span> <span class='ocrx_word' id='word_1_149' title='bbox 1809 1180 1862 1228; x_wconf 91' lang='lat' dir='ltr'><strong>et</strong></span> <span class='ocrx_word' id='word_1_150' title='bbox 1887 1173 2024 1227; x_wconf 86' lang='lat' dir='ltr'><strong>duci-</strong></span> 
     </span>
    </p>
   </div>
   <div class='ocr_carea' id='block_1_19' title="bbox 2126 1167 3672 1251">
    <p class='ocr_par' dir='ltr' id='par_1_19' title="bbox 2144 1173 3672 1251">
     <span class='ocr_line' id='line_1_20' title="bbox 2144 1173 3672 1251; baseline 0 -19"><span class='ocrx_word' id='word_1_151' title='bbox 2144 1176 2280 1232; x_wconf 80' lang='grc' dir='ltr'>ἀλλὰ</span> <span class='ocrx_word' id='word_1_152' title='bbox 2318 1179 2412 1231; x_wconf 73' lang='grc' dir='ltr'><strong>καὶ</strong></span> <span class='ocrx_word' id='word_1_153' title='bbox 2462 1179 2587 1249; x_wconf 80' lang='grc' dir='ltr'>περὶ</span> <span class='ocrx_word' id='word_1_154' title='bbox 2633 1176 2740 1232; x_wconf 82' lang='grc' dir='ltr'><strong>τῶν</strong></span> <span class='ocrx_word' id='word_1_155' title='bbox 2784 1178 3102 1251; x_wconf 77' lang='grc' dir='ltr'>χρημάτων,</span> <span class='ocrx_word' id='word_1_156' title='bbox 3137 1180 3224 1247; x_wconf 90' lang='grc' dir='ltr'>ἐφ’</span> <span class='ocrx_word' id='word_1_157' title='bbox 3255 1173 3338 1241; x_wconf 75' lang='grc' dir='ltr'>οἷς</span> <span class='ocrx_word' id='word_1_158' title='bbox 3370 1177 3672 1251; x_wconf 78' lang='grc' dir='ltr'>παραδώσειν</span> 
     </span>
    </p>
   </div>
   <div class='ocr_carea' id='block_1_20' title="bbox 462 1255 2024 1341">
    <p class='ocr_par' dir='ltr' id='par_1_20' title="bbox 462 1255 2024 1334">
     <span class='ocr_line' id='line_1_21' title="bbox 462 1255 2024 1334; baseline 0.004 -24"><span class='ocrx_word' id='word_1_159' title='bbox 462 1255 569 1312; x_wconf 86' lang='lat' dir='ltr'><strong>bus</strong></span> <span class='ocrx_word' id='word_1_160' title='bbox 603 1259 812 1329; x_wconf 86' lang='lat' dir='ltr'><strong>templi,</strong></span> <span class='ocrx_word' id='word_1_161' title='bbox 845 1267 905 1314; x_wconf 90' lang='lat' dir='ltr'><strong>ut</strong></span> <span class='ocrx_word' id='word_1_162' title='bbox 951 1275 1076 1316; x_wconf 85' lang='lat' dir='ltr'><strong>eum</strong></span> <span class='ocrx_word' id='word_1_163' title='bbox 1111 1262 1221 1319; x_wconf 86' lang='lat' dir='ltr'><strong>illis</strong></span> <span class='ocrx_word' id='word_1_164' title='bbox 1265 1263 1528 1318; x_wconf 86' lang='lat' dir='ltr'><strong>traderet.</strong></span> <span class='ocrx_word' id='word_1_165' title='bbox 1562 1262 1628 1318; x_wconf 84' lang='lat' dir='ltr'><strong>Et</strong></span> <span class='ocrx_word' id='word_1_166' title='bbox 1673 1265 1846 1334; x_wconf 89' lang='lat' dir='ltr'><strong>gavisi</strong></span> <span class='ocrx_word' id='word_1_167' title='bbox 1888 1270 2024 1320; x_wconf 29' lang='lat' dir='ltr'><strong>sunt.</strong></span> 
     </span>
    </p>
   </div>
   <div class='ocr_carea' id='block_1_21' title="bbox 2126 1255 3671 1341">
    <p class='ocr_par' dir='ltr' id='par_1_21' title="bbox 2142 1264 3671 1341">
     <span class='ocr_line' id='line_1_22' title="bbox 2142 1264 3671 1341; baseline 0.003 -21"><span class='ocrx_word' id='word_1_168' title='bbox 2142 1268 2304 1321; x_wconf 71' lang='grc' dir='ltr'>αὐτὸν</span> <span class='ocrx_word' id='word_1_169' title='bbox 2335 1269 2663 1339; x_wconf 80' lang='grc' dir='ltr'>ὑπισχνεῖτο,</span> <span class='ocrx_word' id='word_1_170' title='bbox 2708 1271 2836 1340; x_wconf 76' lang='grc' dir='ltr'>περὶ</span> <span class='ocrx_word' id='word_1_171' title='bbox 2874 1264 2949 1322; x_wconf 85' lang='grc' dir='ltr'><strong>ὧν</strong></span> <span class='ocrx_word' id='word_1_172' title='bbox 2990 1273 3108 1341; x_wconf 79' lang='grc' dir='ltr'>μετ’</span> <span class='ocrx_word' id='word_1_173' title='bbox 3141 1270 3317 1323; x_wconf 75' lang='grc' dir='ltr'>αὐτῶν</span> <span class='ocrx_word' id='word_1_174' title='bbox 3353 1270 3558 1324; x_wconf 77' lang='grc' dir='ltr'>ἐκείνων</span> <span class='ocrx_word' id='word_1_175' title='bbox 3576 1272 3671 1341; x_wconf 75' lang='grc' dir='ltr'>ἐψι-</span> 
     </span>
    </p>
   </div>
   <div class='ocr_carea' id='block_1_22' title="bbox 462 1349 2024 1433">
    <p class='ocr_par' dir='ltr' id='par_1_22' title="bbox 462 1349 2024 1426">
     <span class='ocr_line' id='line_1_23' title="bbox 462 1349 2024 1426; baseline 0.004 -24"><span class='ocrx_word' id='word_1_176' title='bbox 462 1355 518 1402; x_wconf 89' lang='lat' dir='ltr'><strong>et</strong></span> <span class='ocrx_word' id='word_1_177' title='bbox 555 1349 697 1418; x_wconf 89' lang='lat' dir='ltr'><strong>pacti</strong></span> <span class='ocrx_word' id='word_1_178' title='bbox 737 1359 867 1405; x_wconf 88' lang='lat' dir='ltr'><strong>sunt</strong></span> <span class='ocrx_word' id='word_1_179' title='bbox 897 1361 1185 1422; x_wconf 77' lang='lat' dir='ltr'><strong>argentum</strong></span> <span class='ocrx_word' id='word_1_180' title='bbox 1226 1355 1305 1408; x_wconf 84' lang='lat' dir='ltr'><strong>illi</strong></span> <span class='ocrx_word' id='word_1_181' title='bbox 1333 1355 1505 1411; x_wconf 85' lang='lat' dir='ltr'><strong>dare:</strong></span> <span class='ocrx_word' id='word_1_182' title='bbox 1536 1362 1592 1411; x_wconf 90' lang='lat' dir='ltr'><strong>et</strong></span> <span class='ocrx_word' id='word_1_183' title='bbox 1631 1356 1910 1426; x_wconf 60' lang='lat' dir='ltr'><strong>quaerebat</strong></span> <span class='ocrx_word' id='word_1_184' title='bbox 1942 1370 2024 1426; x_wconf 88' lang='lat' dir='ltr'><strong>op-</strong></span> 
     </span>
    </p>
   </div>
   <div class='ocr_carea' id='block_1_23' title="bbox 2126 1349 3670 1433">
    <p class='ocr_par' dir='ltr' id='par_1_23' title="bbox 2142 1357 3670 1433">
     <span class='ocr_line' id='line_1_24' title="bbox 2142 1357 3670 1433; baseline 0.004 -23"><span class='ocrx_word' id='word_1_185' title='bbox 2142 1357 2346 1430; x_wconf 76' lang='grc' dir='ltr'>θύριζε.</span> <span class='ocrx_word' id='word_1_186' title='bbox 2380 1360 2469 1412; x_wconf 86' lang='grc' dir='ltr'><strong>Διό</strong></span> <span class='ocrx_word' id='word_1_187' title='bbox 2512 1377 2673 1430; x_wconf 84' lang='grc' dir='ltr'>φησιν</span> <span class='ocrx_word' id='word_1_188' title='bbox 2695 1377 2709 1390; x_wconf 88' lang='grc'><strong>·</strong></span> <span class='ocrx_word' id='word_1_189' title='bbox 2749 1379 2768 1411; x_wconf 86' lang='grc'><strong>‹</strong></span> <span class='ocrx_word' id='word_1_190' title='bbox 2824 1361 3210 1433; x_wconf 79' lang='grc' dir='ltr'>Ἐξεπορεύετο</span> <span class='ocrx_word' id='word_1_191' title='bbox 3255 1361 3380 1427; x_wconf 75' lang='grc' dir='ltr'>ἔξω,</span> <span class='ocrx_word' id='word_1_192' title='bbox 3410 1365 3497 1415; x_wconf 73' lang='grc' dir='ltr'><strong>καὶ</strong></span> <span class='ocrx_word' id='word_1_193' title='bbox 3522 1362 3670 1417; x_wconf 79' lang='grc' dir='ltr'><strong>ἐλάλει</strong></span> 
     </span>
    </p>
   </div>
   <div class='ocr_carea' id='block_1_24' title="bbox 460 1442 2039 1519">
    <p class='ocr_par' dir='ltr' id='par_1_24' title="bbox 460 1442 2039 1519">
     <span class='ocr_line' id='line_1_25' title="bbox 460 1442 2039 1519; baseline 0.006 -27"><span class='ocrx_word' id='word_1_194' title='bbox 460 1442 876 1508; x_wconf 88' lang='lat' dir='ltr'><strong>portunitatem,</strong></span> <span class='ocrx_word' id='word_1_195' title='bbox 903 1454 959 1499; x_wconf 93' lang='lat' dir='ltr'><strong>ut</strong></span> <span class='ocrx_word' id='word_1_196' title='bbox 990 1445 1238 1512; x_wconf 78' lang='lat' dir='ltr'><strong>traderet,</strong></span> <span class='ocrx_word' id='word_1_197' title='bbox 1264 1447 1416 1503; x_wconf 93' lang='lat' dir='ltr'><strong>illum</strong></span> <span class='ocrx_word' id='word_1_198' title='bbox 1449 1452 1569 1504; x_wconf 87' lang='lat' dir='ltr'><strong>sine</strong></span> <span class='ocrx_word' id='word_1_199' title='bbox 1595 1449 1773 1503; x_wconf 89' lang='lat' dir='ltr'><strong>turbis</strong></span> <span class='ocrx_word' id='word_1_200' title='bbox 1790 1450 1856 1519; x_wconf 52' lang='grc' dir='ltr'><strong>ξ’.</strong></span> <span class='ocrx_word' id='word_1_201' title='bbox 1892 1468 1910 1501; x_wconf 70' lang='grc' dir='ltr'>ι</span> <span class='ocrx_word' id='word_1_202' title='bbox 1936 1447 2039 1501; x_wconf 88' lang='lat' dir='ltr'><strong>Ea-</strong></span> 
     </span>
    </p>
   </div>
   <div class='ocr_carea' id='block_1_25' title="bbox 462 1531 2037 1609">
    <p class='ocr_par' dir='ltr' id='par_1_25' title="bbox 462 1531 2037 1609">
     <span class='ocr_line' id='line_1_26' title="bbox 462 1531 2037 1609; baseline 0.007 -24"><span class='ocrx_word' id='word_1_203' title='bbox 462 1531 585 1585; x_wconf 89' lang='lat' dir='ltr'><strong>dem</strong></span> <span class='ocrx_word' id='word_1_204' title='bbox 618 1532 785 1601; x_wconf 81' lang='lat' dir='ltr'><strong>igitur</strong></span> <span class='ocrx_word' id='word_1_205' title='bbox 815 1534 958 1598; x_wconf 61' lang='lat' dir='ltr'><strong>bac,</strong></span> <span class='ocrx_word' id='word_1_206' title='bbox 993 1537 1309 1591; x_wconf 84' lang='lat' dir='ltr'><strong>vaticinium</strong></span> <span class='ocrx_word' id='word_1_207' title='bbox 1345 1540 1491 1609; x_wconf 87' lang='lat' dir='ltr'><strong>quod</strong></span> <span class='ocrx_word' id='word_1_208' title='bbox 1523 1554 1669 1594; x_wconf 89' lang='lat' dir='ltr'><strong>nunc</strong></span> <span class='ocrx_word' id='word_1_209' title='bbox 1696 1541 1751 1595; x_wconf 90' lang='lat' dir='ltr'><strong>in</strong></span> <span class='ocrx_word' id='word_1_210' title='bbox 1783 1540 2037 1595; x_wconf 88' lang='lat' dir='ltr'><strong>manibus</strong></span> 
     </span>
    </p>
   </div>
   <div class='ocr_carea' id='block_1_26' title="bbox 460 1627 2036 1701">
    <p class='ocr_par' dir='ltr' id='par_1_26' title="bbox 460 1627 2036 1701">
     <span class='ocr_line' id='line_1_27' title="bbox 460 1627 2036 1701; baseline 0.006 -23"><span class='ocrx_word' id='word_1_211' title='bbox 460 1631 565 1686; x_wconf 86' lang='lat' dir='ltr'><strong>est,</strong></span> <span class='ocrx_word' id='word_1_212' title='bbox 590 1638 815 1689; x_wconf 83' lang='lat' dir='ltr'><strong>canens,</strong></span> <span class='ocrx_word' id='word_1_213' title='bbox 835 1627 907 1680; x_wconf 88' lang='lat' dir='ltr'><strong>ita</strong></span> <span class='ocrx_word' id='word_1_214' title='bbox 932 1627 1038 1681; x_wconf 91' lang='lat' dir='ltr'><strong>ait:</strong></span> <span class='ocrx_word' id='word_1_215' title='bbox 1060 1647 1076 1678; x_wconf 76' lang='grc' dir='ltr'>ι</span> <span class='ocrx_word' id='word_1_216' title='bbox 1092 1628 1156 1683; x_wconf 86' lang='lat' dir='ltr'><strong>Et</strong></span> <span class='ocrx_word' id='word_1_217' title='bbox 1172 1629 1575 1701; x_wconf 85' lang='lat' dir='ltr'><strong>ingrediebatur</strong></span> <span class='ocrx_word' id='word_1_218' title='bbox 1590 1641 1649 1687; x_wconf 93' lang='lat' dir='ltr'><strong>ut</strong></span> <span class='ocrx_word' id='word_1_219' title='bbox 1667 1632 2036 1698; x_wconf 86' lang='lat' dir='ltr'><strong>videret,vana</strong></span> 
     </span>
    </p>
   </div>
   <div class='ocr_carea' id='block_1_27' title="bbox 2142 1446 3670 1525">
    <p class='ocr_par' dir='ltr' id='par_1_27' title="bbox 2142 1446 3670 1525">
     <span class='ocr_line' id='line_1_28' title="bbox 2142 1446 3670 1525; baseline 0.005 -26"><span class='ocrx_word' id='word_1_220' title='bbox 2142 1447 2233 1499; x_wconf 64' lang='lat' dir='ltr'><strong>tiri.</strong></span> <span class='ocrx_word' id='word_1_221' title='bbox 2260 1446 2320 1500; x_wconf 77' lang='grc' dir='ltr'>τὸ</span> <span class='ocrx_word' id='word_1_222' title='bbox 2357 1448 2506 1500; x_wconf 79' lang='grc' dir='ltr'>αὑτό.</span> <span class='ocrx_word' id='word_1_223' title='bbox 2542 1449 2676 1501; x_wconf 79' lang='grc' dir='ltr'>Κατ’</span> <span class='ocrx_word' id='word_1_224' title='bbox 2704 1449 2837 1520; x_wconf 87' lang='grc' dir='ltr'>ἐμοῦ</span> <span class='ocrx_word' id='word_1_225' title='bbox 2878 1449 3189 1522; x_wconf 66' lang='grc' dir='ltr'>ἐψιθύριζον</span> <span class='ocrx_word' id='word_1_226' title='bbox 3223 1451 3419 1515; x_wconf 88' lang='grc' dir='ltr'>πάντες</span> <span class='ocrx_word' id='word_1_227' title='bbox 3441 1455 3487 1506; x_wconf 81' lang='lat' dir='ltr'><strong>ot</strong></span> <span class='ocrx_word' id='word_1_228' title='bbox 3517 1452 3670 1525; x_wconf 83' lang='grc' dir='ltr'>ἐχθροί</span> 
     </span>
    </p>
   </div>
   <div class='ocr_carea' id='block_1_28' title="bbox 2142 1539 3672 1617">
    <p class='ocr_par' dir='ltr' id='par_1_28' title="bbox 2142 1539 3672 1617">
     <span class='ocr_line' id='line_1_29' title="bbox 2142 1539 3672 1617; baseline 0.006 -26"><span class='ocrx_word' id='word_1_229' title='bbox 2142 1556 2264 1609; x_wconf 91' lang='grc' dir='ltr'>μου,</span> <span class='ocrx_word' id='word_1_230' title='bbox 2288 1540 2406 1593; x_wconf 78' lang='grc' dir='ltr'>κατ’</span> <span class='ocrx_word' id='word_1_231' title='bbox 2432 1539 2564 1610; x_wconf 84' lang='grc' dir='ltr'>ἐμοῦ</span> <span class='ocrx_word' id='word_1_232' title='bbox 2621 1540 2922 1609; x_wconf 75' lang='grc' dir='ltr'>ἐλογίζοντο</span> <span class='ocrx_word' id='word_1_233' title='bbox 2958 1542 3103 1596; x_wconf 85' lang='grc' dir='ltr'>κακά</span> <span class='ocrx_word' id='word_1_234' title='bbox 3134 1559 3241 1613; x_wconf 89' lang='grc' dir='ltr'>μοι.</span> <span class='ocrx_word' id='word_1_235' title='bbox 3274 1544 3441 1611; x_wconf 80' lang='grc' dir='ltr'>Λόγον</span> <span class='ocrx_word' id='word_1_236' title='bbox 3470 1546 3672 1617; x_wconf 83' lang='grc' dir='ltr'>παράνο-</span> 
     </span>
    </p>
   </div>
   <div class='ocr_carea' id='block_1_29' title="bbox 2142 1630 3671 1705">
    <p class='ocr_par' dir='ltr' id='par_1_29' title="bbox 2142 1630 3671 1705">
     <span class='ocr_line' id='line_1_30' title="bbox 2142 1630 3671 1705; baseline 0.004 -24"><span class='ocrx_word' id='word_1_237' title='bbox 2142 1645 2239 1699; x_wconf 87' lang='grc' dir='ltr'><strong>μον</strong></span> <span class='ocrx_word' id='word_1_238' title='bbox 2279 1630 2566 1684; x_wconf 83' lang='grc' dir='ltr'>κατέθεντο</span> <span class='ocrx_word' id='word_1_239' title='bbox 2604 1632 2723 1684; x_wconf 88' lang='grc' dir='ltr'>κατ’</span> <span class='ocrx_word' id='word_1_240' title='bbox 2752 1631 2911 1702; x_wconf 80' lang='grc' dir='ltr'>ἐμοῦ.</span> <span class='ocrx_word' id='word_1_241' title='bbox 2957 1651 2976 1682; x_wconf 74' lang='grc' dir='ltr'>ι</span> <span class='ocrx_word' id='word_1_242' title='bbox 3021 1633 3202 1685; x_wconf 82' lang='grc' dir='ltr'>Ἐοικε</span> <span class='ocrx_word' id='word_1_243' title='bbox 3229 1632 3284 1685; x_wconf 80' lang='grc' dir='ltr'>δὲ</span> <span class='ocrx_word' id='word_1_244' title='bbox 3316 1632 3415 1704; x_wconf 79' lang='grc' dir='ltr'>τὴν</span> <span class='ocrx_word' id='word_1_245' title='bbox 3436 1634 3671 1705; x_wconf 81' lang='grc' dir='ltr'>συνταγὴν</span> 
     </span>
    </p>
   </div>
   <div class='ocr_carea' id='block_1_30' title="bbox 460 1715 2024 1838">
    <p class='ocr_par' dir='ltr' id='par_1_30' title="bbox 460 1715 2024 1838">
     <span class='ocr_line' id='line_1_31' title="bbox 460 1715 2024 1796; baseline 0.008 -27"><span class='ocrx_word' id='word_1_246' title='bbox 460 1715 789 1787; x_wconf 83' lang='lat' dir='ltr'><strong>loquebatur</strong></span> <span class='ocrx_word' id='word_1_247' title='bbox 820 1734 918 1773; x_wconf 85' lang='lat' dir='ltr'><strong>cor</strong></span> <span class='ocrx_word' id='word_1_248' title='bbox 955 1721 1097 1789; x_wconf 86' lang='lat' dir='ltr'><strong>ejus,</strong></span> <span class='ocrx_word' id='word_1_249' title='bbox 1127 1726 1479 1795; x_wconf 75' lang='lat' dir='ltr'><strong>congregavit</strong></span> <span class='ocrx_word' id='word_1_250' title='bbox 1520 1726 1863 1796; x_wconf 88' lang='lat' dir='ltr'><strong>iniquitatem</strong></span> <span class='ocrx_word' id='word_1_251' title='bbox 1907 1726 2024 1782; x_wconf 67' lang='lat' dir='ltr'><strong>sibi.</strong></span> 
     </span>
     <span class='ocr_line' id='line_1_32' title="bbox 465 1806 2020 1838; baseline 0 0"><span class='ocrx_word' id='word_1_252' title='bbox 465 1806 624 1838; x_wconf 64' lang='grc' dir='ltr'><strong>ιω</strong></span> <span class='ocrx_word' id='word_1_253' title='bbox 641 1809 1186 1838; x_wconf 67' lang='grc' dir='ltr'><strong>Π...υυ12Αι...ι-.-Ρ,...--</strong></span> <span class='ocrx_word' id='word_1_254' title='bbox 1243 1823 1289 1838; x_wconf 60' lang='grc' dir='ltr'><strong>,Α</strong></span> <span class='ocrx_word' id='word_1_255' title='bbox 1311 1818 1631 1838; x_wconf 66' lang='lat' dir='ltr'><strong>|-__--n_-.___</strong></span> <span class='ocrx_word' id='word_1_256' title='bbox 1661 1820 1708 1838; x_wconf 69' lang='grc' dir='ltr'><strong>ε..</strong></span> <span class='ocrx_word' id='word_1_257' title='bbox 1736 1818 1967 1838; x_wconf 55' lang='grc' dir='ltr'><strong>ξαρ----μ</strong></span> <span class='ocrx_word' id='word_1_258' title='bbox 2011 1836 2020 1838; x_wconf 86' lang='grc'><strong>-</strong></span> 
     </span>
    </p>
   </div>
   <div class='ocr_carea' id='block_1_31' title="bbox 2126 1715 3671 1838">
    <p class='ocr_par' dir='ltr' id='par_1_31' title="bbox 2138 1720 3671 1838">
     <span class='ocr_line' id='line_1_33' title="bbox 2138 1720 3671 1797; baseline 0.005 -25"><span class='ocrx_word' id='word_1_259' title='bbox 2138 1720 2234 1790; x_wconf 85' lang='grc' dir='ltr'>τὴν</span> <span class='ocrx_word' id='word_1_260' title='bbox 2292 1721 2420 1792; x_wconf 73' lang='grc' dir='ltr'>περὶ</span> <span class='ocrx_word' id='word_1_261' title='bbox 2469 1721 2577 1776; x_wconf 82' lang='grc' dir='ltr'>τῶν</span> <span class='ocrx_word' id='word_1_262' title='bbox 2627 1723 2902 1794; x_wconf 84' lang='grc' dir='ltr'><strong>ἀργυρίων</strong></span> <span class='ocrx_word' id='word_1_263' title='bbox 2950 1723 3106 1791; x_wconf 87' lang='grc' dir='ltr'>λόγον</span> <span class='ocrx_word' id='word_1_264' title='bbox 3142 1725 3453 1795; x_wconf 84' lang='grc' dir='ltr'>παράνομον</span> <span class='ocrx_word' id='word_1_265' title='bbox 3484 1724 3563 1779; x_wconf 82' lang='grc' dir='ltr'><strong>διά</strong></span> <span class='ocrx_word' id='word_1_266' title='bbox 3589 1728 3671 1797; x_wconf 78' lang='grc' dir='ltr'><strong>τῆς</strong></span> 
     </span>
     <span class='ocr_line' id='line_1_34' title="bbox 2139 1810 3667 1838; baseline 0.005 -3"><span class='ocrx_word' id='word_1_267' title='bbox 2139 1810 2474 1838; x_wconf 70' lang='grc' dir='ltr'><strong>--,....--ι..-</strong></span> <span class='ocrx_word' id='word_1_268' title='bbox 2493 1811 2776 1838; x_wconf 68' lang='grc' dir='ltr'><strong>λ..-..,ιν--..</strong></span> <span class='ocrx_word' id='word_1_269' title='bbox 2796 1829 2809 1838; x_wconf 96' lang='grc'>.</span> <span class='ocrx_word' id='word_1_270' title='bbox 2831 1814 2860 1838; x_wconf 72' lang='grc' dir='ltr'>,ιι</span> <span class='ocrx_word' id='word_1_271' title='bbox 2886 1814 2973 1838; x_wconf 64' lang='grc' dir='ltr'><strong>-..Α</strong></span> <span class='ocrx_word' id='word_1_272' title='bbox 3003 1814 3077 1838; x_wconf 68' lang='grc' dir='ltr'><strong>α-.</strong></span> <span class='ocrx_word' id='word_1_273' title='bbox 3117 1813 3277 1838; x_wconf 61' lang='grc' dir='ltr'><strong>,οη-ει</strong></span> <span class='ocrx_word' id='word_1_274' title='bbox 3304 1816 3393 1838; x_wconf 44' lang='grc' dir='ltr'><strong>--Α</strong></span> <span class='ocrx_word' id='word_1_275' title='bbox 3418 1817 3620 1838; x_wconf 49' lang='grc' dir='ltr'><strong>---μη</strong></span> <span class='ocrx_word' id='word_1_276' title='bbox 3647 1835 3667 1838; x_wconf 88' lang='grc'><strong>-</strong></span> 
     </span>
    </p>
   </div>
   <div class='ocr_carea' id='block_1_32' title="bbox 456 1806 2024 1888">
    <p class='ocr_par' dir='ltr' id='par_1_32' title="bbox 456 1806 2024 1887">
     <span class='ocr_line' id='line_1_35' title="bbox 456 1806 2024 1887; baseline 0.004 -25"><span class='ocrx_word' id='word_1_277' title='bbox 456 1806 624 1881; x_wconf 59' lang='lat'><strong>‘39</strong></span> <span class='ocrx_word' id='word_1_278' title='bbox 641 1809 1210 1882; x_wconf 86' lang='lat' dir='ltr'><strong>Egrediebaturl‘oras,</strong></span> <span class='ocrx_word' id='word_1_279' title='bbox 1238 1823 1291 1870; x_wconf 81' lang='lat' dir='ltr'><strong>et</strong></span> <span class='ocrx_word' id='word_1_280' title='bbox 1311 1818 1633 1887; x_wconf 83' lang='lat' dir='ltr'><strong>loquebatur</strong></span> <span class='ocrx_word' id='word_1_281' title='bbox 1660 1820 1715 1872; x_wconf 91' lang='lat' dir='ltr'><strong>in</strong></span> <span class='ocrx_word' id='word_1_282' title='bbox 1736 1818 2024 1887; x_wconf 60' lang='lat' dir='ltr'><strong>idipsuma</strong></span> 
     </span>
    </p>
   </div>
   <div class='ocr_carea' id='block_1_33' title="bbox 2126 1806 3671 1888">
    <p class='ocr_par' dir='ltr' id='par_1_33' title="bbox 2138 1810 3671 1888">
     <span class='ocr_line' id='line_1_36' title="bbox 2138 1810 3671 1888; baseline 0.005 -26"><span class='ocrx_word' id='word_1_283' title='bbox 2138 1810 2474 1880; x_wconf 78' lang='grc' dir='ltr'>προφητείας</span> <span class='ocrx_word' id='word_1_284' title='bbox 2492 1811 2777 1883; x_wconf 81' lang='grc' dir='ltr'>ὀνομάζειν</span> <span class='ocrx_word' id='word_1_285' title='bbox 2796 1829 2809 1842; x_wconf 79' lang='grc'><strong>’</strong></span> <span class='ocrx_word' id='word_1_286' title='bbox 2831 1814 2863 1884; x_wconf 81' lang='grc' dir='ltr'><strong>ἢ</strong></span> <span class='ocrx_word' id='word_1_287' title='bbox 2886 1814 2979 1866; x_wconf 77' lang='grc' dir='ltr'><strong>καὶ</strong></span> <span class='ocrx_word' id='word_1_288' title='bbox 3000 1814 3082 1865; x_wconf 80' lang='grc' dir='ltr'>ὅτι</span> <span class='ocrx_word' id='word_1_289' title='bbox 3115 1813 3281 1885; x_wconf 77' lang='grc' dir='ltr'>ἀσεϐῆ</span> <span class='ocrx_word' id='word_1_290' title='bbox 3304 1816 3397 1867; x_wconf 77' lang='grc' dir='ltr'><strong>καὶ</strong></span> <span class='ocrx_word' id='word_1_291' title='bbox 3416 1817 3671 1888; x_wconf 81' lang='grc' dir='ltr'>παράνομα</span> 
     </span>
    </p>
   </div>
   <div class='ocr_carea' id='block_1_34' title="bbox 456 1899 2024 1982">
    <p class='ocr_par' dir='ltr' id='par_1_34' title="bbox 456 1899 2024 1982">
     <span class='ocr_line' id='line_1_37' title="bbox 456 1899 2024 1982; baseline 0.004 -26"><span class='ocrx_word' id='word_1_292' title='bbox 456 1899 662 1957; x_wconf 87' lang='lat' dir='ltr'><strong>Contra</strong></span> <span class='ocrx_word' id='word_1_293' title='bbox 694 1920 779 1958; x_wconf 88' lang='lat' dir='ltr'><strong>me</strong></span> <span class='ocrx_word' id='word_1_294' title='bbox 825 1906 1192 1961; x_wconf 83' lang='lat' dir='ltr'><strong>susurrabant</strong></span> <span class='ocrx_word' id='word_1_295' title='bbox 1226 1922 1419 1965; x_wconf 86' lang='lat' dir='ltr'><strong>omnes</strong></span> <span class='ocrx_word' id='word_1_296' title='bbox 1457 1909 1664 1964; x_wconf 90' lang='lat' dir='ltr'><strong>inimici</strong></span> <span class='ocrx_word' id='word_1_297' title='bbox 1714 1910 1840 1964; x_wconf 89' lang='lat' dir='ltr'><strong>mei.</strong></span> <span class='ocrx_word' id='word_1_298' title='bbox 1877 1908 2024 1982; x_wconf 85' lang='lat' dir='ltr'><strong>Sym-</strong></span> 
     </span>
    </p>
   </div>
   <div class='ocr_carea' id='block_1_35' title="bbox 2126 1899 3671 1982">
    <p class='ocr_par' dir='ltr' id='par_1_35' title="bbox 2137 1903 3671 1981">
     <span class='ocr_line' id='line_1_38' title="bbox 2137 1903 3671 1981; baseline 0.006 -25"><span class='ocrx_word' id='word_1_299' title='bbox 2137 1905 2257 1957; x_wconf 84' lang='grc' dir='ltr'>κατ’</span> <span class='ocrx_word' id='word_1_300' title='bbox 2316 1903 2481 1958; x_wconf 78' lang='grc' dir='ltr'>αὐτοῦ</span> <span class='ocrx_word' id='word_1_301' title='bbox 2517 1905 2835 1969; x_wconf 85' lang='grc' dir='ltr'>διενοοῦντο,</span> <span class='ocrx_word' id='word_1_302' title='bbox 2877 1908 2950 1972; x_wconf 80' lang='grc' dir='ltr'>ὡς</span> <span class='ocrx_word' id='word_1_303' title='bbox 2991 1906 3059 1961; x_wconf 85' lang='grc' dir='ltr'>ἃν</span> <span class='ocrx_word' id='word_1_304' title='bbox 3119 1908 3544 1981; x_wconf 83' lang='grc' dir='ltr'>σϐεσθησομένου</span> <span class='ocrx_word' id='word_1_305' title='bbox 3595 1912 3671 1965; x_wconf 76' lang='grc' dir='ltr'>καὶ</span> 
     </span>
    </p>
   </div>
   <div class='ocr_carea' id='block_1_36' title="bbox 457 1992 2024 2073">
    <p class='ocr_par' dir='ltr' id='par_1_36' title="bbox 457 1995 2024 2073">
     <span class='ocr_line' id='line_1_39' title="bbox 457 1995 2024 2073; baseline 0.004 -24"><span class='ocrx_word' id='word_1_306' title='bbox 457 1995 690 2051; x_wconf 86' lang='lat' dir='ltr'><strong>machus</strong></span> <span class='ocrx_word' id='word_1_307' title='bbox 720 2004 898 2052; x_wconf 90' lang='lat' dir='ltr'><strong>autem</strong></span> <span class='ocrx_word' id='word_1_308' title='bbox 935 2016 949 2050; x_wconf 90' lang='lat'><strong>:</strong></span> <span class='ocrx_word' id='word_1_309' title='bbox 986 2018 1004 2049; x_wconf 76' lang='grc' dir='ltr'>ι</span> <span class='ocrx_word' id='word_1_310' title='bbox 1037 1998 1373 2070; x_wconf 82' lang='lat' dir='ltr'><strong>Ingrediens,</strong></span> <span class='ocrx_word' id='word_1_311' title='bbox 1403 2000 1606 2071; x_wconf 89' lang='lat' dir='ltr'><strong>inquit,</strong></span> <span class='ocrx_word' id='word_1_312' title='bbox 1629 2008 1688 2055; x_wconf 91' lang='lat' dir='ltr'><strong>ut</strong></span> <span class='ocrx_word' id='word_1_313' title='bbox 1713 2002 2024 2073; x_wconf 81' lang='lat' dir='ltr'><strong>inspiceret,</strong></span> 
     </span>
    </p>
   </div>
   <div class='ocr_carea' id='block_1_37' title="bbox 2126 1992 3669 2073">
    <p class='ocr_par' dir='ltr' id='par_1_37' title="bbox 2134 1992 3669 2073">
     <span class='ocr_line' id='line_1_40' title="bbox 2134 1992 3669 2073; baseline 0.006 -27"><span class='ocrx_word' id='word_1_314' title='bbox 2134 1992 2636 2066; x_wconf 78' lang='grc' dir='ltr'>διαφθαρησομένου</span> <span class='ocrx_word' id='word_1_315' title='bbox 2669 1998 2806 2067; x_wconf 83' lang='grc' dir='ltr'>μετὰ</span> <span class='ocrx_word' id='word_1_316' title='bbox 2838 2000 2930 2052; x_wconf 83' lang='grc' dir='ltr'>τὸν</span> <span class='ocrx_word' id='word_1_317' title='bbox 2965 1999 3213 2065; x_wconf 85' lang='grc' dir='ltr'>θάνατον,</span> <span class='ocrx_word' id='word_1_318' title='bbox 3235 2003 3331 2054; x_wconf 72' lang='grc' dir='ltr'><strong>καὶ</strong></span> <span class='ocrx_word' id='word_1_319' title='bbox 3361 2003 3546 2073; x_wconf 80' lang='grc' dir='ltr'>μηκέτι</span> <span class='ocrx_word' id='word_1_320' title='bbox 3581 2003 3669 2068; x_wconf 81' lang='grc' dir='ltr'><strong>ζὼ-</strong></span> 
     </span>
    </p>
   </div>
   <div class='ocr_carea' id='block_1_38' title="bbox 456 2086 2024 2167">
    <p class='ocr_par' dir='ltr' id='par_1_38' title="bbox 456 2087 2024 2163">
     <span class='ocr_line' id='line_1_41' title="bbox 456 2087 2024 2163; baseline 0.004 -24"><span class='ocrx_word' id='word_1_321' title='bbox 456 2101 598 2142; x_wconf 82' lang='lat' dir='ltr'><strong>vana</strong></span> <span class='ocrx_word' id='word_1_322' title='bbox 629 2087 960 2158; x_wconf 84' lang='lat' dir='ltr'><strong>loquebatur</strong></span> <span class='ocrx_word' id='word_1_323' title='bbox 987 2105 1084 2143; x_wconf 90' lang='lat' dir='ltr'><strong>cor</strong></span> <span class='ocrx_word' id='word_1_324' title='bbox 1112 2091 1254 2159; x_wconf 84' lang='lat' dir='ltr'><strong>ejus,</strong></span> <span class='ocrx_word' id='word_1_325' title='bbox 1294 2092 1661 2163; x_wconf 77' lang='lat' dir='ltr'><strong>congregabat</strong></span> <span class='ocrx_word' id='word_1_326' title='bbox 1703 2092 2024 2162; x_wconf 88' lang='lat' dir='ltr'><strong>injustitiam</strong></span> 
     </span>
    </p>
   </div>
   <div class='ocr_carea' id='block_1_39' title="bbox 2126 2086 3670 2167">
    <p class='ocr_par' dir='ltr' id='par_1_39' title="bbox 2137 2086 3670 2167">
     <span class='ocr_line' id='line_1_42' title="bbox 2137 2086 3670 2167; baseline 0.007 -28"><span class='ocrx_word' id='word_1_327' title='bbox 2137 2102 2223 2141; x_wconf 93' lang='grc' dir='ltr'><strong>σιν</strong></span> <span class='ocrx_word' id='word_1_328' title='bbox 2267 2086 2782 2160; x_wconf 83' lang='grc' dir='ltr'>ἐξετασθησομένου.</span> <span class='ocrx_word' id='word_1_329' title='bbox 2825 2090 3078 2145; x_wconf 88' lang='grc' dir='ltr'>Τοιοῦτον</span> <span class='ocrx_word' id='word_1_330' title='bbox 3133 2094 3241 2165; x_wconf 89' lang='grc' dir='ltr'><strong>γάρ</strong></span> <span class='ocrx_word' id='word_1_331' title='bbox 3279 2095 3400 2148; x_wconf 84' lang='grc' dir='ltr'>ἐστι</span> <span class='ocrx_word' id='word_1_332' title='bbox 3437 2094 3511 2159; x_wconf 78' lang='grc' dir='ltr'><strong>τὸ,</strong></span> <span class='ocrx_word' id='word_1_333' title='bbox 3539 2114 3556 2147; x_wconf 78' lang='grc' dir='ltr'><strong>ι</strong></span> <span class='ocrx_word' id='word_1_334' title='bbox 3596 2096 3670 2167; x_wconf 80' lang='grc' dir='ltr'><strong>Μὴ</strong></span> 
     </span>
    </p>
   </div>
   <div class='ocr_carea' id='block_1_40' title="bbox 456 2178 2024 2259">
    <p class='ocr_par' dir='ltr' id='par_1_40' title="bbox 456 2181 2024 2257">
     <span class='ocr_line' id='line_1_43' title="bbox 456 2181 2024 2257; baseline 0.004 -22"><span class='ocrx_word' id='word_1_335' title='bbox 456 2181 584 2236; x_wconf 83' lang='lat' dir='ltr'><strong>sibi.</strong></span> <span class='ocrx_word' id='word_1_336' title='bbox 641 2181 941 2252; x_wconf 82' lang='lat' dir='ltr'><strong>Egrediens</strong></span> <span class='ocrx_word' id='word_1_337' title='bbox 994 2192 1177 2239; x_wconf 88' lang='lat' dir='ltr'><strong>autem</strong></span> <span class='ocrx_word' id='word_1_338' title='bbox 1236 2184 1385 2242; x_wconf 83' lang='lat' dir='ltr'><strong>foras</strong></span> <span class='ocrx_word' id='word_1_339' title='bbox 1432 2187 1850 2257; x_wconf 87' lang='lat' dir='ltr'><strong>obloquebatur.</strong></span> <span class='ocrx_word' id='word_1_340' title='bbox 1911 2186 2024 2242; x_wconf 80' lang='lat' dir='ltr'><strong>Uno</strong></span> 
     </span>
    </p>
   </div>
   <div class='ocr_carea' id='block_1_41' title="bbox 2126 2178 3673 2259">
    <p class='ocr_par' dir='ltr' id='par_1_41' title="bbox 2134 2178 3673 2259">
     <span class='ocr_line' id='line_1_44' title="bbox 2134 2178 3673 2259; baseline 0.006 -28"><span class='ocrx_word' id='word_1_341' title='bbox 2134 2180 2163 2232; x_wconf 93' lang='lat'><strong>6</strong></span> <span class='ocrx_word' id='word_1_342' title='bbox 2192 2178 2528 2250; x_wconf 83' lang='grc' dir='ltr'>κοιμώμενος</span> <span class='ocrx_word' id='word_1_343' title='bbox 2555 2180 2675 2251; x_wconf 80' lang='grc' dir='ltr'>οὐχὶ</span> <span class='ocrx_word' id='word_1_344' title='bbox 2708 2181 3003 2253; x_wconf 81' lang='grc' dir='ltr'>προσθήσει</span> <span class='ocrx_word' id='word_1_345' title='bbox 3029 2184 3123 2237; x_wconf 89' lang='grc' dir='ltr'><strong>τοῦ</strong></span> <span class='ocrx_word' id='word_1_346' title='bbox 3146 2186 3438 2256; x_wconf 80' lang='grc' dir='ltr'>ἀναστῆναι</span> <span class='ocrx_word' id='word_1_347' title='bbox 3462 2204 3476 2252; x_wconf 87' lang='grc'>;</span> <span class='ocrx_word' id='word_1_348' title='bbox 3509 2206 3525 2237; x_wconf 72' lang='grc' dir='ltr'>ι</span> <span class='ocrx_word' id='word_1_349' title='bbox 3558 2189 3673 2259; x_wconf 81' lang='grc' dir='ltr'>ὅπερ</span> 
     </span>
    </p>
   </div>
   <div class='ocr_carea' id='block_1_42' title="bbox 456 2270 2024 2350">
    <p class='ocr_par' dir='ltr' id='par_1_42' title="bbox 456 2272 2024 2350">
     <span class='ocr_line' id='line_1_45' title="bbox 456 2272 2024 2350; baseline 0.006 -24"><span class='ocrx_word' id='word_1_350' title='bbox 456 2272 640 2327; x_wconf 87' lang='lat' dir='ltr'><strong>animo</strong></span> <span class='ocrx_word' id='word_1_351' title='bbox 682 2276 1050 2331; x_wconf 87' lang='lat' dir='ltr'><strong>susurrabant</strong></span> <span class='ocrx_word' id='word_1_352' title='bbox 1104 2285 1297 2332; x_wconf 90' lang='lat' dir='ltr'><strong>contra</strong></span> <span class='ocrx_word' id='word_1_353' title='bbox 1346 2293 1432 2334; x_wconf 90' lang='lat' dir='ltr'><strong>me</strong></span> <span class='ocrx_word' id='word_1_354' title='bbox 1460 2293 1655 2335; x_wconf 90' lang='lat' dir='ltr'><strong>omnes</strong></span> <span class='ocrx_word' id='word_1_355' title='bbox 1677 2280 1771 2350; x_wconf 89' lang='lat' dir='ltr'><strong>qui</strong></span> <span class='ocrx_word' id='word_1_356' title='bbox 1799 2280 2024 2336; x_wconf 89' lang='lat' dir='ltr'><strong>oderunt</strong></span> 
     </span>
    </p>
   </div>
   <div class='ocr_carea' id='block_1_43' title="bbox 2126 2270 3672 2350">
    <p class='ocr_par' dir='ltr' id='par_1_43' title="bbox 2132 2270 3672 2346">
     <span class='ocr_line' id='line_1_46' title="bbox 2132 2270 3672 2346; baseline 0.005 -21"><span class='ocrx_word' id='word_1_357' title='bbox 2132 2270 2451 2343; x_wconf 72' lang='grc' dir='ltr'>λευκότερον</span> <span class='ocrx_word' id='word_1_358' title='bbox 2493 2274 2522 2326; x_wconf 89' lang='grc' dir='ltr'><strong>ό</strong></span> <span class='ocrx_word' id='word_1_359' title='bbox 2564 2272 2857 2345; x_wconf 81' lang='grc' dir='ltr'>Σύμμαχος</span> <span class='ocrx_word' id='word_1_360' title='bbox 2886 2273 3144 2346; x_wconf 77' lang='grc' dir='ltr'>ἐξέφηνεν</span> <span class='ocrx_word' id='word_1_361' title='bbox 3173 2276 3344 2330; x_wconf 78' lang='grc' dir='ltr'>εἰπών</span> <span class='ocrx_word' id='word_1_362' title='bbox 3367 2295 3379 2309; x_wconf 90' lang='grc'>·</span> <span class='ocrx_word' id='word_1_363' title='bbox 3422 2297 3440 2329; x_wconf 76' lang='grc' dir='ltr'><strong>ι</strong></span> <span class='ocrx_word' id='word_1_364' title='bbox 3477 2281 3573 2332; x_wconf 69' lang='grc' dir='ltr'><strong>Καὶ</strong></span> <span class='ocrx_word' id='word_1_365' title='bbox 3601 2295 3672 2331; x_wconf 82' lang='grc' dir='ltr'>πε-</span> 
     </span>
    </p>
   </div>
   <div class='ocr_carea' id='block_1_44' title="bbox 452 2361 2024 2474">
    <p class='ocr_par' dir='ltr' id='par_1_44' title="bbox 452 2363 2024 2445">
     <span class='ocr_line' id='line_1_47' title="bbox 452 2363 2024 2445; baseline 0.007 -27"><span class='ocrx_word' id='word_1_366' title='bbox 452 2380 559 2420; x_wconf 86' lang='lat' dir='ltr'><strong>me.</strong></span> <span class='ocrx_word' id='word_1_367' title='bbox 600 2385 620 2417; x_wconf 73' lang='grc' dir='ltr'><strong><em>ο</em></strong></span> <span class='ocrx_word' id='word_1_368' title='bbox 674 2363 836 2423; x_wconf 90' lang='lat' dir='ltr'><strong>Solus</strong></span> <span class='ocrx_word' id='word_1_369' title='bbox 866 2369 1032 2439; x_wconf 86' lang='lat' dir='ltr'><strong>igitur</strong></span> <span class='ocrx_word' id='word_1_370' title='bbox 1065 2377 1327 2440; x_wconf 88' lang='lat' dir='ltr'><strong>tauquam</strong></span> <span class='ocrx_word' id='word_1_371' title='bbox 1370 2371 1656 2429; x_wconf 80' lang='lat' dir='ltr'><strong>familiaris</strong></span> <span class='ocrx_word' id='word_1_372' title='bbox 1685 2382 1741 2428; x_wconf 92' lang='lat' dir='ltr'><strong>et</strong></span> <span class='ocrx_word' id='word_1_373' title='bbox 1789 2373 2024 2445; x_wconf 88' lang='lat' dir='ltr'><strong>discipu-</strong></span> 
     </span>
    </p>
   </div>
   <div class='ocr_carea' id='block_1_45' title="bbox 2126 2361 3669 2474">
    <p class='ocr_par' dir='ltr' id='par_1_45' title="bbox 2136 2361 3669 2441">
     <span class='ocr_line' id='line_1_48' title="bbox 2136 2361 3669 2441; baseline 0.004 -26"><span class='ocrx_word' id='word_1_374' title='bbox 2136 2361 2243 2416; x_wconf 89' lang='grc' dir='ltr'><strong>σὼν</strong></span> <span class='ocrx_word' id='word_1_375' title='bbox 2265 2364 2440 2417; x_wconf 76' lang='grc' dir='ltr'>οὐκέτ’</span> <span class='ocrx_word' id='word_1_376' title='bbox 2472 2366 2900 2437; x_wconf 74' lang='grc' dir='ltr'>άναστήσεται;ο</span> <span class='ocrx_word' id='word_1_377' title='bbox 2932 2369 2960 2420; x_wconf 88' lang='lat'><strong>6</strong></span> <span class='ocrx_word' id='word_1_378' title='bbox 2986 2368 3043 2420; x_wconf 80' lang='grc' dir='ltr'>δὲ</span> <span class='ocrx_word' id='word_1_379' title='bbox 3081 2369 3308 2434; x_wconf 81' lang='grc' dir='ltr'>’Δκύλας</span> <span class='ocrx_word' id='word_1_380' title='bbox 3343 2372 3517 2441; x_wconf 77' lang='grc' dir='ltr'>φησὶν,</span> <span class='ocrx_word' id='word_1_381' title='bbox 3554 2371 3669 2423; x_wconf 67' lang='grc' dir='ltr'><strong>ιΚαὶ</strong></span> 
     </span>
    </p>
   </div>
   <div class='ocr_carea' id='block_1_46' title="bbox 453 2454 2024 2535">
    <p class='ocr_par' dir='ltr' id='par_1_46' title="bbox 453 2455 2024 2535">
     <span class='ocr_line' id='line_1_49' title="bbox 453 2455 2024 2535; baseline 0.01 -27"><span class='ocrx_word' id='word_1_382' title='bbox 453 2455 540 2510; x_wconf 84' lang='lat' dir='ltr'><strong>ius</strong></span> <span class='ocrx_word' id='word_1_383' title='bbox 569 2456 874 2529; x_wconf 89' lang='lat' dir='ltr'><strong>ingressus,</strong></span> <span class='ocrx_word' id='word_1_384' title='bbox 907 2460 1391 2531; x_wconf 88' lang='lat' dir='ltr'><strong>circumspiciebat</strong></span> <span class='ocrx_word' id='word_1_385' title='bbox 1417 2469 1471 2517; x_wconf 92' lang='lat' dir='ltr'><strong>et</strong></span> <span class='ocrx_word' id='word_1_386' title='bbox 1509 2463 1829 2535; x_wconf 81' lang='lat' dir='ltr'><strong>explorabat</strong></span> <span class='ocrx_word' id='word_1_387' title='bbox 1858 2466 2024 2533; x_wconf 89' lang='lat' dir='ltr'><strong>intus,</strong></span> 
     </span>
    </p>
   </div>
   <div class='ocr_carea' id='block_1_47' title="bbox 2126 2454 3672 2535">
    <p class='ocr_par' dir='ltr' id='par_1_47' title="bbox 2131 2454 3672 2532">
     <span class='ocr_line' id='line_1_50' title="bbox 2131 2454 3672 2532; baseline 0.004 -25"><span class='ocrx_word' id='word_1_388' title='bbox 2131 2454 2192 2517; x_wconf 83' lang='grc' dir='ltr'>ὃς</span> <span class='ocrx_word' id='word_1_389' title='bbox 2217 2454 2284 2508; x_wconf 84' lang='grc' dir='ltr'>ἂν</span> <span class='ocrx_word' id='word_1_390' title='bbox 2309 2455 2569 2529; x_wconf 75' lang='grc' dir='ltr'>κοιμηθῇ,</span> <span class='ocrx_word' id='word_1_391' title='bbox 2601 2458 2662 2511; x_wconf 78' lang='grc' dir='ltr'><strong>οὐ</strong></span> <span class='ocrx_word' id='word_1_392' title='bbox 2704 2458 3002 2530; x_wconf 81' lang='grc' dir='ltr'>προσθήσει</span> <span class='ocrx_word' id='word_1_393' title='bbox 3037 2460 3130 2514; x_wconf 85' lang='grc' dir='ltr'><strong>τοῦ</strong></span> <span class='ocrx_word' id='word_1_394' title='bbox 3179 2460 3505 2532; x_wconf 75' lang='grc' dir='ltr'>άναστῆναι;</span> <span class='ocrx_word' id='word_1_395' title='bbox 3542 2480 3558 2513; x_wconf 70' lang='grc' dir='ltr'>δ</span> <span class='ocrx_word' id='word_1_396' title='bbox 3580 2463 3672 2516; x_wconf 76' lang='grc' dir='ltr'>Καὶ</span> 
     </span>
    </p>
   </div>
   <div class='ocr_carea' id='block_1_48' title="bbox 453 2545 2024 2625">
    <p class='ocr_par' dir='ltr' id='par_1_48' title="bbox 453 2546 2024 2625">
     <span class='ocr_line' id='line_1_51' title="bbox 453 2546 2024 2625; baseline 0.006 -24"><span class='ocrx_word' id='word_1_397' title='bbox 453 2546 686 2603; x_wconf 85' lang='lat' dir='ltr'><strong>insidias</strong></span> <span class='ocrx_word' id='word_1_398' title='bbox 740 2549 795 2603; x_wconf 92' lang='lat' dir='ltr'><strong>in</strong></span> <span class='ocrx_word' id='word_1_399' title='bbox 840 2553 1006 2606; x_wconf 84' lang='lat' dir='ltr'><strong>corde</strong></span> <span class='ocrx_word' id='word_1_400' title='bbox 1053 2569 1154 2607; x_wconf 90' lang='lat' dir='ltr'><strong>suo</strong></span> <span class='ocrx_word' id='word_1_401' title='bbox 1190 2554 1494 2609; x_wconf 67' lang='lat' dir='ltr'><strong>occultans.</strong></span> <span class='ocrx_word' id='word_1_402' title='bbox 1522 2553 1794 2625; x_wconf 85' lang='lat' dir='ltr'><strong>Egressus</strong></span> <span class='ocrx_word' id='word_1_403' title='bbox 1824 2564 2024 2625; x_wconf 89' lang='lat' dir='ltr'><strong>autem,</strong></span> 
     </span>
    </p>
   </div>
   <div class='ocr_carea' id='block_1_49' title="bbox 2126 2545 3673 2625">
    <p class='ocr_par' dir='ltr' id='par_1_49' title="bbox 2132 2545 3673 2624">
     <span class='ocr_line' id='line_1_52' title="bbox 2132 2545 3673 2624; baseline 0.002 -25"><span class='ocrx_word' id='word_1_404' title='bbox 2132 2545 2304 2600; x_wconf 84' lang='grc' dir='ltr'>ταῦτα</span> <span class='ocrx_word' id='word_1_405' title='bbox 2336 2546 2415 2600; x_wconf 78' lang='grc' dir='ltr'>ἔτι</span> <span class='ocrx_word' id='word_1_406' title='bbox 2449 2548 2645 2612; x_wconf 85' lang='grc' dir='ltr'>κοινῶς</span> <span class='ocrx_word' id='word_1_407' title='bbox 2672 2549 2799 2620; x_wconf 83' lang='grc' dir='ltr'>περὶ</span> <span class='ocrx_word' id='word_1_408' title='bbox 2829 2549 3044 2604; x_wconf 85' lang='grc' dir='ltr'>πάντων</span> <span class='ocrx_word' id='word_1_409' title='bbox 3076 2551 3291 2624; x_wconf 83' lang='grc' dir='ltr'>εἴρηται</span> <span class='ocrx_word' id='word_1_410' title='bbox 3318 2554 3428 2605; x_wconf 82' lang='grc' dir='ltr'>τῶν</span> <span class='ocrx_word' id='word_1_411' title='bbox 3448 2554 3571 2606; x_wconf 83' lang='grc' dir='ltr'>κατὰ</span> <span class='ocrx_word' id='word_1_412' title='bbox 3596 2551 3673 2603; x_wconf 75' lang='grc' dir='ltr'>τὸν</span> 
     </span>
    </p>
   </div>
   <div class='ocr_carea' id='block_1_50' title="bbox 450 2637 2024 2715">
    <p class='ocr_par' dir='ltr' id='par_1_50' title="bbox 450 2637 2024 2715">
     <span class='ocr_line' id='line_1_53' title="bbox 450 2637 2024 2715; baseline 0.006 -25"><span class='ocrx_word' id='word_1_413' title='bbox 450 2652 576 2691; x_wconf 89' lang='lat' dir='ltr'><strong>cum</strong></span> <span class='ocrx_word' id='word_1_414' title='bbox 608 2637 860 2708; x_wconf 82' lang='lat' dir='ltr'><strong>pluribus</strong></span> <span class='ocrx_word' id='word_1_415' title='bbox 891 2655 998 2694; x_wconf 89' lang='lat' dir='ltr'><strong>uno</strong></span> <span class='ocrx_word' id='word_1_416' title='bbox 1023 2642 1209 2695; x_wconf 88' lang='lat' dir='ltr'><strong>animo</strong></span> <span class='ocrx_word' id='word_1_417' title='bbox 1237 2653 1290 2697; x_wconf 88' lang='lat' dir='ltr'><strong>et</strong></span> <span class='ocrx_word' id='word_1_418' title='bbox 1311 2642 1367 2695; x_wconf 91' lang='lat' dir='ltr'><strong>in</strong></span> <span class='ocrx_word' id='word_1_419' title='bbox 1401 2642 1546 2698; x_wconf 88' lang='lat' dir='ltr'><strong>idem</strong></span> <span class='ocrx_word' id='word_1_420' title='bbox 1567 2644 2024 2715; x_wconf 88' lang='lat' dir='ltr'><strong>obloquebantur,</strong></span> 
     </span>
    </p>
   </div>
   <div class='ocr_carea' id='block_1_51' title="bbox 2126 2637 3668 2715">
    <p class='ocr_par' dir='ltr' id='par_1_51' title="bbox 2130 2638 3668 2715">
     <span class='ocr_line' id='line_1_54' title="bbox 2130 2638 3668 2715; baseline 0.005 -23"><span class='ocrx_word' id='word_1_421' title='bbox 2130 2638 2320 2709; x_wconf 83' lang='grc' dir='ltr'>καιρὸν</span> <span class='ocrx_word' id='word_1_422' title='bbox 2382 2638 2477 2693; x_wconf 88' lang='grc' dir='ltr'><strong>τοῦ</strong></span> <span class='ocrx_word' id='word_1_423' title='bbox 2526 2640 2730 2704; x_wconf 86' lang='grc' dir='ltr'>πάθους</span> <span class='ocrx_word' id='word_1_424' title='bbox 2769 2642 3297 2697; x_wconf 84' lang='grc' dir='ltr'>ἐπιϐεϐουλευκότων</span> <span class='ocrx_word' id='word_1_425' title='bbox 3342 2644 3514 2715; x_wconf 83' lang='grc' dir='ltr'>αύτῷ·</span> <span class='ocrx_word' id='word_1_426' title='bbox 3548 2644 3668 2708; x_wconf 78' lang='grc' dir='ltr'>ίδίως</span> 
     </span>
    </p>
   </div>
   <div class='ocr_carea' id='block_1_52' title="bbox 449 2726 2024 2807">
    <p class='ocr_par' dir='ltr' id='par_1_52' title="bbox 449 2726 2024 2807">
     <span class='ocr_line' id='line_1_55' title="bbox 449 2726 2024 2807; baseline 0.007 -26"><span class='ocrx_word' id='word_1_427' title='bbox 449 2728 579 2782; x_wconf 91' lang='lat' dir='ltr'><strong>dum</strong></span> <span class='ocrx_word' id='word_1_428' title='bbox 607 2726 947 2785; x_wconf 81' lang='lat' dir='ltr'><strong>Salvatorem</strong></span> <span class='ocrx_word' id='word_1_429' title='bbox 996 2733 1234 2789; x_wconf 88' lang='lat' dir='ltr'><strong>inimicis</strong></span> <span class='ocrx_word' id='word_1_430' title='bbox 1269 2733 1543 2798; x_wconf 87' lang='lat' dir='ltr'><strong>tradebat,</strong></span> <span class='ocrx_word' id='word_1_431' title='bbox 1575 2743 1631 2790; x_wconf 90' lang='lat' dir='ltr'><strong>et</strong></span> <span class='ocrx_word' id='word_1_432' title='bbox 1669 2735 1903 2791; x_wconf 89' lang='lat' dir='ltr'><strong>latenter</strong></span> <span class='ocrx_word' id='word_1_433' title='bbox 1931 2753 2024 2807; x_wconf 90' lang='lat' dir='ltr'><strong>pa-</strong></span> 
     </span>
    </p>
   </div>
   <div class='ocr_carea' id='block_1_53' title="bbox 2126 2726 3665 2807">
    <p class='ocr_par' dir='ltr' id='par_1_53' title="bbox 2128 2728 3665 2807">
     <span class='ocr_line' id='line_1_56' title="bbox 2128 2728 3665 2807; baseline 0.003 -25"><span class='ocrx_word' id='word_1_434' title='bbox 2128 2728 2187 2782; x_wconf 77' lang='grc' dir='ltr'>δὲ</span> <span class='ocrx_word' id='word_1_435' title='bbox 2243 2728 2405 2782; x_wconf 89' lang='grc' dir='ltr'>πάλιν</span> <span class='ocrx_word' id='word_1_436' title='bbox 2444 2731 2573 2803; x_wconf 78' lang='grc' dir='ltr'>περὶ</span> <span class='ocrx_word' id='word_1_437' title='bbox 2603 2731 2698 2785; x_wconf 78' lang='grc' dir='ltr'><strong>τοῦ</strong></span> <span class='ocrx_word' id='word_1_438' title='bbox 2747 2732 3025 2803; x_wconf 87' lang='grc' dir='ltr'>προδότου,</span> <span class='ocrx_word' id='word_1_439' title='bbox 3050 2734 3126 2798; x_wconf 84' lang='grc' dir='ltr'>ὡς</span> <span class='ocrx_word' id='word_1_440' title='bbox 3167 2735 3234 2789; x_wconf 85' lang='grc' dir='ltr'><strong>ἂν</strong></span> <span class='ocrx_word' id='word_1_441' title='bbox 3267 2736 3396 2807; x_wconf 77' lang='grc' dir='ltr'>περὶ</span> <span class='ocrx_word' id='word_1_442' title='bbox 3428 2734 3665 2807; x_wconf 75' lang='grc' dir='ltr'>μαθητευ-</span> 
     </span>
    </p>
   </div>
   <div class='ocr_carea' id='block_1_54' title="bbox 448 2821 2027 2895">
    <p class='ocr_par' dir='ltr' id='par_1_54' title="bbox 448 2821 2027 2895">
     <span class='ocr_line' id='line_1_57' title="bbox 448 2821 2027 2895; baseline 0.006 -21"><span class='ocrx_word' id='word_1_443' title='bbox 448 2821 763 2878; x_wconf 82' lang='lat' dir='ltr'><strong>ciscebatur</strong></span> <span class='ocrx_word' id='word_1_444' title='bbox 790 2839 913 2876; x_wconf 85' lang='lat' dir='ltr'><strong>cum</strong></span> <span class='ocrx_word' id='word_1_445' title='bbox 949 2825 1288 2895; x_wconf 76' lang='lat' dir='ltr'><strong>principibus</strong></span> <span class='ocrx_word' id='word_1_446' title='bbox 1308 2824 1623 2881; x_wconf 63' lang='lat' dir='ltr'><strong>Iudaeorum</strong></span> <span class='ocrx_word' id='word_1_447' title='bbox 1654 2840 1779 2881; x_wconf 88' lang='lat' dir='ltr'><strong>cum</strong></span> <span class='ocrx_word' id='word_1_448' title='bbox 1811 2829 1880 2883; x_wconf 92' lang='lat' dir='ltr'><strong>de</strong></span> <span class='ocrx_word' id='word_1_449' title='bbox 1905 2829 2027 2885; x_wconf 89' lang='lat' dir='ltr'><strong>aliis</strong></span> 
     </span>
    </p>
   </div>
   <div class='ocr_carea' id='block_1_55' title="bbox 448 2909 2024 3029">
    <p class='ocr_par' dir='ltr' id='par_1_55' title="bbox 448 2911 2024 3029">
     <span class='ocr_line' id='line_1_58' title="bbox 448 2911 2024 2989; baseline 0.006 -24"><span class='ocrx_word' id='word_1_450' title='bbox 448 2911 638 2977; x_wconf 87' lang='lat' dir='ltr'><strong>rebus,</strong></span> <span class='ocrx_word' id='word_1_451' title='bbox 663 2920 778 2967; x_wconf 91' lang='lat' dir='ltr'><strong>tum</strong></span> <span class='ocrx_word' id='word_1_452' title='bbox 812 2930 942 2969; x_wconf 88' lang='lat' dir='ltr'><strong>vero</strong></span> <span class='ocrx_word' id='word_1_453' title='bbox 979 2915 1141 2970; x_wconf 87' lang='lat' dir='ltr'><strong>etiam</strong></span> <span class='ocrx_word' id='word_1_454' title='bbox 1185 2916 1252 2971; x_wconf 89' lang='lat' dir='ltr'><strong>de</strong></span> <span class='ocrx_word' id='word_1_455' title='bbox 1295 2917 1527 2987; x_wconf 89' lang='lat' dir='ltr'><strong>pecunia</strong></span> <span class='ocrx_word' id='word_1_456' title='bbox 1556 2933 1664 2989; x_wconf 89' lang='lat' dir='ltr'><strong>qua</strong></span> <span class='ocrx_word' id='word_1_457' title='bbox 1696 2934 1754 2974; x_wconf 88' lang='lat' dir='ltr'><strong>se</strong></span> <span class='ocrx_word' id='word_1_458' title='bbox 1789 2918 2024 2975; x_wconf 84' lang='lat' dir='ltr'><strong>traditu-</strong></span> 
     </span>
     <span class='ocr_line' id='line_1_59' title="bbox 448 3005 2017 3029; baseline 0 0"><span class='ocrx_word' id='word_1_459' title='bbox 448 3018 569 3029; x_wconf 64' lang='grc' dir='ltr'><strong>...ι-ι..</strong></span> <span class='ocrx_word' id='word_1_460' title='bbox 607 3005 754 3029; x_wconf 47' lang='grc' dir='ltr'><strong>ειη...</strong></span> <span class='ocrx_word' id='word_1_461' title='bbox 804 3008 1146 3029; x_wconf 64' lang='lat' dir='ltr'><strong>_....___!an_l..-.</strong></span> <span class='ocrx_word' id='word_1_462' title='bbox 1211 3016 1257 3029; x_wconf 62' lang='grc' dir='ltr'><strong>Α..</strong></span> <span class='ocrx_word' id='word_1_463' title='bbox 1315 3010 1370 3029; x_wconf 66' lang='grc'><strong>,1-</strong></span> <span class='ocrx_word' id='word_1_464' title='bbox 1418 3024 1509 3029; x_wconf 23' lang='grc' dir='ltr'><strong>μυ--</strong></span> <span class='ocrx_word' id='word_1_465' title='bbox 1571 3025 1670 3029; x_wconf 34' lang='lat' dir='ltr'><strong>MA-</strong></span> <span class='ocrx_word' id='word_1_466' title='bbox 1715 3026 1826 3029; x_wconf 23' lang='lat' dir='ltr'><strong>hum-</strong></span> <span class='ocrx_word' id='word_1_467' title='bbox 1889 3010 2017 3029; x_wconf 35' lang='lat'><strong>9__!~</strong></span> 
     </span>
    </p>
   </div>
   <div class='ocr_carea' id='block_1_56' title="bbox 2126 2909 3667 3029">
    <p class='ocr_par' dir='ltr' id='par_1_56' title="bbox 2127 2909 3667 3029">
     <span class='ocr_line' id='line_1_60' title="bbox 2127 2909 3667 2989; baseline 0.003 -25"><span class='ocrx_word' id='word_1_468' title='bbox 2127 2909 2343 2981; x_wconf 80' lang='grc' dir='ltr'>θρωπος</span> <span class='ocrx_word' id='word_1_469' title='bbox 2398 2914 2499 2985; x_wconf 80' lang='grc' dir='ltr'><strong>τῆς</strong></span> <span class='ocrx_word' id='word_1_470' title='bbox 2556 2916 2778 2987; x_wconf 80' lang='grc' dir='ltr'>εἰρήνης</span> <span class='ocrx_word' id='word_1_471' title='bbox 2817 2934 2939 2987; x_wconf 80' lang='grc' dir='ltr'>μου,</span> <span class='ocrx_word' id='word_1_472' title='bbox 2975 2917 3061 2985; x_wconf 83' lang='grc' dir='ltr'>ἐφ’</span> <span class='ocrx_word' id='word_1_473' title='bbox 3088 2917 3147 2970; x_wconf 80' lang='grc' dir='ltr'><strong>ὃν</strong></span> <span class='ocrx_word' id='word_1_474' title='bbox 3179 2918 3405 2989; x_wconf 80' lang='grc' dir='ltr'>ήλπισα,</span> <span class='ocrx_word' id='word_1_475' title='bbox 3449 2922 3475 2971; x_wconf 97' lang='lat'><strong>6</strong></span> <span class='ocrx_word' id='word_1_476' title='bbox 3504 2918 3667 2972; x_wconf 80' lang='grc' dir='ltr'>ἐσθίων</span> 
     </span>
     <span class='ocr_line' id='line_1_61' title="bbox 2129 3002 3664 3029; baseline 0.003 -5"><span class='ocrx_word' id='word_1_477' title='bbox 2129 3002 2324 3029; x_wconf 66' lang='grc' dir='ltr'><strong>ι,,,,,,</strong></span> <span class='ocrx_word' id='word_1_478' title='bbox 2358 3022 2456 3029; x_wconf 75' lang='grc'>,,,,,</span> <span class='ocrx_word' id='word_1_479' title='bbox 2516 3007 2844 3029; x_wconf 34' lang='grc' dir='ltr'><strong>ιηυμωημ</strong></span> <span class='ocrx_word' id='word_1_480' title='bbox 2893 3008 2977 3029; x_wconf 44' lang='grc' dir='ltr'><strong>με.</strong></span> <span class='ocrx_word' id='word_1_481' title='bbox 3012 3008 3106 3029; x_wconf 46' lang='lat' dir='ltr'><strong>Li</strong></span> <span class='ocrx_word' id='word_1_482' title='bbox 3147 3010 3500 3029; x_wconf 34' lang='grc' dir='ltr'><strong>-μμηηρν,</strong></span> <span class='ocrx_word' id='word_1_483' title='bbox 3576 3011 3597 3029; x_wconf 58' lang='grc' dir='ltr'><em>ι</em></span> <span class='ocrx_word' id='word_1_484' title='bbox 3628 3009 3664 3029; x_wconf 85' lang='lat' dir='ltr'><strong>m</strong></span> 
     </span>
    </p>
   </div>
   <div class='ocr_carea' id='block_1_57' title="bbox 448 3002 2024 3117">
    <p class='ocr_par' dir='ltr' id='par_1_57' title="bbox 448 3005 2023 3117">
     <span class='ocr_line' id='line_1_62' title="bbox 448 3005 2023 3082; baseline 0.005 -22"><span class='ocrx_word' id='word_1_485' title='bbox 448 3018 572 3060; x_wconf 87' lang='lat' dir='ltr'><strong>rum</strong></span> <span class='ocrx_word' id='word_1_486' title='bbox 606 3005 756 3059; x_wconf 90' lang='lat' dir='ltr'><strong>illum</strong></span> <span class='ocrx_word' id='word_1_487' title='bbox 801 3008 1170 3077; x_wconf 79' lang='lat' dir='ltr'><strong>promittebat,</strong></span> <span class='ocrx_word' id='word_1_488' title='bbox 1206 3016 1260 3063; x_wconf 91' lang='lat' dir='ltr'><strong>et</strong></span> <span class='ocrx_word' id='word_1_489' title='bbox 1307 3010 1375 3065; x_wconf 92' lang='lat' dir='ltr'><strong>de</strong></span> <span class='ocrx_word' id='word_1_490' title='bbox 1410 3024 1516 3080; x_wconf 89' lang='lat' dir='ltr'><strong>qua</strong></span> <span class='ocrx_word' id='word_1_491' title='bbox 1571 3025 1679 3065; x_wconf 92' lang='lat' dir='ltr'><strong>una</strong></span> <span class='ocrx_word' id='word_1_492' title='bbox 1708 3026 1832 3065; x_wconf 87' lang='lat' dir='ltr'><strong>cum</strong></span> <span class='ocrx_word' id='word_1_493' title='bbox 1888 3010 2023 3082; x_wconf 90' lang='lat' dir='ltr'><strong>ipsis</strong></span> 
     </span>
     <span class='ocr_line' id='line_1_63' title="bbox 448 3092 2018 3117; baseline 0 0"><span class='ocrx_word' id='word_1_494' title='bbox 448 3092 556 3117; x_wconf 75' lang='lat' dir='ltr'><strong>2H2-</strong></span> <span class='ocrx_word' id='word_1_495' title='bbox 586 3097 899 3117; x_wconf 70' lang='grc' dir='ltr'><strong>---.---....-ι.-.</strong></span> <span class='ocrx_word' id='word_1_496' title='bbox 945 3096 1019 3117; x_wconf 56' lang='lat' dir='ltr'><strong>Iit-</strong></span> <span class='ocrx_word' id='word_1_497' title='bbox 1054 3113 1147 3117; x_wconf 73' lang='lat'><strong>__--</strong></span> <span class='ocrx_word' id='word_1_498' title='bbox 1185 3100 1251 3117; x_wconf 68' lang='lat'><strong>-9.</strong></span> <span class='ocrx_word' id='word_1_499' title='bbox 1355 3099 1411 3117; x_wconf 62' lang='lat' dir='ltr'><strong>n,</strong></span> <span class='ocrx_word' id='word_1_500' title='bbox 1450 3116 1479 3117; x_wconf 41' lang='grc' dir='ltr'>η</span> <span class='ocrx_word' id='word_1_501' title='bbox 1511 3100 1543 3117; x_wconf 82' lang='grc' dir='ltr'>ι·</span> <span class='ocrx_word' id='word_1_502' title='bbox 1584 3101 1599 3117; x_wconf 82' lang='grc' dir='ltr'>ι</span> <span class='ocrx_word' id='word_1_503' title='bbox 1632 3109 1691 3117; x_wconf 59' lang='lat'><strong>,.,</strong></span> <span class='ocrx_word' id='word_1_504' title='bbox 1738 3116 1741 3117; x_wconf 65' lang='lat'>,</span> <span class='ocrx_word' id='word_1_505' title='bbox 1778 3101 1801 3117; x_wconf 71' lang='grc' dir='ltr'><strong>ιι</strong></span> <span class='ocrx_word' id='word_1_506' title='bbox 2007 3112 2018 3117; x_wconf 85' lang='grc'><strong>-</strong></span> 
     </span>
    </p>
   </div>
   <div class='ocr_carea' id='block_1_58' title="bbox 2126 3002 3651 3117">
    <p class='ocr_par' dir='ltr' id='par_1_58' title="bbox 2126 3002 3651 3117">
     <span class='ocr_line' id='line_1_64' title="bbox 2126 3002 3651 3081; baseline 0.002 -23"><span class='ocrx_word' id='word_1_507' title='bbox 2126 3002 2324 3075; x_wconf 75' lang='grc' dir='ltr'>ἄρτους</span> <span class='ocrx_word' id='word_1_508' title='bbox 2356 3022 2481 3078; x_wconf 89' lang='grc' dir='ltr'>μου,</span> <span class='ocrx_word' id='word_1_509' title='bbox 2515 3007 2845 3078; x_wconf 79' lang='grc' dir='ltr'>ἐμεγάλυνεν</span> <span class='ocrx_word' id='word_1_510' title='bbox 2889 3008 2977 3061; x_wconf 77' lang='grc' dir='ltr'>ἐπ’</span> <span class='ocrx_word' id='word_1_511' title='bbox 3009 3008 3109 3079; x_wconf 80' lang='grc' dir='ltr'><strong>ἐμὲ</strong></span> <span class='ocrx_word' id='word_1_512' title='bbox 3143 3010 3469 3081; x_wconf 85' lang='grc' dir='ltr'>πτερνισμὸν</span> <span class='ocrx_word' id='word_1_513' title='bbox 3489 3027 3502 3037; x_wconf 89' lang='grc'><strong>·</strong></span> <span class='ocrx_word' id='word_1_514' title='bbox 3530 3030 3546 3060; x_wconf 81' lang='grc' dir='ltr'>ι</span> <span class='ocrx_word' id='word_1_515' title='bbox 3570 3011 3651 3062; x_wconf 82' lang='grc' dir='ltr'><strong>ἀνθ</strong></span> 
     </span>
     <span class='ocr_line' id='line_1_65' title="bbox 2132 3090 3635 3117; baseline 0 0"><span class='ocrx_word' id='word_1_516' title='bbox 2132 3090 2181 3117; x_wconf 70' lang='grc' dir='ltr'><strong>,τ</strong></span> <span class='ocrx_word' id='word_1_517' title='bbox 2228 3098 2316 3117; x_wconf 20' lang='grc' dir='ltr'>αι.</span> <span class='ocrx_word' id='word_1_518' title='bbox 2422 3099 2537 3117; x_wconf 71' lang='grc' dir='ltr'><strong>ρ...</strong></span> <span class='ocrx_word' id='word_1_519' title='bbox 2858 3101 3083 3117; x_wconf 74' lang='lat'><strong>......</strong></span> <span class='ocrx_word' id='word_1_520' title='bbox 3472 3104 3483 3117; x_wconf 84' lang='lat'><strong>.</strong></span> <span class='ocrx_word' id='word_1_521' title='bbox 3619 3102 3635 3117; x_wconf 92' lang='lat'><strong>.</strong></span> 
     </span>
    </p>
   </div>
   <div class='ocr_carea' id='block_1_59' title="bbox 446 3092 2024 3211">
    <p class='ocr_par' dir='ltr' id='par_1_59' title="bbox 446 3092 2024 3211">
     <span class='ocr_line' id='line_1_66' title="bbox 446 3092 2024 3171; baseline 0.006 -21"><span class='ocrx_word' id='word_1_522' title='bbox 446 3092 558 3150; x_wconf 82' lang='lat' dir='ltr'><strong>illis</strong></span> <span class='ocrx_word' id='word_1_523' title='bbox 584 3097 925 3151; x_wconf 84' lang='lat' dir='ltr'><strong>susurrabat.</strong></span> <span class='ocrx_word' id='word_1_524' title='bbox 945 3096 1020 3151; x_wconf 82' lang='lat' dir='ltr'><strong>Ex</strong></span> <span class='ocrx_word' id='word_1_525' title='bbox 1047 3113 1155 3167; x_wconf 92' lang='lat' dir='ltr'><strong>quo</strong></span> <span class='ocrx_word' id='word_1_526' title='bbox 1182 3100 1282 3154; x_wconf 85' lang='lat' dir='ltr'><strong>ait:</strong></span> <span class='ocrx_word' id='word_1_527' title='bbox 1309 3118 1327 3150; x_wconf 73' lang='grc' dir='ltr'><strong>ε</strong></span> <span class='ocrx_word' id='word_1_528' title='bbox 1352 3099 1747 3171; x_wconf 80' lang='lat' dir='ltr'><strong>Egrediebatur</strong></span> <span class='ocrx_word' id='word_1_529' title='bbox 1774 3101 1945 3170; x_wconf 81' lang='lat' dir='ltr'><strong>foras,</strong></span> <span class='ocrx_word' id='word_1_530' title='bbox 1970 3112 2024 3161; x_wconf 88' lang='lat' dir='ltr'><strong>et</strong></span> 
     </span>
     <span class='ocr_line' id='line_1_67' title="bbox 449 3188 2016 3211; baseline 0.006 -3"><span class='ocrx_word' id='word_1_531' title='bbox 449 3188 777 3211; x_wconf 52' lang='lat'><strong>.-,_.-_.._-..._</strong></span> <span class='ocrx_word' id='word_1_532' title='bbox 807 3188 856 3211; x_wconf 50' lang='grc' dir='ltr'>ιη</span> <span class='ocrx_word' id='word_1_533' title='bbox 914 3190 1147 3211; x_wconf 32' lang='lat' dir='ltr'><strong>mm-”</strong></span> <span class='ocrx_word' id='word_1_534' title='bbox 1240 3190 1258 3211; x_wconf 72' lang='grc' dir='ltr'><strong>ι</strong></span> <span class='ocrx_word' id='word_1_535' title='bbox 1694 3210 1701 3211; x_wconf 58' lang='lat'><strong><em>,</em></strong></span> <span class='ocrx_word' id='word_1_536' title='bbox 1840 3210 1843 3211; x_wconf 35' lang='grc' dir='ltr'>ν</span> <span class='ocrx_word' id='word_1_537' title='bbox 1893 3196 1907 3211; x_wconf 83' lang='grc' dir='ltr'><strong>ι</strong></span> <span class='ocrx_word' id='word_1_538' title='bbox 2004 3204 2016 3211; x_wconf 90' lang='grc'><em>.</em></span> 
     </span>
    </p>
   </div>
   <div class='ocr_carea' id='block_1_60' title="bbox 2126 3092 3667 3211">
    <p class='ocr_par' dir='ltr' id='par_1_60' title="bbox 2126 3092 3667 3211">
     <span class='ocr_line' id='line_1_68' title="bbox 2126 3092 3667 3175; baseline 0.003 -26"><span class='ocrx_word' id='word_1_539' title='bbox 2126 3092 2187 3149; x_wconf 74' lang='grc' dir='ltr'>οὗ</span> <span class='ocrx_word' id='word_1_540' title='bbox 2219 3098 2380 3152; x_wconf 84' lang='grc' dir='ltr'>πάλιν</span> <span class='ocrx_word' id='word_1_541' title='bbox 2411 3101 2441 3152; x_wconf 87' lang='lat'><strong>6</strong></span> <span class='ocrx_word' id='word_1_542' title='bbox 2470 3099 2783 3172; x_wconf 83' lang='grc' dir='ltr'>Σύμμαχος,</span> <span class='ocrx_word' id='word_1_543' title='bbox 2813 3119 2833 3152; x_wconf 75' lang='grc' dir='ltr'>σ</span> <span class='ocrx_word' id='word_1_544' title='bbox 2857 3102 2966 3155; x_wconf 76' lang='grc' dir='ltr'><strong>Καὶ</strong></span> <span class='ocrx_word' id='word_1_545' title='bbox 2990 3101 3294 3175; x_wconf 80' lang='grc' dir='ltr'>ἄνθρωπος,</span> <span class='ocrx_word' id='word_1_546' title='bbox 3325 3123 3343 3154; x_wconf 70' lang='grc' dir='ltr'>ι</span> <span class='ocrx_word' id='word_1_547' title='bbox 3365 3104 3539 3173; x_wconf 74' lang='grc' dir='ltr'>φησὶν,</span> <span class='ocrx_word' id='word_1_548' title='bbox 3573 3122 3589 3150; x_wconf 75' lang='grc' dir='ltr'>α</span> <span class='ocrx_word' id='word_1_549' title='bbox 3616 3102 3667 3163; x_wconf 81' lang='lat'><em>6;</em></span> 
     </span>
     <span class='ocr_line' id='line_1_69' title="bbox 2127 3172 3631 3211; baseline 0 0"><span class='ocrx_word' id='word_1_550' title='bbox 2127 3172 2371 3211; x_wconf 57' lang='lat'><strong>-!-1’.--_.1</strong></span> <span class='ocrx_word' id='word_1_551' title='bbox 2430 3207 2511 3211; x_wconf 41' lang='grc' dir='ltr'><strong>Α.--</strong></span> <span class='ocrx_word' id='word_1_552' title='bbox 2598 3184 2627 3211; x_wconf 62' lang='lat'><strong>1&#39;,</strong></span> <span class='ocrx_word' id='word_1_553' title='bbox 2692 3194 2707 3211; x_wconf 63' lang='grc' dir='ltr'><strong>υ</strong></span> <span class='ocrx_word' id='word_1_554' title='bbox 2769 3192 2935 3211; x_wconf 21' lang='lat' dir='ltr'><strong>suurn,</strong></span> <span class='ocrx_word' id='word_1_555' title='bbox 3244 3194 3295 3211; x_wconf 73' lang='lat' dir='ltr'><strong>AI</strong></span> <span class='ocrx_word' id='word_1_556' title='bbox 3539 3196 3558 3211; x_wconf 68' lang='grc' dir='ltr'><strong>π</strong></span> <span class='ocrx_word' id='word_1_557' title='bbox 3628 3210 3631 3211; x_wconf 67' lang='lat'>,</span> 
     </span>
    </p>
   </div>
   <div class='ocr_carea' id='block_1_61' title="bbox 449 3188 2024 3346">
    <p class='ocr_par' dir='ltr' id='par_1_61' title="bbox 449 3188 2024 3346">
     <span class='ocr_line' id='line_1_70' title="bbox 449 3188 2024 3260; baseline 0.006 -19"><span class='ocrx_word' id='word_1_558' title='bbox 449 3188 777 3258; x_wconf 66' lang='lat' dir='ltr'><strong>loquebatur</strong></span> <span class='ocrx_word' id='word_1_559' title='bbox 805 3188 860 3243; x_wconf 89' lang='lat' dir='ltr'><strong>iu</strong></span> <span class='ocrx_word' id='word_1_560' title='bbox 914 3190 1174 3260; x_wconf 87' lang='lat' dir='ltr'><strong>idipsum.</strong></span> <span class='ocrx_word' id='word_1_561' title='bbox 1227 3190 1508 3250; x_wconf 80' lang='lat' dir='ltr'><strong>Adversus</strong></span> <span class='ocrx_word' id='word_1_562' title='bbox 1540 3209 1627 3250; x_wconf 92' lang='lat' dir='ltr'><strong>me</strong></span> <span class='ocrx_word' id='word_1_563' title='bbox 1661 3196 2024 3251; x_wconf 89' lang='lat' dir='ltr'><strong>susurrabant</strong></span> 
     </span>
     <span class='ocr_line' id='line_1_71' title="bbox 449 3280 2023 3346; baseline 0.006 -12"><span class='ocrx_word' id='word_1_564' title='bbox 449 3295 640 3335; x_wconf 87' lang='lat' dir='ltr'><strong>omnes</strong></span> <span class='ocrx_word' id='word_1_565' title='bbox 676 3280 881 3335; x_wconf 88' lang='lat' dir='ltr'><strong>inimici</strong></span> <span class='ocrx_word' id='word_1_566' title='bbox 912 3282 1039 3337; x_wconf 88' lang='lat' dir='ltr'><strong>mei.</strong></span> <span class='ocrx_word' id='word_1_567' title='bbox 1069 3282 1375 3339; x_wconf 82' lang='lat' dir='ltr'><strong>Adversum</strong></span> <span class='ocrx_word' id='word_1_568' title='bbox 1404 3300 1492 3340; x_wconf 88' lang='lat' dir='ltr'><strong>me</strong></span> <span class='ocrx_word' id='word_1_569' title='bbox 1530 3285 1846 3346; x_wconf 71' lang='lat' dir='ltr'><strong>cogitabant</strong></span> <span class='ocrx_word' id='word_1_570' title='bbox 1880 3288 2023 3343; x_wconf 89' lang='lat' dir='ltr'><strong>mala</strong></span> 
     </span>
    </p>
   </div>
   <div class='ocr_carea' id='block_1_62' title="bbox 2126 3188 3669 3346">
    <p class='ocr_par' dir='ltr' id='par_1_62' title="bbox 2126 3188 3669 3346">
     <span class='ocr_line' id='line_1_72' title="bbox 2126 3188 3669 3267; baseline 0.003 -26"><span class='ocrx_word' id='word_1_571' title='bbox 2126 3189 2374 3260; x_wconf 77' lang='grc' dir='ltr'>είρήνευέ</span> <span class='ocrx_word' id='word_1_572' title='bbox 2428 3207 2538 3261; x_wconf 89' lang='grc' dir='ltr'>μοι,</span> <span class='ocrx_word' id='word_1_573' title='bbox 2590 3188 2635 3262; x_wconf 75' lang='grc' dir='ltr'><em>ᾧ</em></span> <span class='ocrx_word' id='word_1_574' title='bbox 2688 3192 3018 3258; x_wconf 85' lang='grc' dir='ltr'>ἐπεποίθειν,</span> <span class='ocrx_word' id='word_1_575' title='bbox 3080 3194 3375 3248; x_wconf 86' lang='grc' dir='ltr'>συνεσθίων</span> <span class='ocrx_word' id='word_1_576' title='bbox 3419 3212 3503 3266; x_wconf 87' lang='grc' dir='ltr'><strong>μοι</strong></span> <span class='ocrx_word' id='word_1_577' title='bbox 3531 3196 3669 3267; x_wconf 76' lang='grc' dir='ltr'>ἄρτον</span> 
     </span>
     <span class='ocr_line' id='line_1_73' title="bbox 2126 3277 3669 3346; baseline 0.003 -16"><span class='ocrx_word' id='word_1_578' title='bbox 2126 3277 2275 3346; x_wconf 85' lang='grc' dir='ltr'>ἐμὸν,</span> <span class='ocrx_word' id='word_1_579' title='bbox 2309 3280 2762 3346; x_wconf 86' lang='grc' dir='ltr'>κατεμεγαλύνθη</span> <span class='ocrx_word' id='word_1_580' title='bbox 2800 3299 2921 3346; x_wconf 89' lang='grc' dir='ltr'>μου.</span> <span class='ocrx_word' id='word_1_581' title='bbox 2965 3302 2985 3335; x_wconf 66' lang='grc' dir='ltr'>ι</span> <span class='ocrx_word' id='word_1_582' title='bbox 3038 3285 3325 3346; x_wconf 87' lang='grc' dir='ltr'>Χείριστος</span> <span class='ocrx_word' id='word_1_583' title='bbox 3347 3285 3453 3346; x_wconf 85' lang='grc' dir='ltr'>γὰρ</span> <span class='ocrx_word' id='word_1_584' title='bbox 3482 3284 3669 3346; x_wconf 76' lang='grc' dir='ltr'>ἀληθῶς</span> 
     </span>
    </p>
   </div>
   <div class='ocr_carea' id='block_1_63' title="bbox 2156 3295 3573 3356">
    <p class='ocr_par' dir='ltr' id='par_1_63' title="bbox 2156 3295 3573 3356">
     <span class='ocr_line' id='line_1_74' title="bbox 2156 3295 3573 3356; baseline 0.004 -25"><span class='ocrx_word' id='word_1_585' title='bbox 2156 3295 2275 3347; x_wconf 85' lang='grc' dir='ltr'>μον,</span> <span class='ocrx_word' id='word_1_586' title='bbox 2309 3295 2762 3353; x_wconf 77' lang='grc' dir='ltr'>κατεμεγαλυνυη</span> <span class='ocrx_word' id='word_1_587' title='bbox 2800 3299 2921 3353; x_wconf 87' lang='grc' dir='ltr'>μου.</span> <span class='ocrx_word' id='word_1_588' title='bbox 2965 3302 2985 3335; x_wconf 67' lang='grc' dir='ltr'>ι</span> <span class='ocrx_word' id='word_1_589' title='bbox 3038 3295 3325 3356; x_wconf 69' lang='grc' dir='ltr'>λειριστος</span> <span class='ocrx_word' id='word_1_590' title='bbox 3347 3295 3453 3356; x_wconf 83' lang='grc' dir='ltr'><strong>γάρ</strong></span> <span class='ocrx_word' id='word_1_591' title='bbox 3482 3295 3573 3355; x_wconf 64' lang='lat' dir='ltr'><strong>an;</strong></span> 
     </span>
    </p>
   </div>
   <div class='ocr_carea' id='block_1_64' title="bbox 2121 3371 3667 3449">
    <p class='ocr_par' dir='ltr' id='par_1_64' title="bbox 2121 3371 3667 3449">
     <span class='ocr_line' id='line_1_75' title="bbox 2121 3371 3667 3449; baseline 0.003 -26"><span class='ocrx_word' id='word_1_592' title='bbox 2121 3371 2375 3425; x_wconf 75' lang='grc' dir='ltr'>ἁπάντων</span> <span class='ocrx_word' id='word_1_593' title='bbox 2420 3373 2514 3426; x_wconf 75' lang='grc' dir='ltr'><strong>καὶ</strong></span> <span class='ocrx_word' id='word_1_594' title='bbox 2571 3375 2965 3445; x_wconf 83' lang='grc' dir='ltr'>ἐναργέστατος</span> <span class='ocrx_word' id='word_1_595' title='bbox 2994 3378 3022 3429; x_wconf 90' lang='grc' dir='ltr'><strong>ό</strong></span> <span class='ocrx_word' id='word_1_596' title='bbox 3053 3376 3190 3447; x_wconf 84' lang='grc' dir='ltr'>μετά</span> <span class='ocrx_word' id='word_1_597' title='bbox 3209 3377 3394 3449; x_wconf 79' lang='grc' dir='ltr'>κοινὴν</span> <span class='ocrx_word' id='word_1_598' title='bbox 3424 3375 3667 3449; x_wconf 80' lang='grc' dir='ltr'>τράπεζαν</span> 
     </span>
    </p>
   </div>
   <div class='ocr_carea' id='block_1_65' title="bbox 2120 3461 3667 3540">
    <p class='ocr_par' dir='ltr' id='par_1_65' title="bbox 2120 3461 3667 3540">
     <span class='ocr_line' id='line_1_76' title="bbox 2120 3461 3667 3540; baseline 0.003 -25"><span class='ocrx_word' id='word_1_599' title='bbox 2120 3462 2216 3516; x_wconf 72' lang='grc' dir='ltr'><strong>καὶ</strong></span> <span class='ocrx_word' id='word_1_600' title='bbox 2244 3461 2340 3535; x_wconf 87' lang='grc' dir='ltr'>τὴν</span> <span class='ocrx_word' id='word_1_601' title='bbox 2375 3463 2434 3517; x_wconf 78' lang='grc' dir='ltr'>ἐν</span> <span class='ocrx_word' id='word_1_602' title='bbox 2493 3463 2669 3534; x_wconf 83' lang='grc' dir='ltr'>λόγοις</span> <span class='ocrx_word' id='word_1_603' title='bbox 2707 3465 2802 3519; x_wconf 89' lang='grc' dir='ltr'><strong>τοῦ</strong></span> <span class='ocrx_word' id='word_1_604' title='bbox 2856 3467 3177 3521; x_wconf 83' lang='grc' dir='ltr'>διδασκάλου</span> <span class='ocrx_word' id='word_1_605' title='bbox 3230 3469 3440 3540; x_wconf 72' lang='grc' dir='ltr'>τροφὴν</span> <span class='ocrx_word' id='word_1_606' title='bbox 3493 3468 3573 3521; x_wconf 74' lang='grc' dir='ltr'>ἐπὶ</span> <span class='ocrx_word' id='word_1_607' title='bbox 3611 3466 3667 3519; x_wconf 72' lang='grc' dir='ltr'><strong>τά</strong></span> 
     </span>
    </p>
   </div>
   <div class='ocr_carea' id='block_1_66' title="bbox 2120 3553 3669 3628">
    <p class='ocr_par' dir='ltr' id='par_1_66' title="bbox 2120 3553 3669 3628">
     <span class='ocr_line' id='line_1_77' title="bbox 2120 3553 3669 3628; baseline -0.003 -16"><span class='ocrx_word' id='word_1_608' title='bbox 2120 3553 2288 3625; x_wconf 80' lang='grc' dir='ltr'>χείρω</span> <span class='ocrx_word' id='word_1_609' title='bbox 2343 3556 2573 3626; x_wconf 70' lang='grc' dir='ltr'>τραπεὶς</span> <span class='ocrx_word' id='word_1_610' title='bbox 2598 3597 2614 3623; x_wconf 87' lang='grc'><strong>,</strong></span> <span class='ocrx_word' id='word_1_611' title='bbox 2664 3557 2757 3610; x_wconf 74' lang='grc' dir='ltr'>καὶ</span> <span class='ocrx_word' id='word_1_612' title='bbox 2812 3561 2926 3623; x_wconf 85' lang='grc' dir='ltr'>τοῖς</span> <span class='ocrx_word' id='word_1_613' title='bbox 2975 3558 3238 3622; x_wconf 82' lang='grc' dir='ltr'>ἐναντίοις</span> <span class='ocrx_word' id='word_1_614' title='bbox 3270 3558 3369 3611; x_wconf 80' lang='grc' dir='ltr'><strong>τὸν</strong></span> <span class='ocrx_word' id='word_1_615' title='bbox 3408 3560 3669 3628; x_wconf 82' lang='grc' dir='ltr'>εὐεργέτην</span> 
     </span>
    </p>
   </div>
   <div class='ocr_carea' id='block_1_67' title="bbox 2128 2819 3668 2901">
    <p class='ocr_par' dir='ltr' id='par_1_67' title="bbox 2128 2819 3668 2901">
     <span class='ocr_line' id='line_1_78' title="bbox 2128 2819 3668 2901; baseline 0.005 -28"><span class='ocrx_word' id='word_1_616' title='bbox 2128 2819 2312 2887; x_wconf 76' lang='grc' dir='ltr'>θέντος</span> <span class='ocrx_word' id='word_1_617' title='bbox 2342 2820 2510 2892; x_wconf 78' lang='grc' dir='ltr'>αὐτῷ,</span> <span class='ocrx_word' id='word_1_618' title='bbox 2546 2822 2670 2894; x_wconf 79' lang='grc' dir='ltr'>ἐξῆς</span> <span class='ocrx_word' id='word_1_619' title='bbox 2715 2823 2964 2896; x_wconf 81' lang='grc' dir='ltr'>ἐπιφέρει</span> <span class='ocrx_word' id='word_1_620' title='bbox 2988 2826 3186 2895; x_wconf 77' lang='grc' dir='ltr'>λέγων’</span> <span class='ocrx_word' id='word_1_621' title='bbox 3228 2846 3245 2878; x_wconf 76' lang='grc' dir='ltr'>ι</span> <span class='ocrx_word' id='word_1_622' title='bbox 3284 2829 3395 2881; x_wconf 75' lang='grc' dir='ltr'>Καὶ</span> <span class='ocrx_word' id='word_1_623' title='bbox 3415 2828 3515 2901; x_wconf 83' lang='grc' dir='ltr'><strong>γάρ</strong></span> <span class='ocrx_word' id='word_1_624' title='bbox 3546 2829 3668 2881; x_wconf 68' lang='lat' dir='ltr'><em>66v-</em></span> 
     </span>
    </p>
   </div>
   <div class='ocr_carea' id='block_1_68' title="bbox 446 3280 2023 3357">
    <p class='ocr_par' dir='ltr' id='par_1_68' title="bbox 446 3280 2023 3357">
     <span class='ocr_line' id='line_1_79' title="bbox 446 3280 2023 3357; baseline 0.006 -23"><span class='ocrx_word' id='word_1_625' title='bbox 446 3295 640 3335; x_wconf 86' lang='lat' dir='ltr'><strong>oumes</strong></span> <span class='ocrx_word' id='word_1_626' title='bbox 676 3280 881 3335; x_wconf 88' lang='lat' dir='ltr'><strong>inimici</strong></span> <span class='ocrx_word' id='word_1_627' title='bbox 912 3282 1039 3337; x_wconf 88' lang='lat' dir='ltr'><strong>mei.</strong></span> <span class='ocrx_word' id='word_1_628' title='bbox 1069 3282 1375 3339; x_wconf 82' lang='lat' dir='ltr'><strong>Adversum</strong></span> <span class='ocrx_word' id='word_1_629' title='bbox 1404 3300 1492 3340; x_wconf 88' lang='lat' dir='ltr'><strong>me</strong></span> <span class='ocrx_word' id='word_1_630' title='bbox 1530 3285 1846 3357; x_wconf 81' lang='lat' dir='ltr'><strong>cogitabant</strong></span> <span class='ocrx_word' id='word_1_631' title='bbox 1880 3288 2023 3343; x_wconf 89' lang='lat' dir='ltr'><strong>mala</strong></span> 
     </span>
    </p>
   </div>
   <div class='ocr_carea' id='block_1_69' title="bbox 445 3372 2021 3445">
    <p class='ocr_par' dir='ltr' id='par_1_69' title="bbox 445 3372 2021 3445">
     <span class='ocr_line' id='line_1_80' title="bbox 445 3372 2021 3445; baseline 0.006 -18"><span class='ocrx_word' id='word_1_632' title='bbox 445 3372 601 3428; x_wconf 80' lang='lat' dir='ltr'><strong>.nilii.</strong></span> <span class='ocrx_word' id='word_1_633' title='bbox 647 3372 885 3428; x_wconf 82' lang='lat' dir='ltr'><strong>Verbum</strong></span> <span class='ocrx_word' id='word_1_634' title='bbox 948 3373 1195 3445; x_wconf 90' lang='lat' dir='ltr'><strong>iniquum</strong></span> <span class='ocrx_word' id='word_1_635' title='bbox 1267 3377 1675 3433; x_wconf 85' lang='lat' dir='ltr'><strong>constituerunt</strong></span> <span class='ocrx_word' id='word_1_636' title='bbox 1730 3380 2021 3436; x_wconf 89' lang='lat' dir='ltr'><strong>adversum</strong></span> 
     </span>
    </p>
   </div>
   <div class='ocr_carea' id='block_1_70' title="bbox 444 3464 2017 3542">
    <p class='ocr_par' dir='ltr' id='par_1_70' title="bbox 444 3464 2017 3542">
     <span class='ocr_line' id='line_1_81' title="bbox 444 3464 2017 3542; baseline 0.007 -24"><span class='ocrx_word' id='word_1_637' title='bbox 444 3478 534 3520; x_wconf 84' lang='lat' dir='ltr'><strong>me</strong></span> <span class='ocrx_word' id='word_1_638' title='bbox 557 3464 624 3520; x_wconf 84' lang='grc'><strong>³⁸.</strong></span> <span class='ocrx_word' id='word_1_639' title='bbox 669 3482 688 3516; x_wconf 74' lang='grc' dir='ltr'><strong>ι</strong></span> <span class='ocrx_word' id='word_1_640' title='bbox 721 3464 951 3522; x_wconf 82' lang='lat' dir='ltr'><strong>Videtur</strong></span> <span class='ocrx_word' id='word_1_641' title='bbox 1008 3475 1191 3524; x_wconf 88' lang='lat' dir='ltr'><strong>autem</strong></span> <span class='ocrx_word' id='word_1_642' title='bbox 1249 3470 1558 3540; x_wconf 89' lang='lat' dir='ltr'><strong>pactionem</strong></span> <span class='ocrx_word' id='word_1_643' title='bbox 1616 3469 1686 3527; x_wconf 88' lang='lat' dir='ltr'><strong>de</strong></span> <span class='ocrx_word' id='word_1_644' title='bbox 1726 3473 2017 3542; x_wconf 87' lang='lat' dir='ltr'><strong>argenteis,</strong></span> 
     </span>
    </p>
   </div>
   <div class='ocr_carea' id='block_1_71' title="bbox 447 3555 2021 3630">
    <p class='ocr_par' dir='ltr' id='par_1_71' title="bbox 447 3555 2021 3630">
     <span class='ocr_line' id='line_1_82' title="bbox 447 3555 2021 3630; baseline 0.006 -21"><span class='ocrx_word' id='word_1_645' title='bbox 447 3555 674 3611; x_wconf 85' lang='lat' dir='ltr'><strong>verbum</strong></span> <span class='ocrx_word' id='word_1_646' title='bbox 704 3557 977 3629; x_wconf 89' lang='lat' dir='ltr'><strong>iniquum,</strong></span> <span class='ocrx_word' id='word_1_647' title='bbox 1001 3559 1322 3630; x_wconf 85' lang='lat' dir='ltr'><strong>prephetice</strong></span> <span class='ocrx_word' id='word_1_648' title='bbox 1368 3562 1656 3618; x_wconf 89' lang='lat' dir='ltr'><strong>nominare</strong></span> <span class='ocrx_word' id='word_1_649' title='bbox 1687 3581 1703 3618; x_wconf 92' lang='lat'><strong>:</strong></span> <span class='ocrx_word' id='word_1_650' title='bbox 1738 3571 1833 3619; x_wconf 90' lang='lat' dir='ltr'><strong>aut</strong></span> <span class='ocrx_word' id='word_1_651' title='bbox 1855 3565 2021 3624; x_wconf 81' lang='lat' dir='ltr'><strong>etiam</strong></span> 
     </span>
    </p>
   </div>
   <div class='ocr_carea' id='block_1_72' title="bbox 447 3646 2024 3726">
    <p class='ocr_par' dir='ltr' id='par_1_72' title="bbox 447 3648 2022 3726">
     <span class='ocr_line' id='line_1_83' title="bbox 447 3648 2022 3726; baseline 0.007 -24"><span class='ocrx_word' id='word_1_652' title='bbox 447 3648 520 3703; x_wconf 89' lang='lat' dir='ltr'><strong>ita</strong></span> <span class='ocrx_word' id='word_1_653' title='bbox 551 3649 707 3710; x_wconf 85' lang='lat' dir='ltr'><strong>dicit,</strong></span> <span class='ocrx_word' id='word_1_654' title='bbox 740 3662 1027 3722; x_wconf 89' lang='lat' dir='ltr'><strong>propterea</strong></span> <span class='ocrx_word' id='word_1_655' title='bbox 1061 3653 1208 3722; x_wconf 83' lang='lat' dir='ltr'><strong>quod</strong></span> <span class='ocrx_word' id='word_1_656' title='bbox 1239 3653 1447 3709; x_wconf 81' lang='lat' dir='ltr'><strong>nefaria</strong></span> <span class='ocrx_word' id='word_1_657' title='bbox 1474 3662 1529 3711; x_wconf 90' lang='lat' dir='ltr'><strong>et</strong></span> <span class='ocrx_word' id='word_1_658' title='bbox 1550 3655 1737 3726; x_wconf 88' lang='lat' dir='ltr'><strong>iniqua</strong></span> <span class='ocrx_word' id='word_1_659' title='bbox 1757 3656 2022 3713; x_wconf 85' lang='lat' dir='ltr'><strong>adversus</strong></span> 
     </span>
    </p>
   </div>
   <div class='ocr_carea' id='block_1_73' title="bbox 2126 3646 3667 3726">
    <p class='ocr_par' dir='ltr' id='par_1_73' title="bbox 2126 3646 3667 3722">
     <span class='ocr_line' id='line_1_84' title="bbox 2126 3646 3667 3722; baseline 0.001 -23"><span class='ocrx_word' id='word_1_660' title='bbox 2126 3646 2610 3720; x_wconf 75' lang='grc' dir='ltr'>ἀνταμειψάμενος.</span> <span class='ocrx_word' id='word_1_661' title='bbox 2655 3648 2795 3703; x_wconf 82' lang='grc' dir='ltr'>Ἀλλ’</span> <span class='ocrx_word' id='word_1_662' title='bbox 2828 3650 3122 3722; x_wconf 82' lang='grc' dir='ltr'>ἐπειδήπερ</span> <span class='ocrx_word' id='word_1_663' title='bbox 3162 3650 3588 3711; x_wconf 84' lang='grc' dir='ltr'>ἐπιϐουλεύοντες</span> <span class='ocrx_word' id='word_1_664' title='bbox 3625 3648 3667 3700; x_wconf 75' lang='lat' dir='ltr'><strong>ei</strong></span> 
     </span>
    </p>
   </div>
   <div class='ocr_carea' id='block_1_74' title="bbox 2120 3737 3667 3810">
    <p class='ocr_par' dir='ltr' id='par_1_74' title="bbox 2120 3737 3667 3810">
     <span class='ocr_line' id='line_1_85' title="bbox 2120 3737 3667 3810; baseline 0 -19"><span class='ocrx_word' id='word_1_665' title='bbox 2120 3737 2307 3810; x_wconf 73' lang='grc' dir='ltr'>ἐχθροὶ</span> <span class='ocrx_word' id='word_1_666' title='bbox 2332 3739 2517 3809; x_wconf 77' lang='grc' dir='ltr'>ἔλεγον</span> <span class='ocrx_word' id='word_1_667' title='bbox 2540 3757 2554 3772; x_wconf 86' lang='grc'><strong>·</strong></span> <span class='ocrx_word' id='word_1_668' title='bbox 2587 3759 2604 3792; x_wconf 77' lang='grc' dir='ltr'>ι</span> <span class='ocrx_word' id='word_1_669' title='bbox 2631 3741 2771 3795; x_wconf 88' lang='grc' dir='ltr'>Πότε</span> <span class='ocrx_word' id='word_1_670' title='bbox 2797 3741 3172 3804; x_wconf 82' lang='grc' dir='ltr'>ἀποθανεῖται,</span> <span class='ocrx_word' id='word_1_671' title='bbox 3212 3743 3305 3797; x_wconf 77' lang='grc' dir='ltr'><strong>καὶ</strong></span> <span class='ocrx_word' id='word_1_672' title='bbox 3329 3742 3592 3796; x_wconf 80' lang='grc' dir='ltr'>ἀπολεῖται</span> <span class='ocrx_word' id='word_1_673' title='bbox 3615 3737 3667 3791; x_wconf 67' lang='grc' dir='ltr'>τὸ</span> 
     </span>
    </p>
   </div>
   <div class='ocr_carea' id='block_1_75' title="bbox 2118 3829 3664 3907">
    <p class='ocr_par' dir='ltr' id='par_1_75' title="bbox 2118 3829 3664 3907">
     <span class='ocr_line' id='line_1_86' title="bbox 2118 3829 3664 3907; baseline 0.005 -25"><span class='ocrx_word' id='word_1_674' title='bbox 2118 3829 2290 3902; x_wconf 75' lang='grc' dir='ltr'>ὄνομα</span> <span class='ocrx_word' id='word_1_675' title='bbox 2315 3832 2479 3895; x_wconf 68' lang='grc' dir='ltr'>αὐτοῦ</span> <span class='ocrx_word' id='word_1_676' title='bbox 2503 3850 2551 3899; x_wconf 77' lang='lat' dir='ltr'><strong>;i</strong></span> <span class='ocrx_word' id='word_1_677' title='bbox 2592 3833 2759 3904; x_wconf 78' lang='grc' dir='ltr'>ᾤοντό</span> <span class='ocrx_word' id='word_1_678' title='bbox 2787 3851 2848 3888; x_wconf 89' lang='grc' dir='ltr'><strong>τε</strong></span> <span class='ocrx_word' id='word_1_679' title='bbox 2872 3833 3203 3905; x_wconf 83' lang='grc' dir='ltr'>κοιμηθέντα</span> <span class='ocrx_word' id='word_1_680' title='bbox 3227 3834 3421 3907; x_wconf 76' lang='grc' dir='ltr'>μηκέτ’</span> <span class='ocrx_word' id='word_1_681' title='bbox 3456 3833 3664 3900; x_wconf 80' lang='grc' dir='ltr'>ἀναστή-</span> 
     </span>
    </p>
   </div>
   <div class='ocr_carea' id='block_1_76' title="bbox 2121 3924 3665 3998">
    <p class='ocr_par' dir='ltr' id='par_1_76' title="bbox 2121 3924 3665 3998">
     <span class='ocr_line' id='line_1_87' title="bbox 2121 3924 3665 3998; baseline -0.001 -23"><span class='ocrx_word' id='word_1_682' title='bbox 2121 3924 2334 3992; x_wconf 86' lang='grc' dir='ltr'>σεσθαι,</span> <span class='ocrx_word' id='word_1_683' title='bbox 2379 3925 2571 3979; x_wconf 87' lang='grc' dir='ltr'>τούτου</span> <span class='ocrx_word' id='word_1_684' title='bbox 2632 3926 2794 3998; x_wconf 86' lang='grc' dir='ltr'>χάριν</span> <span class='ocrx_word' id='word_1_685' title='bbox 2845 3925 3007 3989; x_wconf 83' lang='grc' dir='ltr'>αὐτὸς</span> <span class='ocrx_word' id='word_1_686' title='bbox 3047 3927 3076 3977; x_wconf 92' lang='lat'><strong>6</strong></span> <span class='ocrx_word' id='word_1_687' title='bbox 3119 3924 3308 3997; x_wconf 76' lang='grc' dir='ltr'>Σωτὴρ</span> <span class='ocrx_word' id='word_1_688' title='bbox 3353 3926 3445 3979; x_wconf 78' lang='grc' dir='ltr'><strong>καὶ</strong></span> <span class='ocrx_word' id='word_1_689' title='bbox 3491 3924 3665 3994; x_wconf 76' lang='grc' dir='ltr'>Κύριος</span> 
     </span>
    </p>
   </div>
   <div class='ocr_carea' id='block_1_77' title="bbox 2118 4014 3666 4089">
    <p class='ocr_par' dir='ltr' id='par_1_77' title="bbox 2118 4014 3666 4089">
     <span class='ocr_line' id='line_1_88' title="bbox 2118 4014 3666 4089; baseline 0 -21"><span class='ocrx_word' id='word_1_690' title='bbox 2118 4016 2278 4086; x_wconf 71' lang='grc' dir='ltr'>ἡμῶν</span> <span class='ocrx_word' id='word_1_691' title='bbox 2308 4018 2567 4071; x_wconf 81' lang='grc' dir='ltr'>τάναντία</span> <span class='ocrx_word' id='word_1_692' title='bbox 2612 4015 2824 4080; x_wconf 79' lang='grc' dir='ltr'>τούτοις</span> <span class='ocrx_word' id='word_1_693' title='bbox 2871 4016 3182 4088; x_wconf 86' lang='grc' dir='ltr'>εὐχόμενος,</span> <span class='ocrx_word' id='word_1_694' title='bbox 3218 4019 3315 4071; x_wconf 75' lang='grc' dir='ltr'>καὶ</span> <span class='ocrx_word' id='word_1_695' title='bbox 3334 4018 3432 4089; x_wconf 82' lang='grc' dir='ltr'><strong>τῆς</strong></span> <span class='ocrx_word' id='word_1_696' title='bbox 3458 4014 3666 4071; x_wconf 61' lang='lat' dir='ltr'><strong>divend-</strong></span> 
     </span>
    </p>
   </div>
   <div class='ocr_carea' id='block_1_78' title="bbox 2120 4107 3662 4181">
    <p class='ocr_par' dir='ltr' id='par_1_78' title="bbox 2120 4107 3662 4181">
     <span class='ocr_line' id='line_1_89' title="bbox 2120 4107 3662 4181; baseline -0.001 -21"><span class='ocrx_word' id='word_1_697' title='bbox 2120 4124 2256 4173; x_wconf 85' lang='grc' dir='ltr'>σεως</span> <span class='ocrx_word' id='word_1_698' title='bbox 2313 4107 2605 4173; x_wconf 79' lang='grc' dir='ltr'>ἀκωλύτως</span> <span class='ocrx_word' id='word_1_699' title='bbox 2669 4111 2852 4179; x_wconf 81' lang='grc' dir='ltr'>τυχεῖν</span> <span class='ocrx_word' id='word_1_700' title='bbox 2907 4108 3074 4174; x_wconf 79' lang='grc' dir='ltr'>ἀξιῶν</span> <span class='ocrx_word' id='word_1_701' title='bbox 3111 4109 3201 4162; x_wconf 81' lang='grc' dir='ltr'>τὸν</span> <span class='ocrx_word' id='word_1_702' title='bbox 3241 4110 3482 4181; x_wconf 83' lang='grc' dir='ltr'>Πατέρα,</span> <span class='ocrx_word' id='word_1_703' title='bbox 3522 4107 3662 4177; x_wconf 78' lang='grc' dir='ltr'>φησί’</span> 
     </span>
    </p>
   </div>
   <div class='ocr_carea' id='block_1_79' title="bbox 446 3740 2021 3818">
    <p class='ocr_par' dir='ltr' id='par_1_79' title="bbox 446 3740 2021 3818">
     <span class='ocr_line' id='line_1_90' title="bbox 446 3740 2021 3818; baseline 0.007 -24"><span class='ocrx_word' id='word_1_704' title='bbox 446 3740 599 3794; x_wconf 85' lang='lat' dir='ltr'><strong>illum</strong></span> <span class='ocrx_word' id='word_1_705' title='bbox 642 3742 978 3811; x_wconf 84' lang='lat' dir='ltr'><strong>cogitabant,</strong></span> <span class='ocrx_word' id='word_1_706' title='bbox 1004 3750 1191 3813; x_wconf 86' lang='lat' dir='ltr'><strong>utpote</strong></span> <span class='ocrx_word' id='word_1_707' title='bbox 1238 3746 1335 3815; x_wconf 89' lang='lat' dir='ltr'><strong>qui</strong></span> <span class='ocrx_word' id='word_1_708' title='bbox 1375 3745 1528 3799; x_wconf 90' lang='lat' dir='ltr'><strong>illum</strong></span> <span class='ocrx_word' id='word_1_709' title='bbox 1562 3748 2021 3818; x_wconf 78' lang='lat' dir='ltr'><strong>exstinguendum</strong></span> 
     </span>
    </p>
   </div>
   <div class='ocr_carea' id='block_1_80' title="bbox 443 3834 2018 3910">
    <p class='ocr_par' dir='ltr' id='par_1_80' title="bbox 443 3834 2018 3910">
     <span class='ocr_line' id='line_1_91' title="bbox 443 3834 2018 3910; baseline 0.006 -25"><span class='ocrx_word' id='word_1_710' title='bbox 443 3841 499 3886; x_wconf 88' lang='lat' dir='ltr'><strong>et</strong></span> <span class='ocrx_word' id='word_1_711' title='bbox 536 3840 657 3899; x_wconf 85' lang='lat' dir='ltr'><strong>post</strong></span> <span class='ocrx_word' id='word_1_712' title='bbox 688 3848 878 3888; x_wconf 88' lang='lat' dir='ltr'><strong>necem</strong></span> <span class='ocrx_word' id='word_1_713' title='bbox 922 3834 1273 3901; x_wconf 85' lang='lat' dir='ltr'><strong>abolendum,</strong></span> <span class='ocrx_word' id='word_1_714' title='bbox 1308 3852 1486 3908; x_wconf 89' lang='lat' dir='ltr'><strong>neque</strong></span> <span class='ocrx_word' id='word_1_715' title='bbox 1515 3838 1750 3910; x_wconf 91' lang='lat' dir='ltr'><strong>amplius</strong></span> <span class='ocrx_word' id='word_1_716' title='bbox 1774 3840 1915 3897; x_wconf 90' lang='lat' dir='ltr'><strong>inter</strong></span> <span class='ocrx_word' id='word_1_717' title='bbox 1938 3840 2018 3895; x_wconf 86' lang='lat' dir='ltr'><strong>vi-</strong></span> 
     </span>
    </p>
   </div>
   <div class='ocr_carea' id='block_1_81' title="bbox 445 3923 2018 3992">
    <p class='ocr_par' dir='ltr' id='par_1_81' title="bbox 445 3923 2018 3992">
     <span class='ocr_line' id='line_1_92' title="bbox 445 3923 2018 3992; baseline 0.006 -19"><span class='ocrx_word' id='word_1_718' title='bbox 445 3935 544 3975; x_wconf 88' lang='lat' dir='ltr'><strong>vos</strong></span> <span class='ocrx_word' id='word_1_719' title='bbox 580 3923 967 3992; x_wconf 85' lang='lat' dir='ltr'><strong>requirendum</strong></span> <span class='ocrx_word' id='word_1_720' title='bbox 1015 3926 1437 3981; x_wconf 83' lang='lat' dir='ltr'><strong>arbitrarentur.</strong></span> <span class='ocrx_word' id='word_1_721' title='bbox 1470 3925 1602 3983; x_wconf 87' lang='lat' dir='ltr'><strong>Tale</strong></span> <span class='ocrx_word' id='word_1_722' title='bbox 1639 3935 1724 3983; x_wconf 83' lang='lat' dir='ltr'><strong>est</strong></span> <span class='ocrx_word' id='word_1_723' title='bbox 1772 3929 1917 3989; x_wconf 89' lang='lat' dir='ltr'><strong>enim</strong></span> <span class='ocrx_word' id='word_1_724' title='bbox 1950 3930 2018 3983; x_wconf 85' lang='lat' dir='ltr'><strong>il-</strong></span> 
     </span>
    </p>
   </div>
   <div class='ocr_carea' id='block_1_82' title="bbox 442 4010 2020 4090">
    <p class='ocr_par' dir='ltr' id='par_1_82' title="bbox 442 4010 2020 4090">
     <span class='ocr_line' id='line_1_93' title="bbox 442 4010 2020 4090; baseline 0.008 -24"><span class='ocrx_word' id='word_1_725' title='bbox 442 4010 537 4067; x_wconf 89' lang='lat' dir='ltr'><strong>lud</strong></span> <span class='ocrx_word' id='word_1_726' title='bbox 575 4033 588 4068; x_wconf 91' lang='lat'><strong>:</strong></span> <span class='ocrx_word' id='word_1_727' title='bbox 626 4033 646 4067; x_wconf 78' lang='grc' dir='ltr'>ι</span> <span class='ocrx_word' id='word_1_728' title='bbox 681 4013 939 4086; x_wconf 86' lang='lat' dir='ltr'><strong>Nunquid</strong></span> <span class='ocrx_word' id='word_1_729' title='bbox 968 4018 1059 4087; x_wconf 91' lang='lat' dir='ltr'><strong>qui</strong></span> <span class='ocrx_word' id='word_1_730' title='bbox 1089 4017 1312 4086; x_wconf 89' lang='lat' dir='ltr'><strong>dormit,</strong></span> <span class='ocrx_word' id='word_1_731' title='bbox 1345 4036 1452 4074; x_wconf 88' lang='lat' dir='ltr'><strong>non</strong></span> <span class='ocrx_word' id='word_1_732' title='bbox 1500 4020 1717 4090; x_wconf 85' lang='lat' dir='ltr'><strong>adjiciet</strong></span> <span class='ocrx_word' id='word_1_733' title='bbox 1745 4029 1805 4075; x_wconf 92' lang='lat' dir='ltr'><strong>ut</strong></span> <span class='ocrx_word' id='word_1_734' title='bbox 1834 4037 2020 4078; x_wconf 68' lang='lat' dir='ltr'><strong>resur.</strong></span> 
     </span>
    </p>
   </div>
   <div class='ocr_carea' id='block_1_83' title="bbox 441 4106 2019 4184">
    <p class='ocr_par' dir='ltr' id='par_1_83' title="bbox 441 4106 2019 4184">
     <span class='ocr_line' id='line_1_94' title="bbox 441 4106 2019 4184; baseline 0.008 -25"><span class='ocrx_word' id='word_1_735' title='bbox 441 4111 535 4177; x_wconf 85' lang='lat' dir='ltr'><strong>gat</strong></span> <span class='ocrx_word' id='word_1_736' title='bbox 573 4106 657 4161; x_wconf 63' lang='grc' dir='ltr'><strong>ιιι</strong></span> <span class='ocrx_word' id='word_1_737' title='bbox 688 4125 709 4159; x_wconf 72' lang='grc' dir='ltr'>ι</span> <span class='ocrx_word' id='word_1_738' title='bbox 759 4109 905 4178; x_wconf 87' lang='lat' dir='ltr'><strong>quod</strong></span> <span class='ocrx_word' id='word_1_739' title='bbox 953 4109 1188 4164; x_wconf 87' lang='lat' dir='ltr'><strong>lucidius</strong></span> <span class='ocrx_word' id='word_1_740' title='bbox 1238 4113 1464 4181; x_wconf 87' lang='lat' dir='ltr'><strong>protulit</strong></span> <span class='ocrx_word' id='word_1_741' title='bbox 1525 4112 1888 4184; x_wconf 83' lang='lat' dir='ltr'><strong>Symmachus</strong></span> <span class='ocrx_word' id='word_1_742' title='bbox 1933 4115 2019 4172; x_wconf 80' lang='lat' dir='ltr'><strong>bis</strong></span> 
     </span>
    </p>
   </div>
   <div class='ocr_carea' id='block_1_84' title="bbox 440 4195 2024 4276">
    <p class='ocr_par' dir='ltr' id='par_1_84' title="bbox 440 4195 2012 4276">
     <span class='ocr_line' id='line_1_95' title="bbox 440 4195 2012 4276; baseline 0.007 -27"><span class='ocrx_word' id='word_1_743' title='bbox 440 4195 674 4253; x_wconf 78' lang='lat' dir='ltr'><strong>verbis:</strong></span> <span class='ocrx_word' id='word_1_744' title='bbox 730 4215 748 4248; x_wconf 74' lang='grc' dir='ltr'>ι</span> <span class='ocrx_word' id='word_1_745' title='bbox 801 4196 866 4250; x_wconf 87' lang='lat' dir='ltr'><strong>Et</strong></span> <span class='ocrx_word' id='word_1_746' title='bbox 911 4199 1003 4268; x_wconf 90' lang='lat' dir='ltr'><strong>qui</strong></span> <span class='ocrx_word' id='word_1_747' title='bbox 1052 4199 1255 4255; x_wconf 84' lang='lat' dir='ltr'><strong>cecidit</strong></span> <span class='ocrx_word' id='word_1_748' title='bbox 1311 4216 1421 4256; x_wconf 89' lang='lat' dir='ltr'><strong>non</strong></span> <span class='ocrx_word' id='word_1_749' title='bbox 1477 4203 1620 4256; x_wconf 91' lang='lat' dir='ltr'><strong>ultra</strong></span> <span class='ocrx_word' id='word_1_750' title='bbox 1683 4214 1951 4276; x_wconf 85' lang='lat' dir='ltr'><strong>resurget.</strong></span> <span class='ocrx_word' id='word_1_751' title='bbox 1993 4226 2012 4259; x_wconf 85' lang='grc'><strong>›</strong></span> 
     </span>
    </p>
   </div>
   <div class='ocr_carea' id='block_1_85' title="bbox 2126 4195 3664 4276">
    <p class='ocr_par' dir='ltr' id='par_1_85' title="bbox 2126 4197 3664 4275">
     <span class='ocr_line' id='line_1_96' title="bbox 2126 4197 3664 4275; baseline -0.001 -23"><span class='ocrx_word' id='word_1_752' title='bbox 2126 4219 2144 4252; x_wconf 77' lang='grc' dir='ltr'>ι</span> <span class='ocrx_word' id='word_1_753' title='bbox 2175 4204 2247 4255; x_wconf 81' lang='grc' dir='ltr'><strong>Σὺ</strong></span> <span class='ocrx_word' id='word_1_754' title='bbox 2279 4203 2355 4264; x_wconf 84' lang='grc' dir='ltr'><strong>δὲ,</strong></span> <span class='ocrx_word' id='word_1_755' title='bbox 2390 4202 2582 4275; x_wconf 82' lang='grc' dir='ltr'>Κύριε,</span> <span class='ocrx_word' id='word_1_756' title='bbox 2616 4201 2837 4269; x_wconf 86' lang='grc' dir='ltr'>ἐλέησόν</span> <span class='ocrx_word' id='word_1_757' title='bbox 2866 4218 2953 4272; x_wconf 91' lang='grc' dir='ltr'><strong>με,</strong></span> <span class='ocrx_word' id='word_1_758' title='bbox 3001 4202 3095 4255; x_wconf 61' lang='grc' dir='ltr'><strong>καὶ⁵</strong></span> <span class='ocrx_word' id='word_1_759' title='bbox 3145 4202 3445 4272; x_wconf 76' lang='grc' dir='ltr'>ἀνάστησόν</span> <span class='ocrx_word' id='word_1_760' title='bbox 3477 4218 3557 4272; x_wconf 89' lang='grc' dir='ltr'><strong>με,</strong></span> <span class='ocrx_word' id='word_1_761' title='bbox 3585 4197 3664 4252; x_wconf 83' lang='grc' dir='ltr'>καὶ</span> 
     </span>
    </p>
   </div>
   <div class='ocr_carea' id='block_1_86' title="bbox 439 4287 2024 4367">
    <p class='ocr_par' dir='ltr' id='par_1_86' title="bbox 439 4287 2019 4367">
     <span class='ocr_line' id='line_1_97' title="bbox 439 4287 2019 4367; baseline 0.007 -26"><span class='ocrx_word' id='word_1_762' title='bbox 439 4287 637 4358; x_wconf 79' lang='lat' dir='ltr'><strong>Aquila</strong></span> <span class='ocrx_word' id='word_1_763' title='bbox 670 4304 817 4352; x_wconf 80' lang='lat' dir='ltr'><strong>vero,</strong></span> <span class='ocrx_word' id='word_1_764' title='bbox 880 4309 898 4340; x_wconf 74' lang='grc' dir='ltr'><strong>ι</strong></span> <span class='ocrx_word' id='word_1_765' title='bbox 936 4289 1135 4361; x_wconf 85' lang='lat' dir='ltr'><strong>thui,</strong></span> <span class='ocrx_word' id='word_1_766' title='bbox 1168 4292 1368 4362; x_wconf 90' lang='lat' dir='ltr'><strong>inquit,</strong></span> <span class='ocrx_word' id='word_1_767' title='bbox 1402 4292 1708 4359; x_wconf 89' lang='lat' dir='ltr'><strong>dormierit,</strong></span> <span class='ocrx_word' id='word_1_768' title='bbox 1743 4311 1849 4352; x_wconf 93' lang='lat' dir='ltr'><strong>non</strong></span> <span class='ocrx_word' id='word_1_769' title='bbox 1881 4296 2019 4367; x_wconf 87' lang='lat' dir='ltr'><strong>adji-</strong></span> 
     </span>
    </p>
   </div>
   <div class='ocr_carea' id='block_1_87' title="bbox 2126 4287 3663 4367">
    <p class='ocr_par' dir='ltr' id='par_1_87' title="bbox 2126 4288 3663 4362">
     <span class='ocr_line' id='line_1_98' title="bbox 2126 4288 3663 4362; baseline -0.003 -15"><span class='ocrx_word' id='word_1_770' title='bbox 2126 4293 2483 4348; x_wconf 73' lang='grc' dir='ltr'>ἁνταποδώσω</span> <span class='ocrx_word' id='word_1_771' title='bbox 2507 4294 2709 4357; x_wconf 78' lang='grc' dir='ltr'>αὐτοῖς.</span> <span class='ocrx_word' id='word_1_772' title='bbox 2750 4294 2838 4346; x_wconf 83' lang='grc' dir='ltr'><strong>Ἐν</strong></span> <span class='ocrx_word' id='word_1_773' title='bbox 2867 4294 3040 4362; x_wconf 85' lang='grc' dir='ltr'>τούτῳ</span> <span class='ocrx_word' id='word_1_774' title='bbox 3064 4292 3253 4361; x_wconf 80' lang='grc' dir='ltr'>ἔγνων,</span> <span class='ocrx_word' id='word_1_775' title='bbox 3283 4294 3365 4346; x_wconf 82' lang='grc' dir='ltr'>ὅτι</span> <span class='ocrx_word' id='word_1_776' title='bbox 3398 4288 3663 4359; x_wconf 55' lang='lat' dir='ltr'><strong>manu;</strong></span> 
     </span>
    </p>
   </div>
   <div class='ocr_carea' id='block_1_88' title="bbox 440 4379 2024 4458">
    <p class='ocr_par' dir='ltr' id='par_1_88' title="bbox 440 4379 2021 4456">
     <span class='ocr_line' id='line_1_99' title="bbox 440 4379 2021 4456; baseline 0.007 -22"><span class='ocrx_word' id='word_1_777' title='bbox 440 4379 550 4434; x_wconf 76' lang='lat' dir='ltr'><strong>eiet</strong></span> <span class='ocrx_word' id='word_1_778' title='bbox 578 4385 639 4433; x_wconf 91' lang='lat' dir='ltr'><strong>ut</strong></span> <span class='ocrx_word' id='word_1_779' title='bbox 670 4389 923 4451; x_wconf 85' lang='lat' dir='ltr'><strong>resurgat</strong></span> <span class='ocrx_word' id='word_1_780' title='bbox 947 4380 993 4413; x_wconf 78' lang='lat'><strong>&quot;</strong></span> <span class='ocrx_word' id='word_1_781' title='bbox 1022 4402 1036 4437; x_wconf 88' lang='lat'><strong>:</strong></span> <span class='ocrx_word' id='word_1_782' title='bbox 1079 4403 1098 4435; x_wconf 83' lang='grc'><strong>›</strong></span> <span class='ocrx_word' id='word_1_783' title='bbox 1130 4392 1184 4438; x_wconf 91' lang='lat' dir='ltr'><strong>et</strong></span> <span class='ocrx_word' id='word_1_784' title='bbox 1212 4383 1328 4440; x_wconf 59' lang='lat' dir='ltr'><strong>bare</strong></span> <span class='ocrx_word' id='word_1_785' title='bbox 1370 4384 1591 4456; x_wconf 86' lang='lat' dir='ltr'><strong>quidem</strong></span> <span class='ocrx_word' id='word_1_786' title='bbox 1641 4386 1822 4444; x_wconf 88' lang='lat' dir='ltr'><strong>adhuc</strong></span> <span class='ocrx_word' id='word_1_787' title='bbox 1869 4404 2021 4445; x_wconf 87' lang='lat' dir='ltr'><strong>com-</strong></span> 
     </span>
    </p>
   </div>
   <div class='ocr_carea' id='block_1_89' title="bbox 2126 4379 3663 4458">
    <p class='ocr_par' dir='ltr' id='par_1_89' title="bbox 2126 4380 3663 4458">
     <span class='ocr_line' id='line_1_100' title="bbox 2126 4380 3663 4458; baseline -0.003 -19"><span class='ocrx_word' id='word_1_788' title='bbox 2126 4403 2211 4456; x_wconf 78' lang='grc' dir='ltr'><strong>με,</strong></span> <span class='ocrx_word' id='word_1_789' title='bbox 2242 4387 2323 4439; x_wconf 85' lang='grc' dir='ltr'><strong>ὃτι</strong></span> <span class='ocrx_word' id='word_1_790' title='bbox 2347 4386 2407 4437; x_wconf 78' lang='grc' dir='ltr'><strong>οὐ</strong></span> <span class='ocrx_word' id='word_1_791' title='bbox 2445 4384 2519 4456; x_wconf 84' lang='grc' dir='ltr'>μὴ</span> <span class='ocrx_word' id='word_1_792' title='bbox 2556 4386 2790 4458; x_wconf 82' lang='grc' dir='ltr'>ἐπιχαρῇ</span> <span class='ocrx_word' id='word_1_793' title='bbox 2823 4388 2851 4439; x_wconf 95' lang='lat'><strong>6</strong></span> <span class='ocrx_word' id='word_1_794' title='bbox 2896 4384 3089 4456; x_wconf 83' lang='grc' dir='ltr'>ἐχθρός</span> <span class='ocrx_word' id='word_1_795' title='bbox 3113 4401 3215 4455; x_wconf 89' lang='grc' dir='ltr'><strong>μου</strong></span> <span class='ocrx_word' id='word_1_796' title='bbox 3252 4386 3341 4436; x_wconf 85' lang='grc' dir='ltr'>ἐπ’</span> <span class='ocrx_word' id='word_1_797' title='bbox 3375 4384 3514 4456; x_wconf 86' lang='grc' dir='ltr'>ἐμοί.</span> <span class='ocrx_word' id='word_1_798' title='bbox 3537 4380 3663 4435; x_wconf 78' lang='grc' dir='ltr'><strong>»Καὶ</strong></span> 
     </span>
    </p>
   </div>
   <div class='ocr_carea' id='block_1_90' title="bbox 439 4470 2024 4551">
    <p class='ocr_par' dir='ltr' id='par_1_90' title="bbox 439 4470 2014 4551">
     <span class='ocr_line' id='line_1_101' title="bbox 439 4470 2014 4551; baseline 0.008 -28"><span class='ocrx_word' id='word_1_799' title='bbox 439 4472 684 4526; x_wconf 86' lang='lat' dir='ltr'><strong>muniter</strong></span> <span class='ocrx_word' id='word_1_800' title='bbox 721 4470 791 4527; x_wconf 92' lang='lat' dir='ltr'><strong>de</strong></span> <span class='ocrx_word' id='word_1_801' title='bbox 841 4473 1118 4530; x_wconf 80' lang='lat' dir='ltr'><strong>universis</strong></span> <span class='ocrx_word' id='word_1_802' title='bbox 1175 4476 1320 4531; x_wconf 90' lang='lat' dir='ltr'><strong>dicta</strong></span> <span class='ocrx_word' id='word_1_803' title='bbox 1353 4486 1503 4541; x_wconf 89' lang='lat' dir='ltr'><strong>sunt,</strong></span> <span class='ocrx_word' id='word_1_804' title='bbox 1558 4478 1653 4549; x_wconf 92' lang='lat' dir='ltr'><strong>qui</strong></span> <span class='ocrx_word' id='word_1_805' title='bbox 1703 4480 1806 4536; x_wconf 92' lang='lat' dir='ltr'><strong>sub</strong></span> <span class='ocrx_word' id='word_1_806' title='bbox 1838 4481 2014 4551; x_wconf 88' lang='lat' dir='ltr'><strong>ipsum</strong></span> 
     </span>
    </p>
   </div>
   <div class='ocr_carea' id='block_1_91' title="bbox 2126 4470 3663 4551">
    <p class='ocr_par' dir='ltr' id='par_1_91' title="bbox 2126 4472 3663 4548">
     <span class='ocr_line' id='line_1_102' title="bbox 2126 4472 3663 4548; baseline -0.003 -19"><span class='ocrx_word' id='word_1_807' title='bbox 2126 4474 2386 4547; x_wconf 73' lang='grc' dir='ltr'>πρόδηλόν</span> <span class='ocrx_word' id='word_1_808' title='bbox 2422 4492 2487 4544; x_wconf 87' lang='grc' dir='ltr'><strong>γε</strong></span> <span class='ocrx_word' id='word_1_809' title='bbox 2523 4475 2645 4529; x_wconf 88' lang='grc' dir='ltr'>τίνα</span> <span class='ocrx_word' id='word_1_810' title='bbox 2692 4477 2892 4548; x_wconf 82' lang='grc' dir='ltr'>τρόπον</span> <span class='ocrx_word' id='word_1_811' title='bbox 2920 4476 3058 4548; x_wconf 81' lang='grc' dir='ltr'>μετὰ</span> <span class='ocrx_word' id='word_1_812' title='bbox 3088 4476 3185 4548; x_wconf 84' lang='grc' dir='ltr'>τὴν</span> <span class='ocrx_word' id='word_1_813' title='bbox 3217 4479 3279 4530; x_wconf 87' lang='grc' dir='ltr'><strong>ἐκ</strong></span> <span class='ocrx_word' id='word_1_814' title='bbox 3309 4476 3513 4548; x_wconf 81' lang='grc' dir='ltr'>νεκρῶν</span> <span class='ocrx_word' id='word_1_815' title='bbox 3552 4472 3663 4529; x_wconf 79' lang='grc' dir='ltr'>ἀνά·</span> 
     </span>
    </p>
   </div>
   <div class='ocr_carea' id='block_1_92' title="bbox 438 4563 2024 4641">
    <p class='ocr_par' dir='ltr' id='par_1_92' title="bbox 438 4563 2013 4637">
     <span class='ocr_line' id='line_1_103' title="bbox 438 4563 2013 4637; baseline 0.009 -20"><span class='ocrx_word' id='word_1_816' title='bbox 438 4563 718 4633; x_wconf 87' lang='lat' dir='ltr'><strong>passionis</strong></span> <span class='ocrx_word' id='word_1_817' title='bbox 760 4572 978 4637; x_wconf 86' lang='lat' dir='ltr'><strong>tempus</strong></span> <span class='ocrx_word' id='word_1_818' title='bbox 1007 4567 1237 4625; x_wconf 89' lang='lat' dir='ltr'><strong>insidias</strong></span> <span class='ocrx_word' id='word_1_819' title='bbox 1268 4569 1346 4624; x_wconf 89' lang='lat' dir='ltr'><strong>illi</strong></span> <span class='ocrx_word' id='word_1_820' title='bbox 1381 4569 1647 4626; x_wconf 80' lang='lat' dir='ltr'><strong>fecerunt.</strong></span> <span class='ocrx_word' id='word_1_821' title='bbox 1680 4571 2013 4631; x_wconf 85' lang='lat' dir='ltr'><strong>Atseorsum</strong></span> 
     </span>
    </p>
   </div>
   <div class='ocr_carea' id='block_1_93' title="bbox 2126 4563 3661 4641">
    <p class='ocr_par' dir='ltr' id='par_1_93' title="bbox 2126 4566 3661 4641">
     <span class='ocr_line' id='line_1_104' title="bbox 2126 4566 3661 4641; baseline -0.001 -22"><span class='ocrx_word' id='word_1_822' title='bbox 2126 4582 2301 4619; x_wconf 71' lang='lat' dir='ltr'><strong>naaw</strong></span> <span class='ocrx_word' id='word_1_823' title='bbox 2324 4566 2509 4631; x_wconf 72' lang='grc' dir='ltr'>αὑτοῦ,</span> <span class='ocrx_word' id='word_1_824' title='bbox 2540 4568 2878 4638; x_wconf 84' lang='grc' dir='ltr'>παραχρῆμα</span> <span class='ocrx_word' id='word_1_825' title='bbox 2929 4569 3025 4620; x_wconf 71' lang='grc' dir='ltr'><strong>καὶ</strong></span> <span class='ocrx_word' id='word_1_826' title='bbox 3054 4569 3155 4622; x_wconf 85' lang='grc' dir='ltr'><strong>οὐκ</strong></span> <span class='ocrx_word' id='word_1_827' title='bbox 3186 4570 3266 4632; x_wconf 86' lang='grc' dir='ltr'><strong>είς</strong></span> <span class='ocrx_word' id='word_1_828' title='bbox 3301 4568 3513 4641; x_wconf 75' lang='grc' dir='ltr'>μακρὰν</span> <span class='ocrx_word' id='word_1_829' title='bbox 3550 4579 3661 4637; x_wconf 85' lang='grc' dir='ltr'>μετ-</span> 
     </span>
    </p>
   </div>
   <div class='ocr_carea' id='block_1_94' title="bbox 440 4656 2024 4737">
    <p class='ocr_par' dir='ltr' id='par_1_94' title="bbox 440 4656 2017 4737">
     <span class='ocr_line' id='line_1_105' title="bbox 440 4656 2017 4737; baseline 0.008 -28"><span class='ocrx_word' id='word_1_830' title='bbox 440 4656 508 4711; x_wconf 88' lang='lat' dir='ltr'><strong>de</strong></span> <span class='ocrx_word' id='word_1_831' title='bbox 530 4657 829 4726; x_wconf 90' lang='lat' dir='ltr'><strong>proditore,</strong></span> <span class='ocrx_word' id='word_1_832' title='bbox 885 4669 1144 4729; x_wconf 87' lang='lat' dir='ltr'><strong>tanquam</strong></span> <span class='ocrx_word' id='word_1_833' title='bbox 1174 4661 1240 4716; x_wconf 86' lang='lat' dir='ltr'><strong>de</strong></span> <span class='ocrx_word' id='word_1_834' title='bbox 1271 4677 1336 4718; x_wconf 91' lang='lat' dir='ltr'><strong>eo</strong></span> <span class='ocrx_word' id='word_1_835' title='bbox 1357 4678 1515 4732; x_wconf 84' lang='lat' dir='ltr'><strong>quem</strong></span> <span class='ocrx_word' id='word_1_836' title='bbox 1542 4664 1656 4734; x_wconf 89' lang='lat' dir='ltr'><strong>ipse</strong></span> <span class='ocrx_word' id='word_1_837' title='bbox 1682 4675 1741 4720; x_wconf 90' lang='lat' dir='ltr'><strong>ut</strong></span> <span class='ocrx_word' id='word_1_838' title='bbox 1774 4666 2017 4737; x_wconf 88' lang='lat' dir='ltr'><strong>discipu-</strong></span> 
     </span>
    </p>
   </div>
   <div class='ocr_carea' id='block_1_95' title="bbox 2126 4656 3658 4737">
    <p class='ocr_par' dir='ltr' id='par_1_95' title="bbox 2126 4659 3658 4733">
     <span class='ocr_line' id='line_1_106' title="bbox 2126 4659 3658 4733; baseline 0.001 -21"><span class='ocrx_word' id='word_1_839' title='bbox 2126 4659 2251 4730; x_wconf 80' lang='grc' dir='ltr'>ἦλθε</span> <span class='ocrx_word' id='word_1_840' title='bbox 2300 4662 2425 4723; x_wconf 77' lang='grc' dir='ltr'>τοὺς</span> <span class='ocrx_word' id='word_1_841' title='bbox 2474 4659 2999 4724; x_wconf 85' lang='grc' dir='ltr'>ἐπιϐεϐουλευκότας</span> <span class='ocrx_word' id='word_1_842' title='bbox 3044 4661 3257 4733; x_wconf 79' lang='grc' dir='ltr'>αὐτῷὴ</span> <span class='ocrx_word' id='word_1_843' title='bbox 3308 4659 3658 4720; x_wconf 78' lang='grc' dir='ltr'>ὰνταπόδοσις.</span> 
     </span>
    </p>
   </div>
   <div class='ocr_carea' id='block_1_96' title="bbox 441 4749 2024 4825">
    <p class='ocr_par' dir='ltr' id='par_1_96' title="bbox 441 4749 2016 4825">
     <span class='ocr_line' id='line_1_107' title="bbox 441 4749 2016 4825; baseline 0.007 -24"><span class='ocrx_word' id='word_1_844' title='bbox 441 4749 552 4802; x_wconf 89' lang='lat' dir='ltr'><strong>lum</strong></span> <span class='ocrx_word' id='word_1_845' title='bbox 586 4749 936 4816; x_wconf 83' lang='lat' dir='ltr'><strong>instituisset,</strong></span> <span class='ocrx_word' id='word_1_846' title='bbox 973 4753 1233 4823; x_wconf 86' lang='lat' dir='ltr'><strong>deinceps</strong></span> <span class='ocrx_word' id='word_1_847' title='bbox 1285 4754 1554 4825; x_wconf 83' lang='lat' dir='ltr'><strong>adjungit,</strong></span> <span class='ocrx_word' id='word_1_848' title='bbox 1581 4755 1771 4813; x_wconf 86' lang='lat' dir='ltr'><strong>dicens</strong></span> <span class='ocrx_word' id='word_1_849' title='bbox 1806 4773 1819 4810; x_wconf 93' lang='lat'><strong>:</strong></span> <span class='ocrx_word' id='word_1_850' title='bbox 1866 4777 1885 4810; x_wconf 73' lang='grc' dir='ltr'>ι</span> <span class='ocrx_word' id='word_1_851' title='bbox 1922 4757 2016 4812; x_wconf 86' lang='lat' dir='ltr'><strong>Et-</strong></span> 
     </span>
    </p>
   </div>
   <div class='ocr_carea' id='block_1_97' title="bbox 2126 4749 3661 4825">
    <p class='ocr_par' dir='ltr' id='par_1_97' title="bbox 2126 4751 3661 4824">
     <span class='ocr_line' id='line_1_108' title="bbox 2126 4751 3661 4824; baseline -0.002 -18"><span class='ocrx_word' id='word_1_852' title='bbox 2126 4754 2260 4816; x_wconf 71' lang='grc' dir='ltr'>Βπως</span> <span class='ocrx_word' id='word_1_853' title='bbox 2293 4769 2352 4806; x_wconf 90' lang='grc' dir='ltr'><strong>τε</strong></span> <span class='ocrx_word' id='word_1_854' title='bbox 2379 4755 2408 4806; x_wconf 92' lang='lat'><strong>6</strong></span> <span class='ocrx_word' id='word_1_855' title='bbox 2438 4752 2629 4824; x_wconf 86' lang='grc' dir='ltr'>ἐχθρὸς</span> <span class='ocrx_word' id='word_1_856' title='bbox 2655 4751 2845 4817; x_wconf 81' lang='grc' dir='ltr'>αὑτοῦ,</span> <span class='ocrx_word' id='word_1_857' title='bbox 2877 4751 3024 4824; x_wconf 78' lang='grc' dir='ltr'>ζωῆς</span> <span class='ocrx_word' id='word_1_858' title='bbox 3056 4753 3429 4824; x_wconf 82' lang='grc' dir='ltr'>τυγχάνοντος,</span> <span class='ocrx_word' id='word_1_859' title='bbox 3458 4752 3661 4811; x_wconf 79' lang='grc' dir='ltr'>θάνατος</span> 
     </span>
    </p>
   </div>
   <div class='ocr_carea' id='block_1_98' title="bbox 439 4840 2024 4919">
    <p class='ocr_par' dir='ltr' id='par_1_98' title="bbox 439 4841 2014 4919">
     <span class='ocr_line' id='line_1_109' title="bbox 439 4841 2014 4919; baseline 0.004 -22"><span class='ocrx_word' id='word_1_860' title='bbox 439 4841 587 4897; x_wconf 88' lang='lat' dir='ltr'><strong>enim</strong></span> <span class='ocrx_word' id='word_1_861' title='bbox 612 4841 776 4898; x_wconf 88' lang='lat' dir='ltr'><strong>humo</strong></span> <span class='ocrx_word' id='word_1_862' title='bbox 811 4846 963 4914; x_wconf 84' lang='lat' dir='ltr'><strong>pacis</strong></span> <span class='ocrx_word' id='word_1_863' title='bbox 998 4860 1150 4910; x_wconf 70' lang='lat' dir='ltr'><strong>meae,</strong></span> <span class='ocrx_word' id='word_1_864' title='bbox 1183 4846 1241 4900; x_wconf 88' lang='lat' dir='ltr'><strong>in</strong></span> <span class='ocrx_word' id='word_1_865' title='bbox 1292 4862 1402 4917; x_wconf 90' lang='lat' dir='ltr'><strong>quo</strong></span> <span class='ocrx_word' id='word_1_866' title='bbox 1432 4848 1666 4917; x_wconf 85' lang='lat' dir='ltr'><strong>speravi,</strong></span> <span class='ocrx_word' id='word_1_867' title='bbox 1698 4849 1788 4919; x_wconf 89' lang='lat' dir='ltr'><strong>qui</strong></span> <span class='ocrx_word' id='word_1_868' title='bbox 1820 4850 2014 4904; x_wconf 85' lang='lat' dir='ltr'><strong>edebat</strong></span> 
     </span>
    </p>
   </div>
   <div class='ocr_carea' id='block_1_99' title="bbox 2126 4840 3659 4919">
    <p class='ocr_par' dir='ltr' id='par_1_99' title="bbox 2126 4840 3659 4918">
     <span class='ocr_line' id='line_1_110' title="bbox 2126 4840 3659 4918; baseline -0.003 -21"><span class='ocrx_word' id='word_1_869' title='bbox 2126 4843 2480 4918; x_wconf 71' lang='grc' dir='ltr'>κατῃσχύνθη,</span> <span class='ocrx_word' id='word_1_870' title='bbox 2502 4844 2643 4897; x_wconf 81' lang='grc' dir='ltr'>ὥστε</span> <span class='ocrx_word' id='word_1_871' title='bbox 2666 4846 2789 4909; x_wconf 85' lang='grc' dir='ltr'>τοὺς</span> <span class='ocrx_word' id='word_1_872' title='bbox 2818 4846 3240 4911; x_wconf 80' lang='grc' dir='ltr'>ἐπονειδίξοντας</span> <span class='ocrx_word' id='word_1_873' title='bbox 3275 4848 3479 4899; x_wconf 73' lang='grc' dir='ltr'>εἰπεῖν’</span> <span class='ocrx_word' id='word_1_874' title='bbox 3513 4864 3531 4894; x_wconf 76' lang='grc' dir='ltr'>ι</span> <span class='ocrx_word' id='word_1_875' title='bbox 3567 4840 3659 4894; x_wconf 86' lang='grc' dir='ltr'>Ποῦ</span> 
     </span>
    </p>
   </div>
   <div class='ocr_carea' id='block_1_100' title="bbox 439 4936 2024 5010">
    <p class='ocr_par' dir='ltr' id='par_1_100' title="bbox 439 4937 2010 5010">
     <span class='ocr_line' id='line_1_111' title="bbox 439 4937 2010 5010; baseline 0.005 -22"><span class='ocrx_word' id='word_1_876' title='bbox 439 4947 609 5001; x_wconf 84' lang='lat' dir='ltr'><strong>panes</strong></span> <span class='ocrx_word' id='word_1_877' title='bbox 643 4948 816 5002; x_wconf 87' lang='lat' dir='ltr'><strong>meos,</strong></span> <span class='ocrx_word' id='word_1_878' title='bbox 848 4937 1215 5007; x_wconf 81' lang='lat' dir='ltr'><strong>magniﬁcavit</strong></span> <span class='ocrx_word' id='word_1_879' title='bbox 1261 4953 1426 5008; x_wconf 84' lang='lat' dir='ltr'><strong>super</strong></span> <span class='ocrx_word' id='word_1_880' title='bbox 1469 4954 1555 4994; x_wconf 90' lang='lat' dir='ltr'><strong>me</strong></span> <span class='ocrx_word' id='word_1_881' title='bbox 1609 4941 2010 5010; x_wconf 89' lang='lat' dir='ltr'><strong>supplantatio-</strong></span> 
     </span>
    </p>
   </div>
   <div class='ocr_carea' id='block_1_101' title="bbox 2126 4936 3656 5010">
    <p class='ocr_par' dir='ltr' id='par_1_101' title="bbox 2126 4936 3656 5009">
     <span class='ocr_line' id='line_1_112' title="bbox 2126 4936 3656 5009; baseline -0.002 -18"><span class='ocrx_word' id='word_1_882' title='bbox 2126 4955 2232 5003; x_wconf 77' lang='grc' dir='ltr'>σου,</span> <span class='ocrx_word' id='word_1_883' title='bbox 2256 4937 2474 5000; x_wconf 87' lang='grc' dir='ltr'>θάνατε,</span> <span class='ocrx_word' id='word_1_884' title='bbox 2500 4937 2561 4991; x_wconf 85' lang='grc' dir='ltr'><strong>τὸ</strong></span> <span class='ocrx_word' id='word_1_885' title='bbox 2581 4936 2835 5009; x_wconf 87' lang='grc' dir='ltr'>κέντρον;</span> <span class='ocrx_word' id='word_1_886' title='bbox 2864 4937 2966 4990; x_wconf 89' lang='grc' dir='ltr'><strong>ποῦ</strong></span> <span class='ocrx_word' id='word_1_887' title='bbox 2997 4955 3110 5002; x_wconf 90' lang='grc' dir='ltr'>σου,</span> <span class='ocrx_word' id='word_1_888' title='bbox 3140 4938 3355 5001; x_wconf 88' lang='grc' dir='ltr'>θάνατε,</span> <span class='ocrx_word' id='word_1_889' title='bbox 3384 4937 3444 4990; x_wconf 84' lang='grc' dir='ltr'><strong>τὸ</strong></span> <span class='ocrx_word' id='word_1_890' title='bbox 3468 4940 3656 4998; x_wconf 68' lang='grc' dir='ltr'>νῖκοςν</span> 
     </span>
    </p>
   </div>
   <div class='ocr_carea' id='block_1_102' title="bbox 442 5026 2024 5104">
    <p class='ocr_par' dir='ltr' id='par_1_102' title="bbox 442 5027 2008 5104">
     <span class='ocr_line' id='line_1_113' title="bbox 442 5027 2008 5104; baseline 0.006 -22"><span class='ocrx_word' id='word_1_891' title='bbox 442 5042 567 5083; x_wconf 89' lang='lat' dir='ltr'><strong>nem</strong></span> <span class='ocrx_word' id='word_1_892' title='bbox 602 5027 667 5083; x_wconf 78' lang='lat'><strong>“.</strong></span> <span class='ocrx_word' id='word_1_893' title='bbox 700 5050 719 5082; x_wconf 72' lang='grc' dir='ltr'><strong>ι</strong></span> <span class='ocrx_word' id='word_1_894' title='bbox 752 5028 860 5084; x_wconf 89' lang='lat' dir='ltr'><strong>Pro</strong></span> <span class='ocrx_word' id='word_1_895' title='bbox 894 5047 1001 5101; x_wconf 90' lang='lat' dir='ltr'><strong>quo</strong></span> <span class='ocrx_word' id='word_1_896' title='bbox 1032 5048 1249 5087; x_wconf 88' lang='lat' dir='ltr'><strong>rursum</strong></span> <span class='ocrx_word' id='word_1_897' title='bbox 1275 5030 1632 5104; x_wconf 87' lang='lat' dir='ltr'><strong>Symmachus</strong></span> <span class='ocrx_word' id='word_1_898' title='bbox 1668 5034 1803 5090; x_wconf 73' lang='lat' dir='ltr'><strong>:«Et</strong></span> <span class='ocrx_word' id='word_1_899' title='bbox 1825 5036 2008 5100; x_wconf 87' lang='lat' dir='ltr'><strong>homo,</strong></span> 
     </span>
    </p>
   </div>
   <div class='ocr_carea' id='block_1_103' title="bbox 2126 5026 3660 5104">
    <p class='ocr_par' dir='ltr' id='par_1_103' title="bbox 2129 5026 3660 5102">
     <span class='ocr_line' id='line_1_114' title="bbox 2129 5026 3660 5102; baseline -0.003 -18"><span class='ocrx_word' id='word_1_900' title='bbox 2129 5029 2396 5101; x_wconf 86' lang='grc' dir='ltr'>Ἐντυχὼν</span> <span class='ocrx_word' id='word_1_901' title='bbox 2427 5029 2484 5083; x_wconf 85' lang='grc' dir='ltr'><strong>δέ</strong></span> <span class='ocrx_word' id='word_1_902' title='bbox 2510 5047 2594 5093; x_wconf 90' lang='grc' dir='ltr'><strong>τις</strong></span> <span class='ocrx_word' id='word_1_903' title='bbox 2621 5034 2741 5095; x_wconf 81' lang='grc' dir='ltr'>ταῖς</span> <span class='ocrx_word' id='word_1_904' title='bbox 2768 5032 2906 5101; x_wconf 78' lang='grc' dir='ltr'>μετὰ</span> <span class='ocrx_word' id='word_1_905' title='bbox 2933 5031 3029 5102; x_wconf 81' lang='grc' dir='ltr'><strong>τὴν</strong></span> <span class='ocrx_word' id='word_1_906' title='bbox 3060 5030 3352 5085; x_wconf 82' lang='grc' dir='ltr'>ἀνάστασιν</span> <span class='ocrx_word' id='word_1_907' title='bbox 3385 5028 3477 5083; x_wconf 86' lang='grc' dir='ltr'><strong>τοῦ</strong></span> <span class='ocrx_word' id='word_1_908' title='bbox 3499 5026 3660 5095; x_wconf 81' lang='grc' dir='ltr'>Σωτῆ-</span> 
     </span>
    </p>
   </div>
   <div class='ocr_carea' id='block_1_104' title="bbox 439 5116 2024 5197">
    <p class='ocr_par' dir='ltr' id='par_1_104' title="bbox 439 5116 2011 5193">
     <span class='ocr_line' id='line_1_115' title="bbox 439 5116 2011 5193; baseline 0.006 -23"><span class='ocrx_word' id='word_1_909' title='bbox 439 5116 639 5188; x_wconf 88' lang='lat' dir='ltr'><strong>inquit,</strong></span> <span class='ocrx_word' id='word_1_910' title='bbox 662 5120 756 5189; x_wconf 87' lang='lat' dir='ltr'><strong>qui</strong></span> <span class='ocrx_word' id='word_1_911' title='bbox 792 5135 976 5191; x_wconf 87' lang='lat' dir='ltr'><strong>pacem</strong></span> <span class='ocrx_word' id='word_1_912' title='bbox 1006 5122 1236 5178; x_wconf 89' lang='lat' dir='ltr'><strong>habebat</strong></span> <span class='ocrx_word' id='word_1_913' title='bbox 1264 5139 1497 5189; x_wconf 87' lang='lat' dir='ltr'><strong>mecum,</strong></span> <span class='ocrx_word' id='word_1_914' title='bbox 1532 5126 1620 5180; x_wconf 92' lang='lat' dir='ltr'><strong>cui</strong></span> <span class='ocrx_word' id='word_1_915' title='bbox 1649 5126 2011 5193; x_wconf 82' lang='lat' dir='ltr'><strong>conlidebam,</strong></span> 
     </span>
    </p>
   </div>
   <div class='ocr_carea' id='block_1_105' title="bbox 2126 5116 3660 5197">
    <p class='ocr_par' dir='ltr' id='par_1_105' title="bbox 2126 5121 3660 5197">
     <span class='ocr_line' id='line_1_116' title="bbox 2126 5121 3660 5197; baseline -0.004 -21"><span class='ocrx_word' id='word_1_916' title='bbox 2126 5140 2209 5191; x_wconf 88' lang='grc' dir='ltr'><strong>ρος</strong></span> <span class='ocrx_word' id='word_1_917' title='bbox 2234 5126 2266 5195; x_wconf 83' lang='grc' dir='ltr'><strong>ή</strong></span> <span class='ocrx_word' id='word_1_918' title='bbox 2277 5124 2391 5195; x_wconf 86' lang='grc' dir='ltr'><strong>μῶν</strong></span> <span class='ocrx_word' id='word_1_919' title='bbox 2428 5126 2686 5196; x_wconf 80' lang='grc' dir='ltr'>ἱστορίαις</span> <span class='ocrx_word' id='word_1_920' title='bbox 2713 5123 2791 5196; x_wconf 79' lang='grc' dir='ltr'><strong>τῷ</strong></span> <span class='ocrx_word' id='word_1_921' title='bbox 2836 5125 3079 5197; x_wconf 76' lang='grc' dir='ltr'>Ἰωσήπῳ</span> <span class='ocrx_word' id='word_1_922' title='bbox 3106 5123 3448 5195; x_wconf 83' lang='grc' dir='ltr'>γραφείσαις,</span> <span class='ocrx_word' id='word_1_923' title='bbox 3482 5121 3660 5174; x_wconf 69' lang='grc' dir='ltr'>εἵσεται</span> 
     </span>
    </p>
   </div>
   <div class='ocr_carea' id='block_1_106' title="bbox 438 5208 2024 5288">
    <p class='ocr_par' dir='ltr' id='par_1_106' title="bbox 438 5208 2017 5288">
     <span class='ocr_line' id='line_1_117' title="bbox 438 5208 2017 5288; baseline 0.008 -28"><span class='ocrx_word' id='word_1_924' title='bbox 438 5208 733 5266; x_wconf 83' lang='lat' dir='ltr'><strong>comedens</strong></span> <span class='ocrx_word' id='word_1_925' title='bbox 779 5225 991 5267; x_wconf 90' lang='lat' dir='ltr'><strong>mecum</strong></span> <span class='ocrx_word' id='word_1_926' title='bbox 1023 5227 1216 5283; x_wconf 90' lang='lat' dir='ltr'><strong>panem</strong></span> <span class='ocrx_word' id='word_1_927' title='bbox 1265 5229 1469 5284; x_wconf 90' lang='lat' dir='ltr'><strong>meum,</strong></span> <span class='ocrx_word' id='word_1_928' title='bbox 1505 5216 1883 5288; x_wconf 76' lang='lat' dir='ltr'><strong>magniﬁcatus</strong></span> <span class='ocrx_word' id='word_1_929' title='bbox 1928 5225 2017 5273; x_wconf 91' lang='lat' dir='ltr'><strong>est</strong></span> 
     </span>
    </p>
   </div>
   <div class='ocr_carea' id='block_1_107' title="bbox 2126 5208 3661 5288">
    <p class='ocr_par' dir='ltr' id='par_1_107' title="bbox 2126 5213 3661 5288">
     <span class='ocr_line' id='line_1_118' title="bbox 2126 5213 3661 5288; baseline -0.007 -18"><span class='ocrx_word' id='word_1_930' title='bbox 2126 5217 2217 5281; x_wconf 78' lang='grc' dir='ltr'>τὰς</span> <span class='ocrx_word' id='word_1_931' title='bbox 2248 5218 2610 5288; x_wconf 84' lang='grc' dir='ltr'>μετελθούσας</span> <span class='ocrx_word' id='word_1_932' title='bbox 2641 5218 2701 5271; x_wconf 78' lang='grc' dir='ltr'>τὸ</span> <span class='ocrx_word' id='word_1_933' title='bbox 2733 5218 2999 5271; x_wconf 87' lang='grc' dir='ltr'>Ἰουδαίων</span> <span class='ocrx_word' id='word_1_934' title='bbox 3039 5217 3189 5280; x_wconf 77' lang='grc' dir='ltr'>ἔθνος</span> <span class='ocrx_word' id='word_1_935' title='bbox 3221 5217 3312 5270; x_wconf 77' lang='grc' dir='ltr'><strong>καὶ</strong></span> <span class='ocrx_word' id='word_1_936' title='bbox 3351 5215 3476 5278; x_wconf 76' lang='grc' dir='ltr'>τοὺς</span> <span class='ocrx_word' id='word_1_937' title='bbox 3493 5213 3661 5282; x_wconf 77' lang='grc' dir='ltr'>ἄρχονο</span> 
     </span>
    </p>
   </div>
   <div class='ocr_carea' id='block_1_108' title="bbox 438 5301 2024 5380">
    <p class='ocr_par' dir='ltr' id='par_1_108' title="bbox 438 5301 2015 5365">
     <span class='ocr_line' id='line_1_119' title="bbox 438 5301 2015 5365; baseline 0.008 -13"><span class='ocrx_word' id='word_1_938' title='bbox 438 5308 629 5354; x_wconf 88' lang='lat' dir='ltr'><strong>contra</strong></span> <span class='ocrx_word' id='word_1_939' title='bbox 689 5317 796 5357; x_wconf 91' lang='lat' dir='ltr'><strong>me.</strong></span> <span class='ocrx_word' id='word_1_940' title='bbox 835 5321 854 5353; x_wconf 75' lang='grc' dir='ltr'><strong>ι</strong></span> <span class='ocrx_word' id='word_1_941' title='bbox 919 5301 1201 5360; x_wconf 90' lang='lat' dir='ltr'><strong>Pessimus</strong></span> <span class='ocrx_word' id='word_1_942' title='bbox 1244 5306 1390 5361; x_wconf 89' lang='lat' dir='ltr'><strong>enim</strong></span> <span class='ocrx_word' id='word_1_943' title='bbox 1446 5323 1636 5364; x_wconf 86' lang='lat' dir='ltr'><strong>revera</strong></span> <span class='ocrx_word' id='word_1_944' title='bbox 1682 5308 1927 5364; x_wconf 89' lang='lat' dir='ltr'><strong>omnium</strong></span> <span class='ocrx_word' id='word_1_945' title='bbox 1960 5316 2015 5365; x_wconf 90' lang='lat' dir='ltr'><strong>et</strong></span> 
     </span>
    </p>
   </div>
   <div class='ocr_carea' id='block_1_109' title="bbox 2126 5301 3657 5380">
    <p class='ocr_par' dir='ltr' id='par_1_109' title="bbox 2126 5303 3657 5380">
     <span class='ocr_line' id='line_1_120' title="bbox 2126 5303 3657 5380; baseline 0 -19"><span class='ocrx_word' id='word_1_946' title='bbox 2126 5324 2217 5372; x_wconf 84' lang='grc' dir='ltr'><strong>τας</strong></span> <span class='ocrx_word' id='word_1_947' title='bbox 2249 5306 2425 5362; x_wconf 76' lang='grc' dir='ltr'>αὐτῶν</span> <span class='ocrx_word' id='word_1_948' title='bbox 2460 5307 2761 5380; x_wconf 79' lang='grc' dir='ltr'>συμφορὰς,</span> <span class='ocrx_word' id='word_1_949' title='bbox 2805 5304 2894 5371; x_wconf 79' lang='grc' dir='ltr'>αἷς</span> <span class='ocrx_word' id='word_1_950' title='bbox 2931 5308 3156 5372; x_wconf 74' lang='grc' dir='ltr'>εἰκότως</span> <span class='ocrx_word' id='word_1_951' title='bbox 3214 5303 3657 5377; x_wconf 71' lang='grc' dir='ltr'>περιπεπτωκασιυ</span> 
     </span>
    </p>
   </div>
   <div class='ocr_carea' id='block_1_110' title="bbox 439 5390 2024 5472">
    <p class='ocr_par' dir='ltr' id='par_1_110' title="bbox 439 5390 2012 5466">
     <span class='ocr_line' id='line_1_121' title="bbox 439 5390 2012 5466; baseline 0.01 -25"><span class='ocrx_word' id='word_1_952' title='bbox 439 5390 923 5460; x_wconf 83' lang='lat' dir='ltr'><strong>sceleratissimus,</strong></span> <span class='ocrx_word' id='word_1_953' title='bbox 952 5395 1046 5466; x_wconf 91' lang='lat' dir='ltr'><strong>qui</strong></span> <span class='ocrx_word' id='word_1_954' title='bbox 1077 5405 1201 5466; x_wconf 89' lang='lat' dir='ltr'><strong>post</strong></span> <span class='ocrx_word' id='word_1_955' title='bbox 1258 5412 1604 5455; x_wconf 89' lang='lat' dir='ltr'><strong>communem</strong></span> <span class='ocrx_word' id='word_1_956' title='bbox 1658 5416 1923 5466; x_wconf 87' lang='lat' dir='ltr'><strong>mensam,</strong></span> <span class='ocrx_word' id='word_1_957' title='bbox 1959 5410 2012 5457; x_wconf 89' lang='lat' dir='ltr'><strong>et</strong></span> 
     </span>
    </p>
   </div>
   <div class='ocr_carea' id='block_1_111' title="bbox 2126 5390 3656 5472">
    <p class='ocr_par' dir='ltr' id='par_1_111' title="bbox 2126 5395 3656 5472">
     <span class='ocr_line' id='line_1_122' title="bbox 2126 5395 3656 5472; baseline 0 -19"><span class='ocrx_word' id='word_1_958' title='bbox 2126 5400 2185 5454; x_wconf 75' lang='grc' dir='ltr'>τὰ</span> <span class='ocrx_word' id='word_1_959' title='bbox 2207 5400 2459 5472; x_wconf 84' lang='grc' dir='ltr'>ἐπίχειρα</span> <span class='ocrx_word' id='word_1_960' title='bbox 2479 5395 2671 5464; x_wconf 83' lang='grc' dir='ltr'>ὦν.είς</span> <span class='ocrx_word' id='word_1_961' title='bbox 2726 5400 2888 5455; x_wconf 85' lang='grc' dir='ltr'>αὐτὸν</span> <span class='ocrx_word' id='word_1_962' title='bbox 2932 5398 3164 5472; x_wconf 76' lang='grc' dir='ltr'>ἔδρασαν</span> <span class='ocrx_word' id='word_1_963' title='bbox 3192 5398 3656 5471; x_wconf 78' lang='grc' dir='ltr'>ἀπολαμϐάνοντες·</span> 
     </span>
    </p>
   </div>
   <div class='ocr_carea' id='block_1_112' title="bbox 435 5483 2024 5565">
    <p class='ocr_par' dir='ltr' id='par_1_112' title="bbox 435 5484 2005 5565">
     <span class='ocr_line' id='line_1_123' title="bbox 435 5484 2005 5565; baseline 0.007 -28"><span class='ocrx_word' id='word_1_964' title='bbox 435 5489 559 5550; x_wconf 74' lang='lat' dir='ltr'><strong>post</strong></span> <span class='ocrx_word' id='word_1_965' title='bbox 609 5484 719 5540; x_wconf 90' lang='lat' dir='ltr'><strong>cibi</strong></span> <span class='ocrx_word' id='word_1_966' title='bbox 768 5485 910 5543; x_wconf 90' lang='lat' dir='ltr'><strong>inter</strong></span> <span class='ocrx_word' id='word_1_967' title='bbox 942 5489 1107 5544; x_wconf 84' lang='lat' dir='ltr'><strong>verba</strong></span> <span class='ocrx_word' id='word_1_968' title='bbox 1146 5492 1497 5562; x_wconf 67' lang='lat' dir='ltr'><strong>praeceptoris</strong></span> <span class='ocrx_word' id='word_1_969' title='bbox 1551 5495 2005 5565; x_wconf 89' lang='lat' dir='ltr'><strong>assumptionem,</strong></span> 
     </span>
    </p>
   </div>
   <div class='ocr_carea' id='block_1_113' title="bbox 2126 5483 3662 5565">
    <p class='ocr_par' dir='ltr' id='par_1_113' title="bbox 2126 5483 3662 5565">
     <span class='ocr_line' id='line_1_124' title="bbox 2126 5483 3662 5565; baseline -0.001 -18"><span class='ocrx_word' id='word_1_970' title='bbox 2126 5494 2224 5547; x_wconf 76' lang='grc' dir='ltr'>Καὶ</span> <span class='ocrx_word' id='word_1_971' title='bbox 2246 5494 2414 5547; x_wconf 83' lang='grc' dir='ltr'>ταῦτα</span> <span class='ocrx_word' id='word_1_972' title='bbox 2452 5493 2550 5565; x_wconf 84' lang='grc' dir='ltr'>μὲν</span> <span class='ocrx_word' id='word_1_973' title='bbox 2577 5494 2657 5557; x_wconf 87' lang='grc' dir='ltr'>εἰς</span> <span class='ocrx_word' id='word_1_974' title='bbox 2692 5492 2932 5555; x_wconf 81' lang='grc' dir='ltr'>ἐκείνους</span> <span class='ocrx_word' id='word_1_975' title='bbox 2975 5491 3272 5565; x_wconf 73' lang='grc' dir='ltr'>ἐπληροῦτο</span> <span class='ocrx_word' id='word_1_976' title='bbox 3301 5494 3495 5556; x_wconf 86' lang='grc' dir='ltr'>πάντα,</span> <span class='ocrx_word' id='word_1_977' title='bbox 3538 5483 3662 5541; x_wconf 75' lang='grc' dir='ltr'>κατὰ</span> 
     </span>
    </p>
   </div>
   <div class='ocr_carea' id='block_1_114' title="bbox 506 5657 2024 5757">
    <p class='ocr_par' dir='ltr' id='par_1_114' title="bbox 506 5657 2024 5757">
     <span class='ocr_line' id='line_1_125' title="bbox 506 5657 2024 5757; baseline 0.007 -45"><span class='ocrx_word' id='word_1_978' title='bbox 506 5657 787 5757; x_wconf 44' lang='grc' dir='ltr'><strong>ἶδμθξλιξξξ.</strong></span> <span class='ocrx_word' id='word_1_979' title='bbox 822 5678 982 5727; x_wconf 72' lang='lat' dir='ltr'><strong>xxvi,</strong></span> <span class='ocrx_word' id='word_1_980' title='bbox 1022 5665 1104 5720; x_wconf 77' lang='lat' dir='ltr'><strong>li.</strong></span> <span class='ocrx_word' id='word_1_981' title='bbox 1185 5669 1229 5699; x_wconf 79' lang='lat'>&quot;</span> <span class='ocrx_word' id='word_1_982' title='bbox 1270 5666 1433 5724; x_wconf 82' lang='lat' dir='ltr'><strong>Marc.</strong></span> <span class='ocrx_word' id='word_1_983' title='bbox 1472 5685 1582 5738; x_wconf 71' lang='grc' dir='ltr'>ιμ’,</span> <span class='ocrx_word' id='word_1_984' title='bbox 1624 5670 1708 5740; x_wconf 80' lang='grc' dir='ltr'><strong>ιο,</strong></span> <span class='ocrx_word' id='word_1_985' title='bbox 1743 5672 1829 5728; x_wconf 80' lang='grc' dir='ltr'><strong>Η.</strong></span> <span class='ocrx_word' id='word_1_986' title='bbox 1906 5672 1950 5727; x_wconf 70' lang='grc'><strong>³1</strong></span> <span class='ocrx_word' id='word_1_987' title='bbox 1990 5669 2024 5726; x_wconf 87' lang='lat' dir='ltr'>L</span> 
     </span>
    </p>
   </div>
   <div class='ocr_carea' id='block_1_115' title="bbox 2126 5657 3653 5757">
    <p class='ocr_par' dir='ltr' id='par_1_115' title="bbox 2161 5663 3653 5757">
     <span class='ocr_line' id='line_1_126' title="bbox 2161 5663 3653 5757; baseline -0.005 -29"><span class='ocrx_word' id='word_1_988' title='bbox 2161 5688 2304 5738; x_wconf 76' lang='lat' dir='ltr'><strong>xxii,</strong></span> <span class='ocrx_word' id='word_1_989' title='bbox 2336 5672 2387 5757; x_wconf 77' lang='lat'><strong>3,</strong></span> <span class='ocrx_word' id='word_1_990' title='bbox 2412 5673 2462 5727; x_wconf 83' lang='lat'><em>6.</em></span> <span class='ocrx_word' id='word_1_991' title='bbox 2572 5674 2612 5704; x_wconf 71' lang='lat'><em>“</em></span> <span class='ocrx_word' id='word_1_992' title='bbox 2653 5670 2795 5729; x_wconf 85' lang='lat' dir='ltr'><strong>Psal.</strong></span> <span class='ocrx_word' id='word_1_993' title='bbox 2835 5689 2924 5739; x_wconf 65' lang='grc' dir='ltr'><strong>λι,</strong></span> <span class='ocrx_word' id='word_1_994' title='bbox 2961 5673 3010 5739; x_wconf 84' lang='lat'><strong>7,</strong></span> <span class='ocrx_word' id='word_1_995' title='bbox 3038 5674 3087 5730; x_wconf 90' lang='lat'><strong>8.</strong></span> <span class='ocrx_word' id='word_1_996' title='bbox 3132 5674 3174 5707; x_wconf 77' lang='grc'><strong>³⁹</strong></span> <span class='ocrx_word' id='word_1_997' title='bbox 3214 5673 3344 5730; x_wconf 87' lang='lat' dir='ltr'><strong>ibid.</strong></span> <span class='ocrx_word' id='word_1_998' title='bbox 3376 5671 3429 5728; x_wconf 87' lang='lat'><strong>9.</strong></span> <span class='ocrx_word' id='word_1_999' title='bbox 3463 5672 3505 5704; x_wconf 71' lang='lat'><strong>”</strong></span> <span class='ocrx_word' id='word_1_1000' title='bbox 3539 5663 3653 5723; x_wconf 75' lang='lat' dir='ltr'><strong>ibid.</strong></span> 
     </span>
    </p>
   </div>
   <div class='ocr_carea' id='block_1_116' title="bbox 435 5725 782 5800">
    <p class='ocr_par' dir='ltr' id='par_1_116' title="bbox 435 5725 782 5800">
     <span class='ocr_line' id='line_1_127' title="bbox 435 5725 782 5800; baseline -0.012 -14"><span class='ocrx_word' id='word_1_1001' title='bbox 435 5725 480 5760; x_wconf 79' lang='lat'>“</span> <span class='ocrx_word' id='word_1_1002' title='bbox 517 5728 782 5800; x_wconf 44' lang='lat' dir='ltr'><strong>ibitL&#39;tO.</strong></span> 
     </span>
    </p>
   </div>
  </div>
