3908 6266
208 347 322 404 πο

1159 347 1819 407 DEMONSTRATIONIS
1857 350 2319 410 EVANGELIC/E
2359 351 2490 410 LIB.
2528 352 2595 410 Χ.

3378 355 3483 414 ’ἵΞῦ

205 465 313 536 τὴν
351 463 661 534 πρόρρησιν
681 479 697 495 ’
755 462 851 518 τοῦ
882 463 939 518 δὲ
977 464 1226 538 Σωτῆρος
1255 466 1412 539 ἡμῶν
1437 469 1472 540 ἡ
1501 470 1567 523 ὲκ
1598 467 1809 540 νεκρῶν

1930 486 1970 526 κθ
1994 470 2064 526 ad
2089 471 2359 527 deteriora
2384 473 2680 538 convertit,
2701 479 2757 526 et
2786 470 3083 526 contrariis
3111 469 3277 525 rebus
3295 485 3421 526 eum
3452 487 3489 529 tt

205 557 520 619 ἀνάστασις
576 554 798 621 διέδειξε
852 560 967 621 τοῖς
995 559 1179 622 πᾶσιν,
1211 560 1359 624 ὅπως
1388 561 1447 613 ὲν
1479 559 1630 631 αὐτῷ
1661 561 1808 615 εὑδό-

206 667 393 721 κησεν
445 651 476 703 ὁ
524 649 751 719 Πατὴρ,
813 649 874 712 ὃς
932 650 1027 704 καὶ
1091 652 1254 715 αὐτὸς
1300 650 1544 706 διδάσκει
1595 651 1806 723 λέγων⁸

210 763 231 794 ι
282 741 550 814 Ἐλέησόν
584 758 673 814 με,
709 741 805 795 καὶ
846 740 1153 814 ἀνάστησόν
1192 761 1279 817 με,
1316 746 1411 798 καὶ
1445 745 1811 801 ἀνταποδώσω

204 837 431 896 αὐτοῖς.
468 834 556 889 Ἑν
591 833 769 905 τούτῳ
812 833 1005 903 ἔγνων,
1050 837 1134 890 ὅτι
1181 838 1480 910 τεθέληκάς
1513 855 1601 910 με,
1635 840 1717 893 ὅτι
1749 841 1810 893 οὐ

208 928 291 998 μὴ
327 930 572 1000 ὲπιχαρῇ
597 929 627 980 ὀ
648 926 842 999 ἐχθρός
879 944 977 999 μου
1009 930 1096 982 ἐπ’
1126 931 1268 1001 ἐμοί.
1310 950 1328 982 ι
1373 932 1595 996 Τούτοις
1634 932 1813 986 ἐπιλέ-

203 1037 302 1089 γει
326 1033 346 1051 ⁸
388 1040 409 1071 ι
453 1020 618 1091 Ἐμοῦ
672 1018 729 1073 δὲ
775 1018 866 1074 διὰ
891 1020 990 1092 τὴν
1030 1023 1264 1077 ἀκακίαν
1302 1023 1620 1078 ἀπελάὀου.
1657 1042 1676 1075 ι
1701 1025 1813 1078 Καὶ

201 1115 379 1186 τήρει
404 1129 473 1182 γε
497 1113 620 1167 τίνα
650 1113 850 1185 τρόπον
881 1114 1031 1186 αὑτῷ
1055 1113 1134 1186 τῷ
1162 1115 1280 1186 Θεῷ
1307 1115 1404 1169 καὶ
1441 1116 1616 1187 Πατρ“ι
1646 1113 1811 1170 αὐτοῦ

201 1205 314 1277 τὴν
373 1204 545 1277 εὐχὴν
602 1205 977 1276 ἀναπέμπων,
1036 1207 1130 1260 ἐπὶ
1193 1208 1432 1281 τοσαύτῃ
1499 1207 1810 1280 τεθάρῤηκε

204 1299 538 1370 παρρησίᾳ,
563 1298 639 1363 ὡς
666 1300 903 1354 ἀκακίαν
927 1299 1104 1370 ἑαυτῷ
1132 1304 1450 1374 μαρτυρεῖν,
1470 1302 1647 1356 καίτοι
1676 1303 1815 1356 ἀνω-

203 1387 371 1458 τέρω
395 1389 610 1460 φήσας·
646 1408 666 1441 ι
708 1390 890 1444 Ἰασαι
925 1391 1025 1463 τὴν
1073 1390 1250 1462 ψυχήν
1283 1409 1405 1463 μου,
1439 1393 1523 1446 ὅτι
1563 1391 1814 1465 ἥμαρτόν

206 1496 324 1533 σοι.
370 1498 391 1531 ι
442 1480 604 1535 ’Λλλά
633 1481 694 1535 τὸ
730 1482 850 1552 μὲν,
884 1502 902 1534 ι
932 1482 1179 1553 ἤμαρτόν
1215 1499 1318 1545 σοι,
1366 1503 1383 1535 ι
1409 1484 1600 1549 ὁποίας
1635 1483 1814 1555 ἔχεται

202 1571 472 1636 διανοίας
525 1573 1010 1646 προδιειληφαμεν.
1048 1576 1155 1628 Καὶ
1186 1577 1214 1628 ό
1242 1576 1536 1647 Σύμμαχος
1566 1576 1622 1629 δὲ
1653 1576 1817 1645 σαφέ-

205 1680 423 1739 στερον
455 1666 799 1739 παρέστησεν
838 1666 1042 1720 εἰπών’
1070 1686 1089 1718 ι
1123 1669 1304 1722 ’ἰασαι
1339 1668 1444 1740 τὴν
1479 1668 1658 1739 ψυχήν
1689 1684 1813 1739 μου,

204 1759 313 1812 καὶ
386 1761 439 1811 εί
487 1759 734 1831 ἧμαρτόν
795 1775 878 1813 σοι
898 1776 914 1791 ·
958 1778 976 1811 ι
1009 1759 1038 1813 ὃ
1066 1760 1160 1814 καλ⁵
1192 1760 1322 1814 αὐτὸ
1362 1759 1555 1829 λέγοιτ’
1588 1759 1654 1815 ἀν
1687 1762 1816 1830 περὶ

1907 579 2021 633 quo
2040 563 2359 635 juvabatur,
2400 570 2456 621 et
2482 564 2750 620 beneﬁcia
2779 563 3055 633 capiebat,
3086 562 3485 620 remuneravit.

1908 658 1978 713 At
2038 672 2171 715 vero
2223 658 2483 730 quoniam
2538 655 2748 711 inimici
2820 655 3143 732 insidiantes
3208 653 3486 723 dicebant,

1915 772 1935 805 ι
1958 752 2179 825 quando
2209 751 2497 813 morietur,
2522 758 2575 805 et
2602 749 2802 820 peribit
2828 763 3029 804 nomen
3053 746 3223 818 ejus?
3257 767 3276 802 ι
3302 755 3357 805 et
3386 762 3490 818 pu-

1910 845 2098 900 tabant
2135 852 2312 900 morte
2356 844 2594 914 sopitum
2646 857 2756 896 non
2819 841 3056 912 amplius
3086 848 3487 907 surrecturum,

1910 936 2118 991 idcirco
2143 937 2260 1006 ipse
2294 934 2546 989 Salvator
2575 949 2639 988 ac
2676 932 2941 987 Dominus
2975 931 3140 1004 4⁸10
3183 939 3374 989 noster
3402 932 3492 988 his

1913 1029 2140 1085 adversa
2170 1034 2447 1098 precatur,
2477 1034 2530 1081 et
2550 1024 2839 1081 reditionis
2867 1023 2935 1078 ad
2968 1025 3136 1079 vitam
3164 1025 3285 1080 sine
3312 1025 3494 1096 impe-

1911 1122 2156 1177 dimento
2197 1134 2256 1175 se
2285 1128 2589 1190 compotem
2625 1117 2742 1174 fieri
2773 1115 2993 1172 Patrem
3029 1132 3190 1173 suum
3235 1126 3376 1181 orat,
3406 1116 3495 1173 di-

1912 1227 2083 1269 cens:
2118 1232 2136 1264 ι
2172 1211 2253 1267 Tu
2276 1220 2478 1277 autem,
2510 1211 2757 1275 Domine,
2794 1209 3055 1265 miserere
3097 1208 3227 1276 mei,
3263 1218 3318 1265 et
3367 1222 3494 1266 sus-

1912 1305 2022 1360 cita
2047 1319 2153 1369 me,
2188 1312 2241 1359 et
2265 1305 2562 1363 retribuam
2598 1304 2700 1360 eis.
2732 1301 2790 1358 In
2824 1303 2929 1360 hoc
2960 1303 3192 1375 cognovi
3217 1300 3362 1372 quod
3399 1295 3502 1357 vo?

1912 1396 2065 1452 luisti
2102 1412 2207 1461 me,
2237 1397 2384 1467 quod
2417 1411 2525 1451 non
2557 1395 2819 1467 gaudebit
2843 1395 3103 1451 inimicus
3140 1409 3298 1450 meus
3329 1408 3498 1464 super

1914 1505 2003 1544 me
2024 1489 2091 1544 δ’.
2134 1510 2151 1542 ι
2193 1488 2259 1543 Ει
2287 1504 2420 1545 sane
2449 1488 2597 1544 haud
2633 1490 2932 1546 obscurum
2963 1495 3072 1552 est,
3104 1503 3265 1559 quem
3292 1488 3348 1542 in
3377 1501 3498 1541 mo-

1906 1583 2045 1638 dum
2078 1591 2367 1654 postquam
2396 1599 2427 1638 a
2456 1583 2687 1639 mortuis
2716 1583 2900 1644 rediit,
2928 1582 3206 1653 evestigio
3227 1596 3403 1652 neque
3422 1579 3500 1635 ita

1915 1675 2089 1729 multo
2113 1683 2256 1746 post,
2276 1690 2371 1731 eos
2403 1675 2497 1746 qtti
2520 1675 2598 1730 illi
2647 1675 2881 1731 insidias
2913 1682 3233 1731 struxerant
3259 1672 3512 1741 retribuu,

1918 1769 1998 1824 tio
2027 1769 2140 1824 ulta
2180 1768 2271 1835 sit,
2305 1776 2473 1839 utque
2525 1783 2611 1833 ea,
2638 1783 2759 1838 quae
2796 1767 2916 1823 vitae
2961 1767 3082 1838 ejus
3118 1766 3338 1821 inimica
3381 1769 3502 1820 erat

201 1849 329 1904 τῶν
368 1850 663 1923 ἡμετέρων
687 1852 1119 1925 ἁμαρτημάτων,
1142 1853 1284 1925 ἅπερ
1310 1854 1338 1905 ὁ
1364 1853 1551 1925 Σωτὴρ
1579 1853 1673 1907 καὶ
1706 1852 1819 1906 Κύ-

1930 1875 2091 1922 mors,
2142 1861 2215 1915 sit
2263 1838 2471 1931 pudore
2515 1858 2771 1927 confusa,
2825 1860 2962 1914 adeo
3023 1859 3115 1913 illa
3164 1856 3386 1930 quidem
3440 1863 3503 1910 ut

207 1960 340 2015 ριος
383 1943 547 2016 ἡμῶν
573 1947 651 2011 είς
708 1947 900 2000 ἑαυτὸν
936 1946 1237 2012 ἀνεδέξατο.
1289 1946 1363 1999 Τὸ
1391 1946 1473 2007 δὲ,
1508 1966 1526 1998 ι
1577 1946 1739 2018 Ἐμοῦ
1765 1947 1821 2001 δὲ

1930 1954 2080 2028 quasi
2114 1953 2374 2024 probrum
2405 1954 2456 2009 ei
2503 1953 2830 2023 objicientes
2862 1953 3108 2008 dicerent
3144 1969 3158 2006 :
3201 1970 3219 2002 ι
3259 1949 3364 2005 Ubi
3393 1956 3499 2014 est,

202 2034 304 2089 διὰ
322 2038 443 2107 τὴν
479 2037 715 2092 ἀκακίαν
740 2037 1056 2102 ἀπελάδου,
1081 2058 1098 2089 ι
1121 2038 1218 2110 τὴν
1233 2038 1297 2091 δι’
1331 2038 1451 2091 ὅλου
1474 2038 1821 2111 καθαρότητα

1930 2060 2094 2108 mors,
2129 2046 2384 2101 stimulus
2404 2045 2567 2100 tuus?
2588 2045 2680 2100 ubi
2703 2053 2809 2107 est,
2830 2060 2999 2109 mors,
3018 2043 3252 2098 victoria
3278 2050 3371 2095 tua
3389 2039 3497 2094 "‘h

202 2127 322 2198 τῆς
360 2128 538 2182 αὐτοῦ
567 2129 781 2200 φύσεως
830 2131 1148 2203 παρίστησι,
1187 2130 1256 2183 δι’
1299 2129 1365 2201 ην
1390 2132 1483 2184 καὶ
1508 2131 1568 2184 τὸ
1613 2131 1821 2203 ἑδραῖον

1930 2138 2213 2204 Caeterum,
2246 2138 2292 2193 si
2323 2139 2447 2208 quis
2494 2137 2755 2193 historias
2804 2145 3052 2207 tempora
3106 2141 3231 2206 post
3280 2131 3504 2188 reditio-

203 2223 309 2275 καὶ
343 2222 613 2277 ἄσειστον
650 2226 747 2296 τῆς
774 2224 941 2294 ζωῆς,
965 2224 1055 2277 καὶ
1087 2224 1187 2293 τῆς
1226 2223 1363 2295 μετά
1402 2224 1500 2296 τὴν
1534 2224 1821 2278 ἀνάστασιν

1930 2248 2050 2287 nem
2091 2232 2159 2287 ad
2189 2232 2358 2287 vitam
2392 2230 2694 2287 Salvatoris
2729 2231 2905 2286 nostri
2953 2230 3291 2300 complexas,
3321 2239 3443 2295 quae
3473 2239 3506 2277 a

202 2313 395 2368 αὐτοῦ
429 2314 707 2387 σωτηρίας
752 2316 1017 2371 διδάσκων
1050 2316 1290 2383 ἐπιλέγει
1312 2333 1326 2347 ·
1360 2336 1378 2367 ι
1418 2316 1527 2370 Καὶ
1569 2315 1825 2370 ἐϐεϐαίω-

207 2408 322 2471 σάς
359 2425 432 2478 με
463 2407 695 2462 ἐνώπιόν
726 2427 819 2463 σου
866 2411 947 2474 είς
983 2409 1074 2462 τὸν
1094 2408 1298 2464 αἰῶνα·
1333 2429 1352 2460 ι
1375 2408 1430 2480 ἢ,
1463 2428 1481 2460 ι
1509 2409 1620 2463 Καὶ
1652 2427 1826 2481 παρα-

206 2501 457 2571 στήσεις
514 2516 582 2572 με
639 2500 947 2575 ἔμπροσθέν
1006 2519 1098 2555 σου
1145 2501 1213 2547 δι’
1268 2503 1478 2566 αἰῶνος,
1512 2521 1530 2553 ι
1564 2502 1706 2556 κατά
1730 2501 1824 2555 τὸν

1926 2321 2165 2393 Josepho
2205 2324 2530 2392 conscriptae
2573 2322 2707 2385 sint,
2752 2321 3037 2381 evolverit,
3100 2317 3259 2374 facile
3303 2313 3509 2371 videbit

1927 2429 2175 2484 quamam
2200 2406 2544 2468 calamitates
2587 2408 2870 2466 Iudaicam
2904 2416 3119 2482 gentem
3168 2416 3333 2477 atque
3383 2403 3507 2473 ejus

1927 2507 2202 2577 principes
2233 2506 2570 2570 invaserint,
2602 2513 2765 2575 atque
2794 2503 3107 2565 afﬂixerint,
3136 2503 3192 2556 in
3223 2515 3362 2570 quas
3393 2512 3511 2551 me-

204 2593 557 2665 Σύμμαχον.
1928 2598 2036 2653 rito
2076 2598 2152 2651 illi
2192 2597 2528 2661 inciderunt,
2557 2606 2615 2651 ut
2661 2595 2885 2651 sceleris
2914 2594 3059 2665 quod
3114 2592 3170 2647 in
3226 2592 3380 2645 illum
3412 2604 3509 2659 pa-

203 2692 520 2739 traverant
552 2685 775 2755 praemia
823 2682 985 2756 digna
1030 2684 1340 2756 reciperent
1368 2702 1383 2740 :
1411 2692 1465 2740 et
1498 2682 1615 2740 haec
1660 2685 1881 2755 quidem
1920 2688 2103 2741 omnia
2154 2687 2418 2742 adversus
2447 2687 2572 2743 illos
2621 2687 2891 2757 completa
2944 2695 3090 2748 sunt,
3142 2691 3202 2738 ut
3226 2681 3509 2737 oraculum

203 2779 587 2851 prmﬁixerat.
636 2777 936 2835 Salvatoris
980 2787 1161 2834 autem
1203 2779 1379 2835 nostri
1431 2778 1499 2834 de
1540 2788 1714 2834 morte
1751 2777 1818 2832 ad
1855 2779 2020 2832 vitam
2071 2779 2266 2833 reditio
2325 2780 2484 2849 plane
2517 2779 2775 2834 omnibus
2805 2777 3221 2839 demonstravit,
3243 2782 3510 2846 quantum

204 2873 328 2927 sibi
367 2870 543 2927 Pater
575 2871 634 2927 in
681 2870 775 2926 illo
817 2870 1106 2943 placuerit,
1140 2887 1306 2942 quam
1351 2871 1571 2942 quidem
1620 2886 1735 2926 rem
1786 2870 1902 2940 ipse
1937 2869 2198 2932 ostendit,
2235 2869 2466 2925 dicens:
2504 2888 2522 2920 ι
2556 2867 2818 2924 Miserere
2848 2868 2977 2931 mei,
3006 2873 3060 2921 et
3088 2867 3296 2922 suscita
3318 2880 3427 2926 me.
3455 2872 3512 2919 et

206 2966 546 3022 retribuam
601 2964 703 3022 eis.
750 2963 813 3020 In
858 2966 964 3021 hoc
1007 2966 1240 3038 cognovi
1281 2966 1428 3039 quod
1490 2965 1711 3020 voluisti
1759 2980 1866 3028 me,
1928 2962 2075 3034 quod
2128 2978 2238 3018 non
2292 2962 2547 3043 gaudebit
2612 2961 2867 3018 inimicus
2925 2975 3081 3016 meus
3124 2973 3289 3028 super
3343 2971 3447 3010 me.
3486 2974 3507 3009 ο

204 3055 446 3114 Deinde
481 3056 773 3129 adjungit:
813 3076 833 3110 ι
878 3056 962 3113 Me
990 3065 1168 3114 autem
1196 3068 1421 3129 propter
1448 3058 1819 3114 innocentiam
1862 3058 2176 3129 suscepisti.
2205 3078 2223 3111 ι
2259 3056 2494 3112 Attende
2536 3062 2718 3111 autem
2754 3068 2995 3125 quonam
3050 3062 3210 3123 pacto
3241 3050 3346 3121 ipsi
3400 3047 3514 3104 Deo

205 3163 269 3213 et
311 3152 487 3207 Patri
535 3167 636 3209 suo
692 3151 1033 3229 supplicans,
1077 3160 1230 3207 tanta
1279 3161 1467 3209 utatur
1515 3154 1769 3209 libertate
1817 3154 2096 3224 loquendi,
2147 3162 2209 3208 ut
2262 3154 2367 3209 sibi
2412 3152 2520 3223 ipsi
2565 3151 2893 3206 innocentia;
2939 3147 3312 3204 testimonium
3360 3144 3516 3201 exhi-

208 3246 387 3304 beat,
439 3240 661 3298 tametsi
709 3241 964 3313 superius
1017 3242 1158 3297 dixit
1189 3262 1244 3298 ει
1272 3242 1416 3299 Sana
1466 3243 1703 3298 animam
1740 3259 1938 3312 meam,
1977 3244 2107 3316 quia
2139 3244 2358 3315 peccavi
2393 3244 2513 3298 tibi.
2548 3261 2567 3296 ι
2609 3241 2716 3298 Sed
2766 3238 2899 3296 illud
2946 3238 3188 3310 quidem,
3218 3256 3237 3289 ι
3294 3239 3515 3308 peccavi

207 3337 355 3401 tibi,
387 3338 451 3401 ,ιζ
479 3349 589 3405 quo
615 3350 783 3392 sensu
825 3335 898 3390 sit
945 3335 1360 3406 accipiendum,“
1387 3345 1547 3393 antea
1603 3337 1824 3408 planum
1865 3336 2117 3404 fecimus,
2148 3336 2295 3406 quod
2357 3333 2719 3409 Symmachus
2762 3334 3007 3405 apertius
3054 3330 3329 3401 exposuit,
3389 3345 3515 3385 cum

210 3429 380 3491 dixit
421 3446 436 3482 :
476 3446 497 3480 ι
527 3425 671 3483 Sana
716 3428 955 3483 animam
988 3445 1193 3494 meam,
1223 3430 1330 3485 etsi
1359 3430 1581 3501 peccavi
1626 3430 1723 3485 tibi
1757 3448 1769 3484 :
1809 3449 1828 3482 ι
1867 3428 2013 3500 quod
2047 3444 2178 3485 sane
2203 3430 2382 3500 ipsum
2416 3430 2580 3485 etiam
2616 3428 2683 3484 de
2736 3428 2976 3498 peccatis
3015 3427 3223 3482 nostris
3252 3424 3360 3480 dici
3416 3438 3515 3493 po-

211 3529 369 3587 test,
410 3532 537 3589 quae
570 3514 821 3572 Salvator
869 3534 935 3574 ac
982 3518 1247 3576 Dominus
1280 3529 1464 3576 noster
1507 3521 1565 3575 in
1611 3521 1849 3588 seipsum
1889 3521 2150 3590 suscepit.
2201 3518 2334 3575 illud
2370 3529 2551 3575 autem
2594 3540 2607 3574 :
2645 3539 2664 3570 ι
2701 3519 2787 3573 Me
2838 3526 3018 3575 autem
3064 3525 3281 3588 propter
3335 3517 3495 3568 inno-

214 3615 487 3669 centiam
551 3609 865 3679 suscepisti,
924 3629 944 3663 ι
1000 3610 1298 3680 puritatem
1355 3618 1567 3666 naturae
1618 3610 1814 3679 ipsius,
1869 3624 2029 3679 quam
2084 3617 2254 3664 totam
2303 3607 2637 3678 possidebat,
2676 3608 3033 3669 demonstrat,
3065 3619 3133 3659 ex
3162 3619 3267 3674 qua
3297 3603 3506 3671 purita-

219 3713 283 3759 te
370 3700 556 3756 vitam
622 3716 842 3772 quoque
885 3708 940 3758 et
981 3703 1211 3760 salutem
1252 3703 1503 3759 stabilem
1557 3711 1721 3773 atque
1758 3704 2142 3761 inconcussam
2206 3710 2330 3775 post
2379 3703 2613 3758 reditum
2668 3701 2843 3772 ipsius
2889 3698 2958 3753 ad
3007 3699 3173 3751 vitam
3238 3708 3517 3766 exponens

220 3795 503 3866 adjungit
537 3811 550 3847 :
587 3811 605 3843 ι
650 3791 729 3865 Et
746 3792 1087 3851 conﬁrmasti
1119 3810 1206 3850 me
1234 3794 1292 3849 in
1323 3804 1624 3865 conspectu
1658 3805 1750 3851 tuo
1778 3795 1833 3850 in
1870 3803 2156 3861 aeternum,
2191 3816 2210 3848 ι
2275 3803 2372 3850 aut
2418 3795 2576 3849 aliter
2611 3813 2627 3850 :
2669 3811 2688 3844 ι
2725 3791 2791 3845 Et
2823 3788 3127 3847 constitues
3159 3804 3246 3843 me
3289 3794 3416 3841 ante
3447 3795 3505 3842 te

221 3894 287 3953 in
316 3903 623 3959 aeternum,
654 3913 674 3947 ι
709 3902 771 3948 ut
797 3892 1192 3963 interpretatus
1223 3896 1309 3944 est
1340 3887 1725 3960 Symmachus.

235 4010 398 4069 Ἀπὸ
428 4009 538 4064 τοῦ
562 4006 807 4077 ψαλμοῦ
833 4005 940 4077 πεδ’.
971 4036 1043 4047 -
1061 4005 1183 4077 Ἔτι
1200 4005 1346 4077 Απερὶ
1371 4000 1711 4077 τοῦλἸούδα,
1734 4001 1821 4077 καὶ

1936 3998 2094 4071 47],
2120 3997 2160 4051 Α
2191 3996 2397 4077 psalmo
2428 4011 2535 4050 Ltv.
2566 3992 2803 4077 :‘Itent
2850 3991 2914 4047 de
2955 3990 3102 4074 Iuda
3133 3999 3188 4077 et
3228 3991 3293 4047 de
3332 3991 3404 4077 iis
3428 3992 3520 4064 qui

465 4062 589 4133 δ’ὺῦ
611 4062 772 4144 αὐτῷ
798 4076 912 4145 τὴν
940 4075 1091 4130 κατὰ
1121 4074 1226 4129 τοῦ
1242 4062 1498 4143 Χριστοῦ
1518 4070 1821 4139 συσκευὴφ

1958 4062 2129 4123 ’ὶιῦη
2169 4062 2228 4122 eo
2288 4065 2538 4121 adversus
2591 4062 2863 4120 Christum
2919 4063 3339 4132 conjurationcm
3375 4062 3522 4132 [ece-

306 4146 769 4218 πεποιημένων.

2011 4148 2154 4194 runt.

316 4286 339 4318 ι
398 4261 710 4328 Ἐνὼτισαι,
732 4264 760 4317 ὁ
784 4262 936 4327 Θεὸς,
967 4261 1065 4332 τὴν
1111 4259 1415 4332 προσευχήν
1448 4274 1574 4329 μου,
1623 4254 1718 4310 καὶ
1767 4252 1840 4326 μὴ

231 4354 523 4428 ὑπερίδῃς
581 4352 678 4424 τὴν
730 4353 912 4424 δέησίν
951 4368 1076 4423 μου.
1134 4350 1380 4423 Πρόσχες
1417 4366 1527 4421 μοι,
1581 4348 1676 4402 καὶ
1732 4349 1843 4400 εἰσ-

231 4447 499 4506 ἀκουσόν
561 4463 681 4517 μου.
712 4443 1019 4515 Ἐλυπήθην
1063 4446 1121 4497 ὲν
1154 4445 1221 4514 τῇ
1278 4441 1562 4512 ἀδολεσχίᾳ
1604 4457 1723 4511 μου,
1752 4439 1844 4492 καὶ

233 4538 569 4613 ἐταράχθην
632 4537 739 4593 ἀπὸ
797 4536 980 4607 φωνῆς
1031 4533 1247 4607 ἐχθροῦ,
1311 4534 1406 4587 καὶ
1455 4533 1564 4587 ἀπὸ
1616 4531 1845 4601 θλίψεως

233 4629 619 4707 ἀμαρτωλοῦ’
664 4631 747 4685 ὅτι
796 4628 1072 4694 ἐξέκλιναν
1106 4628 1192 4681 ἐπ’
1225 4626 1324 4697 ἐμὲ
1374 4624 1623 4696 ἀνομίαν,
1662 4623 1757 4677 καὶ
1789 4624 1845 4675 ὲν

200 4727 397 4799 ,ὀργῇ
454 4722 736 4777 ὲνεκότουν
793 4737 903 4792 μοι.
971 4719 1035 4773 Ἦ
1088 4717 1286 4790 καρδία
1328 4733 1428 4788 μου
1470 4713 1746 4787 ἐταράχθη
1789 4715 1847 4766 ὲν

238 4818 409 4890 ἐμοὶ,
466 4815 561 4869 καὶ⁷
616 4812 788 4868 δειλία
840 4810 1071 4866 θανάτου
1119 4808 1385 4863 ἐπέπεσεν
1419 4809 1507 4861 ἐπ’
1539 4806 1658 4877 ὲμὲ.
1680 4804 1848 4868 Φόϐος

242 4912 351 4967 καὶ
386 4906 595 4980 τρόμος
625 4902 789 4976 ἦλθεν
813 4903 899 4956 ἐπ’
933 4901 1056 4973 ἐμὲ,
1086 4900 1181 4955 καὶ
1208 4898 1446 4968 ἐκάλυψε
1487 4914 1554 4969 με
1588 4897 1797 4961 σκότος,
1824 4914 1842 4946 ›

243 5003 353 5058 καὶ
382 4998 457 5052 τὰ
493 4996 653 5067 ὲξῆς’
695 4991 775 5060 οἷς
812 4994 1086 5064 ἐπιλέγειο
1124 5011 1143 5045 ι
1188 4988 1620 5053 Καταπόντισον,
1654 4987 1848 5058 Κύριε,

2019 4275 2038 4307 ι
2079 4253 2321 4311 Auribus
2353 4252 2595 4324 percipe,
2626 4248 2794 4314 Deus,
2819 4248 3124 4304 orationem
3146 4262 3346 4313 meam,
3377 4257 3529 4303 etne

1943 4345 2259 4421 despexeris
2286 4343 2726 4415 deprecationem
2773 4354 2972 4396 meam.
3017 4337 3223 4394 Praesta
3254 4345 3525 4393 attentum

1944 4446 1999 4493 te
2020 4438 2176 4503 mihi,
2211 4444 2266 4493 et
2308 4435 2507 4492 exaudi
2555 4449 2665 4490 me.
2700 4432 3073 4487 Contristatus
3107 4446 3227 4486 sum
3262 4430 3319 4483 in
3351 4444 3523 4499 nuga-

1944 4531 2093 4585 tione
2128 4543 2270 4596 mea,
2299 4536 2354 4585 et
2375 4526 2734 4582 conturbatus
2764 4540 2884 4580 sum
2920 4539 2950 4577 a
2983 4538 3113 4577 voce
3150 4520 3378 4586 inimici,
3400 4530 3451 4576 et
3490 4535 3531 4574 at

1947 4621 2296 4677 tribulatione
2323 4620 2664 4691 peccatoris:
2712 4619 2972 4689 quoniam
3028 4617 3439 4671 declinaverunt
3465 4615 3523 4667 in

1947 4726 2032 4766 me
2060 4711 2424 4782 iniquitatem,
2449 4715 2503 4764 et
2547 4708 2603 4762 in
2637 4707 2718 4762 ira
2766 4707 2984 4762 molesti
3032 4714 3191 4761 erant
3222 4704 3376 4758 mihi.
3411 4702 3523 4758 Cor

1948 4818 2127 4859 meum
2149 4802 2532 4858 conturbatum
2558 4807 2639 4856 est
2665 4800 2720 4855 in
2746 4814 2851 4863 me,
2873 4806 2928 4853 et
2958 4797 3193 4853 formido
3218 4796 3412 4851 mortis
3433 4809 3524 4849 ce-

1949 4894 2082 4949 cidit
2114 4908 2279 4965 super
2306 4908 2412 4949 me.
2443 4891 2628 4946 Timor
2653 4898 2707 4946 et
2729 4898 2933 4947 tremor
2947 4896 3217 4945 venerunt
3238 4903 3400 4958 super
3417 4902 3527 4953 me,

1949 4993 2002 5039 et
2030 4991 2391 5041 contexeruut
2429 4999 2518 5039 me
2548 4983 2785 5038 tenebrae
2807 4982 2879 5045 “,
2909 5001 2926 5033 ι
2959 4991 3014 5036 et
3053 4995 3175 5050 qua:
3196 4987 3522 5049 sequuntur,

245 5097 353 5153 xui.
378 5092 667 5150 καταδίελε
691 5090 789 5155 τὰς
818 5088 1069 5159 γλώσσας
1100 5086 1277 5142 αὐτῶν
1295 5101 1310 5118 ο
1341 5086 1424 5139 ὅτι
1452 5077 1591 5136 εἶδον
1623 5079 1820 5150 ἀνομία

1952 5078 2151 5149 quibus
2187 5075 2466 5148 adiungit:
2508 5093 2527 5126 ι
2576 5072 2883 5144 Ρπωοίρίιο,
2937 5071 3186 5135 Domine,
3245 5078 3299 5126 et
3346 5069 3544 5127 divide.

250 5188 359 5241 καὶ
403 5182 717 5250 ἀντιλογίαν
751 5181 811 5235 ὲν
834 5183 902 5252 τῇ
927 5179 1101 5233 πόλει.
1140 5176 1202 5231 Ἦ
1210 5176 1273 5248 μέ
1284 5192 1382 5247 ρας
1418 5173 1512 5228 καὶ
1538 5170 1729 5234 νυκτὸς
1751 5188 1851 5224 κυ-

1953 5169 2166 5238 linguas
2189 5181 2380 5223 eorum
2409 5164 2702 5236 :quoniam
2717 5163 2828 5219 vidi
2859 5161 3199 5232 iniquitatem
3227 5169 3281 5214 et
3307 5167 3529 5214 contra-

252 5277 472 5332 κλώσει
524 5272 694 5344 αὐτὴν
742 5272 836 5326 ἐπὶ
863 5270 934 5325 τὰ
961 5258 1118 5341 τείχη
1157 5268 1345 5339 αὐτῆς,
1384 5266 1478 5321 καὶ
1524 5262 1722 5334 ἀνομία
1760 5280 1821 5315 κα

1953 5260 2250 5315 dictionem
2285 5259 2341 5313 in
2359 5258 2598 5313 civitate.
2620 5255 2714 5312 Die
2742 5270 2806 5309 ac
2830 5261 2991 5309 nocte
3017 5252 3379 5308 circumdabit
3404 5266 3531 5306 eam

252 5369 441 5432 κόπος
473 5367 532 5419 ὲν
558 5343 711 5436 μέσῳ
737 5363 1040 5435 αὑτῆς,καὶ
1083 5360 1297 5415 ἀδικία·
1339 5359 1434 5413 καὶ
1476 5357 1577 5411 οὐκ
1608 5355 1821 5421 ἐξέλιπε

1956 5368 2121 5422 super
2148 5367 2337 5407 muros
2364 5351 2504 5420 ejus,
2534 5359 2588 5404 et
2641 5347 2902 5419 iniquitas
2953 5353 3008 5401 et
3060 5345 3214 5400 labor
3262 5345 3318 5397 in
3350 5343 3532 5398 medio

256 5464 332 5517 ὲκ
363 5459 481 5514 τῶν
519 5433 795 5512 πλατειῶν
848 5433 1018 5527 αὐτῆς
1054 5453 1212 5516 τόκος
1267 5452 1362 5505 καὶ
1397 5449 1564 5513 δόλος.
1610 5450 1753 5515 Ὅτι,
1805 5465 1821 5501 ε

1958 5447 2080 5518 ejus
2102 5452 2157 5501 et
2195 5444 2464 5515 iniustitia
2498 5460 2513 5498 :
2547 5448 2602 5498 et
2633 5455 2743 5496 non
2793 5438 2995 5494 defecit
3043 5437 3110 5493 de
3162 5436 3356 5507 plateis
3409 5433 3535 5505 ejus

260 5552 470 5626 ἐχθρὸς
513 5547 761 5624 ὠνείδισέ
805 5565 895 5620 με,
940 5547 1223 5617 ὑπήνεγκα
1273 5542 1359 5598 ἀν.
1406 5543 1470 5596 Et
1507 5539 1744 5621 όμισῶν
1786 5558 1821 5610 μ

1960 5553 2131 5593 usura
2159 5545 2213 5594 et
2229 5537 2409 5593 dolus.
2440 5534 2708 5602 Quoniam
2739 5532 2787 5588 si
2820 5529 3076 5586 inimicus
3111 5528 3313 5599 probro
3337 5541 3424 5582 me
3452 5526 3535 5580 aii

263 5648 362 5702 ἐπ’
397 5643 499 5716 ἐμὲ
529 5639 1137 5715 ἑμεγαλορρημόνησεν,
1177 5633 1414 5708 ὲκρύὸην
1449 5634 1514 5688 ἂν
1546 5633 1632 5687 ἐπ’
1665 5630 1828 5686 αὐτοῦ

1960 5627 2198 5694 fecisset,
2235 5625 2620 5685 sustinuissem
2656 5622 2862 5695 utique.
2926 5618 2992 5676 Et
3041 5620 3089 5677 si
3141 5619 3187 5677 is
3221 5617 3314 5689 qui
3342 5616 3536 5676 oderat

355 5823 398 5860 ⁸⁸
437 5822 584 5881 Psal.
621 5836 712 5890 χι,
752 5818 837 5887 Η,
875 5817 960 5875 l-‘i.
1036 5815 1081 5850 "
1118 5814 1140 5870 l
1172 5814 1299 5873 Cor.
1334 5829 1439 5885 xv,
1475 5810 1562 5871 55.
1619 5812 1684 5891 ,⁸⁸
1721 5809 1821 5867 Psa

1930 5823 2011 5880 ιτ,
2057 5805 2174 5862 2-6.
