3908 6266
481 327 582 384 751

1076 324 1343 380 EUSEBH
1380 322 1855 379 CESARIENSIS
1893 322 2045 379 OPP.
2085 319 2263 377 PARS
2302 322 2367 378 ll.
2404 349 2476 363 --
2513 318 3009 378 APOLOGETICA.

3602 317 3703 373 73!

476 453 590 501 me,
623 451 789 507 super
815 450 901 491 me
927 449 1120 505 magna
1149 435 1363 489 loeutus
1393 433 1605 498 fuisset,
1635 434 2043 499 abscondissem

2149 434 2219 485 Σὺ
2268 433 2345 498 δέ,
2395 433 2647 505 ἄνθρωπε
2698 433 2936 504 ίσόψυχε,
2975 429 3195 503 ἡγεμών
3239 447 3340 501 μου
3384 433 3701 501 ulmo-ti

480 527 821 585 me.forsitan
872 526 941 580 ab
964 541 1047 580 eo.
1082 524 1163 579 Tu
1190 540 1320 581 vero
1346 526 1509 581 homo
1530 526 1823 590 unanimis,
1848 533 1902 581 et
1934 524 2043 581 dux

479 630 657 681 meus,
689 625 742 671 et
766 622 930 669 notus
962 629 1154 671 meus:
1188 615 1282 685 qui
1313 617 1368 671 in
1390 614 1531 670 idem
1558 614 1747 670 dulces
1769 629 2047 684 compara-

478 707 578 761 bas
629 705 760 758 mibi
807 704 980 760 cibos.
1037 704 1096 758 In
1130 704 1290 759 domo
1334 702 1430 758 Dei
1475 704 1871 760 ambulavimus
1917 720 2042 759 cum

478 811 750 851 consensu
779 796 846 850 ".
888 814 906 847 ι
945 795 1020 848 Ex
1049 795 1136 851 his
1177 795 1341 865 igitur
1390 795 1521 849 illud
1557 813 1573 851 :
1609 812 1630 847 ι
1677 793 1735 849 Si
1789 796 2044 852 inimicus

473 884 679 950 probro
699 899 785 938 me
816 882 1105 951 affecisset,
1137 884 1519 939 sustinuisscm
1548 884 1754 954 utique.
1796 882 1863 938 Et
1908 886 1954 940 si
1994 885 2043 940 is

476 973 569 1043 qui
596 972 788 1027 oderat
823 989 927 1036 me,
972 990 1135 1043 super
1180 989 1266 1029 me
1321 989 1518 1044 magna
1572 975 1785 1029 locutus
1827 973 2039 1041 fuisset,

476 1063 886 1119 abscondissem
948 1081 1033 1119 me
1067 1064 1294 1120 forsitan
1347 1066 1415 1120 ab
1461 1081 1545 1121 eo.
1610 1064 1691 1121 Tu
1722 1082 1848 1122 vero
1880 1068 2045 1122 homo

476 1157 775 1222 unanimis,
798 1167 852 1211 et
873 1156 982 1210 dux
1012 1172 1184 1221 meus,
1218 1166 1272 1212 et
1301 1169 1464 1213 notus
1493 1173 1668 1223 meus,
1689 1159 1782 1229 qui
1815 1160 1872 1214 in
1901 1160 2042 1215 idem

479 1246 668 1301 dulces
702 1249 1060 1318 comparabas
1101 1249 1232 1302 mihi
1272 1249 1447 1313 cibos,
1489 1267 1508 1300 ι
1566 1250 1743 1306 simile
1782 1258 1866 1306 est
1913 1251 1988 1305 illi
2024 1271 2039 1307 :

478 1356 504 1401 ,ι
551 1339 761 1393 Etenim
805 1338 967 1393 immo
1018 1339 1168 1409 pacis
1225 1356 1378 1403 meat,
1423 1341 1475 1394 in
1519 1357 1628 1411 quo
1682 1343 1916 1413 speravi,
1948 1344 2042 1413 qui

475 1428 673 1485 edebat
701 1446 867 1499 panes
892 1446 1060 1495 meos,
1095 1430 1457 1501 magniﬁcavit
1479 1448 1643 1504 super
1665 1450 1750 1489 me
1780 1435 2042 1505 supplan-

478 1520 738 1573 tationem
771 1519 816 1549 “
848 1539 860 1573 :
895 1541 913 1571 ι
952 1519 1095 1590 quod
1128 1536 1248 1574 cum
1274 1522 1341 1576 de
1371 1521 1507 1577 Juda
1542 1524 1614 1578 sit
1643 1523 2039 1593 accipiendum,

479 1609 535 1663 in
562 1610 829 1678 superiori
874 1611 1156 1681 prapbetia
1183 1611 1420 1681 positum
1453 1622 1556 1668 est.
1588 1613 1657 1669 Ut
1687 1630 1814 1686 ergo
1847 1616 1901 1669 in
1948 1615 2043 1669 illo

477 1700 778 1764 dicebatur.
807 1702 969 1756 homo
1004 1705 1153 1772 pacis
1187 1704 1479 1774 aliquando
1509 1705 1711 1773 fuisse,
1746 1707 1836 1777 qui
1866 1724 2041 1777 quon-

2151 542 2274 593 μου,
2307 523 2365 586 ὃς
2387 525 2478 577 ἐπὶ
2499 522 2559 577 τὸ
2588 524 2716 577 αὐτὸ
2765 523 3065 592 ἐγλύκανάς
3091 538 3180 592 μοι
3214 520 3507 592 ἐδέσματα,
3545 524 3602 576 ἐν
3629 524 3703 594 τῷ

2145 614 2279 684 οἴκῳ
2330 613 2422 667 τοῦ
2455 614 2587 668 Θεοῦ
2635 614 3005 685 ἐπορεύθημεν
3047 614 3104 665 ἐν
3134 613 3371 683 ὁμονοίᾳ.
3408 630 3428 664 ι
3467 612 3562 677 Τὸ,
3591 631 3611 664 ι
3644 613 3702 668 ΕΙ

2147 702 2335 774 ἐχθρὸς
2359 702 2595 756 ὠνείδισέ
2631 720 2719 774 με,
2744 704 3024 773 ὑπήνεγκα
3053 701 3139 766 ἂν,
3182 719 3203 752 ι
3230 701 3323 753 καὶ
3348 719 3367 751 ι
3395 701 3460 753 Et
3479 704 3509 754 ό
3540 702 3702 771 μισῶν

2151 813 2218 866 με
2243 797 2330 848 ἐπ’
2364 795 2464 867 ἐμὲ
2511 792 3107 866 ἐμεγαλορρημόνησεν,
3140 792 3376 863 ἐκρύϐην
3397 792 3463 846 ἂν
3496 793 3583 845 ἐπ’
3611 796 3703 848 ai»

2145 888 2261 943 τοῦ.
2287 889 2359 942 Σὺ
2390 888 2467 951 δέ,
2497 887 2747 959 ἄνθρωπε
2794 886 3035 956 ίσόψυχε,
3073 883 3298 956 ἡγεμών
3325 901 3425 955 μου
3452 884 3552 937 καὶ
3579 902 3707 955 γνω-

2148 980 2242 1033 στέ
2275 997 2399 1051 μου,
2429 979 2489 1043 δς
2529 979 2623 1033 ἐπὶ
2664 978 2726 1032 τὸ
2749 979 2879 1031 αὐτὸ
2908 976 3211 1045 ἐγλύκανάς
3246 992 3336 1046 μοι
3363 976 3655 1047 ἐδέσματα,
3682 998 3700 1028 ι

2145 1071 2327 1141 ὅμοιόν
2388 1072 2504 1122 ἐστι
2536 1069 2635 1141 τῷ,
2673 1088 2693 1121 ι
2730 1070 2839 1123 Καὶ
2860 1067 2966 1139 γὰρ
2990 1070 3019 1122 ό
3050 1066 3334 1139 ἄνθρωπος
3364 1066 3466 1136 τῆς
3490 1067 3707 1138 εἰρήνης

2150 1179 2272 1232 μου,
2307 1162 2391 1231 ἐφ’
2420 1159 2478 1214 δν
2500 1161 2766 1231 ἡλπισα,ό
2791 1158 2983 1211 ἐσθίων
3005 1156 3202 1229 ἄρτους
3233 1173 3355 1226 μου,
3380 1155 3705 1226 ἐμεγάλυνεν

2147 1255 2232 1306 ἐπ’
2260 1254 2360 1324 ἐμὲ
2409 1250 2766 1323 πτερνισμόν·
2804 1269 2824 1302 ›
2852 1249 2979 1320 περὶ
3017 1247 3112 1301 τοῦ
3178 1246 3342 1300 Ἰούδα
3402 1249 3462 1301 ἐν
3497 1249 3564 1316 τῇ
3609 1246 3706 1316 πρὸ

2147 1346 2346 1415 ταύτης
2400 1344 2698 1415 προφητείᾳ
2755 1344 3012 1413 κειμένῳ.
3045 1342 3251 1411 Ὥσπερ
3279 1335 3372 1394 οὖν
3414 1341 3476 1393 ἐν
3523 1339 3707 1408 ἐκείνῳ

2147 1436 2419 1490 ἐδείκνυτο
2463 1436 2744 1507 ἄνθρωπος
2782 1435 3003 1505 είρήνης
3036 1432 3167 1487 ποτέ
3216 1430 3476 1501 γεγονὼς,
3517 1430 3607 1484 ὅτε
3634 1429 3706 1501 τῷ

2147 1528 2360 1599 Σωτῆρι
2386 1526 2769 1599 ἐμαθητεύετο,
2799 1521 2879 1589 εἷς
2914 1526 3009 1578 καὶ
3040 1524 3199 1587 αὐτὸς
3227 1522 3321 1577 τοῦ
3340 1523 3450 1576 τῶν
3483 1522 3706 1576 ἀποστόο

2147 1616 2252 1670 λων
2295 1614 2527 1688 ἀριθμοῦ
2581 1615 2923 1687 χρηματίσας
2942 1631 2956 1645 ο
2982 1613 3123 1667 οὕτω
3153 1614 3248 1668 καὶ
3280 1614 3339 1666 ἐν
3378 1612 3459 1683 τῷ
3491 1628 3707 1685 προκει-

2151 1707 2294 1778 μένῳ
2324 1706 2572 1775 ίσόψυχος
2595 1705 2688 1757 καὶ
2702 1703 2927 1775 ἡγεμὼν
2955 1704 3049 1757 καὶ
3069 1702 3306 1772 γνωστὸς
3338 1702 3490 1773 αὐτῷ
3545 1716 3703 1772 προσ·

476 1792 601 1846 dam
626 1807 657 1845 a
693 1790 971 1848 Salvatore
996 1795 1400 1861 instituebatur,
1430 1813 1555 1851 cum
1585 1798 1702 1867 ipse
1732 1814 1947 1868 quoque
1974 1814 2041 1854 ex

2149 1797 2479 1868 ιγορεύεται.
2497 1799 2607 1852 Καὶ
2621 1796 2780 1851 πάλιν
2798 1797 2873 1859 ὡς
2887 1796 2945 1849 ἐν
2961 1794 3152 1867 ἐκείνῳ
3168 1794 3297 1867 περὶ
3312 1794 3476 1848 αὐτοῦ
3495 1793 3677 1865 εἴρητο
3690 1810 3705 1824 ’

477 1899 707 1939 numero
734 1887 1104 1955 apostolorum
1138 1904 1278 1944 unus
1317 1897 1482 1953 esset,
1506 1889 1586 1943 sic
1630 1889 1787 1943 etiam
1816 1890 1870 1943 in
1901 1905 2042 1960 pra:-

478 1976 641 2040 senti,
671 1984 726 2032 et
775 1980 1069 2044 unanimis,
1119 1988 1173 2036 et
1228 1980 1359 2042 dux,
1394 1988 1448 2035 et
1504 1989 1666 2055 notus
1714 1980 1890 2037 dictus
1936 1989 2043 2039 est.

476 2065 612 2122 Item
644 2068 1099 2138 quemadmodum
1131 2072 1185 2127 iu
1225 2072 1319 2126 illo
1350 2072 1419 2127 de
1446 2071 1634 2127 eodem
1679 2072 1881 2127 dictum
1913 2082 1998 2127 est
2027 2093 2041 2128 :

485 2178 505 2212 ι
541 2159 644 2226 Qui
674 2161 867 2216 edebat
919 2178 1089 2233 panes
1129 2178 1299 2228 meos,
1332 2164 1697 2234 magnilicavit
1746 2180 1910 2235 super
1960 2180 2046 2221 me

479 2254 1011 2324 supplantationem,
1077 2274 1098 2307 ι
1150 2254 1222 2308 ita
1271 2256 1432 2310 etiam
1490 2270 1638 2309 nunc
1687 2270 1755 2310 ex
1813 2269 2046 2326 persona

479 2346 655 2417 ipsius
688 2345 891 2400 dicitur
923 2346 1056 2401 illud
1089 2365 1103 2400 :
1140 2364 1159 2398 ι
1194 2345 1299 2412 Qui
1336 2347 1390 2400 in
1412 2346 1563 2417 idem
1596 2346 1782 2401 dulces
1826 2361 2049 2416 compa-

477 2438 644 2493 rabas
675 2438 807 2492 mihi
841 2438 1015 2493 cibos.
1040 2456 1060 2489 ι
1087 2437 1298 2493 Etenim
1325 2453 1391 2492 ex
1417 2438 1484 2492 iis
1506 2437 1620 2508 ipse
1649 2453 1865 2508 quoque
1906 2454 2045 2494 unus

477 2540 617 2596 erat,
648 2532 740 2601 qui
769 2529 836 2584 ad
865 2545 1145 2594 arcanam,
1178 2546 1286 2601 qua
1307 2546 1430 2585 cum
1469 2531 1584 2586 suis
1617 2530 1898 2601 discipulis
1928 2539 2047 2585 ute-

477 2621 662 2685 batur,
719 2619 1019 2679 Salvatoris
1065 2623 1240 2677 nostri
1290 2622 1743 2678 consuetudinem
1789 2623 2046 2692 spiritua-

478 2712 696 2785 lemque
732 2715 915 2769 cibum
965 2716 1232 2786 assumpti
1294 2713 1551 2769 fuerant:
1601 2712 1761 2784 472
1800 2729 1925 2767 nam
1977 2714 2045 2769 ad

477 2803 764 2875 profanam
793 2805 1193 2860 multitudinem
1224 2812 1278 2860 et
1299 2802 1365 2857 ad
1396 2803 1584 2858 turbas
1617 2817 1740 2856 cum
1769 2803 1931 2857 verba
1960 2802 2045 2857 fa-

479 2904 647 2958 ceret,
673 2898 948 2967 parabolis
970 2898 1241 2952 utebatur.
1270 2896 1414 2951 Solis
1442 2911 1571 2950 vero
1592 2897 1709 2950 suis
1739 2894 2042 2965 discipulis,

479 2988 537 3041 in
561 3003 792 3057 quorum
821 2988 1065 3043 ordinem
1115 2990 1277 3043 etiam
1313 2986 1483 3042 Judas
1527 2987 1802 3042 admissus
1847 2986 2044 3053 fuerat,

480 3079 722 3148 apertius
743 3079 925 3132 omnia
954 3078 1383 3133 demonstrabat.
1424 3078 1500 3133 Ex
1531 3094 1640 3149 quo
1668 3079 1799 3133 illud
1838 3077 2042 3134 dictum

479 3178 601 3225 est:
642 3189 660 3220 ι
693 3167 792 3234 Qui
826 3170 1018 3223 edebat
1048 3186 1217 3239 panes
1252 3185 1435 3233 meos,
1464 3170 1833 3241 magnificavit
1883 3187 2048 3242 super

479 3275 568 3314 me
615 3260 1144 3329 supplantationem;
1192 3279 1209 3312 ι
1248 3268 1301 3315 et
1352 3261 1532 3317 illud:
1581 3279 1601 3313 ι
1666 3262 1760 3331 qui
1806 3263 1862 3317 in
1906 3262 2049 3318 idem

480 3346 667 3405 dulces
699 3351 1052 3420 comparabas
1084 3351 1211 3404 mibi
1246 3352 1420 3414 cibos,
1482 3374 1501 3408 ι
1558 3353 1704 3425 quod
1755 3366 1886 3407 sane
1936 3356 2051 3408 evi-

481 3440 703 3496 dentius
744 3440 1015 3512 expressit
1052 3441 1247 3512 Aquila
1287 3443 1506 3512 quidem
1538 3458 1618 3499 51c
1653 3454 1669 3497 :
1699 3460 1716 3494 ι
1755 3441 1859 3509 Qui
1887 3440 2049 3502 simul

480 3531 641 3587 dulce
679 3532 1129 3602 comparabamus
1161 3530 1445 3587 arcanum.
1490 3553 1507 3585 ι
1543 3531 1903 3603 Symmachus
1953 3545 2051 3585 au-

480 3632 588 3677 tem
617 3623 695 3678 sic
731 3642 743 3676 :
778 3642 797 3673 ι
835 3621 936 3688 Qui
964 3624 1109 3677 inter
1140 3639 1240 3678 nos
1270 3625 1807 3679 communicabamus
1834 3622 2048 3677 dulcem

483 3714 752 3768 sermonis
780 3715 1253 3769 consuetudinem.
1296 3734 1315 3766 ι
1349 3714 1455 3769 Ρι·ο
1479 3716 1571 3769 illo
1593 3730 1760 3769 vero:
1794 3734 1812 3766 ι
1848 3714 1928 3768 Tu
1959 3731 2051 3769 au-

480 3812 591 3858 tem
635 3806 796 3857 homo
833 3805 1128 3868 unanimis,
1156 3805 1265 3859 dux
1297 3821 1473 3869 meus,
1508 3813 1561 3860 et
1591 3813 1755 3860 notus
1808 3821 1984 3870 meus,
2024 3824 2042 3858 ι

484 3894 845 3967 Symmachus
878 3888 953 3948 ita
1001 3897 1271 3950 convertit
1304 3915 1318 3951 :
1358 3915 1375 3948 ι
1418 3895 1500 3950 Tu
1534 3905 1713 3950 autem
1745 3896 1908 3951 homo
1934 3913 2049 3951 mo-

481 3987 561 4041 ris
591 3986 835 4056 ejusdem
865 4002 1099 4050 mecum,
1122 3996 1175 4041 et
1194 3986 1300 4040 dux
1337 4001 1511 4050 meus,
1543 3995 1596 4042 et
1620 3994 1784 4042 notus
1812 4002 1998 4042 meus:
2023 4006 2043 4039 ι

484 4092 607 4130 nam
635 4093 759 4131 cum
796 4078 863 4132 ad
910 4086 1117 4132 tantam
1156 4077 1472 4148 dignitatem
1521 4087 1837 4150 assumptus
1879 4087 2046 4145 esset,

483 4175 538 4223 et
564 4168 634 4221 ob
658 4169 711 4221 id
746 4169 888 4223 inter
917 4168 1121 4237 primos
1152 4168 1451 4224 Salvatoris
1479 4172 1684 4226 amicos
1709 4181 2045 4236 censeretur,

483 4259 680 4313 merito
714 4259 782 4315 de
813 4274 878 4314 eo
918 4263 998 4315 sic
1028 4261 1104 4314 ait
1140 4279 1153 4315 :
1189 4277 1209 4311 ι
1241 4259 1297 4315 Si
1333 4261 1588 4317 inimicus
1623 4263 1822 4332 probro
1854 4278 1940 4318 me
1970 4262 2053 4317 af-

483 4348 727 4413 fecisset,
757 4352 1143 4406 sustinuissem
1189 4352 1397 4422 utique,
1436 4370 1454 4403 )
1489 4361 1542 4406 et
1575 4368 1695 4422 quae
1724 4363 2046 4423 sequuntur.

2151 1908 2170 1940 ι
2195 1890 2249 1941 Ὀ
2278 1888 2471 1940 ἐσθίων
2505 1888 2701 1957 ἄρτους
2728 1904 2852 1959 μου,
2883 1886 3208 1957 ἐμεγάλυνεν
3239 1886 3323 1939 ἐπ’
3356 1886 3458 1955 ἐμὲ
3495 1900 3707 1956 πτερνι-

2146 1980 2280 2051 σμόν
2304 1998 2351 2033 ο»
2389 1981 2479 2034 τὸν
2513 1980 2675 2034 αὑτὸν
2728 1979 2927 2051 τρόπον
2957 1979 3049 2032 καὶ
3091 1977 3184 2031 ἐπὶ
3211 1976 3304 2031 τοῦ
3339 1977 3612 2048 παρόντος
3637 1977 3712 2039 είς

2146 2071 2307 2125 αὑτοῦ
2357 2072 2642 2142 πρόσωπον
2660 2069 2875 2138 λέγεται
2898 2070 2978 2135 τὸ,
3020 2088 3040 2121 ι
3070 2070 3165 2131 Ὃς
3199 2068 3292 2123 ἐπίΙ
3315 2067 3374 2121 τὺ
3404 2068 3541 2121 αὐτὸ
3561 2067 3712 2136 ἐγλύο

2146 2162 2313 2226 κανάς
2349 2179 2435 2231 μοι
2459 2161 2744 2232 ἐδέσματα.
2777 2179 2796 2212 ι
2825 2160 2935 2213 Καὶ
2979 2158 3090 2232 γὰρ
3128 2159 3237 2213 τῶν
3277 2158 3711 2231 καταξιουμένων

2145 2251 2238 2303 καὶ
2262 2249 2419 2312 αὐτὸς
2452 2243 2530 2312 εἷς
2571 2244 2638 2320 ἦν
2690 2249 2789 2320 τῆς
2821 2249 3129 2322 ἀπορρήτου
3153 2248 3290 2320 πρὸς
3313 2250 3437 2313 τοὺς
3468 2247 3710 2321 μαθητὰς

2144 2340 2239 2394 τοῦ
2263 2341 2509 2411 Σωτῆρος
2540 2339 2697 2411 ἡμῶν
2717 2341 2933 2411 ὁμιλίας
2972 2356 3033 2394 τε
3070 2340 3163 2394 καὶ
3191 2340 3572 2411 πνευματικῆς
3594 2356 3712 2412 τρο-

2147 2429 2254 2500 φῆς
2276 2446 2289 2459 °
2316 2431 2427 2492 τοῖς
2463 2429 2560 2500 μὲν
2581 2428 2691 2499 γὰρ
2727 2428 2831 2494 ἔξω
2860 2429 3089 2499 πλήθεσι
3140 2430 3235 2483 καὶ
3275 2434 3388 2494 τοῖς
3434 2429 3618 2500 ὄχλοις
3657 2432 3711 2485 ἐν

2146 2521 2477 2593 παραϐολαῖς
2511 2520 2707 2587 ἐλάλει,
2750 2522 2930 2593 μόνοις
2969 2522 3026 2575 δὲ
3058 2525 3172 2586 τοῖς
3202 2519 3394 2576 ἐαυτοῦ
3425 2521 3708 2593 μαθηταῖς,

2144 2615 2201 2666 ἐν
2252 2608 2333 2676 οἷς
2394 2616 2485 2666 καὶ
2528 2613 2557 2665 ὁ
2610 2613 2807 2677 Ἰούδας
2848 2611 3169 2684 ἐξητάζετο,
3232 2612 3454 2666 ἐπέλυεν
3480 2614 3708 2668 ἅπαντα.

2145 2703 2234 2756 Διὸ
2287 2702 2568 2758 λέλεκταιο
2604 2722 2625 2756 ι
2671 2705 2728 2757 Ὀ
2747 2703 2941 2758 ἐσθίων
2994 2704 3190 2775 ἄρτους
3237 2721 3338 2776 μου
3385 2705 3712 2775 ἐμεγάλυνεν

2145 2794 2231 2848 ἐπ’
2259 2793 2358 2863 ἐμὲ
2402 2792 2755 2864 πτερνισμδν,
2792 2811 2810 2844 ι
2844 2792 2958 2855 καὶ,
2991 2811 3012 2844 ι
3053 2792 3149 2856 Ὃς
3185 2790 3277 2844 ἐπὶ
3302 2790 3364 2844 τὸ
3399 2790 3533 2843 αὐτὸ
3566 2789 3712 2859 ἐγλύ-

2145 2879 2313 2941 κανάς
2341 2896 2429 2950 μοι
2463 2879 2760 2950 ἐδέσματαο
2802 2898 2820 2931 ι
2866 2879 3010 2951 ’άπερ
3053 2878 3382 2952 σαφέστερον
3405 2878 3665 2951 ἐξέφηνεν
3685 2879 3713 2933 6

2149 2970 2244 3041 μὲν
2283 2970 2511 3033 Ἀκύλας
2560 2969 2760 3024 εἰπών·
2798 2989 2818 3022 ι
2862 2971 2927 3025 Οἳ
2975 2969 3110 3041 ὁμοῦ
3143 2957 3519 3041 ἐγλυκάναμεν
3550 2969 3714 3041 ἀπόρο

2148 3064 2340 3134 ῥητόν⁶
2387 3082 2405 3114 ι
2436 3064 2464 3116 ὁ
2499 3061 2556 3114 δὲ
2592 3061 2918 3133 Σύμμαχος·
2959 3080 2978 3113 ι
3012 3062 3218 3125 Οἴτινες
3239 3060 3713 3132 ἐκοινολογούμεθα

2074 3126 2118 3188 C
2148 3126 2400 3221 γλυκεῖαν
2445 3126 2684 3224 ὁμιλίανξ
2716 3126 2743 3204 ἰ
2788 3126 2933 3206 itm
2975 3153 3032 3206 δὲ
3053 3150 3167 3216 τοῦ,
3196 3172 3215 3203 ι
3254 3153 3325 3205 Σὺ
3357 3153 3434 3218 δὲ,
3465 3126 3713 3225 eam

2152 3243 2391 3313 ἰσόψυχε,
2427 3243 2648 3314 ἡγεμών
2681 3259 2801 3314 μου,
2836 3242 2930 3297 καὶ
2979 3242 3186 3311 γνωστέ
3213 3260 3337 3315 μου,
3368 3261 3388 3294 ι
3423 3244 3453 3295 ὁ
3494 3244 3716 3313 Σύμμα-

2149 3334 2241 3404 χός
2272 3350 2440 3404 φησι·
2481 3352 2498 3384 ι
2539 3334 2610 3386 Σὺ
2636 3333 2713 3397 δέ,
2744 3333 2993 3404 ἄνθρωπε
3021 3333 3288 3405 ὀμότροπέ
3326 3351 3435 3404 μοι,
3466 3334 3564 3387 καὶ
3594 3335 3715 3403 ἠγε-

2153 3423 2267 3495 μὼν
2315 3443 2436 3496 μου,
2484 3426 2576 3479 καὶ
2629 3425 2836 3494 γνωστέ
2874 3441 3008 3495 μου·
3050 3443 3069 3475 ι
3122 3424 3420 3496 ἐπειδήπερ
3452 3427 3713 3477 τοσούτων

2148 3515 2447 3586 ἠξιωμένος
2503 3517 2655 3584 φίλος
2700 3518 2757 3567 ἐν
2808 3516 2929 3578 τοῖς
2957 3513 3188 3585 μάλιστα
3220 3509 3287 3586 ἦν
3318 3514 3413 3567 τοῦ
3447 3514 3711 3584 Σωτῆρος,

2148 3606 2370 3669 εἰκότως
2401 3607 2531 3677 φησὶ
2566 3607 2693 3677 περὶ
2734 3604 2896 3658 αὐτοῦ
2920 3604 3000 3666 τὸ,
3046 3621 3065 3654 ι
3101 3603 3241 3665 Ὅτι,
3268 3603 3315 3656 εξ
3351 3602 3543 3673 ἐχθρὸς
3567 3601 3714 3654 ὠνεί-

2147 3697 2261 3751 δισέ
2297 3716 2383 3767 με,
2413 3699 2693 3769 ὑπήνεγκα
2720 3696 2783 3749 ἄν
2808 3712 2821 3725 ’
2863 3714 2882 3746 ›
2918 3695 3011 3748 καὶ
3037 3692 3105 3747 τὰ
3131 3692 3275 3763 ἐξῆς.
3307 3691 3491 3745 Ταῦτα
3516 3691 3569 3743 δὲ
3596 3690 3714 3761 περὶ

2146 3788 2241 3842 τοῦ
2288 3788 2457 3842 Ἰούδα
2510 3788 2792 3853 θεσπίσας,
2829 3787 3136 3850 ἀκολούθως
3162 3785 3260 3856 τὴν
3286 3786 3349 3837 ἐκ
3372 3781 3466 3836 τοῦ
3491 3782 3711 3836 Gai/bos

2151 3881 2421 3952 σωτηρίαν
2442 3881 2534 3933 καὶ
2579 3879 2862 3951 ἀποφυγὴν
2894 3878 3084 3933 ἑαυτοῦ
3129 3877 3476 3950 προδιδάσκει
3511 3874 3710 3941 λέγων’

2155 3993 2174 4025 ι
2228 3972 2364 4041 Ἐγὼ
2400 3973 2534 4043 πρὸς
2554 3973 2645 4025 τὸν
2671 3972 2800 4024 Θεὸν
2828 3971 3121 4043 ἐκέκραξα,
3148 3970 3243 4024 καὶ
3275 3971 3302 4023 ὁ
3324 3968 3527 4038 Κύριος
3550 3964 3714 4019 ἔσωσέ

2153 4082 2239 4138 με.
2285 4048 2554 4132 Ἐσπέρας
2587 4065 2680 4117 καὶ
2722 4062 2867 4135 πρωῒ
2890 4064 2986 4117 καὶ
3017 4060 3364 4134 μεσημϐρίας
3387 4060 3714 4130 διηγήσομαι

2149 4159 2244 4212 καὶ
2296 4156 2610 4225 ἀπαγγελῶ,
2662 4154 2755 4209 καλ⁸
2804 4155 3180 4208 είσακούσεται
3229 4153 3329 4224 τῆς
3385 4151 3566 4222 φωνῆς
3595 4166 3710 4220 μου.

2148 4249 2494 4321 Δυτρὼσεται
2520 4251 2576 4302 ἐν
2611 4250 2799 4320 είρήνῃ
2830 4247 2929 4319 τὴν
2963 4247 3139 4318 ψυχήν
3166 4264 3268 4317 μου
3290 4261 3304 4275 ⁸
3330 4263 3350 4298 ι
3382 4244 3459 4308 ὡς
3496 4246 3549 4296 ἐν
3586 4242 3711 4311 εἶιχῇ

2148 4340 2239 4393 τὸν
2273 4340 2377 4410 πρὸ
2407 4338 2500 4391 τοῦ
2534 4339 2763 4392 θανάτου
2809 4337 3000 4408 καιρὸν
3038 4336 3311 4407 σημαίνει,
3336 4334 3460 4388 καθ’
3481 4334 3537 4386 ὃν
3566 4332 3657 4385 καὶ
3684 4331 3711 4382 ό

483 4438 586 4499 Ubi
620 4450 800 4497 autem
841 4443 954 4498 haec
988 4443 1055 4498 de
1102 4441 1241 4497 Juda
1291 4444 1509 4509 cecinit,
1540 4443 1733 4500 ordine
1789 4444 2046 4515 deinceps

2162 4433 2361 4495 Ἰούδας
2394 4430 2463 4484 τὰ
2486 4430 2586 4499 τῆς
2607 4432 2726 4483 κατ’
2759 4428 2922 4483 αὐτοῦ
2958 4428 3245 4499 προδοσίας
3272 4428 3710 4480 συνεσκευάσατοι

484 4534 861 4589 liberationem
900 4549 931 4587 a
990 4543 1162 4589 morte
1218 4535 1639 4606 evasioncmque
1691 4550 1845 4590 suam
1898 4542 2046 4590 tanto

2153 4523 2285 4576 Τότε
2308 4518 2399 4575 οὖν
2428 4522 2456 4573 ὁ
2483 4521 2673 4593 Σωτὴρ
2725 4520 2818 4574 καὶ
2854 4519 3056 4591 Κύριος
3085 4517 3260 4590 ήμῶν,
3284 4518 3360 4580 ὡς
3397 4518 3490 4571 ἐπὶ
3520 4514 3712 4585 ὀλέθρῳ

485 4633 611 4680 ante
638 4625 841 4679 indicat
884 4626 989 4681 illis
1019 4627 1199 4681 verbis
1228 4645 1240 4680 :
1265 4645 1283 4677 ι
1324 4626 1435 4697 Ego
1479 4626 1547 4680 ad
1596 4622 1764 4680 Deum
1793 4625 2045 4690 clamavi,

482 4726 539 4773 et
561 4715 822 4771 Dominus
849 4717 1076 4771 salvavit
1106 4733 1212 4772 me.
1240 4716 1479 4789 Vespere
1496 4725 1549 4772 et
1574 4732 1732 4772 mane
1750 4725 1804 4771 et
1824 4716 2051 4773 meridie

486 4810 723 4864 narrabo
755 4818 809 4864 et
838 4811 1195 4873 annuntiabo,
1222 4818 1274 4865 et
1309 4809 1561 4865 exaudiet
1598 4824 1787 4864 vocem
1845 4824 2048 4873 meam,

487 4902 715 4957 redimet
747 4903 800 4956 in
825 4918 956 4972 pace
979 4906 1212 4957 animam
1236 4918 1410 4957 meam
1428 4903 1496 4956 ⁸⁷.
1527 4921 1546 4954 ›
1585 4900 1676 4956 Sic
1701 4910 1959 4971 tanquam
1994 4901 2050 4954 in

487 5007 649 5062 prece
675 5000 887 5061 tempus
916 4993 1058 5062 quod
1121 5000 1348 5047 mortem
1403 4993 1717 5057 antecessit,
1759 4991 2050 5061 significat,

489 5098 596 5152 quo
630 5082 846 5152 quidem
878 5090 1121 5152 tempore
1138 5080 1306 5137 Iudas
1344 5098 1561 5153 quoque
1589 5081 1656 5136 ad
1686 5080 2051 5151 proditionem

490 5174 909 5241 comparabatur
931 5181 1121 5227 contra
1146 5174 1318 5228 illum.
1350 5172 1507 5228 Tunc
1538 5174 1682 5228 enim
1711 5172 1961 5226 Salvator
1988 5186 2053 5225 ac

492 5260 754 5317 Dominus
784 5270 989 5326 noster,
1025 5262 1190 5317 Veluti
1246 5263 1316 5317 ob
1346 5264 1643 5332 perniciem
1684 5272 1847 5332 atque
1881 5263 2052 5316 inter-

494 5351 628 5405 itum
659 5353 742 5406 sui
776 5352 1061 5408 familiaris
1112 5353 1304 5408 dolens
1351 5369 1719 5424 maerensque,
1766 5369 1829 5408 ac
1878 5354 2055 5407 multo

494 5442 657 5497 etiam
696 5444 868 5514 magis
894 5446 963 5499 ob
981 5445 1149 5501 totius
1176 5443 1417 5501 Iudaica!
1456 5446 1633 5517 gentis
1670 5445 2053 5515 perditionem,

494 5536 755 5601 tanquam
785 5533 854 5587 ob
873 5548 1003 5589 suos
1020 5533 1089 5588 ad
1115 5534 1385 5590 insaniam
1417 5533 1689 5600 redactos,
1710 5540 1765 5589 et
1794 5541 2053 5603 tanquam

2154 4614 2248 4668 καὶ
2270 4612 2494 4683 ἀπολεία
2520 4612 2612 4665 τοῦ
2635 4611 2909 4682 γνωρίμου
2950 4609 3249 4680 δυσφορῶν,
3281 4607 3378 4660 καὶ⁵
3416 4605 3495 4659 ἔτι
3525 4604 3711 4676 μᾶλλον

2157 4705 2248 4757 ἐπὶ
2278 4706 2344 4775 τῇ
2368 4703 2462 4757 τοῦ
2508 4703 2708 4766 παντὸς
2746 4700 3013 4754 Ἰουδαίων
3037 4699 3220 4762 ἔθνους
3241 4697 3503 4768 ἀποϐολῇ,
3534 4694 3711 4766 63mg

2156 4795 2251 4848 ἐπὶ
2320 4795 2615 4867 μεμηνόσιν
2665 4793 2905 4856 οἰκείοις,
2933 4792 3027 4845 καὶ
3062 4791 3136 4854 ὡς
3167 4791 3260 4844 ἐπὶ
3289 4788 3559 4858 φιλτάτοις
3577 4802 3712 4855 συμ-

2157 4887 2401 4958 πάσχων,
2423 4888 2601 4940 πᾶσαν
2619 4886 2717 4955 τὴν
2746 4884 2879 4955 πρὸς
2902 4884 3095 4945 αὐτοὺς
3111 4882 3325 4953 ὁμιλίαν
3350 4882 3443 4935 καὶ
3470 4880 3711 4932 διδασκα-

2156 4978 2297 5044 λίαν,
2320 4978 2407 5032 διὰ
2460 4976 2521 5030 τὺ
2567 4976 2731 5047 μηδὲν
2769 4977 2961 5039 αὐτοὺς
3008 4972 3368 5043 ὠφεληκέναι,
3413 4967 3712 5038 ἀδολεσχίαν

2160 5071 2447 5135 ἀποκαλεῖ,
2477 5069 2701 5140 φάσκων
2722 5085 2735 5098 ·
2758 5087 2778 5119 ι
2801 5066 3104 5136 Ἐλυπήθην
3127 5066 3183 5117 ἐν
3205 5067 3271 5132 τῇ
3293 5060 3567 5132 ἀδολεσχίᾳ.
3583 5075 3703 5129 μου,

2165 5164 2260 5216 καὶ
2310 5162 2616 5234 ἐταράχθην
2640 5160 2749 5213 ἀπὸ
2792 5158 2971 5228 φωνῆς
3000 5155 3216 5227 ἐχθροῦ,
3247 5155 3340 5207 καὶ
3363 5152 3467 5207 ἀπὸ
3487 5149 3708 5219 θλίψεως

2153 5252 2477 5325 ἀμαρτωλοῦ
2496 5270 2509 5283 ο
2539 5254 2621 5306 ὅτι
2638 5251 2964 5316 ἐξέκλιναν,›
2984 5247 3169 5317 φησὶν,
3200 5264 3219 5296 ι
3246 5246 3333 5299 ἐπ’
3371 5243 3467 5315 ἐμὲ
3490 5240 3708 5311 ἀνομίαν

2156 5346 2252 5397 καὶ
2279 5347 2338 5397 ἐν
2370 5345 2505 5416 ὀργῇ
2534 5343 2814 5396 ἐνεκότουν
2852 5358 2939 5412 μοι
2964 5356 2979 5371 ·
3015 5358 3034 5389 ι
3062 5338 3205 5408 ἀπερ
3248 5335 3466 5390 δύναται
3494 5333 3588 5404 μὲν
3617 5331 3710 5384 καί

2157 5436 2250 5488 ἐπὶ
2294 5436 2421 5498 τοὺς
2472 5436 2735 5507 ἄρχοντας
2767 5432 2874 5485 τῶν
2905 5433 2969 5485 ἐκ
3001 5431 3305 5502 περιτομῆς
3335 5423 3708 5496 ἀναφέρεσθαι,

2160 5527 2285 5590 τοὺς
2311 5526 2593 5599 ἐχθρωδῶς
2627 5527 2718 5581 καὶ
2761 5522 3214 5586 ἐπιϐουλευτικῶς
3240 5519 3523 5593 ἐνεδρεύειν
3546 5514 3712 5569 αὐτὸν

582 5702 629 5735 δ’
666 5700 809 5757 Psal.
835 5718 943 5769 Liv,
969 5703 1144 5763 10-15.
1193 5710 1267 5785 .-δ’
1304 5708 1450 5765 Psal.
1484 5724 1585 5779 ιι,
1618 5708 1708 5765 10.
1783 5709 1827 5750 ⁸⁷
1863 5707 2008 5765 Psal.
2042 5724 2046 5762 ἲ

2149 5751 2152 5767 .
2197 5706 2378 5763 17-19.
