3908 6266
275 342 375 398 755

1149 341 1797 400 DEMONSTRATIONIS
1834 341 2291 398 EVANGEUCE
2330 341 2455 395 LIB.
2498 337 2565 395 Χ.

3395 343 3495 397 τοι

271 454 639 528 πειρωμένους
657 471 671 485 ο
705 454 924 508 δύναται
943 454 1000 509 δὲ
1016 455 1110 508 καὶ
1129 455 1257 527 περὶ
1281 455 1560 526 δυνάμεων
1590 455 1834 527 ἀοράτων

1946 455 2007 510 ob
2041 454 2146 509 sibi
2189 451 2546 507 charissimos
2593 448 2969 504 misericordia
3024 456 3348 515 commotus,
3372 468 3494 507 omo

271 548 464 617 ἔξωθεν
477 549 640 603 αὑτὸν
662 546 931 618 προσπολε
940 547 1173 619 μουσῶν,
1195 549 1287 602 καὶ
1318 548 1416 619 τὴν
1439 548 1505 601 δι’
1533 545 1831 619 ἀνθρώπιον

273 641 614 712 κατασκευὴν
669 639 1003 711 ἐνεργουσῶν
1051 638 1342 708 λέγεσθαι·
1385 638 1421 693 ἃ
1465 639 1558 693 καὶ
1591 638 1832 711 συνᾴδειν

275 750 361 803 μοι
393 734 678 796 δοκεῖτοῖς
711 733 769 784 ὲν
815 730 891 801 τῷ
924 730 1237 801 Εὐαγγελίῳ
1268 732 1357 784 ὑπ’
1390 730 1553 784 αὑτοῦ
1575 728 1831 800 λελεγμέ-

271 845 379 891 νοις
411 825 555 880 κατὰ
573 824 667 878 τδν
691 823 785 877 τοῦ
819 822 1024 887 πάθους
1046 823 1258 894 καιρὸν,
1282 823 1371 875 ὅτε
1396 821 1542 891 λέγει
1565 825 1675 885 τοῖς
1704 823 1833 875 ἐαυ-

270 919 360 974 τοῦ
432 917 701 990 μαθηταῖς
730 933 743 946 ο
806 934 826 966 ι
880 915 1181 987 Περίλυπός
1230 916 1377 967 ἐστιν
1438 916 1471 986 ἡ
1543 914 1685 984 ψυχή
1734 929 1832 983 μου

269 1014 373 1077 ἕως
431 1010 682 1064 θανάτου.
728 1007 963 1062 Μείνατε
1021 1002 1122 1061 ὦδε
1148 1048 1163 1071 ,
1214 1008 1305 1059 καὶ
1348 1008 1666 1079 γρηγορεῖτε
1718 1003 1832 1074 μετ’

271 1102 405 1173 ἐμοῦ
429 1118 443 1132 ⁸
477 1121 496 1154 ι
533 1101 628 1155 καὶ
656 1099 815 1153 πάλιν
835 1116 849 1130 ·
878 1117 897 1149 ι
938 1098 1049 1151 Νῦν
1073 1098 1269 1170 ἡψυχὴ
1306 1116 1404 1169 μου
1434 1100 1777 1169 τετάρακται.
1811 1116 1829 1148 ι

276 1190 475 1260 Ὅμοια
506 1189 636 1260 γοῦν
671 1188 878 1250 τούτοις
907 1188 1023 1242 ἐστὶ
1052 1189 1144 1241 καὶ
1171 1187 1239 1240 τὰ
1267 1189 1323 1241 ὲν
1346 1186 1421 1257 τῷ
1453 1186 1668 1256 ψαλμῷ,
1703 1188 1760 1239 ἐν
1791 1178 1835 1252 ᾧ

269 1280 550 1334 λέλεκται·
603 1299 622 1331 ‹
667 1280 732 1333 Ἠ
768 1278 965 1350 καρδία
1001 1296 1102 1348 μου
1152 1277 1425 1349 ἐταράχθη
1473 1278 1529 1330 ὲν
1555 1278 1697 1348 ἐμοὶ,
1743 1277 1836 1330 καὶ

267 1372 442 1427 δειλία
474 1371 703 1426 θανάτου
734 1371 998 1424 ἐπέπεσεν
1028 1371 1112 1424 ἐπ’
1144 1370 1264 1441 ὲμέ.
1307 1369 1472 1433 Φόϐος
1514 1370 1609 1423 καὶ
1639 1369 1838 1441 τρόμος

269 1462 432 1537 ἦλθεν
456 1465 540 1518 ἐπ’
576 1464 695 1536 ἐμὲ,
729 1464 823 1517 καὶ
850 1463 1087 1533 ἐκάλυψε
1125 1481 1189 1534 με
1214 1449 1435 1525 σκότος’·
1478 1482 1495 1514 ι
1534 1462 1599 1514 δι’
1631 1456 1705 1515 ὧν
1731 1463 1838 1518 τῶν

270 1558 660 1629 ἀντικειμένων
687 1557 967 1628 δυνάμεων
988 1556 1087 1619 τὰς
1115 1555 1235 1610 καθ’
1260 1554 1423 1609 αὑτοῦ
1454 1554 1627 1626 ὁρμὰς
1653 1554 1840 1626 σημαί-

272 1667 370 1703 νει.
430 1649 521 1713 Ὦς
569 1648 698 1717 γοῦν
749 1650 805 1703 ὲν
851 1652 971 1711 ταῖς
1024 1646 1381 1718 προφητείαις
1428 1645 1736 1715 ὠνόμασταί
1785 1664 1841 1698 τι

270 1740 488 1812 πνεῦμα
534 1741 810 1812 πορνείας,
863 1739 1005 1792 κατὰ
1053 1726 1137 1801 τὸ,
1194 1756 1212 1788 ι
1254 1737 1529 1807 Πνεύματι
1587 1737 1840 1809 πορνείας

1933 562 2056 603 nem
2103 561 2209 617 qua
2241 560 2367 599 cum
2402 544 2509 599 illis
2540 542 2825 597 utebatur.
2850 542 3119 597 sermonis
3147 542 3498 597 consuetudi-

1932 654 2054 695 nem
2082 653 2147 693 ac
2176 635 2507 698 doctrinam,
2539 648 2606 688 eo
2653 633 2796 702 quod
2833 633 2940 687 illis
2994 633 3128 687 nihil
3177 632 3493 702 profuisset,

1932 731 2283 802 nugationem
2331 726 2589 796 appellat,
2637 725 2825 779 dicens
2855 744 2867 780 :
2905 744 2923 776 ι
2950 760 2951 763 η
2981 724 3348 781 Coutristatus
3373 741 3495 782 sum

1935 825 1990 878 in
2023 821 2320 893 nugatione
2361 835 2501 882 mea,
2532 828 2586 872 et
2614 818 2976 872 conturbatus
3019 832 3138 872 sum
3173 831 3204 869 a
3238 832 3369 872 voce
3392 818 3499 872 ini-

1935 913 2087 977 mici,
2110 921 2164 967 et
2193 928 2222 965 a
2255 911 2603 965 tribulatione
2635 912 2935 978 peccatoris
2970 923 2985 960 :
3021 909 3278 977 quoniam
3327 908 3497 964 decli-

1934 1014 2229 1069 naverunt,
2250 1004 2450 1073 inquit,
2490 1004 2545 1056 in
2580 1016 2666 1055 me
2701 1000 3129 1069 iniquitatem,et
3162 1000 3216 1054 in
3247 1001 3327 1055 ira
3375 1016 3496 1055 mo-

1936 1095 2060 1149 lesti
2084 1102 2240 1148 erant
2280 1093 2411 1146 mihi
2445 1111 2460 1147 :
2501 1110 2520 1143 »
2567 1106 2689 1161 qua:
2728 1091 2946 1160 quidem
2980 1097 3211 1160 possunt
3236 1091 3401 1145 etiam
3428 1091 3498 1146 ad

1936 1185 2209 1256 principes
2235 1182 2545 1237 Iudaeorum
2580 1182 2793 1242 referri,
2823 1182 2914 1251 qui
2947 1182 3167 1236 inimico
3192 1183 3501 1237 insidianti-

1937 1293 2043 1347 que
2063 1278 2244 1329 animo
2271 1274 2669 1329 circumvenire
2694 1275 2844 1327 illum
2869 1275 3230 1329 conabantur.
3267 1273 3501 1328 Possunt

1937 1371 2098 1424 etiam
2134 1367 2202 1422 de
2249 1367 2612 1437 potestatibus
2645 1365 3044 1429 invisibilibus,
3074 1381 3194 1433 (lita:
3232 1367 3501 1420 extrinse-

1938 1476 2036 1514 cus
2090 1458 2239 1512 illnm
2292 1456 2701 1526 oppugnabant,
2741 1470 2806 1509 ac
2829 1470 2925 1524 per
2954 1454 3203 1508 homines
3252 1455 3378 1508 talia
3423 1455 3500 1508 illi

1937 1548 2415 1612 machinabantur,
2447 1546 2697 1616 intelligi.
2747 1543 2982 1599 Proinde
3014 1545 3202 1598 eadem
3257 1544 3388 1598 mihi
3428 1544 3503 1597 viv

1938 1640 2138 1695 dentur
2167 1636 2506 1694 concordare
2537 1653 2661 1692 cum
2703 1638 2770 1691 iis
2805 1652 2924 1706 quae
2951 1637 3017 1689 ab
3046 1638 3163 1705 ipso
3218 1635 3272 1689 in
3327 1633 3503 1687 Evan-

1939 1732 2079 1800 gelio
2121 1731 2267 1784 dicta
2312 1735 2440 1785 sunt
2480 1728 2582 1783 sub
2610 1727 2786 1797 ipsum
2826 1727 3099 1796 passionis
3145 1738 3377 1795 tempus,
3411 1724 3501 1781 ubi

268 1810 669 1903 ἐπλανήθησαν,
713 1851 731 1883 ι
758 1831 852 1885 καὶ
896 1831 1023 1886 ἄλλο
1058 1828 1268 1900 πνεῦμα
1299 1828 1617 1899 πλανήσεως
1670 1829 1727 1880 έν
1771 1829 1837 1898 τῇ

1946 1821 2016 1873 ait
2071 1820 2137 1875 ad
2181 1835 2311 1875 suos
2361 1818 2662 1889 discipulos
2697 1836 2711 1873 :
2751 1839 2769 1870 ι
2807 1817 3005 1872 Tristis
3036 1825 3120 1871 est
3158 1818 3338 1870 anima
3382 1830 3502 1870 mea

269 1927 460 1998 ἐρήμῳ
483 1943 498 1956 '
549 1924 639 1978 τὸν
685 1924 848 1977 αὐτὸν
893 1923 1094 1995 τρόπον
1128 1923 1220 1976 καὶ
1249 1921 1462 1991 πνεῦμα
1491 1920 1720 1975 θανάτου
1755 1922 1839 1991 εἴη

265 2016 335 2072 ἂν
356 2016 558 2081 δειλίας
580 2017 879 2087 ποιητικὸν,
901 2017 977 2079 ὼς
1000 2015 1092 2068 καὶ
1115 2012 1330 2084 πνεῦμα
1362 2013 1541 2083 ἰσχύος
1569 2014 1662 2067 καὶ
1686 2012 1841 2066 δυνά-

267 2128 415 2182 μεως
446 2111 541 2164 καὶ
566 2109 814 2182 ἀνδρείας
840 2108 939 2178 τῆς
966 2106 1108 2161 κατὰ
1127 2106 1259 2160 Θεὸν
1291 2106 1655 2176 ἐνεργητικόν.
1687 2103 1842 2157 Οὓτω

263 2201 310 2255 δ’
343 2201 411 2256 ἂν
453 2201 668 2273 λεχθείη
705 2200 919 2271 πνεῦμα
964 2199 1127 2268 φόϐου
1174 2200 1266 2252 καὶ
1297 2197 1521 2270 τρόμου,
1554 2197 1648 2250 καὶ
1680 2195 1839 2249 πάλιν

265 2286 455 2359 ἕτερον
490 2287 638 2360 παρὰ
670 2288 841 2341 ταῦτα
872 2286 1086 2357 πνεῦμα
1115 2286 1279 2356 φόόου
1312 2288 1405 2340 καὶ
1441 2284 1772 2358 συγχύσεως,
1805 2285 1840 2340 ἃ

266 2380 365 2432 καὶ
394 2379 601 2451 σχεδὸν,
636 2382 829 2444 εἰπεῖν,
865 2379 1032 2432 ἅπασι
1080 2379 1176 2449 μὲν
1209 2381 1320 2441 τοῖς
1348 2378 1405 2430 ἐν
1433 2377 1719 2449 μαρτυρίῳ
1749 2375 1840 2429 τὸν

267 2472 413 2543 ὑπὲρ
476 2468 757 2535 εὐσεϐείας
824 2470 1052 2525 θάνατον
1118 2469 1529 2541 ἀναδεχομένοις
1598 2469 1842 2541 ἐφορμᾷν

265 2564 453 2627 εἴωθε,
492 2562 626 2617 πολὺ
659 2561 820 2618 πλέον
864 2563 920 2615 δὲ
952 2563 1043 2615 καὶ
1084 2561 1281 2632 μᾶλλον
1327 2560 1650 2614 ἐπιτέθειται
1697 2558 1842 2629 αὐτῷ

265 2657 362 2710 τὸν
391 2657 532 2729 ὑπὲρ
575 2655 827 2709 ἁπάντων
864 2652 1092 2706 θάνατον
1124 2652 1491 2723 ὑπομείναντι.
1539 2650 1682 2722 Πλὴν
1727 2650 1842 2703 ἀλλ’

265 2746 383 2801 εἴτε
412 2746 627 2817 πνεῦμα
649 2745 850 2809 δειλίας
878 2744 971 2798 καὶ
1002 2742 1251 2805 θανάτου,
1280 2742 1390 2795 εἴτε
1422 2741 1585 2811 φόϐου
1609 2742 1702 2795 καὶ
1727 2740 1845 2812 τρό-

267 2857 402 2911 μου,
439 2840 472 2910 ἢ
511 2839 564 2891 εἴ
608 2855 692 2901 τις
729 2836 892 2907 ἑτέρα
929 2833 1148 2903 τοιαύτη
1199 2833 1425 2903 δύναμις
1466 2831 1842 2884 ὲπιπέπτωκεν

267 2929 443 3001 αὐτῷ,
470 2929 584 2983 ἀλλ’
609 2929 724 2983 οὔτι
754 2946 818 2997 γε
846 2924 1175 2999 κατέρραξεν
1203 2925 1362 2978 αὐτόν
1388 2941 1401 2955 ·
1430 2926 1571 2988 ἐπεὶ,
1605 2918 1691 2976 οἷα
1721 2940 1846 2992 γεν-

268 3026 423 3087 ναῖος
456 3023 713 3093 ἀθλητὴς,
741 3020 835 3091 τὴν
873 3020 970 3091 μὲν
1011 3017 1211 3072 δειλίαν
1243 3016 1337 3070 τοῦ
1371 3016 1621 3079 θανάτου,
1654 3032 1846 3068 πεποι-

266 3115 432 3186 θήσει
477 3113 639 3184 ζωῆς,
676 3112 859 3183 (αὐτὸς
898 3110 1006 3183 γὰρ
1047 3114 1080 3182 ἡ
1112 3111 1268 3182 ζωὴ,)
1303 3109 1515 3182 μακρὰν
1546 3107 1843 3181 ἀπέρριψεν

266 3205 722 3274 ἀποσεισάμενος.
768 3202 1038 3264 Ὡσαύτως
1083 3201 1140 3253 δὲ
1187 3202 1280 3253 καὶ
1325 3200 1385 3252 τὸ
1425 3198 1646 3252 ἐπελθὸν
1696 3196 1845 3267 αὐτῷ

266 3298 491 3368 πνεῦμα
518 3296 681 3366 φόϐου
712 3295 744 3367 ἢ
781 3295 980 3367 τρόμου
1007 3293 1284 3364 ποιητικὸν
1312 3290 1580 3361 πνεύματι
1611 3289 1846 3361 θάρσους

268 3391 363 3443 καὶ
407 3386 691 3457 δυνάμεως
741 3385 836 3438 καὶ
866 3384 1045 3455 ἰσχύος
1078 3382 1412 3455 πορρωτάτω
1439 3381 1801 3451 ἀπηκόντισεν
1826 3395 1841 3408 '

269 3483 418 3547 ἐπεὶ,
456 3479 598 3535 κατὰ
622 3480 714 3532 τὸν
760 3478 1006 3541 Ἡσαΐαν,
1048 3497 1066 3527 ι
1105 3474 1512 3530 ὲπανεπαύσατο
1554 3473 1642 3525 ἐπ’
1686 3472 1844 3526 αὐτὸν

272 3572 417 3645 μετὰ
453 3571 559 3626 τῶν
602 3571 775 3625 ἄλλων
810 3569 1132 3640 πνευμάτων
1165 3569 1257 3621 καὶ
1287 3565 1498 3637 πνεῦμα
1531 3563 1722 3645 βουλῆς
1755 3564 1848 3617 καὶ

273 3664 479 3736 ἰσχύος.
518 3684 537 3716 ι
587 3662 747 3720 Οὕτω
793 3663 884 3716 καὶ
916 3663 977 3715 τὸ
1009 3660 1226 3731 πνεῦμα
1269 3658 1361 3711 τοῦ
1406 3644 1629 3721 σκότους
1662 3660 1727 3728 τῇ
1754 3654 1846 3708 τοῦ

274 3748 409 3811 ἰδίου
442 3755 620 3826 φωτὸς
649 3755 989 3809 ἀπεσκέδασε
1034 3751 1290 3822 δυνάμει·
1327 3750 1446 3803 ἐπεὶ
1481 3769 1499 3800 ι
1548 3748 1609 3801 τὸ
1645 3747 1758 3818 φῶς
1791 3748 1848 3798 ὲν

270 3853 337 3922 τῇ
374 3849 570 3919 σκοτίᾳ
606 3847 736 3902 αὐτὸ
767 3848 826 3900 οὐ
854 3845 1168 3901 κατέλαϐεν.
1203 3864 1221 3895 ι
1256 3841 1450 3914 Εὖροις
1480 3842 1522 3896 δ’
1553 3841 1617 3895 ἂν
1644 3840 1713 3894 τὰ
1741 3857 1848 3892 πα-

275 3942 557 4013 ραπλήσια
589 3941 798 4003 τούτοις
826 3941 919 3993 καὶ
956 3942 1014 3992 ὲν
1052 3934 1282 4006 εἰκοστῷ
1316 3934 1514 4007 πρώτῳ
1543 3931 1761 4004 ψαλμῷ,
1792 3933 1850 3985 ἐν

270 4038 350 4109 τῷ
385 4037 549 4090 πάλιν
574 4037 638 4088 ὲκ
665 4033 761 4088 τοῦ
794 4032 955 4088 αὐτοῦ
987 4031 1231 4086 λέλεκται
1262 4025 1548 4099 προσώπου
1573 4043 1584 4056 ’
1642 4045 1659 4076 ι
1691 4027 1853 4096 Περ-ι-

272 4126 596 4183 εκύκλωσάν
622 4143 688 4198 με
715 4125 901 4197 μόσχοι
927 4122 1129 4187 πολλοὶ,
1153 4119 1344 4192 ταῦροι
1371 4120 1549 4182 πίονες
1570 4118 1851 4188 περιέσχον

276 4239 366 4293 με.
403 4219 660 4286 Ἤνοιξαν
699 4218 784 4271 ἐπ’
818 4217 919 4287 ἐμὲ
968 4215 1029 4269 τὺ
1066 4213 1239 4284 στόμα
1284 4211 1481 4276 αὐτῶν,
1529 4213 1603 4273 ὡς
1647 4207 1781 4263 λέων
1824 4210 1853 4261 ό

272 4311 545 4385 ἁρπάζων
578 4310 670 4363 καὶ
706 4307 1041 4380 ὠρυόμενος·
1082 4322 1103 4356 ι
1152 4305 1246 4357 καὶ
1281 4301 1467 4355 πάλιν·
1505 4319 1523 4351 ι
1564 4300 1683 4352 Ὅτι
1724 4297 1853 4351 ἐκύ-

275 4403 495 4457 κλωσαν
642 4400 800 4462 κύνες
845 4397 1048 4460 πολλοὶ,
1086 4394 1372 4465 συναγωγὴ
1409 4390 1854 4463 πονηρευομένων

1943 1926 2111 1980 usque
2137 1911 2204 1963 ad
2237 1916 2719 1973 mortem,manete
2743 1908 2831 1962 hic
2853 1909 3138 1976 ctvigilate
3164 1921 3373 1961 mecum
3398 1905 3498 1960 “.a

1941 1995 2005 2048 Et
2036 2010 2226 2050 rursus
2260 2013 2272 2048 :
2310 2012 2329 2044 ι
2368 1992 2524 2047 Nunc
2548 1992 2730 2044 anima
2764 2006 2880 2044 mea
2914 1993 3236 2044 conturbata
3261 1999 3345 2045 est
3371 1988 3437 2044 δ’.
3476 2006 3500 2042 ι

1939 2085 2101 2157 473
2126 2084 2336 2138 Similia
2371 2097 2607 2152 namque
2635 2082 2718 2136 his
2748 2089 2876 2136 sunt
2901 2084 3088 2145 etiam,
3113 2096 3233 2152 quae
3262 2066 3504 2151 psalmus

1943 2181 2029 2234 hic
2063 2179 2325 2239 continet,
2377 2176 2469 2231 ubi
2509 2177 2589 2229 sic
2638 2176 2754 2228 ait:
2809 2192 2825 2223 ι
2856 2172 2964 2227 Cor
2992 2189 3167 2227 meum
3211 2173 3508 2228 conturba-

1940 2278 2057 2324 tum
2089 2269 2247 2323 estin
2272 2283 2378 2330 me,
2407 2276 2462 2321 et
2487 2267 2719 2320 formido
2746 2265 2938 2319 mortis
2969 2264 3165 2318 cecidit
3194 2278 3360 2331 super
3396 2278 3503 2328 me,

1940 2371 1993 2417 et
2035 2367 2399 2415 conteserunt
2432 2374 2515 2413 me
2568 2359 2843 2414 tenebrae:
2877 2377 2895 2409 ι
2929 2357 3129 2427 quibus
3160 2356 3342 2409 verbis
3373 2370 3507 2407 con.-

1941 2452 2227 2507 trariarum
2246 2457 2573 2522 potestatum
2596 2457 2824 2503 conatus
2840 2448 3125 2502 adversum
3142 2462 3199 2501 se
3212 2444 3502 2515 signiﬁcat.

1941 2541 2410 2609 Quemadmodum
2449 2541 2592 2596 enim
2622 2541 2675 2594 in
2703 2540 3002 2611 pr0phetiis
3040 2538 3356 2591 nominatur
3386 2534 3508 2605 qui-

1942 2635 2065 2690 dem
2107 2634 2334 2705 spiritus
2382 2633 2784 2696 fornicationis,
2840 2638 2896 2685 ut
2929 2639 3011 2688 est
3059 2630 3227 2685 illud:
3259 2649 3276 2680 ι
3309 2628 3507 2699 spiritu

1943 2725 2322 2781 fornicationis
2353 2726 2759 2787 aberraverunt,
2790 2722 2833 2755 ⁵ο
2862 2742 2880 2775 ι
2917 2731 2970 2777 et
2990 2723 3129 2777 alius
3162 2722 3390 2791 spiritus
3415 2735 3508 2774 er-

1942 2818 2086 2873 roris
2116 2817 2172 2870 in
2202 2817 2441 2880 deserto,
2488 2817 2563 2870 ita
2589 2815 2750 2871 etiam
2800 2814 3023 2884 spiritus
3065 2811 3228 2866 fuerit
3260 2808 3509 2865 formidi-

1944 2928 2066 2967 nem
2097 2914 2290 2965 mortis
2320 2911 2558 2966 elliciens
2593 2929 2606 2963 :
2642 2923 2772 2963 sane
2804 2914 2860 2961 ut
2892 2907 3054 2960 etiam
3088 2905 3312 2974 spiritus
3343 2904 3507 2956 robo-

1943 3007 2042 3070 ris,
2102 3012 2155 3060 et
2206 3004 2490 3075 potentias,
2538 3009 2593 3057 et
2643 2999 2979 3055 fortitudinis
3028 2997 3179 3067 ejus,
3233 3011 3352 3066 qme
3398 2993 3511 3050 Deo

1948 3101 2123 3154 aliena
2169 3116 2282 3154 non
2335 3106 2442 3166 est,
2484 3104 2695 3151 auctor.
2743 3094 2921 3160 Quare
2967 3093 3047 3147 sic
3093 3091 3253 3145 etiam
3300 3089 3513 3142 dicetur

1948 3192 2172 3263 spiritus
2200 3192 2415 3245 timoris
2453 3203 2516 3244 ac
2543 3189 2816 3246 tremoris.
2851 3195 2905 3241 et
2934 3200 3127 3240 rursus
3155 3183 3294 3236 alius
3319 3187 3513 3250 praeter

1946 3284 2068 3347 bos,
2114 3281 2343 3352 spiritus
2398 3279 2611 3333 timoris
2646 3287 2699 3333 et
2747 3276 3110 3337 confusionis,
3151 3272 3244 3342 qui
3292 3269 3512 3351 quidem

1947 3390 2118 3445 paene,
2139 3381 2198 3428 ut
2229 3374 2300 3427 ita
2329 3371 2583 3433 dixerim,
2619 3385 2808 3423 omnes
2845 3380 3070 3421 mortem
3100 3382 3196 3436 pro
3226 3380 3350 3419 vera
3386 3346 3517 3417 reli-

1946 3467 2105 3537 gione
2151 3463 2451 3521 testimonii
2494 3462 2670 3533 gratia
2720 3461 3036 3523 subeuntes,
3086 3456 3343 3511 invadere
3381 3471 3516 3509 con-

1948 3569 2261 3619 sueverunt,
2286 3569 2349 3609 ac
2367 3553 2538 3607 multo
2557 3551 2721 3607 etiam
2746 3551 2916 3618 magis
2942 3548 3206 3616 longeque
3232 3547 3515 3598 vehemen-

1949 3649 2054 3703 tius
2083 3648 2231 3702 illum
2262 3644 2501 3715 aggressi
2538 3650 2687 3705 sunt,
2720 3641 2811 3709 qui
2845 3654 2944 3707 pro
2973 3636 3229 3690 omnibus
3283 3644 3514 3687 mortem

1951 3740 2252 3795 sustinuit:
2283 3744 2656 3792 verumtamen
2699 3733 2811 3786 sive
2852 3730 3078 3799 spiritus
3119 3724 3424 3781 formidinis
3461 3732 3515 3779 et

1950 3832 2163 3897 mortis,
2194 3831 2309 3885 sive
2337 3827 2549 3882 timoris
2580 3834 2633 3880 et
2660 3823 2934 3886 tremoris,
2962 3822 3076 3875 sive
3111 3821 3215 3872 alia
3246 3817 3511 3888 quaepiam

1951 3924 2195 3993 ejusdem
2219 3920 2436 3992 generis
2466 3925 2708 3989 potestas
2736 3915 2887 3968 illum
2916 3912 3105 3967 adorta
3138 3920 3239 3976 est,
3270 3924 3333 3963 ea
3363 3909 3515 3961 illum

1951 4033 2062 4072 non
2092 4013 2384 4083 confregit,
2424 4018 2713 4082 propterea
2740 4006 2884 4077 quod
2925 4013 3183 4074 tanquam
3218 4014 3517 4072 generosus

1952 4115 2212 4169 certator,
2255 4102 2601 4159 formidinem
2644 4099 2862 4169 quidem
2907 4094 3143 4159 mortis,
3189 4087 3517 4146 conﬁdentia

1952 4197 2077 4252 vitae
2114 4194 2253 4267 (ipse
2292 4193 2437 4247 enim
2489 4189 2643 4259 vita),
2684 4187 2875 4257 procul
2902 4184 3245 4240 deturbatum
3295 4178 3517 4245 abjecit.

1952 4289 2130 4344 Alium
2171 4292 2353 4340 autem
2403 4282 2497 4353 qui
2544 4281 2722 4350 ipsum
2766 4279 2891 4331 item
2942 4276 3219 4328 invaserat
3266 4270 3518 4339 spiritum

1955 4379 2168 4436 timoris
2191 4387 2244 4433 et
2265 4375 2520 4432 tremoris
2547 4372 2887 4431 ellicientem,
2918 4367 3113 4437 spiritu
3154 4359 3517 4424 conﬁdentia),

277 4455 569 4566 περιέσχον
605 4508 701 4563 με·
747 4455 896 4542 rixa).
937 4455 1089 4551 αὖθις
1116 4506 1129 4518 ο
1167 4506 1185 4537 ‹
1219 4455 1413 4538 Tusc-1'.
1442 4455 1564 4537 dmo-
1584 4455 1845 4554 ῥομφαίας

1957 4483 2010 4529 et
2037 4472 2313 4545 potentiae,
2343 4477 2398 4523 et
2435 4468 2669 4531 roboris,
2704 4462 3022 4534 longissime
3053 4474 3083 4512 a
3122 4473 3180 4513 se
3218 4455 3521 4526 praecipita-

275 4588 378 4659 τὴν
429 4585 605 4655 ψυχήν
650 4601 773 4656 μου,
818 4583 911 4636 καὶ
944 4584 1008 4634 ὲκ
1039 4580 1219 4651 χειρὸς
1266 4577 1423 4639 κυνὸς
1456 4575 1552 4647 τὴν
1594 4571 1855 4645 μονογενῆ

281 4698 405 4751 μου.
441 4677 619 4731 Σῶσόν
652 4694 717 4748 με
749 4678 814 4730 ὲκ
856 4675 1118 4745 στόματος
1146 4672 1377 4734 λέοντος,
1405 4669 1498 4723 καὶ
1541 4666 1647 4720 ἀπὸ
1692 4665 1858 4736 κερά-

277 4787 388 4824 των
428 4766 813 4840 μονοκερὼτων
840 4767 937 4834 τὴν
966 4763 1291 4819 ταπείνωσίν
1320 4779 1441 4832 μου.
1477 4780 1496 4811 ι
1530 4756 1725 4828 Σαφῶς
1750 4756 1859 4827 γὰρ

221 4927 225 4930 ν
280 4864 339 4914 ὲν
364 4861 578 4924 τοέτοις
607 4860 865 4930 δυνάμεις
898 4856 1158 4929 πονηρὰς,
1190 4854 1443 4925 ταύρους,
1478 4852 1571 4905 καὶ
1603 4851 1852 4921 μόσχους,

280 4955 381 5007 καί
422 4953 659 5017 λέοντας,
691 4952 784 5006 καὶ
815 4951 1001 5014 κύνας,
1028 4950 1119 5002 καὶ
1164 4945 1536 5018 μονοκέρωτας
1572 4941 1854 5003 ἀποκαλεῖ,

282 5045 341 5099 αἳ
378 5044 667 5116 περιέσχον
703 5044 799 5114 μὲν
823 5041 983 5095 αὐτὸν
1015 5042 1107 5093 καὶ
1132 5034 1575 5110 περιεκύκλωσαν
1610 5029 1746 5084 κατὰ
1768 5030 1858 5082 τὸν

282 5137 381 5190 τοῦ
421 5137 623 5199 πάθους
666 5134 829 5188 αὐτοῦ
864 5131 1074 5204 καιρὸν,
1106 5131 1166 5183 οὐ
1208 5128 1312 5200 μὴν
1356 5126 1450 5181 καὶ
1485 5120 1778 5194 ἐνεργῆσαί
1809 5137 1860 5172 τι

287 5230 410 5281 κατ’
440 5226 603 5281 αὐτοῦ
634 5225 963 5295 δεδύνηνται.
991 5223 1097 5275 Καὶ
1125 5218 1296 5274 ταῦτα
1330 5216 1448 5288 μὲν,
1483 5216 1531 5267 εί
1561 5214 1655 5267 καὶ
1686 5210 1856 5265 ταῦτα

287 5318 382 5371 τοῦ
428 5316 641 5388 ψαλμοῦ
694 5315 763 5369 τὰ
804 5315 944 5387 μέρη
986 5313 1078 5366 ἐπὶ
1117 5310 1208 5363 τὸν
1259 5307 1487 5377 Σωτῆρα
1533 5304 1627 5356 καὶ
1655 5301 1857 5372 Κύριον

290 5408 448 5480 ἡμῶν
472 5408 726 5475 ἀνάγοιτο
749 5423 762 5436 ·
792 5407 840 5458 εἰ
867 5406 924 5459 δὲ
960 5404 1033 5475 μὴ
1072 5400 1157 5454 ἐπ’
1188 5399 1370 5461 αὐτὸν,
1405 5395 1518 5448 ἀλλ’
1552 5394 1635 5463 ἐφ’
1674 5393 1858 5463 ἓτερον

289 5499 616 5568 πρόσωπον,
665 5495 979 5566 ἐπιστήσεις
1023 5493 1119 5544 καὶ
1171 5488 1331 5550 αὐτὸς
1373 5486 1447 5548 ὡς
1495 5483 1560 5538 ἂν
1612 5481 1861 5552 ἐξομαλί-

294 5587 490 5640 σθέντα
514 5584 586 5639 τὰ
610 5583 752 5638 κατὰ
785 5583 876 5636 τὸν
906 5581 1086 5634 τόπον.
1133 5577 1280 5646 Πλὴν
1306 5572 1441 5628 ἀλλὰ
1479 5574 1573 5626 καὶ
1604 5571 1732 5643 περὶ
1763 5570 1861 5640 τῆς

1957 4543 2089 4622 νὶίι
2122 4558 2586 4634 quandoquidem,
2638 4565 2696 4610 ut
2740 4562 2823 4609 est
2870 4551 3011 4621 apud
3053 4549 3270 4612 Isaiam,
3314 4543 3521 4615 quievit

1960 4672 2124 4727 super
2162 4670 2285 4710 eum
2323 4667 2433 4707 una
2456 4666 2580 4705 cum
2613 4648 2737 4702 aliis
2764 4644 3071 4715 spiritibus,
3095 4641 3256 4695 etiam
3290 4636 3520 4707 spiritus

1962 4748 2179 4805 consilii
2225 4755 2279 4803 et
2314 4743 2675 4801 fortitudinis.
2710 4738 2801 4794 Sic
2848 4752 3012 4809 porro
3057 4737 3220 4791 etiam
3265 4730 3519 4800 spiritum

1960 4843 2307 4898 tenebrarum
2330 4835 2534 4907 proprii
2564 4832 2785 4887 luminis
2817 4830 2871 4883 vi
2901 4827 3205 4897 dissipavit,
3239 4831 3521 4893 prepterea

1961 4933 2103 5005 quod
2139 4950 2158 4984 ι
2197 4932 2289 4984 lux
2315 4930 2371 4982 in
2403 4925 2642 4981 tenebris
2675 4924 2838 4986 lucet,
2870 4930 2924 4975 et
2975 4919 3209 4973 tenebrae
3252 4929 3371 4967 eam
3411 4927 3523 4965 non

1962 5004 2574 5093 comprehenderunt“.
2608 5036 2626 5067 ι
2663 5015 2952 5073 Caeterum,
2993 5011 3080 5065 his
3120 5007 3318 5064 similia
3357 5004 3521 5059 etiam

1965 5115 2021 5169 in
2049 5112 2309 5184 vigesimo
2350 5111 2523 5180 primo
2559 5107 2769 5176 psalmo
2802 5102 3045 5157 invenire
3075 5098 3298 5169 poteris,
3330 5096 3385 5148 in
3415 5108 3522 5163 quo

1960 5220 2028 5261 ex
2059 5201 2301 5274 ejusdem
2333 5214 2567 5271 persona
2594 5214 2787 5252 rursus
2812 5192 2943 5249 illud
2974 5192 3178 5247 dictum
3206 5196 3289 5245 est
3316 5208 3328 5242 :
3361 5206 3377 5237 ι
3400 5186 3523 5240 Cir-

1962 5295 2361 5351 cumdederunt
2400 5308 2486 5347 me
2513 5290 2670 5344 vituli
2702 5288 2855 5342 multi
2888 5306 2900 5342 :
2928 5285 3067 5338 tauri
3118 5283 3343 5353 pingues
3371 5279 3526 5335 obse-

1963 5384 2160 5441 derunt
2187 5399 2292 5439 me.
2319 5382 2665 5453 Aperuerunt
2694 5394 2857 5448 super
2885 5392 2970 5430 me
2994 5391 3055 5431 os
3081 5388 3239 5428 suum
3272 5371 3415 5426 sicut
3439 5370 3523 5424 leo

1965 5476 2185 5547 rapiens
2214 5481 2268 5529 et
2300 5474 2523 5543 rugiens
2544 5473 2611 5525 ⁸⁸.
2649 5493 2667 5524 ι
2714 5468 2779 5522 Et
2808 5482 3002 5522 rursus
3029 5485 3043 5520 :
3076 5484 3094 5516 ι
3127 5463 3394 5530 Quoniam
3417 5460 3525 5515 cir-

1965 5566 2359 5622 cumdederunt
2390 5579 2474 5618 me
2504 5576 2668 5617 canes
2697 5559 2849 5614 multi
2872 5557 3191 5613 :eoncilium
3222 5555 3524 5625 malignan-

366 5766 412 5798 ⁸³
446 5764 639 5821 Matth.
676 5778 799 5817 xxvi
822 5802 835 5827 ,
873 5761 960 5819 58.
1040 5762 1081 5794 δ’
1120 5757 1277 5818 Joan.
1308 5773 1419 5824 xu,
1450 5757 1540 5813 27.
1616 5756 1662 5791 ⁸⁰
1703 5755 1829 5812 Ose.

1946 5751 2065 5809 .l2.
2141 5750 2184 5782 ⁵¹
2224 5747 2379 5804 Joan.
2415 5762 2468 5814 ι,
2502 5745 2552 5801 5.
2631 5746 2673 5776 ⁸²
2712 5741 2857 5798 Psal.
2896 5756 3012 5807 ιιι,
3050 5735 3253 5810 15,14.
