3908 6266
453 355 563 413 735

1110 345 1380 403 EL'SEBII
1419 343 1902 401 CASSARIE‘NSIS
1937 342 2088 400 OPP.
2131 341 2312 397 PARS
2352 339 2417 395 11.
2463 369 2533 380 -—
2571 332 3070 392 APOLOGETICA.
3579 334 3663 391 736

450 471 592 528 tium
624 469 841 526 obsedit
871 484 958 523 me
979 467 1045 520 ⁵³.
1083 486 1101 519 ›
1133 465 1199 520 Et
1224 481 1417 521 rursus
1444 483 1456 520 :
1497 483 1516 517 ι
1549 463 1696 518 Erue
1725 479 1754 518 a
1798 463 2020 530 framea,

2135 461 2243 516 τῶν
2284 458 2554 514 Ἰουδαίων
2583 455 2985 528 μητροπόλεως,
3015 450 3185 520 αὐτῆς
3216 449 3280 520 δὴ
3306 450 3402 520 τῆς
3431 451 3667 523 Ἰερουσα-

451 559 621 626 Deus,
669 560 904 614 animam
940 573 1138 624 meam,
1185 564 1241 612 et
1284 555 1352 612 de
1401 571 1564 610 manu
1607 556 1761 612 canis
1806 555 2021 610 unicam

451 667 653 708 meam.
691 649 851 704 Salva
881 664 968 703 me
997 664 1064 704 ex
1103 662 1198 703 ore
1234 647 1428 709 leonis,
1453 655 1506 701 et
1535 661 1565 700 a
1596 645 1861 701 cornibus
1895 645 2021 700 uni-

452 744 703 798 cornium
762 741 1124 797 humilitatem
1177 757 1354 796 meam
1384 741 1451 795 ".
1486 761 1504 794 ι
1559 739 1730 795 Plane
1773 740 1916 794 enim
1967 737 2025 793 in

449 835 538 890 his
587 834 855 904 malignas
900 841 1220 903 potestates,
1264 841 1570 898 taurorum,
1622 839 1676 888 et
1704 830 2022 894 vitulorum,

2129 553 2259 624 λὴμ,
2290 550 2594 613 ἀκολούθως
2624 549 2759 620 μετὰ
2780 547 2876 618 τὴν
2904 545 3044 599 κατὰ
3072 543 3179 597 τῶν
3210 542 3664 599 ἐπιϐουλευσάντων

2128 644 2277 716 αὑτῷ
2331 643 2631 715 πρόρρησιν
2681 639 2918 708 ἐπιλέγει
2971 638 3130 707 ἑξῆς⁵
3190 654 3208 686 ι
3259 631 3408 688 Εἶδον
3467 635 3663 707 ἀνομίαν

2129 739 2224 793 καὶ
2271 736 2578 804 ἀντιλογίαν
2619 737 2675 788 ἐν
2708 736 2770 804 τῇ
2806 732 2956 784 πόλει
2980 747 2992 760 ·
3038 749 3056 781 ι
3099 729 3194 782 καὶ
3224 728 3292 781 τὰ
3321 727 3518 791 τούτοις
3554 729 3662 783 ἀκό-

2125 829 2309 893 λουθα,
2335 829 2370 884 ἃ
2396 829 2488 883 καὶ
2513 825 2703 889 ὁποίας
2730 825 2906 894 ἔχεται
2941 821 3177 884 διανοίας
3203 819 3262 874 ού
3289 819 3382 872 νῦν
3411 820 3559 891 σχολὴ
3598 820 3662 874 δι-

449 932 505 981 et
543 926 785 992 leonum,
841 931 896 980 et
943 940 1163 990 canum,
1212 931 1266 981 et
1311 925 1658 980 unicornium
1707 923 2020 978 nominibus

2131 923 2394 995 ηγεῖσθαι.

449 1018 710 1088 appellat,
757 1034 879 1090 quae
916 1019 1134 1088 quidem
1192 1021 1343 1073 illum
1387 1019 1491 1074 sub
1524 1020 1702 1091 ipsum
1756 1019 2032 1089 passionis
2069 1027 2285 1089 tempus
2325 1015 2660 1073 obsederunt
2699 1027 2764 1067 ac
2819 1007 3328 1070 circumdederunt,
3375 1004 3530 1079 474
3574 1021 3668 1062 non

447 1115 632 1166 tamen
675 1113 840 1166 etiam
896 1111 1098 1182 aliquid
1166 1111 1376 1169 eﬂicere
1441 1123 1634 1169 contra
1700 1113 1852 1168 illum
1904 1120 2220 1184 potuerunt.
2283 1111 2349 1167 Et
2404 1111 2520 1166 haec
2585 1109 2802 1181 quidem
2852 1105 3012 1160 talem
3061 1102 3297 1158 habeant
3333 1101 3599 1163 rationem.
3630 1102 3669 1158 si

448 1201 612 1256 modo
641 1203 804 1258 etiam
839 1203 920 1258 hae
967 1205 1160 1274 psalmi
1197 1214 1400 1275 partes,
1452 1207 1520 1262 ad
1579 1206 1912 1262 Salvatorem
1955 1207 2356 1278 Dominumque
2417 1211 2668 1260 nostrum
2724 1199 3064 1256 referantur.
3114 1194 3271 1262 Quod
3300 1194 3346 1250 si
3390 1207 3496 1248 non
3535 1193 3594 1247 ad
3615 1193 3671 1247 il-

448 1292 582 1358 lum,
601 1295 695 1349 sed
748 1296 816 1349 ad
864 1298 1023 1351 aliam
1073 1313 1381 1367 personam,
1425 1299 1540 1370 ipse
1581 1315 1796 1370 quoque
1847 1299 2133 1370 diligenter
2183 1297 2451 1361 attendes,
2509 1301 2570 1349 ut
2609 1309 2672 1349 ea
2707 1307 2827 1364 quae
2863 1291 2929 1345 ad
2987 1290 3166 1360 ipsum
3201 1286 3347 1340 hunc
3371 1285 3541 1338 locum
3566 1299 3670 1353 per.

448 1385 648 1451 tinent,
695 1389 798 1442 sibi
845 1389 1076 1443 invicem
1117 1400 1330 1460 aequata
1388 1391 1781 1461 respondeant.
1844 1391 2231 1447 Verumtamen
2291 1390 2359 1446 de
2402 1389 2520 1460 ipsa
2561 1387 2726 1442 etiam
2785 1382 3099 1437 Iudaeorum
3147 1379 3388 1441 civitate,
3432 1375 3498 1430 de
3552 1374 3671 1445 ipsa,

449 1479 695 1549 inquam,
741 1480 1067 1548 Jerusalem,
1119 1483 1309 1537 ordine
1354 1483 1612 1554 deinceps
1660 1491 1782 1555 post
1820 1483 2142 1538 vaticinium
2207 1482 2274 1538 de
2325 1481 2394 1538 iis
2461 1479 2555 1549 qui
2627 1476 2856 1532 insidias
2900 1474 2980 1529 illi
3047 1471 3301 1534 fecerint,
3362 1466 3590 1538 adjungit
3626 1467 3671 1520 in

451 1575 598 1630 hunc
640 1575 860 1630 modum
890 1596 904 1632 :
929 1596 945 1628 ι
977 1576 1097 1631 Vidi
1133 1578 1475 1648 iniquitatem
1519 1588 1573 1634 et
1623 1578 2112 1635 contradictionem
2150 1577 2208 1631 in
2257 1577 2514 1632 civitate:
2547 1593 2564 1626 ι
2592 1580 2646 1628 et
2690 1585 2812 1642 qua
2866 1575 3190 1640 sequuntur,
3239 1579 3362 1636 quae
3396 1577 3506 1634 quo
3529 1575 3669 1618 sensu

451 1669 562 1724 sint
597 1672 936 1740 accipienda,
973 1687 1083 1726 non
1117 1682 1201 1728 est
1237 1689 1380 1728 nunc
1413 1676 1670 1729 narrandi
1698 1682 1934 1744 tempus.

449 1790 494 1842 Α
527 1790 733 1860 ρεαίηιο
758 1805 909 1843 cvm.
941 1820 1009 1830 —-
1034 1791 1166 1844 Item
1200 1792 1264 1844 de
1289 1790 1456 1852 Juda.
1496 1801 1546 1846 et
1599 1793 1663 1846 de
1708 1793 1926 1860 su/j'ecto
1973 1791 2020 1844 in

2139 1789 2291 1860 'Ami
2322 1783 2441 1860 1701:"
2463 1782 2708 1860 ψαλμοῦ
2742 1787 2948 1860 ρη’.-
2981 1780 3100 1860 Ἔτι
3142 1775 3275 1860 ,περὶ
3337 1773 3438 1860 τοῦ
3493 1771 3669 1860 Ἰούδα,

613 1859 784 1913 lacuna
815 1861 928 1930 ejus
960 1861 1221 1931 apostolo,
1264 1863 1311 1915 el
1343 1863 1405 1915 de
1436 1872 1582 1932 gente
1609 1859 1861 1917 Judai’ea.

528 2055 546 2088 ι
576 2035 739 2100 Deus,
786 2035 997 2090 laudem
1034 2050 1209 2089 meam
1243 2052 1309 2090 ne
1347 2035 1604 2100 tacueris,
1646 2036 1772 2106 quia
1795 2051 1858 2092 os
1895 2051 2024 2108 pce-

450 2126 655 2180 catoris
694 2136 748 2180 et
775 2141 838 2181 os
879 2126 1054 2179 dolosi
1093 2141 1256 2197 super
1287 2142 1371 2180 uie
1413 2135 1659 2194 apertum
1700 2135 1801 2183 est.
1831 2125 2020 2184 Locuti

450 2223 580 2272 sunt
631 2216 919 2270 adversum
959 2231 1045 2272 me
1090 2217 1274 2288 lingua
1318 2217 1530 2280 dolosa,
1578 2225 1630 2272 et
1677 2217 2021 2272 sermonibus

449 2306 562 2361 odii
610 2305 1092 2361 circumdederunt
1144 2322 1272 2370 me,
1337 2315 1391 2361 et
1431 2317 1883 2376 oppugnaverunt
1934 2324 2022 2364 me

450 2401 640 2469 gratis.
673 2397 779 2451 Pro
812 2413 876 2451 eo
907 2405 964 2450 ut
995 2413 1080 2452 me
1107 2396 1418 2466 diligerent,
1453 2396 1816 2451 detrahebant
1845 2398 1976 2452 mihi
2002 2417 2016 2465 ;

447 2504 550 2560 ego
597 2495 778 2542 autem
818 2488 1062 2542 orabam.
1120 2486 1184 2540 Et
1233 2495 1534 2556 posuerunt
1585 2487 1875 2544 adversum
1936 2504 2022 2543 me

448 2580 588 2634 mala
621 2594 720 2649 pro
744 2577 924 2639 bonis,
961 2585 1014 2630 ct
1047 2577 1232 2630 odium
1267 2592 1366 2645 pro
1392 2577 1683 2631 dilectione
1707 2593 1845 2632 mea.
1877 2578 2021 2632 Con-

449 2672 618 2725 stitue
664 2685 829 2739 super
877 2686 1000 2724 eum
1046 2677 1406 2738 peccatorem,
1459 2677 1511 2724 et
1556 2669 1807 2726 diabolus
1849 2678 1952 2725 stet
1989 2686 2019 2724 a

450 2763 659 2816 dextris
704 2762 842 2831 ejus.
876 2759 1013 2814 Dum
1059 2760 1360 2829 judicatur,
1402 2767 1559 2814 exeat
1595 2760 2018 2825 condemnatus,

449 2861 505 2908 et
536 2854 714 2908 oratio
767 2854 886 2920 ejus
931 2853 1024 2906 ﬁat
1070 2851 1126 2904 in
1174 2859 1480 2920 peccatum.
1530 2851 1688 2905 Fiant
1734 2853 1851 2907 dies
1899 2853 2019 2921 ejus

454 2947 635 3014 pauci,
668 2953 722 3000 et
749 2947 1119 3016 episcopatum
1151 2945 1269 3013 ejus
1299 2944 1533 3013 accipiat
1559 2945 1696 2998 alter
1715 2946 1781 3000 ⁸⁸.
1817 2965 1835 2996 ι
1865 2944 2020 3010 Quod

450 3041 614 3092 etiam
668 3038 778 3091 haec
824 3037 891 3091 ad
944 3032 1498 3106 prodiioremJudam
1551 3037 1660 3090 sint
1711 3036 2016 3100 referenda,

452 3129 683 3183 idoneus
715 3144 846 3182 sane
875 3136 993 3182 esto
1022 3127 1178 3182 testis
1207 3127 1488 3194 apostolus
1519 3125 1736 3192 Petrus,
1775 3129 1866 3198 qui
1900 3136 2021 3198 post

455 3220 758 3275 Salvatoris
805 3219 982 3273 nostri
1029 3233 1338 3281 ascensum,
1384 3219 1590 3272 coactis
1651 3219 1704 3271 in
1741 3235 1907 3272 unum
1941 3219 2021 3273 lo-

451 3328 579 3366 cum
611 3312 872 3382 apostolis
895 3311 1170 3374 ouinibus,
1196 3311 1426 3380 aliisque
1461 3311 1880 3380 quamplurimis
1909 3310 2022 3364 fra-

453 3403 651 3470 tribus,
685 3403 739 3457 in
783 3403 976 3458 mediis
1013 3403 1118 3457 illis
1153 3402 1304 3456 stetit
1355 3410 1518 3472 atque
1561 3403 1637 3455 ait
1667 3422 1680 3457 :
1712 3420 1729 3452 ‹
1768 3400 1877 3456 Viri
1913 3401 2022 3457 fra~

453 3507 590 3562 tres,
623 3495 864 3566 oportuit
892 3495 1100 3564 impleri
1137 3492 1476 3563 Scripturam
1498 3493 1662 3558 hanc,
1693 3510 1858 3565 quam
1883 3511 2023 3564 prm-

453 3589 593 3643 dixit
635 3587 872 3658 Spiritus
919 3597 1142 3641 sanctus
1183 3602 1280 3656 per
1309 3601 1370 3641 os
1422 3585 1592 3640 David
1635 3587 1701 3640 de
1730 3586 1892 3652 Juda,
1927 3588 2021 3658 qui

457 3681 558 3735 fuit
587 3682 699 3736 dux
731 3695 919 3735 eorum
944 3679 1038 3749 qui
1081 3677 1612 3748 comprehenderunt
1637 3674 1861 3743 Iesum;
1895 3679 2021 3748 quia

453 3780 776 3829 numeratus
816 3778 934 3825 erat
965 3771 1274 3835 nobiscum,
1318 3778 1373 3825 et
1411 3771 1642 3826 sortitus
1671 3777 1789 3826 erat
1821 3777 2022 3826 sortem

453 3864 750 3920 ministerii
799 3865 986 3934 hujus.
1036 3862 1134 3916 llic
1187 3863 1354 3932 igitur
1412 3862 1655 3931 possedit
1717 3877 1908 3933 agrum
1957 3862 2025 3916 de

454 3956 706 4011 mercede
751 3954 1035 4024 injustitize
1064 3969 1176 4008 sum
1202 3972 1214 4007 :
1237 3963 1292 4008 et
1321 3969 1624 4022 suspensus
1651 3954 1865 4023 crepuit
1912 3968 2026 4007 me-

456 4047 601 4112 dius,
651 4053 704 4100 et
741 4043 911 4100 eﬂ'usa
964 4053 1091 4099 sunt
1135 4046 1318 4098 omnia
1365 4045 1580 4100 viscera
1608 4043 1747 4114 ejus.
1775 4043 1937 4115 475
1960 4043 2026 4096 Et

455 4145 645 4191 notum
697 4136 900 4190 factum
957 4143 1037 4190 est
1092 4135 1347 4189 omnibus
1391 4135 1764 4190 habitantibus
1805 4134 2026 4190 Jerusa-

456 4229 602 4282 lem:
634 4227 708 4281 ita
761 4235 819 4281 ut
871 4228 1233 4297 appellaretur
1275 4243 1404 4296 ager
1448 4227 1541 4280 ille
1587 4227 1780 4296 lingua‘
1811 4241 2022 4292 eorum,

454 4319 846 4382 Akeldamach,
879 4319 982 4372 hoc
1011 4327 1114 4381 est,
1145 4320 1286 4388 Ager
1305 4319 1598 4388 sanguinis.
1634 4317 1913 4389 Scriptum
1943 4323 2026 4372 est

454 4411 599 4466 enim
630 4411 686 4464 in
717 4410 858 4466 libro
887 4409 1265 4464 Psalmorum:
1299 4429 1317 4460 (
1346 4408 1467 4464 Fiat
1504 4409 1862 4463 commoratio
1905 4407 2026 4478 ejus

2202 1858 2300 1911 καὶ
2341 1854 2446 1908 τοῦ
2470 1842 2722 1920 ἐὶς-’τὴν
2742 1842 2950 1921 ᾄῶραν
2991 1842 3673 1921 ᾳύζοῦλὰκτεισκαχθέντος

2203 1914 2571 1987 ἀποστόλου,
2619 1914 2717 1977 κάι
2750 1914 2886 1988 Erebi
2921 1918 3027 1972 τοῦ
3067 1914 3363 1970 Ἰουδαίων
3398 1915 3611 1979 ἔθνους.

2203 2060 2222 2093 ‹
2255 2041 2315 2094 '0
2345 2038 2495 2103 Θεὸς,
2519 2037 2617 2107 τὴν
2650 2034 2852 2090 αῖνεσίν
2889 2050 2987 2104 μου
3026 2029 3098 2102 μὴ
3131 2028 3578 2100 παρασιωπήσης.
3604 2027 3672 2083 ὅτι

2131 2132 2303 2202 στόμα
2334 2126 2655 2201 ἁμαρτωλοῦ
2683 2126 2777 2178 καὶ
2809 2124 2980 2194 στόμα
3004 2121 3174 2176 δολίου
3209 2123 3292 2174 ἐπ’
3332 2119 3430 2190 ἐμὲ
3457 2117 3666 2190 ἠνοίχθη.

2140 2221 2441 2291 Ἐλάλησαν
2486 2220 2608 2272 κατ’
2640 2215 2772 2289 ἐμοῦ
2817 2213 3034 2285 γλώσσῃ
3065 2212 3234 2284 δολία,
3270 2211 3368 2264 καὶ
3399 2210 3563 2280 λόγοις
3595 2208 3669 2280 μί-

2130 2331 2254 2377 σους
2307 2310 2622 2364 ἐκύκλωσαν
2673 2326 2760 2379 με,
2806 2306 2900 2360 καὶ
2951 2304 3294 2376 ἐπολέμησὰν
3357 2320 3422 2374 με
3469 2299 3666 2374 δωρεάν.

2141 2406 2288 2457 Ἀντὶ
2317 2402 2411 2458 τοῦ
2443 2403 2660 2472 ἀγαπᾷν
2693 2417 2786 2468 με,
2822 2397 3150 2453 ἐνδιέϐαλλόν
3184 2413 3277 2468 με·
3311 2394 3422 2464 ἐγὼ
3451 2395 3503 2447 δέ
3531 2411 3670 2465 προσ-

2124 2495 2390 2566 ηυχόμην.
2430 2495 2541 2547 Καὶ
2581 2492 2760 2545 ἔθεντο
2799 2490 2919 2545 κατ’
2949 2489 3083 2560 ἐμοῦ
3122 2488 3267 2542 κακὰ
3311 2487 3435 2542 ἀντὶ
3459 2485 3666 2554 ἀγαθῶν,

2127 2587 2220 2638 καὶ
2253 2588 2404 2655 μῖσος
2433 2584 2555 2638 ἀντὶ
2590 2583 2687 2653 τῆς
2718 2578 3044 2652 ἀγαπήσεως
3071 2595 3193 2649 μου.
3222 2577 3566 2644 Κατάστησον
3597 2574 3668 2626 ἐπ’

2127 2679 2290 2732 αὑτὸν
2319 2676 2659 2748 ἁμαρτωλὸν,
2690 2675 2783 2728 καὶ
2811 2672 3052 2736 διάϐολος
3082 2672 3261 2741 στήτω
3287 2672 3356 2722 ἐκ
3379 2667 3556 2734 δεξιῶν
3585 2667 3666 2720 αύ-

2125 2768 2244 2822 τοῦ.
2283 2769 2368 2822 Ἐν
2396 2767 2473 2838 τῷ
2507 2766 2783 2838 κρίνεσθαι
2815 2764 2974 2818 αὑτὸν
3001 2761 3202 2828 ἐξέλθοι
3235 2757 3667 2828 καταδεδικασμέ-

2126 2878 2235 2924 νος,
2265 2859 2417 2930 καὶὴ
2451 2858 2722 2930 προσευχὴ
2765 2855 2927 2911 αὐτοῦ
2962 2853 3244 2925 γενηθήτω
3277 2855 3362 2916 είς
3406 2851 3668 2922 ἁμαρτίαν.

2125 2951 2509 3023 Γενηθήτωσαν
2544 2953 2599 3005 αἱ
2634 2951 2835 3022 ἡμέραι
2884 2947 3048 3002 αὐτοῦ
3083 2947 3278 3014 ὀλίγαι,
3323 2947 3420 3000 καὶ
3449 2945 3540 3016 τὴν
3569 2945 3670 2997 ἐπι-

2129 3045 2332 3115 σκοπὴν
2361 3043 2524 3098 αύτοῦ
2557 3043 2764 3096 λαϐέτω
2796 3043 3000 3113 ἐτερος.
3038 3059 3056 3091 ›
3087 3040 3196 3093 Καὶ
3216 3039 3316 3108 τῆς
3347 3038 3454 3091 τῶν
3482 3052 3672 3108 προκει-

2049 3161 2093 3222 C
2129 3135 2303 3205 μένων
2335 3137 2428 3188 ἐπὶ
2459 3136 2547 3189 τὸν
2593 3135 2853 3207 προδότην
2895 3133 3090 3187 Ἰούδαν
3122 3129 3417 3222 ἀναφορᾶς
3444 3129 3672 3222 ἐχέγγυος

2127 3226 2335 3297 μάρτυς
2363 3227 2390 3278 ὁ
2432 3226 2725 3289 ἀπόστολος
2757 3225 2979 3298 Πέτρος,
3018 3223 3154 3295 μετὰ
3187 3221 3283 3292 τὴν
3322 3221 3420 3274 τοῦ
3455 3218 3672 3288 Σωτῆρος

2122 3319 2279 3390 ἡμῶν
2312 3319 2573 3388 ἀνάληψιν
2624 3318 2972 3389 συνηγμένων
3009 3316 3116 3370 τῶν
3148 3314 3460 3369 ἀποστόλων
3485 3312 3672 3365 πάντων

2126 3411 2221 3464 σὺν
2267 3411 2358 3462 καὶ
2403 3410 2582 3476 ἄλλοις
2630 3411 2867 3464 πλείοσιν
2907 3409 3174 3478 ἀδελφοῖς,
3231 3406 3398 3478 μέσος
3444 3400 3671 3462 ἀναστάς,

2123 3503 2218 3554 καὶ
2248 3501 2416 3556 ταῦτα
2450 3503 2623 3573 φήσας
2646 3520 2658 3532 ·
2703 3521 2721 3554 ι
2754 3502 2978 3574 ’Ἄνδρες
3011 3500 3248 3570 ἀδελφοὶ,
3280 3499 3388 3552 ἔδει
3417 3494 3673 3566 πληρωθῆ-

2122 3611 2209 3648 ναι
2243 3595 2337 3665 τὴν
2372 3596 2409 3647 Γ
2417 3596 2610 3665 ραφὴν,
2643 3595 2706 3666 ἣν
2742 3596 2964 3667 προεῖπε
2989 3592 3050 3645 τὸ
3080 3590 3304 3661 Πνεῦμα
3336 3589 3398 3642 τὸ
3430 3588 3576 3656 ἆγιον
3601 3581 3674 3636 διὰ

2127 3686 2390 3755 στόματος
2439 3685 2602 3738 Δαϐὶδ
2644 3687 2770 3756 περὶ
2809 3684 2978 3738 Ἰούδα
3019 3682 3110 3736 τοῦ
3159 3683 3450 3753 γενομένου
3504 3673 3673 3748 ὁδηγοῦ

2125 3779 2236 3839 τοῖς
2272 3776 2618 3830 συλλαϐοῦσιν
2662 3774 2865 3847 Ἰησοῦν
2899 3777 2979 3828 ὅτι
3018 3773 3498 3845 κατηριθμημένος
3528 3766 3589 3840 ἦν
3627 3770 3675 3819 ἐν

2123 3868 2282 3936 ἡμῖν,
2319 3867 2411 3920 καὶ
2445 3867 2602 3936 ἔλαχε
2631 3867 2723 3919 τὸν
2774 3867 2974 3937 κλῆρον
3004 3867 3104 3936 τῆς
3150 3864 3428 3927 διακονίας
3475 3861 3672 3929 ταύτης.

2126 3951 2293 4020 Οὗτος
2327 3958 2424 4029 μὲν
2451 3955 2543 4010 οὖν
2572 3959 2836 4029 ἐκτήσατο
2874 3957 3070 4028 χωρίον
3117 3958 3180 4010 ἐκ
3217 3954 3414 4026 μισθοῦ
3448 3954 3546 4026 τῆς
3576 3950 3673 4003 ἁδι-

2127 4049 2248 4112 κίας
2278 4048 2465 4115 αὑτοῦ,
2515 4049 2610 4102 καὶ
2649 4048 2858 4121 πρηνὴς
2903 4048 3188 4118 γενόμενος
3233 4046 3467 4116 ἐλάκησε
3515 4042 3672 4114 μέσος»

2127 4141 2220 4193 καὶ
2242 4140 2467 4211 ἐξεχύθη
2504 4142 2678 4194 πάντα
2702 4141 2769 4192 τὰ
2799 4140 3084 4209 σπλάγχνα
3110 4137 3294 4191 αὐτοῦ.
3325 4139 3436 4190 Καὶ
3464 4131 3675 4204 γνωστὸν

2129 4233 2346 4300 ἐγένετο
2395 4235 2529 4286 πᾶσι
2574 4235 2686 4293 τοῖς
2730 4231 3070 4284 κατοικοῦσιν
3124 4228 3512 4299 Ἰερουσαλὴμ,
3556 4225 3675 4275 ὥστε

2127 4323 2390 4393 κληθῆναι
2423 4323 2482 4376 τὸ
2513 4323 2710 4395 χωρίον
2754 4323 2930 4374 ἐκεῖνο
2955 4325 3021 4393 τῇ
3069 4321 3175 4392 ἰδίᾳ
3206 4321 3472 4388 διαλέκτῳ
3521 4314 3674 4368 αὐτῶν

2141 4412 2498 4484 Ἀκελδαμὰχ,
2529 4415 2556 4466 ὅ
2585 4415 2699 4467 ἐστι
2732 4413 2944 4484 Χωρίον
2977 4413 3224 4483 αἵματος.
3261 4410 3564 4482 Γέγραπται
3585 4406 3676 4473 γὰρ

455 4504 694 4566 deserta,
726 4511 779 4558 ct
828 4519 936 4558 non
968 4504 1039 4559 sit
1065 4502 1161 4573 qui
1197 4503 1404 4558 habitet
1435 4503 1490 4556 in
1519 4517 1604 4568 ea,
1646 4510 1700 4558 et
1737 4501 2020 4572 episcopa-

2131 4505 2184 4556 ἐν
2207 4504 2373 4575 βίϐλῳ
2401 4504 2664 4574 Ψαλμῶν·
2706 4523 2724 4556 ι
2748 4503 3033 4575 Γενηθήτω
3065 4507 3098 4575 ή
3128 4502 3354 4565 ἔπαυλις
3383 4499 3544 4555 αὐτοῦ
3565 4498 3673 4568 ἕρη-

456 4605 569 4650 tum
604 4597 726 4665 ejus
763 4596 994 4664 accipiat
1029 4596 1166 4649 alter
1188 4595 1256 4650 “.
1291 4614 1308 4646 ι
1345 4594 1542 4650 Petrus
1570 4610 1700 4650 vero
1737 4610 1863 4650 cum
1893 4594 2021 4649 talia

455 4689 706 4754 dixisset,
761 4689 992 4758 subjecit
1048 4689 1104 4742 in
1160 4688 1340 4742 locum
1391 4685 1544 4742 Judte
1606 4687 1770 4741 alium
1819 4685 2023 4742 assumi

456 4789 740 4851 oportere,
790 4795 898 4848 quo
957 4779 1243 4834 duodecim
1308 4779 1678 4848 apostolorum
1720 4792 2019 4842 numerus,

455 4872 547 4940 qui
591 4871 896 4924 diminutus
944 4869 1138 4935 fuerat,
1188 4871 1574 4940 compleretur,
1627 4876 1685 4923 ut
1737 4867 2024 4938 prophetia

457 4979 616 5016 suum
649 4963 807 5018 ﬁnem
841 4963 1202 5034 contingeret.
1255 4964 1374 5028 Quo
1419 4962 1584 5017 etiam
1613 4969 1858 5031 tempore
1899 4977 2024 5016 cum

458 5074 579 5112 sors
601 5059 749 5127 jacla
776 5064 942 5119 esset,
970 5072 1032 5110 ea
1062 5055 1258 5110 cecidit
1282 5069 1446 5124 super
1486 5036 1788 5117 Matthiam,
1812 5061 1865 5108 et
1888 5067 2023 5107 con-

459 5161 778 5203 numeratus
805 5157 887 5203 est
921 5165 1043 5203 cum
1078 5147 1366 5202 duodecim
1398 5147 1684 5218 apostolis.
1727 5144 1862 5199 Cum
1907 5145 2022 5200 haec

460 5242 626 5310 igitur
668 5241 722 5294 in
761 5240 907 5295 hune
956 5240 1174 5294 modum
1223 5246 1444 5309 peracta
1489 5240 1620 5302 sint,
1668 5237 1917 5307 sequitur
1961 5245 2021 5290 ut

461 5346 751 5400 personam
788 5347 909 5401 qua:
939 5331 992 5383 in
1037 5331 1140 5384 hoc
1177 5329 1389 5400 psalmo
1429 5329 1692 5400 loquitur,
1731 5343 1838 5382 non
1862 5327 2024 5380 aliam

461 5431 583 5470 esse
612 5417 962 5482 arbitremur,
989 5433 1152 5487 quam
1184 5416 1483 5472 Salvatoris
1520 5417 1718 5478 nostri,
1751 5416 1846 5486 qui
1886 5418 2029 5472 assi-

463 5515 679 5574 gnatam
721 5509 822 5563 sibi
851 5524 880 5562 a
908 5509 1068 5564 Patre
1114 5510 1216 5564 sub
1262 5511 1437 5580 ipsum
1488 5510 1764 5578 passionis
1812 5517 2026 5580 tempus

461 5599 786 5664 orationem,
822 5601 1038 5671 publica
1085 5611 1237 5656 tanto
1271 5610 1396 5657 ante
1449 5617 1545 5670 per
1594 5600 1858 5672 Spiritum
1900 5616 2028 5659 san-

532 5777 577 5807 ⁸³
625 5773 767 5828 Psal.
803 5795 914 5844 xxi,
958 5778 1040 5831 Π.

2131 4613 2248 4667 μος,
2279 4597 2371 4648 καὶ
2408 4594 2482 4666 μὴ
2517 4595 2654 4647 ἔστω
2681 4597 2708 4647 6
2733 4594 3000 4648 κατοικῶν
3033 4596 3087 4648 ἐν
3130 4595 3290 4664 αὐτῇ,
3327 4593 3422 4646 καὶ
3453 4592 3546 4661 τὴν
3576 4592 3676 4640 ἐπισ

2129 4685 2334 4756 σκοπὴν
2359 4683 2524 4738 αὐτοῦ
2558 4684 2766 4738 λαϐέτω
2793 4685 2996 4756 ἐτερος.
3034 4705 3051 4736 ι
3081 4684 3266 4738 Ταῦτα
3291 4684 3422 4753 γοῦν
3445 4685 3472 4735 6
3499 4681 3676 4750 Πέτρος

2128 4776 2294 4829 εἰπὼν
2328 4777 2637 4830 ὑποτίθεται
2678 4777 2862 4848 ἓτερον
2893 4777 3013 4830 ἀντὶ
3046 4775 3138 4830 τοῦ
3179 4776 3347 4829 Ἰούδα
3386 4775 3493 4827 δεῖν
3521 4786 3676 4841 παρα-

2127 4869 2310 4922 λαϐεῖν
2340 4871 2419 4932 εἰς
2450 4871 2537 4922 τὸν
2568 4869 2821 4922 λείποντα
2851 4870 2959 4923 τῶν
2991 4867 3195 4922 δώδεκα
3248 4867 3555 4921 ἀποστόλων
3575 4864 3676 4930 ἀρι-

2128 4959 2283 5031 θμὸν,
2317 4962 2463 5024 ὅπως
2495 4960 2751 5033 πληρωθῇ
2786 4961 2846 5014 τὸ
2878 4961 2976 5031 τῆς
3000 4960 3350 5032 προφητείας·
3385 4960 3530 5018 Ὂτετ
3560 4953 3676 5022 κλή⁹

2127 5069 2221 5124 pou
2269 5053 2581 5124 γενομένου,
2619 5052 2811 5106 ἔπεσεν
2842 5055 2871 5105 6
2909 5053 3108 5124 κλῆρος
3150 5053 3242 5104 ἐπὶ
3285 5049 3549 5107 Ματθίαν,
3596 5041 3675 5096 καὶ

2130 5145 2607 5216 συγκατεψηφίσθη
2645 5146 2782 5216 μετὰ
2808 5145 2914 5199 τῶν
2959 5144 3164 5197 δώδεκα
3194 5141 3522 5197 ἀποστόλων.
3558 5134 3674 5188 Τού-

2127 5252 2233 5288 των
2254 5236 2424 5300 οὕτως
2451 5236 2891 5301 ἐκτελεσθέντων,
2923 5236 3228 5299 ἀκολούθως
3257 5236 3320 5288 ἂν
3345 5233 3429 5304 εἴη
3463 5232 3521 5284 τὸ
3542 5228 3674 5293 λέγον

2126 5329 2183 5380 ἐν
2226 5327 2305 5398 τῷ
2356 5327 2552 5398 ψαλμῷ
2604 5330 2891 5398 πρόσωπον
2930 5328 3026 5398 οὐχ
3080 5328 3264 5396 ἕτερον
3303 5323 3396 5377 τοῦ
3449 5319 3674 5388 Σωτῆρος

2126 5419 2305 5490 ἡμῶν,
2339 5419 2396 5482 ὃς
2427 5419 2504 5490 τῷ
2545 5422 2718 5492 Πατρὶ
2747 5421 2842 5492 τὴν
2874 5419 3321 5490 ἀναπεμφθεῖσαν
3355 5413 3501 5483 αὐτῷ
3547 5405 3675 5478 παρὰ

2127 5511 2217 5563 τὸν
2242 5509 2334 5563 τοῦ
2365 5511 2567 5574 πάθους
2595 5512 2783 5584 καιρὸν
2815 5512 2978 5582 εὐχὴν
3002 5511 3096 5582 τῆς
3123 5510 3209 5564 διὰ
3238 5508 3328 5562 τοῦ
3349 5507 3503 5576 ἁγίου
3527 5497 3673 5554 Πνεύ-

2135 5623 2300 5676 ματος
2347 5605 2667 5675 ἀναγραφῆς
2712 5603 2995 5676 προλαϐὼν
3045 5599 3365 5672 κατηξίωσε,
3406 5597 3464 5650 τὸ
3504 5590 3678 5665 μέλλον

1121 5780 1163 5810 ⁵³
1205 5780 1331 5836 ibid.
1365 5780 1566 5846 ‘2l,22.
1645 5781 1688 5813 ³⁸
1729 5779 1873 5835 Psal.
1910 5796 2071 5844 cvm,
2106 5781 2222 5836 2-8.
2299 5782 2343 5813 ”
2384 5781 2500 5836 Act.
2540 5798 2589 5845 ι,
2628 5781 2809 5836 ili-‘20.
