3908 6266
238 346 341 403 737

1115 345 1770 403 DEMONSTBATIONIS
1811 343 2269 402 EVANGELICAS
2312 342 2529 400 ωαχ.

3376 340 3484 402 ’158

235 459 363 535 περὶ
391 458 558 515 αὐτοῦ
592 460 969 532 συμϐήσεσθαι
1001 460 1282 527 θεσπίσας.
1317 461 1484 534 Φησὶν
1516 456 1610 516 οὖν
1630 481 1643 494 ·
1683 480 1702 513 ι
1753 462 1809 514 Ὀ

1912 470 2057 516 ctum
2093 461 2463 531 descriptione
2506 459 2783 531 dignatus,
2817 460 2963 531 quod
3011 459 3115 517 sibi
3151 474 3256 514 usu
3298 467 3488 517 ventu-

232 555 384 620 Θεὸς,
425 555 525 626 τὴν
557 553 763 610 αῐνεσίν
801 571 900 627 μου
939 553 1013 626 μὴ
1041 555 1498 627 παρασιωπήσῃς,
1527 572 1547 606 ι
1581 552 1680 625 τὴν
1712 553 1803 606 ὐπ’

232 646 396 703 αὐτοῦ
441 645 831 719 παραδοθεῖσαν
874 649 987 711 τοῖς
1026 646 1190 701 αὐτοῦ
1244 646 1512 719 μαθηταῖς
1554 644 1806 701 διδασκα-

231 742 370 807 λίαν,
404 741 501 796 καὶ
523 740 626 811 τῆς
653 739 847 810 καινῆς
874 740 1148 813 Διαθήκης
1178 740 1276 812 τὴν
1315 740 1520 796 αῖνεσιν
1552 756 1804 813 παρακα-

230 832 337 889 λῶν
394 834 472 905 μὴ
524 831 1007 904 κατασιγασθῆναι,
1068 833 1202 887 ἀλλὰ
1257 833 1352 887 καὶ
1402 834 1482 897 εἰς
1530 832 1622 887 τὸν
1679 832 1807 904 ἑξῆς

229 923 445 981 ἅπαντα
475 924 646 979 αἰῶνα
679 914 1013 997 παραμεῖναι
1037 925 1115 997 τῷ
1147 925 1265 998 βίῳ.
1305 945 1322 977 ι
1347 925 1529 997 Στόμα
1549 924 1606 978 δέ
1632 926 1808 998 ἀμαρ-

229 1018 401 1072 τωλοῦ
435 1018 529 1071 καὶ
561 1018 737 1089 στόμα
764 1017 932 1073 δολίου
972 1038 992 1072 ›
1017 1018 1222 1090 κυρίως
1270 1017 1337 1073 ἂν
1369 1017 1583 1088 λεχθείη
1614 1017 1675 1071 τὸ
1711 1016 1803 1071 τοῦ

242 1109 431 1175 Ἰούδα,
464 1111 523 1173 ὃς
566 1109 850 1182 πορευθεὶς
881 1112 1017 1182 πρὸς
1061 1112 1188 1175 τοὺς
1218 1111 1491 1183 ἀρχιερεῖς
1519 1106 1673 1164 εἶπεν
1710 1111 1807 1164 αὐ-

228 1206 337 1267 τοῖς
360 1221 375 1234 ο
415 1222 433 1255 ι
469 1203 535 1257 Ti
567 1203 746 1257 θέλετέ
775 1221 865 1275 μοι
893 1204 1095 1269 δοῦναι,
1131 1202 1286 1272 κάγὼ
1326 1204 1452 1273 ὑμῖν
1497 1201 1822 1275 παραδώσων

228 1295 390 1350 αὐτόν
414 1313 429 1359 ;
455 1296 518 1350 Οἱ
547 1296 603 1350 δέ
626 1296 858 1367 ἔστησαν
881 1295 1030 1368 αὐτῷ
1056 1296 1348 1369 τριάκοντα
1375 1296 1665 1367 στατῆρας.
1693 1296 1805 1349 Καὶ⁴

230 1387 335 1441 ἀπὸ
365 1386 489 1440 τότε
514 1385 693 1459 ἐζήτει
723 1387 1028 1461 εὐκαιρίαν,
1056 1389 1142 1442 ἵνα
1169 1388 1330 1442 αὐτὸν
1355 1386 1635 1459 παραδῷ.)
1680 1388 1802 1441 Τοι-

232 1473 368 1534 αῦτα
390 1478 521 1549 γοῦν
550 1481 670 1533 κατ’
714 1479 878 1533 αὐτοῦ
925 1479 1267 1550 συνθέμενος,
1302 1473 1381 1543 εἷς
1419 1475 1486 1549 ἦν
1525 1478 1636 1533 τῶν
1669 1477 1806 1549 μετά

231 1567 399 1625 ταῦτα
430 1571 526 1624 σὺν
558 1570 705 1641 αὐτῷ
736 1572 1106 1642 ἀνακειμένων
1136 1574 1193 1625 ἐν
1212 1571 1289 1642 τῷ
1314 1572 1410 1625 τοῦ
1439 1572 1634 1643 Πάσχα
1668 1588 1804 1642 συμ-

231 1662 427 1732 ποσίῳ,
460 1663 546 1714 ὅτε
581 1663 673 1716 καὶ
704 1662 865 1726 αὐτὸς
899 1665 928 1717 ὁ
970 1661 1159 1735 Σωτὴρ
1190 1663 1345 1733 ἡμῶν
1381 1650 1626 1717 ἀνέκειτο
1667 1661 1803 1733 μετά

230 1754 335 1808 τῶν
386 1752 613 1819 δώδεκα,
664 1753 950 1809 ἐσθιόντων
997 1772 1056 1809 τε
1108 1754 1286 1809 αὐτῶν
1328 1752 1512 1809 εἶπεν·
1570 1775 1590 1807 r
1634 1755 1803 1827 Ἀμὴν

1913 569 2032 608 rum
2055 562 2193 618 erat,
2216 554 2435 610 cecinit.
2467 553 2557 608 Ait
2576 554 2752 624 igitur
2777 573 2791 610 :
2823 574 2841 605 ι
2873 553 3044 617 Deus,
3068 552 3282 608 laudem
3306 566 3488 609 meam

1912 659 1981 699 ne
2023 643 2299 699 tacueris:
2336 662 2353 695 ι
2389 644 2483 697 ubi
2516 645 2772 699 videlicet
2815 643 3122 701 doctrinam
3173 658 3339 715 quam
3370 645 3489 714 ipse

1913 733 2030 788 suis
2056 732 2343 803 discipulis
2377 732 2565 797 tradit,
2606 742 2660 788 et
2706 732 2923 788 laudem
2965 734 3093 788 novi
3123 732 3484 799 Testamenti,

1910 843 2023 883 non
2065 843 2190 884 esse
2220 826 2571 897 premendam
2622 825 2842 882 silentio
2888 826 3234 893 exhortatur,
3293 825 3388 880 sed
3428 824 3487 881 in

1913 935 2074 976 omne
2115 918 2362 973 futurum
2408 933 2585 973 aevum
2629 917 2699 971 ad
2735 917 2861 972 vitae
2903 915 3155 997 humana:
3190 916 3483 971 utilitatem

1913 1026 2250 1084 permanere.
2288 1030 2307 1062 ι
2328 1008 2402 1067 0s
2432 1019 2612 1066 autem
2636 1009 3041 1081 peccatoris,'et
3061 1024 3125 1064 os
3141 1009 3340 1074 dolosi,
3364 1027 3385 1062 ι
3422 1023 3488 1064 os

1913 1105 2086 1175 ipsius
2123 1102 2278 1160 Iuda:
2335 1103 2557 1174 proprie
2607 1101 2971 1157 nominaverit
3016 1101 3330 1172 quispiam,
3393 1101 3486 1171 qui

1913 1211 2037 1250 cum
2083 1196 2309 1251 abiisset
2342 1196 2409 1250 ad
2446 1194 2724 1266 principes
2774 1193 3145 1260 sacerdotum,
3191 1194 3274 1249 eis
3303 1193 3485 1247 dixit:

1917 1308 1936 1340 ι
1974 1289 2115 1355 Quid
2135 1289 2300 1345 vultis
2329 1289 2464 1343 mihi
2496 1288 2650 1351 dare,
2681 1293 2736 1342 et
2767 1300 2868 1357 ego
2899 1301 3022 1341 eum
3049 1286 3204 1342 vobis
3235 1284 3492 1340 tradam?

1911 1383 1980 1437 At
2012 1382 2090 1437 illi
2118 1383 2531 1439 constituerunt
2557 1381 2609 1437 ei
2642 1380 2867 1452 triginta
2901 1386 3154 1434 stateres.
3184 1377 3252 1432 Et
3288 1394 3357 1433 ex
3395 1377 3492 1432 illo

1910 1476 2188 1546 quaerebat
2241 1476 2612 1539 occasionem,
2651 1483 2711 1527 ut
2753 1472 2907 1527 illum
2951 1471 3037 1526 eis
3081 1470 3338 1542 proderet
3364 1470 3433 1525 ⁸⁷.
3465 1488 3486 1522 ι

1911 1565 2046 1620 Cum
2098 1580 2231 1635 ergo
2276 1565 2405 1619 talia
2448 1573 2643 1620 contra
2679 1563 2830 1617 illum
2863 1562 3090 1618 molitus
3132 1571 3299 1624 esset,
3345 1575 3492 1615 unus

1911 1665 2101 1727 postea
2142 1657 2245 1711 fuit
2277 1671 2343 1712 ex
2392 1656 2462 1712 iis
2508 1656 2604 1726 qui
2637 1670 2761 1710 cum
2808 1654 2903 1708 illo
2949 1654 3003 1707 in
3037 1652 3287 1724 paschali
3330 1666 3490 1708 caena

1912 1744 2310 1809 accubuerunt,
2335 1760 2448 1815 quo
2481 1753 2727 1814 tempore
2758 1744 2875 1814 ipse
2904 1758 3122 1813 quoque
3145 1741 3400 1798 Salvator
3426 1757 3492 1798 ac

232 1845 374 1918 ἀμὴν
404 1845 547 1914 λέγω
576 1847 724 1917 ὑμῖν,
770 1848 852 1903 ὅτι
885 1844 966 1911 εἷς
1009 1848 1069 1914 ἐξ
1119 1847 1273 1919 ὑμῶν
1305 1846 1616 1920 παραδώσει
1652 1865 1739 1919 με.
1782 1867 1800 1898 ι

1912 1833 2175 1891 Dominus
2203 1845 2390 1890 noster
2421 1835 2780 1889 accumbebat
2821 1847 2928 1888 una
2958 1848 3083 1889 cum
3119 1833 3257 1904 ipsis
3283 1832 3492 1890 duode-

230 1937 339 1991 Καὶ
369 1936 697 2007 λυπούμενοι
727 1937 930 2009 σφόδρα
975 1937 1209 2009 ήρξαντο
1238 1936 1416 2007 λέγειν
1449 1936 1678 2000 ἕκαστος
1705 1937 1806 1989 αὐ-

230 2026 336 2082 τῶν
358 2043 373 2058 ο
415 2046 433 2078 ι
464 2029 610 2100 Μήτι
640 2027 751 2097 ἐγώ
782 2030 918 2100 εἰμι,
948 2028 1150 2099 Κύριε;
1195 2048 1214 2079 ι
1252 2029 1309 2080 ἐν
1340 2023 1421 2093 οἷς
1450 2023 1520 2099 ἦν
1550 2028 1644 2082 καὶ
1678 2026 1809 2080 Ἰού-

231 2118 346 2185 δας,
381 2120 460 2184 ὃς,
489 2120 550 2174 τὸ
580 2121 786 2193 πλῆρες
817 2122 1019 2185 παντὸς
1050 2121 1199 2174 δόλου
1233 2121 1325 2175 καὶ
1348 2120 1628 2192 εἰρωνείας
1663 2119 1809 2174 ἀνοί-

234 2211 328 2277 ξας
380 2210 574 2282 στόμα,
625 2212 941 2285 ἀποκριθεὶς
1005 2208 1186 2267 εἶπεν·
1259 2231 1277 2263 ι
1316 2214 1462 2283 Μήτι
1523 2210 1636 2281 ἐγώ
1668 2214 1803 2283 εἰμι,

243 2301 465 2369 Ῥαϐϐι;
510 2321 528 2355 ›
561 2302 741 2357 Δόλιον
771 2304 965 2375 στόμα,
999 2303 1067 2357 δι’
1093 2295 1155 2356 οὐ
1186 2302 1249 2356 τὸ
1290 2304 1515 2373 σημεῖον
1549 2304 1661 2366 τοῖς
1688 2305 1809 2355 ἐπι-

234 2392 440 2458 ϐούλοις
466 2394 561 2447 τοῦ
593 2395 842 2466 Σωτῆρος
870 2395 1028 2466 ήμῶν
1056 2394 1265 2466 ἐδήλου,
1293 2393 1466 2463 λέγων
1488 2409 1504 2425 ο
1541 2411 1560 2445 ι
1594 2393 1690 2446 ⁸ον
1712 2392 1810 2446 ἐὰν

233 2481 461 2553 φιλήσω,
500 2482 662 2547 αὐτός
701 2483 816 2536 ἐστι
839 2500 852 2513 ·
888 2484 1199 2556 κρατήσατε
1234 2482 1396 2536 αὐτόν
1422 2500 1435 2514 ·
1473 2501 1494 2536 ι
1531 2482 1559 2536 ὃ
1599 2483 1693 2537 ml.
1732 2483 1810 2535 εἰ-

233 2574 368 2639 πὼν,
400 2573 546 2647 ἔργῳ
584 2574 674 2628 τὸν
713 2574 861 2630 δόλον
887 2574 1225 2647 ἀπεπλήρου,
1259 2576 1348 2629 ὅτε
1388 2573 1699 2647 προσελθὼν
1730 2573 1809 2646 τῷ

246 2665 441 2738 Ἰησοῦ,
493 2662 645 2721 εἶπεν
684 2666 864 2738 αὐτῷ·
907 2686 926 2719 ι
972 2669 1165 2739 Χαῖρε,
1205 2667 1425 2721 Ῥαϐϐί’
1461 2670 1553 2722 καὶ
1587 2669 1810 2739 κατεφί-

233 2757 393 2829 λησεν
441 2758 621 2813 αὐτόν.
664 2760 721 2812 Ὀ
752 2759 808 2813 δὲ
851 2759 1057 2831 Ἰησοῦς
1100 2755 1251 2813 εἶπεν
1283 2759 1464 2831 αὐτῷ·
1504 2779 1523 2812 r
1572 2761 1807 2832 Ἑταῖρε,

235 2850 316 2918 ἐφ’
343 2843 388 2917 ᾧ
421 2851 620 2921 πάρει;
658 2870 677 2903 ›
730 2851 824 2904 καὶ
868 2851 1026 2905 πάλιν
1051 2868 1065 2881 ·
1122 2871 1141 2903 ‹
1185 2850 1372 2915 Ἰούδα,
1423 2851 1687 2924 φιλήματι
1718 2852 1810 2906 τὸν

236 2942 359 2996 Υἱὺν
386 2943 480 2997 τοῦ
510 2942 796 3016 ἀνθρώπου
826 2945 1136 3017 παραδίδως
1160 2962 1206 3011 ;›
1224 2947 1438 3000 Τούτων
1464 2945 1508 2999 δ’
1529 2942 1622 3001 οὖν
1649 2945 1810 3000 ἕνεκα

235 3034 518 3107 προλαϐὼν
562 3035 652 3090 διὰ
695 3036 788 3091 τοῦ
835 3037 1051 3110 ψαλμοῦ
1098 3055 1261 3109 φησιν
1285 3055 1299 3071 ο
1365 3058 1384 3090 ι
1454 3040 1574 3093 Ὅτι
1637 3040 1811 3110 στόμα

234 3128 555 3200 ἀμαρτωλού
582 3130 677 3184 καὶ
721 3130 897 3201 στόμα
927 3130 1098 3184 δολίου
1126 3132 1212 3184 ἐπ’
1243 3131 1342 3202 ἐμὲ
1370 3131 1615 3203 ἠνοίχθη.
1661 3131 1813 3185 Ἐλά-

230 3195 402 3291 λήσαν
443 3222 563 3274 κατ’
611 3221 748 3293 ἐμοῦ
800 3195 1021 3295 γλώσσῃ
1066 3220 1237 3293 δολία,
1269 3195 1362 3276 καὶ
1394 3195 1595 3290 λόγοις·
1622 3222 1811 3292 μίσους
1839 3195 1880 3252 C

233 3309 549 3366 ἐκύκλωσαν
579 3328 645 3384 με
672 3312 896 3385 δωρεάν.
937 3331 959 3366 ›
998 3314 1166 3369 Ἔνθα
1213 3314 1352 3386 μετὰ
1380 3314 1476 3368 τοῦ
1520 3315 1687 3371 Ἰούδα
1719 3320 1813 3371 καὶ

232 3403 340 3459 τῶν
370 3403 573 3459 λοιπῶν
597 3403 705 3459 τῶν
737 3404 1234 3461 ἐπιϐουλευσάντων
1264 3405 1415 3478 αὐτῷ
1461 3409 1810 3480 μνημονεύει.

232 3496 396 3565 Λέγει
423 3497 467 3551 δ’
498 3492 592 3551 οὖν
634 3496 696 3551 τὸ
736 3498 1091 3567 Εὐαγγέλιον,
1139 3501 1214 3564 ὡς
1259 3500 1389 3572 ἄρα,
1420 3498 1514 3553 τοῦ
1563 3500 1814 3571 Σωτῆρος

234 3589 391 3661 ἡμῶν
421 3588 503 3643 ἐτι
548 3591 663 3653 τοῖς
701 3589 895 3644 ἐαυτοῦ
945 3590 1218 3663 μαθηταῖς
1258 3590 1564 3659 λαλοῦντος,
1612 3612 1630 3644 ι
1680 3593 1811 3647 Ἰδοὺ

247 3680 449 3746 Ἰούδας
479 3677 560 3745 εἷς
600 3681 708 3736 τῶν
745 3680 949 3736 δώδεκα
997 3678 1150 3755 ἦλθε,
1184 3685 1280 3738 καὶ
1314 3685 1431 3755 μετ’
1465 3684 1630 3739 αὐτοῦ
1658 3683 1814 3755 ὄχλος

234 3773 403 3838 πολὺς
432 3774 570 3845 μετά
601 3773 883 3847 μαχαιρῶν
906 3776 1003 3829 καὶ
1020 3774 1213 3842 ξύλων,
1245 3776 1355 3829 ἀπὸ
1381 3775 1489 3833 τῶν
1516 3777 1812 3850 ἀρχιερέων

233 3867 330 3920 καὶ
367 3866 754 3939 πρεσϐυτέρων
782 3866 875 3921 τοῦ
907 3867 1038 3922 λαοῦ
1061 3884 1074 3899 '
1120 3886 1141 3921 ι
1192 3862 1274 3933 οἷς
1316 3868 1410 3923 καὶ
1441 3863 1596 3924 εἶπεν
1635 3871 1664 3923 ὁ
1698 3869 1811 3923 Κύ-

236 3976 355 4031 ριος
376 3976 389 3989 ·
425 3978 446 4011 ι
499 3958 587 4024 Ὠς
627 3959 721 4013 ἐπὶ
764 3959 964 4034 λῃστὴν
1009 3959 1283 4032 ἐξήλθετε,
1337 3958 1475 4031 μετά
1528 3960 1812 4032 μαχαιρῶν

234 4055 334 4109 καὶ
373 4052 547 4119 ξύλων
591 4053 877 4111 συλλαϐεῖν
922 4072 1020 4128 με;
1065 4054 1188 4110 καθ’
1233 4056 1448 4128 ἡμέραν
1490 4056 1627 4129 πρὸς
1669 4058 1813 4129 ὑμᾶς

231 4142 578 4216 ἐκαθεζόμην
610 4146 667 4199 ἐν
711 4145 789 4218 τῷ
823 4144 954 4219 ἱερῷ
989 4145 1273 4212 διδάσκων,
1303 4146 1399 4200 καὶ
1442 4147 1542 4201 οὐκ
1577 4148 1814 4220 ἐκρατή-

236 4232 370 4286 σατέ
396 4250 485 4306 με.
523 4233 694 4288 Τοῦτο
717 4235 775 4289 δὲ
813 4235 931 4289 ὅλον
958 4236 1200 4305 γέγονεν,
1230 4237 1317 4291 ἵνα
1358 4235 1717 4310 πληρωθῶσιν
1755 4238 1813 4292 αι

233 4323 462 4398 Γραφα).⁵
511 4324 620 4378 τῶν
678 4324 993 4398 προφητῶν.
1032 4345 1051 4378 ι
1113 4327 1234 4381 Ἔτι
1286 4326 1344 4381 δέ
1404 4342 1567 4399 φησιν
1624 4327 1682 4380 ἐν
1735 4327 1815 4399 τῷ

510 4435 530 4470 ‹
576 4417 720 4472 Ἀντὶ
764 4417 859 4472 τοῦ
912 4418 1131 4490 ἀγαπᾷν
1181 4436 1269 4490 με,
1315 4418 1649 4474 ἐνδιέϐαλλόν
1704 4437 1770 4492 με
1793 4436 1808 4452 ·

1908 1928 2037 1993 cim,
2076 1930 2171 1998 qui
2222 1927 2388 1983 etiam
2431 1926 2849 1981 comedentibus
2892 1925 3002 1980 illis
3042 1925 3223 1980 dixit:
3262 1944 3281 1976 ι
3313 1923 3490 1979 Amen

1908 2034 2066 2075 amen
2124 2019 2249 2075 dico
2300 2019 2501 2084 vobis,
2552 2018 2698 2089 quod
2751 2033 2896 2073 unus
2946 2024 3192 2072 vestrum
3237 2031 3327 2071 me
3386 2024 3496 2071 tra~

1907 2111 2018 2168 det.
2056 2133 2074 2165 ι
2110 2111 2177 2167 Et
2206 2113 2336 2168 dum
2375 2111 2535 2168 valde
2586 2112 3013 2175 contristantur,
3047 2117 3336 2180 cmperunt
3374 2110 3493 2165 sin-

1909 2205 2019 2275 guli
2063 2203 2248 2260 dicere
2289 2223 2308 2256 ι
2336 2224 2350 2259 :
2376 2203 2634 2274 Nunquid
2675 2217 2779 2273 ego
2814 2218 2966 2267 sum,
3009 2201 3236 2257 Domine
3253 2202 3343 2255 "?
3372 2222 3391 2254 ι
3432 2201 3495 2257 In

1908 2296 2111 2367 quibus
2152 2303 2271 2353 erat
2314 2298 2478 2351 etiam
2506 2295 2701 2363 Judas,
2738 2296 2832 2365 qui
2882 2309 3008 2349 cum
3046 2295 3227 2349 omnis
3270 2293 3384 2348 doli
3428 2309 3494 2350 ac

1909 2386 2276 2441 simulationis
2335 2385 2559 2456 plenum
2606 2398 2669 2440 os
2718 2384 3024 2455 aperuisset
3070 2382 3385 2454 respondit,
3428 2398 3495 2438 ac

1910 2477 2096 2532 dixit:
2142 2495 2161 2529 ‹
2189 2476 2449 2547 Nunquid
2493 2492 2596 2548 ego
2655 2491 2810 2541 sum,
2862 2472 3140 2529 Rabbi”?
3168 2493 3188 2526 ι
3230 2473 3493 2530 Dolosum

1910 2583 2038 2638 ergo
2057 2582 2142 2632 os,
2167 2582 2277 2639 quo
2299 2567 2716 2623 insidiatoribus
2744 2564 3047 2621 Salvatoris
3069 2564 3247 2621 nostri
3274 2564 3492 2636 signum

1908 2662 2220 2732 proposuit,
2260 2660 2492 2717 dicens:
2526 2679 2544 2711 ι
2580 2660 2976 2729 Quemcunque
2996 2659 3281 2715 osculatus
3311 2659 3490 2725 fuero,

1911 2755 2030 2824 ipse
2059 2763 2163 2817 est,
2198 2762 2378 2809 tencte
2403 2769 2530 2809 eum
2556 2754 2624 2809 ⁵ο.
2658 2772 2677 2806 ι
2713 2751 2871 2818 Quod
2897 2769 3023 2807 cum
3047 2752 3278 2808 dixisset
3299 2752 3490 2817 verbo,

1912 2860 1973 2900 re
2024 2859 2244 2915 quoque
2294 2845 2411 2914 ipsa
2458 2845 2647 2899 dolum
2695 2845 3027 2918 complevit,
3081 2860 3192 2916 quo
3237 2844 3497 2902 videlicet

1913 2949 2158 3012 tempore
2224 2956 2350 2996 cum
2407 2940 2475 2995 ad
2533 2939 2721 2996 Iesum
2779 2943 3129 3006 accessisset,
3184 2941 3323 2997 dixit
3384 2942 3491 2999 ei:

1920 3031 2133 3096 «Salve,
2158 3031 2332 3087 Rabbi
2357 3051 2371 3088 :
2400 3042 2454 3088 et
2481 3035 2764 3090 osculatus
2788 3042 2874 3089 est
2894 3049 3020 3090 eum
3041 3035 3108 3089 “.
3133 3053 3153 3088 ι
3175 3033 3339 3093 Iesus
3362 3050 3501 3092 vero

1917 3123 1985 3180 ad
2033 3124 2189 3179 illum
2233 3123 2417 3181 dixit:
2447 3143 2467 3177 ι
2498 3122 2729 3190 Amice,
2786 3125 2855 3182 ad
2897 3125 3032 3196 quid
3081 3127 3367 3182 venisti?»
3427 3126 3534 3185 Et.

1914 3232 2110 3273 rursus
2140 3237 2153 3273 :
2185 3236 2205 3270 ι
2239 3215 2403 3280 Juda,
2443 3219 2640 3273 osculo
2669 3217 2843 3275 ﬁlium
2878 3218 3119 3276 hominis
3153 3219 3331 3277 tradis
3356 3221 3440 3276 ιιι
3468 3239 3492 3276 ι

1912 3308 2077 3381 476
2098 3308 2301 3377 Harum
2350 3323 2482 3378 ergo
2547 3324 2732 3365 rerum
2802 3323 2970 3365 causa
3034 3317 3192 3367 tanto
3249 3320 3379 3369 ante
3438 3313 3498 3368 in

1915 3403 2128 3473 psalmo
2157 3401 2235 3456 ait
2267 3420 2281 3457 :
2315 3420 2334 3454 ι
2363 3399 2633 3467 Quoniam
2684 3416 2748 3457 os
2788 3404 3096 3472 peccatoris
3124 3411 3180 3459 et
3215 3419 3280 3461 os
3315 3403 3496 3460 dolosi

1913 3510 2080 3566 super
2120 3508 2208 3549 me
2234 3501 2486 3564 apertum
2523 3501 2628 3549 est.
2658 3491 2856 3549 Locuti
2887 3501 3019 3549 sunt
3039 3502 3242 3550 contra
3281 3509 3370 3551 me
3390 3495 3498 3551 lin-

1914 3601 2019 3658 gua
2041 3585 2232 3641 dolosa
2259 3591 2314 3640 et
2344 3584 2699 3640 sermonibus
2728 3584 2841 3639 odii
2867 3584 3350 3641 circumdederunt
3383 3601 3493 3651 me,
3532 3634 3535 3637 .

1911 3687 1966 3735 et
1992 3683 2448 3750 oppugnaverunt
2474 3692 2565 3733 me
2594 3676 2770 3749 gratis
2798 3696 2813 3733 :
2848 3696 2869 3731 ι
2902 3677 2997 3733 ubi
3033 3692 3159 3733 cum
3204 3679 3326 3748 ipso
3350 3677 3495 3736 Juda

1913 3770 2079 3825 etiam
2124 3769 2468 3840 reliquorum
2514 3767 2787 3836 meminit,
2819 3768 2913 3840 qui
2942 3769 3049 3839 ipsi
3083 3768 3313 3826 insidias
3345 3768 3495 3825 fece-

1912 3869 2064 3917 runt.
2086 3859 2276 3933 Itaque
2306 3862 2488 3931 ipsum
2512 3859 2871 3931 Evangelium
2900 3867 3113 3927 narrat,
3134 3860 3497 3933 quemadmo-
3528 3907 3532 3923 ,

1913 3952 2044 4007 dum
2074 3951 2357 4008 Salvatore
2385 3944 2578 4008 nostro
2612 3966 2746 4008 suos
2775 3951 2957 4008 adhuc
2985 3953 3299 4025 alloqucnte
3324 3953 3496 4010 disci-

1914 4044 2094 4115 pulos,
2129 4045 2222 4101 ille
2264 4046 2516 4100 venerit:
2550 4061 2570 4097 r
2600 4042 2765 4109 Ecce,
2810 4043 3013 4116 inquit,
3044 4042 3217 4101 Judas
3251 4061 3397 4104 unus
3426 4046 3496 4104 de

1913 4130 2205 4187 duodecim
2231 4131 2405 4197 venit,
2441 4137 2497 4187 et
2538 4145 2666 4186 cum
2707 4144 2774 4185 eo
2819 4132 2982 4187 turba
3015 4131 3187 4187 multa
3227 4147 3352 4188 cum
3387 4133 3496 4205 gla-

1913 4223 2021 4279 diis
2048 4230 2103 4278 et
2130 4221 2317 4292 lignis,
2351 4238 2384 4279 a
2416 4221 2764 4294 principibus
2798 4222 3148 4305 sacerdotum
3172 4234 3226 4281 et
3261 4225 3497 4282 seniori-

1911 4315 2018 4372 bus
2068 4315 2253 4387 populi
2293 4316 2359 4372 ⁸³.
2401 4334 2423 4370 ›
2494 4315 2707 4383 Quibus
2763 4318 2931 4373 etiam
2983 4316 3251 4375 Dominus
3306 4317 3444 4374 dixit
3474 4338 3493 4376 :

1919 4429 1938 4462 ι
1975 4407 2258 4481 Tanquam
2290 4408 2357 4465 ad
2383 4411 2652 4465 latronem
2682 4409 2933 4466 exivistis
2965 4426 3090 4467 cum
3118 4412 3317 4483 gladiis
3338 4420 3394 4469 et
3423 4411 3495 4466 li-

234 4507 350 4577 ἐγὼ
376 4508 435 4562 δὲ
469 4511 920 4583 προσηυχόμηνοι
958 4511 1089 4565 αὐτὸ
1133 4510 1318 4575 τέλους
1353 4511 1666 4583 ἐτύγχανεν,
1697 4512 1808 4578 ὅτε,

1916 4501 2038 4572 gnis
2078 4502 2543 4570 comprehendere
2582 4501 2707 4555 me?
2734 4501 2981 4571 quotidie
3013 4502 3155 4572 apud
3203 4517 3302 4556 vos
3334 4501 3499 4557 sede-

234 4599 333 4654 τοῦ
365 4601 617 4673 Σωτῆρος
649 4602 805 4674 ήμῶν
837 4604 895 4655 ἐν
921 4602 1347 4674 τῷ·καλουμένῳ
1371 4602 1695 4676 Γεθσημανῇ
1717 4623 1810 4675 χω-

1913 4590 2040 4645 bam
2069 4590 2127 4651 in
2169 4589 2374 4660 templo
2416 4588 2643 4651 docens.
2687 4597 2742 4646 et
2779 4605 2889 4647 non
2932 4590 3187 4647 tenuistis
3233 4607 3338 4647 me.
3376 4590 3493 4647 Hoc

237 4691 343 4763 ρεῳ
374 4691 512 4761 μετά
535 4691 643 4745 τῶν
675 4691 865 4746 ἐνδεκα
898 4693 1213 4746 ἀποστόλων
1246 4694 1703 4765 προσευχομένου,
1734 4713 1819 4767 μι-

238 4784 370 4855 κρόν
409 4800 470 4837 τε
522 4785 977 4858 ἀναχωρήσαντος
1021 4785 1221 4849 αὐτῶν,
1270 4786 1365 4838 ml.
1414 4787 1816 4857 προσπεσόντος

236 4875 315 4946 τῷ
343 4877 540 4949 Πατρὶ,
569 4878 817 4951 δεύτερόν
849 4896 908 4931 τε
941 4877 1241 4949 εὐξαμένου
1270 4878 1363 4932 καί
1386 4879 1587 4951 τρίτον,
1619 4881 1649 4932 ό
1687 4881 1817 4934 Ἰού-

235 4968 336 5033 δας
365 4971 462 5024 σὺν
489 4973 603 5035 τοῖς
628 4970 855 5041 ἄρχουσι
878 4970 984 5023 τῶν
1024 4969 1289 5024 Ἰουδαίων
1308 4969 1376 5024 τὰ
1400 4971 1500 5042 τῆς
1525 4971 1817 5043 ἐπιϐουλῆς

238 5059 389 5131 αὐτῷ
422 5062 716 5134 κατήρτυε,
764 5061 1012 5130 συνάγων
1044 5060 1143 5114 καὶ
1190 5060 1465 5134 προξενῶν
1509 5062 1569 5113 τὸ
1615 5061 1816 5132 πλῆθος

241 5151 353 5206 τῶν
383 5154 518 5222 μετὰ
551 5152 834 5225 μαχαιρῶν
858 5153 949 5207 m‘t
968 5152 1136 5219 ξύλων
1160 5152 1440 5207 συλλαϐεῖν
1467 5152 1628 5206 αὐτὸν
1657 5169 1820 5224 παρε-

242 5244 649 5315 σκευασμένων.
695 5244 857 5298 Κακά
887 5245 944 5297 δὲ
979 5247 1058 5309 εἰς
1104 5244 1266 5299 αὐτὸν
1311 5244 1495 5299 ἔθεντο
1531 5243 1652 5298 ἀντὶ
1684 5244 1819 5312 ἀγα-

241 5333 369 5400 θῶν,
410 5335 506 5389 καὶ
539 5338 694 5407 μῖσος
731 5337 850 5391 ἀντὶ
881 5337 982 5406 τῆς
1013 5338 1344 5408 ἀγαπήσεως
1376 5335 1564 5401 αὐτοῦ,
1597 5338 1686 5391 ὅτε
1728 5354 1819 5391 πο-

238 5422 383 5495 νηρὰ
419 5424 738 5479 διετέθειντο
764 5425 854 5479 τὸν
892 5427 1122 5498 Σωτῆρα
1152 5427 1246 5479 καὶ
1273 5426 1564 5498 εὐεργέτην
1604 5427 1697 5481 καῖ¹
1727 5428 1809 5481 δι-

238 5514 529 5581 δάσκαλον,
566 5518 766 5590 μυρίας
796 5520 927 5582 ὅσας
961 5520 1134 5582 ἰάσεις
1161 5518 1255 5572 καὶ
1293 5518 1605 5590 θεραπείας,
1637 5519 1810 5588 λόγων

311 5705 355 5737 ³⁷
393 5704 593 5758 Matth.
631 5719 795 5766 xxvr,
833 5704 921 5767 M,
964 5702 1048 5757 15.
1125 5701 1170 5733 “
1211 5700 1343 5754 ibid.
1374 5699 1578 5767 2|,”22.
1658 5701 1702 5734 ”
1746 5700 1810 5755 ibi

1912 5697 2006 5753 23.
2084 5696 2130 5731 ‘°
2174 5694 2305 5751 ibid.
2339 5694 2428 5750 48.
2508 5695 2549 5725 ⁸⁸
2592 5692 2724 5751 ibid.
2760 5692 2845 5746 49.

246 5770 303 5851 ⁸⁸.
326 5774 521 5833 Matth.
560 5788 725 5840 xxvt,
762 5773 852 5829 4⁵1.
930 5772 973 5808 ⁸⁸
1011 5770 1144 5828 ibid.
1177 5771 1265 5843 55,
1289 5770 1376 5827 56.

1910 4689 2092 4738 autem
2128 4689 2303 4737 totum
2342 4679 2547 4736 factum
2595 4688 2703 4746 est,
2734 4689 2797 4735 ut
2827 4683 3161 4753 impleantur
3193 4682 3497 4754 Scriptura:

1913 4776 2303 4847 prophetarum
2322 4776 2386 4830 “.
2418 4793 2437 4826 ι
2462 4773 2731 4831 Praeterea
2753 4791 2883 4831 vero
2900 4776 3048 4847 quod
3075 4777 3151 4830 ait
3168 4777 3222 4832 in
3239 4778 3455 4848 psalmo
3474 4796 3493 4833 :

1920 4890 1938 4923 ι
1968 4870 2076 4925 Pro
2122 4886 2187 4926 eo
2224 4878 2284 4925 ut
2317 4884 2405 4925 me
2432 4870 2744 4941 diligerent,
2785 4870 3145 4927 detrahebant
3192 4872 3349 4936 mibi,
3389 4889 3495 4944 ego

1915 4969 2095 5017 autem
2139 4962 2405 5017 orabam:
2441 4980 2461 5013 ι
2499 4961 2679 5032 ipsum
2713 4977 2931 5033 quoque
2961 4972 3093 5017 tunc
3139 4978 3299 5018 suum
3331 4964 3491 5023 ﬁnem

1914 5054 2162 5125 contigit,
2197 5069 2322 5109 cum
2365 5052 2651 5110 Salvatore
2691 5062 2884 5110 nostro
2914 5056 2968 5109 in
3002 5056 3123 5110 loco
3162 5056 3256 5126 qui
3286 5055 3493 5111 dicitur

1914 5144 2268 5203 Gethsemani
2303 5161 2426 5202 cum
2459 5145 2714 5202 undecim
2745 5148 3011 5216 apostolis
3044 5158 3257 5210 orante,
3294 5149 3493 5219 paulu-

1916 5239 2141 5309 lumque
2176 5238 2247 5293 ab
2291 5236 2400 5292 illis
2447 5236 2697 5307 digresso
2744 5244 2804 5290 ut
2858 5237 3229 5307 procumbens
3272 5235 3495 5294 Patrem

1916 5338 2256 5401 precaretur,
2286 5329 2593 5397 iterumque
2631 5337 2685 5382 et
2716 5327 2876 5381 tertio
2924 5326 3289 5397 supplicante,
3319 5326 3495 5385 ludas

1918 5437 2043 5478 cum
2069 5421 2415 5492 principibus
2443 5418 2755 5474 Iudaeorum
2800 5417 3030 5473 insidias
3062 5414 3142 5472 illi
3170 5419 3496 5482 maturavit.

1918 5515 2047 5571 dum
2080 5516 2226 5586 cogit
2262 5514 2378 5585 ipse
2405 5520 2459 5570 et
2488 5512 2750 5568 conducit
2774 5511 2967 5582 copias
2989 5524 3112 5582 qua:
3145 5524 3270 5567 cum
3290 5510 3496 5584 gladiis

2959 5694 3002 5727 θ’
3041 5691 3175 5750 Luc.
3209 5709 3361 5761 χιιι,
3390 5691 3487 5750 48.
