3908 6266
388 336 492 400 75!

1025 338 1292 397 EUSEBll
1330 335 1816 394 CESARIENSIS
1855 334 2005 390 OPP.
2047 333 2226 387 PARS
2254 333 2318 388 ll.
2362 366 2427 374 -—
2472 333 2969 391 APOLOGE'IICA.

3543 333 3648 394 7.20

380 469 439 517 et
495 460 757 524 fustibus,
811 464 874 513 ut
929 456 1083 511 illum
1141 454 1696 526 comprehenderent,
1761 460 1953 522 parata

2066 466 2125 502 τε
2156 449 2520 514 διδασκαλίας,
2564 452 2655 505 καὶ
2690 453 2949 515 παντοίας
2980 450 3247 521 ὠφελείας
3276 452 3462 517 αὐτοῖς
3508 471 3647 526 παρ-

378 560 559 614 crant.
606 551 760 606 Tunc
810 557 991 604 autem
1039 548 1182 602 mala
1216 547 1482 601 adversus
1524 547 1706 616 ipsum
1758 559 1960 614 posue-

380 653 513 702 runt
538 659 635 715 pro
664 642 845 705 bonis,
878 648 932 696 et
955 640 1142 695 odium
1173 654 1274 710 pro
1294 638 1590 694 dilectione
1615 637 1810 708 ipsius,
1836 652 1961 691 cum

379 736 542 789 malis
574 731 876 787 aﬂecerunt
907 731 1085 800 ipsum
1116 728 1454 784 Salvatorem
1486 736 1540 784 et
1569 729 1706 783 liene
1734 728 1801 782 de
1828 728 1960 797 ipsis

379 828 662 891 meritum,
697 834 752 881 et
792 825 1138 895 magistrum,
1183 825 1276 893 qui
1326 820 1752 876 innumerabiles
1797 834 1960 875 sana-

379 918 560 972 tiones
598 925 653 970 et
706 915 972 977 medelas,
1023 926 1453 981 sermonumque
1502 909 1852 973 documenta,
1909 917 1965 964 et

378 1010 559 1063 omnis
598 1008 817 1067 veneris
863 1007 1126 1060 utilitates
1160 1006 1294 1075 ipsis
1316 1006 1681 1075 praestiterat:
1710 1017 1850 1072 quas
1890 1003 1960 1057 ob

379 1112 471 1154 res
502 1114 628 1154 cum
659 1100 802 1152 mala
833 1114 934 1169 pro
954 1098 1115 1153 bonis
1149 1099 1414 1153 adversus
1442 1097 1618 1166 ipsum
1650 1097 1957 1166 posuerint,

377 1197 433 1244 et
473 1191 660 1244 odium
702 1206 803 1260 pro
850 1190 1147 1243 dilectione
1184 1189 1379 1258 ipsius,
1429 1188 1625 1242 merito
1659 1187 1906 1257 adjungit
1940 1206 1953 1241 :

383 1294 404 1329 ι
440 1277 726 1336 Constitue
760 1295 927 1350 super
947 1296 1071 1335 eum
1100 1287 1468 1349 peccatorem,
1498 1287 1552 1334 et
1576 1279 1830 1334 diabolus
1854 1288 1959 1333 stet

378 1387 410 1425 a
439 1373 651 1429 dextris
699 1375 840 1443 ejus.
889 1372 1025 1426 Dum
1058 1374 1369 1441 judicatur,
1425 1380 1585 1427 exeat
1624 1373 1959 1427 condemna-

377 1473 489 1529 tus,
532 1472 586 1520 et
630 1467 808 1519 oratio
866 1466 986 1534 ejus
1029 1466 1123 1518 ﬁat
1174 1466 1229 1518 in
1282 1477 1590 1535 peccatum.
1636 1464 1796 1520 Fiant
1838 1465 1957 1519 dies

374 1557 499 1628 ejus
535 1560 715 1628 pauci,
763 1567 816 1613 ct
865 1560 1238 1629 episcopatum
1291 1558 1410 1626 ejus
1451 1559 1685 1627 accipiat
1736 1560 1893 1612 alter.
1932 1578 1950 1608 ι

376 1650 509 1716 Quae
550 1652 767 1720 quidem
808 1651 923 1720 ipsa
967 1666 1129 1719 quem
1178 1651 1382 1705 exitum
1429 1653 1624 1706 sortita
1658 1652 1788 1713 sint,
1829 1665 1958 1704 san-

377 1750 501 1797 ctus
550 1743 831 1811 apostolus
878 1741 1083 1798 Petrus
1124 1743 1286 1812 paulo
1339 1752 1464 1797 ante
1505 1743 1789 1803 indicavit,
1828 1742 1955 1794 dum

2062 542 2398 613 ἐσχημένον·
2433 543 2547 597 ἀνθ’
2598 538 2696 607 ὧν,
2727 544 3025 615 ἐπειδήπερ
3069 544 3215 599 κακά
3260 545 3381 598 ἀντὶ
3422 545 3648 613 ἀγαθῶν

2062 630 2245 685 ἔθεντο
2290 633 2409 686 κατ’
2448 633 2637 695 αὑτοῦ,
2684 635 2775 686 καὶ
2817 637 2972 705 μῖσος
3017 634 3137 687 ἀντὶ
3183 635 3283 705 τῆς
3315 636 3647 706 ἀγαπήσεως

2062 725 2248 788 αὐτοῦ,
2295 727 2521 790 εἰκότως
2567 726 2836 796 ἐπιλέγει·
2890 747 2909 778 ι
2960 729 3318 799 Κατάστησον
3357 731 3443 783 ἐπ’
3483 730 3683 785 αὑτὸνς

2062 818 2400 891 ἁμαρτωλὸν,
2430 820 2524 873 καὶ
2555 819 2800 883 διάϐολος
2833 821 3015 892 στήτω
3037 822 3102 874 ἐκ
3128 820 3318 888 δεξιῶν
3342 822 3531 875 αὐτοῦ.
3560 824 3648 877 Ἐν

2060 910 2139 982 τῷ
2190 912 2472 982 κρίνεσθαι
2514 913 2674 966 αὐτὸν
2708 912 2914 979 ἐξέλθοι
2955 913 3507 985 καταδεδικασμένος,
3553 916 3648 969 καὶ

2061 1006 2094 1076 ή
2143 1005 2419 1077 προσευχὴ
2468 1006 2633 1059 αὐτοῦ
2676 1006 2958 1078 γενηθήτω
3007 1007 3087 1070 είς
3129 1008 3424 1077 ἁμαρτίαν.
3475 1010 3642 1079 Γενηοι

2060 1096 2310 1165 θήτωσαν
2353 1100 2408 1150 αἱ
2460 1098 2661 1170 ἡμέραι
2708 1098 2871 1151 αὐτοῦ
2911 1098 3107 1167 ὀλίγαι,
3152 1100 3247 1152 καὶ
3277 1101 3375 1170 τὴν
3418 1102 3648 1155 ἐπισκου

2062 1189 2168 1262 πὴν
2199 1190 2363 1244 αὑτοῦ
2401 1191 2611 1244 λαϐέτω
2640 1191 2858 1263 ἔτεροςο
2898 1211 2916 1241 ι
2964 1191 2998 1244 δι
3042 1192 3137 1245 καὶ
3172 1191 3312 1246 αὐτὰ
3342 1195 3535 1246 ὁποίαν
3563 1194 3643 1247 εῖ-

2060 1285 2197 1355 ληφε
2236 1286 2335 1357 τὴν
2382 1285 2675 1348 ἐκϐασιν,ὁ
2712 1286 2853 1356 ἱερδς
2894 1286 3191 1348 ἀπόστολος
3243 1287 3450 1356 Πέτρος
3504 1304 3645 1358 προ-

2060 1374 2237 1429 λαϐὼν
2283 1377 2631 1448 διεσάφησεν,
2674 1379 2760 1429 ἐπ’
2806 1378 2966 1430 αὐτὸν
3015 1372 3279 1448 προδότην
3323 1380 3647 1452 ἐφαρμόσας

2058 1466 2154 1536 τὴν
2206 1467 2449 1538 Γραφήν.
2485 1468 2593 1521 Καί
2642 1486 2722 1521 σοι
2759 1469 2815 1521 δὲ
2854 1467 3001 1538 αὐτῷ
3033 1471 3264 1539 πάρεστι
3309 1474 3560 1542 συνορᾷν,
3592 1473 3645 1525 εί

2062 1560 2137 1631 μὴ
2168 1560 2497 1613 καθέσταται
2544 1562 2637 1613 ἐπὶ
2687 1561 2747 1614 τὺ
2799 1561 3068 1614 Ἰουδαίων
3116 1561 3268 1625 ἔθνος
3317 1562 3500 1633 ἄρχων
3546 1566 3644 1618 καὶ

2059 1653 2362 1724 ἡγούμενος
2391 1654 2733 1725 ἁμαρτωλὸς,
2757 1648 2800 1723 ᾧ
2829 1654 2965 1725 μετά
2989 1654 3057 1708 τὰ
3082 1654 3419 1726 τολμηθέντα
3455 1657 3646 1719 αὐτοῖς

2060 1745 2200 1799 κατὰ
2252 1745 2346 1798 τοῦ
2407 1747 2657 1818 Σωτῆρος
2703 1747 2860 1819 ήμῶν
2909 1748 3305 1818 παρεδόθησαν,
3353 1749 3474 1802 ἀντὶ
3531 1748 3642 1803 τῶν

378 1829 718 1902 Scripturam
739 1832 879 1886 hanc
898 1833 963 1886 ad
987 1833 1165 1903 ipsum
1192 1833 1523 1903 proditorem
1554 1834 1950 1887 accommodat.

2062 1837 2231 1891 πάλαι
2275 1836 2490 1891 οἰκείων
2549 1811 2642 1892 ᾆξαι
2690 1811 2951 1909 θέοφιλῶν
2993 1811 3279 1913 ’ἀρχόντων
3324 1841 3642 1911 ἀλλοφύλοις

373 1922 442 1977 Εῐ
471 1938 601 1978 sane
647 1925 746 1978 tibi
784 1925 884 1994 ipsi
939 1925 1154 1978 interim
1188 1925 1315 1979 licet
1359 1926 1579 1992 intueri,
1625 1943 1752 1981 num
1789 1942 1955 1996 super

372 2012 660 2068 Judaicam
698 2024 913 2085 gentem
960 2016 1293 2071 constitutus
1338 2017 1409 2071 sit
1456 2017 1712 2087 princeps
1747 2032 1810 2070 ac
1843 2018 1954 2071 dux

373 2114 666 2176 peccatur,
740 2107 829 2161 cui
890 2107 1142 2162 videlicet
1198 2117 1321 2177 post
1404 2112 1612 2166 scelera
1689 2110 1953 2165 adversus

376 2198 713 2254 Salvatorem
767 2207 1014 2255 nostrum
1055 2202 1423 2258 audacissime
1482 2204 1798 2267 commissa,
1842 2214 1955 2257 tra-

374 2289 472 2343 diti
527 2298 695 2354 sunt,
749 2290 969 2344 interim
1019 2306 1118 2360 pro
1171 2294 1418 2362 antiquis
1458 2302 1513 2348 et
1557 2293 1803 2364 ipsorum
1850 2293 1952 2347 do-

374 2382 619 2436 mesticis
692 2381 913 2452 Deoque
984 2384 1177 2437 amicis
1250 2385 1632 2453 principibus,
1706 2386 1952 2441 externis

372 2473 538 2546 477
568 2481 622 2530 et
652 2475 946 2529 simulacra
990 2475 1302 2529 colentibus
1343 2476 1552 2531 servire
1589 2477 1788 2531 coacti.
1835 2478 1953 2532 Cte-

375 2572 552 2620 terum
596 2566 721 2635 quis
764 2566 981 2620 tandem
1030 2581 1141 2620 non
1188 2568 1545 2637 Obstupescat
1600 2569 1773 2638 ipsius
1820 2584 1954 2638 pra:-

368 2660 633 2714 dictionis
678 2661 978 2715 eventum?
1027 2676 1152 2715 nam
1198 2677 1327 2715 cum
1377 2663 1664 2716 oraculum
1711 2662 1946 2729 dixerit,

377 2770 398 2803 σ
426 2750 587 2806 Fiant
608 2754 724 2807 dies
751 2753 870 2822 ejus
897 2753 1088 2822 pauci,
1123 2775 1139 2805 ι
1164 2761 1381 2808 constat
1407 2755 1566 2824 plane
1595 2770 1757 2824 quam
1786 2756 1951 2811 breve

371 2853 496 2915 post
523 2853 762 2900 structas
793 2846 1059 2900 adversus
1093 2845 1432 2901 Salvatorem
1459 2854 1707 2901 nostrum
1741 2847 1812 2901 ab
1843 2849 1949 2903 illis

371 2934 633 3000 insidias,
680 2950 846 2990 omne
897 2936 1063 2989 fuerit
1112 2943 1360 3004 tempus,
1412 2950 1521 3005 quo
1572 2951 1796 2991 manere
1842 2937 1948 2992 visi

371 3038 522 3084 sunt.
564 3027 697 3083 Post
739 3028 887 3098 quod
932 3036 1146 3098 tempus
1185 3029 1544 3083 novissimam
1583 3032 1947 3084 vastationem

369 3129 789 3189 extremumque
821 3120 1110 3174 interitum
1141 3120 1289 3188 passi
1334 3128 1501 3184 sunt,
1533 3134 1599 3174 ex
1632 3135 1741 3187 quo
1779 3121 1945 3175 etiam

369 3211 751 3282 episc0patum
800 3227 994 3267 eorum
1041 3214 1252 3282 accepit
1297 3213 1455 3278 alter,
1505 3211 1762 3267 conditus
1810 3213 1951 3267 vide-

370 3307 503 3362 licet
534 3321 632 3376 per
657 3304 939 3362 Christum
972 3322 1148 3362 novus
1186 3306 1440 3376 populus.
1470 3303 1645 3359 Porro
1673 3307 1837 3359 etiam
1873 3320 1954 3360 rc-

368 3400 520 3470 liqua
541 3398 704 3469 hujus
727 3401 921 3470 psalmi
946 3400 1129 3454 omnia
1158 3414 1253 3470 per
1279 3400 1475 3454 borum
1502 3399 1747 3469 ipsorum
1775 3414 1955 3454 exen-

370 3493 492 3563 plar
526 3495 795 3565 intelliges
826 3509 995 3564 aqua:
1043 3510 1174 3549 vero
1220 3507 1547 3564 sequuntur,
1580 3505 1633 3548 ct
1679 3494 1836 3564 quasi
1885 3494 1953 3548 de

367 3585 700 3657 quibusdam
751 3584 906 3641 Judze
950 3587 1077 3641 liliis
1119 3586 1229 3640 dici
1260 3585 1539 3650 videntur,
1572 3587 1684 3640 illis
1718 3585 1902 3639 verbis
1932 3602 1947 3637 :

376 3697 395 3728 σ
421 3676 586 3732 Fiant
633 3678 726 3731 ﬁlii
772 3678 895 3748 ejus
940 3677 1177 3747 orphani
1208 3675 1275 3739 “,
1307 3694 1326 3726 ι
1354 3685 1410 3730 et
1440 3689 1801 3746 quaecumque
1845 3676 1954 3727 alia

370 3770 460 3826 his
495 3771 695 3826 similia
728 3779 890 3834 sunt,
927 3770 1240 3824 referentur
1274 3768 1454 3839 primo
1486 3767 1707 3839 quidem
1740 3769 1861 3821 loco
1895 3767 1950 3820 in

370 3862 552 3934 ipsum
582 3861 780 3917 Judatn
805 3905 819 3931 ,
854 3871 977 3933 post
1010 3864 1163 3916 illum
1193 3876 1324 3917 vero
1353 3862 1521 3916 etiam
1555 3861 1612 3914 in
1641 3875 1834 3915 omnes
1875 3860 1954 3913 illi

371 3955 586 4012 similes
632 3957 874 4010 salutare
924 3956 1150 4009 verbum
1202 3954 1524 4023 prodentes.
1569 3952 1775 4007 Eadem
1818 3967 1949 4007 vero

371 4051 591 4103 ratione
628 4049 904 4119 intelliges
947 4063 1177 4102 uxorem
1208 4062 1428 4117 quoque
1458 4046 1579 4117 ejus
1601 4085 1616 4109 ,
1646 4054 1701 4100 et
1731 4055 1953 4115 peccata

372 4141 580 4215 patris,
612 4149 667 4195 et
710 4141 828 4209 ejus
859 4154 981 4210 quae
1025 4140 1200 4209 ipsius
1240 4147 1418 4194 mater
1448 4138 1672 4203 dicitur,
1714 4135 1956 4190 Iudaicae

372 4232 555 4304 gentis
587 4231 845 4286 videlicet
873 4231 1340 4301 congregationis.
1386 4228 1462 4286 De
1501 4229 1604 4283 hac
1632 4229 1777 4282 enim
1813 4228 1956 4282 arbi-

372 4335 493 4381 tror
520 4325 631 4380 dici
666 4324 801 4378 illud
829 4344 841 4379 :
881 4343 898 4374 ι
931 4323 998 4376 Et
1031 4328 1317 4394 peccatum
1348 4323 1544 4377 matris
1574 4322 1695 4391 ejus
1728 4337 1835 4375 non
1865 4322 1955 4376 de-

373 4420 553 4473 leatur
580 4417 646 4472 °°.
681 4435 700 4468 ι
727 4415 1120 4471 Verumtamen
1167 4415 1311 4469 sicut
1354 4414 1411 4468 in
1455 4428 1519 4468 ea
1548 4428 1669 4483 quae
1706 4412 1953 4483 proxime

2062 1934 2156 1987 καὶ
2192 1928 2601 2004 εἰδωλολάτραις
2644 1933 2914 1986 δουλεύειν
2964 1936 3496 2005 κατηναγκασμένοι.
3544 1934 3642 1999 Τίς

2059 2024 2104 2077 δ’
2128 2026 2226 2078 οὐκ
2250 2025 2316 2078 ἂν
2332 2024 2629 2095 θαυμάσειε
2653 2028 3010 2098 προρρήσεως
3035 2026 3096 2078 τὸ
3125 2026 3470 2096 ἀποτέλεσμα
3493 2043 3507 2090 ;
3538 2027 3643 2096 φήα

2064 2133 2254 2179 σαντος
2294 2115 2403 2188 γὰρ
2438 2117 2531 2170 τοῦ
2573 2117 2730 2185 λόγου
2756 2137 2768 2148 ·
2822 2137 2840 2168 ι
2882 2119 2929 2169 Τ
2933 2117 3278 2189 ενηθήτωσαν
3324 2120 3382 2172 αἱ
3436 2120 3644 2191 ἡμέραι

2061 2208 2223 2262 αὐτοῦ
2258 2209 2465 2278 ὀλίγαι,
2501 2230 2519 2262 ι
2559 2212 2726 2279 σαφὲς
2762 2211 2910 2273 ὅπως
2949 2211 3201 2282 βραχὺςό
3238 2213 3346 2276 πᾶς
3372 2211 3645 2280 διεγένετο

2064 2301 2201 2372 μετὰ
2219 2301 2316 2372 τὴν
2339 2303 2432 2354 τοῦ
2453 2303 2604 2372 Σωτῆ
2614 2320 2702 2373 ρος
2727 2304 2759 2374 ἡ
2768 2304 2884 2373 μῶν
2908 2303 3198 2373 ἐπιϐουλὴν
3224 2304 3403 2356 αὐτῶν
3426 2304 3640 2375 χρόνος,

2060 2394 2181 2447 καθ’
2213 2394 2271 2446 ὃν
2305 2393 2489 2458 ἔδοξαν
2533 2394 2805 2465 διαμένειν
2830 2412 2844 2427 ο
2879 2394 2995 2465 μεθ’
3026 2396 3086 2448 δν
3115 2395 3212 2466 τὴν
3254 2398 3493 2467 ὑστάτην
3542 2397 3643 2450 ὑπ-

2058 2487 2278 2556 έμειναν
2327 2487 2643 2557 πολιορκίαν
2680 2487 2772 2541 καὶ
2793 2487 2891 2558 τὴν
2923 2487 3160 2559 παντελῆ
3189 2489 3526 2560 καθαίρεσιν,
3552 2489 3643 2559 ἐφ’

2058 2572 2091 2648 ᾗ
2147 2579 2241 2631 καὶ
2288 2578 2388 2649 τὴν
2434 2580 2736 2651 ἐπισκοπὴν
2776 2580 2956 2633 αὐτῶν
2997 2580 3187 2636 ἐλαϐεν
3237 2581 3441 2651 Erepog,
3473 2583 3503 2634 ό
3549 2581 3644 2636 διὰ

2057 2669 2294 2741 Χριστοῦ
2326 2671 2734 2743 συγκροτηθείς.
2776 2673 2886 2725 Καὶ
2923 2672 2993 2725 τά
3020 2672 3180 2727 λοιπὰ
3207 2674 3263 2727 δέ
3299 2673 3393 2727 τοῦ
3424 2672 3641 2745 ψαλμοῦ

2058 2762 2240 2826 αὐτοῖς
2275 2762 2485 2827 τούτοις
2524 2764 2874 2835 καταλλήλως
2914 2766 3160 2836 νοήσειςο
3194 2765 3264 2819 τὰ
3291 2766 3349 2818 δὲ
3378 2765 3539 2835 ἑξῆς,
3562 2766 3644 2831 ὡς

2058 2853 2183 2924 περί
2210 2869 2371 2907 τινων
2404 2854 2532 2907 υἱῶν
2561 2854 2656 2907 τοῦ
2698 2854 2864 2908 Ἰούδα
2891 2855 3175 2926 λεγόμενα,
3206 2856 3264 2909 ἐν
3290 2854 3396 2926 τῷ,
3426 2875 3444 2906 ι
3468 2856 3642 2928 Γενη-

2059 2942 2311 3014 θήτωσαν
2343 2946 2392 2998 oi
2434 2947 2541 2998 υἱοὶ
2570 2947 2736 2998 αὐτοῦ
2778 2947 3036 3018 ὀρφανοὶ,
3077 2966 3096 2998 ι
3133 2948 3227 3000 καὶ
3254 2947 3321 3000 τὰ
3350 2946 3641 3019 παραπλή·

2059 3048 2183 3099 σια,
2222 3034 2462 3102 ἁνάγοιτ’
2495 3036 2562 3087 ἂν
2609 3036 2701 3088 καὶ
2741 3035 2829 3088 ἐπ’
2866 3037 3029 3089 αὐτὸν
3081 3035 3179 3107 μὲν
3213 3039 3642 3109 προηγουμένως

2054 3123 2146 3177 τὸν
2196 3124 2416 3192 Ἰούδαν,
2477 3127 2593 3197 μετ’
2637 3130 2844 3181 ἐκεῖνον
2897 3127 2954 3181 δὲ
2998 3130 3092 3182 καὶ
3129 3128 3223 3181 ἐπὶ
3268 3132 3480 3192 πάντας
3514 3132 3642 3194 τοὺς

2053 3217 2271 3289 ὁμοίους
2340 3219 2488 3290 αὐτῷ
2553 3220 2645 3273 τὸν
2721 3222 2988 3293 σωτήριον
3048 3220 3205 3291 λόγον
3268 3222 3638 3293 προδιδόντας.

2053 3311 2418 3384 Καταλλήλως
2454 3313 2511 3366 δὲ
2559 3313 2775 3383 νοήσεις
2812 3314 2905 3367 καὶ
2931 3313 3032 3384 τὴν
3061 3316 3297 3383 γυναῖκα
3325 3313 3518 3380 αὐτοῦ,
3550 3316 3642 3368 καὶ

2050 3404 2149 3467 τὰς
2170 3405 2441 3476 ἁμαρτίας
2467 3404 2575 3458 τῶν
2605 3406 2855 3476 πατέρων
2874 3405 3060 3470 αὐτοῦ,
3090 3407 3186 3460 καὶ
3212 3407 3313 3478 τῆς
3341 3406 3642 3479 λεγομένης

2054 3496 2256 3568 μητρὸς
2286 3495 2451 3550 αὐτοῦ
2476 3539 2490 3564 ,
2522 3497 2624 3567 τῆς
2649 3498 2743 3550 τοῦ
2786 3498 3049 3551 Ἰουδαίων
3077 3499 3261 3563 ἔθνους
3292 3500 3637 3571 συναγωγῆς.

2052 3590 2187 3660 Περὶ
2216 3589 2386 3659 αὐτῆς
2415 3589 2524 3660 γὰρ
2552 3589 2793 3660 ἡγοῦμαι
2821 3590 3073 3659 λέγεσθαι
3101 3591 3183 3655 τὸ,
3210 3612 3228 3643 ι
3256 3593 3369 3645 Καὶ
3397 3595 3431 3664 ή
3456 3594 3640 3664 ἁμαρ-

2051 3680 2144 3733 τία
2172 3679 2272 3749 τῆς
2294 3680 2499 3752 μητρὸς
2526 3681 2691 3735 αὐτοῦ
2725 3682 2798 3753 μὴ
2828 3683 3186 3756 ἐξαλειφθείη.
3218 3705 3238 3735 ι
3272 3684 3421 3757 Πλὴν
3450 3684 3641 3755 ὥσπερ

2053 3775 2110 3825 ἐν
2137 3775 2202 3843 τῇ
2239 3772 2344 3843 πρὸ
2370 3772 2574 3844 ταύτης
2607 3775 2913 3846 προφητείᾳ
2941 3775 3158 3846 πτωχὸς
3187 3777 3281 3830 καὶ
3309 3778 3484 3848 πένης
3503 3778 3637 3831 ὠνο-

2056 3860 2256 3933 μάζετο
2302 3865 2331 3915 ὁ
2376 3864 2568 3934 Σωτὴρ
2614 3865 2708 3917 καὶ
2748 3864 2951 3936 Κύριος
2997 3866 3182 3936 ἡμῶν,
3233 3865 3489 3939 καθάπερ
3537 3869 3643 3920 ἀπ-

2054 3951 2335 4023 εδείξαμεν
2364 3953 2423 4005 ἐν
2450 3953 2563 4024 τῷ,
2601 3973 2619 4006 ι
2655 3954 2939 4027 Μακάριος
2973 3958 3002 4009 ὁ
3048 3955 3245 4010 συνιὼν
3289 3958 3382 4010 ἐπί
3423 3952 3640 4029 πτωχὸν

2054 4043 2148 4096 καὶ
2187 4042 2415 4114 πένητα·
2457 4060 2476 4094 ι
2506 4043 2600 4096 τὸν
2629 4044 2791 4097 αὐτὸν
2828 4044 3028 4114 τρόπον
3058 4047 3152 4100 καὶ
3195 4047 3255 4098 ἐν
3290 4046 3371 4117 τῷ
3406 4049 3640 4119 παρόντι

2053 4133 2252 4206 ψαλμῷ
2294 4135 2503 4198 τούτοις
2543 4136 2898 4207 ἐπικέκληται
2943 4142 3054 4201 τοῖς
3084 4139 3334 4210 ὀνόμασι.
3358 4139 3495 4193 Τάδε
3531 4140 3640 4213 γάρ

2054 4228 2148 4281 καὶ
2181 4227 2306 4281 τάδε
2323 4228 2702 4301 γενηθήτωτῴ
2732 4231 2921 4291 Ἰούδα,
2938 4233 3033 4284 καὶ
3059 4237 3169 4296 τοῖς
3197 4233 3266 4286 τὰ
3288 4233 3452 4304 ὃμοια
3488 4234 3641 4304 αὺτῷ

2054 4323 2349 4398 ἐζηλωκόσι
2392 4324 2481 4378 διὰ
2515 4324 2582 4378 τὰ
2610 4325 2986 4397 τετολμημένα
3011 4326 3192 4397 αὐτῷ,
3225 4328 3376 4399 φησί.
3410 4329 3546 4383 Τίνα
3583 4330 3641 4384 δὲ

2054 4416 2249 4483 ταῦτα,
2281 4417 2527 4488 ἐπιφέρει
2557 4417 2745 4487 λέγων’
2786 4437 2804 4469 ι
2855 4419 2994 4473 Ἀνθ’
3021 4414 3094 4471 ὧν
3122 4421 3223 4473 οὐκ
3261 4421 3512 4493 ἐμνήσθη
3541 4420 3639 4475 τοῦ

374 4508 674 4564 antecessit
719 4508 1042 4579 pr0plietia,
1096 4520 1302 4576 egenus
1351 4515 1406 4559 et
1450 4519 1659 4575 pauper
1708 4504 1953 4557 nomina-

2059 4509 2283 4579 ποιῆσαι
2314 4509 2458 4572 ἕλεος
2477 4551 2490 4576 ,
2519 4511 2613 4564 καὶ
2639 4510 2961 4576 κατεδίωξεν
2989 4512 3272 4584 ἄνθρωπον
3305 4514 3515 4587 πένητα
3545 4517 3639 4571 καὶ

374 4600 539 4656 batur
588 4598 842 4653 Salvator
887 4612 950 4651 ac
994 4596 1259 4652 Dominus
1293 4603 1497 4659 noster,
1531 4596 1697 4651 veluti
1734 4596 1955 4649 demon—

375 4691 675 4748 stravimus
698 4691 754 4744 in
778 4690 873 4744 illo
907 4708 921 4743 :
951 4707 969 4741 ι
997 4688 1196 4744 Beatus
1225 4688 1318 4759 qui
1354 4688 1609 4758 intelligit
1640 4702 1808 4757 super
1835 4702 1954 4758 ege-

376 4801 508 4841 num
535 4792 588 4840 et
619 4798 915 4855 pauperem
934 4783 1011 4834 ‘7:
1042 4803 1058 4833 ο
1080 4784 1154 4835 ita
1180 4781 1344 4836 etiam
1372 4781 1426 4834 in
1457 4783 1713 4850 praesenti
1745 4782 1954 4850 psalmo

375 4880 570 4935 iisdem
601 4884 831 4932 vocatur
862 4875 1195 4929 nominibus.
1243 4872 1404 4928 Fiant
1444 4874 1591 4928 enim
1633 4874 1724 4927 illa
1765 4881 1820 4927 et
1861 4874 1952 4926 illa

376 4972 483 5042 ipsi
509 4968 695 5033 ludat,
720 4968 896 5036 iisque
921 4965 1015 5035 qui
1047 4965 1126 5018 illi
1157 4964 1359 5019 similia
1381 4963 1623 5018 aemulati
1653 4963 1764 5020 sint
1785 5003 1798 5028 ,
1830 4977 1953 5032 pro-

377 5074 499 5136 pter
527 5063 619 5117 illa
650 5075 773 5133 quae
803 5070 891 5115 eSt
922 5073 1123 5122 ausus,
1161 5057 1360 5127 inquit.
1393 5057 1653 5122 Quaenam
1688 5071 1818 5110 vero
1847 5059 1952 5110 ista

378 5158 522 5221 sint,
555 5153 838 5225 adjungit,
875 5152 1069 5206 dicens
1099 5171 1112 5205 :
1153 5168 1170 5201 ι
1207 5148 1313 5204 Pro
1341 5165 1408 5205 eo
1438 5149 1585 5220 quod
1613 5164 1724 5204 non
1756 5156 1842 5203 est
1875 5164 1955 5204 re-

379 5249 642 5304 cordatus
684 5246 867 5300 l‘acere
915 5243 1353 5300 misericordiam
1380 5283 1395 5309 ,
1431 5254 1484 5298 et
1518 5249 1844 5313 persecutus
1873 5249 1957 5297 est

378 5339 655 5396 neminem
713 5353 1010 5409 pauperem
1064 5348 1120 5393 et
1158 5352 1425 5409 egenum,
1474 5344 1528 5391 et
1567 5342 1955 5405 compunctum

377 5431 576 5495 corde,
601 5439 663 5484 ut
682 5441 856 5486 morte
884 5428 1138 5485 alliceret.
1169 5428 1238 5483 Et
1269 5429 1461 5484 dilexit
1489 5428 1953 5493 exsecrationem,

378 5528 434 5587 et
466 5519 652 5575 veniet
690 5521 763 5575 ei.
812 5521 881 5575 Et
922 5522 1100 5578 noluit
1151 5520 1622 5588 benedictionem,
1656 5527 1711 5575 et
1759 5518 1950 5589 procul

378 5610 724 5667 amovebitur
767 5613 836 5668 ab
874 5628 939 5668 eo
974 5614 1041 5668 “.
1070 5633 1090 5665 ι
1114 5612 1248 5670 Post
1296 5630 1421 5685 qua:
1469 5612 1638 5668 verba
1689 5612 1950 5684 deinceps

2056 4602 2269 4672 πτωχὸν
2317 4603 2411 4655 καὶ
2447 4606 2915 4675 κατανενυγμένον
2943 4609 3009 4678 τῇ
3041 4607 3238 4679 καρδίᾳ
3264 4607 3358 4661 τοῦ
3389 4609 3640 4665 θανατῶ-

2057 4712 2167 4749 σαι.
2214 4697 2322 4749 Καὶ
2350 4697 2604 4767 ἠγάπησε
2635 4698 2878 4770 κατάραν
2896 4742 2910 4766 ,
2930 4700 3024 4753 καὶ
3051 4700 3170 4771 ἥξει
3200 4700 3384 4772 αὐτῷ’
3415 4705 3512 4757 καὶ
3537 4704 3640 4758 οὐκ

2056 4787 2316 4858 ἠθέλησεν
2346 4789 2623 4857 εὐλογίαν,
2663 4793 2756 4844 καὶ
2787 4792 3223 4864 μακρυνθήισεται
3269 4795 3365 4848 ἀπ’
3391 4795 3584 4850 αὑτοῦ.
3612 4815 3633 4850 ι

2057 4875 2153 4941 Οἷς
2180 4878 2308 4945 ἑξῆς
2334 4879 2672 4943 ἐπικαταϐὰς
2688 4924 2703 4946 ,
2726 4877 2880 4944 αὖθις
2908 4882 3115 4954 πένητα
3142 4885 3236 4938 καὶ
3267 4886 3481 4956 πτωχὸν
3510 4891 3638 4940 ἐαυ-

2056 4971 2146 5024 τὸν
2177 4972 2430 5042 ὀνομάζει
2456 4972 2657 5040 λέγων-
2695 4992 2713 5023 ι
2756 4974 2865 5027 Καὶ
2888 4975 2980 5040 σὺ,
3012 4974 3206 5047 Κύριε,
3231 4976 3427 5049 Κύριε,
3471 4978 3637 5049 ποίηο

2061 5079 2150 5115 σον
2203 5066 2320 5133 μετ’
2349 5062 2483 5134 ἐμοῦ
2534 5064 2678 5127 ἕλεος
2718 5065 2903 5117 ἕνεκεν
2938 5064 3031 5117 τοῦ
3081 5067 3341 5136 ὀνόματός
3384 5086 3475 5122 σου
3498 5110 3513 5133 ,
3555 5072 3638 5123 ὅτι

2059 5154 2294 5224 χρηστὸν
2339 5154 2402 5206 τὸ
2435 5153 2580 5217 ἔλεός
2626 5170 2739 5206 σου.
2787 5153 2973 5208 Ῥῦσαί
3024 5173 3111 5226 με,
3160 5157 3243 5211 ὅτι
3283 5159 3498 5231 πτωχὸς
3547 5161 3639 5214 καὶ

2057 5243 2226 5315 πένης
2252 5246 2368 5315 εἰμὶ
2395 5244 2523 5313 ἐγώ.
2567 5265 2586 5295 ι
2619 5240 2713 5307 οἷς
2743 5244 2859 5314 μεθ’
2889 5245 3050 5318 ἔτερα
3074 5248 3346 5317 ἐπιλέγει·
3384 5268 3404 5301 ι
3439 5250 3522 5304 Τὰ
3547 5252 3637 5320 γό-

2055 5338 2192 5390 νατά
2237 5353 2338 5406 μου
2380 5336 2683 5407 ἠσθένησαν
2721 5338 2830 5390 ἀπὸ
2855 5339 3142 5409 νηστείας,
3177 5342 3332 5413 καὶὴ
3364 5342 3502 5414 σάρξ
3534 5360 3635 5414 μου

2055 5425 2322 5498 ἠλλοιώθη
2367 5426 2436 5481 δι’
2470 5427 2646 5481 ἔλαιον
2684 5446 2697 5458 ·
2730 5430 2821 5484 καί
2857 5428 2968 5498 ἐγὼ
3010 5432 3273 5504 ἐγενήθην
3303 5432 3503 5498 ὄνειδος
3536 5436 3635 5488 αὐ-

2055 5520 2186 5580 τοῖς.
2222 5516 2448 5571 Εἴδοσάν
2497 5536 2598 5589 με,
2628 5519 2722 5572 καὶ
2761 5520 3059 5573 ἐσάλευσαν
3099 5522 3342 5590 κεφαλὰς
3366 5523 3570 5579 αὐτῶν,
3608 5539 3631 5576 ι

2063 5613 2130 5665 ’Δ
2161 5612 2254 5664 καὶ
2286 5611 2424 5664 αὐτὰ
2451 5611 2639 5675 τέλους
2668 5612 2960 5683 ἐτύγχανεν
2988 5613 3074 5666 ὅτε
3114 5633 3131 5667 ι
3169 5616 3216 5667 oi
3248 5616 3633 5689 παραπορευό-

367 5813 373 5821 ν
444 5781 685 5865 Psal.
717 5801 881 5855 cvm,
915 5791 967 5846 9.
1047 5796 1092 5826 "
1133 5794 1266 5850 ibid.
1302 5794 1389 5851 Η.
1470 5796 1513 5829 ⁵⁷
1555 5789 1700 5851 Psal.
1747 5811 1834 5860 χι,
1868 5793 1920 5849 ‘2.
1998 5793 2043 5826 °'
2078 5792 2225 5849 Psal.
2259 5808 2422 5860 cvm,
2462 5791 2637 5849 iii-l8.
