3908 6266
217 317 281 374 ’16
292 317 321 372 ι

1165 313 1820 379 DEMONSTRATIONIS
1860 321 2321 377 EVANGELICA-Z
2363 322 2489 379 LIB.
2540 324 2606 378 Χ.

3354 335 3461 389 τις

212 452 362 508 μενοι
405 436 783 510 ἐϐλασφήμουν
829 438 991 494 αὑτὸν
1017 480 1031 505 ,
1086 440 1359 506 κινοῦντες
1406 442 1505 507 τὰς
1548 443 1758 511 κειραλά

1891 443 2137 497 oratione
2183 458 2541 513 progressus,
2588 459 2780 501 rursus
2814 460 3107 516 pauperem
3147 454 3309 519 atque
3338 465 3457 521 ego-

206 528 409 595 ιὺτῶν,
434 530 528 584 καὶ
554 529 802 598 λέγοντες
818 548 866 584 ⁸)
888 532 1114 597 ’Ἄλλους
1146 532 1366 599 ἔσωσεν,
1393 534 1583 589 ἑαυτὸν
1602 534 1663 588 οὐ
1691 535 1785 588 δύ-

205 636 364 674 ναται
400 620 591 674 σῶσαι.
626 640 645 672 ι
694 622 844 674 Ἐπεὶ
866 622 922 675 δὲ
964 622 1127 676 εἰσέτι
1157 623 1252 677 νῦν
1280 626 1329 677 οἰ
1363 626 1427 679 ἐκ
1460 627 1781 697 περιτομῆς,

200 712 296 784 τὴν
321 711 433 767 τῶν
458 713 708 787 πατέρων
733 715 911 768 αὐτῶν
936 716 1016 778 εἰς
1044 717 1271 780 ἑαυτοὺς
1300 716 1438 789 ἀράν
1460 717 1778 790 ἐπισπώμε-

1890 550 2024 589 num
2060 535 2301 606 seipsum
2331 536 2611 599 nominat,
2643 536 2833 595 dicens
2861 559 2874 594 :
2905 559 2924 592 ι
2953 539 3019 595 Et
3061 547 3115 596 tu
3139 583 3155 608 ,
3190 540 3418 598 Domine
3440 583 3458 608 ,

1888 626 2118 682 Domine
2140 669 2154 693 ,
2188 627 2273 682 fac
2302 645 2512 685 mecum
2546 631 2978 688 misericordiam
3008 644 3229 705 propter
3257 650 3456 691 nomen

1888 728 2070 783 tuum,
2106 719 2236 790 quia
2266 720 2502 792 benigna
2544 731 2628 778 est
2661 725 3041 780 misericordia
3089 736 3185 781 tua
3256 726 3457 784 Libera

201 820 307 869 νοι,
342 803 692 876 βλασφήμοις
733 806 826 860 καὶ
855 807 1075 860 ἀσεϐέσι
1112 808 1318 880 ῥήμασι
1363 809 1762 880 ἀναθεματίζειη

1885 823 2005 875 me,
2050 808 2181 880 quia
2222 826 2428 880 egenus
2477 823 2532 867 et
2572 829 2778 884 pauper
2811 832 2932 870 sum
2962 833 3062 888 ego
3083 819 3159 874 '6’.
3191 838 3211 871 ι
3238 818 3453 886 Quibus

196 895 285 948 τὸν
307 895 545 968 Σωτῆρα
570 897 664 949 καὶ
690 896 893 969 Κύριον
923 897 1097 968 ἡμῶν,
1124 900 1217 952 καὶ
1240 900 1366 964 τοὺς
1392 902 1472 964 εἰς
1499 901 1659 955 αὐτὸν
1679 920 1779 956 πε-

196 988 562 1053 πιστευκότας
606 989 850 1053 ἅπαντας
896 988 1153 1056 εἰώθασι,
1200 991 1389 1045 τούτου
1447 993 1605 1067 χάριν
1653 995 1779 1066 ἑξῆς

194 1078 472 1148 ἐπιλέγειο
516 1099 535 1131 ι
570 1079 983 1151 Καταράσονται
1007 1083 1193 1147 αὐτοὶ,
1218 1083 1313 1137 καὶ
1340 1086 1403 1138 σὺ
1440 1084 1773 1157 εὐλογήσεις.

193 1171 251 1224 0i
278 1172 707 1243 ἐπανιστάμενοι
731 1191 819 1244 μοι
848 1175 1306 1246 αἰσχυνθήτωσαν·
1334 1178 1363 1230 ὁ
1390 1176 1448 1230 δὲ
1474 1176 1655 1242 δοῦλός
1680 1197 1773 1233 σου

190 1264 644 1337 εὐφρανθήσεται.
697 1265 1136 1321 Ἐνδυσάσθωσαν
1162 1270 1211 1321 οἰ
1241 1269 1674 1335 ἐνδιαϐάλλοντές
1705 1289 1772 1342 με

188 1356 461 1428 ἰντροπὴν
480 1397 496 1422 ,
522 1358 616 1410 καὶ
638 1358 1112 1430 περιϐαλέσθωσαν
1144 1360 1221 1424 ὡς
1247 1360 1489 1416 διπλοΐδα
1511 1363 1772 1435 αἰσχύνην

187 1446 389 1501 αὐτῶν.
444 1446 583 1517 Ἐγὼ
607 1448 664 1502 δὲ
688 1447 1147 1520 ἐξομολογήσομαι
1175 1447 1253 1518 τῷ
1276 1450 1465 1521 Κυρίῳ
1491 1451 1692 1523 σφόδρα
1714 1455 1771 1504 ἐν

184 1538 259 1610 ’ᾦ
282 1539 523 1611 στόματί
559 1557 682 1611 μου,
713 1541 807 1594 καὶ
826 1540 884 1594 ἐν
917 1540 1066 1611 μέσῳ
1104 1541 1312 1594 πολλῶν
1344 1543 1541 1597 αἰνέσω
1565 1545 1725 1598 αὐτόν
1752 1564 1764 1576 ·

184 1632 262 1684 δτι
300 1631 559 1703 παρέστη
609 1633 673 1685 ἐκ
717 1630 905 1697 δεξιῶν
945 1632 1192 1703 πένητος,
1220 1633 1314 1686 τοῦ
1355 1634 1522 1688 σῶσαι
1555 1635 1618 1689 ἐκ
1661 1637 1768 1689 τῶν

183 1725 633 1779 καταδιωκόντων
672 1724 771 1795 τὴν
812 1724 990 1797 ψυχήν
1036 1721 1158 1797 μου.
1200 1745 1217 1778 ι
1252 1727 1362 1779 Καὶ
1408 1728 1669 1799 πρόδηλόν
1704 1747 1765 1797 γε

1885 909 2009 971 post
2042 902 2147 956 alia
2175 901 2425 974 adjungit
2456 924 2469 960 :
2499 924 2519 958 ι
2546 904 2734 961 Genua
2769 921 2889 963 mea
2931 910 3202 966 inﬁrmata
3250 920 3380 967 sunt
3420 930 3453 968 a

1879 993 2124 1063 jejunio,
2157 1003 2211 1051 et
2240 1011 2370 1052 caro
2399 1014 2517 1054 mea
2548 1000 2832 1060 immutata
2862 1011 2947 1057 est
2976 1012 3197 1074 propter
3223 1007 3402 1061 oleum
3432 1023 3447 1061 :

1880 1092 1936 1140 et
1965 1101 2066 1156 ego
2096 1086 2274 1144 factus
2306 1104 2424 1144 sum
2479 1093 2835 1161 Opprobrium
2883 1095 3012 1149 illis.
3049 1094 3313 1152 Viderunt
3360 1114 3449 1155 me

1879 1186 1935 1234 et
1969 1188 2259 1235 moverunt
2293 1183 2471 1253 capita
2503 1200 2601 1240 sua
2631 1187 2674 1217 ⁷ο
2700 1205 2714 1240 :
2748 1205 2766 1237 ι
2794 1202 2915 1256 qua:
2943 1203 3075 1243 sane
3105 1190 3221 1259 ipsa
3254 1191 3451 1246 nihilo-

1879 1271 2062 1327 minus
2107 1288 2267 1328 suum
2316 1275 2477 1330 ﬁnem
2523 1288 2820 1332 consecuta
2853 1287 3016 1341 sunt,
3050 1296 3159 1350 quo
3201 1290 3448 1351 tempore

1876 1362 1970 1432 qui
2002 1366 2387 1433 praeteribant,
2428 1369 2831 1425 inalediccbant
2866 1374 2916 1429 ei
2952 1381 3233 1427 moventes
3264 1376 3446 1442 capita

1877 1472 1978 1512 sua
2016 1467 2070 1513 et
2104 1458 2350 1516 dicentes
2378 1480 2388 1515 :
2419 1481 2438 1512 ι
2467 1462 2619 1517 Alios
2650 1464 2832 1519 salvos
2862 1464 3026 1531 fecit,
3058 1468 3297 1536 seipsum
3331 1483 3443 1523 non

1875 1558 2054 1618 potest
2083 1553 2293 1607 salvum
2322 1552 2501 1609 facere
2522 1556 2588 1610 ἰ.
2617 1555 2922 1622 ιρυοηὶοω
2953 1574 3079 1614 vero
3102 1560 3265 1614 etiam
3294 1574 3445 1618 nunc

1871 1638 2044 1695 Judaei
2081 1652 2295 1710 patrum
2328 1660 2557 1699 suorum
2594 1646 2650 1700 in
2682 1648 2893 1718 seipsos
2918 1647 3086 1720 478
3118 1651 3447 1706 exsecratio-

1871 1747 1996 1786 nem
2037 1734 2379 1791 attrahentes
2419 1738 2853 1793 exsecrabilibus
2896 1746 2951 1794 et
2997 1740 3222 1795 nefariis
3258 1742 3443 1797 verbis

181 1817 405 1881 ὁπόσοις
427 1817 598 1870 εἰσέτι
633 1818 728 1870 καὶ
748 1816 841 1871 νῦν
865 1818 914 1869 οἱ
938 1816 1039 1881 τὰς
1070 1819 1189 1871 κατ’
1218 1817 1380 1872 αὐτοῦ
1405 1819 1542 1890 ἀράς
1569 1822 1625 1872 ἐν
1656 1825 1762 1884 ταῖς

1875 1824 2135 1879 detestari
2179 1825 2518 1882 Salvatorem
2561 1843 2626 1882 ac
2667 1827 2956 1884 Dominum
3001 1809 3290 1897 nostrum,
3330 1847 3443 1886 om-

181 1908 399 1964 ἐαυτῶν
460 1912 799 1979 συναγωγαῖς
846 1909 1158 1981 ποιούμενοι
1208 1909 1493 1965 παλαίουσι
1546 1916 1733 1975 κακοῖς
1753 1954 1767 1976 ,

179 2000 285 2078 ἀπὸ
314 2000 435 2054 τῶν
461 2000 639 2055 αὐτῶν
670 2002 879 2074 χρόνων
915 2002 1038 2073 μηδ’
1064 2002 1201 2065 ὅλως
1225 2003 1520 2057 ἀνανεῦσαι
1550 2004 1768 2075 δεδυνη-

183 2090 357 2161 μένοι,
384 2092 535 2155 ὅπως
559 2108 620 2144 τε
636 2091 798 2155 αὐτὸς
827 2087 975 2146 αἶνον
995 2090 1073 2161 τῷ
1100 2092 1275 2162 Πατρὶ
1304 2094 1361 2146 ἐν
1390 2093 1539 2164 μέσῳ
1561 2094 1768 2147 πολλῶν

176 2179 353 2235 ἐθνῶν
386 2179 483 2233 τὸν
520 2180 610 2235 διὰ
647 2181 746 2252 τῆς
792 2181 986 2252 καινῆς
1035 2180 1309 2253 Διαθήκης
1348 2181 1514 2235 αὑτοῦ
1565 2201 1768 2254 καταρ-

175 2270 408 2337 τίζεται,
444 2274 699 2342 συνεργὸν
728 2273 820 2326 τὸν
851 2272 1090 2342 Πατέρα,
1122 2272 1216 2325 καὶ
1246 2273 1344 2341 τῆς
1376 2272 1569 2326 ἑαυτοῦ
1592 2272 1768 2339 δεξιᾶς

163 2364 454 2445 ,πάρεδρον
487 2361 854 2436 κεκτημένος·
886 2362 966 2417 διό
989 2378 1151 2434 φησιν
1170 2378 1184 2391 ·
1210 2380 1228 2413 ι
1266 2362 1352 2415 Ἐν
1379 2363 1528 2434 μέσῳ
1556 2363 1764 2416 πολλῶν

176 2458 382 2509 αἰνέσω
411 2454 606 2521 αὐτὸν,
640 2456 724 2508 ὅτι
758 2455 1006 2527 παρέστη
1032 2456 1095 2507 ἐκ
1116 2453 1305 2519 δεξιῶν
1334 2455 1579 2526 πένητος.
1607 2474 1625 2505 ι
1655 2455 1765 2508 Καὶ

174 2546 267 2618 τὴν
305 2546 455 2619 μετά
493 2547 586 2601 τὸν
628 2546 854 2601 θάνατον
886 2546 1049 2600 αὑτοῦ
1086 2546 1354 2619 σωτηρίαν
1384 2546 1643 2611 διδάσκει,
1680 2548 1766 2601 λέ-

175 2654 282 2706 γων
306 2654 323 2668 ·
370 2656 389 2689 ι
422 2636 530 2690 Τοῦ
567 2636 736 2691 σῶσαι
768 2639 832 2690 ἐκ
863 2635 971 2691 τῶν
1005 2638 1444 2693 καταδιωκόντων
1470 2642 1566 2711 τὴν
1587 2640 1763 2712 ψυχήν

176 2745 306 2799 μου.
352 2748 374 2781 ι
428 2728 711 2802 Ἀνωτέρω
751 2729 881 2799 γοῦν
910 2730 1087 2802 φήσας
1116 2730 1208 2782 τόο
1240 2748 1258 2781 ι
1301 2730 1636 2793 Κατεδίωξεν
1664 2731 1761 2783 ἀν-

175 2817 399 2891 θρωπον
439 2820 646 2891 πένητα
670 2820 764 2873 καὶ
796 2823 1007 2891 πτωχὸν
1027 2860 1042 2883 ,
1077 2822 1171 2875 καὶ
1201 2820 1662 2891 κατανενυγμένον
1694 2824 1758 2893 τῇ

174 2910 378 2983 καρδίᾳ.
402 2911 500 2964 τοῦ
535 2910 879 2975 θανατῶσαι,
919 2931 937 2964 ι
968 2912 1062 2966 καὶ⁵
1086 2912 1272 2981 σαφῶς
1293 2911 1537 2983 δηλώσας
1567 2912 1759 2965 ἑαυτοῦ

1874 1931 2082 1986 nesque
2109 1918 2424 1989 quicunque
2465 1919 2520 1974 in
2552 1919 2714 1975 ﬁdem
2759 1921 2880 1990 ejus
2920 1924 3273 1988 transierint,
3315 1939 3442 1979 con-

1872 2014 2099 2064 suevere
2120 2051 2135 2076 ,
2174 2010 2385 2065 idcirco
2424 2012 2683 2083 deinceps
2731 2011 2980 2083 adjungit
3014 2032 3028 2069 :
3061 2033 3081 2066 ι
3112 2014 3439 2071 Malediccnt

1870 2098 1978 2164 illi,
2007 2106 2060 2154 et
2089 2106 2149 2154 tu
2174 2100 2486 2158 benedices.
2522 2102 2626 2169 Qui
2658 2104 2948 2175 insurgunt
2975 2105 3030 2158 in
3062 2119 3148 2160 me
3168 2144 3185 2170 ,
3213 2105 3441 2160 confini-

1867 2187 2107 2244 dantur:
2156 2207 2351 2249 servus
2398 2201 2579 2247 autem
2623 2201 2754 2250 tuus
2795 2195 3085 2251 laetabitur.
3137 2196 3440 2251 lnduantur

1866 2281 1959 2352 qui
2005 2281 2299 2338 detrahunt
2330 2285 2500 2349 mihi,
2548 2286 2793 2355 pudore,
2839 2296 2894 2341 et
2923 2288 3242 2357 aperiantur
3296 2288 3438 2343 sicut

1866 2374 2143 2445 diploide,
2196 2376 2522 2433 confusione
2571 2393 2692 2434 sua.
2739 2377 2852 2449 Ego
2901 2387 3083 2434 autem
3134 2379 3437 2435 conﬁtebor

1868 2465 2096 2521 Domino
2118 2468 2174 2522 in
2198 2483 2294 2524 ore
2322 2484 2442 2524 meo
2472 2489 2484 2525 :
2511 2476 2565 2524 et
2592 2471 2647 2523 in
2678 2471 2856 2525 medio
2883 2471 3177 2525 multorum
3201 2471 3437 2525 laudabo

1864 2571 2008 2615 eum.
2066 2557 2334 2625 Quoniam
2382 2560 2559 2618 astitit
2600 2576 2628 2617 a
2658 2561 2868 2619 dextris
2892 2561 3185 2634 pauperis,
3223 2569 3286 2618 ut
3325 2561 3436 2620 sal-

1862 2665 1986 2704 vam
2030 2648 2236 2706 faceret
2267 2668 2298 2706 a
2329 2655 2786 2724 persequentibus
2828 2656 3065 2709 animam
3113 2671 3289 2711 meam
3312 2656 3378 2713 7’.
3408 2674 3430 2708 ι

1862 2739 1930 2794 Et
1958 2757 2089 2797 sane
2115 2751 2333 2799 constat
2359 2760 2521 2816 quam
2553 2747 2744 2802 multis
2773 2746 2939 2801 etiam
2968 2762 3114 2814 nunc
3142 2747 3308 2802 rebus
3338 2746 3436 2801 ad-

1862 2833 2037 2888 versis
2081 2833 2464 2892 conﬁictentur
2508 2835 2824 2908 quicunque
2878 2838 3286 2894 exsecrationes
3337 2837 3435 2891 ad-

1860 2939 2051 2980 versus
2083 2925 2235 2980 illum
2267 2927 2325 2982 in
2376 2928 2491 2984 suis
2546 2929 2904 2985 conventibus
2947 2930 3191 2998 jactant',
3236 2929 3435 2999 quippe

172 3006 260 3061 τὸν
280 3005 519 3060 Θάνατον
542 3006 898 3078 περιγράφων
916 3007 1015 3078 τὴν
1039 3007 1371 3078 προφητείαν
1391 3005 1488 3077 τὴν
1512 3005 1647 3076 μετά
1668 3007 1761 3060 τὸν

1872 3013 1952 3082 qui
1982 3016 2050 3070 ab
2075 3017 2270 3072 iisdem
2303 3021 2642 3091 temporibus
2670 3037 2737 3076 ne
2768 3021 3042 3091 respirare
3066 3020 3308 3091 quidem,
3337 3029 3434 3074 aut

173 3098 407 3154 θάνατον
436 3097 599 3153 αὐτοῦ
628 3098 897 3171 σωτηρίαν
925 3097 1141 3170 ᾐνίξατο
1169 3099 1358 3152 εἰπών·
1387 3117 1404 3149 ι
1433 3099 1552 3150 Ὅτι
1594 3099 1761 3170 παρέ-

1872 3105 2139 3174 suspicere
2172 3123 2411 3179 unquam
2458 3110 2754 3181 potuerint,
2787 3126 3060 3182 quamque
3099 3110 3187 3164 ille
3206 3107 3437 3165 feliciter

174 3205 271 3262 ατη
307 3193 379 3245 ὲκ
417 3190 607 3258 δεξιῶν
638 3191 889 3264 πένητος,
917 3188 1013 3244 τοῦ
1048 3189 1219 3244 σῶσαι
1256 3191 1323 3244 ἐκ
1359 3188 1466 3243 τῶν
1497 3189 1757 3243 καταδιω-

1875 3213 1909 3251 n
1943 3198 2120 3254 medio
2151 3203 2445 3257 multarum
2494 3204 2734 3273 gentium
2780 3219 2877 3273 per
2925 3219 3083 3258 suum
3123 3203 3295 3273 ipsius
3325 3199 3437 3256 No-

170 3283 380 3339 κόντων
406 3284 506 3355 τὴν
536 3283 712 3357 ψυχήν
745 3301 866 3355 μου.
909 3302 930 3335 ι

1872 3301 1989 3340 vum
2024 3286 2428 3346 Testamentum
2452 3307 2553 3347 suo
2582 3291 2732 3347 Patri
2762 3292 2972 3348 laudem
3018 3294 3282 3363 perﬁciat,
3304 3290 3434 3346 dum

168 3380 428 3434 eumdem
486 3378 703 3436 Patrem
746 3379 1052 3449 adjutorem
1107 3383 1163 3433 et
1214 3392 1328 3434 suae
1368 3375 1576 3433 dextrae
1613 3391 1947 3435 assessorem
2001 3383 2229 3449 obtinet,
2286 3401 2422 3455 quas
2473 3386 2543 3441 ob
2588 3401 2675 3443 res
2724 3386 2800 3439 ita
2829 3386 3144 3456 loquiturzc
3173 3385 3230 3440 ln
3253 3382 3434 3440 medio

170 3473 470 3527 multorum
511 3470 745 3526 laudabo
786 3484 935 3535 eum,
963 3468 1090 3539 quia
1135 3468 1309 3523 astitit
1336 3481 1369 3521 a
1410 3465 1622 3521 dextris
1679 3470 1956 3537 pauperis.
1995 3489 2015 3524 ι
2058 3472 2298 3530 Salutem
2340 3485 2599 3546 praeterea
2636 3491 2756 3546 quae
2804 3475 2978 3546 ipsius
3041 3480 3272 3528 mortem
3339 3484 3431 3525 se-

160 3571 298 3617 cuta
369 3571 477 3629 est,
530 3563 689 3619 docet
722 3563 819 3618 his
862 3561 1082 3619 verbis:
1131 3577 1152 3612 ι
1188 3556 1257 3615 Ut
1302 3559 1510 3616 salvam
1562 3561 1768 3616 faceret
1801 3577 1831 3617 a
1868 3569 2321 3637 persequentibus
2354 3568 2589 3623 animam
2620 3584 2818 3625 meam.
2857 3587 2877 3620 ι
2912 3566 3089 3637 Supra
3128 3566 3276 3621 enim
3304 3580 3429 3620 cum

170 3653 306 3710 illud
328 3654 575 3711 dixerit:
614 3673 635 3708 ι
669 3654 997 3712 Persecutus
1032 3661 1119 3710 est
1148 3654 1422 3711 hominem
1450 3672 1744 3729 pauperem
1782 3671 1837 3717 et
1867 3679 2117 3734 egenum,
2150 3672 2205 3719 et
2236 3671 2621 3734 compunctum
2672 3663 2874 3727 corde,
2928 3672 2990 3718 ut
3035 3670 3207 3717 morte
3252 3659 3433 3715 afﬁce-

170 3756 271 3812 ret,
303 3765 327 3800 ι
387 3747 658 3818 planeque
710 3762 866 3803 suam
914 3753 1145 3802 mortem
1201 3745 1566 3814 indicaverit,
1622 3750 1751 3806 dum
1784 3755 2124 3825 prophetiam
2171 3755 2578 3812 circumscribit
2617 3775 2631 3811 :
2675 3762 2791 3810 tum
2837 3769 2968 3810 vero
3031 3754 3261 3809 salutem
3308 3768 3430 3823 quae

170 3845 408 3894 mortem
458 3839 632 3908 ipsius
669 3848 877 3896 secuta.
909 3846 1029 3905 est,
1080 3837 1448 3910 signiﬁcavit,
1510 3839 1701 3898 dicens
1736 3862 1751 3899 :
1797 3864 1814 3896 ι
1850 3845 2119 3913 Quoniam
2151 3848 2325 3902 astitit
2358 3863 2390 3903 a
2418 3848 2627 3904 dextris
2667 3847 2945 3918 pauperis,
2987 3853 3049 3900 ut
3110 3845 3317 3902 salvam
3346 3844 3430 3898 fa-

171 3938 323 3989 cere:
354 3947 385 3987 a
418 3933 871 4004 persequentibus
895 3934 1132 3989 animam
1159 3948 1359 3989 meam.
1388 3951 1410 3985 ι

181 4046 335 4105 ’Δπὸ
349 4047 459 4104 τοῦ
472 4047 862 4117 Ζαχαρίοιίμ-
877 4048 999 4101 Ἔτι
1024 4046 1158 4116 περὶ
1176 4047 1283 4102 τοῦ
1299 4046 1484 4102 Ἰούδα
1508 4047 1607 4101 καί
1634 4047 1752 4102 τῶν

236 4112 703 4189 ἀρτιφίῳν’ᾆί·θ’
732 4112 999 4189 ὦσι-τὸν·Δ
1021 4112 1241 4189 Κῦριονξ
1274 4117 1576 4189 προῦδωκε
1595 4156 1611 4181 ,
1649 4118 1749 4172 καὶ

241 4186 533 4258 περὶτῆς
576 4186 883 4255 ἀποϐολῆς
928 4186 1046 4258 τῶν
1090 4186 1250 4255 παρὰ
1305 4186 1607 4253 Ἰουδαίοις
1656 4189 1749 4256 ἀρ-

226 4256 478 4330 νχόᾶτων
502 4274 568 4311 τε
597 4258 697 4311 καί
720 4256 1085 4327 ἀρχομένων.

248 4388 270 4422 ι
299 4368 411 4424 Καὶ
458 4348 697 4441 λήψομαι
741 4368 964 4440 ἐμαυτῷ
1021 4368 1114 4422 δυο
1156 4369 1417 4441 ῥάϐδους,
1471 4369 1572 4441 τὴν
1624 4370 1751 4442 μίαν

173 4472 413 4527 ἐκάλεσα
439 4472 662 4537 κάλλος,
697 4472 789 4525 καὶ
820 4472 919 4543 τὴν
953 4471 1142 4543 ἑτέραν
1164 4473 1400 4527 ἐκάλεσα
1432 4472 1748 4545 σχοίνισμα,

173 4575 271 4628 καὶ
302 4570 551 4645 ποιμανῶ
582 4571 651 4626 τά
683 4568 931 4644 πρόϐατά
957 4586 1079 4640 μου,

176 4664 440 4737 ποιμένας
464 4665 522 4717 ἐν
559 4662 687 4734 μηνὶ
719 4662 799 4715 ἐνὶ
818 4700 832 4725 ,
866 4661 959 4714 καὶ
991 4644 1439 4731 βαρυνθήσεταιή
1466 4660 1610 4731 ψυχή
1648 4675 1750 4729 μου

177 4758 265 4810 ἐπ’
297 4754 512 4819 αὐτούς.
546 4754 656 4808 Kal.
677 4752 785 4824 γὰρ
822 4752 880 4804 αἱ·
911 4750 1076 4823 ψυχαὶ⁵
1109 4750 1286 4805 αὐτῶν
1318 4750 1627 4822 ἐπωρύοντο
1663 4753 1751 4805 ἐπ’

176 4857 311 4927 ἐμὲ,
346 4857 441 4910 καὶ⁵
480 4850 644 4909 εἶπα·
690 4853 765 4907 Οὐ
807 4851 1056 4924 ποιμανῶ
1092 4852 1267 4922 ὑμᾶς’
1311 4854 1371 4903 τὸ
1413 4849 1752 4921 ἀποθνῆσκον

178 4956 590 5028 ἀποθνησκέτω,
620 4952 796 5007 καὶτὸ
832 4951 1081 5006 ἐκλεῖπον
1107 4950 1423 5015 ἐκλειπέτω,
1456 4949 1633 5004 καὶτὰ
1654 4967 1754 5003 κα-

178 5049 413 5103 τάλοιπσ.
443 5045 790 5109 ἐσθιέτωσαν,
812 5043 1041 5107 ἕκαστος
1060 5042 1160 5107 τὰς
1182 5042 1389 5114 σάρκας
1407 5040 1500 5094 τοῦ
1526 5041 1752 5112 πλησίον

182 5144 368 5201 αὑτοῦ.
402 5145 513 5200 Καὶ
540 5143 777 5217 λήψομαι
791 5142 890 5214 τὴν
916 5141 1107 5214 ῥάϐδον
1136 5140 1231 5212 τὴν
1262 5139 1449 5211 καλὴν,
1467 5140 1559 5192 καὶ
1583 5140 1755 5212 ἀπορ-

184 5248 327 5321 ῥίψω
355 5248 525 5321 αὐτὴν
570 5245 664 5301 τοῦ
696 5245 1042 5300 διασκεδάσαι
1074 5243 1169 5314 τὴν
1210 5242 1482 5314 Διαθήκην
1521 5260 1655 5314 μου,
1686 5242 1755 5314 ἢν

180 5349 435 5423 διεθέμην
467 5348 604 5423 πρὸς
631 5346 836 5411 πάντας
862 5348 989 5410 τοὺς
1018 5343 1199 5407 λαούς.
1232 5344 1340 5397 Καὶ
1369 5344 1755 5415 διασκεδασθή-

185 5467 339 5506 σεται
377 5452 434 5505 ἐν
466 5453 533 5523 τῇ
567 5450 749 5523 ἡμέρᾳ
792 5447 992 5521 ἐκείνῃ,
1029 5446 1120 5500 καὶ
1152 5443 1447 5514 γνώσονται
1485 5447 1534 5500 οἰ
1573 5447 1756 5499 Χανα-

184 5547 325 5599 ναῖοι
369 5545 438 5599 τὰ
484 5543 732 5616 πρόϐατα
770 5538 841 5594 τά
886 5536 1268 5609 φυλασσόμενά
1315 5554 1423 5608 μοι,
1462 5537 1544 5591 ὅτι
1582 5537 1756 5607 Λόγος

186 5642 393 5716 Κυρίου
420 5641 554 5699 ἐστί.
578 5641 689 5697 Καὶ
719 5639 829 5712 ἐρῶ
854 5638 989 5712 πρὸς
1006 5635 1200 5698 αὐτούς
1216 5651 1231 5665 ⁸
1253 5636 1318 5690 Et
1336 5634 1498 5690 καλὸν
1518 5633 1754 5696 ἐνώπιον

1854 4020 1903 4077 Α
1931 4020 2216 4094 Zacharia.
2349 4023 2481 4078 Item
2534 4023 2600 4078 de
2631 4021 2786 4094 Iuda,
2827 4030 2888 4094 et,
2929 4023 3215 4094 ιινςιςηιεέδ⁸
3239 4024 3427 4094 quibus

1926 4092 2213 4147 Dominum
2239 4094 2494 4162 prodidit,
2522 4099 2686 4164 deque
2711 4090 3151 4161 rejectione’apud
3181 4090 3422 4153 Ju'dmos.

1926 4172 2037 4217 tam
2065 4180 2246 4235 eorum
2282 4166 2372 4235 qui
2429 4165 2779 4234 imperabant,
2842 4177 2999 4232 quam
3030 4179 3210 4216 eorum
3238 4165 3426 4235 quibus

1924 4233 2302 4299 imperabatur;

1933 4365 1952 4398 ι
1988 4345 2055 4400 Ει
2081 4346 2293 4417 capiam
2320 4345 2454 4400 mihi
2481 4343 2622 4401 duas
2648 4345 2849 4416 virgas,
2885 4361 3051 4401 unam
3075 4346 3265 4400 vocavi
3303 4347 3426 4415 pul-

1857 4439 2264 4503 chritudinem,
2320 4444 2375 4493 et
2434 4437 2661 4492 alteram
2718 4437 2908 4492 vocavi
2976 4435 3312 4503 funiculum,
3372 4448 3427 4492 et

1114 4570 1208 4623 καὶ
1234 4567 1414 4639 ἐξαρῶ
1448 4526 1573 4632 τοὺς
1604 4526 1754 4640 τρεῖς

1872 4545 2077 4601 pascam
2129 4544 2260 4585 oves
2309 4542 2494 4593 meas,
2551 4534 2604 4582 et
2656 4526 2901 4582 auferam
2952 4535 3065 4581 tres
3096 4534 3345 4597 pastores
3369 4528 3424 4582 in

1872 4635 2036 4640 __--__-
2073 4635 2176 4640 ﬂ..-
2260 4626 2302 4640 Α.
2355 4617 2665 4640 .._.-__-L2n_-_
2703 4619 2878 4640 -..ε-Α..
2927 4632 3041 4640 μ.--
3095 4633 3259 4640 ---_-..
3315 4633 3401 4640 ---

1857 4635 2043 4676 mense
2073 4635 2215 4686 uno,
2253 4626 2308 4674 et
2351 4617 2665 4689 gravabitur
2701 4619 2883 4671 anima
2926 4632 3047 4672 mea
3093 4633 3260 4688 super
3309 4633 3427 4674 eos.

1855 4712 2020 4785 479
2046 4711 2257 4767 Etenim
2292 4711 2485 4765 animae
2508 4724 2697 4765 eorum
2732 4708 3015 4780 rugierunt
3039 4724 3204 4779 super
3224 4725 3310 4765 me
3327 4749 3345 4774 ,
3370 4720 3428 4766 et

1857 4807 1992 4870 dixi,
2024 4804 2141 4860 Non
2170 4818 2387 4875 pascam
2409 4818 2545 4869 vos;
2578 4801 2725 4873 quod
2760 4803 3010 4865 moritur,
3037 4801 3333 4866 moriatur,
3371 4811 3429 4857 et

1856 4897 2003 4969 quod
2023 4896 2222 4961 deﬁcit,
2249 4895 2464 4951 deﬁciat
2492 4915 2505 4950 :
2537 4903 2591 4950 et
2613 4910 2733 4965 quae
2756 4893 2964 4963 reliqua
2995 4903 3124 4948 sunt
3143 4893 3424 4955 devorent,

1857 4991 2234 5060 unusquisque
2255 5003 2448 5043 carnes
2478 4986 2711 5057 proximi
2753 4985 2859 5050 sui,
2890 4994 2945 5041 et
2975 4986 3186 5055 capiam
3218 4986 3425 5057 virgam

1857 5081 2164 5151 pulchram,
2192 5086 2246 5135 et
2273 5078 2529 5149 abjiciam
2560 5092 2703 5141 eam,
2733 5076 2801 5130 ad
2823 5074 3201 5146 dissipandum
3234 5074 3427 5130 Testa-

1859 5180 2102 5229 mentum
2134 5187 2313 5228 meum
2335 5211 2351 5234 ,
2399 5170 2545 5242 quod
2571 5170 2815 5240 disposui
2849 5169 2915 5223 ad
2941 5184 3131 5224 omnes
3161 5167 3388 5239 populos
3408 5206 3424 5224 .

1860 5272 1914 5320 et
1947 5265 2302 5336 dissipabitur
2332 5263 2387 5318 in
2421 5263 2509 5318 die
2535 5262 2658 5325 illa,
2704 5268 2759 5317 et
2783 5268 3113 5332 cognoscent
3133 5258 3428 5315 Chananwi

1863 5373 1992 5414 oves
2015 5373 2136 5429 qua;
2157 5357 2543 5413 custodiuntur
2574 5355 2739 5419 mihi,
2771 5355 2915 5425 quod
2946 5352 3184 5410 Verbum
3214 5351 3426 5407 Domini

1861 5456 1968 5513 est,
1998 5456 2052 5504 et
2079 5448 2257 5505 dicam
2291 5446 2360 5502 ad
2381 5463 2476 5503 eos
2503 5466 2517 5502 :
2554 5446 2611 5502 Si
2633 5448 2922 5503 honestum
2941 5445 3094 5501 estin
3127 5450 3427 5514 conspectu

1860 5551 2062 5607 vestro,
2098 5543 2221 5597 date
2243 5542 2548 5598 mercedem
2570 5556 2746 5597 meam
2769 5578 2784 5603 ,
2816 5548 2910 5594 aut
2948 5538 3185 5603 renuite,
3217 5544 3271 5593 et
3294 5551 3428 5592 con-

1861 5632 2152 5689 stituerunt
2180 5630 2488 5686 mercedem
2530 5643 2726 5696 meam,
2751 5627 2970 5699 triginta
3005 5632 3331 5697 argenteos,
3371 5629 3432 5678 et

268 5800 308 5832 ⁸⁸
346 5797 514 5855 Palm.
546 5812 702 5861 cvm,
738 5794 832 5866 ﬁl,
864 5795 951 5851 22.
1028 5795 1074 5827 7°
1114 5790 1243 5848 ibid.
1278 5790 1364 5855 ΞΔ,
1400 5792 1487 5848 25.
1564 5793 1605 5825 τ’
1651 5789 1760 5848 Mat

1882 5806 2058 5857 xxvn,
2094 5792 2184 5857 41,
2226 5791 2314 5845 ιε.
2391 5792 2436 5824 τ’
2478 5788 2620 5844 Psal.
2652 5801 2817 5852 cvm,
2850 5783 3042 5839 ‘28-'5l.
