3830 6260
415 304 521 360 745

413 424 554 480 dixit
589 421 854 478 Dominus
884 420 951 474 ad
985 433 1091 484 me,
1123 417 1346 473 Dimitte
1383 433 1478 474 eos
1510 419 1565 472 in
1593 416 1871 475 fornacem
1893 459 1908 485 ,
1940 429 1994 475 et
2021 455 2066 512 Α

411 523 603 589 specta
624 530 754 570 num
776 512 1134 583 approbatum
1177 511 1268 576 sit,
1308 510 1767 581 quemadmodum
1797 513 1995 583 proba-

414 620 506 667 tns
537 623 657 666 sum
690 621 790 677 pro
817 605 928 662 illis
954 646 969 669 ,
1016 613 1070 661 et
1102 604 1287 675 accepi
1322 605 1549 675 triginta
1581 615 1870 675 argenteos
1894 645 1909 670 ,
1942 615 1995 661 et

414 703 619 776 projeci
648 717 744 757 eos
780 700 836 755 in
870 700 1035 755 domo
1065 697 1282 755 Domini
1310 698 1364 752 in
1414 696 1716 762 fornacem,
1740 706 1795 753 et
1819 698 1993 769 abjeci

412 799 619 865 virgam
651 795 898 855 alteram,
940 806 1063 862 quae
1111 790 1312 846 dicitur
1348 789 1657 857 funiculus,
1709 790 1778 844 ad
1830 790 1995 846 dissi-

410 889 652 959 pandum
680 887 1089 943 Testamentum
1152 884 1294 939 inter
1343 882 1539 939 Judam
1578 893 1633 938 et
1676 884 1843 940 Israel
1867 885 1932 937 τ’.
1967 905 1987 938 ι

412 980 541 1036 Haec
570 980 737 1050 igitur
767 994 926 1035 suum
983 978 1144 1033 ﬁnem
1190 983 1487 1032 consecuta
1523 985 1671 1039 sunt,
1709 991 1819 1047 quo
1850 984 1988 1032 tem—

412 1087 566 1142 pore,
593 1079 652 1125 ut
687 1079 771 1126 est
800 1068 940 1140 apud
972 1067 1174 1122 Lucam
1196 1106 1211 1131 ,
1270 1085 1289 1118 ι
1327 1066 1519 1122 abiens
1552 1065 1719 1122 ludas
1775 1067 1990 1121 locutus

411 1177 497 1220 est
536 1179 658 1219 cum
691 1162 1030 1233 principibus
1078 1159 1421 1215 sacerdotum
1457 1168 1511 1214 et
1544 1160 1765 1219 scribis,
1797 1167 1852 1214 et
1883 1159 1989 1214 du-

413 1256 568 1311 cibus
594 1253 800 1325 templi,
826 1251 1101 1322 quomodo
1134 1251 1284 1303 illum
1315 1251 1395 1305 eis
1425 1248 1696 1315 traderet;
1734 1259 1788 1305 et
1817 1250 1986 1320 gavisi

410 1353 562 1407 sunt,
597 1353 652 1398 et
687 1342 830 1412 pacti
864 1348 994 1395 sunt
1023 1347 1310 1411 argentum
1344 1338 1423 1392 illi
1449 1339 1583 1394 dare
1611 1339 1677 1394 ⁷⁸.
1712 1358 1731 1392 ι
1762 1338 1832 1395 Ut
1857 1355 1990 1397 vero

408 1435 555 1505 apud
586 1433 825 1487 Marcum
856 1433 1115 1503 legimus,
1166 1446 1291 1485 cum
1339 1430 1476 1485 abiit
1517 1448 1536 1480 ι
1595 1431 1662 1485 ad
1710 1432 1989 1503 principes

411 1523 758 1581 sacerdotum
785 1561 800 1588 ,
850 1529 909 1576 ut
952 1521 1104 1575 illum
1160 1519 1447 1591 proderet;
1503 1517 1582 1572 illi
1615 1526 1793 1575 autem
1820 1522 1987 1591 gavisi

406 1624 574 1679 sunt,
615 1622 669 1670 et
699 1613 1071 1685 promiserunt
1123 1612 1173 1667 ei
1222 1626 1283 1667 se
1341 1618 1625 1682 argentum
1674 1611 1922 1668 daturos.
1962 1632 1982 1665 ι

409 1707 612 1764 Verum
659 1705 803 1778 apud
872 1705 974 1761 hos
1026 1705 1249 1776 quidem
1305 1712 1592 1776 argentum
1664 1703 1989 1773 simpliciter

1071 297 1341 356 EUSEBII
1379 296 1861 355 CAESARIENSIS
1898 298 2047 356 OPP.
2092 300 2276 359 PARS
2315 303 2380 359 ll.
2422 336 2491 344 —
2530 300 3033 360 APOLOGETICA.
3571 288 3658 343 ἠδ

2097 424 2250 495 ὑμῶν
2283 427 2434 489 ἐστι,
2467 425 2585 479 δότε
2617 424 2708 478 τὸν
2743 421 2934 495 μισθόν
2966 438 3089 492 μου,
3123 418 3156 492 ἢ
3191 417 3521 474 ἀπείπασθε.
3564 417 3664 476 Kal

2097 514 2330 586 ἔστησαν
2369 515 2460 569 τὸν
2509 514 2700 587 μισθόν
2751 531 2851 586 μου
2897 513 3192 585 τριάκοντα
3222 508 3521 582 ἀργυροῦς.
3564 508 3664 564 Kal

2093 606 2213 663 εἶπε
2257 608 2459 680 Κύριος
2506 609 2642 680 πρὸς
2692 608 2789 679 μέ·
2827 606 3006 670 Κάθες
3038 606 3232 668 αὐτοὺς
3270 607 3350 669 εἰς
3378 602 3440 657 r6
3471 620 3663 676 χωνευ-

2092 700 2298 772 τήριον.
2364 701 2471 753 Kal
2520 699 2715 769 σκέψαι
2755 700 2805 751 εί
2849 698 3069 768 δόκιμον
3123 699 3305 761 ἐστιν,
3357 696 3417 750 ὃν
3474 696 3665 768 τρόπον

2092 793 2453 865 ἐδοκιμάσθην
2511 793 2652 865 ὑπὲρ
2705 792 2905 848 αὐτῶν.
2952 791 3059 844 Kal
3112 789 3302 843 ἔλαϐον
3353 791 3478 853 τοὺς
3520 789 3665 860 spra-

2092 901 2254 939 κοντα
2287 886 2561 958 ἀργυροῦς
2583 925 2597 950 ,
2633 887 2728 940 καὶ
2764 883 3013 938 ἐνέϐαλον
3040 884 3238 946 αὐτοὺς
3281 884 3360 945 είς
3392 880 3484 934 τὸν
3524 874 3663 937 οἷκον

2089 977 2298 1048 Κυρίου
2328 978 2409 1041 είς
2439 977 2502 1030 r6
2530 978 2906 1049 χωνευτήριον,
2943 975 3038 1028 xal
3057 972 3339 1046 ἀπέρριψα
3360 971 3458 1044 τὴν
3481 971 3664 1043 ῥάϐδον

2090 1071 2187 1144 τὴν
2216 1072 2475 1142 δευτέραν
2507 1072 2566 1125 τὸ
2590 1072 2895 1141 σχοίνισμα,
2928 1067 3023 1122 τοῦ
3051 1064 3399 1121 δωσκεδᾶσαι
3429 1064 3528 1135 τὴν
3552 1066 3663 1117 Δια-

2091 1164 2263 1236 θήκην
2296 1163 2398 1218 ἀνά
2433 1164 2595 1237 μέσον
2609 1163 2777 1217 Ἰούδα
2809 1163 2904 1218 καὶ
2931 1161 3034 1216 ἀνά
3071 1160 3232 1232 μέσον
3260 1159 3532 1232 Ἰσραήλ.»
3564 1159 3663 1212 Kal

2089 1252 2261 1308 ταῦτα
2286 1253 2472 1317 τέλους
2505 1254 2919 1324 ἐτύγχανεν,ὄτε
2941 1293 2956 1315 ,
2979 1250 3121 1305 κατὰ
3162 1250 3261 1321 μὲν
3291 1249 3383 1302 τὸν
3419 1249 3658 1310 Λουκᾶν,

2097 1366 2114 1400 ι
2133 1346 2380 1401 ἀπελθὼν
2420 1348 2450 1401 6
2500 1346 2699 1411 Ἰούδας
2735 1344 3011 1400 συνελάλει
3063 1347 3175 1406 τοῖς
3223 1340 3540 1415 ἀρχιερεῦσι
3580 1342 3662 1393 καὶ

2091 1440 2414 1509 στρατηγοῖς
2445 1438 2538 1492 τοῦ
2591 1437 2758 1509 ἱεροῦ,
2801 1438 2951 1499 ὅπως
2982 1433 3143 1488 αὑτὸν
3189 1431 3417 1505 παραδῷ
3448 1433 3627 1493 αὐτοῖς
3646 1448 3657 1460 ·

2090 1530 2183 1583 καὶ
2211 1530 2506 1601 ἐχάρησαν,
2544 1532 2638 1585 καὶ
2659 1529 2940 1584 συνέθεντο
2967 1527 3117 1598 αὑτῷ
3148 1525 3387 1599 ἀργύρια
3414 1522 3615 1578 δοῦναι.
3638 1544 3655 1576 ι

2088 1622 2246 1677 Κατά
2269 1623 2327 1677 δὲ
2346 1624 2438 1678 τὸν
2466 1624 2710 1696 Μάρκον,
2726 1622 2960 1696 ὁπηνίκα
2985 1620 3222 1692 «arma:
3254 1618 3390 1690 πρὸς
3418 1619 3549 1681 τοὺς
3574 1619 3661 1689 ἀρα

2088 1717 2307 1787 χιερεῖς,
2330 1716 2415 1769 ἵνα
2447 1714 2673 1787 παραδῷ
2701 1716 2882 1769 αὐτόν.
2907 1716 2970 1769 Οἱ
2989 1714 3046 1767 δὲ
3065 1712 3361 1784 ἐχάρησαν,
3389 1715 3485 1766 καὶ
3504 1711 3659 1778 ἐπεγ-

407 1800 751 1855 nominatum
800 1805 907 1853 est.
940 1796 1097 1868 Apud
1137 1796 1445 1852 Mattbzeum
1476 1804 1657 1852 autem
1726 1812 1981 1854 numerus

2092 1805 2340 1873 γείλαντο
2384 1806 2531 1878 αύτῷ
2573 1805 2812 1879 ἀργύρια
2863 1804 3067 1859 δοῦναι.
3115 1823 3132 1856 ι
3174 1803 3310 1856 Ἀλλ’
3355 1803 3414 1855 ἐν
3460 1800 3662 1862 τούτοις

407 1907 628 1964 quoque
655 1890 952 1955 indicatur,
986 1889 1081 1960 qui
1113 1905 1246 1944 sane
1273 1890 1344 1944 ab
1372 1906 1438 1946 eo
1472 1905 1631 1961 quem
1652 1890 1852 1960 .posuit
1879 1889 1984 1943 Za-

402 1985 876 2041 chariasminime
909 1983 1203 2053 discrepat.
1253 1981 1396 2037 Dicit
1445 1983 1609 2054 igitur
1655 1981 1982 2037 Matthaeus:

413 2099 433 2130 ι
466 2079 622 2135 Tunc
653 2079 842 2133 abiens
872 2093 1016 2132 unus
1047 2076 1116 2131 de
1135 2076 1443 2138 duodecim,
1468 2076 1559 2146 qui
1587 2075 1789 2129 dicitur
1818 2073 1988 2129 Judas

407 2172 719 2235 lscariotes,
739 2171 806 2226 ad
833 2171 1110 2241 principes
1135 2168 1508 2234 sacerdotum,
1525 2168 1664 2223 dixit
1692 2169 1775 2223 eis
1801 2187 1814 2223 :
1845 2167 1985 2235 Quid

406 2267 573 2323 vultis
605 2265 736 2319 mihi
762 2262 915 2326 dare,
944 2271 998 2318 et
1029 2278 1129 2331 ego
1151 2276 1276 2315 eum
1301 2260 1459 2316 vobis
1487 2260 1746 2314 tradam?
1771 2261 1850 2314 illi
1884 2275 1985 2315 ουτ

407 2369 514 2415 tem
543 2358 949 2413 constituerunt
989 2355 1037 2409 ei
1068 2353 1292 2425 triginta
1322 2361 1557 2408 stateres
1588 2353 1656 2407 ⁷⁸.
1688 2371 1707 2405 ›
1741 2351 1988 2409 Consen-

402 2460 565 2505 tanea
588 2449 750 2520 igitur
778 2447 891 2503 haec
919 2456 1047 2502 sunt
1083 2446 1131 2500 ei
1164 2445 1309 2515 quod
1353 2444 1408 2499 in
1440 2445 1727 2515 prophetia
1778 2445 1984 2500 dictum

403 2550 489 2598 est
510 2557 538 2594 a
575 2540 843 2596 Domino:
882 2558 902 2591 ι
940 2538 1004 2592 Et
1029 2537 1436 2593 constituerunt
1464 2537 1772 2593 mercedem
1805 2553 1980 2592 meam

405 2634 630 2705 triginta
680 2639 994 2704 argenteos.
1046 2649 1065 2681 ›
1131 2629 1239 2684 Pro
1290 2644 1399 2698 quo
1452 2629 1814 2699 Symmachus
1863 2631 1986 2699 qui-

402 2726 525 2783 dem
578 2725 691 2779 ait:
732 2741 754 2793 ι
805 2723 875 2778 Ει
927 2721 1404 2793 apprehenderunt
1455 2721 1760 2777 mercedem
1810 2736 1983 2776 meam

398 2818 624 2889 triginta
671 2825 979 2887 argenteos.
1013 2833 1032 2866 ι
1090 2814 1285 2883 Aquila
1318 2828 1487 2869 vero:
1528 2831 1548 2865 ι
1589 2811 1656 2866 Et
1685 2813 1985 2868 constitue-

400 2918 532 2964 runt
580 2907 884 2966 mercedem
918 2920 1094 2961 meam
1120 2906 1346 2976 triginta
1384 2911 1694 2976 argenteos,
1728 2923 1748 2956 ι
1783 2904 1985 2974 quibus

401 3002 536 3059 illud
570 3000 928 3071 adjungitur:
979 3017 999 3050 ι
1037 2998 1103 3052 Et
1132 2997 1271 3051 dixit
1316 2995 1581 3051 Dominus
1614 2996 1682 3051 ad
1729 3011 1858 3052 me:
1892 2995 1985 3050 Di-

398 3092 557 3149 mitte
584 3108 679 3149 eos
706 3092 763 3145 in
793 3091 1093 3154 fornacem,
1123 3096 1179 3144 et
1223 3089 1348 3144 vide
1377 3103 1507 3142 num
1544 3089 1834 3158 probatura
1869 3088 1977 3154 sit,

2095 1896 2191 1967 μὲν
2217 1897 2403 1962 ἁπλῶς
2432 1899 2494 1952 τὸ
2515 1899 2774 1970 ἀργύριον
2797 1897 3129 1969 ὠνόμασται·
3157 1895 3310 1968 παρὰ
3335 1895 3391 1948 δὲ
3418 1892 3498 1965 τῷ
3528 1895 3660 1949 Mar-

2092 1987 2228 2058 θαίῳ
2261 1989 2655 2060 μνημονεύεται
2697 1989 2790 2042 καὶ
2830 1990 2859 2043 6
2904 1987 3154 2061 ἀριθμὸς,
3191 1987 3429 2059 συνᾴδων
3461 1988 3531 2057 τῇ
3564 1984 3663 2038 ἀπὸ

2088 2079 2182 2133 τοῦ
2212 2081 2479 2152 Ζαχαρίου
2514 2081 2834 2154 παραθέσει.
2867 2082 3029 2149 Λέγει
3064 2080 3108 2135 δ’
3151 2074 3243 2134 οὖν
3284 2083 3312 2133 6
3353 2076 3656 2141 Ματθαῖος·

2097 2196 2114 2224 ι
2134 2173 2266 2226 Τότε
2295 2173 2579 2244 πορευθεὶς
2598 2170 2678 2237 εἷς
2705 2172 2814 2226 τῶν
2845 2171 3071 2238 δώδεκα,
3096 2178 3124 2226 6
3145 2173 3437 2244 λεγόμενος
3469 2170 3661 2234 Ἰούδας

2101 2265 2471 2337 Ἰσκαριώτης,
2508 2264 2642 2338 πρὸς
2671 2268 2798 2331 τοὺς
2827 2268 3100 2339 ἀρχιερεῖς
3119 2307 3133 2331 ,
3166 2263 3318 2321 εἶπεν
3349 2269 3567 2331 αὐτοῖς’
3602 2267 3659 2320 Τί

2089 2356 2271 2411 θέλετέ
2296 2375 2384 2428 μοι
2418 2356 2640 2423 δοῦναι,
2676 2356 2833 2427 κάγὼ
2868 2359 2995 2430 ύμῖν
3029 2358 3336 2431 παραδώσω
3367 2360 3532 2413 αὐτόν
3558 2377 3572 2425 ;
3602 2361 3683 2427 Οί,

2086 2450 2145 2503 δὲ
2191 2449 2424 2522 ἔστησαν
2466 2450 2614 2522 αύτῷ
2658 2450 2951 2522 τριάκοντα
3000 2452 3292 2523 στατῆρας.
3335 2470 3354 2504 ι
3390 2450 3660 2522 Σύμφωνα

2087 2539 2179 2597 οὖν
2192 2543 2365 2597 ταῦτά
2387 2543 2617 2617 ἐστιτῷ,
2649 2545 2786 2598 «Καὶ
2806 2544 3038 2615 ἔστησαν
3060 2544 3151 2599 τὸν
3174 2543 3363 2615 μισθόν
3384 2562 3486 2615 μου
3508 2545 3659 2617 τριά-

2088 2652 2251 2689 κοντα
2285 2636 2559 2709 ἀργυροῦς
2580 2677 2594 2702 ,
2629 2656 2647 2688 ι
2686 2638 2745 2691 ἐν
2774 2639 2841 2709 τῇ
2893 2637 3201 2711 προφητεία
3241 2637 3519 2710 εἰρημένῳ
3563 2637 3661 2691 ὑπὸ

2086 2726 2180 2781 τοῦ
2213 2728 2441 2801 Κυρίου.
2477 2728 2616 2782 Ἀνθ’
2643 2724 2704 2784 οὗ
2736 2730 2765 2782 6
2792 2729 2889 2800 μὲν
2916 2728 3209 2801 Σύμμαχος
3230 2730 3450 2802 ἐποίησε
3472 2748 3485 2760 ·
3513 2747 3534 2780 ι
3558 2729 3661 2782 Kal

2088 2821 2419 2891 ἐστάθμισαν
2451 2820 2542 2875 τὸν
2577 2821 2767 2893 μισθόν
2791 2839 2892 2893 μου
2925 2822 3218 2895 τριάκοντα
3242 2822 3518 2895 ἀργυροῦς
3542 2839 3556 2852 ·
3595 2840 3614 2874 ι
3632 2822 3660 2875 6

2084 2913 2143 2967 δὲ
2184 2912 2443 2978 Ἀκύλας·
2494 2931 2514 2966 ι
2568 2914 2676 2967 Καὶ
2717 2914 2958 2985 ἔστησαν
2999 2915 3091 2968 τὸν
3130 2915 3320 2987 μισθόν
3368 2932 3466 2986 μου
3510 2914 3661 2989 τριά-

2088 3020 2249 3057 κοντα
2272 3003 2546 3077 ἀργυροῦς
2565 3020 2579 3034 ’
2601 3023 2620 3055 ι
2653 3000 2735 3068 οἷς
2767 3005 3098 3074 ἐπιλέγεταιο
3145 3024 3165 3057 ι
3186 3006 3295 3060 Kal
3313 3000 3435 3060 εἷπε
3458 3008 3661 3078 Κύριος

2087 3095 2224 3167 πρὸς
2253 3094 2320 3166 μέ
2343 3111 2357 3124 ο
2390 3093 2572 3158 Κάθες
2593 3095 2792 3157 αὐτοὺς
2824 3095 2905 3158 είς
2923 3095 2984 3147 τὸ
3008 3095 3390 3166 χωνευτήριον,
3419 3093 3511 3147 καὶ
3539 3093 3661 3147 σκέ-

398 3185 860 3256 quemadmodum
910 3183 1174 3254 probatus
1219 3196 1341 3236 sum
1372 3196 1473 3253 pro
1505 3181 1632 3236 illis.
1668 3201 1687 3234 ι
1726 3179 1836 3237 Pro
1874 3198 1981 3254 quo

2085 3160 2181 3256 ψαι
2214 3160 2265 3239 εί
2285 3185 2503 3258 δόκιμόν
2524 3189 2691 3253 ἐστιν,
2718 3186 2779 3239 ὃν
2804 3160 3392 3259 τρόπον-ἐδοκιμάσθην
3411 3187 3552 3257 ὑπὲρ
3574 3187 3660 3243 αὑ·

398 3295 596 3335 rursus
623 3278 820 3349 Aquila
866 3275 1086 3349 quidem
1127 3275 1209 3331 sic
1242 3275 1319 3329 ait
1348 3293 1361 3329 :
1398 3293 1417 3326 ι
1456 3273 1521 3330 Ει
1555 3275 1691 3330 dixit
1718 3273 1980 3332 Dominus

398 3371 469 3427 ad
503 3387 626 3428 me:
663 3370 885 3426 Dimitte
911 3384 1006 3425 eos
1039 3370 1094 3423 in
1128 3367 1430 3442 fornacem,
1456 3368 1663 3439 projice
1696 3384 1792 3424 eos
1819 3369 1887 3424 ad
1918 3370 1981 3423 ﬁ-

398 3465 614 3535 gulum,
641 3464 969 3518 immensum
1000 3462 1234 3531 pretium
1266 3475 1377 3530 quo
1398 3462 1701 3515 aestimatus
1734 3475 1854 3514 sum
1880 3476 1981 3530 pro

397 3555 529 3622 illis,
556 3574 575 3607 ι
603 3553 769 3626 480
790 3560 842 3608 et
867 3567 1000 3609 sane
1027 3551 1246 3606 attende
1275 3565 1514 3621 quonam
1546 3557 1705 3618 pacto
1728 3548 1844 3618 ipse
1872 3546 1980 3602 Do—

398 3651 584 3706 minus
614 3649 848 3721 pretium
878 3661 1039 3704 suum
1069 3644 1359 3700 conﬁtetur
1412 3643 1640 3714 triginta
1688 3651 1979 3712 argenteos

398 3745 590 3799 datum
617 3756 761 3798 esse.
813 3738 1047 3796 Videtur
1075 3745 1256 3793 autem
1289 3737 1409 3808 ipsa
1438 3736 1731 3791 verborum
1757 3734 1980 3806 excogi-

397 3836 536 3890 tatio
563 3835 725 3890 talem
754 3848 866 3905 prae
893 3847 954 3888 se
987 3830 1132 3886 ferre
1162 3845 1385 3886 sensum
1415 3848 1428 3884 :
1463 3828 1573 3901 Ego
1611 3830 1830 3901 quidem
1867 3828 1977 3885 Do-

395 3929 584 3983 minus
614 3941 644 3979 a
677 3928 856 3996 primo
883 3924 1153 3993 incipiens
1187 3922 1277 3978 die
1318 3938 1600 3995 nunquam
1656 3923 1794 3979 desii
1844 3939 1978 3979 meae

396 4017 753 4088 benignitatis
769 4015 972 4071 indicia
994 4013 1149 4069 vobis
1163 4011 1367 4071 Iudaeis
1391 4014 1980 4084 impendere,innume-

395 4109 776 4178 rabilibusque
808 4121 906 4163 vos
933 4104 1217 4162 beneﬁciis
1240 4104 1476 4172 allicere,
1509 4122 1621 4161 non
1643 4107 1819 4162 solum
1846 4107 1975 4161 dum

392 4200 471 4255 ad
497 4214 597 4256 vos
625 4199 695 4253 ab
733 4196 891 4253 initio
921 4196 1217 4268 prophetas
1263 4196 1423 4251 mitto
1444 4235 1459 4260 ,
1506 4197 1600 4253 sed
1643 4197 1808 4252 etiam
1844 4197 1974 4253 dum

392 4307 490 4348 me
514 4292 696 4365 ipsum
717 4289 875 4345 vobis
907 4294 1229 4359 pmsentem
1260 4287 1527 4353 exhibeo,
1570 4296 1682 4343 tum
1714 4289 1769 4343 in
1799 4288 1976 4342 moni-

399 4385 473 4440 tis
502 4398 568 4438 ac
592 4381 959 4446 documentis,
990 4378 1457 4450 rationalibusque
1493 4380 1776 4450 praeceptis
1796 4422 1811 4447 ,
1859 4389 1975 4434 tum

397 4478 457 4534 in
481 4475 657 4547 signis
680 4484 737 4531 et
757 4467 1026 4545 portentis
1058 4481 1113 4527 et
1159 4473 1281 4528 aliis
1325 4472 1714 4528 miraculorum
1761 4473 1977 4544 generi-

398 4570 524 4636 bus,
573 4577 687 4623 tum
743 4566 994 4622 etiamin
1046 4564 1426 4622 saltationibus
1482 4573 1536 4621 et
1586 4566 1842 4635 medelis;
1876 4581 1975 4622 vos

396 4672 529 4728 ergo
550 4656 645 4724 qui
675 4661 824 4709 tanta
845 4654 1203 4709 beneﬁcentia
1231 4653 1381 4724 digni
1425 4654 1597 4709 habili
1624 4654 1761 4710 estis
1780 4694 1796 4721 ,
1853 4656 1977 4711 date

398 4747 707 4805 mercedem
735 4763 934 4810 meam,
967 4755 1062 4801 aut
1086 4748 1328 4803 renuite:
1377 4747 1459 4803 sic
1486 4748 1705 4817 quidem
1736 4747 1805 4803 ab
1832 4748 1972 4813 illis,

398 4851 459 4898 ut
487 4857 586 4914 par
613 4850 716 4907 est,
742 4841 952 4896 fructus
982 4841 1220 4911 pietatis,
1249 4848 1304 4897 et
1337 4841 1539 4899 indicia
1570 4841 1698 4897 ﬁdei
1728 4855 1860 4913 erga
1886 4857 1975 4898 se-

398 4938 577 5008 ipsum
610 4935 918 5005 postulans.
963 4935 1033 4988 At
1058 4935 1136 4989 illi
1174 4933 1254 5005 (ut
1288 4935 1341 4989 in
1397 4949 1461 4990 ea
1513 4950 1675 5005 quam
1724 4937 1972 5006 proxime

397 5040 526 5086 ante
556 5030 697 5085 hanc
728 5030 1012 5101 posuimus
1064 5028 1381 5099 prophetia,
1414 5026 1619 5082 dictum
1649 5029 1776 5096 est),
1818 5046 1837 5079 ι
1872 5042 1973 5097 pro

394 5138 464 5179 eo
489 5133 546 5178 ut
571 5137 659 5178 me
689 5123 995 5192 diligerent,
1024 5120 1385 5176 detrahebant
1411 5120 1566 5185 mihi,
1595 5126 1650 5174 et
1669 5128 1972 5190 posuerunt

394 5217 691 5271 adversum
723 5230 808 5271 me
840 5214 981 5269 mala
1014 5228 1113 5283 pro
1142 5213 1300 5268 bonis
1320 5254 1336 5277 ,
1374 5220 1428 5268 et
1471 5211 1652 5266 odium
1701 5224 1803 5283 pro
1830 5210 1967 5266 dile-

393 5307 583 5363 ctione
611 5320 733 5363 mea
765 5306 846 5371 ";
885 5325 905 5358 ι
944 5313 1139 5362 etcum
1171 5304 1395 5375 triginta
1435 5311 1721 5374 argenteos
1764 5301 1970 5357 consti-

396 5399 627 5461 suerint,
656 5408 916 5469 tanquam
943 5413 1069 5454 eum
1093 5398 1188 5467 qui
1207 5397 1345 5451 tanti
1366 5395 1713 5463 venderetur,
1730 5394 1969 5449 aestima-

402 5498 619 5543 verunt.
643 5489 754 5545 Sed
784 5490 1044 5560 quoniam
1078 5489 1513 5559 uniuscujusque
1545 5503 1685 5560 opus
1715 5487 1877 5558 quale
1896 5488 1968 5542 sit

407 5579 548 5648 ignis
573 5583 1043 5651 probabit,merito
1058 5583 1291 5653 imperat
1313 5589 1370 5636 ut
1387 5582 1678 5637 mittantur
1702 5581 1760 5635 in
1780 5578 1968 5635 forna-

2087 3279 2246 3333 τῶν.»
2290 3279 2430 3333 Ἀνθ’
2458 3273 2520 3333 οὗ
2538 3280 2698 3334 πάλιν
2728 3281 2756 3334 6
2791 3279 2886 3350 μὲν
2922 3279 3150 3344 Ἀκύλας
3181 3279 3349 3350 φησί·
3383 3280 3525 3333 «Kal
3540 3275 3658 3341 εἷπε

2088 3373 2315 3446 Κύριος⁸
2335 3373 2516 3444 Ῥίψον
2547 3373 2684 3428 αύτά
2725 3373 2861 3445 πρὸς
2890 3372 2980 3426 τὸν
3015 3371 3276 3442 πλάστην.
3324 3369 3659 3443 Ὑπερμεγέ-

2088 3466 2187 3538 θης
2217 3469 2249 3533 ἡ
2274 3465 2428 3538 τιμὴ,
2457 3466 2523 3537 ἢν
2556 3465 2819 3538 ἐτιμήθην
2851 3463 2992 3536 ὑπὲρ
3015 3463 3213 3517 αὐτῶν.
3246 3482 3266 3515 ι
3287 3462 3397 3516 Kal
3426 3463 3660 3535 πρόσχες

2085 3559 2204 3613 τίνα
2236 3561 2434 3631 τρόπον
2476 3558 2637 3622 αὐτὸς
2668 3560 2698 3612 6
2722 3558 2924 3629 Κύριος
2953 3557 3118 3628 τιμὴν
3172 3554 3368 3611 ἐαυτοῦ
3409 3554 3659 3626 ὁμολογεῖ

2086 3651 2209 3715 τοὺς
2242 3650 2531 3722 τριάκοντα
2562 3648 2835 3722 ἀργυροῦς
2875 3648 3138 3702 δεδόσθαι.
3169 3648 3353 3701 Ἐοικε
3398 3647 3455 3701 δέ
3489 3648 3525 3719 ἡ
3556 3645 3659 3715 τῆς

2085 3743 2281 3808 λέξεως
2325 3743 2528 3797 διάνοια
2559 3741 2799 3797 τοιοῦτόν
2828 3759 2950 3796 τινα
2985 3741 3269 3812 ἐμφαίνειν
3312 3740 3437 3794 νοῦν
3459 3756 3471 3770 ·
3516 3737 3656 3807 Ἐγὼ

2088 3836 2187 3906 μὲν
2237 3836 2266 3887 6
2309 3834 2543 3906 Κύριος,
2580 3837 2644 3889 ἐκ
2688 3832 2910 3906 πρώτης
2954 3832 3258 3905 ἀρξάμενος
3300 3831 3546 3903 ἡμέρας,
3592 3830 3655 3883 οὐ

2083 3927 2317 3982 διέλιπον
2348 3928 2447 3997 τῆς
2473 3925 2709 3997 ἐμαυτοῦ
2742 3925 3106 3998 χρηστότητος
3130 3925 3257 3996 ὑμῖν
3277 3926 3392 3988 τοῖς
3418 3925 3482 3977 ἐκ
3508 3939 3657 3994 περι-

2083 4019 2254 4089 τομῆς
2279 4017 2546 4089 δείγματα
2576 4018 2851 4091 παρέχων,
2886 4017 2980 4071 καὶ
3000 4015 3169 4089 μυρία
3199 4017 3302 4071 ὅσα
3329 4016 3471 4087 ὑμᾶς
3501 4013 3656 4084 εὐερ-

2082 4108 2277 4178 γετῶν,
2300 4110 2360 4162 οὐ
2385 4108 2541 4179 μόνον
2562 4108 2629 4162 τά
2654 4108 2740 4162 διὰ
2771 4108 2881 4162 τῶν
2899 4107 3161 4163 ἀνέκαθεν
3189 4103 3653 4180 προφητῶν,ωά

2082 4198 2177 4252 καὶ
2206 4199 2276 4252 τὰ
2308 4197 2396 4251 διὰ
2424 4198 2524 4269 τῆς
2556 4197 2793 4270 ἐμαυτοῦ
2823 4197 3152 4270 παρουσίας,
3184 4195 3242 4250 ἐν
3277 4214 3337 4251 τε
3371 4199 3486 4261 ταῖς
3515 4211 3655 4264 προ-

2080 4293 2399 4364 τρεπτικαῖς
2453 4289 2823 4354 διδασκαλίαις
2878 4290 2973 4344 καὶ
3021 4290 3133 4352 τοῖς
3199 4287 3435 4357 λογικοῖς
3485 4285 3652 4358 μαθή-

2085 4398 2247 4453 μασιν
2267 4420 2281 4445 ,
2311 4380 2367 4434 ἐν
2398 4398 2458 4433 τε
2488 4384 2603 4444 τοῖς
2634 4380 2877 4452 σημείοις
2904 4381 2997 4434 καὶ
3030 4381 3256 4455 τέρασι,
3293 4380 3387 4433 καὶ
3410 4381 3519 4442 ταῖς
3556 4377 3652 4432 ἆλ-

2082 4471 2202 4535 λαις
2224 4469 2709 4542 ιπαραδοξοποιίαις
2726 4509 2741 4534 ,
2775 4472 2894 4535 ταῖς
2924 4487 2984 4524 τε
3026 4470 3199 4524 ίάσεσι
3222 4472 3317 4525 καὶ
3343 4472 3464 4535 ταῖς
3490 4468 3651 4540 θερα-

2080 4563 2293 4626 πείαις·
2327 4564 2484 4635 ὑμεῖς
2510 4562 2567 4615 δὲ
2601 4564 2650 4616 οἱ
2693 4562 2792 4633 τῆς
2822 4562 3093 4634 τοσαύτης
3124 4563 3444 4635 εὐεργεσίας
3480 4559 3651 4630 ἠξιω-

2081 4656 2228 4726 μένοι
2260 4656 2377 4710 δότε
2411 4657 2502 4710 τὸν
2534 4654 2719 4727 μισθόν
2755 4673 2855 4727 μου
2878 4696 2893 4719 ,
2926 4655 2959 4727 ἢ
2988 4655 3333 4709 ἀπείπασθε·
3356 4653 3509 4710 atrth
3541 4653 3648 4706 αύ-

2075 4745 2231 4808 τοὺς,
2256 4743 2332 4806 ὡς
2358 4744 2535 4809 εἰκὸς,
2567 4745 2808 4816 καρποὺς
2840 4743 3120 4809 εὐσεϐείας
3144 4785 3158 4810 ,
3190 4745 3282 4798 καὶ
3319 4745 3505 4816 δεῖγμα
3544 4743 3648 4813 τῆς

2075 4837 2154 4899 είς
2189 4835 2352 4889 αὐτὸν
2382 4836 2638 4900 πίστεως.
2676 4838 2737 4889 Οί
2761 4837 2844 4900 δὲ,
2883 4835 3058 4906 (κατὰ
3089 4836 3149 4889 τὸ
3177 4838 3461 4908 εἰρημένον
3485 4836 3544 4887 ἐν
3572 4837 3644 4904 τῇ

2078 4927 2183 4998 πρὸ
2213 4927 2414 4999 ταύτης
2442 4928 2785 5000 παραθέσει,)
2818 4947 2836 4979 ι
2876 4928 2995 4982 ἀντὶ
3022 4927 3115 4981 τοῦ
3148 4929 3371 5000 ἀγαπᾷν
3400 4946 3461 5000 με
3499 4926 3648 4979 ἐνδι-

2078 5020 2297 5075 έὸαλλόν
2325 5038 2413 5092 με,
2445 5021 2537 5075 καὶ
2564 5021 2745 5075 ἔθεντο
2772 5023 2890 5075 κατ’
2918 5021 3052 5092 ἐμοῦ
3083 5019 3231 5075 κακά
3257 5021 3377 5075 ἀντὶ
3403 5016 3641 5089 ἀγαθῶν,

2076 5113 2169 5168 καὶ
2193 5116 2346 5186 μῖσος
2360 5113 2480 5167 ἀντὶ
2496 5114 2593 5185 τῆς
2619 5111 2950 5184 ἀγαπήσεως
2975 5131 3096 5185 μου,
3112 5133 3130 5165 ι
3155 5114 3444 5186 τριάκοντα
3464 5112 3642 5181 ἀργυ-

2077 5206 2204 5280 ροῦς
2241 5208 2553 5277 στήσαντες,
2584 5206 2773 5277 ὥσπερ
2808 5206 3060 5260 τοσούτου
3094 5206 3255 5260 αὑτὸν
3301 5203 3641 5271 πωλούμενον

2074 5299 2417 5370 ἐτιμήσαντο.
2477 5297 2613 5351 Ἀλλ’
2666 5300 2787 5351 ἐπεὶ
2839 5298 2898 5351 τὸ
2965 5299 3193 5355 ἑκάστου
3251 5299 3404 5371 ἔργον
3450 5298 3640 5349 ὁποῖον

2074 5392 2190 5445 ἐστι
2212 5390 2272 5444 τὸ
2300 5390 2409 5463 πῦρ
2427 5390 2558 5445 αὐτὸ
2583 5391 2887 5461 δοκιμάσει,
2915 5391 3137 5456 εἰκότως
3176 5390 3641 5466 προστάττεικαθ-

2073 5483 2196 5554 ἧναι
2250 5484 2442 5542 αὐτοὺς
2490 5484 2569 5546 είς
2606 5482 2668 5535 τὸ
2697 5482 3089 5552 χωνευτήριον,
3140 5481 3434 5550 ἐπιλέγων·
3467 5494 3483 5527 ι
3533 5477 3637 5529 Ὃν

2074 5575 2271 5647 τρόπον
2304 5574 2662 5646 ἐδοκιμάσθην
2701 5574 2840 5644 ὑπὲρ
2881 5574 3080 5628 αὐτῶν.
3124 5594 3141 5625 ι
3182 5572 3545 5643 Χωνευτήριον
3573 5567 3635 5619 δὲ

472 5753 522 5785 ⁷³
555 5754 784 5817 Zachar.
816 5769 896 5831 XI,
929 5758 977 5826 7,
1009 5759 1092 5815 14.
1166 5758 1212 5789 ⁷⁸
1251 5756 1383 5815 Luc.
1421 5772 1569 5825 nu,
1605 5756 1660 5825 4,
1691 5756 1744 5812 5.
1820 5755 1865 5787 ⁷⁸
1903 5751 1981 5808 Ma

2085 5793 2093 5808 .
2135 5767 2285 5817 xxvr,
2319 5751 2406 5818 14,
2438 5750 2524 5805 15.
2602 5751 2646 5784 ⁷⁸
2686 5749 2831 5806 Psal.
2865 5765 3026 5816 cvm,
3061 5749 3114 5818 ί,
3154 5749 3210 5809 5.
