  <div class='ocr_page' id='page_1' title='image "/cluster/home/n/w/nwhite01/storage/ocr_20150623/22/mdp.39015078384388/390.png"; bbox 0 0 3830 6260; ppageno 0'>
   <div class='ocr_carea' id='block_1_1' title="bbox 232 268 1809 335">
    <p class='ocr_par' dir='ltr' id='par_1_1' title="bbox 232 268 1791 335">
     <span class='ocr_line' id='line_1_1' title="bbox 232 268 1791 335; baseline 0.001 -10"><span class='ocrx_word' id='word_1_1' title='bbox 232 268 331 327; x_wconf 64' lang='lat'><strong>765</strong></span> <span class='ocrx_word' id='word_1_2' title='bbox 904 322 917 335; x_wconf 73' lang='lat'><strong>.</strong></span> <span class='ocrx_word' id='word_1_3' title='bbox 1132 268 1791 329; x_wconf 78' lang='lat' dir='ltr'><strong>DEMONSTRATIONIS</strong></span> 
     </span>
    </p>
   </div>
   <div class='ocr_carea' id='block_1_2' title="bbox 1912 268 2538 335">
    <p class='ocr_par' dir='ltr' id='par_1_2' title="bbox 1912 268 2538 328">
     <span class='ocr_line' id='line_1_2' title="bbox 1912 268 2538 328; baseline 0.006 -4"><span class='ocrx_word' id='word_1_4' title='bbox 1912 268 2276 325; x_wconf 64' lang='lat' dir='ltr'><strong>ANGELICE</strong></span> <span class='ocrx_word' id='word_1_5' title='bbox 2309 268 2435 326; x_wconf 67' lang='lat' dir='ltr'><strong>LIB.</strong></span> <span class='ocrx_word' id='word_1_6' title='bbox 2466 270 2538 328; x_wconf 76' lang='grc' dir='ltr'><strong>Χ.</strong></span> 
     </span>
    </p>
   </div>
   <div class='ocr_carea' id='block_1_3' title="bbox 3366 272 3469 331">
    <p class='ocr_par' dir='ltr' id='par_1_3' title="bbox 3366 272 3469 331">
     <span class='ocr_line' id='line_1_3' title="bbox 3366 272 3469 331; baseline -0.019 -1"><span class='ocrx_word' id='word_1_7' title='bbox 3366 272 3469 331; x_wconf 69' lang='grc'><strong>746</strong></span> 
     </span>
    </p>
   </div>
   <div class='ocr_carea' id='block_1_4' title="bbox 230 383 1809 460">
    <p class='ocr_par' dir='ltr' id='par_1_4' title="bbox 230 383 1802 460">
     <span class='ocr_line' id='line_1_4' title="bbox 230 383 1802 460; baseline 0.001 -22"><span class='ocrx_word' id='word_1_8' title='bbox 230 383 461 440; x_wconf 70' lang='grc' dir='ltr'>ἐνταῦθα</span> <span class='ocrx_word' id='word_1_9' title='bbox 502 384 642 441; x_wconf 69' lang='grc' dir='ltr'>ἔοικε</span> <span class='ocrx_word' id='word_1_10' title='bbox 671 390 761 443; x_wconf 71' lang='grc' dir='ltr'>τὸν</span> <span class='ocrx_word' id='word_1_11' title='bbox 789 386 934 443; x_wconf 70' lang='grc' dir='ltr'>οἷκον</span> <span class='ocrx_word' id='word_1_12' title='bbox 972 384 1175 460; x_wconf 78' lang='grc' dir='ltr'><strong>Κυρίου</strong></span> <span class='ocrx_word' id='word_1_13' title='bbox 1203 387 1513 456; x_wconf 76' lang='grc' dir='ltr'>ὀνομάζειν.</span> <span class='ocrx_word' id='word_1_14' title='bbox 1542 388 1802 449; x_wconf 82' lang='grc' dir='ltr'>Εἰπόντος</span> 
     </span>
    </p>
   </div>
   <div class='ocr_carea' id='block_1_5' title="bbox 1912 383 3469 460">
    <p class='ocr_par' dir='ltr' id='par_1_5' title="bbox 1912 385 3469 458">
     <span class='ocr_line' id='line_1_5' title="bbox 1912 385 3469 458; baseline 0.004 -18"><span class='ocrx_word' id='word_1_15' title='bbox 1912 402 2043 448; x_wconf 77' lang='lat' dir='ltr'><strong>rem,</strong></span> <span class='ocrx_word' id='word_1_16' title='bbox 2081 386 2208 439; x_wconf 78' lang='lat' dir='ltr'><strong>illud</strong></span> <span class='ocrx_word' id='word_1_17' title='bbox 2263 385 2563 456; x_wconf 86' lang='lat' dir='ltr'><strong>adjungens</strong></span> <span class='ocrx_word' id='word_1_18' title='bbox 2595 404 2608 441; x_wconf 92' lang='lat'><strong>:</strong></span> <span class='ocrx_word' id='word_1_19' title='bbox 2654 404 2673 437; x_wconf 75' lang='grc' dir='ltr'>ι</span> <span class='ocrx_word' id='word_1_20' title='bbox 2709 385 3173 453; x_wconf 85' lang='lat' dir='ltr'><strong>Quemadmodum</strong></span> <span class='ocrx_word' id='word_1_21' title='bbox 3208 390 3469 458; x_wconf 85' lang='lat' dir='ltr'><strong>probatus</strong></span> 
     </span>
    </p>
   </div>
   <div class='ocr_carea' id='block_1_6' title="bbox 229 472 1798 551">
    <p class='ocr_par' dir='ltr' id='par_1_6' title="bbox 229 472 1798 551">
     <span class='ocr_line' id='line_1_6' title="bbox 229 472 1798 551; baseline 0.003 -24"><span class='ocrx_word' id='word_1_22' title='bbox 229 472 357 543; x_wconf 78' lang='grc' dir='ltr'>γοῦν</span> <span class='ocrx_word' id='word_1_23' title='bbox 389 477 486 529; x_wconf 77' lang='grc' dir='ltr'>τοῦ</span> <span class='ocrx_word' id='word_1_24' title='bbox 520 478 747 550; x_wconf 78' lang='grc' dir='ltr'><strong>Κυρίου,</strong></span> <span class='ocrx_word' id='word_1_25' title='bbox 779 478 920 533; x_wconf 79' lang='grc' dir='ltr'>κατὰ</span> <span class='ocrx_word' id='word_1_26' title='bbox 950 479 1075 543; x_wconf 80' lang='grc' dir='ltr'>τοὺς</span> <span class='ocrx_word' id='word_1_27' title='bbox 1108 479 1536 551; x_wconf 69' lang='grc' dir='ltr'>Ἐϐδομήκονταο</span> <span class='ocrx_word' id='word_1_28' title='bbox 1562 498 1580 531; x_wconf 77' lang='grc' dir='ltr'>ι</span> <span class='ocrx_word' id='word_1_29' title='bbox 1617 477 1798 539; x_wconf 86' lang='grc' dir='ltr'>Κάθες</span> 
     </span>
    </p>
   </div>
   <div class='ocr_carea' id='block_1_7' title="bbox 230 568 1799 643">
    <p class='ocr_par' dir='ltr' id='par_1_7' title="bbox 230 568 1799 643">
     <span class='ocr_line' id='line_1_7' title="bbox 230 568 1799 643; baseline 0.001 -22"><span class='ocrx_word' id='word_1_30' title='bbox 230 568 423 632; x_wconf 79' lang='grc' dir='ltr'>αὐτοὺς</span> <span class='ocrx_word' id='word_1_31' title='bbox 459 571 539 633; x_wconf 81' lang='grc' dir='ltr'><strong>είς</strong></span> <span class='ocrx_word' id='word_1_32' title='bbox 557 571 617 623; x_wconf 77' lang='grc' dir='ltr'>τὸ</span> <span class='ocrx_word' id='word_1_33' title='bbox 645 570 1001 642; x_wconf 85' lang='grc' dir='ltr'>χωνευτήριον</span> <span class='ocrx_word' id='word_1_34' title='bbox 1023 614 1037 639; x_wconf 89' lang='grc'><strong>,</strong></span> <span class='ocrx_word' id='word_1_35' title='bbox 1074 589 1093 622; x_wconf 72' lang='grc' dir='ltr'><strong>ι</strong></span> <span class='ocrx_word' id='word_1_36' title='bbox 1123 570 1372 643; x_wconf 74' lang='grc' dir='ltr'><strong>ἐπιφέρει</strong></span> <span class='ocrx_word' id='word_1_37' title='bbox 1393 588 1407 602; x_wconf 71' lang='grc' dir='ltr'><strong>ο</strong></span> <span class='ocrx_word' id='word_1_38' title='bbox 1434 590 1453 623; x_wconf 71' lang='grc' dir='ltr'>ι</span> <span class='ocrx_word' id='word_1_39' title='bbox 1475 569 1585 625; x_wconf 82' lang='grc' dir='ltr'><strong>Καὶ</strong></span> <span class='ocrx_word' id='word_1_40' title='bbox 1613 571 1799 624; x_wconf 79' lang='grc' dir='ltr'>ἐνέϐα-</span> 
     </span>
    </p>
   </div>
   <div class='ocr_carea' id='block_1_8' title="bbox 229 661 1801 736">
    <p class='ocr_par' dir='ltr' id='par_1_8' title="bbox 229 661 1801 736">
     <span class='ocr_line' id='line_1_8' title="bbox 229 661 1801 736; baseline 0.001 -20"><span class='ocrx_word' id='word_1_41' title='bbox 229 661 318 716; x_wconf 82' lang='grc' dir='ltr'><strong>λον</strong></span> <span class='ocrx_word' id='word_1_42' title='bbox 355 664 551 728; x_wconf 81' lang='grc' dir='ltr'>αὐτοὺς</span> <span class='ocrx_word' id='word_1_43' title='bbox 598 668 677 730; x_wconf 81' lang='grc' dir='ltr'><strong>είς</strong></span> <span class='ocrx_word' id='word_1_44' title='bbox 721 664 812 718; x_wconf 80' lang='grc' dir='ltr'><strong>τὸν</strong></span> <span class='ocrx_word' id='word_1_45' title='bbox 853 662 998 718; x_wconf 75' lang='grc' dir='ltr'>οἶκον</span> <span class='ocrx_word' id='word_1_46' title='bbox 1046 664 1271 736; x_wconf 83' lang='grc' dir='ltr'>Κυρίου,</span> <span class='ocrx_word' id='word_1_47' title='bbox 1315 667 1395 728; x_wconf 87' lang='grc' dir='ltr'><strong>είς</strong></span> <span class='ocrx_word' id='word_1_48' title='bbox 1438 664 1499 718; x_wconf 74' lang='grc' dir='ltr'>τὸ</span> <span class='ocrx_word' id='word_1_49' title='bbox 1533 667 1801 736; x_wconf 66' lang='grc' dir='ltr'>χωνευτήλ-</span> 
     </span>
    </p>
   </div>
   <div class='ocr_carea' id='block_1_9' title="bbox 232 755 1796 829">
    <p class='ocr_par' dir='ltr' id='par_1_9' title="bbox 232 755 1796 829">
     <span class='ocr_line' id='line_1_9' title="bbox 232 755 1796 829; baseline 0.001 -21"><span class='ocrx_word' id='word_1_50' title='bbox 232 771 363 829; x_wconf 87' lang='grc' dir='ltr'>ριον.</span> <span class='ocrx_word' id='word_1_51' title='bbox 398 773 416 806; x_wconf 83' lang='grc'>›</span> <span class='ocrx_word' id='word_1_52' title='bbox 442 756 597 808; x_wconf 82' lang='grc' dir='ltr'>Κατὰ</span> <span class='ocrx_word' id='word_1_53' title='bbox 615 756 670 809; x_wconf 83' lang='grc' dir='ltr'><strong>δέ</strong></span> <span class='ocrx_word' id='word_1_54' title='bbox 691 755 781 809; x_wconf 77' lang='grc' dir='ltr'>τὸν</span> <span class='ocrx_word' id='word_1_55' title='bbox 815 756 1043 811; x_wconf 77' lang='grc' dir='ltr'>Ἀκύλαν</span> <span class='ocrx_word' id='word_1_56' title='bbox 1065 774 1077 786; x_wconf 96' lang='grc'><strong>·</strong></span> <span class='ocrx_word' id='word_1_57' title='bbox 1113 777 1130 807; x_wconf 74' lang='grc' dir='ltr'>ι</span> <span class='ocrx_word' id='word_1_58' title='bbox 1162 757 1421 820; x_wconf 79' lang='grc' dir='ltr'><strong>Εἰπόντος</strong></span> <span class='ocrx_word' id='word_1_59' title='bbox 1447 756 1539 810; x_wconf 85' lang='grc' dir='ltr'>τοῦ</span> <span class='ocrx_word' id='word_1_60' title='bbox 1571 756 1796 829; x_wconf 77' lang='grc' dir='ltr'>Κυρίου⁶</span> 
     </span>
    </p>
   </div>
   <div class='ocr_carea' id='block_1_10' title="bbox 242 842 1801 920">
    <p class='ocr_par' dir='ltr' id='par_1_10' title="bbox 242 842 1801 920">
     <span class='ocr_line' id='line_1_10' title="bbox 242 842 1801 920; baseline 0.002 -24"><span class='ocrx_word' id='word_1_61' title='bbox 242 842 424 914; x_wconf 71' lang='grc' dir='ltr'>Ῥίψον</span> <span class='ocrx_word' id='word_1_62' title='bbox 475 846 627 909; x_wconf 82' lang='grc' dir='ltr'>αὐτὸ,</span> <span class='ocrx_word' id='word_1_63' title='bbox 655 864 672 898; x_wconf 73' lang='grc' dir='ltr'><strong>ο</strong></span> <span class='ocrx_word' id='word_1_64' title='bbox 700 847 857 919; x_wconf 82' lang='grc' dir='ltr'>δῆλον</span> <span class='ocrx_word' id='word_1_65' title='bbox 905 849 948 901; x_wconf 78' lang='grc' dir='ltr'><strong>δ’</strong></span> <span class='ocrx_word' id='word_1_66' title='bbox 990 850 1071 901; x_wconf 82' lang='grc' dir='ltr'><strong>ὅτι</strong></span> <span class='ocrx_word' id='word_1_67' title='bbox 1101 849 1161 900; x_wconf 86' lang='grc' dir='ltr'>τὸ</span> <span class='ocrx_word' id='word_1_68' title='bbox 1200 848 1491 919; x_wconf 88' lang='grc' dir='ltr'>ἀργύριον,</span> <span class='ocrx_word' id='word_1_69' title='bbox 1528 846 1663 920; x_wconf 81' lang='grc' dir='ltr'>πρὸς</span> <span class='ocrx_word' id='word_1_70' title='bbox 1708 847 1801 900; x_wconf 83' lang='grc' dir='ltr'><strong>τὸν</strong></span> 
     </span>
    </p>
   </div>
   <div class='ocr_carea' id='block_1_11' title="bbox 233 934 1800 1012">
    <p class='ocr_par' dir='ltr' id='par_1_11' title="bbox 233 934 1800 1012">
     <span class='ocr_line' id='line_1_11' title="bbox 233 934 1800 1012; baseline 0.001 -22"><span class='ocrx_word' id='word_1_71' title='bbox 233 934 498 1007; x_wconf 81' lang='grc' dir='ltr'>πλάστην,</span> <span class='ocrx_word' id='word_1_72' title='bbox 525 937 794 1009; x_wconf 68' lang='grc' dir='ltr'>ἐπιφέρει*</span> <span class='ocrx_word' id='word_1_73' title='bbox 829 940 968 994; x_wconf 74' lang='grc' dir='ltr'>«Καὶ</span> <span class='ocrx_word' id='word_1_74' title='bbox 995 939 1191 1012; x_wconf 77' lang='grc' dir='ltr'>ἔρριψα</span> <span class='ocrx_word' id='word_1_75' title='bbox 1214 941 1271 993; x_wconf 84' lang='grc' dir='ltr'><strong>ἐν</strong></span> <span class='ocrx_word' id='word_1_76' title='bbox 1286 940 1419 1011; x_wconf 77' lang='grc' dir='ltr'>οἴκῳ</span> <span class='ocrx_word' id='word_1_77' title='bbox 1432 939 1637 1012; x_wconf 84' lang='grc' dir='ltr'>Κυρίου</span> <span class='ocrx_word' id='word_1_78' title='bbox 1665 939 1800 1011; x_wconf 81' lang='grc' dir='ltr'>πρὸς</span> 
     </span>
    </p>
   </div>
   <div class='ocr_carea' id='block_1_12' title="bbox 230 1027 1800 1103">
    <p class='ocr_par' dir='ltr' id='par_1_12' title="bbox 230 1027 1800 1103">
     <span class='ocr_line' id='line_1_12' title="bbox 230 1027 1800 1103; baseline 0.002 -23"><span class='ocrx_word' id='word_1_79' title='bbox 230 1027 320 1080; x_wconf 78' lang='grc' dir='ltr'><strong>τὸν</strong></span> <span class='ocrx_word' id='word_1_80' title='bbox 337 1027 608 1099; x_wconf 83' lang='grc' dir='ltr'>πλάστην.</span> <span class='ocrx_word' id='word_1_81' title='bbox 637 1049 655 1081; x_wconf 75' lang='grc' dir='ltr'>ι</span> <span class='ocrx_word' id='word_1_82' title='bbox 682 1029 839 1084; x_wconf 88' lang='grc' dir='ltr'><strong>Κατά</strong></span> <span class='ocrx_word' id='word_1_83' title='bbox 860 1029 914 1084; x_wconf 84' lang='grc' dir='ltr'><strong>δὲ</strong></span> <span class='ocrx_word' id='word_1_84' title='bbox 938 1031 1028 1084; x_wconf 75' lang='grc' dir='ltr'><strong>τὸν</strong></span> <span class='ocrx_word' id='word_1_85' title='bbox 1057 1030 1346 1103; x_wconf 79' lang='grc' dir='ltr'><strong>Σύμμαχον</strong></span> <span class='ocrx_word' id='word_1_86' title='bbox 1366 1047 1379 1061; x_wconf 76' lang='grc' dir='ltr'><strong>ο</strong></span> <span class='ocrx_word' id='word_1_87' title='bbox 1405 1031 1692 1095; x_wconf 76' lang='grc' dir='ltr'><strong>«Εἰπόντος</strong></span> <span class='ocrx_word' id='word_1_88' title='bbox 1706 1031 1800 1084; x_wconf 71' lang='grc' dir='ltr'>τοῦ</span> 
     </span>
    </p>
   </div>
   <div class='ocr_carea' id='block_1_13' title="bbox 231 1120 1801 1198">
    <p class='ocr_par' dir='ltr' id='par_1_13' title="bbox 231 1120 1801 1198">
     <span class='ocr_line' id='line_1_13' title="bbox 231 1120 1801 1198; baseline 0.004 -26"><span class='ocrx_word' id='word_1_89' title='bbox 231 1120 458 1191; x_wconf 83' lang='grc' dir='ltr'>Κυρίου·</span> <span class='ocrx_word' id='word_1_90' title='bbox 497 1121 677 1192; x_wconf 70' lang='grc' dir='ltr'>Ῥίψον</span> <span class='ocrx_word' id='word_1_91' title='bbox 700 1123 831 1176; x_wconf 81' lang='grc' dir='ltr'>αὐτὸ</span> <span class='ocrx_word' id='word_1_92' title='bbox 876 1125 954 1187; x_wconf 83' lang='grc' dir='ltr'>εἰς</span> <span class='ocrx_word' id='word_1_93' title='bbox 991 1125 1050 1177; x_wconf 84' lang='grc' dir='ltr'><strong>τὸ</strong></span> <span class='ocrx_word' id='word_1_94' title='bbox 1078 1125 1460 1195; x_wconf 85' lang='grc' dir='ltr'>χωνευτήριον,</span> <span class='ocrx_word' id='word_1_95' title='bbox 1500 1144 1518 1178; x_wconf 70' lang='grc' dir='ltr'>ι</span> <span class='ocrx_word' id='word_1_96' title='bbox 1552 1123 1801 1198; x_wconf 77' lang='grc' dir='ltr'><strong>ἐπιφέρει</strong></span> 
     </span>
    </p>
   </div>
   <div class='ocr_carea' id='block_1_14' title="bbox 231 1202 1801 1289">
    <p class='ocr_par' dir='ltr' id='par_1_14' title="bbox 231 1202 1801 1289">
     <span class='ocr_line' id='line_1_14' title="bbox 231 1202 1801 1289; baseline 0.004 -25"><span class='ocrx_word' id='word_1_97' title='bbox 231 1210 406 1281; x_wconf 81' lang='grc' dir='ltr'>λέγων</span> <span class='ocrx_word' id='word_1_98' title='bbox 425 1230 438 1244; x_wconf 72' lang='grc' dir='ltr'><strong>ο</strong></span> <span class='ocrx_word' id='word_1_99' title='bbox 474 1232 493 1264; x_wconf 73' lang='grc' dir='ltr'>ι</span> <span class='ocrx_word' id='word_1_100' title='bbox 529 1215 639 1267; x_wconf 78' lang='grc' dir='ltr'>Καὶ</span> <span class='ocrx_word' id='word_1_101' title='bbox 666 1214 863 1287; x_wconf 75' lang='grc' dir='ltr'>ἔρριψα</span> <span class='ocrx_word' id='word_1_102' title='bbox 897 1216 1027 1269; x_wconf 72' lang='grc' dir='ltr'>αὐτὸ</span> <span class='ocrx_word' id='word_1_103' title='bbox 1058 1219 1137 1279; x_wconf 86' lang='grc' dir='ltr'>εἰς</span> <span class='ocrx_word' id='word_1_104' title='bbox 1168 1202 1258 1269; x_wconf 74' lang='grc' dir='ltr'><strong>τὸν</strong></span> <span class='ocrx_word' id='word_1_105' title='bbox 1291 1212 1436 1270; x_wconf 80' lang='grc' dir='ltr'>οἷκον</span> <span class='ocrx_word' id='word_1_106' title='bbox 1466 1218 1691 1289; x_wconf 82' lang='grc' dir='ltr'>Κυρίου,</span> <span class='ocrx_word' id='word_1_107' title='bbox 1722 1219 1801 1280; x_wconf 82' lang='grc' dir='ltr'><strong>είς</strong></span> 
     </span>
    </p>
   </div>
   <div class='ocr_carea' id='block_1_15' title="bbox 229 1305 1799 1382">
    <p class='ocr_par' dir='ltr' id='par_1_15' title="bbox 229 1305 1799 1382">
     <span class='ocr_line' id='line_1_15' title="bbox 229 1305 1799 1382; baseline 0.003 -24"><span class='ocrx_word' id='word_1_108' title='bbox 229 1305 291 1359; x_wconf 71' lang='grc' dir='ltr'>τδ</span> <span class='ocrx_word' id='word_1_109' title='bbox 315 1307 699 1377; x_wconf 84' lang='grc' dir='ltr'>χωνευτήριον.</span> <span class='ocrx_word' id='word_1_110' title='bbox 738 1325 757 1358; x_wconf 72' lang='grc' dir='ltr'>ι</span> <span class='ocrx_word' id='word_1_111' title='bbox 806 1309 1030 1379; x_wconf 84' lang='grc' dir='ltr'>Μήποτε</span> <span class='ocrx_word' id='word_1_112' title='bbox 1061 1309 1117 1362; x_wconf 87' lang='grc' dir='ltr'><strong>δέ</strong></span> <span class='ocrx_word' id='word_1_113' title='bbox 1141 1308 1235 1362; x_wconf 78' lang='grc' dir='ltr'><strong>καὶ</strong></span> <span class='ocrx_word' id='word_1_114' title='bbox 1272 1309 1428 1363; x_wconf 80' lang='grc' dir='ltr'>τοῦτο</span> <span class='ocrx_word' id='word_1_115' title='bbox 1463 1310 1799 1382; x_wconf 76' lang='grc' dir='ltr'>ἐπληροῦτο,</span> 
     </span>
    </p>
   </div>
   <div class='ocr_carea' id='block_1_16' title="bbox 229 1396 1802 1470">
    <p class='ocr_par' dir='ltr' id='par_1_16' title="bbox 229 1396 1802 1470">
     <span class='ocr_line' id='line_1_16' title="bbox 229 1396 1802 1470; baseline 0.001 -21"><span class='ocrx_word' id='word_1_116' title='bbox 229 1397 316 1449; x_wconf 74' lang='grc' dir='ltr'>ὅτε</span> <span class='ocrx_word' id='word_1_117' title='bbox 335 1416 354 1448; x_wconf 74' lang='grc' dir='ltr'>ι</span> <span class='ocrx_word' id='word_1_118' title='bbox 379 1396 599 1460; x_wconf 80' lang='grc' dir='ltr'><strong>Ἰούδας,</strong></span> <span class='ocrx_word' id='word_1_119' title='bbox 613 1417 632 1449; x_wconf 71' lang='grc' dir='ltr'>ι</span> <span class='ocrx_word' id='word_1_120' title='bbox 649 1400 678 1451; x_wconf 99' lang='lat'><strong>6</strong></span> <span class='ocrx_word' id='word_1_121' title='bbox 690 1399 1012 1470; x_wconf 79' lang='grc' dir='ltr'>παραδιδοὺς</span> <span class='ocrx_word' id='word_1_122' title='bbox 1030 1400 1120 1453; x_wconf 82' lang='grc' dir='ltr'><strong>τὸν</strong></span> <span class='ocrx_word' id='word_1_123' title='bbox 1138 1399 1360 1469; x_wconf 84' lang='grc' dir='ltr'>Κύριον,</span> <span class='ocrx_word' id='word_1_124' title='bbox 1386 1420 1404 1452; x_wconf 74' lang='grc' dir='ltr'>ι</span> <span class='ocrx_word' id='word_1_125' title='bbox 1418 1401 1558 1465; x_wconf 79' lang='grc' dir='ltr'>ἰδὼν,</span> <span class='ocrx_word' id='word_1_126' title='bbox 1573 1402 1655 1455; x_wconf 84' lang='grc' dir='ltr'>ὅτι</span> <span class='ocrx_word' id='word_1_127' title='bbox 1673 1419 1802 1455; x_wconf 74' lang='grc' dir='ltr'>κατ-</span> 
     </span>
    </p>
   </div>
   <div class='ocr_carea' id='block_1_17' title="bbox 228 1486 1803 1564">
    <p class='ocr_par' dir='ltr' id='par_1_17' title="bbox 228 1486 1803 1564">
     <span class='ocr_line' id='line_1_17' title="bbox 228 1486 1803 1564; baseline 0.003 -24"><span class='ocrx_word' id='word_1_128' title='bbox 228 1486 422 1559; x_wconf 81' lang='grc' dir='ltr'>εκρίθη</span> <span class='ocrx_word' id='word_1_129' title='bbox 447 1528 462 1551; x_wconf 91' lang='grc'><strong>,</strong></span> <span class='ocrx_word' id='word_1_130' title='bbox 514 1488 907 1560; x_wconf 70' lang='grc' dir='ltr'>μεταμεληθεὶς</span> <span class='ocrx_word' id='word_1_131' title='bbox 950 1490 1259 1562; x_wconf 66' lang='grc' dir='ltr'>ἀπέστρεψε</span> <span class='ocrx_word' id='word_1_132' title='bbox 1297 1495 1359 1544; x_wconf 86' lang='grc' dir='ltr'><strong>τὸ</strong></span> <span class='ocrx_word' id='word_1_133' title='bbox 1402 1492 1660 1564; x_wconf 84' lang='grc' dir='ltr'>ἀργύριον</span> <span class='ocrx_word' id='word_1_134' title='bbox 1692 1496 1803 1555; x_wconf 82' lang='grc' dir='ltr'>τοῖς</span> 
     </span>
    </p>
   </div>
   <div class='ocr_carea' id='block_1_18' title="bbox 228 1578 1807 1656">
    <p class='ocr_par' dir='ltr' id='par_1_18' title="bbox 228 1578 1807 1656">
     <span class='ocr_line' id='line_1_18' title="bbox 228 1578 1807 1656; baseline 0.004 -26"><span class='ocrx_word' id='word_1_135' title='bbox 228 1578 546 1650; x_wconf 77' lang='grc' dir='ltr'><strong>ἀρχιερεῦσι</strong></span> <span class='ocrx_word' id='word_1_136' title='bbox 579 1581 673 1633; x_wconf 68' lang='grc' dir='ltr'><strong>καὶ</strong></span> <span class='ocrx_word' id='word_1_137' title='bbox 694 1581 1093 1656; x_wconf 22' lang='grc' dir='ltr'>’πρεσϐυτέροις</span> <span class='ocrx_word' id='word_1_138' title='bbox 1114 1624 1128 1647; x_wconf 89' lang='grc'><strong>,</strong></span> <span class='ocrx_word' id='word_1_139' title='bbox 1159 1583 1331 1652; x_wconf 89' lang='grc' dir='ltr'>λέγων</span> <span class='ocrx_word' id='word_1_140' title='bbox 1350 1600 1363 1614; x_wconf 81' lang='lat'>&#39;</span> <span class='ocrx_word' id='word_1_141' title='bbox 1398 1586 1679 1656; x_wconf 81' lang='grc' dir='ltr'>’Ἥμαρτον</span> <span class='ocrx_word' id='word_1_142' title='bbox 1702 1602 1807 1637; x_wconf 88' lang='grc' dir='ltr'>πα-</span> 
     </span>
    </p>
   </div>
   <div class='ocr_carea' id='block_1_19' title="bbox 233 1654 1807 1748">
    <p class='ocr_par' dir='ltr' id='par_1_19' title="bbox 233 1654 1807 1748">
     <span class='ocr_line' id='line_1_19' title="bbox 233 1654 1807 1748; baseline 0.004 -24"><span class='ocrx_word' id='word_1_143' title='bbox 233 1671 429 1741; x_wconf 82' lang='grc' dir='ltr'>ραδοὺς</span> <span class='ocrx_word' id='word_1_144' title='bbox 477 1666 617 1743; x_wconf 73' lang='grc' dir='ltr'>αἷμα</span> <span class='ocrx_word' id='word_1_145' title='bbox 653 1654 849 1728; x_wconf 81' lang='grc' dir='ltr'>ἀθῶον.</span> <span class='ocrx_word' id='word_1_146' title='bbox 899 1675 962 1727; x_wconf 87' lang='grc' dir='ltr'><strong>οι</strong></span> <span class='ocrx_word' id='word_1_147' title='bbox 1009 1674 1067 1727; x_wconf 87' lang='grc' dir='ltr'><strong>δέ</strong></span> <span class='ocrx_word' id='word_1_148' title='bbox 1114 1669 1275 1729; x_wconf 82' lang='grc' dir='ltr'>εἶπαν</span> <span class='ocrx_word' id='word_1_149' title='bbox 1326 1654 1508 1746; x_wconf 49' lang='grc' dir='ltr'>αὐτῷ)</span> <span class='ocrx_word' id='word_1_150' title='bbox 1559 1654 1635 1729; x_wconf 14' lang='grc' dir='ltr'><strong>ήΤί</strong></span> <span class='ocrx_word' id='word_1_151' title='bbox 1668 1678 1807 1748; x_wconf 78' lang='grc' dir='ltr'>πρὸς</span> 
     </span>
    </p>
   </div>
   <div class='ocr_carea' id='block_1_20' title="bbox 1904 474 3470 550">
    <p class='ocr_par' dir='ltr' id='par_1_20' title="bbox 1904 474 3470 550">
     <span class='ocr_line' id='line_1_20' title="bbox 1904 474 3470 550; baseline 0.004 -21"><span class='ocrx_word' id='word_1_152' title='bbox 1904 490 2024 529; x_wconf 91' lang='lat' dir='ltr'><strong>sum</strong></span> <span class='ocrx_word' id='word_1_153' title='bbox 2056 489 2155 544; x_wconf 92' lang='lat' dir='ltr'><strong>pro</strong></span> <span class='ocrx_word' id='word_1_154' title='bbox 2193 475 2321 530; x_wconf 85' lang='lat' dir='ltr'><strong>illis.</strong></span> <span class='ocrx_word' id='word_1_155' title='bbox 2367 494 2385 528; x_wconf 85' lang='grc'><strong>›</strong></span> <span class='ocrx_word' id='word_1_156' title='bbox 2448 474 2744 532; x_wconf 83' lang='lat' dir='ltr'><strong>Fornacem</strong></span> <span class='ocrx_word' id='word_1_157' title='bbox 2798 492 2925 532; x_wconf 83' lang='lat' dir='ltr'><strong>vero</strong></span> <span class='ocrx_word' id='word_1_158' title='bbox 2979 477 3081 533; x_wconf 87' lang='lat' dir='ltr'><strong>hoc</strong></span> <span class='ocrx_word' id='word_1_159' title='bbox 3130 478 3250 533; x_wconf 92' lang='lat' dir='ltr'><strong>loco</strong></span> <span class='ocrx_word' id='word_1_160' title='bbox 3295 479 3470 550; x_wconf 87' lang='lat' dir='ltr'><strong>ipsam</strong></span> 
     </span>
    </p>
   </div>
   <div class='ocr_carea' id='block_1_21' title="bbox 1902 566 3471 628">
    <p class='ocr_par' dir='ltr' id='par_1_21' title="bbox 1902 566 3471 628">
     <span class='ocr_line' id='line_1_21' title="bbox 1902 566 3471 628; baseline 0.004 -8"><span class='ocrx_word' id='word_1_161' title='bbox 1902 566 2121 620; x_wconf 90' lang='lat' dir='ltr'><strong>domum</strong></span> <span class='ocrx_word' id='word_1_162' title='bbox 2158 566 2368 623; x_wconf 86' lang='lat' dir='ltr'><strong>Domini</strong></span> <span class='ocrx_word' id='word_1_163' title='bbox 2401 570 2685 626; x_wconf 88' lang='lat' dir='ltr'><strong>nominare</strong></span> <span class='ocrx_word' id='word_1_164' title='bbox 2713 570 2951 627; x_wconf 87' lang='lat' dir='ltr'><strong>videtur.</strong></span> <span class='ocrx_word' id='word_1_165' title='bbox 2980 568 3115 625; x_wconf 86' lang='lat' dir='ltr'><strong>Nam</strong></span> <span class='ocrx_word' id='word_1_166' title='bbox 3139 587 3260 626; x_wconf 93' lang='lat' dir='ltr'><strong>cum</strong></span> <span class='ocrx_word' id='word_1_167' title='bbox 3289 571 3471 628; x_wconf 90' lang='lat' dir='ltr'><strong>Domi-</strong></span> 
     </span>
    </p>
   </div>
   <div class='ocr_carea' id='block_1_22' title="bbox 1901 658 3466 730">
    <p class='ocr_par' dir='ltr' id='par_1_22' title="bbox 1901 658 3466 730">
     <span class='ocr_line' id='line_1_22' title="bbox 1901 658 3466 730; baseline 0.004 -19"><span class='ocrx_word' id='word_1_168' title='bbox 1901 674 2007 713; x_wconf 89' lang='lat' dir='ltr'><strong>nus</strong></span> <span class='ocrx_word' id='word_1_169' title='bbox 2031 658 2265 724; x_wconf 78' lang='lat' dir='ltr'><strong>dixerit,</strong></span> <span class='ocrx_word' id='word_1_170' title='bbox 2306 665 2367 714; x_wconf 92' lang='lat' dir='ltr'><strong>ut</strong></span> <span class='ocrx_word' id='word_1_171' title='bbox 2404 667 2489 714; x_wconf 90' lang='lat' dir='ltr'><strong>est</strong></span> <span class='ocrx_word' id='word_1_172' title='bbox 2534 661 2677 730; x_wconf 86' lang='lat' dir='ltr'><strong>apud</strong></span> <span class='ocrx_word' id='word_1_173' title='bbox 2720 660 2855 715; x_wconf 77' lang='lat' dir='ltr'><strong>LXX</strong></span> <span class='ocrx_word' id='word_1_174' title='bbox 2883 701 2897 725; x_wconf 93' lang='lat'><strong>,</strong></span> <span class='ocrx_word' id='word_1_175' title='bbox 2931 681 2949 714; x_wconf 73' lang='grc' dir='ltr'>ι</span> <span class='ocrx_word' id='word_1_176' title='bbox 2989 661 3207 719; x_wconf 88' lang='lat' dir='ltr'><strong>Dimitte</strong></span> <span class='ocrx_word' id='word_1_177' title='bbox 3265 679 3362 720; x_wconf 89' lang='lat' dir='ltr'><strong>eos</strong></span> <span class='ocrx_word' id='word_1_178' title='bbox 3411 665 3466 718; x_wconf 89' lang='lat' dir='ltr'><strong>in</strong></span> 
     </span>
    </p>
   </div>
   <div class='ocr_carea' id='block_1_23' title="bbox 1900 749 3471 823">
    <p class='ocr_par' dir='ltr' id='par_1_23' title="bbox 1900 749 3471 823">
     <span class='ocr_line' id='line_1_23' title="bbox 1900 749 3471 823; baseline 0.004 -20"><span class='ocrx_word' id='word_1_179' title='bbox 1900 749 2198 814; x_wconf 81' lang='lat' dir='ltr'><strong>fornacem,</strong></span> <span class='ocrx_word' id='word_1_180' title='bbox 2241 769 2258 802; x_wconf 75' lang='grc' dir='ltr'>ι</span> <span class='ocrx_word' id='word_1_181' title='bbox 2288 758 2403 804; x_wconf 90' lang='lat' dir='ltr'><strong>tum</strong></span> <span class='ocrx_word' id='word_1_182' title='bbox 2438 750 2723 823; x_wconf 86' lang='lat' dir='ltr'><strong>adjungit:</strong></span> <span class='ocrx_word' id='word_1_183' title='bbox 2758 771 2777 803; x_wconf 74' lang='grc' dir='ltr'>ι</span> <span class='ocrx_word' id='word_1_184' title='bbox 2816 751 2881 807; x_wconf 85' lang='grc' dir='ltr'><strong>Ει</strong></span> <span class='ocrx_word' id='word_1_185' title='bbox 2908 754 3116 823; x_wconf 86' lang='lat' dir='ltr'><strong>projeci</strong></span> <span class='ocrx_word' id='word_1_186' title='bbox 3158 770 3253 809; x_wconf 87' lang='lat' dir='ltr'><strong>eos</strong></span> <span class='ocrx_word' id='word_1_187' title='bbox 3281 755 3337 808; x_wconf 92' lang='lat' dir='ltr'><strong>in</strong></span> <span class='ocrx_word' id='word_1_188' title='bbox 3371 756 3471 809; x_wconf 85' lang='lat' dir='ltr'><strong>do-</strong></span> 
     </span>
    </p>
   </div>
   <div class='ocr_carea' id='block_1_24' title="bbox 1900 841 3471 919">
    <p class='ocr_par' dir='ltr' id='par_1_24' title="bbox 1900 841 3471 919">
     <span class='ocr_line' id='line_1_24' title="bbox 1900 841 3471 919; baseline 0.004 -24"><span class='ocrx_word' id='word_1_189' title='bbox 1900 857 1991 896; x_wconf 90' lang='lat' dir='ltr'><strong>mo</strong></span> <span class='ocrx_word' id='word_1_190' title='bbox 2015 841 2225 898; x_wconf 89' lang='lat' dir='ltr'><strong>Domini</strong></span> <span class='ocrx_word' id='word_1_191' title='bbox 2255 844 2310 898; x_wconf 93' lang='lat' dir='ltr'><strong>in</strong></span> <span class='ocrx_word' id='word_1_192' title='bbox 2338 843 2635 899; x_wconf 80' lang='lat' dir='ltr'><strong>fornacem.</strong></span> <span class='ocrx_word' id='word_1_193' title='bbox 2673 864 2692 898; x_wconf 74' lang='grc' dir='ltr'>ι</span> <span class='ocrx_word' id='word_1_194' title='bbox 2723 844 2792 899; x_wconf 90' lang='lat' dir='ltr'><strong>Ut</strong></span> <span class='ocrx_word' id='word_1_195' title='bbox 2826 861 2952 901; x_wconf 77' lang='lat' dir='ltr'><strong>vero</strong></span> <span class='ocrx_word' id='word_1_196' title='bbox 2988 855 3071 903; x_wconf 87' lang='lat' dir='ltr'><strong>est</strong></span> <span class='ocrx_word' id='word_1_197' title='bbox 3113 848 3255 917; x_wconf 84' lang='lat' dir='ltr'><strong>apud</strong></span> <span class='ocrx_word' id='word_1_198' title='bbox 3301 849 3471 919; x_wconf 84' lang='lat' dir='ltr'><strong>Aqui-</strong></span> 
     </span>
    </p>
   </div>
   <div class='ocr_carea' id='block_1_25' title="bbox 1901 934 3467 1009">
    <p class='ocr_par' dir='ltr' id='par_1_25' title="bbox 1901 934 3467 1009">
     <span class='ocr_line' id='line_1_25' title="bbox 1901 934 3467 1009; baseline 0.004 -23"><span class='ocrx_word' id='word_1_199' title='bbox 1901 934 2029 997; x_wconf 87' lang='lat' dir='ltr'><strong>lam,</strong></span> <span class='ocrx_word' id='word_1_200' title='bbox 2065 951 2085 985; x_wconf 76' lang='lat' dir='ltr'><strong>r</strong></span> <span class='ocrx_word' id='word_1_201' title='bbox 2117 950 2239 989; x_wconf 91' lang='lat' dir='ltr'><strong>cum</strong></span> <span class='ocrx_word' id='word_1_202' title='bbox 2276 934 2539 992; x_wconf 88' lang='lat' dir='ltr'><strong>Dominus</strong></span> <span class='ocrx_word' id='word_1_203' title='bbox 2567 936 2766 990; x_wconf 82' lang='lat' dir='ltr'><strong>dixerit</strong></span> <span class='ocrx_word' id='word_1_204' title='bbox 2797 956 2810 990; x_wconf 90' lang='lat'><strong>:</strong></span> <span class='ocrx_word' id='word_1_205' title='bbox 2859 936 3071 1008; x_wconf 86' lang='lat' dir='ltr'><strong>Projice</strong></span> <span class='ocrx_word' id='word_1_206' title='bbox 3111 938 3244 993; x_wconf 87' lang='lat' dir='ltr'><strong>illud</strong></span> <span class='ocrx_word' id='word_1_207' title='bbox 3288 940 3467 1009; x_wconf 88' lang='lat' dir='ltr'><strong>ipsum</strong></span> 
     </span>
    </p>
   </div>
   <div class='ocr_carea' id='block_1_26' title="bbox 1900 1027 3466 1103">
    <p class='ocr_par' dir='ltr' id='par_1_26' title="bbox 1900 1027 3466 1103">
     <span class='ocr_line' id='line_1_26' title="bbox 1900 1027 3466 1103; baseline 0.004 -24"><span class='ocrx_word' id='word_1_208' title='bbox 1900 1027 2152 1081; x_wconf 76' lang='lat' dir='ltr'><strong>videlicet</strong></span> <span class='ocrx_word' id='word_1_209' title='bbox 2205 1035 2488 1095; x_wconf 81' lang='lat' dir='ltr'><strong>argentum</strong></span> <span class='ocrx_word' id='word_1_210' title='bbox 2537 1027 2604 1082; x_wconf 91' lang='lat' dir='ltr'><strong>ad</strong></span> <span class='ocrx_word' id='word_1_211' title='bbox 2662 1027 2904 1099; x_wconf 82' lang='lat' dir='ltr'><strong>ﬁgulum,</strong></span> <span class='ocrx_word' id='word_1_212' title='bbox 2941 1048 2959 1081; x_wconf 84' lang='grc'><strong>›</strong></span> <span class='ocrx_word' id='word_1_213' title='bbox 3002 1039 3115 1084; x_wconf 87' lang='lat' dir='ltr'><strong>tum</strong></span> <span class='ocrx_word' id='word_1_214' title='bbox 3173 1030 3466 1103; x_wconf 87' lang='lat' dir='ltr'><strong>adjungit:</strong></span> 
     </span>
    </p>
   </div>
   <div class='ocr_carea' id='block_1_27' title="bbox 1907 1118 3466 1194">
    <p class='ocr_par' dir='ltr' id='par_1_27' title="bbox 1907 1118 3466 1194">
     <span class='ocr_line' id='line_1_27' title="bbox 1907 1118 3466 1194; baseline 0.004 -25"><span class='ocrx_word' id='word_1_215' title='bbox 1907 1137 1926 1169; x_wconf 74' lang='grc' dir='ltr'>ι</span> <span class='ocrx_word' id='word_1_216' title='bbox 1969 1118 2033 1172; x_wconf 87' lang='grc' dir='ltr'>Ει</span> <span class='ocrx_word' id='word_1_217' title='bbox 2064 1119 2268 1189; x_wconf 88' lang='lat' dir='ltr'><strong>projeci</strong></span> <span class='ocrx_word' id='word_1_218' title='bbox 2316 1121 2446 1176; x_wconf 89' lang='lat' dir='ltr'><strong>illud</strong></span> <span class='ocrx_word' id='word_1_219' title='bbox 2485 1120 2538 1174; x_wconf 91' lang='lat' dir='ltr'><strong>in</strong></span> <span class='ocrx_word' id='word_1_220' title='bbox 2584 1122 2747 1176; x_wconf 91' lang='lat' dir='ltr'><strong>domo</strong></span> <span class='ocrx_word' id='word_1_221' title='bbox 2791 1119 3002 1175; x_wconf 87' lang='lat' dir='ltr'><strong>Domini</strong></span> <span class='ocrx_word' id='word_1_222' title='bbox 3042 1123 3110 1178; x_wconf 85' lang='lat' dir='ltr'><strong>ad</strong></span> <span class='ocrx_word' id='word_1_223' title='bbox 3158 1123 3402 1194; x_wconf 83' lang='lat' dir='ltr'><strong>ﬁgulum.</strong></span> <span class='ocrx_word' id='word_1_224' title='bbox 3444 1143 3466 1176; x_wconf 72' lang='grc' dir='ltr'>ι</span> 
     </span>
    </p>
   </div>
   <div class='ocr_carea' id='block_1_28' title="bbox 1900 1212 3473 1285">
    <p class='ocr_par' dir='ltr' id='par_1_28' title="bbox 1900 1212 3473 1285">
     <span class='ocr_line' id='line_1_28' title="bbox 1900 1212 3473 1285; baseline 0.005 -21"><span class='ocrx_word' id='word_1_225' title='bbox 1900 1212 1970 1264; x_wconf 80' lang='lat' dir='ltr'><strong>At</strong></span> <span class='ocrx_word' id='word_1_226' title='bbox 2001 1227 2153 1275; x_wconf 79' lang='lat' dir='ltr'><strong>vero,</strong></span> <span class='ocrx_word' id='word_1_227' title='bbox 2188 1227 2254 1267; x_wconf 83' lang='lat' dir='ltr'><strong>ex</strong></span> <span class='ocrx_word' id='word_1_228' title='bbox 2284 1212 2596 1285; x_wconf 79' lang='lat' dir='ltr'><strong>Symmachi</strong></span> <span class='ocrx_word' id='word_1_229' title='bbox 2623 1213 2878 1279; x_wconf 78' lang='lat' dir='ltr'><strong>editione,</strong></span> <span class='ocrx_word' id='word_1_230' title='bbox 2899 1232 2918 1265; x_wconf 73' lang='grc' dir='ltr'>ι</span> <span class='ocrx_word' id='word_1_231' title='bbox 2949 1229 3074 1269; x_wconf 92' lang='lat' dir='ltr'><strong>cum</strong></span> <span class='ocrx_word' id='word_1_232' title='bbox 3096 1213 3356 1272; x_wconf 90' lang='lat' dir='ltr'><strong>Dominus</strong></span> <span class='ocrx_word' id='word_1_233' title='bbox 3385 1217 3473 1272; x_wconf 89' lang='lat' dir='ltr'><strong>di-</strong></span> 
     </span>
    </p>
   </div>
   <div class='ocr_carea' id='block_1_29' title="bbox 1905 1291 3474 1381">
    <p class='ocr_par' dir='ltr' id='par_1_29' title="bbox 1905 1291 3474 1381">
     <span class='ocr_line' id='line_1_29' title="bbox 1905 1291 3474 1381; baseline 0.004 -23"><span class='ocrx_word' id='word_1_234' title='bbox 1905 1306 2078 1369; x_wconf 82' lang='lat' dir='ltr'><strong>xerit,</strong></span> <span class='ocrx_word' id='word_1_235' title='bbox 2142 1291 2348 1376; x_wconf 79' lang='lat' dir='ltr'><strong>projice</strong></span> <span class='ocrx_word' id='word_1_236' title='bbox 2397 1304 2527 1360; x_wconf 91' lang='lat' dir='ltr'><strong>illud</strong></span> <span class='ocrx_word' id='word_1_237' title='bbox 2560 1307 2613 1359; x_wconf 90' lang='lat' dir='ltr'><strong>in</strong></span> <span class='ocrx_word' id='word_1_238' title='bbox 2667 1306 2963 1369; x_wconf 83' lang='lat' dir='ltr'><strong>fornacem,</strong></span> <span class='ocrx_word' id='word_1_239' title='bbox 3002 1326 3022 1359; x_wconf 76' lang='grc' dir='ltr'><strong>ι</strong></span> <span class='ocrx_word' id='word_1_240' title='bbox 3058 1312 3169 1361; x_wconf 88' lang='lat' dir='ltr'><strong>tum</strong></span> <span class='ocrx_word' id='word_1_241' title='bbox 3226 1309 3474 1381; x_wconf 86' lang='lat' dir='ltr'><strong>adjungit</strong></span> 
     </span>
    </p>
   </div>
   <div class='ocr_carea' id='block_1_30' title="bbox 1901 1393 3472 1465">
    <p class='ocr_par' dir='ltr' id='par_1_30' title="bbox 1901 1393 3472 1465">
     <span class='ocr_line' id='line_1_30' title="bbox 1901 1393 3472 1465; baseline 0.005 -18"><span class='ocrx_word' id='word_1_242' title='bbox 1901 1396 2065 1450; x_wconf 78' lang='lat' dir='ltr'><strong>verba</strong></span> <span class='ocrx_word' id='word_1_243' title='bbox 2102 1395 2190 1449; x_wconf 88' lang='lat' dir='ltr'><strong>illa</strong></span> <span class='ocrx_word' id='word_1_244' title='bbox 2219 1415 2233 1451; x_wconf 89' lang='lat'><strong>:</strong></span> <span class='ocrx_word' id='word_1_245' title='bbox 2275 1415 2293 1447; x_wconf 77' lang='grc' dir='ltr'>ι</span> <span class='ocrx_word' id='word_1_246' title='bbox 2323 1393 2387 1448; x_wconf 78' lang='lat' dir='ltr'><strong>Et</strong></span> <span class='ocrx_word' id='word_1_247' title='bbox 2420 1394 2625 1465; x_wconf 90' lang='lat' dir='ltr'><strong>projeci</strong></span> <span class='ocrx_word' id='word_1_248' title='bbox 2659 1395 2790 1450; x_wconf 90' lang='lat' dir='ltr'><strong>illud</strong></span> <span class='ocrx_word' id='word_1_249' title='bbox 2847 1395 2904 1450; x_wconf 89' lang='lat' dir='ltr'><strong>in</strong></span> <span class='ocrx_word' id='word_1_250' title='bbox 2957 1396 3121 1452; x_wconf 86' lang='lat' dir='ltr'><strong>domo</strong></span> <span class='ocrx_word' id='word_1_251' title='bbox 3150 1396 3364 1453; x_wconf 87' lang='lat' dir='ltr'><strong>Domini</strong></span> <span class='ocrx_word' id='word_1_252' title='bbox 3413 1400 3472 1455; x_wconf 85' lang='lat' dir='ltr'><strong>in</strong></span> 
     </span>
    </p>
   </div>
   <div class='ocr_carea' id='block_1_31' title="bbox 1905 1485 3472 1560">
    <p class='ocr_par' dir='ltr' id='par_1_31' title="bbox 1905 1485 3472 1560">
     <span class='ocr_line' id='line_1_31' title="bbox 1905 1485 3472 1560; baseline 0.006 -22"><span class='ocrx_word' id='word_1_253' title='bbox 1905 1485 2203 1541; x_wconf 83' lang='lat' dir='ltr'><strong>fornacem.</strong></span> <span class='ocrx_word' id='word_1_254' title='bbox 2238 1504 2256 1538; x_wconf 80' lang='grc'><strong>›</strong></span> <span class='ocrx_word' id='word_1_255' title='bbox 2290 1485 2427 1540; x_wconf 89' lang='lat' dir='ltr'><strong>Num</strong></span> <span class='ocrx_word' id='word_1_256' title='bbox 2460 1486 2629 1556; x_wconf 80' lang='lat' dir='ltr'><strong>igitur</strong></span> <span class='ocrx_word' id='word_1_257' title='bbox 2658 1486 2761 1541; x_wconf 92' lang='lat' dir='ltr'><strong>hoc</strong></span> <span class='ocrx_word' id='word_1_258' title='bbox 2789 1495 2923 1542; x_wconf 89' lang='lat' dir='ltr'><strong>tunc</strong></span> <span class='ocrx_word' id='word_1_259' title='bbox 2966 1486 3196 1543; x_wconf 83' lang='lat' dir='ltr'><strong>forsitan</strong></span> <span class='ocrx_word' id='word_1_260' title='bbox 3227 1491 3472 1560; x_wconf 87' lang='lat' dir='ltr'><strong>comple-</strong></span> 
     </span>
    </p>
   </div>
   <div class='ocr_carea' id='block_1_32' title="bbox 1904 1578 3473 1650">
    <p class='ocr_par' dir='ltr' id='par_1_32' title="bbox 1904 1578 3473 1650">
     <span class='ocr_line' id='line_1_32' title="bbox 1904 1578 3473 1650; baseline 0.003 -17"><span class='ocrx_word' id='word_1_261' title='bbox 1904 1588 2016 1633; x_wconf 87' lang='lat' dir='ltr'><strong>tum</strong></span> <span class='ocrx_word' id='word_1_262' title='bbox 2038 1588 2142 1647; x_wconf 87' lang='lat' dir='ltr'><strong>est,</strong></span> <span class='ocrx_word' id='word_1_263' title='bbox 2171 1595 2293 1634; x_wconf 86' lang='lat' dir='ltr'><strong>cum</strong></span> <span class='ocrx_word' id='word_1_264' title='bbox 2327 1597 2345 1630; x_wconf 86' lang='grc'><strong>‹</strong></span> <span class='ocrx_word' id='word_1_265' title='bbox 2378 1578 2576 1633; x_wconf 67' lang='lat' dir='ltr'><strong>ludas»</strong></span> <span class='ocrx_word' id='word_1_266' title='bbox 2612 1579 2702 1648; x_wconf 88' lang='lat' dir='ltr'><strong>qui</strong></span> <span class='ocrx_word' id='word_1_267' title='bbox 2730 1578 3016 1634; x_wconf 87' lang='lat' dir='ltr'><strong>Dominum</strong></span> <span class='ocrx_word' id='word_1_268' title='bbox 3039 1580 3300 1650; x_wconf 84' lang='lat' dir='ltr'><strong>prodidit,</strong></span> <span class='ocrx_word' id='word_1_269' title='bbox 3333 1599 3353 1632; x_wconf 74' lang='grc' dir='ltr'>ι</span> <span class='ocrx_word' id='word_1_270' title='bbox 3391 1582 3473 1637; x_wconf 80' lang='lat' dir='ltr'><strong>vi-</strong></span> 
     </span>
    </p>
   </div>
   <div class='ocr_carea' id='block_1_33' title="bbox 1904 1671 3468 1743">
    <p class='ocr_par' dir='ltr' id='par_1_33' title="bbox 1904 1671 3468 1743">
     <span class='ocr_line' id='line_1_33' title="bbox 1904 1671 3468 1743; baseline 0.001 -16"><span class='ocrx_word' id='word_1_271' title='bbox 1904 1673 2041 1727; x_wconf 75' lang='lat' dir='ltr'><strong>dens</strong></span> <span class='ocrx_word' id='word_1_272' title='bbox 2082 1672 2224 1743; x_wconf 87' lang='lat' dir='ltr'><strong>quod</strong></span> <span class='ocrx_word' id='word_1_273' title='bbox 2256 1671 2651 1726; x_wconf 87' lang='lat' dir='ltr'><strong>condemnatus</strong></span> <span class='ocrx_word' id='word_1_274' title='bbox 2682 1683 2847 1733; x_wconf 86' lang='lat' dir='ltr'><strong>esset.</strong></span> <span class='ocrx_word' id='word_1_275' title='bbox 2883 1671 3204 1742; x_wconf 78' lang='lat' dir='ltr'><strong>prenitentia</strong></span> <span class='ocrx_word' id='word_1_276' title='bbox 3232 1672 3431 1729; x_wconf 88' lang='lat' dir='ltr'><strong>ductus</strong></span> <span class='ocrx_word' id='word_1_277' title='bbox 3451 1714 3468 1737; x_wconf 84' lang='lat'><strong>,</strong></span> 
     </span>
    </p>
   </div>
   <div class='ocr_carea' id='block_1_34' title="bbox 228 1763 1809 1839">
    <p class='ocr_par' dir='ltr' id='par_1_34' title="bbox 228 1763 1799 1839">
     <span class='ocr_line' id='line_1_34' title="bbox 228 1763 1799 1839; baseline 0.004 -24"><span class='ocrx_word' id='word_1_278' title='bbox 228 1765 410 1834; x_wconf 73' lang='grc' dir='ltr'>ήμᾶςς</span> <span class='ocrx_word' id='word_1_279' title='bbox 440 1765 504 1816; x_wconf 85' lang='grc' dir='ltr'><strong>σὺ</strong></span> <span class='ocrx_word' id='word_1_280' title='bbox 533 1763 677 1834; x_wconf 66' lang='grc' dir='ltr'>ὅψειι</span> <span class='ocrx_word' id='word_1_281' title='bbox 698 1764 983 1836; x_wconf 79' lang='grc' dir='ltr'>Καὶρίψας</span> <span class='ocrx_word' id='word_1_282' title='bbox 997 1764 1067 1819; x_wconf 82' lang='grc' dir='ltr'>τὰ</span> <span class='ocrx_word' id='word_1_283' title='bbox 1087 1767 1325 1839; x_wconf 83' lang='grc' dir='ltr'>ἀργύρια</span> <span class='ocrx_word' id='word_1_284' title='bbox 1348 1770 1427 1831; x_wconf 82' lang='grc' dir='ltr'>εἰς</span> <span class='ocrx_word' id='word_1_285' title='bbox 1447 1768 1694 1831; x_wconf 82' lang='grc' dir='ltr'>τὸνναὸν,</span> <span class='ocrx_word' id='word_1_286' title='bbox 1719 1769 1799 1821; x_wconf 83' lang='grc' dir='ltr'>ἀν-</span> 
     </span>
    </p>
   </div>
   <div class='ocr_carea' id='block_1_35' title="bbox 1912 1763 3474 1839">
    <p class='ocr_par' dir='ltr' id='par_1_35' title="bbox 1912 1763 3474 1833">
     <span class='ocr_line' id='line_1_35' title="bbox 1912 1763 3474 1833; baseline 0.001 -16"><span class='ocrx_word' id='word_1_287' title='bbox 1912 1765 2089 1818; x_wconf 87' lang='lat' dir='ltr'><strong>retulit</strong></span> <span class='ocrx_word' id='word_1_288' title='bbox 2116 1771 2400 1833; x_wconf 79' lang='lat' dir='ltr'><strong>argentum</strong></span> <span class='ocrx_word' id='word_1_289' title='bbox 2429 1763 2768 1833; x_wconf 87' lang='lat' dir='ltr'><strong>principibus</strong></span> <span class='ocrx_word' id='word_1_290' title='bbox 2814 1764 3159 1819; x_wconf 86' lang='lat' dir='ltr'><strong>sacerdotum</strong></span> <span class='ocrx_word' id='word_1_291' title='bbox 3200 1772 3255 1818; x_wconf 87' lang='lat' dir='ltr'><strong>et</strong></span> <span class='ocrx_word' id='word_1_292' title='bbox 3293 1764 3474 1820; x_wconf 91' lang='lat' dir='ltr'><strong>senio-</strong></span> 
     </span>
    </p>
   </div>
   <div class='ocr_carea' id='block_1_36' title="bbox 233 1855 1801 1932">
    <p class='ocr_par' dir='ltr' id='par_1_36' title="bbox 233 1855 1801 1932">
     <span class='ocr_line' id='line_1_36' title="bbox 233 1855 1801 1932; baseline 0.004 -25"><span class='ocrx_word' id='word_1_293' title='bbox 233 1855 485 1929; x_wconf 80' lang='grc' dir='ltr'>ἐχώρησε</span> <span class='ocrx_word' id='word_1_294' title='bbox 505 1872 519 1886; x_wconf 90' lang='grc'><strong>·</strong></span> <span class='ocrx_word' id='word_1_295' title='bbox 550 1860 646 1909; x_wconf 77' lang='grc' dir='ltr'><strong>καὶ</strong></span> <span class='ocrx_word' id='word_1_296' title='bbox 681 1856 929 1911; x_wconf 84' lang='grc' dir='ltr'>ἀπελθὼν</span> <span class='ocrx_word' id='word_1_297' title='bbox 961 1859 1258 1932; x_wconf 81' lang='grc' dir='ltr'>ἀπήγξατο.</span> <span class='ocrx_word' id='word_1_298' title='bbox 1290 1860 1353 1913; x_wconf 84' lang='lat' dir='ltr'><strong>0i</strong></span> <span class='ocrx_word' id='word_1_299' title='bbox 1401 1860 1459 1913; x_wconf 84' lang='grc' dir='ltr'><strong>δὲ</strong></span> <span class='ocrx_word' id='word_1_300' title='bbox 1486 1861 1761 1932; x_wconf 77' lang='grc' dir='ltr'>ἀρχιερεῖς</span> <span class='ocrx_word' id='word_1_301' title='bbox 1786 1902 1801 1927; x_wconf 93' lang='grc'><strong>,</strong></span> 
     </span>
    </p>
   </div>
   <div class='ocr_carea' id='block_1_37' title="bbox 227 1942 1804 2022">
    <p class='ocr_par' dir='ltr' id='par_1_37' title="bbox 227 1942 1804 2022">
     <span class='ocr_line' id='line_1_37' title="bbox 227 1942 1804 2022; baseline 0.006 -26"><span class='ocrx_word' id='word_1_302' title='bbox 227 1942 488 2008; x_wconf 82' lang='grc' dir='ltr'>λαϐόντες</span> <span class='ocrx_word' id='word_1_303' title='bbox 547 1944 618 1999; x_wconf 80' lang='grc' dir='ltr'>τὰ</span> <span class='ocrx_word' id='word_1_304' title='bbox 671 1947 949 2019; x_wconf 86' lang='grc' dir='ltr'>ἀργύρια,</span> <span class='ocrx_word' id='word_1_305' title='bbox 1021 1944 1208 2002; x_wconf 74' lang='grc' dir='ltr'>εἴπανο</span> <span class='ocrx_word' id='word_1_306' title='bbox 1274 1950 1388 2003; x_wconf 83' lang='grc' dir='ltr'>Οὐκ</span> <span class='ocrx_word' id='word_1_307' title='bbox 1439 1949 1558 2003; x_wconf 78' lang='grc' dir='ltr'>ἐστι</span> <span class='ocrx_word' id='word_1_308' title='bbox 1622 1950 1804 2022; x_wconf 84' lang='grc' dir='ltr'>βαλεῖν</span> 
     </span>
    </p>
   </div>
   <div class='ocr_carea' id='block_1_38' title="bbox 226 2035 1799 2112">
    <p class='ocr_par' dir='ltr' id='par_1_38' title="bbox 226 2035 1799 2112">
     <span class='ocr_line' id='line_1_38' title="bbox 226 2035 1799 2112; baseline 0.001 -22"><span class='ocrx_word' id='word_1_309' title='bbox 226 2035 369 2090; x_wconf 78' lang='grc' dir='ltr'>αὐτὰ</span> <span class='ocrx_word' id='word_1_310' title='bbox 417 2036 500 2099; x_wconf 78' lang='grc' dir='ltr'><strong>είς</strong></span> <span class='ocrx_word' id='word_1_311' title='bbox 534 2037 624 2089; x_wconf 80' lang='grc' dir='ltr'><strong>τὸν</strong></span> <span class='ocrx_word' id='word_1_312' title='bbox 666 2038 934 2109; x_wconf 82' lang='grc' dir='ltr'>κορϐανᾶν</span> <span class='ocrx_word' id='word_1_313' title='bbox 956 2076 971 2103; x_wconf 94' lang='grc'><strong>,</strong></span> <span class='ocrx_word' id='word_1_314' title='bbox 1002 2039 1124 2092; x_wconf 73' lang='grc' dir='ltr'>ἐπεὶ</span> <span class='ocrx_word' id='word_1_315' title='bbox 1158 2040 1289 2111; x_wconf 84' lang='grc' dir='ltr'>τιμὴ</span> <span class='ocrx_word' id='word_1_316' title='bbox 1324 2041 1557 2112; x_wconf 76' lang='grc' dir='ltr'>αἵματός</span> <span class='ocrx_word' id='word_1_317' title='bbox 1598 2043 1799 2096; x_wconf 74' lang='grc' dir='ltr'>ἐστιν.»</span> 
     </span>
    </p>
   </div>
   <div class='ocr_carea' id='block_1_39' title="bbox 226 2129 1806 2206">
    <p class='ocr_par' dir='ltr' id='par_1_39' title="bbox 226 2129 1806 2206">
     <span class='ocr_line' id='line_1_39' title="bbox 226 2129 1806 2206; baseline 0.003 -21"><span class='ocrx_word' id='word_1_318' title='bbox 226 2129 562 2200; x_wconf 77' lang='grc' dir='ltr'>Συμϐούλιον</span> <span class='ocrx_word' id='word_1_319' title='bbox 614 2131 672 2184; x_wconf 71' lang='grc' dir='ltr'><strong>δὲ</strong></span> <span class='ocrx_word' id='word_1_320' title='bbox 720 2131 1007 2196; x_wconf 87' lang='grc' dir='ltr'>λαϐόντες,</span> <span class='ocrx_word' id='word_1_321' title='bbox 1055 2133 1331 2206; x_wconf 71' lang='grc' dir='ltr'>ἠγόρασαν</span> <span class='ocrx_word' id='word_1_322' title='bbox 1386 2133 1446 2198; x_wconf 81' lang='grc' dir='ltr'>ἐξ</span> <span class='ocrx_word' id='word_1_323' title='bbox 1489 2135 1666 2189; x_wconf 79' lang='grc' dir='ltr'>αὐτῶν</span> <span class='ocrx_word' id='word_1_324' title='bbox 1715 2136 1806 2190; x_wconf 79' lang='grc' dir='ltr'>τὸν</span> 
     </span>
    </p>
   </div>
   <div class='ocr_carea' id='block_1_40' title="bbox 224 2221 1801 2296">
    <p class='ocr_par' dir='ltr' id='par_1_40' title="bbox 224 2221 1801 2296">
     <span class='ocr_line' id='line_1_40' title="bbox 224 2221 1801 2296; baseline 0.003 -21"><span class='ocrx_word' id='word_1_325' title='bbox 224 2221 399 2294; x_wconf 81' lang='grc' dir='ltr'>ἀγρὸν</span> <span class='ocrx_word' id='word_1_326' title='bbox 469 2221 563 2275; x_wconf 77' lang='grc' dir='ltr'>τοῦ</span> <span class='ocrx_word' id='word_1_327' title='bbox 635 2224 923 2296; x_wconf 81' lang='grc' dir='ltr'>κεραμέως</span> <span class='ocrx_word' id='word_1_328' title='bbox 1003 2227 1084 2290; x_wconf 85' lang='grc' dir='ltr'>εἰς</span> <span class='ocrx_word' id='word_1_329' title='bbox 1167 2226 1344 2296; x_wconf 80' lang='grc' dir='ltr'>ταφὴν</span> <span class='ocrx_word' id='word_1_330' title='bbox 1417 2229 1529 2289; x_wconf 86' lang='grc' dir='ltr'>τοῖς</span> <span class='ocrx_word' id='word_1_331' title='bbox 1612 2224 1801 2291; x_wconf 80' lang='grc' dir='ltr'>ξένοις.</span> 
     </span>
    </p>
   </div>
   <div class='ocr_carea' id='block_1_41' title="bbox 226 2313 1807 2390">
    <p class='ocr_par' dir='ltr' id='par_1_41' title="bbox 226 2313 1807 2390">
     <span class='ocr_line' id='line_1_41' title="bbox 226 2313 1807 2390; baseline 0.001 -23"><span class='ocrx_word' id='word_1_332' title='bbox 226 2314 322 2367; x_wconf 86' lang='grc' dir='ltr'><strong>Διὸ</strong></span> <span class='ocrx_word' id='word_1_333' title='bbox 359 2314 563 2386; x_wconf 78' lang='grc' dir='ltr'>ἐκλήθη</span> <span class='ocrx_word' id='word_1_334' title='bbox 596 2314 625 2366; x_wconf 89' lang='grc' dir='ltr'>ὁ</span> <span class='ocrx_word' id='word_1_335' title='bbox 651 2313 818 2388; x_wconf 82' lang='grc' dir='ltr'>ἀγρὸς</span> <span class='ocrx_word' id='word_1_336' title='bbox 857 2318 1065 2380; x_wconf 79' lang='grc' dir='ltr'>ἐκεῖνος</span> <span class='ocrx_word' id='word_1_337' title='bbox 1094 2316 1263 2388; x_wconf 84' lang='grc' dir='ltr'>ἀγρὸς</span> <span class='ocrx_word' id='word_1_338' title='bbox 1292 2317 1541 2388; x_wconf 79' lang='grc' dir='ltr'>αἵματος,</span> <span class='ocrx_word' id='word_1_339' title='bbox 1563 2317 1669 2381; x_wconf 73' lang='grc' dir='ltr'><strong>ἕως</strong></span> <span class='ocrx_word' id='word_1_340' title='bbox 1707 2319 1807 2390; x_wconf 83' lang='grc' dir='ltr'>τῆς</span> 
     </span>
    </p>
   </div>
   <div class='ocr_carea' id='block_1_42' title="bbox 228 2404 1806 2480">
    <p class='ocr_par' dir='ltr' id='par_1_42' title="bbox 228 2404 1806 2480">
     <span class='ocr_line' id='line_1_42' title="bbox 228 2404 1806 2480; baseline 0.001 -21"><span class='ocrx_word' id='word_1_341' title='bbox 228 2404 473 2478; x_wconf 79' lang='grc' dir='ltr'>σήμερον</span> <span class='ocrx_word' id='word_1_342' title='bbox 503 2406 738 2478; x_wconf 62' lang='grc' dir='ltr'>ἡμέραςι</span> <span class='ocrx_word' id='word_1_343' title='bbox 770 2406 904 2460; x_wconf 89' lang='grc' dir='ltr'>Τότε</span> <span class='ocrx_word' id='word_1_344' title='bbox 944 2406 1238 2480; x_wconf 82' lang='grc' dir='ltr'><strong>ἐπληρώθη</strong></span> <span class='ocrx_word' id='word_1_345' title='bbox 1270 2408 1331 2460; x_wconf 77' lang='grc' dir='ltr'>τὸ</span> <span class='ocrx_word' id='word_1_346' title='bbox 1366 2407 1527 2479; x_wconf 75' lang='grc' dir='ltr'>ῥηθὲν</span> <span class='ocrx_word' id='word_1_347' title='bbox 1569 2407 1657 2461; x_wconf 84' lang='grc' dir='ltr'><strong>διὰ</strong></span> <span class='ocrx_word' id='word_1_348' title='bbox 1706 2408 1806 2461; x_wconf 87' lang='grc' dir='ltr'><strong>Ἱε-</strong></span> 
     </span>
    </p>
   </div>
   <div class='ocr_carea' id='block_1_43' title="bbox 194 2496 1808 2571">
    <p class='ocr_par' dir='ltr' id='par_1_43' title="bbox 194 2496 1808 2571">
     <span class='ocr_line' id='line_1_43' title="bbox 194 2496 1808 2571; baseline 0.001 -22"><span class='ocrx_word' id='word_1_349' title='bbox 194 2570 197 2571; x_wconf 13' lang='grc' dir='ltr'><em>ν</em></span> <span class='ocrx_word' id='word_1_350' title='bbox 231 2497 424 2570; x_wconf 81' lang='grc' dir='ltr'>ρεμίου</span> <span class='ocrx_word' id='word_1_351' title='bbox 437 2496 532 2550; x_wconf 76' lang='grc' dir='ltr'><strong>τοῦ</strong></span> <span class='ocrx_word' id='word_1_352' title='bbox 563 2500 840 2570; x_wconf 73' lang='grc' dir='ltr'>προφήτου</span> <span class='ocrx_word' id='word_1_353' title='bbox 857 2498 1122 2567; x_wconf 87' lang='grc' dir='ltr'>λέγοντος·</span> <span class='ocrx_word' id='word_1_354' title='bbox 1170 2499 1281 2551; x_wconf 80' lang='grc' dir='ltr'><strong>Καὶ</strong></span> <span class='ocrx_word' id='word_1_355' title='bbox 1303 2497 1493 2551; x_wconf 75' lang='grc' dir='ltr'>ἔλαϐον</span> <span class='ocrx_word' id='word_1_356' title='bbox 1536 2497 1603 2550; x_wconf 82' lang='grc' dir='ltr'>τὰ</span> <span class='ocrx_word' id='word_1_357' title='bbox 1652 2497 1808 2567; x_wconf 82' lang='grc' dir='ltr'>τριά-</span> 
     </span>
    </p>
   </div>
   <div class='ocr_carea' id='block_1_44' title="bbox 228 2589 1809 2663">
    <p class='ocr_par' dir='ltr' id='par_1_44' title="bbox 228 2589 1809 2663">
     <span class='ocr_line' id='line_1_44' title="bbox 228 2589 1809 2663; baseline -0.001 -19"><span class='ocrx_word' id='word_1_358' title='bbox 228 2608 398 2644; x_wconf 71' lang='grc' dir='ltr'>κοντα</span> <span class='ocrx_word' id='word_1_359' title='bbox 429 2589 689 2662; x_wconf 85' lang='grc' dir='ltr'>ἀργύρια,</span> <span class='ocrx_word' id='word_1_360' title='bbox 718 2592 815 2662; x_wconf 81' lang='grc' dir='ltr'><strong>τὴν</strong></span> <span class='ocrx_word' id='word_1_361' title='bbox 857 2592 1023 2663; x_wconf 80' lang='grc' dir='ltr'>τιμὴν</span> <span class='ocrx_word' id='word_1_362' title='bbox 1050 2589 1144 2644; x_wconf 75' lang='grc' dir='ltr'><strong>τού</strong></span> <span class='ocrx_word' id='word_1_363' title='bbox 1183 2590 1566 2662; x_wconf 84' lang='grc' dir='ltr'>τετιμημένου,</span> <span class='ocrx_word' id='word_1_364' title='bbox 1601 2589 1660 2642; x_wconf 80' lang='grc' dir='ltr'>ὃν</span> <span class='ocrx_word' id='word_1_365' title='bbox 1700 2591 1809 2642; x_wconf 87' lang='grc' dir='ltr'>ἐτι-</span> 
     </span>
    </p>
   </div>
   <div class='ocr_carea' id='block_1_45' title="bbox 232 2680 1808 2753">
    <p class='ocr_par' dir='ltr' id='par_1_45' title="bbox 232 2680 1808 2753">
     <span class='ocr_line' id='line_1_45' title="bbox 232 2680 1808 2753; baseline 0 -18"><span class='ocrx_word' id='word_1_366' title='bbox 232 2683 477 2753; x_wconf 80' lang='grc' dir='ltr'>μήσαντο</span> <span class='ocrx_word' id='word_1_367' title='bbox 509 2681 616 2735; x_wconf 78' lang='grc' dir='ltr'>ἀπὸ</span> <span class='ocrx_word' id='word_1_368' title='bbox 645 2682 774 2734; x_wconf 83' lang='grc' dir='ltr'>υίῶν</span> <span class='ocrx_word' id='word_1_369' title='bbox 816 2681 1051 2753; x_wconf 84' lang='grc' dir='ltr'>Ἰσραήλ.</span> <span class='ocrx_word' id='word_1_370' title='bbox 1090 2681 1198 2734; x_wconf 69' lang='grc' dir='ltr'>Καὶ</span> <span class='ocrx_word' id='word_1_371' title='bbox 1223 2680 1427 2733; x_wconf 81' lang='grc' dir='ltr'>ἔδωκαν</span> <span class='ocrx_word' id='word_1_372' title='bbox 1457 2681 1596 2734; x_wconf 83' lang='grc' dir='ltr'><strong>αύτά</strong></span> <span class='ocrx_word' id='word_1_373' title='bbox 1615 2683 1694 2743; x_wconf 81' lang='grc' dir='ltr'><strong>εἰς</strong></span> <span class='ocrx_word' id='word_1_374' title='bbox 1715 2681 1808 2735; x_wconf 86' lang='grc' dir='ltr'><strong>τὸν</strong></span> 
     </span>
    </p>
   </div>
   <div class='ocr_carea' id='block_1_46' title="bbox 227 2771 1801 2845">
    <p class='ocr_par' dir='ltr' id='par_1_46' title="bbox 227 2771 1801 2845">
     <span class='ocr_line' id='line_1_46' title="bbox 227 2771 1801 2845; baseline -0.002 -17"><span class='ocrx_word' id='word_1_375' title='bbox 227 2775 402 2845; x_wconf 80' lang='grc' dir='ltr'>ἀγρὸν</span> <span class='ocrx_word' id='word_1_376' title='bbox 434 2771 528 2825; x_wconf 76' lang='grc' dir='ltr'>τοῦ</span> <span class='ocrx_word' id='word_1_377' title='bbox 581 2772 900 2845; x_wconf 82' lang='grc' dir='ltr'>κεραμέως,</span> <span class='ocrx_word' id='word_1_378' title='bbox 937 2771 1081 2824; x_wconf 87' lang='grc' dir='ltr'><strong>καθά</strong></span> <span class='ocrx_word' id='word_1_379' title='bbox 1113 2771 1366 2837; x_wconf 76' lang='grc' dir='ltr'>συνέταξέ</span> <span class='ocrx_word' id='word_1_380' title='bbox 1399 2789 1486 2843; x_wconf 88' lang='grc' dir='ltr'><strong>μοι</strong></span> <span class='ocrx_word' id='word_1_381' title='bbox 1516 2772 1738 2844; x_wconf 78' lang='grc' dir='ltr'>Κύριος.</span> <span class='ocrx_word' id='word_1_382' title='bbox 1781 2789 1801 2825; x_wconf 71' lang='grc' dir='ltr'>ι</span> 
     </span>
    </p>
   </div>
   <div class='ocr_carea' id='block_1_47' title="bbox 232 2863 1806 2939">
    <p class='ocr_par' dir='ltr' id='par_1_47' title="bbox 232 2863 1806 2939">
     <span class='ocr_line' id='line_1_47' title="bbox 232 2863 1806 2939; baseline -0.002 -18"><span class='ocrx_word' id='word_1_383' title='bbox 232 2865 409 2921; x_wconf 82' lang='grc' dir='ltr'>Ἔνθα</span> <span class='ocrx_word' id='word_1_384' title='bbox 438 2864 534 2921; x_wconf 75' lang='grc' dir='ltr'>καὶ</span> <span class='ocrx_word' id='word_1_385' title='bbox 579 2864 908 2938; x_wconf 84' lang='grc' dir='ltr'>ἐπιστήσεις,</span> <span class='ocrx_word' id='word_1_386' title='bbox 937 2864 1059 2917; x_wconf 75' lang='grc' dir='ltr'>ἐπεὶ</span> <span class='ocrx_word' id='word_1_387' title='bbox 1095 2864 1169 2936; x_wconf 81' lang='grc' dir='ltr'>μὴ</span> <span class='ocrx_word' id='word_1_388' title='bbox 1199 2863 1371 2918; x_wconf 83' lang='grc' dir='ltr'>ταῦτα</span> <span class='ocrx_word' id='word_1_389' title='bbox 1396 2863 1619 2936; x_wconf 81' lang='grc' dir='ltr'>φέρεται</span> <span class='ocrx_word' id='word_1_390' title='bbox 1650 2866 1708 2919; x_wconf 90' lang='grc' dir='ltr'><strong>ἐν</strong></span> <span class='ocrx_word' id='word_1_391' title='bbox 1739 2867 1806 2939; x_wconf 75' lang='grc' dir='ltr'>τῇ</span> 
     </span>
    </p>
   </div>
   <div class='ocr_carea' id='block_1_48' title="bbox 227 2957 1812 3031">
    <p class='ocr_par' dir='ltr' id='par_1_48' title="bbox 227 2957 1812 3031">
     <span class='ocr_line' id='line_1_48' title="bbox 227 2957 1812 3031; baseline -0.003 -18"><span class='ocrx_word' id='word_1_392' title='bbox 227 2959 328 3013; x_wconf 75' lang='grc' dir='ltr'><strong>τοῦ</strong></span> <span class='ocrx_word' id='word_1_393' title='bbox 368 2958 630 3031; x_wconf 84' lang='grc' dir='ltr'>Ἱερεμίου</span> <span class='ocrx_word' id='word_1_394' title='bbox 665 2958 988 3031; x_wconf 79' lang='grc' dir='ltr'>προφητείᾳ,</span> <span class='ocrx_word' id='word_1_395' title='bbox 1009 2957 1121 3010; x_wconf 74' lang='grc' dir='ltr'>εἴτε</span> <span class='ocrx_word' id='word_1_396' title='bbox 1149 2957 1255 3029; x_wconf 82' lang='grc' dir='ltr'>χρὴ</span> <span class='ocrx_word' id='word_1_397' title='bbox 1279 2958 1524 3010; x_wconf 82' lang='grc' dir='ltr'>ὑπονοεῖν</span> <span class='ocrx_word' id='word_1_398' title='bbox 1547 2959 1812 3031; x_wconf 76' lang='grc' dir='ltr'>περιῃρῆ-</span> 
     </span>
    </p>
   </div>
   <div class='ocr_carea' id='block_1_49' title="bbox 229 3050 1811 3123">
    <p class='ocr_par' dir='ltr' id='par_1_49' title="bbox 229 3050 1811 3123">
     <span class='ocr_line' id='line_1_49' title="bbox 229 3050 1811 3123; baseline -0.002 -15"><span class='ocrx_word' id='word_1_399' title='bbox 229 3052 358 3108; x_wconf 75' lang='grc' dir='ltr'>σθαι</span> <span class='ocrx_word' id='word_1_400' title='bbox 409 3052 551 3106; x_wconf 77' lang='grc' dir='ltr'>αὐτὰ</span> <span class='ocrx_word' id='word_1_401' title='bbox 593 3052 650 3119; x_wconf 80' lang='grc' dir='ltr'><strong>ἐξ</strong></span> <span class='ocrx_word' id='word_1_402' title='bbox 697 3052 866 3123; x_wconf 78' lang='grc' dir='ltr'>αὐτῆς</span> <span class='ocrx_word' id='word_1_403' title='bbox 915 3051 1055 3105; x_wconf 85' lang='grc' dir='ltr'>κατά</span> <span class='ocrx_word' id='word_1_404' title='bbox 1103 3068 1222 3104; x_wconf 81' lang='grc' dir='ltr'>τινα</span> <span class='ocrx_word' id='word_1_405' title='bbox 1257 3050 1621 3123; x_wconf 67' lang='grc' dir='ltr'>ῥᾳδιουργίαν,</span> <span class='ocrx_word' id='word_1_406' title='bbox 1652 3051 1685 3123; x_wconf 81' lang='grc' dir='ltr'>ἢ</span> <span class='ocrx_word' id='word_1_407' title='bbox 1716 3052 1811 3105; x_wconf 73' lang='grc' dir='ltr'>καὶ</span> 
     </span>
    </p>
   </div>
   <div class='ocr_carea' id='block_1_50' title="bbox 1907 1851 3473 1924">
    <p class='ocr_par' dir='ltr' id='par_1_50' title="bbox 1907 1851 3473 1924">
     <span class='ocr_line' id='line_1_50' title="bbox 1907 1851 3473 1924; baseline 0.001 -17"><span class='ocrx_word' id='word_1_408' title='bbox 1907 1856 2079 1919; x_wconf 87' lang='lat' dir='ltr'><strong>rihus,</strong></span> <span class='ocrx_word' id='word_1_409' title='bbox 2109 1855 2331 1909; x_wconf 83' lang='lat' dir='ltr'><strong>dicens:</strong></span> <span class='ocrx_word' id='word_1_410' title='bbox 2369 1851 2594 1909; x_wconf 83' lang='lat' dir='ltr'><strong>Peccavi</strong></span> <span class='ocrx_word' id='word_1_411' title='bbox 2621 1854 2843 1908; x_wconf 90' lang='lat' dir='ltr'><strong>tradens</strong></span> <span class='ocrx_word' id='word_1_412' title='bbox 2868 1856 3184 1924; x_wconf 88' lang='lat' dir='ltr'><strong>sanguinem</strong></span> <span class='ocrx_word' id='word_1_413' title='bbox 3211 1855 3473 1912; x_wconf 83' lang='lat' dir='ltr'><strong>innocen-</strong></span> 
     </span>
    </p>
   </div>
   <div class='ocr_carea' id='block_1_51' title="bbox 1904 1944 3474 2009">
    <p class='ocr_par' dir='ltr' id='par_1_51' title="bbox 1904 1944 3474 2009">
     <span class='ocr_line' id='line_1_51' title="bbox 1904 1944 3474 2009; baseline 0.003 -12"><span class='ocrx_word' id='word_1_414' title='bbox 1904 1954 2033 2000; x_wconf 86' lang='lat' dir='ltr'><strong>tem.</strong></span> <span class='ocrx_word' id='word_1_415' title='bbox 2089 1944 2157 1999; x_wconf 76' lang='lat' dir='ltr'><strong>At</strong></span> <span class='ocrx_word' id='word_1_416' title='bbox 2209 1945 2284 1999; x_wconf 90' lang='lat' dir='ltr'><strong>illi</strong></span> <span class='ocrx_word' id='word_1_417' title='bbox 2345 1945 2600 1999; x_wconf 79' lang='lat' dir='ltr'><strong>dixerunt</strong></span> <span class='ocrx_word' id='word_1_418' title='bbox 2656 1945 2746 1999; x_wconf 89' lang='lat' dir='ltr'><strong>ci:</strong></span> <span class='ocrx_word' id='word_1_419' title='bbox 2791 1944 2931 2009; x_wconf 80' lang='lat' dir='ltr'><strong>Quid</strong></span> <span class='ocrx_word' id='word_1_420' title='bbox 2968 1944 3036 1999; x_wconf 86' lang='lat' dir='ltr'><strong>ad</strong></span> <span class='ocrx_word' id='word_1_421' title='bbox 3090 1946 3232 2001; x_wconf 86' lang='lat' dir='ltr'><strong>nos?</strong></span> <span class='ocrx_word' id='word_1_422' title='bbox 3280 1955 3338 2001; x_wconf 89' lang='lat' dir='ltr'><strong>tu</strong></span> <span class='ocrx_word' id='word_1_423' title='bbox 3385 1948 3474 2001; x_wconf 73' lang='lat' dir='ltr'><strong>vi-</strong></span> 
     </span>
    </p>
   </div>
   <div class='ocr_carea' id='block_1_52' title="bbox 1868 2036 3471 2109">
    <p class='ocr_par' dir='ltr' id='par_1_52' title="bbox 1868 2036 3471 2109">
     <span class='ocr_line' id='line_1_52' title="bbox 1868 2036 3471 2109; baseline 0.002 -16"><span class='ocrx_word' id='word_1_424' title='bbox 1868 2040 2073 2102; x_wconf 85' lang='lat' dir='ltr'><strong>-deris,</strong></span> <span class='ocrx_word' id='word_1_425' title='bbox 2101 2048 2155 2095; x_wconf 87' lang='lat' dir='ltr'><strong>et</strong></span> <span class='ocrx_word' id='word_1_426' title='bbox 2198 2039 2459 2109; x_wconf 74' lang='lat' dir='ltr'><strong>proiectis</strong></span> <span class='ocrx_word' id='word_1_427' title='bbox 2494 2036 2767 2108; x_wconf 83' lang='lat' dir='ltr'><strong>argenteis</strong></span> <span class='ocrx_word' id='word_1_428' title='bbox 2826 2037 2881 2090; x_wconf 91' lang='lat' dir='ltr'><strong>in</strong></span> <span class='ocrx_word' id='word_1_429' title='bbox 2929 2037 3152 2106; x_wconf 87' lang='lat' dir='ltr'><strong>templo,</strong></span> <span class='ocrx_word' id='word_1_430' title='bbox 3196 2039 3471 2096; x_wconf 85' lang='lat' dir='ltr'><strong>recessit:</strong></span> 
     </span>
    </p>
   </div>
   <div class='ocr_carea' id='block_1_53' title="bbox 1905 2124 3474 2208">
    <p class='ocr_par' dir='ltr' id='par_1_53' title="bbox 1905 2124 3474 2208">
     <span class='ocr_line' id='line_1_53' title="bbox 1905 2124 3474 2208; baseline 0.001 -20"><span class='ocrx_word' id='word_1_431' title='bbox 1905 2142 1959 2188; x_wconf 84' lang='lat' dir='ltr'><strong>et</strong></span> <span class='ocrx_word' id='word_1_432' title='bbox 1991 2133 2178 2189; x_wconf 89' lang='lat' dir='ltr'><strong>abiens</strong></span> <span class='ocrx_word' id='word_1_433' title='bbox 2225 2133 2420 2202; x_wconf 79' lang='lat' dir='ltr'><strong>laqueo</strong></span> <span class='ocrx_word' id='word_1_434' title='bbox 2472 2146 2532 2187; x_wconf 88' lang='lat' dir='ltr'><strong>se</strong></span> <span class='ocrx_word' id='word_1_435' title='bbox 2590 2132 2905 2208; x_wconf 44' lang='lat' dir='ltr'><strong>suspendit.</strong></span> <span class='ocrx_word' id='word_1_436' title='bbox 2952 2124 3234 2203; x_wconf 85' lang='lat' dir='ltr'><strong>Principes</strong></span> <span class='ocrx_word' id='word_1_437' title='bbox 3290 2141 3474 2190; x_wconf 89' lang='lat' dir='ltr'><strong>autem</strong></span> 
     </span>
    </p>
   </div>
   <div class='ocr_carea' id='block_1_54' title="bbox 1906 2225 3477 2297">
    <p class='ocr_par' dir='ltr' id='par_1_54' title="bbox 1906 2225 3477 2297">
     <span class='ocr_line' id='line_1_54' title="bbox 1906 2225 3477 2297; baseline 0.003 -17"><span class='ocrx_word' id='word_1_438' title='bbox 1906 2225 2253 2280; x_wconf 83' lang='lat' dir='ltr'><strong>sacerdotum</strong></span> <span class='ocrx_word' id='word_1_439' title='bbox 2277 2225 2519 2295; x_wconf 85' lang='lat' dir='ltr'><strong>acceptis</strong></span> <span class='ocrx_word' id='word_1_440' title='bbox 2555 2227 2829 2297; x_wconf 69' lang='lat' dir='ltr'><strong>argenteis</strong></span> <span class='ocrx_word' id='word_1_441' title='bbox 2860 2226 3155 2282; x_wconf 81' lang='lat' dir='ltr'><strong>dixerunt:</strong></span> <span class='ocrx_word' id='word_1_442' title='bbox 3196 2227 3314 2283; x_wconf 91' lang='lat' dir='ltr'><strong>Non</strong></span> <span class='ocrx_word' id='word_1_443' title='bbox 3345 2230 3477 2285; x_wconf 89' lang='lat' dir='ltr'><strong>licet</strong></span> 
     </span>
    </p>
   </div>
   <div class='ocr_carea' id='block_1_55' title="bbox 1905 2318 3473 2390">
    <p class='ocr_par' dir='ltr' id='par_1_55' title="bbox 1905 2318 3473 2390">
     <span class='ocr_line' id='line_1_55' title="bbox 1905 2318 3473 2390; baseline 0.002 -17"><span class='ocrx_word' id='word_1_444' title='bbox 1905 2333 2000 2373; x_wconf 89' lang='lat' dir='ltr'><strong>eos</strong></span> <span class='ocrx_word' id='word_1_445' title='bbox 2057 2318 2274 2373; x_wconf 89' lang='lat' dir='ltr'><strong>mittere</strong></span> <span class='ocrx_word' id='word_1_446' title='bbox 2331 2319 2386 2371; x_wconf 93' lang='lat' dir='ltr'><strong>in</strong></span> <span class='ocrx_word' id='word_1_447' title='bbox 2443 2319 2787 2383; x_wconf 88' lang='lat' dir='ltr'><strong>corbanam,</strong></span> <span class='ocrx_word' id='word_1_448' title='bbox 2855 2319 2981 2389; x_wconf 83' lang='lat' dir='ltr'><strong>quia</strong></span> <span class='ocrx_word' id='word_1_449' title='bbox 3043 2321 3275 2390; x_wconf 87' lang='lat' dir='ltr'><strong>pretium</strong></span> <span class='ocrx_word' id='word_1_450' title='bbox 3344 2336 3473 2377; x_wconf 63' lang='lat' dir='ltr'><strong>san-</strong></span> 
     </span>
    </p>
   </div>
   <div class='ocr_carea' id='block_1_56' title="bbox 1906 2402 3476 2480">
    <p class='ocr_par' dir='ltr' id='par_1_56' title="bbox 1906 2402 3476 2480">
     <span class='ocr_line' id='line_1_56' title="bbox 1906 2402 3476 2480; baseline 0.003 -17"><span class='ocrx_word' id='word_1_451' title='bbox 1906 2402 2087 2480; x_wconf 80' lang='lat' dir='ltr'><strong>guinis</strong></span> <span class='ocrx_word' id='word_1_452' title='bbox 2149 2417 2253 2464; x_wconf 87' lang='lat' dir='ltr'><strong>est.</strong></span> <span class='ocrx_word' id='word_1_453' title='bbox 2311 2406 2558 2464; x_wconf 86' lang='lat' dir='ltr'><strong>Consilio</strong></span> <span class='ocrx_word' id='word_1_454' title='bbox 2625 2417 2805 2463; x_wconf 87' lang='lat' dir='ltr'><strong>autem</strong></span> <span class='ocrx_word' id='word_1_455' title='bbox 2866 2411 3046 2477; x_wconf 92' lang='lat' dir='ltr'><strong>inito,</strong></span> <span class='ocrx_word' id='word_1_456' title='bbox 3106 2417 3357 2467; x_wconf 90' lang='lat' dir='ltr'><strong>emerunt</strong></span> <span class='ocrx_word' id='word_1_457' title='bbox 3408 2428 3476 2468; x_wconf 78' lang='lat' dir='ltr'><strong>ex</strong></span> 
     </span>
    </p>
   </div>
   <div class='ocr_carea' id='block_1_57' title="bbox 1908 2501 3517 2577">
    <p class='ocr_par' dir='ltr' id='par_1_57' title="bbox 1908 2501 3517 2577">
     <span class='ocr_line' id='line_1_57' title="bbox 1908 2501 3517 2577; baseline 0.003 -23"><span class='ocrx_word' id='word_1_458' title='bbox 1908 2502 2015 2556; x_wconf 91' lang='lat' dir='ltr'><strong>illis</strong></span> <span class='ocrx_word' id='word_1_459' title='bbox 2082 2514 2270 2571; x_wconf 81' lang='lat' dir='ltr'><strong>agrum</strong></span> <span class='ocrx_word' id='word_1_460' title='bbox 2331 2501 2478 2571; x_wconf 88' lang='lat' dir='ltr'><strong>ﬁguli</strong></span> <span class='ocrx_word' id='word_1_461' title='bbox 2535 2501 2591 2555; x_wconf 90' lang='lat' dir='ltr'><strong>in</strong></span> <span class='ocrx_word' id='word_1_462' title='bbox 2644 2502 2976 2571; x_wconf 75' lang='lat' dir='ltr'><strong>sepulturam</strong></span> <span class='ocrx_word' id='word_1_463' title='bbox 3040 2503 3517 2577; x_wconf 26' lang='lat' dir='ltr'><strong>peregrinorum“</strong></span> 
     </span>
    </p>
   </div>
   <div class='ocr_carea' id='block_1_58' title="bbox 1906 2586 3476 2663">
    <p class='ocr_par' dir='ltr' id='par_1_58' title="bbox 1906 2586 3476 2663">
     <span class='ocr_line' id='line_1_58' title="bbox 1906 2586 3476 2663; baseline 0 -16"><span class='ocrx_word' id='word_1_464' title='bbox 1906 2589 2067 2662; x_wconf 63' lang='grc'><strong>481</strong></span> <span class='ocrx_word' id='word_1_465' title='bbox 2102 2586 2446 2661; x_wconf 83' lang='lat' dir='ltr'><strong>Quapropter</strong></span> <span class='ocrx_word' id='word_1_466' title='bbox 2474 2598 2699 2645; x_wconf 83' lang='lat' dir='ltr'><strong>vocatus</strong></span> <span class='ocrx_word' id='word_1_467' title='bbox 2736 2600 2820 2646; x_wconf 90' lang='lat' dir='ltr'><strong>est</strong></span> <span class='ocrx_word' id='word_1_468' title='bbox 2862 2606 2991 2662; x_wconf 89' lang='lat' dir='ltr'><strong>ager</strong></span> <span class='ocrx_word' id='word_1_469' title='bbox 3037 2593 3146 2657; x_wconf 91' lang='lat' dir='ltr'><strong>ille,</strong></span> <span class='ocrx_word' id='word_1_470' title='bbox 3180 2609 3310 2663; x_wconf 86' lang='lat' dir='ltr'><strong>ager</strong></span> <span class='ocrx_word' id='word_1_471' title='bbox 3344 2610 3476 2649; x_wconf 79' lang='lat' dir='ltr'><strong>san-</strong></span> 
     </span>
    </p>
   </div>
   <div class='ocr_carea' id='block_1_59' title="bbox 1907 2682 3476 2757">
    <p class='ocr_par' dir='ltr' id='par_1_59' title="bbox 1907 2682 3476 2757">
     <span class='ocr_line' id='line_1_59' title="bbox 1907 2682 3476 2757; baseline 0.003 -21"><span class='ocrx_word' id='word_1_472' title='bbox 1907 2682 2107 2752; x_wconf 82' lang='lat' dir='ltr'><strong>guinis,</strong></span> <span class='ocrx_word' id='word_1_473' title='bbox 2141 2699 2314 2754; x_wconf 89' lang='lat' dir='ltr'><strong>usque</strong></span> <span class='ocrx_word' id='word_1_474' title='bbox 2341 2682 2409 2737; x_wconf 92' lang='lat' dir='ltr'><strong>ad</strong></span> <span class='ocrx_word' id='word_1_475' title='bbox 2448 2694 2767 2753; x_wconf 80' lang='lat' dir='ltr'><strong>praesentem</strong></span> <span class='ocrx_word' id='word_1_476' title='bbox 2804 2683 2966 2738; x_wconf 89' lang='lat' dir='ltr'><strong>diem.</strong></span> <span class='ocrx_word' id='word_1_477' title='bbox 3010 2682 3165 2738; x_wconf 89' lang='lat' dir='ltr'><strong>Tunc</strong></span> <span class='ocrx_word' id='word_1_478' title='bbox 3196 2686 3476 2757; x_wconf 85' lang='lat' dir='ltr'><strong>impletum</strong></span> 
     </span>
    </p>
   </div>
   <div class='ocr_carea' id='block_1_60' title="bbox 1908 2773 3480 2848">
    <p class='ocr_par' dir='ltr' id='par_1_60' title="bbox 1908 2773 3480 2848">
     <span class='ocr_line' id='line_1_60' title="bbox 1908 2773 3480 2848; baseline 0.005 -19"><span class='ocrx_word' id='word_1_479' title='bbox 1908 2782 1994 2830; x_wconf 91' lang='lat' dir='ltr'><strong>est</strong></span> <span class='ocrx_word' id='word_1_480' title='bbox 2026 2776 2170 2844; x_wconf 91' lang='lat' dir='ltr'><strong>quod</strong></span> <span class='ocrx_word' id='word_1_481' title='bbox 2202 2776 2410 2830; x_wconf 90' lang='lat' dir='ltr'><strong>dictum</strong></span> <span class='ocrx_word' id='word_1_482' title='bbox 2446 2783 2530 2832; x_wconf 87' lang='lat' dir='ltr'><strong>est</strong></span> <span class='ocrx_word' id='word_1_483' title='bbox 2561 2791 2657 2846; x_wconf 90' lang='lat' dir='ltr'><strong>per</strong></span> <span class='ocrx_word' id='word_1_484' title='bbox 2704 2773 2995 2831; x_wconf 83' lang='lat' dir='ltr'><strong>Jeremiam</strong></span> <span class='ocrx_word' id='word_1_485' title='bbox 3022 2778 3340 2848; x_wconf 80' lang='lat' dir='ltr'><strong>prophetam</strong></span> <span class='ocrx_word' id='word_1_486' title='bbox 3393 2779 3480 2837; x_wconf 89' lang='lat' dir='ltr'><strong>di-</strong></span> 
     </span>
    </p>
   </div>
   <div class='ocr_carea' id='block_1_61' title="bbox 1910 2866 3477 2940">
    <p class='ocr_par' dir='ltr' id='par_1_61' title="bbox 1910 2866 3477 2940">
     <span class='ocr_line' id='line_1_61' title="bbox 1910 2866 3477 2940; baseline 0.004 -19"><span class='ocrx_word' id='word_1_487' title='bbox 1910 2875 2122 2922; x_wconf 86' lang='lat' dir='ltr'><strong>centem</strong></span> <span class='ocrx_word' id='word_1_488' title='bbox 2157 2875 2170 2922; x_wconf 73' lang='grc' dir='ltr'><em>ὲ</em></span> <span class='ocrx_word' id='word_1_489' title='bbox 2201 2866 2268 2921; x_wconf 84' lang='grc' dir='ltr'>Ει</span> <span class='ocrx_word' id='word_1_490' title='bbox 2297 2869 2627 2939; x_wconf 78' lang='lat' dir='ltr'><strong>acceperunt</strong></span> <span class='ocrx_word' id='word_1_491' title='bbox 2663 2869 2886 2940; x_wconf 74' lang='lat' dir='ltr'><strong>triginta</strong></span> <span class='ocrx_word' id='word_1_492' title='bbox 2929 2879 3215 2939; x_wconf 82' lang='lat' dir='ltr'><strong>argenteos</strong></span> <span class='ocrx_word' id='word_1_493' title='bbox 3241 2873 3477 2940; x_wconf 87' lang='lat' dir='ltr'><strong>pretium</strong></span> 
     </span>
    </p>
   </div>
   <div class='ocr_carea' id='block_1_62' title="bbox 1912 2958 3480 3032">
    <p class='ocr_par' dir='ltr' id='par_1_62' title="bbox 1912 2958 3480 3032">
     <span class='ocr_line' id='line_1_62' title="bbox 1912 2958 3480 3032; baseline 0.004 -20"><span class='ocrx_word' id='word_1_494' title='bbox 1912 2958 2220 3029; x_wconf 88' lang='lat' dir='ltr'><strong>appretiati,</strong></span> <span class='ocrx_word' id='word_1_495' title='bbox 2274 2974 2436 3032; x_wconf 85' lang='lat' dir='ltr'><strong>quem</strong></span> <span class='ocrx_word' id='word_1_496' title='bbox 2489 2961 2930 3031; x_wconf 83' lang='lat' dir='ltr'><strong>appretiaverunt</strong></span> <span class='ocrx_word' id='word_1_497' title='bbox 2971 2977 3001 3015; x_wconf 91' lang='lat' dir='ltr'><strong>a</strong></span> <span class='ocrx_word' id='word_1_498' title='bbox 3046 2962 3171 3017; x_wconf 88' lang='lat' dir='ltr'><strong>ﬁliis</strong></span> <span class='ocrx_word' id='word_1_499' title='bbox 3201 2962 3389 3026; x_wconf 89' lang='lat' dir='ltr'><strong>Israel,</strong></span> <span class='ocrx_word' id='word_1_500' title='bbox 3423 2971 3480 3019; x_wconf 90' lang='lat' dir='ltr'><strong>et</strong></span> 
     </span>
    </p>
   </div>
   <div class='ocr_carea' id='block_1_63' title="bbox 1911 3048 3479 3123">
    <p class='ocr_par' dir='ltr' id='par_1_63' title="bbox 1911 3048 3479 3123">
     <span class='ocr_line' id='line_1_63' title="bbox 1911 3048 3479 3123; baseline 0.003 -19"><span class='ocrx_word' id='word_1_501' title='bbox 1911 3048 2180 3105; x_wconf 91' lang='lat' dir='ltr'><strong>dederunt</strong></span> <span class='ocrx_word' id='word_1_502' title='bbox 2210 3063 2306 3105; x_wconf 87' lang='lat' dir='ltr'><strong>eos</strong></span> <span class='ocrx_word' id='word_1_503' title='bbox 2338 3049 2396 3104; x_wconf 90' lang='lat' dir='ltr'><strong>in</strong></span> <span class='ocrx_word' id='word_1_504' title='bbox 2426 3064 2616 3121; x_wconf 81' lang='lat' dir='ltr'><strong>agrum</strong></span> <span class='ocrx_word' id='word_1_505' title='bbox 2648 3050 2819 3123; x_wconf 85' lang='lat' dir='ltr'><strong>ﬁguli,</strong></span> <span class='ocrx_word' id='word_1_506' title='bbox 2854 3054 3000 3109; x_wconf 90' lang='lat' dir='ltr'><strong>sicut</strong></span> <span class='ocrx_word' id='word_1_507' title='bbox 3034 3054 3316 3109; x_wconf 89' lang='lat' dir='ltr'><strong>constituit</strong></span> <span class='ocrx_word' id='word_1_508' title='bbox 3344 3054 3479 3108; x_wconf 90' lang='lat' dir='ltr'><strong>mihi</strong></span> 
     </span>
    </p>
   </div>
   <div class='ocr_carea' id='block_1_64' title="bbox 229 3139 1809 3215">
    <p class='ocr_par' dir='ltr' id='par_1_64' title="bbox 229 3141 1809 3215">
     <span class='ocr_line' id='line_1_64' title="bbox 229 3141 1809 3215; baseline -0.001 -17"><span class='ocrx_word' id='word_1_509' title='bbox 229 3144 460 3215; x_wconf 80' lang='grc' dir='ltr'>σφάλμα</span> <span class='ocrx_word' id='word_1_510' title='bbox 505 3142 772 3215; x_wconf 80' lang='grc' dir='ltr'>γραφικδν</span> <span class='ocrx_word' id='word_1_511' title='bbox 821 3142 1139 3213; x_wconf 86' lang='grc' dir='ltr'>γεγονέναι,</span> <span class='ocrx_word' id='word_1_512' title='bbox 1190 3141 1296 3196; x_wconf 82' lang='grc' dir='ltr'><strong>τῶν</strong></span> <span class='ocrx_word' id='word_1_513' title='bbox 1340 3142 1702 3215; x_wconf 78' lang='grc' dir='ltr'>ἀμελέστερον</span> <span class='ocrx_word' id='word_1_514' title='bbox 1743 3144 1809 3198; x_wconf 82' lang='grc' dir='ltr'>τὰ</span> 
     </span>
    </p>
   </div>
   <div class='ocr_carea' id='block_1_65' title="bbox 1912 3139 3481 3215">
    <p class='ocr_par' dir='ltr' id='par_1_65' title="bbox 1915 3139 3481 3214">
     <span class='ocr_line' id='line_1_65' title="bbox 1915 3139 3481 3214; baseline 0.005 -21"><span class='ocrx_word' id='word_1_515' title='bbox 1915 3139 2179 3197; x_wconf 88' lang='lat' dir='ltr'><strong>Dominus</strong></span> <span class='ocrx_word' id='word_1_516' title='bbox 2202 3141 2269 3197; x_wconf 89' lang='lat'><strong>&#39;&quot;.</strong></span> <span class='ocrx_word' id='word_1_517' title='bbox 2309 3160 2329 3195; x_wconf 75' lang='grc' dir='ltr'>ι</span> <span class='ocrx_word' id='word_1_518' title='bbox 2364 3139 2467 3197; x_wconf 91' lang='lat' dir='ltr'><strong>Ubi</strong></span> <span class='ocrx_word' id='word_1_519' title='bbox 2495 3141 2780 3214; x_wconf 84' lang='lat' dir='ltr'><strong>diligenter</strong></span> <span class='ocrx_word' id='word_1_520' title='bbox 2810 3144 3202 3208; x_wconf 83' lang='lat' dir='ltr'><strong>considerabis,</strong></span> <span class='ocrx_word' id='word_1_521' title='bbox 3227 3145 3481 3201; x_wconf 74' lang='lat' dir='ltr'><strong>cumhtec</strong></span> 
     </span>
    </p>
   </div>
   <div class='ocr_carea' id='block_1_66' title="bbox 227 3234 1813 3307">
    <p class='ocr_par' dir='ltr' id='par_1_66' title="bbox 227 3234 1813 3307">
     <span class='ocr_line' id='line_1_66' title="bbox 227 3234 1813 3307; baseline 0.002 -20"><span class='ocrx_word' id='word_1_522' title='bbox 227 3236 343 3289; x_wconf 77' lang='grc' dir='ltr'><strong>τῶν</strong></span> <span class='ocrx_word' id='word_1_523' title='bbox 374 3234 534 3307; x_wconf 84' lang='grc' dir='ltr'>ἱερῶν</span> <span class='ocrx_word' id='word_1_524' title='bbox 556 3234 900 3305; x_wconf 84' lang='grc' dir='ltr'>Εὐαγγελίων</span> <span class='ocrx_word' id='word_1_525' title='bbox 929 3235 1236 3307; x_wconf 81' lang='grc' dir='ltr'>ἀντίγραφα</span> <span class='ocrx_word' id='word_1_526' title='bbox 1266 3235 1648 3305; x_wconf 79' lang='grc' dir='ltr'>πεποιημένων</span> <span class='ocrx_word' id='word_1_527' title='bbox 1683 3253 1813 3306; x_wconf 84' lang='grc' dir='ltr'>σφα-</span> 
     </span>
    </p>
   </div>
   <div class='ocr_carea' id='block_1_67' title="bbox 228 3312 1812 3399">
    <p class='ocr_par' dir='ltr' id='par_1_67' title="bbox 228 3312 1812 3399">
     <span class='ocr_line' id='line_1_67' title="bbox 228 3312 1812 3399; baseline 0.001 -18"><span class='ocrx_word' id='word_1_528' title='bbox 228 3312 419 3392; x_wconf 76' lang='grc' dir='ltr'>λέντος</span> <span class='ocrx_word' id='word_1_529' title='bbox 450 3328 614 3392; x_wconf 79' lang='grc' dir='ltr'>τινὸς,</span> <span class='ocrx_word' id='word_1_530' title='bbox 648 3328 744 3382; x_wconf 76' lang='grc' dir='ltr'><strong>καὶ</strong></span> <span class='ocrx_word' id='word_1_531' title='bbox 783 3327 904 3381; x_wconf 73' lang='grc' dir='ltr'>ἀντὶ</span> <span class='ocrx_word' id='word_1_532' title='bbox 956 3328 1053 3398; x_wconf 80' lang='grc' dir='ltr'><strong>μὲν</strong></span> <span class='ocrx_word' id='word_1_533' title='bbox 1096 3326 1191 3380; x_wconf 78' lang='grc' dir='ltr'>τοῦ</span> <span class='ocrx_word' id='word_1_534' title='bbox 1237 3326 1503 3399; x_wconf 88' lang='grc' dir='ltr'>Ζαχαρίου</span> <span class='ocrx_word' id='word_1_535' title='bbox 1547 3326 1812 3399; x_wconf 81' lang='grc' dir='ltr'>Ἱερεμίαν</span> 
     </span>
    </p>
   </div>
   <div class='ocr_carea' id='block_1_68' title="bbox 227 3419 1812 3491">
    <p class='ocr_par' dir='ltr' id='par_1_68' title="bbox 227 3419 1812 3491">
     <span class='ocr_line' id='line_1_68' title="bbox 227 3419 1812 3491; baseline -0.002 -15"><span class='ocrx_word' id='word_1_536' title='bbox 227 3421 559 3485; x_wconf 67' lang='grc' dir='ltr'>τεθεικότος,</span> <span class='ocrx_word' id='word_1_537' title='bbox 593 3420 669 3485; x_wconf 84' lang='grc' dir='ltr'><strong>ὡς</strong></span> <span class='ocrx_word' id='word_1_538' title='bbox 707 3421 826 3479; x_wconf 81' lang='grc' dir='ltr'>δέον</span> <span class='ocrx_word' id='word_1_539' title='bbox 877 3420 1054 3484; x_wconf 73' lang='grc' dir='ltr'>οὕτως</span> <span class='ocrx_word' id='word_1_540' title='bbox 1102 3419 1552 3491; x_wconf 82' lang='grc' dir='ltr'>ἀναγεγράφθαι·</span> <span class='ocrx_word' id='word_1_541' title='bbox 1602 3438 1621 3471; x_wconf 77' lang='lat' dir='ltr'><strong>r</strong></span> <span class='ocrx_word' id='word_1_542' title='bbox 1680 3420 1812 3474; x_wconf 88' lang='grc' dir='ltr'>Τότε</span> 
     </span>
    </p>
   </div>
   <div class='ocr_carea' id='block_1_69' title="bbox 227 3511 1808 3586">
    <p class='ocr_par' dir='ltr' id='par_1_69' title="bbox 227 3511 1808 3586">
     <span class='ocr_line' id='line_1_69' title="bbox 227 3511 1808 3586; baseline -0.003 -18"><span class='ocrx_word' id='word_1_543' title='bbox 227 3512 530 3586; x_wconf 78' lang='grc' dir='ltr'>ἐπληρώθη</span> <span class='ocrx_word' id='word_1_544' title='bbox 562 3512 625 3566; x_wconf 81' lang='grc' dir='ltr'><strong>τὸ</strong></span> <span class='ocrx_word' id='word_1_545' title='bbox 660 3513 823 3584; x_wconf 75' lang='grc' dir='ltr'>ῥηθὲν</span> <span class='ocrx_word' id='word_1_546' title='bbox 865 3512 955 3565; x_wconf 78' lang='grc' dir='ltr'><strong>διὰ</strong></span> <span class='ocrx_word' id='word_1_547' title='bbox 996 3514 1266 3584; x_wconf 87' lang='grc' dir='ltr'>Ζαχαρίου</span> <span class='ocrx_word' id='word_1_548' title='bbox 1307 3511 1401 3565; x_wconf 77' lang='grc' dir='ltr'><strong>τοῦ</strong></span> <span class='ocrx_word' id='word_1_549' title='bbox 1432 3512 1709 3583; x_wconf 83' lang='grc' dir='ltr'>προφήτου</span> <span class='ocrx_word' id='word_1_550' title='bbox 1733 3527 1748 3541; x_wconf 74' lang='grc'><strong><em>⁸</em></strong></span> <span class='ocrx_word' id='word_1_551' title='bbox 1790 3530 1808 3564; x_wconf 70' lang='grc' dir='ltr'>ι</span> 
     </span>
    </p>
   </div>
   <div class='ocr_carea' id='block_1_70' title="bbox 229 3598 1816 3681">
    <p class='ocr_par' dir='ltr' id='par_1_70' title="bbox 229 3598 1816 3681">
     <span class='ocr_line' id='line_1_70' title="bbox 229 3598 1816 3681; baseline -0.001 -22"><span class='ocrx_word' id='word_1_552' title='bbox 229 3605 359 3661; x_wconf 74' lang='grc' dir='ltr'>ἀντὶ</span> <span class='ocrx_word' id='word_1_553' title='bbox 399 3605 455 3659; x_wconf 84' lang='grc' dir='ltr'><strong>δέ</strong></span> <span class='ocrx_word' id='word_1_554' title='bbox 492 3605 608 3681; x_wconf 64' lang='lat' dir='ltr'><strong>cuii,</strong></span> <span class='ocrx_word' id='word_1_555' title='bbox 648 3624 667 3657; x_wconf 76' lang='grc' dir='ltr'>ι</span> <span class='ocrx_word' id='word_1_556' title='bbox 721 3604 1001 3659; x_wconf 87' lang='grc' dir='ltr'>Ἐνέϐαλον</span> <span class='ocrx_word' id='word_1_557' title='bbox 1047 3604 1245 3667; x_wconf 74' lang='grc' dir='ltr'>αὐτοὺς</span> <span class='ocrx_word' id='word_1_558' title='bbox 1277 3604 1357 3667; x_wconf 87' lang='grc' dir='ltr'><strong>είς</strong></span> <span class='ocrx_word' id='word_1_559' title='bbox 1398 3602 1489 3656; x_wconf 82' lang='grc' dir='ltr'><strong>τὸν</strong></span> <span class='ocrx_word' id='word_1_560' title='bbox 1520 3598 1668 3656; x_wconf 80' lang='grc' dir='ltr'>οἷκον</span> <span class='ocrx_word' id='word_1_561' title='bbox 1700 3604 1816 3657; x_wconf 82' lang='grc' dir='ltr'>Κυ-</span> 
     </span>
    </p>
   </div>
   <div class='ocr_carea' id='block_1_71' title="bbox 235 3696 1811 3771">
    <p class='ocr_par' dir='ltr' id='par_1_71' title="bbox 235 3696 1811 3771">
     <span class='ocr_line' id='line_1_71' title="bbox 235 3696 1811 3771; baseline -0.003 -17"><span class='ocrx_word' id='word_1_562' title='bbox 235 3699 381 3771; x_wconf 72' lang='grc' dir='ltr'>ρίου,</span> <span class='ocrx_word' id='word_1_563' title='bbox 404 3701 485 3764; x_wconf 81' lang='grc' dir='ltr'><strong>εἰς</strong></span> <span class='ocrx_word' id='word_1_564' title='bbox 513 3696 574 3752; x_wconf 82' lang='grc' dir='ltr'>τὸ</span> <span class='ocrx_word' id='word_1_565' title='bbox 597 3700 975 3771; x_wconf 83' lang='grc' dir='ltr'>χωνευτήριον,</span> <span class='ocrx_word' id='word_1_566' title='bbox 1004 3717 1023 3750; x_wconf 74' lang='grc' dir='ltr'>ι</span> <span class='ocrx_word' id='word_1_567' title='bbox 1052 3697 1401 3768; x_wconf 80' lang='grc' dir='ltr'>ἐσφαλμένως</span> <span class='ocrx_word' id='word_1_568' title='bbox 1433 3696 1811 3768; x_wconf 59' lang='grc' dir='ltr'>πεποιηκότος</span> 
     </span>
    </p>
   </div>
   <div class='ocr_carea' id='block_1_72' title="bbox 239 3785 1809 3863">
    <p class='ocr_par' dir='ltr' id='par_1_72' title="bbox 239 3785 1809 3863">
     <span class='ocr_line' id='line_1_72' title="bbox 239 3785 1809 3863; baseline -0.001 -19"><span class='ocrx_word' id='word_1_569' title='bbox 239 3808 262 3822; x_wconf 65' lang='grc' dir='ltr'><strong><em>υ</em></strong></span> <span class='ocrx_word' id='word_1_570' title='bbox 298 3792 412 3845; x_wconf 85' lang='lat' dir='ltr'><strong>Kal</strong></span> <span class='ocrx_word' id='word_1_571' title='bbox 444 3791 650 3844; x_wconf 76' lang='grc' dir='ltr'>ἔδωκαν</span> <span class='ocrx_word' id='word_1_572' title='bbox 685 3791 824 3844; x_wconf 79' lang='grc' dir='ltr'>αὐτὰ</span> <span class='ocrx_word' id='word_1_573' title='bbox 851 3793 930 3854; x_wconf 81' lang='grc' dir='ltr'>εἰς</span> <span class='ocrx_word' id='word_1_574' title='bbox 953 3790 1043 3843; x_wconf 77' lang='grc' dir='ltr'><strong>τὸν</strong></span> <span class='ocrx_word' id='word_1_575' title='bbox 1087 3789 1254 3862; x_wconf 80' lang='grc' dir='ltr'>ἀγρὸν</span> <span class='ocrx_word' id='word_1_576' title='bbox 1300 3789 1395 3844; x_wconf 80' lang='grc' dir='ltr'>τοῦ</span> <span class='ocrx_word' id='word_1_577' title='bbox 1427 3785 1734 3863; x_wconf 76' lang='grc' dir='ltr'>κεραμέως.</span> <span class='ocrx_word' id='word_1_578' title='bbox 1791 3810 1809 3843; x_wconf 77' lang='grc' dir='ltr'>ι</span> 
     </span>
    </p>
   </div>
   <div class='ocr_carea' id='block_1_73' title="bbox 232 3881 1815 3956">
    <p class='ocr_par' dir='ltr' id='par_1_73' title="bbox 232 3881 1815 3956">
     <span class='ocr_line' id='line_1_73' title="bbox 232 3881 1815 3956; baseline -0.001 -17"><span class='ocrx_word' id='word_1_579' title='bbox 232 3884 439 3954; x_wconf 76' lang='grc' dir='ltr'>Σαφῶς</span> <span class='ocrx_word' id='word_1_580' title='bbox 458 3882 567 3955; x_wconf 76' lang='grc' dir='ltr'>γὰρ</span> <span class='ocrx_word' id='word_1_581' title='bbox 598 3884 685 3937; x_wconf 77' lang='grc' dir='ltr'><strong>διὰ</strong></span> <span class='ocrx_word' id='word_1_582' title='bbox 720 3884 817 3955; x_wconf 78' lang='grc' dir='ltr'><strong>μὲν</strong></span> <span class='ocrx_word' id='word_1_583' title='bbox 848 3884 947 3954; x_wconf 81' lang='grc' dir='ltr'>τῆς</span> <span class='ocrx_word' id='word_1_584' title='bbox 979 3882 1312 3956; x_wconf 79' lang='grc' dir='ltr'>προφητείας</span> <span class='ocrx_word' id='word_1_585' title='bbox 1343 3886 1426 3948; x_wconf 84' lang='grc' dir='ltr'><strong>εἰς</strong></span> <span class='ocrx_word' id='word_1_586' title='bbox 1450 3881 1542 3936; x_wconf 72' lang='grc' dir='ltr'>τὸν</span> <span class='ocrx_word' id='word_1_587' title='bbox 1572 3885 1666 3937; x_wconf 83' lang='grc' dir='ltr'>τοῦ</span> <span class='ocrx_word' id='word_1_588' title='bbox 1699 3886 1815 3938; x_wconf 87' lang='grc' dir='ltr'>Κυ-</span> 
     </span>
    </p>
   </div>
   <div class='ocr_carea' id='block_1_74' title="bbox 236 3970 1816 4051">
    <p class='ocr_par' dir='ltr' id='par_1_74' title="bbox 236 3970 1816 4051">
     <span class='ocr_line' id='line_1_74' title="bbox 236 3970 1816 4051; baseline -0.001 -20"><span class='ocrx_word' id='word_1_589' title='bbox 236 3978 359 4051; x_wconf 87' lang='grc' dir='ltr'>ρίου</span> <span class='ocrx_word' id='word_1_590' title='bbox 392 3977 518 4029; x_wconf 80' lang='grc' dir='ltr'>ναὸν</span> <span class='ocrx_word' id='word_1_591' title='bbox 551 3975 806 4048; x_wconf 73' lang='grc' dir='ltr'>ἐρρίφθαι</span> <span class='ocrx_word' id='word_1_592' title='bbox 839 3974 1057 4045; x_wconf 82' lang='grc' dir='ltr'>λέγεται</span> <span class='ocrx_word' id='word_1_593' title='bbox 1088 3970 1150 4027; x_wconf 82' lang='grc' dir='ltr'>τὸ</span> <span class='ocrx_word' id='word_1_594' title='bbox 1180 3974 1462 4046; x_wconf 84' lang='grc' dir='ltr'>ἀργύριον,</span> <span class='ocrx_word' id='word_1_595' title='bbox 1497 3972 1594 4027; x_wconf 71' lang='grc' dir='ltr'>καὶ</span> <span class='ocrx_word' id='word_1_596' title='bbox 1618 3975 1687 4028; x_wconf 78' lang='grc' dir='ltr'><strong>δι’</strong></span> <span class='ocrx_word' id='word_1_597' title='bbox 1723 3976 1816 4029; x_wconf 85' lang='grc' dir='ltr'><strong>αὑ-</strong></span> 
     </span>
    </p>
   </div>
   <div class='ocr_carea' id='block_1_75' title="bbox 232 4054 1811 4137">
    <p class='ocr_par' dir='ltr' id='par_1_75' title="bbox 232 4054 1811 4137">
     <span class='ocr_line' id='line_1_75' title="bbox 232 4054 1811 4137; baseline -0.004 -14"><span class='ocrx_word' id='word_1_598' title='bbox 232 4069 336 4124; x_wconf 79' lang='grc' dir='ltr'>τοῦ</span> <span class='ocrx_word' id='word_1_599' title='bbox 367 4068 427 4122; x_wconf 85' lang='grc' dir='ltr'><strong>δέ</strong></span> <span class='ocrx_word' id='word_1_600' title='bbox 451 4066 546 4121; x_wconf 77' lang='grc' dir='ltr'>τοῦ</span> <span class='ocrx_word' id='word_1_601' title='bbox 575 4067 906 4137; x_wconf 74' lang='grc' dir='ltr'>Εὐαγγελίου</span> <span class='ocrx_word' id='word_1_602' title='bbox 931 4068 1012 4131; x_wconf 77' lang='grc' dir='ltr'><strong>είς</strong></span> <span class='ocrx_word' id='word_1_603' title='bbox 1042 4066 1133 4120; x_wconf 84' lang='grc' dir='ltr'><strong>τὸν</strong></span> <span class='ocrx_word' id='word_1_604' title='bbox 1162 4067 1305 4119; x_wconf 79' lang='grc' dir='ltr'>ναόν;</span> <span class='ocrx_word' id='word_1_605' title='bbox 1334 4085 1353 4118; x_wconf 84' lang='grc'><em>‹</em></span> <span class='ocrx_word' id='word_1_606' title='bbox 1395 4054 1583 4136; x_wconf 77' lang='grc' dir='ltr'>Ῥίψας</span> <span class='ocrx_word' id='word_1_607' title='bbox 1610 4065 1763 4136; x_wconf 78' lang='grc' dir='ltr'>γοῦν,</span> <span class='ocrx_word' id='word_1_608' title='bbox 1791 4085 1811 4117; x_wconf 70' lang='grc' dir='ltr'>ι</span> 
     </span>
    </p>
   </div>
   <div class='ocr_carea' id='block_1_76' title="bbox 236 4156 1810 4235">
    <p class='ocr_par' dir='ltr' id='par_1_76' title="bbox 236 4156 1810 4235">
     <span class='ocr_line' id='line_1_76' title="bbox 236 4156 1810 4235; baseline -0.004 -19"><span class='ocrx_word' id='word_1_609' title='bbox 236 4164 427 4235; x_wconf 71' lang='grc' dir='ltr'>φησιν,</span> <span class='ocrx_word' id='word_1_610' title='bbox 452 4181 470 4212; x_wconf 73' lang='grc' dir='ltr'><em>α</em></span> <span class='ocrx_word' id='word_1_611' title='bbox 503 4161 702 4224; x_wconf 80' lang='grc' dir='ltr'>Ἰούδας</span> <span class='ocrx_word' id='word_1_612' title='bbox 720 4160 789 4213; x_wconf 85' lang='grc' dir='ltr'>τὰ</span> <span class='ocrx_word' id='word_1_613' title='bbox 809 4160 1046 4232; x_wconf 82' lang='grc' dir='ltr'>ἀργύρια</span> <span class='ocrx_word' id='word_1_614' title='bbox 1064 4160 1144 4222; x_wconf 84' lang='grc' dir='ltr'><strong>είς</strong></span> <span class='ocrx_word' id='word_1_615' title='bbox 1165 4158 1255 4212; x_wconf 85' lang='grc' dir='ltr'><strong>τὸν</strong></span> <span class='ocrx_word' id='word_1_616' title='bbox 1276 4158 1424 4224; x_wconf 80' lang='grc' dir='ltr'>ναὸν,</span> <span class='ocrx_word' id='word_1_617' title='bbox 1445 4156 1777 4230; x_wconf 82' lang='grc' dir='ltr'>ἀνεχώρησε.</span> <span class='ocrx_word' id='word_1_618' title='bbox 1792 4176 1810 4210; x_wconf 87' lang='grc'>›</span> 
     </span>
    </p>
   </div>
   <div class='ocr_carea' id='block_1_77' title="bbox 236 4250 1816 4326">
    <p class='ocr_par' dir='ltr' id='par_1_77' title="bbox 236 4250 1816 4326">
     <span class='ocr_line' id='line_1_77' title="bbox 236 4250 1816 4326; baseline -0.004 -17"><span class='ocrx_word' id='word_1_619' title='bbox 236 4256 354 4309; x_wconf 82' lang='lat' dir='ltr'><strong>Kal</strong></span> <span class='ocrx_word' id='word_1_620' title='bbox 398 4254 545 4317; x_wconf 82' lang='grc' dir='ltr'>εἰκός</span> <span class='ocrx_word' id='word_1_621' title='bbox 575 4270 638 4323; x_wconf 80' lang='grc' dir='ltr'><strong>γε</strong></span> <span class='ocrx_word' id='word_1_622' title='bbox 675 4252 732 4319; x_wconf 81' lang='grc' dir='ltr'><strong>ἐξ</strong></span> <span class='ocrx_word' id='word_1_623' title='bbox 761 4254 982 4307; x_wconf 77' lang='grc' dir='ltr'>ἐκείνων</span> <span class='ocrx_word' id='word_1_624' title='bbox 1009 4251 1117 4305; x_wconf 85' lang='grc' dir='ltr'>τῶν</span> <span class='ocrx_word' id='word_1_625' title='bbox 1148 4250 1427 4326; x_wconf 88' lang='grc' dir='ltr'>ἀργυρίων</span> <span class='ocrx_word' id='word_1_626' title='bbox 1460 4250 1685 4322; x_wconf 90' lang='grc' dir='ltr'>βέϐηλον</span> <span class='ocrx_word' id='word_1_627' title='bbox 1722 4267 1816 4318; x_wconf 89' lang='grc' dir='ltr'>γε-</span> 
     </span>
    </p>
   </div>
   <div class='ocr_carea' id='block_1_78' title="bbox 237 4343 1818 4418">
    <p class='ocr_par' dir='ltr' id='par_1_78' title="bbox 237 4343 1818 4418">
     <span class='ocr_line' id='line_1_78' title="bbox 237 4343 1818 4418; baseline -0.004 -16"><span class='ocrx_word' id='word_1_628' title='bbox 237 4348 457 4417; x_wconf 82' lang='grc' dir='ltr'>γονέναι</span> <span class='ocrx_word' id='word_1_629' title='bbox 483 4347 575 4401; x_wconf 86' lang='grc' dir='ltr'><strong>τὸν</strong></span> <span class='ocrx_word' id='word_1_630' title='bbox 606 4346 752 4411; x_wconf 76' lang='grc' dir='ltr'>ναὸν,</span> <span class='ocrx_word' id='word_1_631' title='bbox 787 4347 881 4400; x_wconf 76' lang='grc' dir='ltr'><strong>καὶ</strong></span> <span class='ocrx_word' id='word_1_632' title='bbox 907 4345 1298 4418; x_wconf 82' lang='grc' dir='ltr'>πεπληρῶσθαι</span> <span class='ocrx_word' id='word_1_633' title='bbox 1324 4344 1407 4411; x_wconf 70' lang='grc' dir='ltr'><strong>τὸ,</strong></span> <span class='ocrx_word' id='word_1_634' title='bbox 1440 4362 1458 4396; x_wconf 75' lang='grc' dir='ltr'>ι</span> <span class='ocrx_word' id='word_1_635' title='bbox 1500 4343 1632 4397; x_wconf 86' lang='grc' dir='ltr'>Ἰδοὺ</span> <span class='ocrx_word' id='word_1_636' title='bbox 1664 4343 1818 4412; x_wconf 82' lang='grc' dir='ltr'>ἀφίε-</span> 
     </span>
    </p>
   </div>
   <div class='ocr_carea' id='block_1_79' title="bbox 236 4435 1817 4511">
    <p class='ocr_par' dir='ltr' id='par_1_79' title="bbox 236 4435 1817 4511">
     <span class='ocr_line' id='line_1_79' title="bbox 236 4435 1817 4511; baseline -0.004 -16"><span class='ocrx_word' id='word_1_637' title='bbox 236 4454 334 4495; x_wconf 78' lang='grc' dir='ltr'><strong>ται</strong></span> <span class='ocrx_word' id='word_1_638' title='bbox 363 4441 492 4511; x_wconf 85' lang='grc' dir='ltr'>ὑμῖν</span> <span class='ocrx_word' id='word_1_639' title='bbox 525 4440 554 4491; x_wconf 89' lang='lat'><strong>6</strong></span> <span class='ocrx_word' id='word_1_640' title='bbox 574 4435 718 4502; x_wconf 72' lang='grc' dir='ltr'>οἶκος</span> <span class='ocrx_word' id='word_1_641' title='bbox 746 4437 899 4510; x_wconf 82' lang='grc' dir='ltr'>ὑμῶν</span> <span class='ocrx_word' id='word_1_642' title='bbox 930 4437 1150 4510; x_wconf 72' lang='grc' dir='ltr'>ἔρημος.</span> <span class='ocrx_word' id='word_1_643' title='bbox 1193 4456 1213 4488; x_wconf 71' lang='grc' dir='ltr'>ι</span> <span class='ocrx_word' id='word_1_644' title='bbox 1247 4437 1356 4490; x_wconf 78' lang='grc' dir='ltr'><strong>Καὶ</strong></span> <span class='ocrx_word' id='word_1_645' title='bbox 1386 4437 1490 4508; x_wconf 84' lang='grc' dir='ltr'>δρα</span> <span class='ocrx_word' id='word_1_646' title='bbox 1520 4453 1583 4505; x_wconf 86' lang='grc' dir='ltr'><strong>γε</strong></span> <span class='ocrx_word' id='word_1_647' title='bbox 1610 4438 1817 4507; x_wconf 83' lang='grc' dir='ltr'>μήποτε</span> 
     </span>
    </p>
   </div>
   <div class='ocr_carea' id='block_1_80' title="bbox 238 4526 1816 4607">
    <p class='ocr_par' dir='ltr' id='par_1_80' title="bbox 238 4526 1816 4607">
     <span class='ocr_line' id='line_1_80' title="bbox 238 4526 1816 4607; baseline -0.004 -21"><span class='ocrx_word' id='word_1_648' title='bbox 238 4533 605 4607; x_wconf 72' lang='grc' dir='ltr'>χωνευτήριον</span> <span class='ocrx_word' id='word_1_649' title='bbox 653 4531 682 4582; x_wconf 93' lang='lat'><strong>6</strong></span> <span class='ocrx_word' id='word_1_650' title='bbox 731 4526 879 4594; x_wconf 80' lang='grc' dir='ltr'>οἶκος</span> <span class='ocrx_word' id='word_1_651' title='bbox 929 4527 1136 4603; x_wconf 87' lang='grc' dir='ltr'>Κυρίου</span> <span class='ocrx_word' id='word_1_652' title='bbox 1193 4528 1285 4581; x_wconf 81' lang='grc' dir='ltr'><strong>διὰ</strong></span> <span class='ocrx_word' id='word_1_653' title='bbox 1330 4528 1486 4582; x_wconf 81' lang='grc' dir='ltr'>τοῦτο</span> <span class='ocrx_word' id='word_1_654' title='bbox 1534 4526 1816 4598; x_wconf 75' lang='grc' dir='ltr'>κέκληται,</span> 
     </span>
    </p>
   </div>
   <div class='ocr_carea' id='block_1_81' title="bbox 241 4618 1819 4695">
    <p class='ocr_par' dir='ltr' id='par_1_81' title="bbox 241 4618 1819 4695">
     <span class='ocr_line' id='line_1_81' title="bbox 241 4618 1819 4695; baseline -0.004 -17"><span class='ocrx_word' id='word_1_655' title='bbox 241 4625 476 4695; x_wconf 83' lang='grc' dir='ltr'>ἐπείπερ</span> <span class='ocrx_word' id='word_1_656' title='bbox 514 4624 588 4688; x_wconf 84' lang='grc' dir='ltr'>ὡς</span> <span class='ocrx_word' id='word_1_657' title='bbox 634 4625 692 4676; x_wconf 86' lang='grc' dir='ltr'><strong>ἐν</strong></span> <span class='ocrx_word' id='word_1_658' title='bbox 736 4624 954 4695; x_wconf 73' lang='grc' dir='ltr'>χωνείᾳ,</span> <span class='ocrx_word' id='word_1_659' title='bbox 994 4620 1455 4694; x_wconf 85' lang='grc' dir='ltr'>μεταπλάττεσθαι</span> <span class='ocrx_word' id='word_1_660' title='bbox 1503 4619 1602 4683; x_wconf 76' lang='grc' dir='ltr'><strong>τὰς</strong></span> <span class='ocrx_word' id='word_1_661' title='bbox 1641 4618 1819 4689; x_wconf 73' lang='grc' dir='ltr'>ψυχὰς</span> 
     </span>
    </p>
   </div>
   <div class='ocr_carea' id='block_1_82' title="bbox 241 4711 1815 4788">
    <p class='ocr_par' dir='ltr' id='par_1_82' title="bbox 241 4711 1815 4788">
     <span class='ocr_line' id='line_1_82' title="bbox 241 4711 1815 4788; baseline -0.005 -15"><span class='ocrx_word' id='word_1_662' title='bbox 241 4719 310 4773; x_wconf 83' lang='grc' dir='ltr'><strong>ἐκ</strong></span> <span class='ocrx_word' id='word_1_663' title='bbox 332 4717 434 4787; x_wconf 82' lang='grc' dir='ltr'>τῆς</span> <span class='ocrx_word' id='word_1_664' title='bbox 465 4716 574 4770; x_wconf 79' lang='grc' dir='ltr'><strong>τῶν</strong></span> <span class='ocrx_word' id='word_1_665' title='bbox 616 4716 772 4769; x_wconf 87' lang='grc' dir='ltr'>θείων</span> <span class='ocrx_word' id='word_1_666' title='bbox 806 4716 978 4786; x_wconf 85' lang='grc' dir='ltr'>λόγων</span> <span class='ocrx_word' id='word_1_667' title='bbox 1012 4713 1308 4788; x_wconf 86' lang='grc' dir='ltr'>πυρώσεως</span> <span class='ocrx_word' id='word_1_668' title='bbox 1348 4716 1403 4767; x_wconf 85' lang='grc' dir='ltr'><strong>ἐν</strong></span> <span class='ocrx_word' id='word_1_669' title='bbox 1435 4712 1513 4784; x_wconf 82' lang='grc' dir='ltr'>τῷ</span> <span class='ocrx_word' id='word_1_670' title='bbox 1549 4712 1642 4766; x_wconf 79' lang='grc' dir='ltr'><strong>τοῦ</strong></span> <span class='ocrx_word' id='word_1_671' title='bbox 1681 4711 1815 4766; x_wconf 84' lang='grc' dir='ltr'>Θεοῦ</span> 
     </span>
    </p>
   </div>
   <div class='ocr_carea' id='block_1_83' title="bbox 242 4804 1814 4882">
    <p class='ocr_par' dir='ltr' id='par_1_83' title="bbox 242 4804 1814 4882">
     <span class='ocr_line' id='line_1_83' title="bbox 242 4804 1814 4882; baseline -0.005 -17"><span class='ocrx_word' id='word_1_672' title='bbox 242 4810 379 4881; x_wconf 73' lang='grc' dir='ltr'>οἴκῳ</span> <span class='ocrx_word' id='word_1_673' title='bbox 425 4810 735 4882; x_wconf 85' lang='grc' dir='ltr'>συμϐαίνει⁶</span> <span class='ocrx_word' id='word_1_674' title='bbox 768 4809 801 4882; x_wconf 75' lang='grc' dir='ltr'>ἢ</span> <span class='ocrx_word' id='word_1_675' title='bbox 843 4809 1016 4873; x_wconf 84' lang='grc' dir='ltr'>ἄλλως</span> <span class='ocrx_word' id='word_1_676' title='bbox 1049 4808 1409 4877; x_wconf 84' lang='grc' dir='ltr'>ἀπελέγχεται</span> <span class='ocrx_word' id='word_1_677' title='bbox 1442 4807 1514 4878; x_wconf 84' lang='grc' dir='ltr'><strong>μὴ</strong></span> <span class='ocrx_word' id='word_1_678' title='bbox 1548 4804 1814 4878; x_wconf 81' lang='grc' dir='ltr'>καθαρὰς,</span> 
     </span>
    </p>
   </div>
   <div class='ocr_carea' id='block_1_84' title="bbox 243 4897 1812 4975">
    <p class='ocr_par' dir='ltr' id='par_1_84' title="bbox 243 4897 1812 4975">
     <span class='ocr_line' id='line_1_84' title="bbox 243 4897 1812 4975; baseline -0.007 -17"><span class='ocrx_word' id='word_1_679' title='bbox 243 4904 323 4969; x_wconf 77' lang='grc' dir='ltr'>ὥς</span> <span class='ocrx_word' id='word_1_680' title='bbox 354 4905 412 4957; x_wconf 88' lang='grc' dir='ltr'><strong>ἐν</strong></span> <span class='ocrx_word' id='word_1_681' title='bbox 441 4902 788 4975; x_wconf 84' lang='grc' dir='ltr'>χωνευτηρίῳ</span> <span class='ocrx_word' id='word_1_682' title='bbox 833 4901 1179 4974; x_wconf 89' lang='grc' dir='ltr'>πυρουμένας</span> <span class='ocrx_word' id='word_1_683' title='bbox 1227 4900 1321 4953; x_wconf 77' lang='grc' dir='ltr'><strong>καὶ</strong></span> <span class='ocrx_word' id='word_1_684' title='bbox 1361 4897 1812 4969; x_wconf 77' lang='grc' dir='ltr'>δοκιμαζομένας.</span> 
     </span>
    </p>
   </div>
   <div class='ocr_carea' id='block_1_85' title="bbox 249 4987 1819 5068">
    <p class='ocr_par' dir='ltr' id='par_1_85' title="bbox 249 4987 1819 5068">
     <span class='ocr_line' id='line_1_85' title="bbox 249 4987 1819 5068; baseline -0.006 -17"><span class='ocrx_word' id='word_1_685' title='bbox 249 4997 427 5068; x_wconf 83' lang='grc' dir='ltr'>Ὅπερ</span> <span class='ocrx_word' id='word_1_686' title='bbox 472 4996 504 5050; x_wconf 86' lang='lat'><strong>6</strong></span> <span class='ocrx_word' id='word_1_687' title='bbox 546 4994 795 5058; x_wconf 77' lang='grc' dir='ltr'>Ἀκύλας,</span> <span class='ocrx_word' id='word_1_688' title='bbox 831 5013 849 5047; x_wconf 77' lang='grc' dir='ltr'>ι</span> <span class='ocrx_word' id='word_1_689' title='bbox 889 4993 1150 5067; x_wconf 71' lang='grc' dir='ltr'>Ἔρῤιψα,</span> <span class='ocrx_word' id='word_1_690' title='bbox 1196 5011 1214 5043; x_wconf 71' lang='grc' dir='ltr'>ι</span> <span class='ocrx_word' id='word_1_691' title='bbox 1246 4993 1442 5063; x_wconf 81' lang='grc' dir='ltr'>φήσας,</span> <span class='ocrx_word' id='word_1_692' title='bbox 1474 5008 1493 5041; x_wconf 71' lang='grc' dir='ltr'>α</span> <span class='ocrx_word' id='word_1_693' title='bbox 1545 4988 1607 5043; x_wconf 85' lang='grc' dir='ltr'><strong>τὸ</strong></span> <span class='ocrx_word' id='word_1_694' title='bbox 1640 4987 1819 5061; x_wconf 83' lang='grc' dir='ltr'>ἀργύ-</span> 
     </span>
    </p>
   </div>
   <div class='ocr_carea' id='block_1_86' title="bbox 250 5079 1818 5163">
    <p class='ocr_par' dir='ltr' id='par_1_86' title="bbox 250 5079 1818 5163">
     <span class='ocr_line' id='line_1_86' title="bbox 250 5079 1818 5163; baseline -0.007 -18"><span class='ocrx_word' id='word_1_695' title='bbox 250 5105 364 5163; x_wconf 84' lang='grc' dir='ltr'>ριον</span> <span class='ocrx_word' id='word_1_696' title='bbox 389 5091 449 5142; x_wconf 78' lang='grc' dir='ltr'><strong>ἐν</strong></span> <span class='ocrx_word' id='word_1_697' title='bbox 476 5088 556 5160; x_wconf 82' lang='grc' dir='ltr'>τῷ</span> <span class='ocrx_word' id='word_1_698' title='bbox 578 5086 711 5159; x_wconf 77' lang='grc' dir='ltr'>οἴκῳ</span> <span class='ocrx_word' id='word_1_699' title='bbox 738 5087 941 5163; x_wconf 77' lang='grc' dir='ltr'>Κυρίου</span> <span class='ocrx_word' id='word_1_700' title='bbox 976 5087 1111 5158; x_wconf 79' lang='grc' dir='ltr'>πρὸς</span> <span class='ocrx_word' id='word_1_701' title='bbox 1150 5085 1237 5139; x_wconf 84' lang='grc' dir='ltr'><strong>τὸν</strong></span> <span class='ocrx_word' id='word_1_702' title='bbox 1279 5084 1543 5155; x_wconf 79' lang='grc' dir='ltr'>πλάστην,</span> <span class='ocrx_word' id='word_1_703' title='bbox 1575 5102 1594 5135; x_wconf 84' lang='grc'><strong>›</strong></span> <span class='ocrx_word' id='word_1_704' title='bbox 1631 5079 1818 5151; x_wconf 86' lang='grc' dir='ltr'>σαφῶς</span> 
     </span>
    </p>
   </div>
   <div class='ocr_carea' id='block_1_87' title="bbox 246 5160 1816 5250">
    <p class='ocr_par' dir='ltr' id='par_1_87' title="bbox 246 5160 1816 5250">
     <span class='ocr_line' id='line_1_87' title="bbox 246 5160 1816 5250; baseline -0.007 -13"><span class='ocrx_word' id='word_1_705' title='bbox 246 5160 507 5245; x_wconf 60' lang='grc' dir='ltr'>διδάσκει,</span> <span class='ocrx_word' id='word_1_706' title='bbox 534 5181 611 5246; x_wconf 85' lang='grc' dir='ltr'>ὼς</span> <span class='ocrx_word' id='word_1_707' title='bbox 640 5180 734 5234; x_wconf 81' lang='grc' dir='ltr'>τοῦ</span> <span class='ocrx_word' id='word_1_708' title='bbox 752 5160 922 5250; x_wconf 83' lang='grc' dir='ltr'>Λόγου</span> <span class='ocrx_word' id='word_1_709' title='bbox 956 5178 1048 5232; x_wconf 80' lang='grc' dir='ltr'>τοῦ</span> <span class='ocrx_word' id='word_1_710' title='bbox 1068 5179 1209 5232; x_wconf 86' lang='grc' dir='ltr'>θείου</span> <span class='ocrx_word' id='word_1_711' title='bbox 1240 5174 1394 5248; x_wconf 85' lang='grc' dir='ltr'>δίκην</span> <span class='ocrx_word' id='word_1_712' title='bbox 1424 5175 1662 5230; x_wconf 79' lang='grc' dir='ltr'>πλάστου</span> <span class='ocrx_word' id='word_1_713' title='bbox 1684 5190 1816 5228; x_wconf 88' lang='grc' dir='ltr'>κατ-</span> 
     </span>
    </p>
   </div>
   <div class='ocr_carea' id='block_1_88' title="bbox 248 5267 1818 5343">
    <p class='ocr_par' dir='ltr' id='par_1_88' title="bbox 248 5267 1818 5343">
     <span class='ocr_line' id='line_1_88' title="bbox 248 5267 1818 5343; baseline -0.006 -15"><span class='ocrx_word' id='word_1_714' title='bbox 248 5275 524 5337; x_wconf 75' lang='grc' dir='ltr'>οικοῦντος</span> <span class='ocrx_word' id='word_1_715' title='bbox 562 5275 642 5338; x_wconf 87' lang='grc' dir='ltr'>εἰς</span> <span class='ocrx_word' id='word_1_716' title='bbox 676 5274 768 5326; x_wconf 81' lang='grc' dir='ltr'><strong>τὸν</strong></span> <span class='ocrx_word' id='word_1_717' title='bbox 810 5268 958 5327; x_wconf 82' lang='grc' dir='ltr'>οἷκον</span> <span class='ocrx_word' id='word_1_718' title='bbox 994 5270 1221 5343; x_wconf 84' lang='grc' dir='ltr'>Κυρίου,</span> <span class='ocrx_word' id='word_1_719' title='bbox 1253 5270 1347 5325; x_wconf 78' lang='grc' dir='ltr'>καὶ</span> <span class='ocrx_word' id='word_1_720' title='bbox 1372 5268 1695 5331; x_wconf 79' lang='grc' dir='ltr'>πλάττοντος</span> <span class='ocrx_word' id='word_1_721' title='bbox 1722 5267 1818 5320; x_wconf 75' lang='grc' dir='ltr'>καὶ</span> 
     </span>
    </p>
   </div>
   <div class='ocr_carea' id='block_1_89' title="bbox 250 5357 1816 5435">
    <p class='ocr_par' dir='ltr' id='par_1_89' title="bbox 250 5357 1816 5435">
     <span class='ocr_line' id='line_1_89' title="bbox 250 5357 1816 5435; baseline -0.006 -15"><span class='ocrx_word' id='word_1_722' title='bbox 250 5364 601 5430; x_wconf 78' lang='grc' dir='ltr'>ἀνανεοῦντος</span> <span class='ocrx_word' id='word_1_723' title='bbox 638 5365 735 5429; x_wconf 86' lang='grc' dir='ltr'>τὰς</span> <span class='ocrx_word' id='word_1_724' title='bbox 783 5363 893 5419; x_wconf 86' lang='grc' dir='ltr'><strong>τῶν</strong></span> <span class='ocrx_word' id='word_1_725' title='bbox 926 5362 1255 5435; x_wconf 80' lang='grc' dir='ltr'>προσιόντων</span> <span class='ocrx_word' id='word_1_726' title='bbox 1296 5361 1491 5432; x_wconf 72' lang='grc' dir='ltr'>ψυχάς.</span> <span class='ocrx_word' id='word_1_727' title='bbox 1526 5358 1671 5430; x_wconf 79' lang='grc' dir='ltr'>Πλὴν</span> <span class='ocrx_word' id='word_1_728' title='bbox 1703 5357 1816 5412; x_wconf 84' lang='grc' dir='ltr'>ἀλλ’</span> 
     </span>
    </p>
   </div>
   <div class='ocr_carea' id='block_1_90' title="bbox 252 5452 1821 5527">
    <p class='ocr_par' dir='ltr' id='par_1_90' title="bbox 252 5452 1821 5527">
     <span class='ocr_line' id='line_1_90' title="bbox 252 5452 1821 5527; baseline -0.004 -19"><span class='ocrx_word' id='word_1_729' title='bbox 252 5454 484 5527; x_wconf 56' lang='grc' dir='ltr'>ἐπείπερ</span> <span class='ocrx_word' id='word_1_730' title='bbox 514 5457 547 5526; x_wconf 84' lang='grc' dir='ltr'><strong>ή</strong></span> <span class='ocrx_word' id='word_1_731' title='bbox 583 5455 715 5526; x_wconf 78' lang='grc' dir='ltr'>τιμὴ</span> <span class='ocrx_word' id='word_1_732' title='bbox 745 5453 840 5508; x_wconf 83' lang='grc' dir='ltr'><strong>τοῦ</strong></span> <span class='ocrx_word' id='word_1_733' title='bbox 881 5452 1242 5525; x_wconf 79' lang='grc' dir='ltr'>τετιμημένου</span> <span class='ocrx_word' id='word_1_734' title='bbox 1286 5452 1366 5514; x_wconf 85' lang='grc' dir='ltr'><strong>είς</strong></span> <span class='ocrx_word' id='word_1_735' title='bbox 1411 5452 1616 5505; x_wconf 81' lang='grc' dir='ltr'>ἐκεῖνον</span> <span class='ocrx_word' id='word_1_736' title='bbox 1657 5466 1821 5520; x_wconf 83' lang='grc' dir='ltr'>μετα-</span> 
     </span>
    </p>
   </div>
   <div class='ocr_carea' id='block_1_91' title="bbox 251 5540 1820 5618">
    <p class='ocr_par' dir='ltr' id='par_1_91' title="bbox 251 5540 1820 5618">
     <span class='ocr_line' id='line_1_91' title="bbox 251 5540 1820 5618; baseline -0.004 -18"><span class='ocrx_word' id='word_1_737' title='bbox 251 5543 510 5618; x_wconf 75' lang='grc' dir='ltr'>ϐληθεῖσα</span> <span class='ocrx_word' id='word_1_738' title='bbox 534 5545 625 5598; x_wconf 82' lang='grc' dir='ltr'>τὸν</span> <span class='ocrx_word' id='word_1_739' title='bbox 652 5542 796 5598; x_wconf 76' lang='grc' dir='ltr'>οἷκον</span> <span class='ocrx_word' id='word_1_740' title='bbox 830 5544 1052 5616; x_wconf 87' lang='grc' dir='ltr'>βέϐηλον</span> <span class='ocrx_word' id='word_1_741' title='bbox 1073 5543 1234 5597; x_wconf 79' lang='grc' dir='ltr'>αὐτὸν</span> <span class='ocrx_word' id='word_1_742' title='bbox 1254 5541 1642 5614; x_wconf 81' lang='grc' dir='ltr'>κατεστήσατο,</span> <span class='ocrx_word' id='word_1_743' title='bbox 1676 5540 1820 5594; x_wconf 80' lang='grc' dir='ltr'>εἰκό-</span> 
     </span>
    </p>
   </div>
   <div class='ocr_carea' id='block_1_92' title="bbox 252 5628 1820 5704">
    <p class='ocr_par' dir='ltr' id='par_1_92' title="bbox 252 5628 1820 5704">
     <span class='ocr_line' id='line_1_92' title="bbox 252 5628 1820 5704; baseline -0.003 -15"><span class='ocrx_word' id='word_1_744' title='bbox 252 5652 359 5700; x_wconf 79' lang='grc' dir='ltr'><strong>τως</strong></span> <span class='ocrx_word' id='word_1_745' title='bbox 407 5635 567 5697; x_wconf 67' lang='grc' dir='ltr'>εὐθὺς</span> <span class='ocrx_word' id='word_1_746' title='bbox 612 5633 854 5702; x_wconf 76' lang='grc' dir='ltr'>ἐπιλέγει</span> <span class='ocrx_word' id='word_1_747' title='bbox 880 5648 894 5664; x_wconf 87' lang='grc'><strong>·</strong></span> <span class='ocrx_word' id='word_1_748' title='bbox 940 5650 960 5685; x_wconf 76' lang='grc' dir='ltr'>ι</span> <span class='ocrx_word' id='word_1_749' title='bbox 1016 5632 1126 5686; x_wconf 67' lang='grc' dir='ltr'><strong>Καὶ</strong></span> <span class='ocrx_word' id='word_1_750' title='bbox 1172 5630 1448 5702; x_wconf 65' lang='grc' dir='ltr'>ἀπέρῤιψα</span> <span class='ocrx_word' id='word_1_751' title='bbox 1491 5630 1591 5704; x_wconf 74' lang='grc' dir='ltr'>τὴν</span> <span class='ocrx_word' id='word_1_752' title='bbox 1625 5628 1820 5702; x_wconf 69' lang='grc' dir='ltr'>ῥάϐδον</span> 
     </span>
    </p>
   </div>
   <div class='ocr_carea' id='block_1_93' title="bbox 324 5742 1709 5813">
    <p class='ocr_par' dir='ltr' id='par_1_93' title="bbox 324 5742 1709 5813">
     <span class='ocr_line' id='line_1_93' title="bbox 324 5742 1709 5813; baseline 0.003 -12"><span class='ocrx_word' id='word_1_753' title='bbox 324 5751 370 5782; x_wconf 78' lang='grc' dir='ltr'><strong>’τ</strong></span> <span class='ocrx_word' id='word_1_754' title='bbox 412 5747 602 5802; x_wconf 78' lang='lat' dir='ltr'><strong>Matth.</strong></span> <span class='ocrx_word' id='word_1_755' title='bbox 637 5763 786 5803; x_wconf 78' lang='lat' dir='ltr'><strong>xxvn</strong></span> <span class='ocrx_word' id='word_1_756' title='bbox 810 5787 825 5813; x_wconf 91' lang='lat'><strong>,</strong></span> <span class='ocrx_word' id='word_1_757' title='bbox 859 5747 1016 5802; x_wconf 76' lang='lat' dir='ltr'><strong>5-H).</strong></span> <span class='ocrx_word' id='word_1_758' title='bbox 1089 5746 1137 5777; x_wconf 82' lang='grc'><strong>⁷⁸</strong></span> <span class='ocrx_word' id='word_1_759' title='bbox 1174 5742 1365 5800; x_wconf 74' lang='lat' dir='ltr'><strong>Matth.</strong></span> <span class='ocrx_word' id='word_1_760' title='bbox 1401 5759 1577 5812; x_wconf 70' lang='lat' dir='ltr'><strong>unt,</strong></span> <span class='ocrx_word' id='word_1_761' title='bbox 1612 5745 1709 5805; x_wconf 66' lang='grc' dir='ltr'>σε.</span> 
     </span>
    </p>
   </div>
   <div class='ocr_carea' id='block_1_94' title="bbox 413 5840 1082 5914">
    <p class='ocr_par' dir='ltr' id='par_1_94' title="bbox 413 5840 1082 5914">
     <span class='ocr_line' id='line_1_94' title="bbox 413 5840 1082 5914; baseline -0.013 -8"><span class='ocrx_word' id='word_1_762' title='bbox 413 5845 667 5914; x_wconf 68' lang='grc' dir='ltr'><strong>Ρηιιοῐ,ε</strong></span> <span class='ocrx_word' id='word_1_763' title='bbox 732 5844 848 5905; x_wconf 78' lang='lat' dir='ltr'><strong>Gn.</strong></span> <span class='ocrx_word' id='word_1_764' title='bbox 886 5840 1082 5905; x_wconf 76' lang='lat' dir='ltr'><strong>XXII.</strong></span> 
     </span>
    </p>
   </div>
   <div class='ocr_carea' id='block_1_95' title="bbox 1913 3233 3484 3307">
    <p class='ocr_par' dir='ltr' id='par_1_95' title="bbox 1913 3233 3484 3307">
     <span class='ocr_line' id='line_1_95' title="bbox 1913 3233 3484 3307; baseline 0.003 -20"><span class='ocrx_word' id='word_1_765' title='bbox 1913 3249 2023 3287; x_wconf 93' lang='lat' dir='ltr'><strong>non</strong></span> <span class='ocrx_word' id='word_1_766' title='bbox 2052 3234 2356 3289; x_wconf 87' lang='lat' dir='ltr'><strong>habeantur</strong></span> <span class='ocrx_word' id='word_1_767' title='bbox 2384 3234 2528 3304; x_wconf 89' lang='lat' dir='ltr'><strong>apud</strong></span> <span class='ocrx_word' id='word_1_768' title='bbox 2550 3233 2837 3291; x_wconf 83' lang='lat' dir='ltr'><strong>Jeremiam</strong></span> <span class='ocrx_word' id='word_1_769' title='bbox 2869 3236 3208 3307; x_wconf 88' lang='lat' dir='ltr'><strong>prophetam,</strong></span> <span class='ocrx_word' id='word_1_770' title='bbox 3241 3253 3367 3291; x_wconf 90' lang='lat' dir='ltr'><strong>num</strong></span> <span class='ocrx_word' id='word_1_771' title='bbox 3391 3252 3484 3292; x_wconf 79' lang='lat' dir='ltr'><strong>ar-</strong></span> 
     </span>
    </p>
   </div>
   <div class='ocr_carea' id='block_1_96' title="bbox 1914 3324 3481 3396">
    <p class='ocr_par' dir='ltr' id='par_1_96' title="bbox 1914 3324 3481 3396">
     <span class='ocr_line' id='line_1_96' title="bbox 1914 3324 3481 3396; baseline 0.003 -17"><span class='ocrx_word' id='word_1_772' title='bbox 1914 3324 2111 3380; x_wconf 85' lang='lat' dir='ltr'><strong>bitrari</strong></span> <span class='ocrx_word' id='word_1_773' title='bbox 2137 3333 2388 3396; x_wconf 81' lang='lat' dir='ltr'><strong>Oportcat</strong></span> <span class='ocrx_word' id='word_1_774' title='bbox 2412 3342 2476 3381; x_wconf 90' lang='lat' dir='ltr'><strong>ea</strong></span> <span class='ocrx_word' id='word_1_775' title='bbox 2534 3341 2630 3395; x_wconf 91' lang='lat' dir='ltr'><strong>per</strong></span> <span class='ocrx_word' id='word_1_776' title='bbox 2669 3326 2960 3396; x_wconf 85' lang='lat' dir='ltr'><strong>quamdam</strong></span> <span class='ocrx_word' id='word_1_777' title='bbox 2991 3327 3253 3381; x_wconf 88' lang='lat' dir='ltr'><strong>malitiam</strong></span> <span class='ocrx_word' id='word_1_778' title='bbox 3290 3344 3355 3384; x_wconf 85' lang='lat' dir='ltr'><strong>ex</strong></span> <span class='ocrx_word' id='word_1_779' title='bbox 3386 3329 3481 3384; x_wconf 92' lang='lat' dir='ltr'><strong>illo</strong></span> 
     </span>
    </p>
   </div>
   <div class='ocr_carea' id='block_1_97' title="bbox 1915 3416 3480 3492">
    <p class='ocr_par' dir='ltr' id='par_1_97' title="bbox 1915 3416 3480 3492">
     <span class='ocr_line' id='line_1_97' title="bbox 1915 3416 3480 3492; baseline 0.003 -22"><span class='ocrx_word' id='word_1_780' title='bbox 1915 3416 2130 3471; x_wconf 88' lang='lat' dir='ltr'><strong>sublata</strong></span> <span class='ocrx_word' id='word_1_781' title='bbox 2156 3430 2300 3480; x_wconf 87' lang='lat' dir='ltr'><strong>esse,</strong></span> <span class='ocrx_word' id='word_1_782' title='bbox 2346 3431 2415 3469; x_wconf 91' lang='lat' dir='ltr'><strong>an</strong></span> <span class='ocrx_word' id='word_1_783' title='bbox 2450 3431 2580 3472; x_wconf 81' lang='lat' dir='ltr'><strong>vero</strong></span> <span class='ocrx_word' id='word_1_784' title='bbox 2628 3417 2838 3472; x_wconf 89' lang='lat' dir='ltr'><strong>librarii</strong></span> <span class='ocrx_word' id='word_1_785' title='bbox 2871 3427 3111 3473; x_wconf 87' lang='lat' dir='ltr'><strong>erratum</strong></span> <span class='ocrx_word' id='word_1_786' title='bbox 3164 3419 3352 3485; x_wconf 88' lang='lat' dir='ltr'><strong>fuisse,</strong></span> <span class='ocrx_word' id='word_1_787' title='bbox 3385 3422 3480 3492; x_wconf 86' lang='lat' dir='ltr'><strong>qui</strong></span> 
     </span>
    </p>
   </div>
   <div class='ocr_carea' id='block_1_98' title="bbox 1915 3507 3481 3582">
    <p class='ocr_par' dir='ltr' id='par_1_98' title="bbox 1915 3507 3481 3582">
     <span class='ocr_line' id='line_1_98' title="bbox 1915 3507 3481 3582; baseline 0.003 -21"><span class='ocrx_word' id='word_1_788' title='bbox 1915 3507 2275 3579; x_wconf 88' lang='lat' dir='ltr'><strong>negligentius</strong></span> <span class='ocrx_word' id='word_1_789' title='bbox 2325 3515 2638 3563; x_wconf 85' lang='lat' dir='ltr'><strong>sanctorum</strong></span> <span class='ocrx_word' id='word_1_790' title='bbox 2692 3507 3107 3580; x_wconf 84' lang='lat' dir='ltr'><strong>Evangeliorum</strong></span> <span class='ocrx_word' id='word_1_791' title='bbox 3150 3514 3481 3582; x_wconf 82' lang='lat' dir='ltr'><strong>exemplaria</strong></span> 
     </span>
    </p>
   </div>
   <div class='ocr_carea' id='block_1_99' title="bbox 1916 3596 3478 3667">
    <p class='ocr_par' dir='ltr' id='par_1_99' title="bbox 1916 3596 3478 3667">
     <span class='ocr_line' id='line_1_99' title="bbox 1916 3596 3478 3667; baseline 0 -14"><span class='ocrx_word' id='word_1_792' title='bbox 1916 3596 2235 3661; x_wconf 88' lang='lat' dir='ltr'><strong>confecerit,</strong></span> <span class='ocrx_word' id='word_1_793' title='bbox 2269 3604 2323 3652; x_wconf 92' lang='lat' dir='ltr'><strong>et</strong></span> <span class='ocrx_word' id='word_1_794' title='bbox 2352 3613 2420 3653; x_wconf 84' lang='lat' dir='ltr'><strong>ex</strong></span> <span class='ocrx_word' id='word_1_795' title='bbox 2456 3598 2783 3667; x_wconf 87' lang='lat' dir='ltr'><strong>negligentia</strong></span> <span class='ocrx_word' id='word_1_796' title='bbox 2814 3598 2871 3652; x_wconf 93' lang='lat' dir='ltr'><strong>in</strong></span> <span class='ocrx_word' id='word_1_797' title='bbox 2917 3613 3157 3654; x_wconf 90' lang='lat' dir='ltr'><strong>errorem</strong></span> <span class='ocrx_word' id='word_1_798' title='bbox 3201 3599 3478 3666; x_wconf 86' lang='lat' dir='ltr'><strong>inciderit,</strong></span> 
     </span>
    </p>
   </div>
   <div class='ocr_carea' id='block_1_100' title="bbox 1915 3687 3481 3760">
    <p class='ocr_par' dir='ltr' id='par_1_100' title="bbox 1915 3687 3481 3760">
     <span class='ocr_line' id='line_1_100' title="bbox 1915 3687 3481 3760; baseline 0.001 -16"><span class='ocrx_word' id='word_1_799' title='bbox 1915 3697 1970 3744; x_wconf 91' lang='lat' dir='ltr'><strong>et</strong></span> <span class='ocrx_word' id='word_1_800' title='bbox 2010 3704 2111 3760; x_wconf 89' lang='lat' dir='ltr'><strong>pro</strong></span> <span class='ocrx_word' id='word_1_801' title='bbox 2151 3688 2416 3744; x_wconf 87' lang='lat' dir='ltr'><strong>Zacharia</strong></span> <span class='ocrx_word' id='word_1_802' title='bbox 2451 3688 2696 3759; x_wconf 88' lang='lat' dir='ltr'><strong>posuerit</strong></span> <span class='ocrx_word' id='word_1_803' title='bbox 2724 3687 3015 3743; x_wconf 80' lang='lat' dir='ltr'><strong>Jeremiam</strong></span> <span class='ocrx_word' id='word_1_804' title='bbox 3052 3707 3067 3745; x_wconf 87' lang='lat'><strong>:</strong></span> <span class='ocrx_word' id='word_1_805' title='bbox 3101 3697 3309 3760; x_wconf 89' lang='lat' dir='ltr'><strong>utpote,</strong></span> <span class='ocrx_word' id='word_1_806' title='bbox 3354 3707 3481 3746; x_wconf 90' lang='lat' dir='ltr'><strong>cum</strong></span> 
     </span>
    </p>
   </div>
   <div class='ocr_carea' id='block_1_101' title="bbox 1916 3779 3482 3854">
    <p class='ocr_par' dir='ltr' id='par_1_101' title="bbox 1916 3779 3482 3854">
     <span class='ocr_line' id='line_1_101' title="bbox 1916 3779 3482 3854; baseline 0.003 -19"><span class='ocrx_word' id='word_1_807' title='bbox 1916 3781 1993 3835; x_wconf 92' lang='lat' dir='ltr'><strong>ita</strong></span> <span class='ocrx_word' id='word_1_808' title='bbox 2022 3781 2228 3851; x_wconf 91' lang='lat' dir='ltr'><strong>scripto</strong></span> <span class='ocrx_word' id='word_1_809' title='bbox 2261 3796 2397 3850; x_wconf 83' lang='lat' dir='ltr'><strong>opus</strong></span> <span class='ocrx_word' id='word_1_810' title='bbox 2421 3779 2601 3846; x_wconf 88' lang='lat' dir='ltr'><strong>fuerit,</strong></span> <span class='ocrx_word' id='word_1_811' title='bbox 2629 3799 2648 3833; x_wconf 76' lang='grc' dir='ltr'>ι</span> <span class='ocrx_word' id='word_1_812' title='bbox 2676 3787 2809 3835; x_wconf 83' lang='grc' dir='ltr'>ιιιηο</span> <span class='ocrx_word' id='word_1_813' title='bbox 2837 3782 3165 3850; x_wconf 88' lang='lat' dir='ltr'><strong>completum</strong></span> <span class='ocrx_word' id='word_1_814' title='bbox 3198 3791 3302 3845; x_wconf 89' lang='lat' dir='ltr'><strong>est,</strong></span> <span class='ocrx_word' id='word_1_815' title='bbox 3333 3784 3482 3854; x_wconf 82' lang='lat' dir='ltr'><strong>quod</strong></span> 
     </span>
    </p>
   </div>
   <div class='ocr_carea' id='block_1_102' title="bbox 1916 3870 3482 3948">
    <p class='ocr_par' dir='ltr' id='par_1_102' title="bbox 1916 3870 3482 3948">
     <span class='ocr_line' id='line_1_102' title="bbox 1916 3870 3482 3948; baseline 0.003 -18"><span class='ocrx_word' id='word_1_816' title='bbox 1916 3870 2242 3932; x_wconf 90' lang='lat' dir='ltr'><strong>dictumest</strong></span> <span class='ocrx_word' id='word_1_817' title='bbox 2272 3892 2370 3946; x_wconf 88' lang='lat' dir='ltr'><strong>per</strong></span> <span class='ocrx_word' id='word_1_818' title='bbox 2394 3875 2714 3931; x_wconf 86' lang='lat' dir='ltr'><strong>Zachariam</strong></span> <span class='ocrx_word' id='word_1_819' title='bbox 2731 3876 3109 3948; x_wconf 64' lang='lat' dir='ltr'><strong>prophetam.»</strong></span> <span class='ocrx_word' id='word_1_820' title='bbox 3139 3872 3248 3933; x_wconf 89' lang='lat' dir='ltr'><strong>Pro</strong></span> <span class='ocrx_word' id='word_1_821' title='bbox 3274 3893 3339 3933; x_wconf 92' lang='lat' dir='ltr'><strong>eo</strong></span> <span class='ocrx_word' id='word_1_822' title='bbox 3382 3894 3482 3933; x_wconf 91' lang='lat' dir='ltr'><strong>au-</strong></span> 
     </span>
    </p>
   </div>
   <div class='ocr_carea' id='block_1_103' title="bbox 1916 3968 3483 4040">
    <p class='ocr_par' dir='ltr' id='par_1_103' title="bbox 1916 3968 3483 4040">
     <span class='ocr_line' id='line_1_103' title="bbox 1916 3968 3483 4040; baseline 0.003 -18"><span class='ocrx_word' id='word_1_823' title='bbox 1916 3977 2026 4025; x_wconf 88' lang='lat' dir='ltr'><strong>tem</strong></span> <span class='ocrx_word' id='word_1_824' title='bbox 2059 3968 2205 4040; x_wconf 92' lang='lat' dir='ltr'><strong>quod</strong></span> <span class='ocrx_word' id='word_1_825' title='bbox 2234 3984 2519 4040; x_wconf 88' lang='lat' dir='ltr'><strong>perperam</strong></span> <span class='ocrx_word' id='word_1_826' title='bbox 2545 3984 2868 4025; x_wconf 84' lang='lat' dir='ltr'><strong>conversum</strong></span> <span class='ocrx_word' id='word_1_827' title='bbox 2897 3976 2982 4025; x_wconf 87' lang='lat' dir='ltr'><strong>est</strong></span> <span class='ocrx_word' id='word_1_828' title='bbox 3011 3987 3025 4025; x_wconf 89' lang='lat'><strong>:</strong></span> <span class='ocrx_word' id='word_1_829' title='bbox 3067 3988 3086 4021; x_wconf 85' lang='grc'><strong><em>‹</em></strong></span> <span class='ocrx_word' id='word_1_830' title='bbox 3123 3969 3188 4024; x_wconf 87' lang='grc' dir='ltr'>Ει</span> <span class='ocrx_word' id='word_1_831' title='bbox 3215 3971 3483 4027; x_wconf 87' lang='lat' dir='ltr'><strong>miserunt</strong></span> 
     </span>
    </p>
   </div>
   <div class='ocr_carea' id='block_1_104' title="bbox 1917 4060 3484 4129">
    <p class='ocr_par' dir='ltr' id='par_1_104' title="bbox 1917 4060 3484 4129">
     <span class='ocr_line' id='line_1_104' title="bbox 1917 4060 3484 4129; baseline 0.001 -11"><span class='ocrx_word' id='word_1_832' title='bbox 1917 4064 2012 4118; x_wconf 81' lang='lat' dir='ltr'><strong>eos</strong></span> <span class='ocrx_word' id='word_1_833' title='bbox 2041 4062 2097 4116; x_wconf 91' lang='lat' dir='ltr'><strong>in</strong></span> <span class='ocrx_word' id='word_1_834' title='bbox 2130 4061 2292 4116; x_wconf 91' lang='lat' dir='ltr'><strong>domo</strong></span> <span class='ocrx_word' id='word_1_835' title='bbox 2330 4061 2546 4116; x_wconf 88' lang='lat' dir='ltr'><strong>Domini</strong></span> <span class='ocrx_word' id='word_1_836' title='bbox 2578 4062 2633 4116; x_wconf 92' lang='lat' dir='ltr'><strong>in</strong></span> <span class='ocrx_word' id='word_1_837' title='bbox 2667 4060 2967 4129; x_wconf 86' lang='lat' dir='ltr'><strong>fornacem,</strong></span> <span class='ocrx_word' id='word_1_838' title='bbox 3008 4081 3027 4114; x_wconf 71' lang='grc' dir='ltr'>δ</span> <span class='ocrx_word' id='word_1_839' title='bbox 3060 4062 3268 4118; x_wconf 91' lang='lat' dir='ltr'><strong>dictum</strong></span> <span class='ocrx_word' id='word_1_840' title='bbox 3298 4072 3383 4120; x_wconf 83' lang='lat' dir='ltr'><strong>est</strong></span> <span class='ocrx_word' id='word_1_841' title='bbox 3410 4064 3484 4121; x_wconf 78' lang='lat' dir='ltr'><strong>il-</strong></span> 
     </span>
    </p>
   </div>
   <div class='ocr_carea' id='block_1_105' title="bbox 1917 4152 3483 4225">
    <p class='ocr_par' dir='ltr' id='par_1_105' title="bbox 1917 4152 3483 4225">
     <span class='ocr_line' id='line_1_105' title="bbox 1917 4152 3483 4225; baseline 0.004 -18"><span class='ocrx_word' id='word_1_842' title='bbox 1917 4153 2012 4209; x_wconf 89' lang='lat' dir='ltr'><strong>lud</strong></span> <span class='ocrx_word' id='word_1_843' title='bbox 2044 4173 2061 4210; x_wconf 89' lang='lat'><strong>:</strong></span> <span class='ocrx_word' id='word_1_844' title='bbox 2097 4173 2116 4206; x_wconf 76' lang='grc' dir='ltr'>ι</span> <span class='ocrx_word' id='word_1_845' title='bbox 2147 4152 2213 4208; x_wconf 91' lang='lat' dir='ltr'><strong>Et</strong></span> <span class='ocrx_word' id='word_1_846' title='bbox 2240 4152 2367 4209; x_wconf 91' lang='lat' dir='ltr'><strong>dedi</strong></span> <span class='ocrx_word' id='word_1_847' title='bbox 2398 4168 2492 4209; x_wconf 91' lang='lat' dir='ltr'><strong>eos</strong></span> <span class='ocrx_word' id='word_1_848' title='bbox 2521 4152 2578 4207; x_wconf 91' lang='lat' dir='ltr'><strong>in</strong></span> <span class='ocrx_word' id='word_1_849' title='bbox 2615 4167 2805 4224; x_wconf 89' lang='lat' dir='ltr'><strong>agrum</strong></span> <span class='ocrx_word' id='word_1_850' title='bbox 2860 4153 3028 4225; x_wconf 82' lang='lat' dir='ltr'><strong>ﬁguli.</strong></span> <span class='ocrx_word' id='word_1_851' title='bbox 3069 4173 3089 4207; x_wconf 66' lang='grc'><strong>9</strong></span> <span class='ocrx_word' id='word_1_852' title='bbox 3136 4153 3305 4211; x_wconf 82' lang='lat' dir='ltr'><strong>Plane</strong></span> <span class='ocrx_word' id='word_1_853' title='bbox 3334 4158 3483 4213; x_wconf 86' lang='lat' dir='ltr'><strong>enim</strong></span> 
     </span>
    </p>
   </div>
   <div class='ocr_carea' id='block_1_106' title="bbox 1917 4244 3482 4317">
    <p class='ocr_par' dir='ltr' id='par_1_106' title="bbox 1917 4244 3482 4317">
     <span class='ocr_line' id='line_1_106' title="bbox 1917 4244 3482 4317; baseline 0.003 -17"><span class='ocrx_word' id='word_1_854' title='bbox 1917 4246 1975 4300; x_wconf 92' lang='lat' dir='ltr'><strong>in</strong></span> <span class='ocrx_word' id='word_1_855' title='bbox 2029 4246 2150 4316; x_wconf 87' lang='lat' dir='ltr'><strong>ipsa</strong></span> <span class='ocrx_word' id='word_1_856' title='bbox 2208 4245 2491 4317; x_wconf 86' lang='lat' dir='ltr'><strong>prophetia</strong></span> <span class='ocrx_word' id='word_1_857' title='bbox 2544 4245 2601 4300; x_wconf 91' lang='lat' dir='ltr'><strong>in</strong></span> <span class='ocrx_word' id='word_1_858' title='bbox 2652 4245 2853 4314; x_wconf 89' lang='lat' dir='ltr'><strong>templo</strong></span> <span class='ocrx_word' id='word_1_859' title='bbox 2911 4244 3123 4300; x_wconf 91' lang='lat' dir='ltr'><strong>Domini</strong></span> <span class='ocrx_word' id='word_1_860' title='bbox 3177 4246 3482 4317; x_wconf 85' lang='lat' dir='ltr'><strong>projectum</strong></span> 
     </span>
    </p>
   </div>
   <div class='ocr_carea' id='block_1_107' title="bbox 1919 4333 3476 4413">
    <p class='ocr_par' dir='ltr' id='par_1_107' title="bbox 1919 4333 3476 4413">
     <span class='ocr_line' id='line_1_107' title="bbox 1919 4333 3476 4413; baseline 0.003 -22"><span class='ocrx_word' id='word_1_861' title='bbox 1919 4336 2092 4393; x_wconf 90' lang='lat' dir='ltr'><strong>fuisse</strong></span> <span class='ocrx_word' id='word_1_862' title='bbox 2120 4344 2405 4408; x_wconf 89' lang='lat' dir='ltr'><strong>argentum</strong></span> <span class='ocrx_word' id='word_1_863' title='bbox 2438 4337 2658 4401; x_wconf 89' lang='lat' dir='ltr'><strong>dicitur,</strong></span> <span class='ocrx_word' id='word_1_864' title='bbox 2692 4345 2747 4391; x_wconf 90' lang='lat' dir='ltr'><strong>et</strong></span> <span class='ocrx_word' id='word_1_865' title='bbox 2789 4336 2855 4390; x_wconf 89' lang='lat' dir='ltr'><strong>ab</strong></span> <span class='ocrx_word' id='word_1_866' title='bbox 2883 4333 3173 4405; x_wconf 79' lang='lat' dir='ltr'><strong>Evangelio</strong></span> <span class='ocrx_word' id='word_1_867' title='bbox 3201 4340 3387 4394; x_wconf 86' lang='lat' dir='ltr'><strong>itidem</strong></span> <span class='ocrx_word' id='word_1_868' title='bbox 3421 4341 3476 4413; x_wconf 85' lang='lat' dir='ltr'><strong>in</strong></span> 
     </span>
    </p>
   </div>
   <div class='ocr_carea' id='block_1_108' title="bbox 1919 4426 3484 4501">
    <p class='ocr_par' dir='ltr' id='par_1_108' title="bbox 1919 4426 3484 4501">
     <span class='ocr_line' id='line_1_108' title="bbox 1919 4426 3484 4501; baseline 0.001 -16"><span class='ocrx_word' id='word_1_869' title='bbox 1919 4431 2123 4501; x_wconf 85' lang='lat' dir='ltr'><strong>templo</strong></span> <span class='ocrx_word' id='word_1_870' title='bbox 2156 4450 2169 4485; x_wconf 92' lang='lat'>:</span> <span class='ocrx_word' id='word_1_871' title='bbox 2208 4448 2227 4481; x_wconf 75' lang='grc' dir='ltr'>ι</span> <span class='ocrx_word' id='word_1_872' title='bbox 2269 4428 2537 4500; x_wconf 86' lang='lat' dir='ltr'><strong>Projectis</strong></span> <span class='ocrx_word' id='word_1_873' title='bbox 2563 4428 2731 4492; x_wconf 87' lang='lat' dir='ltr'><strong>enim,</strong></span> <span class='ocrx_word' id='word_1_874' title='bbox 2767 4428 2964 4498; x_wconf 88' lang='lat' dir='ltr'><strong>inquit,</strong></span> <span class='ocrx_word' id='word_1_875' title='bbox 3003 4426 3171 4484; x_wconf 87' lang='lat' dir='ltr'><strong>Judas</strong></span> <span class='ocrx_word' id='word_1_876' title='bbox 3210 4432 3484 4500; x_wconf 83' lang='lat' dir='ltr'><strong>argenteis</strong></span> 
     </span>
    </p>
   </div>
   <div class='ocr_carea' id='block_1_109' title="bbox 1849 4509 3484 4593">
    <p class='ocr_par' dir='ltr' id='par_1_109' title="bbox 1849 4509 3484 4593">
     <span class='ocr_line' id='line_1_109' title="bbox 1849 4509 3484 4593; baseline -0.001 -15"><span class='ocrx_word' id='word_1_877' title='bbox 1849 4509 1893 4563; x_wconf 77' lang='grc' dir='ltr'><strong>Ι)</strong></span> <span class='ocrx_word' id='word_1_878' title='bbox 1922 4524 1978 4578; x_wconf 82' lang='grc' dir='ltr'>ἱη</span> <span class='ocrx_word' id='word_1_879' title='bbox 2010 4522 2236 4593; x_wconf 85' lang='lat' dir='ltr'><strong>templo,</strong></span> <span class='ocrx_word' id='word_1_880' title='bbox 2272 4520 2522 4576; x_wconf 88' lang='lat' dir='ltr'><strong>recessit.</strong></span> <span class='ocrx_word' id='word_1_881' title='bbox 2572 4538 2590 4571; x_wconf 72' lang='grc' dir='ltr'>ι</span> <span class='ocrx_word' id='word_1_882' title='bbox 2630 4517 2696 4572; x_wconf 87' lang='lat' dir='ltr'><strong>Et</strong></span> <span class='ocrx_word' id='word_1_883' title='bbox 2746 4533 2877 4574; x_wconf 89' lang='lat' dir='ltr'><strong>sane</strong></span> <span class='ocrx_word' id='word_1_884' title='bbox 2921 4533 3134 4588; x_wconf 65' lang='lat' dir='ltr'><strong>aequum</strong></span> <span class='ocrx_word' id='word_1_885' title='bbox 3165 4526 3250 4574; x_wconf 91' lang='lat' dir='ltr'><strong>est</strong></span> <span class='ocrx_word' id='word_1_886' title='bbox 3274 4536 3339 4575; x_wconf 84' lang='lat' dir='ltr'><strong>ex</strong></span> <span class='ocrx_word' id='word_1_887' title='bbox 3376 4522 3484 4577; x_wconf 89' lang='lat' dir='ltr'><strong>illis</strong></span> 
     </span>
    </p>
   </div>
   <div class='ocr_carea' id='block_1_110' title="bbox 1924 4607 3487 4686">
    <p class='ocr_par' dir='ltr' id='par_1_110' title="bbox 1924 4607 3487 4686">
     <span class='ocr_line' id='line_1_110' title="bbox 1924 4607 3487 4686; baseline -0.003 -18"><span class='ocrx_word' id='word_1_888' title='bbox 1924 4615 2197 4686; x_wconf 81' lang='lat' dir='ltr'><strong>argenteis</strong></span> <span class='ocrx_word' id='word_1_889' title='bbox 2231 4613 2491 4682; x_wconf 89' lang='lat' dir='ltr'><strong>templum</strong></span> <span class='ocrx_word' id='word_1_890' title='bbox 2543 4609 2715 4665; x_wconf 91' lang='lat' dir='ltr'><strong>fuisse</strong></span> <span class='ocrx_word' id='word_1_891' title='bbox 2763 4607 3131 4680; x_wconf 87' lang='lat' dir='ltr'><strong>profanatum,</strong></span> <span class='ocrx_word' id='word_1_892' title='bbox 3162 4617 3217 4663; x_wconf 92' lang='lat' dir='ltr'><strong>et</strong></span> <span class='ocrx_word' id='word_1_893' title='bbox 3246 4614 3487 4681; x_wconf 81' lang='lat' dir='ltr'><strong>comple-</strong></span> 
     </span>
    </p>
   </div>
   <div class='ocr_carea' id='block_1_111' title="bbox 1923 4698 3486 4769">
    <p class='ocr_par' dir='ltr' id='par_1_111' title="bbox 1923 4698 3486 4769">
     <span class='ocr_line' id='line_1_111' title="bbox 1923 4698 3486 4769; baseline -0.005 -7"><span class='ocrx_word' id='word_1_894' title='bbox 1923 4715 2039 4762; x_wconf 91' lang='lat' dir='ltr'><strong>tum</strong></span> <span class='ocrx_word' id='word_1_895' title='bbox 2084 4705 2255 4761; x_wconf 91' lang='lat' dir='ltr'><strong>fuisse</strong></span> <span class='ocrx_word' id='word_1_896' title='bbox 2280 4704 2411 4759; x_wconf 90' lang='lat' dir='ltr'><strong>illud</strong></span> <span class='ocrx_word' id='word_1_897' title='bbox 2452 4721 2465 4757; x_wconf 91' lang='lat'><strong>:</strong></span> <span class='ocrx_word' id='word_1_898' title='bbox 2506 4720 2526 4755; x_wconf 70' lang='grc' dir='ltr'>α</span> <span class='ocrx_word' id='word_1_899' title='bbox 2567 4700 2706 4755; x_wconf 85' lang='lat' dir='ltr'><strong>Ecce</strong></span> <span class='ocrx_word' id='word_1_900' title='bbox 2734 4700 3062 4769; x_wconf 89' lang='lat' dir='ltr'><strong>relinquitur</strong></span> <span class='ocrx_word' id='word_1_901' title='bbox 3093 4698 3246 4753; x_wconf 79' lang='lat' dir='ltr'><strong>vobis</strong></span> <span class='ocrx_word' id='word_1_902' title='bbox 3291 4699 3486 4754; x_wconf 86' lang='lat' dir='ltr'><strong>domus</strong></span> 
     </span>
    </p>
   </div>
   <div class='ocr_carea' id='block_1_112' title="bbox 1924 4789 3486 4857">
    <p class='ocr_par' dir='ltr' id='par_1_112' title="bbox 1924 4789 3486 4857">
     <span class='ocr_line' id='line_1_112' title="bbox 1924 4789 3486 4857; baseline -0.008 -2"><span class='ocrx_word' id='word_1_903' title='bbox 1924 4808 2103 4857; x_wconf 73' lang='lat' dir='ltr'><strong>vestra</strong></span> <span class='ocrx_word' id='word_1_904' title='bbox 2139 4798 2356 4853; x_wconf 88' lang='lat' dir='ltr'><strong>deserta</strong></span> <span class='ocrx_word' id='word_1_905' title='bbox 2383 4796 2452 4851; x_wconf 75' lang='grc'><strong>⁷⁸.</strong></span> <span class='ocrx_word' id='word_1_906' title='bbox 2488 4814 2506 4846; x_wconf 76' lang='grc' dir='ltr'>ι</span> <span class='ocrx_word' id='word_1_907' title='bbox 2542 4794 2713 4847; x_wconf 87' lang='lat' dir='ltr'><strong>Porro</strong></span> <span class='ocrx_word' id='word_1_908' title='bbox 2759 4798 2939 4846; x_wconf 89' lang='lat' dir='ltr'><strong>autem</strong></span> <span class='ocrx_word' id='word_1_909' title='bbox 2984 4790 3145 4846; x_wconf 88' lang='lat' dir='ltr'><strong>etiam</strong></span> <span class='ocrx_word' id='word_1_910' title='bbox 3195 4789 3328 4844; x_wconf 89' lang='lat' dir='ltr'><strong>illud</strong></span> <span class='ocrx_word' id='word_1_911' title='bbox 3357 4805 3486 4845; x_wconf 88' lang='lat' dir='ltr'><strong>con-</strong></span> 
     </span>
    </p>
   </div>
   <div class='ocr_carea' id='block_1_113' title="bbox 1923 4880 3484 4964">
    <p class='ocr_par' dir='ltr' id='par_1_113' title="bbox 1923 4880 3484 4964">
     <span class='ocr_line' id='line_1_113' title="bbox 1923 4880 3484 4964; baseline -0.01 -16"><span class='ocrx_word' id='word_1_912' title='bbox 1923 4894 2210 4964; x_wconf 90' lang='lat' dir='ltr'><strong>templare,</strong></span> <span class='ocrx_word' id='word_1_913' title='bbox 2259 4906 2387 4945; x_wconf 91' lang='lat' dir='ltr'><strong>num</strong></span> <span class='ocrx_word' id='word_1_914' title='bbox 2447 4887 2637 4943; x_wconf 85' lang='lat' dir='ltr'><strong>fornax</strong></span> <span class='ocrx_word' id='word_1_915' title='bbox 2684 4884 2831 4940; x_wconf 87' lang='lat' dir='ltr'><strong>dicta</strong></span> <span class='ocrx_word' id='word_1_916' title='bbox 2891 4883 2964 4938; x_wconf 90' lang='lat' dir='ltr'><strong>sit</strong></span> <span class='ocrx_word' id='word_1_917' title='bbox 3008 4882 3203 4936; x_wconf 89' lang='lat' dir='ltr'><strong>domus</strong></span> <span class='ocrx_word' id='word_1_918' title='bbox 3247 4880 3484 4943; x_wconf 86' lang='lat' dir='ltr'><strong>Domini,</strong></span> 
     </span>
    </p>
   </div>
   <div class='ocr_carea' id='block_1_114' title="bbox 1925 4973 3487 5058">
    <p class='ocr_par' dir='ltr' id='par_1_114' title="bbox 1925 4973 3487 5058">
     <span class='ocr_line' id='line_1_114' title="bbox 1925 4973 3487 5058; baseline -0.012 -16"><span class='ocrx_word' id='word_1_919' title='bbox 1925 4996 2210 5058; x_wconf 88' lang='lat' dir='ltr'><strong>propterea</strong></span> <span class='ocrx_word' id='word_1_920' title='bbox 2235 4983 2379 5055; x_wconf 89' lang='lat' dir='ltr'><strong>quod</strong></span> <span class='ocrx_word' id='word_1_921' title='bbox 2410 4981 2465 5035; x_wconf 92' lang='lat' dir='ltr'><strong>in</strong></span> <span class='ocrx_word' id='word_1_922' title='bbox 2488 4979 2688 5050; x_wconf 90' lang='lat' dir='ltr'><strong>templo</strong></span> <span class='ocrx_word' id='word_1_923' title='bbox 2710 4976 2804 5032; x_wconf 89' lang='lat' dir='ltr'><strong>Dei</strong></span> <span class='ocrx_word' id='word_1_924' title='bbox 2840 4976 2996 5046; x_wconf 90' lang='lat' dir='ltr'><strong>quasi</strong></span> <span class='ocrx_word' id='word_1_925' title='bbox 3028 4974 3083 5028; x_wconf 92' lang='lat' dir='ltr'><strong>in</strong></span> <span class='ocrx_word' id='word_1_926' title='bbox 3111 4973 3331 5027; x_wconf 88' lang='lat' dir='ltr'><strong>fornace</strong></span> <span class='ocrx_word' id='word_1_927' title='bbox 3356 4986 3487 5027; x_wconf 59' lang='lat' dir='ltr'><strong>con.</strong></span> 
     </span>
    </p>
   </div>
   <div class='ocr_carea' id='block_1_115' title="bbox 1924 5066 3485 5145">
    <p class='ocr_par' dir='ltr' id='par_1_115' title="bbox 1924 5066 3485 5145">
     <span class='ocr_line' id='line_1_115' title="bbox 1924 5066 3485 5145; baseline -0.01 -12"><span class='ocrx_word' id='word_1_928' title='bbox 1924 5078 2154 5145; x_wconf 83' lang='lat' dir='ltr'><strong>llatoris,</strong></span> <span class='ocrx_word' id='word_1_929' title='bbox 2178 5077 2389 5132; x_wconf 89' lang='lat' dir='ltr'><strong>animos</strong></span> <span class='ocrx_word' id='word_1_930' title='bbox 2421 5088 2489 5128; x_wconf 83' lang='lat' dir='ltr'><strong>ex</strong></span> <span class='ocrx_word' id='word_1_931' title='bbox 2521 5070 2829 5127; x_wconf 85' lang='lat' dir='ltr'><strong>divinorum</strong></span> <span class='ocrx_word' id='word_1_932' title='bbox 2858 5080 3170 5123; x_wconf 89' lang='lat' dir='ltr'><strong>sermonum</strong></span> <span class='ocrx_word' id='word_1_933' title='bbox 3203 5066 3383 5120; x_wconf 89' lang='lat' dir='ltr'><strong>calore</strong></span> <span class='ocrx_word' id='word_1_934' title='bbox 3402 5073 3485 5118; x_wconf 75' lang='lat' dir='ltr'><strong>at-</strong></span> 
     </span>
    </p>
   </div>
   <div class='ocr_carea' id='block_1_116' title="bbox 1924 5157 3485 5243">
    <p class='ocr_par' dir='ltr' id='par_1_116' title="bbox 1924 5157 3485 5243">
     <span class='ocr_line' id='line_1_116' title="bbox 1924 5157 3485 5243; baseline -0.008 -17"><span class='ocrx_word' id='word_1_935' title='bbox 1924 5186 2031 5243; x_wconf 89' lang='lat' dir='ltr'><strong>que</strong></span> <span class='ocrx_word' id='word_1_936' title='bbox 2079 5170 2206 5241; x_wconf 86' lang='lat' dir='ltr'><strong>igne</strong></span> <span class='ocrx_word' id='word_1_937' title='bbox 2241 5165 2626 5222; x_wconf 77' lang='lat' dir='ltr'><strong>transformari</strong></span> <span class='ocrx_word' id='word_1_938' title='bbox 2656 5162 2946 5232; x_wconf 89' lang='lat' dir='ltr'><strong>contingit,</strong></span> <span class='ocrx_word' id='word_1_939' title='bbox 3001 5165 3096 5212; x_wconf 90' lang='lat' dir='ltr'><strong>aut</strong></span> <span class='ocrx_word' id='word_1_940' title='bbox 3142 5157 3342 5227; x_wconf 88' lang='lat' dir='ltr'><strong>alioqui</strong></span> <span class='ocrx_word' id='word_1_941' title='bbox 3374 5172 3485 5214; x_wconf 89' lang='lat' dir='ltr'><strong>non</strong></span> 
     </span>
    </p>
   </div>
   <div class='ocr_carea' id='block_1_117' title="bbox 1923 5251 3482 5336">
    <p class='ocr_par' dir='ltr' id='par_1_117' title="bbox 1923 5251 3482 5336">
     <span class='ocr_line' id='line_1_117' title="bbox 1923 5251 3482 5336; baseline -0.012 -15"><span class='ocrx_word' id='word_1_942' title='bbox 1923 5279 2090 5336; x_wconf 91' lang='lat' dir='ltr'><strong>puros</strong></span> <span class='ocrx_word' id='word_1_943' title='bbox 2113 5264 2241 5318; x_wconf 92' lang='lat' dir='ltr'><strong>dum</strong></span> <span class='ocrx_word' id='word_1_944' title='bbox 2275 5269 2535 5331; x_wconf 89' lang='lat' dir='ltr'><strong>tanquam</strong></span> <span class='ocrx_word' id='word_1_945' title='bbox 2587 5257 2641 5311; x_wconf 91' lang='lat' dir='ltr'><strong>in</strong></span> <span class='ocrx_word' id='word_1_946' title='bbox 2703 5254 2926 5309; x_wconf 89' lang='lat' dir='ltr'><strong>fornace</strong></span> <span class='ocrx_word' id='word_1_947' title='bbox 2958 5254 3081 5323; x_wconf 89' lang='lat' dir='ltr'><strong>igne</strong></span> <span class='ocrx_word' id='word_1_948' title='bbox 3109 5251 3482 5321; x_wconf 76' lang='lat' dir='ltr'><strong>explorantur,</strong></span> 
     </span>
    </p>
   </div>
   <div class='ocr_carea' id='block_1_118' title="bbox 1923 5339 3485 5426">
    <p class='ocr_par' dir='ltr' id='par_1_118' title="bbox 1923 5339 3485 5426">
     <span class='ocr_line' id='line_1_118' title="bbox 1923 5339 3485 5426; baseline -0.012 -14"><span class='ocrx_word' id='word_1_949' title='bbox 1923 5355 2197 5426; x_wconf 87' lang='lat' dir='ltr'><strong>redargui&#39;.</strong></span> <span class='ocrx_word' id='word_1_950' title='bbox 2227 5353 2437 5408; x_wconf 80' lang='lat' dir='ltr'><strong>Idcirco</strong></span> <span class='ocrx_word' id='word_1_951' title='bbox 2465 5349 2657 5420; x_wconf 81' lang='lat' dir='ltr'><strong>Aquila</strong></span> <span class='ocrx_word' id='word_1_952' title='bbox 2704 5347 2833 5401; x_wconf 90' lang='lat' dir='ltr'><strong>dum</strong></span> <span class='ocrx_word' id='word_1_953' title='bbox 2875 5345 2949 5400; x_wconf 89' lang='lat' dir='ltr'><strong>ita</strong></span> <span class='ocrx_word' id='word_1_954' title='bbox 3005 5340 3273 5399; x_wconf 84' lang='lat' dir='ltr'><strong>convertit</strong></span> <span class='ocrx_word' id='word_1_955' title='bbox 3307 5358 3321 5396; x_wconf 89' lang='lat'><strong>:</strong></span> <span class='ocrx_word' id='word_1_956' title='bbox 3361 5359 3382 5392; x_wconf 75' lang='grc' dir='ltr'>ι</span> <span class='ocrx_word' id='word_1_957' title='bbox 3419 5339 3485 5393; x_wconf 78' lang='lat' dir='ltr'><strong>Et</strong></span> 
     </span>
    </p>
   </div>
   <div class='ocr_carea' id='block_1_119' title="bbox 1923 5432 3479 5522">
    <p class='ocr_par' dir='ltr' id='par_1_119' title="bbox 1923 5432 3479 5522">
     <span class='ocr_line' id='line_1_119' title="bbox 1923 5432 3479 5522; baseline -0.014 -17"><span class='ocrx_word' id='word_1_958' title='bbox 1923 5446 2158 5522; x_wconf 85' lang='lat' dir='ltr'><strong>projecit</strong></span> <span class='ocrx_word' id='word_1_959' title='bbox 2190 5452 2476 5517; x_wconf 84' lang='lat' dir='ltr'><strong>argentum</strong></span> <span class='ocrx_word' id='word_1_960' title='bbox 2510 5442 2568 5496; x_wconf 90' lang='lat' dir='ltr'><strong>in</strong></span> <span class='ocrx_word' id='word_1_961' title='bbox 2606 5438 2769 5494; x_wconf 87' lang='lat' dir='ltr'><strong>domo</strong></span> <span class='ocrx_word' id='word_1_962' title='bbox 2797 5434 3015 5490; x_wconf 88' lang='lat' dir='ltr'><strong>Domini</strong></span> <span class='ocrx_word' id='word_1_963' title='bbox 3061 5434 3130 5487; x_wconf 86' lang='lat' dir='ltr'><strong>ad</strong></span> <span class='ocrx_word' id='word_1_964' title='bbox 3158 5432 3380 5522; x_wconf 75' lang='lat' dir='ltr'><strong>ﬁgulum</strong></span> <span class='ocrx_word' id='word_1_965' title='bbox 3408 5471 3424 5496; x_wconf 95' lang='lat'><strong>,</strong></span> <span class='ocrx_word' id='word_1_966' title='bbox 3461 5451 3479 5482; x_wconf 77' lang='grc' dir='ltr'>ι</span> 
     </span>
    </p>
   </div>
   <div class='ocr_carea' id='block_1_120' title="bbox 1925 5519 3487 5609">
    <p class='ocr_par' dir='ltr' id='par_1_120' title="bbox 1925 5519 3487 5609">
     <span class='ocr_line' id='line_1_120' title="bbox 1925 5519 3487 5609; baseline -0.012 -17"><span class='ocrx_word' id='word_1_967' title='bbox 1925 5519 2089 5609; x_wconf 75' lang='lat' dir='ltr'><strong>plane</strong></span> <span class='ocrx_word' id='word_1_968' title='bbox 2129 5549 2233 5591; x_wconf 89' lang='lat' dir='ltr'><strong>nos</strong></span> <span class='ocrx_word' id='word_1_969' title='bbox 2264 5534 2424 5589; x_wconf 88' lang='lat' dir='ltr'><strong>docet</strong></span> <span class='ocrx_word' id='word_1_970' title='bbox 2473 5525 2924 5602; x_wconf 87' lang='lat' dir='ltr'><strong>quemadmodum</strong></span> <span class='ocrx_word' id='word_1_971' title='bbox 2970 5523 3214 5580; x_wconf 82' lang='lat' dir='ltr'><strong>divinum</strong></span> <span class='ocrx_word' id='word_1_972' title='bbox 3245 5519 3487 5576; x_wconf 73' lang='lat' dir='ltr'><strong>Verbum</strong></span> 
     </span>
    </p>
   </div>
   <div class='ocr_carea' id='block_1_121' title="bbox 1927 5610 3499 5692">
    <p class='ocr_par' dir='ltr' id='par_1_121' title="bbox 1927 5610 3499 5692">
     <span class='ocr_line' id='line_1_121' title="bbox 1927 5610 3499 5692; baseline -0.009 -11"><span class='ocrx_word' id='word_1_973' title='bbox 1927 5627 2104 5681; x_wconf 88' lang='lat' dir='ltr'><strong>instar</strong></span> <span class='ocrx_word' id='word_1_974' title='bbox 2139 5622 2284 5692; x_wconf 76' lang='lat' dir='ltr'><strong>ﬁguli</strong></span> <span class='ocrx_word' id='word_1_975' title='bbox 2319 5619 2527 5675; x_wconf 84' lang='lat' dir='ltr'><strong>habitet</strong></span> <span class='ocrx_word' id='word_1_976' title='bbox 2555 5619 2609 5673; x_wconf 92' lang='lat' dir='ltr'><strong>in</strong></span> <span class='ocrx_word' id='word_1_977' title='bbox 2637 5616 2799 5673; x_wconf 90' lang='lat' dir='ltr'><strong>domo</strong></span> <span class='ocrx_word' id='word_1_978' title='bbox 2830 5613 3064 5679; x_wconf 85' lang='lat' dir='ltr'><strong>Domini,</strong></span> <span class='ocrx_word' id='word_1_979' title='bbox 3095 5621 3148 5669; x_wconf 86' lang='lat' dir='ltr'><strong>et</strong></span> <span class='ocrx_word' id='word_1_980' title='bbox 3177 5626 3366 5668; x_wconf 83' lang='lat' dir='ltr'><strong>eorum</strong></span> <span class='ocrx_word' id='word_1_981' title='bbox 3394 5610 3499 5683; x_wconf 60' lang='lat' dir='ltr'><strong>qui</strong></span> 
     </span>
    </p>
   </div>
   <div class='ocr_carea' id='block_1_122' title="bbox 3126 5825 3210 5886">
    <p class='ocr_par' dir='ltr' id='par_1_122' title="bbox 3126 5825 3210 5886">
     <span class='ocr_line' id='line_1_122' title="bbox 3126 5825 3210 5886; baseline -0.012 0"><span class='ocrx_word' id='word_1_982' title='bbox 3126 5825 3210 5886; x_wconf 51' lang='lat' dir='ltr'><strong>2&#39;s</strong></span> 
     </span>
    </p>
   </div>
  </div>
