3830 6260
379 245 486 300 747

1019 240 1286 296 EUSEBII
1327 238 1806 296 CESARIENSIS
1835 240 1986 297 OPP.
2030 242 2209 298 PARS
2239 243 2304 297 ll.
2349 273 2418 285 --
2456 243 2960 305 APOLOGETICA.

3489 244 3595 302 ἨΒ

382 367 513 419 illuc
547 363 816 420 accedunt
839 361 1050 416 animas
1080 358 1337 414 informet
1362 374 1426 414 ac
1455 367 1697 415 renovet.
1722 359 1943 415 Verum-

2053 364 2150 435 τὴν
2205 362 2461 435 δευτέραν
2515 363 2575 417 τὸ
2622 363 2924 433 σχοίνισμα,
2972 361 3065 415 τοῦ
3114 362 3455 417 διασκεδάσαι
3508 368 3596 439 τὴν

380 468 562 513 tamen
595 472 719 511 cum
754 455 989 526 pretium
1024 452 1309 522 appretiati
1343 453 1396 505 in
1429 453 1521 506 illa
1564 453 1727 509 domo
1766 453 1948 522 proje-

380 558 552 613 ctum,
580 562 698 602 eam
732 547 904 617 ipsam
940 545 1225 615 profanam
1256 543 1578 607 reddiderit,
1611 545 1804 598 merito
1836 552 1950 598 sta-

380 639 481 695 tim
516 637 764 708 adjungit
803 655 817 691 :
853 655 872 686 ι
909 634 975 689 Ει
1003 636 1179 706 abjeci
1207 636 1417 707 virgam
1441 638 1690 699 alteram,
1726 652 1849 706 quae
1872 636 1950 690 di-

380 730 527 786 citur
558 728 856 791 funiculus,
884 728 951 782 ad
973 727 1350 798 dissipandum
1384 735 1765 784 testamentum
1806 730 1950 785 inter

379 821 576 877 Judam
608 829 661 875 et
690 819 879 875 lsrael.
919 839 938 870 ι
993 819 1068 874 Ex
1110 821 1204 874 illo
1251 821 1397 876 enim
1433 821 1522 875 illa
1556 821 1733 891 gentis
1762 823 1949 876 multi-

381 914 517 970 tudo
545 914 758 982 abjecta
791 920 876 969 est
896 912 1086 983 procul
1107 913 1176 967 ab
1210 914 1434 983 antiqua
1468 913 1562 969 Dei
1602 916 1793 977 tutela,
1827 930 1948 985 quae

381 1005 540 1078 prius
561 1004 686 1058 illos
714 1004 1094 1058 conservabat.
1118 1003 1360 1057 Alteram
1389 1012 1569 1058 autem
1590 1004 1796 1074 virgam
1818 1014 1948 1075 puto

384 1114 484 1170 pro
515 1098 772 1153 universa
805 1097 967 1151 simul
993 1095 1220 1152 Judaica
1247 1104 1406 1166 gente
1439 1096 1542 1150 hoc
1584 1097 1641 1150 in
1685 1097 1804 1151 loco
1855 1113 1950 1151 ac-

382 1190 491 1262 cipi
527 1197 797 1261 oportere.
823 1188 943 1255 Qua
975 1189 1042 1245 de
1073 1203 1241 1244 causa
1272 1189 1418 1243 illam
1451 1188 1615 1244 etiam
1648 1188 1947 1244 funiculum

382 1292 565 1349 vocat,
586 1284 803 1339 dicens:
823 1283 987 1355 482
1008 1301 1026 1333 ι
1061 1281 1233 1336 Unam
1259 1282 1448 1336 vocavi
1464 1282 1945 1353 pulchritudinem,

382 1389 436 1434 et
470 1378 698 1433 alteram
732 1378 923 1432 vocavi
955 1376 1284 1433 funiculum.
1321 1394 1340 1427 ι
1377 1375 1515 1430 Tum
1541 1376 1609 1431 de
1636 1377 1807 1431 altera
1834 1376 1948 1431 evi-

383 1470 576 1525 denter
605 1469 854 1539 adjungit
893 1468 1026 1522 illud
1055 1486 1069 1522 :
1102 1485 1120 1519 (
1166 1467 1231 1520 Et
1259 1467 1435 1537 abjeci
1462 1467 1671 1538 virgam
1698 1469 1945 1530 alteram,

383 1577 505 1632 quae
533 1562 1046 1628 diciturl'uniculus,
1076 1561 1142 1615 ad
1165 1559 1540 1629 dissipandum
1560 1568 1947 1616 testamentum

384 1653 531 1708 inter
562 1651 757 1707 Judam
785 1661 839 1707 et
878 1651 1074 1706 Israel:
1106 1670 1123 1702 ι
1158 1652 1427 1722 siquidem
1467 1651 1523 1705 hi
1570 1662 1725 1706 erant
1769 1661 1824 1706 ct
1864 1652 1949 1704 fu-

2051 453 2324 526 Διαθήκην
2355 452 2459 507 ἀνά
2485 454 2646 524 μέσον
2689 453 2855 506 Ἰούδα
2882 453 2975 505 καὶ
3000 451 3102 504 ἀνὰ
3131 451 3286 522 μέσον
3321 453 3545 527 Ἰσραήλ.
3572 476 3593 509 ο

2066 542 2155 608 Ἐξ
2187 544 2395 596 ἐκείνου
2424 542 2532 614 γάρ
2571 559 2654 595 τοι
2684 542 2745 595 τὸ
2776 540 2977 611 πλῆθος
3006 540 3100 593 τοῦ
3129 540 3311 604 ἔθνους
3340 542 3596 617 άπερῥίφη

2052 634 2153 704 τῆς
2184 634 2349 688 πάλαι
2379 634 2639 705 πρότερον
2673 630 2953 703 ὲφορώσης
2984 631 3178 693 αὐτοὺς
3204 630 3497 701 ἐπισκοπῆς
3513 634 3598 687 τοῦ

2053 726 2206 780 Θεοῦ.
2239 725 2505 797 Δευτέραν
2547 723 2603 776 δὲ
2649 722 2839 793 ῥάϐδον
2890 720 3126 792 ἡγοῦμαι
3168 720 3230 773 τὸ
3272 721 3380 773 πᾶν
3408 719 3600 792 ἀθρόως

2066 817 2327 871 Ἰουδαίων
2356 815 2506 879 ἔθνος
2526 814 2757 868 ἐνταῦθα
2785 812 3092 885 δηλοῦσθαι.
3130 810 3301 864 Καλεῖ
3329 810 3373 863 δ’
3396 806 3485 864 οὖν
3512 812 3599 865 αύ-

2052 911 2151 982 τὴν
2186 909 2490 981 σχοίνισμα,
2522 907 2716 976 λέγων·
2753 924 2771 957 ι
2812 905 2921 974 Τὴν
2959 903 3082 975 μίαν
3128 902 3360 955 ἐκάλεσα
3403 902 3601 968 κάλλος,

2054 1003 2147 1055 καὶ
2184 1003 2281 1072 τὴν
2313 999 2567 1071 δευτέραν
2609 997 2840 1052 ἐκάλεσα
2882 994 3185 1066 σχοίνισμα.
3228 1013 3247 1046 r
3284 995 3394 1048 Kal.
3437 994 3603 1065 σαφῶς

2053 1092 2293 1161 ἐπιλέγει
2319 1092 2445 1162 ’περὶ⁵
2474 1090 2573 1161 τῆς
2603 1088 2858 1161 δευτέρας
2886 1086 3108 1155 φάσκων
3128 1103 3141 1115 ·
3166 1104 3185 1135 ι
3212 1086 3322 1138 Kal
3347 1085 3604 1157 ἀπέρῥιψα

2052 1184 2151 1255 τὴν
2181 1182 2372 1254 ῥάϐδον
2403 1182 2503 1250 τὴν
2544 1179 2799 1250 δευτέραν
2828 1179 2890 1231 τὸ
2929 1178 3234 1249 σχοίνισμα,
3269 1175 3363 1229 τοῦ
3407 1176 3602 1230 διασκε-

2053 1275 2209 1329 δάσαι
2240 1275 2338 1345 τὴν
2368 1272 2640 1344 Διαθήκην
2671 1269 2774 1324 ἀνὰ
2809 1269 2971 1341 μέσον
3012 1269 3180 1322 Ἰούδα
3205 1268 3301 1322 καὶ
3326 1267 3429 1321 ἀνὰ
3459 1268 3603 1338 μέσον

2067 1366 2301 1438 Ἰσραήλ.
2338 1384 2357 1416 δ
2396 1357 2558 1419 Οὗτοι
2591 1361 2700 1434 γὰρ
2729 1358 2868 1433 ἦσαν
2887 1361 2948 1414 τὸ
2983 1361 3272 1432 σχοίνισμα
3313 1360 3408 1412 καὶ
3454 1362 3485 1431 ἡ
3517 1361 3603 1431 ῥά-

2055 1459 2232 1530 ϐδοςή
2260 1457 2505 1531 δευτέρα.
2562 1456 2626 1509 Ἦ
2668 1455 2726 1508 δὲ
2761 1454 2999 1525 προτέρα
3030 1453 3222 1517 κάλλος
3261 1452 3603 1525 ὠνομασμένη

2054 1553 2160 1604 οὐδ’
2201 1551 2332 1621 ἄλλη
2380 1550 2588 1616 γένοιτο
2633 1546 2731 1618 τῆς
2787 1546 3135 1617 Ἰερουσαλὴμ
3166 1545 3356 1616 αὐτῆς,
3391 1546 3480 1597 καὶ
3519 1543 3605 1616 τῆς

2055 1644 2193 1698 κατὰ
2225 1644 2426 1697 Μωσέα
2468 1640 2740 1713 λατρείας,
2777 1642 2989 1711 ἁπάσης
3023 1657 3081 1692 τε
3113 1624 3212 1711 τῆς
3249 1639 3479 1702 παλαιᾶς
3504 1641 3605 1695 Δια-

382 1746 685 1800 niculuset
715 1745 864 1814 virga
897 1744 1087 1798 altera.
1133 1744 1291 1798 Prior
1333 1752 1512 1799 autem
1551 1759 1673 1815 qua:
1701 1743 1940 1814 pulchri-

2052 1737 2223 1808 θήκης
2242 1753 2254 1765 ⁸
2285 1735 2379 1788 καὶ
2411 1734 2566 1788 τοῦτο
2592 1735 2649 1789 δὲ
2692 1734 2750 1801 ἐξ
2779 1733 2948 1803 αὐτῆς
2989 1732 3322 1804 παρίσταται
3361 1732 3457 1803 τῆς
3488 1748 3606 1804 προ-

381 1835 519 1890 tudo
550 1835 833 1890 nominata
860 1843 966 1897 est,
991 1851 1099 1890 non
1126 1836 1231 1889 alia
1266 1834 1428 1890 fuerit
1450 1851 1613 1905 quam
1645 1836 1761 1905 ipsa
1786 1833 1948 1889 Jeru-

381 1927 576 1989 salem,
604 1924 966 1994 adoratioque
994 1923 1254 1989 Mosaica,
1288 1925 1577 1995 omnisque
1603 1925 1782 1995 prisca
1817 1939 1951 1979 con-

382 2016 620 2078 stitutio,
661 2030 782 2083 qua:
827 2021 982 2069 vetus
1028 2014 1228 2068 dicitur
1277 2020 1686 2077 testamentum,
1741 2014 1950 2084 hocque

381 2107 563 2178 ipsum
594 2107 677 2161 vel
696 2122 760 2161 ex
795 2107 912 2176 ipsa
945 2106 1231 2176 prophetia
1262 2106 1421 2176 plane
1453 2108 1784 2170 constiterit,
1820 2107 1949 2161 dum

382 2198 461 2252 ait
495 2215 508 2251 :
549 2216 568 2249 ι
609 2197 675 2250 Et
708 2197 920 2267 capiam
942 2196 1150 2266 virgam
1182 2212 1357 2250 meam
1390 2197 1697 2266 pulchram,
1726 2206 1780 2252 et
1813 2198 1953 2268 abji-

380 2288 522 2343 ciam
552 2304 671 2343 eam
706 2289 772 2342 ad
806 2286 1186 2357 dissipandum
1222 2296 1608 2342 testamentum
1666 2303 1867 2342 meum.
1925 2306 1944 2340 ι

380 2375 548 2435 Vides
571 2387 630 2434 ut
661 2385 1044 2435 testamentum
1077 2378 1295 2447 quidem
1322 2394 1505 2443 suum,
1556 2378 1764 2449 virgam
1806 2378 1951 2447 prio-

380 2483 496 2523 rem
527 2483 651 2524 esse
679 2469 913 2534 dixerit;
946 2468 1176 2521 alteram
1202 2482 1333 2521 vero
1364 2466 1592 2537 virgam,
1621 2465 1947 2529 funiculum,

379 2569 435 2617 et
466 2569 645 2615 tamen
675 2577 732 2615 se
768 2567 1057 2629 utramque
1087 2558 1430 2628 abjecturum
1461 2559 1721 2621 minatur,
1757 2571 1952 2627 quam-

380 2653 466 2707 vis
520 2654 672 2724 prius
716 2651 914 2708 dixerit
961 2670 976 2706 :
1027 2669 1046 2703 t
1093 2650 1159 2704 Et
1210 2650 1422 2720 capiam
1478 2648 1610 2702 mihi
1663 2650 1767 2718 ipsi
1812 2648 1950 2703 duas

380 2744 584 2815 virgas,
617 2759 782 2798 unam
815 2744 1001 2799 vocavi
1030 2741 1513 2814 pulchritudinem,
1535 2750 1587 2795 et
1608 2742 1832 2794 alteram
1857 2754 1951 2794 vo-

377 2838 498 2894 cavi
536 2836 838 2891 funiculum
873 2857 888 2890 :
926 2856 944 2888 ι
980 2852 1079 2906 pro
1106 2850 1217 2907 quo
1243 2835 1437 2906 Aquila
1461 2833 1679 2903 quidem
1704 2833 1784 2886 sic
1815 2847 1950 2885 con-

383 2927 544 2981 vertit
578 2946 593 2980 :
628 2944 646 2977 ι
685 2923 859 2979 Unam
894 2925 1083 2979 vocavi
1111 2926 1386 2984 decorem,
1420 2932 1474 2977 et
1504 2922 1730 2975 alteram
1756 2921 1947 2974 vocavi

383 3016 707 3070 funiculum.
760 3033 778 3066 ι
817 3014 1179 3086 Symmachus
1211 3022 1391 3066 autem
1426 3031 1440 3066 :
1489 3031 1507 3063 ι
1549 3010 1698 3065 Hanc
1723 3010 1942 3080 quidem

382 3104 571 3162 voeﬁ'i
595 3107 871 3170 decorem,
902 3107 1049 3159 illam
1080 3115 1261 3160 autem
1311 3105 1500 3159 vocavi
1555 3102 1877 3156 funiculum.
1919 3121 1937 3153 ι
1971 3077 2013 3134 C

382 3199 495 3251 Hoc
550 3198 716 3267 igitur
760 3196 1032 3250 universa:
1077 3195 1256 3265 gentis
1301 3192 1728 3264 pulchritudinis
1782 3191 1947 3246 deco-

380 3290 564 3358 risque
600 3287 842 3350 nomine,
875 3285 1115 3338 divinam
1141 3285 1335 3355 legem,
1364 3290 1416 3338 et
1447 3283 1594 3353 quod
1620 3284 1674 3336 in
1705 3297 1768 3337 ea
1813 3297 1946 3337 con-

379 3381 582 3435 tinetur
605 3385 1014 3442 testamentum,
1039 3377 1236 3431 merito
1256 3375 1516 3446 appellat.
1549 3373 1944 3429 Venerabilitas

378 3472 522 3528 enim
554 3471 644 3524 illa
669 3470 822 3525 urbis
840 3467 1168 3535 Jerusalem,
1193 3474 1246 3523 et
1274 3482 1398 3538 quae
1427 3468 1481 3521 in
1515 3482 1579 3521 ea
1629 3466 1696 3520 ad
1743 3481 1944 3521 munus

378 3567 693 3638 pontificum
722 3565 1179 3634 saizerdotumque
1225 3562 1592 3632 pertinebant,
1621 3568 1735 3615 tum
1777 3561 1941 3615 etiam

374 3659 557 3713 omnia
588 3673 926 3728 quaecunque
952 3657 1082 3710 olim
1115 3654 1260 3726 apud
1295 3655 1417 3709 illos
1449 3656 1678 3725 populos
1710 3669 1775 3708 ex
1796 3653 1941 3706 divi-

375 3737 464 3805 nis
499 3749 729 3819 legibus,
760 3756 814 3802 ct
841 3762 907 3801 ex
939 3744 1108 3800 veteri
1132 3750 1458 3799 testamento
1491 3741 1559 3796 de
1589 3756 1739 3796 more
1789 3742 1942 3810 prius

375 3839 920 3900 administrabantur,
953 3836 1153 3891 decens
1176 3833 1398 3904 quidam
1423 3840 1650 3888 ornatus
1675 3832 1741 3885 iis
1762 3839 1938 3897 erant,

373 3932 466 4003 qui
497 3931 699 3985 talibus
720 3930 883 3983 rebus
914 3935 1261 3982 ornarentur.
1285 3925 1588 3980 Funiculus
1618 3935 1796 3979 autem
1824 3924 1941 3994 ipsa

372 4022 550 4092 gentis
572 4018 864 4074 multitudo
888 4018 1030 4088 apud
1067 4019 1242 4087 ipsum
1266 4033 1484 4088 quoque
1517 4016 1719 4071 Mosem
1747 4025 1940 4072 vocata

372 4119 478 4172 est,
508 4098 579 4163 in"
600 4104 707 4173 illis
732 4109 928 4163 verbis
957 4129 969 4162 :
1023 4127 1040 4159 ι
1078 4106 1243 4161 Facta
1271 4115 1355 4163 est
1386 4107 1563 4177 portio
1594 4106 1806 4162 Domini
1844 4124 1942 4179 po-

372 4186 674 4275 pulus’ejus
694 4199 884 4266 Jacob,
912 4199 1188 4273 funiculus
1213 4200 1531 4256 hereditatis
1559 4200 1679 4271 ejus
1706 4201 1887 4257 Israel.
1914 4222 1934 4255 ι

371 4286 586 4363 Αιίνετο
604 4282 832 4364 hujusce
850 4276 1137 4364 utriusque
1153 4294 1318 4363 virgae
1342 4293 1717 4356 mutationem,
1743 4310 1940 4366 magno

372 4386 578 4456 impetu
609 4385 848 4440 futuram
875 4371 1343 4473 iis-temporibus,
1382 4382 1449 4437 de
1502 4383 1699 4453 quibus
1729 4382 1935 4439 dictum
1969 4419 2013 4476 υ

370 4489 476 4542 cst,
509 4477 754 4533 divinat:
789 4464 1167 4549 utpote,,'cum
1212 4483 1267 4531 et
1309 4486 1487 4540 vetus,
1521 4477 1667 4547 quod
1702 4479 1854 4548 prius
1881 4479 1935 4534 in

369 4586 433 4623 ea
455 4578 593 4637 erat,
618 4554 1024 4629 testamentum.
1054 4575 1107 4623 et
1138 4567 1489 4638 pulchritudo
1515 4584 1637 4639 quae
1668 4570 1723 4623 in
1750 4570 1939 4625 eadem

369 4662 497 4714 olim
520 4661 870 4727 cernebatur,
904 4659 1134 4714 delenda
1164 4660 1328 4714 fuerit
1352 4667 1405 4715 et
1433 4660 1498 4714 ad
1534 4660 1764 4716 nihilum
1795 4662 1943 4716 redi-

373 4755 572 4823 genda,
626 4751 860 4809 simulac
901 4752 1074 4822 pretio
1120 4752 1266 4807 illius
1310 4754 1583 4806 asstimato
1610 4792 1624 4815 ,
1696 4753 1790 4823 qui
1843 4755 1942 4807 tri-

365 4847 518 4917 ginta
548 4844 822 4915 argenteis
870 4843 1174 4898 aestimatus
1207 4853 1309 4907 est,
1366 4844 1444 4897 illi
1499 4859 1596 4913 pro
1643 4861 1742 4900 sua
1784 4846 1935 4914 ipso-

368 4949 489 4991 rum
539 4934 817 5005 impietate
876 4934 1082 4988 merita:
1145 4934 1457 5003 ignominiae
1516 4936 1741 4991 obnoxii
1807 4937 1931 4992 facti

364 5034 523 5089 sunt;
554 5025 690 5080 dicit
725 5024 888 5094 igitur
924 5044 935 5077 2
974 5044 991 5075 ι
1032 5024 1096 5077 Et
1125 5026 1336 5094 capiam
1369 5028 1574 5096 virgam
1610 5043 1782 5082 meam
1813 5030 1934 5098 pul-

362 5118 579 5182 chram,
612 5126 665 5172 et
689 5116 946 5185 abjiciam
969 5132 1086 5171 eam
1121 5118 1187 5170 ad
1223 5117 1601 5189 dissipandum
1637 5129 1930 5175 testamen-

363 5209 482 5265 tum
511 5226 716 5266 meum.
746 5229 763 5261 ι
790 5209 853 5264 Et
870 5226 1064 5266 rursus
1088 5230 1101 5265 :
1128 5229 1146 5261 ι
1170 5209 1237 5263 Et
1258 5210 1430 5279 ahjeci
1455 5212 1658 5282 virgam
1677 5212 1927 5278 alteram,

364 5316 487 5374 quae
504 5300 709 5355 dicitur
731 5287 1028 5356 funiculus.
1054 5322 1071 5352 ι
1091 5302 1170 5356 Ad
1194 5304 1326 5365 ham,
1350 5317 1469 5356 cum
1490 5303 1541 5356 in
1560 5302 1838 5372 prophetia
1857 5303 1933 5357 di-

366 5402 525 5445 catur
543 5392 675 5445 illud
694 5411 704 5443 :
731 5410 748 5440 ι
771 5390 836 5445 Et
852 5408 918 5445 au
928 5392 1093 5447 feram
1109 5404 1217 5447 tres
1234 5400 1481 5463 pastores
1500 5392 1551 5446 in
1569 5408 1893 5455 meusenno,
1908 5411 1925 5441 ι

363 5481 792 5554 Marbitror
840 5484 919 5540 sic
967 5494 1079 5539 tres
1114 5483 1333 5541 ordines
1378 5499 1566 5538 eorum
1614 5484 1932 5554 significari,

363 5573 462 5640 qui
492 5571 620 5624 olim
654 5573 851 5639 populo
893 5573 985 5629 Dei
1036 5585 1297 5644 praerant
1368 5592 1576 5641 regum,
1615 5576 1930 5645 pontificum

361 5673 419 5724 αι
447 5659 871 5732 prophetarum;
902 5667 1163 5734 quoniam
1199 5670 1265 5721 ab
1301 5665 1388 5721 his
1423 5668 1617 5726 tribus.
1648 5668 1803 5738 quasi
1836 5683 1932 5738 pa-

2053 1824 2278 1896 φητείας
2319 1827 2602 1896 φησάσης·
2644 1843 2663 1875 ι
2716 1824 2826 1877 Καὶ
2867 1822 3105 1894 λήψομαι
3152 1823 3250 1894 τὴν
3301 1822 3487 1895 ῥάϐδον
3519 1840 3606 1894 μου

2050 1918 2149 1989 τὴν
2191 1916 2381 1988 καλὴν,
2427 1918 2521 1971 καὶ
2568 1915 2856 1988 ἀπορῥίψω
2904 1915 3091 1986 αὐτὴν,
3130 1918 3225 1968 τοῦ
3278 1915 3606 1970 διασκεδάσαι

2049 2009 2147 2081 τὴν
2184 2010 2456 2082 Διαθήκην
2503 2027 2623 2081 μου.
2664 2029 2682 2059 ι
2733 2010 2894 2081 Ὁρᾷς
2936 2009 3013 2072 ὼς
3056 2008 3157 2080 τὴν
3205 2008 3308 2080 μὲν
3355 2009 3606 2080 Διαθήκην

2053 2102 2244 2155 ἑαυτοῦ
2286 2103 2385 2173 τὴν
2429 2101 2622 2173 ῥάϐδον
2672 2101 2870 2172 ἔφησεν
2918 2097 3055 2154 εἶναι
3103 2102 3204 2172 τὴν
3250 2100 3496 2173 πρώτην,
3522 2103 3606 2172 τὴν

2050 2195 2308 2265 δευτέραν
2343 2195 2400 2248 δὲ
2451 2194 2641 2265 ῥάϐδον
2676 2194 2737 2246 τὸ
2783 2194 3091 2265 σχοίνισμα,
3138 2193 3282 2265 πλὴν
3313 2194 3607 2265 ἀμφοτέρας

2048 2287 2148 2352 τὰς
2177 2286 2402 2358 ῥάϐδους
2428 2285 2749 2358 ἁπορῥίψειν
2775 2286 3006 2350 ἀπειλεῖ,
3030 2285 3310 2359 προειπὼν
3347 2286 3603 2359 πρότερον

2057 2398 2076 2432 ι
2116 2379 2227 2432 Ka‘t
2257 2377 2493 2449 λήψομαι
2539 2375 2758 2447 ἐμαυτῷ
2789 2377 2881 2430 δύο
2914 2377 3167 2447 ῥάϐδους·
3202 2377 3307 2449 τὴν
3343 2379 3467 2448 μίαν
3488 2377 3604 2431 ἐκά-

2050 2470 2180 2523 λεσα
2212 2469 2424 2533 κάλλος,
2452 2469 2546 2521 καὶ
2576 2469 2673 2539 τὴν
2701 2467 2955 2539 δευτέραν
2983 2469 3218 2524 ὲκάλεσα
3247 2470 3559 2541 σχοίνισμασ
3586 2490 3600 2519 ι

2051 2560 2166 2614 ἀνθ’
2211 2553 2285 2613 ὧν
2333 2560 2362 2612 ὁ
2408 2558 2506 2630 μὲν
2551 2559 2779 2622 Ἀκύλας
2828 2561 2993 2631 φησί·
3036 2581 3054 2611 ε
3086 2562 3194 2633 Τὴν
3231 2563 3363 2632 μίαν
3395 2561 3605 2615 ἐκάλεσα

2049 2650 2402 2722 εὐπρέπειαν,
2434 2648 2527 2702 καὶ
2557 2648 2654 2719 τὴν
2688 2649 2878 2721 ἑτέραν
2911 2650 3143 2704 ἐκάλεσα
3190 2652 3501 2723 σχοίνισμα’
3534 2672 3550 2704 ι
3578 2653 3605 2706 ὀ

2048 2743 2103 2796 δὲ
2149 2741 2472 2813 Σύμμαχος·
2520 2762 2537 2794 ε
2587 2743 2696 2814 Τὴν
2734 2742 2829 2813 μὲν
2862 2742 3093 2796 ἐκάλεσα
3138 2744 3490 2815 εὐπρέπειαν,
3520 2745 3604 2817 τὴν

2047 2835 2103 2888 δὲ
2139 2835 2265 2905 μίαν
2303 2834 2535 2888 ἐκάλεσα
2570 2835 2873 2906 σχοίνισμα.
2916 2856 2933 2885 ι
2982 2836 3151 2890 Τοῦτο
3179 2837 3282 2907 μὲν
3308 2833 3400 2891 οὖν
3427 2838 3604 2902 παντὸς

2047 2926 2231 2990 ἔθνους
2272 2925 2465 2990 κάλλος
2516 2927 2607 2978 καὶ
2650 2926 3000 2998 εὐπρέπειαν,
3034 2927 3124 2980 τὸν
3157 2926 3303 2981 θεῖον
3334 2928 3491 2999 νόμον
3523 2929 3604 2981 καὶ

2046 3018 2143 3090 τὴν
2171 3019 2227 3071 ὲν
2263 3017 2410 3089 αὐτῷ
2443 3018 2835 3090 περιεχομένην
2861 3018 3133 3091 Διαθήκην
3163 3019 3447 3092 ὠνόμασεν
3475 3020 3604 3073 εἰκό-

2045 3127 2171 3174 τως.
2211 3110 2291 3163 Τά
2319 3126 2379 3162 τε
2416 3109 2524 3182 γάρ
2558 3109 2731 3181 σεμνά
2758 3111 2862 3182 τῆς
2893 3110 3265 3182 Ἰερουσαλὴμ,
3302 3112 3398 3166 καὶ¹
3425 3112 3490 3166 τά
3517 3113 3604 3181 τῆς

2046 3201 2437 3272 ἀρχιερατικῆς
2496 3200 2851 3273 λειτουργίας,
2909 3203 3003 3256 καὶ
3052 3203 3229 3256 πάντα
3294 3204 3394 3256 ὅσα
3456 3203 3602 3257 πάλαι

2047 3290 2308 3361 πρότερον
2351 3292 2409 3344 ἐν
2457 3291 2639 3355 αὐτοῖς
2685 3292 2825 3345 κατὰ
2865 3294 2989 3355 τοὺς
3044 3293 3219 3357 θείους
3265 3295 3478 3365 νόμους,
3521 3297 3603 3348 καὶ

2046 3380 2187 3434 κατὰ
2239 3383 2338 3452 τὴν
2386 3382 2621 3436 παλαιὰν
2679 3383 2950 3456 Διαθήκην
2994 3385 3372 3451 ἐπολιτεύετο,
3420 3388 3603 3459 κόσμος

2044 3472 2325 3543 εὐπρεπὴς
2372 3474 2582 3545 ὑπῆρχε
2634 3478 2747 3538 τοῖς
2795 3475 2899 3528 ὑπὸ
2946 3476 3598 3549 τούτωνικοσμουμένοις.

2044 3565 2338 3634 Σχοίνισμα
2363 3564 2419 3616 δὲ
2448 3565 2507 3617 τὸ
2538 3564 2741 3635 πλῆθος
2771 3566 2865 3619 τοῦ
2891 3566 3074 3630 ἔθνους
3107 3568 3202 3621 καὶ
3237 3568 3391 3640 παρὰ
3433 3570 3602 3622 Μωσεῖ

2045 3653 2305 3725 κέκληται
2355 3655 2605 3725 λέγοντι·
2646 3676 2664 3708 ι
2725 3658 2981 3730 Ἐγενήθη
3037 3661 3192 3732 μερὶς
3242 3661 3445 3732 Κυρίου
3491 3660 3602 3723 λαὸς

2043 3746 2207 3800 αὑτοῦ
2234 3747 2447 3813 Ἰακὼϐ,
2464 3749 2748 3820 σχοινισμα
2770 3750 3132 3822 κληρονομίας
3143 3752 3310 3807 αὑτοῦ
3336 3752 3556 3824 Ἰσραήλ.
3581 3771 3596 3801 ο

2053 3839 2216 3893 Ἀλλὰ
2246 3840 2353 3911 γὰρ
2383 3841 2491 3894 τῶν
2521 3840 2613 3894 δύο
2642 3841 2845 3895 τούτων
2888 3842 3098 3912 ῥάϐδων
3130 3842 3346 3914 ἀθρόως
3395 3843 3601 3916 μεταϐο-

2041 3932 2136 4004 λὴν
2158 3933 2479 4004 γενήσεσθαι
2504 3933 2645 3986 κατὰ
2664 3934 2790 3998 τοὺς
2807 3934 3165 4006 δηλουμένους
3187 3936 3416 4007 χρόνους
3436 3934 3600 3989 θεσπί-

2043 4024 2145 4104 ζει,
2184 4024 2261 4088 ὡς
2292 4025 2384 4078 καὶ
2416 4027 2514 4097 τῆς
2545 4025 2710 4079 πάλαι
2751 4027 2808 4079 ἐν
2854 4027 2990 4097 αὐτῇ
3044 4026 3281 4093 παλαιᾶς
3322 4028 3597 4100 Διαθήκης,

2041 4118 2135 4170 καὶ
2161 4115 2253 4169 τοῦ
2279 4115 2444 4169 πάλαι
2469 4118 2526 4169 ὲν
2558 4117 2694 4188 αὐτῇ
2724 4116 2949 4180 κάλλους
2972 4118 3495 4190 άφανισθησομένου,
3514 4117 3596 4171 τοῦ

2039 4226 2098 4262 τε
2134 4209 2509 4280 σχοινίσματος
2539 4208 2632 4262 καὶ⁵
2664 4208 2757 4261 τοῦ
2793 4208 2990 4273 παντὸς
3022 4209 3205 4274 ἔθνους
3237 4208 3599 4279 διασκεδασθη·

2043 4298 2290 4367 σομένου,
2319 4297 2475 4361 ἐπάν,
2498 4297 2596 4368 τὴν
2627 4298 2790 4369 τιμὴν
2818 4297 2910 4351 τοῦ
2938 4300 3298 4370 τετιμημένου
3327 4302 3598 4372 τριάκοντα

2041 4387 2316 4460 ἀργυρίων
2360 4388 2759 4458 τιμησάμενοι,
2809 4388 2908 4459 τῆς
2960 4389 3106 4459 σφῶν
3154 4390 3469 4455 δυσσεϐείας
3510 4391 3596 4459 τὴν

2041 4482 2419 4552 προσήκουσαν
2452 4480 2670 4551 ἀτιμίαν
2698 4480 3003 4551 ὑπόσχοιεν.
3029 4482 3187 4551 Λέγει
3210 4483 3253 4535 δ’
3281 4480 3373 4537 οὖν
3394 4500 3408 4514 ’
3444 4501 3465 4535 ι
3500 4482 3597 4535 Καὶ

2039 4570 2275 4641 λήψομαι
2305 4571 2402 4641 τὴν
2442 4571 2633 4641 ῥάϐδον
2669 4589 2769 4643 μου
2801 4574 2901 4644 τὴν
2944 4572 3133 4643 καλὴν,
3183 4576 3276 4627 καὶ
3325 4575 3596 4648 ἁπορῥίψω

2039 4662 2230 4733 αὐτὴν,
2277 4662 2371 4715 τοῦ
2419 4663 2763 4717 διασκεδάσαι
2808 4664 2908 4736 τὴν
2958 4665 3232 4738 Διαθήκην
3269 4684 3402 4738 μου·
3446 4687 3464 4719 ι
3513 4668 3596 4720 καὶ

2040 4753 2200 4807 πάλιν
2219 4771 2233 4784 θ
2273 4774 2291 4806 ι
2331 4756 2440 4808 Καὶ
2473 4756 2752 4828 ὰπέρῥιψα
2781 4757 2878 4828 τὴν
2910 4757 3103 4828 ῥάϐδον
3134 4759 3231 4829 τὴν
3261 4759 3515 4831 δευτέραν
3540 4759 3592 4811 τὸ

2041 4846 2347 4918 σχοίνισμα.
2394 4867 2410 4896 ο
2452 4848 2574 4901 Ἐπὶ
2601 4848 2807 4912 τούτοις
2838 4849 2975 4901 ἐπὰν
3006 4853 3038 4920 ὴ
3070 4852 3374 4921 προφητεία
3404 4853 3592 4921 φάσκῃ·

2045 4955 2064 4988 ί
2099 4939 2206 4990 Καὶ
2238 4936 2417 5009 ἐξαρῶ
2448 4939 2573 5002 τοὺς
2606 4942 2752 5010 τρεῖς
2785 4940 3047 5010 ποιμένας
3073 4942 3129 4993 ὲν
3174 4941 3303 5013 μηνὶ
3326 4942 3426 5002 ἐνὶ,
3470 4961 3487 4992 ι
3520 4956 3593 4993 νο-

2041 5026 2181 5099 μίζω
2214 5030 2340 5102 τρία
2370 5030 2625 5101 τάγματα
2658 5030 2986 5084 αἰνίττεσθαι
3014 5030 3123 5084 τῶν
3154 5031 3321 5086 πάλαι
3353 5031 3445 5087 τοῦ
3477 5028 3591 5084 λαοῦ

2036 5117 2131 5170 τοῦ
2166 5117 2300 5171 Θεοῦ
2328 5116 2702 5185 προεστώτων,
2736 5118 3020 5189 βασιλέων,
3049 5120 3141 5173 καὶ
3167 5120 3485 5192 ἀρχιερέων,
3510 5118 3593 5171 καὶ

2039 5210 2333 5283 προφητῶν
2355 5229 2367 5241 ·
2397 5212 2517 5266 ἐπεὶ
2543 5212 2636 5265 καὶ
2661 5211 2750 5265 διὰ
2776 5211 2884 5266 τῶν
2912 5211 3080 5285 τριῶν
3107 5212 3310 5266 τούτων
3338 5213 3591 5284 ποιμένων

2039 5303 2217 5356 πάντα
2261 5302 2332 5356 τά
2380 5304 2520 5356 κατὰ
2556 5305 2682 5367 τοὺς
2731 5302 2899 5357 πάλαι
2952 5304 3213 5376 πρότερον
3258 5303 3587 5375 ᾠκονομεῖτο.

2051 5394 2187 5446 Ἀλλ’
2220 5394 2405 5464 ἐπειδὴ
2437 5394 2763 5466 διαστροφὴν
2807 5395 2900 5447 καὶ
2932 5396 2980 5447 οἱ
3029 5398 3177 5467 τρεῖς
3221 5390 3367 5449 οὗτοι
3407 5392 3587 5446 πεπόν-

2038 5485 2160 5538 θασι
2189 5486 2460 5554 ποιμένες,
2496 5486 2616 5546 καθ’
2645 5486 2737 5539 ἕνα
2778 5489 2963 5559 καιρὸν
2990 5488 3082 5540 τὸν
3114 5489 3206 5541 ἐπὶ
3230 5487 3325 5539 τοῦ
3358 5487 3586 5555 Σωτῆρος

2039 5578 2193 5648 ἡμῶν
2227 5578 2283 5649 (δ
2304 5595 2362 5630 τε
2394 5578 2501 5650 γὰρ
2529 5578 2780 5649 βασιλεὺς
2841 5581 3173 5651 παρανόμως
3199 5580 3376 5634 αὐτῶν
3401 5578 3583 5649 ἡγεῖτο,

2038 5668 2329 5739 amem;
2370 5687 2451 5734 τις
2482 5668 2557 5723 ὣν
2602 5672 2691 5724 καὶ
2739 5672 2838 5725 οὐκ
2875 5674 3070 5735 οἰκεῖος
3099 5672 3190 5725 τοῦ
3236 5671 3443 5731 έθνους”
3482 5669 3583 5722 ὅτε
