3830 6260
235 307 331 364 749

1149 313 1808 374 DEMONSTRATIONIS
1836 315 2296 373 EVANGELICE
2328 313 2457 376 LIB.
2498 317 2566 376 Χ.

3380 322 3494 383 τεσ

232 427 541 501 ἀρχιερεὺς.
593 429 699 483 ὑπὸ
743 428 1026 501 Ῥωμαίων
1074 432 1517 503 παραγενόμενος
1570 433 1663 487 ἐπὶ
1711 432 1785 505 τὴ*

1917 432 2181 497 storibus,
2218 438 2405 492 omnia
2435 451 2558 508 qua:
2588 436 2656 492 ad
2693 435 2817 495 illos
2839 444 3054 496 veteres
3076 439 3207 496 olim
3244 444 3482 512 pcrtiue-

231 522 592 594 Αειτουργίαν,
625 523 686 575 οὺ
718 522 856 576 κατὰ
899 522 997 594 τὴν
1025 522 1121 595 τοῦ
1164 525 1355 593 γένους
1393 526 1642 597 διαδοχὴν
1687 526 1808 579 οὐδὲ

230 613 367 670 κατὰ
386 614 515 677 τοὺς
545 614 801 685 ἐννόμους
841 612 1074 685 θεσμοὺς
1101 615 1193 667 ἐπὶ
1223 614 1323 686 τὴν
1360 617 1526 687 τιμὴν
1562 616 1766 688 παρῄει
1790 633 1806 649 ο

233 707 262 759 ὅ
284 723 345 760 τε
372 708 663 778 προφήτης
692 706 884 778 μέχρις
928 706 1195 770 Ἰωάννου,
1230 708 1595 778 παυσάμενος,
1624 709 1807 761 οὐκέτι

227 803 282 855 ἐν
320 801 506 863 αὐτοῖς
534 802 776 871 ἐνήργει,
802 800 921 853 ἀντὶ
953 800 1008 852 δὲ
1030 799 1217 852 τούτου
1249 799 1698 871 ψευδοπροφήτης
1722 818 1807 865 τις

226 891 428 964 ἀσεϐὴς
460 893 555 946 καὶ
587 890 802 944 πλανῶν
831 891 920 944 τὸν
953 890 1078 944 λαὸν
1100 893 1140 956 l,
1176 892 1399 955 εἰκότως
1441 891 1510 944 τὰ
1546 892 1672 961 τρία
1705 909 1804 962 χα-

228 986 486 1055 ρίσματα,
523 983 691 1037 πάλαι
735 983 997 1056 πρότερον
1048 984 1189 1056 ὑπὲρ
1238 984 1414 1037 πάντα
1461 984 1664 1055 κόσμον
1713 985 1803 1037 εὐ-

222 1077 409 1150 πρεπῆ
453 1076 515 1129 τδ
560 1077 669 1129 πᾶν
715 1074 865 1138 ἔθνος
911 1076 1238 1147 κοσμοῦντα,
1285 1079 1662 1149 περιαιρήσειν
1712 1078 1800 1146 ὑφ’

219 1170 311 1224 ἕνα
358 1169 550 1241 καιρὸν
593 1168 807 1222 ἀπειλεῖ
847 1168 1019 1236 λέγων
1040 1184 1052 1197 ·
1086 1185 1104 1218 ι
1154 1169 1262 1221 Καὶ
1293 1167 1469 1242 etiam?)
1494 1170 1619 1232 τοὺς
1653 1172 1802 1240 τρεῖς

219 1261 487 1332 ποιμένας
514 1263 571 1314 ἐν
606 1262 735 1332 μηνὶ
768 1262 867 1322 ἐνὶ,
898 1260 990 1314 καὶ
1019 1260 1412 1333 βαρυνθήσεται
1446 1263 1478 1332 ἡ
1510 1262 1652 1331 ψυχή
1696 1278 1797 1332 μου

216 1355 308 1409 ἐπ’
362 1353 592 1416 αὐτούς’
638 1372 656 1404 ι
691 1351 805 1406 ἀνθ’
839 1348 953 1406 οὔὸ
1002 1354 1099 1423 μὲν
1148 1352 1378 1417 Ἀκΰλας
1425 1354 1585 1424 φησί’
1628 1373 1645 1402 ‹
1689 1354 1797 1406 Καὶ

212 1444 524 1517 ἐκολοϐώθη
548 1447 582 1516 ή
606 1444 750 1517 ψυχή
795 1461 893 1513 μου
919 1445 976 1496 ὲν
1003 1445 1187 1507 αὐτοῖς
1209 1460 1223 1474 ’
1270 1464 1287 1492 ι
1314 1446 1341 1497 ὁ
1369 1445 1425 1498 δὲ
1457 1446 1752 1515 Σύμμαχος
1775 1460 1789 1473 ⁸

217 1556 238 1590 t
279 1538 392 1591 Καὶ
426 1536 816 1607 ὠλιγοψύχησα
873 1536 931 1589 ἐν
976 1537 1158 1601 αὐτοῖς
1181 1554 1194 1567 ⁸
1233 1556 1252 1589 ι
1304 1541 1332 1591 ὁ
1364 1538 1420 1591 δὲ
1468 1537 1789 1590 Θεοδοτίωνο

217 1650 236 1679 ε
270 1627 387 1682 Καὶ
419 1627 825 1699 ώλιγοψυχησεν
864 1628 899 1698 ἡ
934 1627 1078 1700 ψυχή
1111 1647 1213 1700 μου
1252 1630 1337 1683 ἐπ’
1367 1629 1583 1693 αὐτούς.
1624 1650 1642 1682 ›
1682 1631 1793 1684 Καὶ

205 1722 268 1775 τὸ
322 1722 495 1774 αἴτιόν
538 1738 601 1790 γε
650 1723 749 1794 τῆς
796 1722 1143 1793 ὀλιγοψυχίας
1189 1722 1451 1786 διδάσκει,
1500 1721 1784 1787 ἐπιλέγων·

209 1832 228 1863 α
274 1814 388 1866 Καὶ
430 1814 540 1886 γὰρ
571 1814 628 1866 αἱ
672 1815 841 1884 ψυχαὶ
881 1814 1061 1868 αὐτῶν
1104 1812 1413 1886 ὲπωρύοντο
1449 1813 1534 1866 ἐπ’
1586 1814 1683 1885 ἐμέ
1710 1830 1722 1843 ·
1769 1832 1787 1864 ι

203 1904 326 1957 ἀνθ’
363 1899 426 1957 οὗ
455 1905 614 1958 πάλιν
654 1909 683 1960 ὁ
728 1906 991 1970 Ἀκύλαςο
1034 1926 1053 1958 ι
1085 1905 1194 1961 Καί
1237 1923 1301 1975 γε
1345 1908 1377 1977 ἡ
1421 1904 1567 1977 ψυχὴ
1613 1905 1793 1959 αὐτῶν

201 1998 516 2070 έπέρκασεν
566 1999 623 2050 ὲν
667 1998 822 2069 ἐμοί’
884 2018 903 2051 ι
958 2001 987 2053 ὁ
1036 1998 1092 2052 δὲ
1140 1996 1462 2069 Σύμμαχος·
1523 2017 1542 2048 ¢
1597 1999 1709 2052 Kal.
1757 2000 1791 2070 ή

199 2090 354 2160 ψυχὴ
404 2088 583 2144 αὐτῶν
629 2091 878 2163 ἦκμασεν
935 2093 992 2144 ὲν
1040 2090 1184 2163 ὲμοί.
1252 2110 1271 2143 ι
1317 2091 1543 2162 Ὅμοιον
1589 2090 1646 2143 δὲ
1690 2089 1790 2161 τῷ,

205 2203 224 2234 ι
266 2183 386 2237 Καὶ
427 2184 537 2256 γὰρ
585 2184 642 2236 αί
680 2184 850 2255 ψυχαὶ
894 2183 1075 2237 αὐτῶν
1116 2183 1423 2257 ὲπωρύοντο
1468 2184 1554 2237 ἐπ’
1604 2184 1722 2254 ἐμὲ,
1767 2202 1786 2236 ι

199 2272 359 2346 παρὰ
390 2274 917 2349 τοῖςἙϐδομήκοντα
948 2275 1241 2348 εἰρημένῳ,
1277 2274 1502 2347 φέρεται
1540 2275 1690 2347 παρά
1712 2273 1791 2345 τῷ

211 2364 461 2437 Ἱερεμίᾳ.
508 2367 573 2419 ὲκ
629 2365 923 2438 προσώπου
978 2366 1073 2420 τοῦ
1117 2366 1323 2439 Κυρίου
1385 2368 1637 2434 κείμενον
1696 2367 1787 2420 τὸυ

200 2474 222 2506 ς
270 2455 741 2524 Ἐγκαταλέλοιπα
759 2458 850 2511 τὸν
866 2452 1013 2511 οἶκόν
1041 2474 1163 2529 μου,
1196 2458 1382 2529 ἀφῆκα
1404 2457 1504 2529 τὴν
1530 2458 1789 2531 κληρονο-

198 2546 337 2617 μίαν
393 2564 516 2618 μου,
561 2547 739 2603 ἔδωκα
781 2549 882 2620 τὴν
932 2547 1294 2620 ἠγαπημένην
1343 2548 1523 2620 ψυχήν
1576 2567 1677 2620 μου
1711 2551 1790 2614 είς

194 2641 396 2711 χεῖρας
440 2639 647 2711 ἐχθρῶν
690 2641 892 2717 αὐτῆς·
938 2641 1168 2712 ἐγενήθη
1220 2643 1253 2712 ἡ
1303 2641 1635 2714 κληρονομία
1685 2661 1787 2714 μου

195 2732 328 2802 ἐμοὶ
357 2730 434 2795 ὡς
468 2732 605 2786 λέων
633 2734 691 2786 ὲν
722 2733 931 2804 δρυμῷ,
968 2733 1165 2788 ἔδωκεν
1198 2736 1285 2788 ἐπ’
1329 2735 1430 2806 ἐμὲ
1471 2735 1571 2805 τὴν
1604 2735 1787 2807 φωνὴν

193 2821 396 2891 αὐτῆς.
423 2821 513 2893 Μὴ
531 2823 791 2893 σπήλαιον
818 2823 1008 2895 ὑαίνης
1030 2826 1062 2895 ἡ
1092 2824 1425 2897 κληρονομία
1455 2841 1555 2896 μου
1581 2824 1733 2895 ἐμοίς
1762 2845 1781 2877 ι

191 2913 442 2977 Εἰκότως
483 2910 575 2967 οὖν
616 2914 706 2968 διὰ
746 2915 918 2969 ταῦτα
947 2915 1073 2988 ἑξῆς
1101 2917 1352 2988 ἐπιφέρει
1375 2917 1578 2987 λέγων·
1618 2936 1638 2969 ι
1678 2917 1788 2972 Κοαὶ

190 2999 369 3058 ετπαο
401 3005 476 3058 Οὐ
526 3004 776 3076 ποιμανῶ
824 3007 1000 3077 ὑμᾶς’
1052 3005 1112 3059 τὸ
1163 3007 1504 3078 ἀποθνῆσκον
1551 3009 1787 3079 ἀποθνη-

192 3097 403 3160 σκέτω,
439 3096 616 3151 καὶτὸ
644 3096 893 3151 ἐκλεῖπον
917 3097 1233 3163 ἐκλειπέτω,
1262 3098 1357 3152 καὶ
1379 3098 1448 3152 τά
1479 3099 1783 3153 κατάλοιπα
1811 3130 1854 3187 c

189 3189 552 3255 ἐσθιέτωσαν,
594 3190 821 3255 ἕκαστος
867 3189 966 3253 τὰς
1011 3191 1219 3263 σάρκας
1256 3190 1351 3245 τοῦ
1395 3192 1622 3264 πλησίον
1658 3194 1785 3246 ἐαυ-

188 3285 289 3335 τοῦ
316 3298 330 3311 ·
369 3300 389 3333 ι
445 3281 563 3352 μεθ’
592 3281 629 3335 ἃ
671 3281 913 3352 ἐπιλέγει
935 3299 949 3313 °
986 3302 1005 3334 ‹
1050 3284 1160 3338 Καὶ
1200 3281 1438 3355 λήψομαι
1466 3283 1563 3352 τὴν
1591 3281 1784 3355 ῥάϐδον

194 3392 303 3447 μου
320 3374 421 3446 τὴν
439 3374 629 3446 καλὴν,
643 3374 738 3428 καὶ
755 3374 1044 3447 ἀπορρίψω
1064 3376 1250 3447 αὐτήνι
1266 3396 1284 3427 ι
1311 3374 1427 3429 ἀνθ’
1451 3370 1511 3429 οὗ
1530 3374 1779 3439 Ἀκύλας,

196 3486 217 3517 ι
236 3467 356 3523 Καὶ
379 3465 587 3531 ἔλαϐον,
619 3486 636 3517 ι
666 3467 818 3539 φησὶ,
855 3468 977 3539 «τὴν
1003 3467 1195 3540 ῥάϐδον
1225 3485 1347 3540 μου,
1368 3467 1465 3539 τὴν
1489 3466 1784 3539 εὐπρέπει-

190 3576 283 3622 αν,
322 3560 420 3612 καὶ
443 3558 746 3631 περιέκσξα
780 3559 1003 3630 abripi,»
1047 3558 1248 3630 δηλαδὴ
1280 3558 1379 3629 τὴν
1414 3557 1559 3612 κατὰ
1578 3559 1785 3612 Μωσέα

189 3650 477 3723 λατρείαν.
506 3648 714 3702 Οὐκοῦν
739 3649 771 3717 ἡ
796 3649 891 3719 μὲν
915 3646 1107 3718 πρώτη
1130 3646 1323 3719 ῥάϐδος
1346 3648 1378 3717 ἡ
1403 3646 1460 3699 ὲν
1476 3646 1671 3717 ἀρχαῖς
1686 3644 1782 3699 τοῦ

188 3743 358 3814 λόγου
409 3741 619 3815 πρώτη,
671 3740 1128 3815 συντριϐήσεσθαι
1171 3742 1266 3794 καὶ
1305 3738 1780 3811 ἀπορῥιφήσεσθαι

127 3860 140 3874 ο
188 3836 436 3906 λέγεται.
459 3837 584 3889 Ὅτε
615 3835 672 3888 δὲ
699 3837 733 3907 ἡ
750 3835 884 3905 τιμὴ
908 3832 1000 3887 τοῦ
1025 3832 1412 3904 τετιμημένου,
1432 3833 1526 3885 καὶ
1554 3830 1614 3884 τὸ
1641 3832 1783 3902 ὑπὲρ

186 3924 359 3978 αὐτοῦ
376 3922 456 3994 τῷ
481 3923 710 3995 προδότῃ
734 3923 884 3977 δοθὲν
911 3922 1172 3995 ἀργύριον
1193 3920 1396 3992 ἐϐλήθη
1421 3921 1500 3983 εἰς
1523 3920 1614 3973 τὸν
1634 3916 1781 3973 οἷκον

187 4014 428 4087 Κυρίου,
456 4014 533 4078 ὡς
564 4015 644 4078 είς
678 4016 1056 4085 χωνευτήριον,
1077 4013 1197 4065 τότε
1222 4013 1286 4084 δὴ
1314 4012 1407 4064 καὶ
1441 4010 1512 4064 τὰ
1532 4011 1659 4083 περὶ
1682 4010 1783 4081 τῆς

186 4102 453 4173 δευτέρας
476 4100 693 4172 ῥάϐδου,
710 4101 804 4154 τοῦ
827 4102 1027 4165 παντὸς
1042 4100 1224 4164 ἔθνους
1238 4101 1460 4172 δηλαδὴ,
1475 4099 1782 4163 ἀκολούθως

186 4190 275 4247 οἷα
298 4194 552 4246 πείσεται
575 4192 973 4265 προφητεύεται
992 4196 1049 4247 ὲν
1068 4194 1165 4265 τῷ,
1201 4214 1219 4246 ι
1251 4194 1360 4248 Καὶ
1382 4192 1662 4265 ὰπέρῥιψα
1680 4191 1780 4264 τὴν

191 4286 395 4356 ῥάϐδον
422 4286 519 4357 τὴν
540 4286 799 4357 δευτέραν
817 4286 877 4339 τὸ
895 4286 1295 4358 σχοίνισμα,τοῦ
1312 4286 1661 4340 διασκεδάσαι
1680 4285 1778 4357 τὴν

188 4376 475 4447 Διαθήκην
495 4376 598 4431 ἀνὰ
614 4378 775 4448 μέσον
791 4377 960 4431 ’ἰούδα
973 4380 1065 4431 καὶ
1086 4377 1189 4432 ἀνά
1218 4379 1380 4450 μέσον
1401 4379 1637 4451 Ἰσραήλ·
1654 4378 1776 4431 ικαὶ

1912 524 2063 588 bant,
2112 527 2582 595 gubernabantur.
2622 527 2726 583 Sed
2752 530 2974 600 quando
3014 538 3129 588 tres
3163 533 3251 588 isti
3297 545 3485 603 pasto—

1911 630 2000 670 res
2037 632 2146 670 uno
2175 624 2419 687 tempore
2450 620 2867 676 conversionem
2916 624 3065 693 passi
3093 632 3242 688 sunt,
3291 623 3486 680 Salva-

1909 713 2028 762 tore
2061 709 2248 778 utique
2288 719 2479 766 nostro
2513 711 2837 768 adveniente
2872 714 3021 786 (nam
3060 726 3114 771 et
3141 734 3243 772 rex
3282 730 3485 788 praate'.‘

1907 798 2055 869 leges
2101 807 2343 868 creatus,
2384 816 2494 856 non
2548 803 2617 857 ab
2654 804 2894 872 ipsorum
2948 822 3147 877 genere
3188 809 3480 875 oriundus,

1906 887 2003 943 sed
2062 898 2327 946 externus
2381 890 2515 960 ipsis
2566 898 2700 946 tunc
2735 905 2997 963 praeerat;
3055 903 3110 952 et
3160 898 3405 967 pontifex
3447 914 3481 954 a

1905 977 2166 1035 Romanis
2206 982 2272 1035 ad
2310 997 2523 1037 sacram
2558 982 2894 1040 functionem
2920 996 3231 1056 provectus,
3266 1005 3378 1044 non
3408 1006 3479 1047 ex

1904 1073 2256 1129 successione
2307 1074 2546 1144 generis,
2584 1091 2763 1147 neque
2796 1077 3097 1132 secundum
3135 1081 3283 1151 leges
3315 1093 3481 1153 atquo

1903 1161 2177 1225 instituta,
2227 1163 2495 1219 honorem
2539 1166 2692 1234 illum
2744 1167 3057 1233 obtinebat;
3107 1185 3208 1226 nec
3240 1175 3478 1243 prophe.

1904 1261 1977 1316 ta,
2035 1254 2128 1324 qui
2163 1271 2337 1325 usque
2386 1257 2453 1311 ad
2500 1255 2767 1311 Joannem
2821 1261 3169 1329 perveniens,
3215 1263 3474 1334 desierat,

1899 1345 2136 1415 amplius
2166 1347 2310 1417 apud
2355 1363 2451 1403 eos
2494 1349 2846 1419 operabatur,
2884 1359 2979 1406 sed
3013 1352 3136 1408 loco
3171 1354 3291 1424 ejus
3320 1372 3479 1411 meno

1899 1437 2007 1490 dax
2054 1438 2275 1508 quidam
2308 1441 2569 1511 propheta
2601 1449 2655 1496 et
2688 1441 2889 1512 impius
2932 1446 3193 1516 populum
3236 1447 3477 1520 decipie-

1900 1528 2040 1607 bat),
2072 1532 2268 1586 merito
2308 1533 2415 1587 tria
2472 1533 2563 1587 illa
2613 1535 2776 1600 dona,
2820 1552 2942 1607 qua:
2992 1539 3271 1608 quondam
3305 1557 3475 1613 supra

1898 1638 2059 1678 omne
2088 1635 2470 1680 ornamentum
2494 1643 2557 1682 ac
2585 1629 2753 1685 (locus
2776 1638 2944 1686 totam
2975 1633 3121 1687 illam
3140 1644 3351 1694 gentem
3382 1651 3477 1690 or-

1898 1714 2121 1780 nabant,
2168 1718 2511 1773 sublaturum
2562 1722 2622 1775 Se
2665 1737 2772 1775 uno
2806 1729 3050 1784 tempore
3084 1725 3345 1787 minatur,
3388 1727 3475 1782 di-

1899 1820 2067 1861 cens:
2123 1806 2221 1861 «Et
2274 1809 2518 1865 auferam
2561 1822 2674 1867 tres
2704 1824 2955 1883 pastores
3007 1816 3062 1869 in
3112 1832 3301 1873 mense
3336 1834 3470 1885 uno,

1896 1900 1953 1973 et
1982 1897 2297 1965 gravabitur
2313 1901 2492 1954 anima
2508 1917 2625 1956 mea
2647 1918 2811 1973 super
2833 1919 2927 1959 eos
2946 1923 2993 1972 ;›
3020 1921 3118 1975 pro
3137 1922 3246 1977 quo
3273 1906 3473 1977 Aquila

1896 1993 2115 2055 quidem
2137 1988 2218 2044 sic
2237 1989 2346 2046 ait:
2376 2010 2397 2042 ‹
2426 1991 2489 2045 Et
2515 1996 2762 2048 mutilata
2790 2003 2873 2050 cst
2898 1997 3081 2050 anima
3111 2010 3231 2053 mea
3250 2000 3303 2054 in
3328 2002 3467 2065 eis”

1897 2077 2258 2149 Symmachus
2303 2093 2521 2138 autem:
2582 2084 2678 2139 «Et
2707 2087 3049 2143 exanimatus
3079 2104 3202 2146 sum
3234 2091 3287 2143 in
3316 2094 3466 2159 eis;»

1895 2166 2237 2227 Theodoliou
2272 2185 2453 2230 autem
2480 2195 2491 2229 :
2523 2195 2542 2228 ι
2571 2176 2636 2229 Ει
2665 2178 2978 2232 exanimata
3014 2189 3098 2235 est
3129 2181 3311 2236 anima
3349 2200 3471 2238 mea

1894 2278 2059 2333 super
2073 2280 2190 2321 eos.
2231 2285 2250 2318 ι
2281 2267 2348 2321 Et
2376 2284 2599 2324 causam
2630 2273 3052 2329 exanimationis
3071 2277 3310 2330 ostendit
3328 2276 3381 2330 in
3401 2277 3470 2331 iis

1892 2369 2015 2423 qua:
2045 2356 2331 2428 adjungit:
2377 2358 2634 2415 «Etenim
2686 2365 2882 2419 animae
2937 2380 3128 2420 eorum
3183 2369 3471 2437 rugierunt

1893 2462 2060 2517 super
2091 2465 2233 2516 me,»
2273 2465 2373 2521 pro
2402 2467 2512 2521 quo
2539 2469 2735 2509 rursus
2780 2456 2976 2524 Aquila
3009 2458 3113 2513 hoc
3139 2460 3303 2514 modo
3334 2476 3471 2517 con-

1890 2542 2087 2597 vertit:
2120 2562 2139 2594 c
2165 2542 2380 2598 Etenim
2414 2546 2597 2601 anima
2625 2560 2815 2601 eorum
2847 2549 3184 2606 immaturuit
3228 2553 3281 2607 in
3308 2570 3393 2609 me
3414 2572 3463 2621 ,ι

1894 2634 2256 2708 Symmachus
2288 2649 2505 2695 autem:
2556 2658 2575 2692 ι
2600 2639 2666 2694 Et
2695 2642 2875 2697 anima
2912 2660 3101 2699 eorum
3144 2647 3371 2703 invaluit
3410 2650 3468 2706 in

1891 2742 1997 2784 me.
2036 2747 2055 2779 ι
2078 2727 2159 2784 Illi
2187 2746 2318 2785 vero
2340 2731 2485 2801 quod
2510 2734 2650 2802 apud
2671 2731 2814 2787 LXX
2842 2734 3048 2789 dictum
3066 2744 3182 2791 est:
3223 2738 3467 2795 «Etenim

1889 2822 2087 2877 animae
2128 2839 2320 2879 eorum
2378 2826 2665 2896 rugieruut
2693 2842 2860 2897 super
2907 2842 3049 2893 me,»
3090 2830 3268 2885 simile
3311 2833 3470 2901 quid-

1890 2912 2015 2967 dam
2045 2912 2218 2969 fertur
2237 2916 2401 2971 etiam
2434 2916 2578 2985 apud
2598 2917 2913 2983 Jeremiam,
2949 2921 3094 2989 quod
3134 2937 3200 2975 ex
3230 2938 3466 2992 persona

1890 3001 2106 3059 Domini
2150 3005 2428 3076 profertur
2477 3008 2564 3062 his
2617 3009 2834 3065 verbis:
2883 3009 3191 3082 «Dereliqui
3241 3013 3464 3069 domum

1890 3109 2090 3160 meam,
2142 3096 2326 3153 dimisi
2358 3097 2731 3154 hzereditatem
2784 3102 3149 3164 meanudedi
3211 3103 3466 3160 dilectam

1888 3188 2124 3241 animam
2155 3204 2332 3244 meam
2384 3188 2440 3243 in
2478 3204 2673 3244 manus
2724 3191 3072 3246 inimicorum
3124 3192 3266 3263 ejus,
3322 3195 3466 3250 facta

1885 3285 1971 3332 est
2004 3277 2295 3335 haereditas
2322 3294 2441 3335 mea
2473 3280 2603 3334 mihi
2635 3294 2694 3335 ut
2718 3282 2802 3337 leo
2828 3283 2883 3338 in
2918 3284 3076 3348 silva,
3114 3284 3264 3340 dedit
3297 3301 3466 3357 super

1886 3384 1974 3424 me
2007 3385 2195 3425 vocem
2227 3387 2407 3438 suam,
2440 3373 2691 3443 nunquid
2742 3377 3003 3445 spelunca
3042 3377 3244 3447 hyeme
3290 3379 3460 3434 haere-

1885 3461 2029 3517 ditas
2064 3476 2183 3517 mea
2213 3461 2447 3518 mihi"?
2485 3484 2504 3517 ι
2535 3464 2634 3519 has
2669 3465 2837 3533 igitur
2859 3466 2931 3520 ob
2962 3482 3051 3522 res
3077 3470 3273 3523 merito
3307 3471 3466 3524 dein-

1885 3569 2019 3624 ceps
2061 3552 2340 3626 adjungit:
2382 3572 2401 3605 ‹
2433 3553 2501 3609 Et
2544 3554 2678 3616 dixi,
2711 3552 2829 3610 Non
2876 3572 3095 3627 pascam
3129 3575 3265 3626 vos;
3311 3562 3462 3632 quod

1884 3647 2137 3710 moritur,
2181 3646 2467 3713 moriatur,
2496 3654 2552 3702 et
2580 3646 2725 3717 quod
2753 3647 2959 3714 deficit,
2991 3649 3233 3716 deficiat,
3264 3658 3318 3706 et
3337 3668 3462 3724 quae

1885 3737 2094 3807 reliqua
2129 3743 2259 3792 sunt
2282 3738 2566 3803 devorent,
2598 3739 2977 3810 unusquisque
2998 3755 3191 3797 carnes
3221 3744 3458 3813 proximi

1885 3829 2025 3883 sui.»
2062 3828 2193 3885 Post
2224 3845 2347 3899 qua:
2371 3829 2597 3900 subjicit
2622 3849 2635 3885 :
2676 3851 2694 3882 ι
2721 3829 2786 3884 Et
2803 3832 3015 3913 capiam
3045 3834 3253 3904 virgam
3280 3851 3457 3891 meam

1880 3920 2190 3990 pulchram,
2214 3927 2268 3974 et
2288 3920 2542 3990 ahjiciam
2576 3934 2756 3975 eam.»
2794 3918 2902 3976 Pro
2937 3936 3047 3992 quo
3073 3921 3303 3993 Aquila:
3360 3923 3459 3980 «Et

1883 4014 2094 4085 accepi,
2128 4012 2327 4081 inquit,
2387 4013 2596 4080 virgam
2650 4028 2848 4078 nzeam,
2882 4012 3158 4082 decorem,
3192 4025 3247 4072 et
3274 4017 3457 4073 excidi

1884 4105 2054 4171 illam,
2091 4124 2111 4157 ι
2150 4105 2441 4160 Mosaicam
2503 4104 2755 4161 videlicet
2822 4092 3224 4163 ‘adorationem.
3312 4107 3458 4180 Ergo

1882 4197 2058 4268 prima
2093 4195 2313 4267 quidem
2365 4197 2520 4267 virga
2553 4196 2712 4253 initio
2759 4199 3051 4264 sermonis,
3095 4202 3274 4271 prima
3323 4202 3457 4258 item

1881 4304 2003 4359 quae
2052 4288 2336 4359 frangatur
2390 4297 2446 4344 et
2496 4289 2807 4358 abjiciatur,
2846 4289 2965 4348 fore
3007 4294 3229 4348 dicitur.
3280 4293 3455 4369 584

1879 4381 2018 4438 Cum
2050 4392 2234 4438 autem
2265 4383 2504 4453 pretium
2536 4383 2678 4452 ejus,
2732 4383 2824 4453 qui
2877 4384 3180 4441 mslimatus
3230 4394 3336 4451 est,
3399 4396 3455 4442 et

189 4469 498 4539 ἐπειδήπερ
519 4469 791 4541 ἀποϐολὴν
808 4470 1028 4523 ἐκείνων
1047 4469 1229 4539 σαφῶς
1248 4471 1336 4525 διὰ
1351 4471 1556 4525 τούτων
1578 4473 1607 4525 ὁ
1619 4470 1776 4539 λόγος

1889 4488 1985 4544 pro
2033 4489 2100 4529 eo
2154 4480 2441 4554 argentum
2486 4473 2752 4543 proditori
2803 4483 3110 4544 erogatum,
3147 4475 3451 4545 projectum

187 4560 489 4634 ἐμήνυσεν,
518 4562 742 4624 εἰκότως
773 4559 899 4632 ἑξῆς
934 4562 1110 4615 οὐκέτ’
1145 4563 1342 4626 αὐτοὺς
1374 4561 1770 4632 ὲπιγνώσεσθαι

187 4653 292 4723 τὴν
323 4651 435 4705 τῶν
470 4653 959 4725 προφητευομένων
993 4653 1217 4725 δύναμίν
1258 4672 1442 4726 φησιν,
1475 4654 1610 4710 ἀλλά
1645 4656 1773 4718 τοὺς

187 4745 502 4800 Χαναναίου
512 4763 554 4809 ς,
576 4745 773 4814 λέγων’
809 4764 827 4796 t
858 4746 967 4799 Kal.
994 4745 1288 4816 γνώσονται
1317 4748 1366 4800 οἱ
1393 4748 1680 4801 Χαναναῖοι
1703 4745 1774 4799 τὰ

190 4836 445 4910 πρόϐατα
490 4836 561 4891 τὰ
604 4837 986 4908 φυλασσόμενά
1034 4857 1145 4910 μοι,
1180 4839 1317 4893 διότι
1361 4838 1517 4907 λόγος
1563 4838 1771 4910 Κυρίου

191 4930 331 4983 ἐστί.
376 4949 396 4981 ι
435 4931 592 4994 Τίνες
621 4930 665 4983 δ’
701 4930 766 4985 ἂν
798 4927 908 4985 εἷεν
935 4933 985 4985 oi
1012 4933 1302 4986 Χαναναῖοι
1331 4930 1444 4983 ἀλλ’
1472 4930 1506 5002 ἢ
1536 4931 1697 5001 ἡμεξ
1721 4930 1772 4982 οἱ

191 5023 325 5094 πρὶν
350 5021 658 5091 ἀλλόφυλοι,
690 5025 781 5077 καὶ
800 5023 858 5091 ἐξ
881 5024 1134 5078 ἁπάντων
1153 5025 1262 5078 τῶν
1289 5023 1458 5077 πάλαι
1482 5021 1657 5077 ἀθέων
1681 5024 1775 5077 καὶ

192 5113 410 5167 ἀσεϐῶν
437 5114 605 5169 ἐθνῶν
639 5115 884 5187 πρόϐατα
913 5117 991 5187 τῷ
1018 5116 1238 5189 Χριστῷ
1265 5115 1695 5188 πεφυλαγμένοι;
1723 5118 1772 5170 οἳ

192 5205 289 5259 καὶ
314 5205 408 5259 διὰ
429 5210 529 5278 τῆς
559 5206 726 5267 αὑτοῦ
754 5208 976 5280 χάριτος
1007 5206 1474 5279 μεταϐεϐλήμεθα,
1500 5208 1596 5262 καὶ
1644 5225 1770 5261 συν-

194 5297 348 5362 ἐντες
396 5298 465 5352 τὰ
500 5299 922 5371 τεθεσπισμένα,
948 5299 1149 5369 γνῶσιν
1172 5299 1347 5372 ἀληθῆ
1371 5300 1465 5353 τοῦ
1495 5299 1653 5369 λόγου
1674 5298 1769 5353 τοῦ

193 5387 403 5459 Κυρίου
446 5391 767 5463 εἰλήφαμεν.
796 5393 1079 5463 Ἔγνωμέν
1117 5409 1176 5444 τε
1212 5393 1370 5462 ἡμεῖς
1394 5392 1443 5445 οἱ
1476 5394 1769 5447 Χαναναῖοι

194 5480 289 5534 καὶ
322 5483 637 5555 συνήκαμεν
679 5483 748 5537 τὰ
778 5484 1107 5554 δηλούμενα’
1135 5484 1234 5538 οὐκ
1279 5484 1519 5555 ιγνωσαν
1550 5485 1608 5539 δὲ
1647 5486 1769 5540 οὐδὲ

193 5573 438 5645 συνῆκαν
474 5579 523 5629 οί
551 5577 643 5632 τὸν
681 5577 897 5650 Ἰσραὴλ
930 5578 1218 5649 αὐχοῦντες
1250 5579 1343 5631 καὶ
1374 5579 1465 5633 ἐπὶ
1495 5577 1573 5650 τῷ
1600 5579 1769 5650 σπέρ-

198 5681 331 5737 ματι
375 5667 579 5737 Ἄϐραά
586 5688 625 5740 μ
658 5670 1028 5742 ἐπαιρόμενοι.

265 5808 312 5841 τ’
345 5806 454 5865 Jer.
492 5822 605 5870 xu.
641 5806 754 5871 8,9.

1877 4572 1962 4622 est
1992 4565 2050 4619 in
2107 4564 2330 4620 domum
2365 4563 2583 4619 Domini
2613 4572 2874 4636 tanquam
2906 4566 2962 4619 in
2992 4563 3294 4630 fornacem,
3329 4574 3450 4622 tum

1878 4671 2010 4713 vero
2062 4657 2228 4711 etiam
2287 4671 2350 4710 ea
2405 4671 2527 4725 quae
2582 4657 2650 4710 ad
2685 4657 2912 4711 alteram
2944 4656 3174 4727 virgam,
3210 4658 3314 4712 hoc
3342 4667 3449 4721 est,

1879 4764 2001 4821 quae
2050 4747 2119 4803 ad
2152 4748 2466 4803 universam
2497 4756 2713 4817 gentem
2763 4746 3062 4816 pertinent,
3108 4748 3240 4818 quid
3270 4749 3452 4805 latura

1881 4842 1994 4897 sint
2023 4839 2174 4907 mali,
2206 4838 2524 4910 prophetice
2554 4836 2867 4892 declaratur
2893 4837 2949 4891 in
2971 4837 3081 4892 illis
3104 4838 3317 4895 verbis:
3343 4860 3361 4892 ι
3384 4840 3450 4896 Et

1882 4934 2057 5004 abjeci
2091 4934 2300 5003 virgam
2323 4932 2574 4993 alteram.
2610 4929 2917 4986 funiculum
2962 4930 3031 4985 ad
3066 4931 3449 5004 dissipandum

1877 5032 2264 5082 testamentum
2292 5024 2435 5079 inter
2466 5021 2664 5078 Judam
2696 5032 2752 5079 et
2799 5021 2969 5080 Israel
2992 5043 3007 5080 :
3033 5042 3053 5077 ι
3102 5032 3156 5078 et
3187 5023 3445 5094 quoniam

1878 5119 2100 5173 illorum
2130 5116 2487 5187 rejectionem
2521 5115 2607 5169 his
2637 5113 2822 5170 verbis
2856 5114 3017 5185 plane
3049 5114 3334 5169 oraculum
3361 5112 3448 5167 in-

1876 5207 2103 5269 dicavit,
2163 5205 2362 5260 merito
2409 5203 2668 5273 deinceps
2712 5218 2824 5258 non
2880 5203 3114 5274 amplius
3165 5203 3290 5258 illos
3333 5202 3446 5257 vim

1878 5299 2290 5371 prophetiarum
2346 5297 2724 5351 intellecturos
2789 5294 3042 5361 aliirmat,
3099 5296 3195 5352 sed
3229 5296 3446 5351 Chana-

1880 5408 2049 5456 nazos,
2081 5392 2163 5447 sic
2196 5392 2425 5446 dicens:
2462 5388 2560 5443 «Et
2585 5396 2922 5458 cognoscent
2965 5387 3281 5452 Chananzei,
3314 5401 3446 5447 oves
3482 5440 3489 5447 .

1876 5501 1998 5558 qua:
2029 5483 2424 5539 custodiuntur
2460 5482 2615 5541 mihi.
2643 5481 2791 5550 quod
2821 5479 3047 5535 verbum
3068 5479 3441 5536 Dominicst.»

1873 5579 2166 5643 Caeterum,
2207 5575 2302 5646 qui
2353 5574 2571 5629 tandem
2623 5572 2717 5626 alii
2761 5569 2967 5626 fuerint
3022 5570 3078 5627 hi
3121 5570 3443 5634 Chanana-i,

1871 5685 2035 5743 quam
2061 5684 2163 5724 uos
2188 5667 2334 5738 ipsi?
2360 5668 2452 5738 qui
2483 5667 2640 5738 prius
2670 5665 2833 5723 alieni
2871 5681 3113 5734 eramus,
3155 5677 3208 5723 et
3249 5666 3344 5737 qui
3374 5680 3441 5720 cx
