3830 6260
414 313 515 373 751

1085 309 1354 366 ευεεειι
1389 309 1875 368 (ΖΕΒΑΒιΕΝΒΙΒ
1913 311 2063 370 OPP.
2103 309 2287 366 PARS
2326 311 2388 367 ll.
2428 344 2500 353 —
2531 312 3030 368 APOLOGETICA.
3541 319 3620 377 7:2

412 434 690 491 universis
719 432 848 488 olim
871 429 1115 502 profanis
1142 438 1305 501 atque
1351 430 1534 501 impiis
1554 431 1832 500 gentibus,
1864 446 1998 487 oves
2041 430 2264 487 Christo
2297 434 2554 489 custoditi
2579 434 2806 489 sumus?
2848 432 2941 503 qui
2989 433 3153 487 etiam
3189 433 3439 490 beneficio
3496 439 3617 500 illius

411 542 605 584 sumus
632 524 924 588 immutati,
954 531 1008 578 et
1037 523 1156 594 ipsa
1186 523 1444 579 vaticinia
1472 523 1861 594 prophetarum
1956 523 2337 594 intelligi-nites,
2374 526 2739 596 cognitionem
2798 542 2982 581 veram
3045 525 3195 580 verbi
3256 524 3457 583 Domini
3491 548 3616 590 acce-

412 621 616 694 pimus.
659 618 825 674 iidem
872 632 973 673 nos
1019 618 1113 689 qui
1154 632 1345 674 sumus
1372 616 1690 685 Chananasi,
1743 619 2000 676 novimus
2037 624 2198 688 atque
2229 619 2597 674 intelleximus
2620 634 2684 675 ea
2721 634 2841 689 qua:
2863 620 3140 674 dicuntur.
3207 617 3327 674 Non
3388 632 3619 680 noverunt

412 722 597 770 autem
635 726 810 781 neque
860 709 1269 781 intellexerunt,
1335 712 1431 784 qui
1462 712 1688 767 nomine
1745 709 1914 767 lsrael
1982 712 2309 783 gloriantur,
2349 722 2400 768 et
2456 713 2550 786 qui
2608 728 2794 769 semen
2839 714 3071 770 Ahraha:
3092 714 3303 785 jactare
3363 730 3618 776 consueve-

408 816 560 865 ιἰιηῑ.

610 920 653 972 Α
681 918 936 974 Ieremia.
962 948 1031 960 —
1053 916 1190 974 Item
1216 918 1279 974 de
1304 917 1453 975 Iuda
1482 918 1815 973 nominatim.

486 1054 508 1087 ι
536 1034 831 1090 Peccatum
864 1033 1003 1089 Juda
1030 1034 1291 1105 scriptum
1316 1041 1400 1089 est
1425 1034 1565 1106 stylo
1597 1033 1772 1091 ferreo
1800 1033 1853 1088 in
1886 1051 1989 1087 un-

408 1144 513 1200 gue
541 1128 911 1193 adamantino,
947 1133 1233 1180 exaratum
1258 1142 1422 1196 super
1438 1124 1779 1180 latitudinem
1804 1126 1987 1181 cordis

406 1220 547 1291 ejus,
589 1230 642 1275 et
694 1218 748 1272 in
802 1217 1063 1271 cornibus
1125 1216 1381 1272 altarium
1454 1226 1781 1271 vestrorum.
1850 1216 1985 1269 Cum

408 1310 681 1368 recordati
736 1309 939 1364 fuerint
997 1307 1094 1362 lilii
1147 1323 1338 1363 eorum
1384 1322 1605 1362 ararum
1673 1324 1895 1363 suarum
1934 1316 1987 1362 et

408 1407 660 1459 lucorum
691 1417 918 1457 suorum
960 1402 1011 1455 in
1046 1401 1195 1471 ligno
1234 1400 1406 1454 denso
1431 1407 1485 1454 et
1519 1400 1576 1455 in
1622 1401 1854 1455 collibus
1891 1416 1988 1455 ex-

407 1498 594 1559 celsis,
630 1496 800 1552 robur
859 1503 1014 1548 tuum
1069 1501 1124 1548 et
1166 1508 1360 1548 omnes
1412 1492 1704 1548 thesauros
1748 1500 1873 1548 tuos
1930 1493 1986 1548 in

406 1589 765 1661 direptionem
798 1585 961 1651 dabo,
1001 1595 1055 1642 et
1086 1586 1301 1641 excelsa
1327 1593 1419 1640 tua
1451 1586 1505 1640 in
1538 1595 1763 1656 peccato
1794 1586 1847 1641 in
1868 1600 1987 1639 om-

416 1681 587 1736 nibus
613 1678 814 1733 finibus
848 1681 981 1741 tuis,
1009 1683 1063 1731 et
1092 1676 1397 1748 privaberis
1429 1685 1483 1731 et
1512 1676 1891 1731 humiliaheris
1918 1677 1985 1731 ab

404 1768 743 1835 haereditate,
778 1783 941 1838 quam
988 1766 1113 1822 dedi
1179 1767 1299 1832 tibi,
1342 1773 1398 1821 et
1452 1766 1781 1822 transferam
1833 1778 1885 1821 te
1916 1766 1984 1821 ad

404 1862 664 1917 inimicos
702 1870 827 1917 tuos
862 1860 918 1914 in
948 1868 1148 1913 terram
1180 1874 1343 1929 quam
1377 1874 1485 1913 non
1512 1859 1696 1926 nosti;
1726 1860 1985 1929 quoniam

404 1954 552 2026 imis
584 1968 853 2008 accensus
886 1959 971 2006 est
1003 1950 1060 2006 in
1090 1950 1276 2006 furore
1308 1966 1448 2016 meo,
1488 1967 1664 2022 usque
1715 1951 1769 2004 in
1806 1967 1982 2006 saecu-

403 2045 519 2101 lum
546 2046 758 2101 ardebit
776 2046 875 2098 ⁸⁰.›
902 2043 1144 2099 Tametsi
1187 2044 1301 2097 haec
1331 2060 1441 2099 non
1473 2043 1615 2113 apud
1638 2042 1808 2109 LXX,
1841 2052 1983 2099 atta-

403 2156 528 2196 men
567 2141 621 2196 in
653 2139 924 2195 ilebraico
967 2139 1115 2194 nacti
1148 2146 1313 2208 atque
1343 2138 1399 2191 in
1441 2139 1779 2208 reliquorum
1815 2140 1984 2192 inter-

405 2240 621 2303 pretum
670 2230 1029 2294 editionibus,
1077 2229 1207 2284 item
1249 2229 1303 2282 in
1345 2228 1800 2298 exquisitioribus
1842 2243 1979 2299 quo-

404 2336 511 2391 que
546 2321 794 2392 ipsorum
848 2318 994 2373 LXX
1035 2317 1446 2389 exemplaribus
1476 2334 1601 2372 cum
1632 2318 1978 2389 appositione

403 2414 767 2480 stellularum,
806 2412 970 2485 485
1004 2410 1319 2468 necessario
1347 2426 1411 2467 ea
1442 2411 1816 2483 apposuimus,
1862 2421 1985 2467 tan-

401 2522 566 2578 quam
600 2522 664 2563 ea
696 2522 817 2577 quae
841 2504 1165 2560 nominatim
1197 2505 1375 2576 ipsum
1421 2502 1759 2574 proditorem
1783 2501 1981 2559 Judam

402 2595 728 2667 significent,
775 2603 831 2651 et
861 2603 1148 2667 peccatum
1194 2594 1341 2666 quod
1372 2595 1442 2649 ab
1486 2594 1579 2649 illo
1616 2595 1979 2650 commissum

400 2694 507 2751 est,
576 2686 692 2744 ﬁeri
743 2703 851 2743 non
907 2702 1067 2758 posse
1111 2694 1171 2741 ut
1213 2702 1453 2757 unquam
1506 2687 1810 2742 aboleatur.
1865 2686 1979 2742 Hoc

399 2780 546 2836 enim
595 2780 729 2834 mihi
773 2779 989 2835 videtur
1056 2779 1367 2849 significare
1422 2780 1593 2835 illud:
1637 2799 1656 2832 ι
1687 2779 1978 2836 Peccatum

398 2866 537 2925 Iuda
573 2872 836 2941 scriptum
869 2878 954 2926 est
1002 2871 1141 2942 stylo
1172 2869 1350 2926 ferreo
1394 2870 1449 2924 in
1493 2886 1673 2941 ungue
1717 2870 1979 2926 adaman-

400 2963 577 3016 tino.»
622 2961 887 3017 Polerunt
921 2961 1051 3025 item
1079 2958 1271 3015 referri
1322 2960 1387 3013 ad
1431 2960 1742 3015 universam
1789 2958 1978 3013 Judai-

399 3070 521 3110 eam
569 3064 809 3127 gentem,
860 3054 1062 3126 quibus
1125 3053 1386 3124 deinceps
1432 3054 1554 3124 ipso
1605 3052 1798 3109 ordine
1856 3062 1979 3124 post

400 3148 647 3217 ipsorum
691 3148 873 3202 scelus
926 3146 1239 3211 indelebile,
1296 3155 1622 3211 extremam,
1661 3162 1784 3217 qua:
1824 3146 1977 3217 ipsos

397 3224 657 3311 punitura
688 3238 791 3306 est,
822 3238 1119 3309 perniciem
1152 3239 1560 3301 intermittatur,
1604 3254 1725 3308 quae
1756 3254 1865 3292 non
1892 3248 1977 3292 est

395 3349 546 3389 nunc
579 3332 857 3403 sigillatim
914 3332 980 3385 ad
1022 3331 1250 3385 verbum
1291 3328 1686 3400 interpretandi
1735 3338 1970 3399 tempus.

399 3426 503 3481 Sed
537 3426 757 3497 quando
790 3435 900 3479 tam
936 3424 1107 3478 multa
1137 3423 1407 3478 hactenus
1437 3423 1505 3479 de
1538 3438 1624 3491 eo,
1655 3423 1751 3494 qui
1782 3419 1974 3476 Salva-

396 3527 569 3574 torem
604 3534 667 3572 ac
698 3516 985 3572 Dominum
1016 3525 1265 3572 nostrum
1301 3523 1419 3570 erat
1451 3516 1788 3587 proditurus,
1822 3514 1976 3567 aliis-

397 3626 504 3681 que
550 3610 645 3681 qui
701 3609 779 3663 illi
829 3608 1059 3665 insidias
1090 3607 1289 3663 facturi
1321 3617 1501 3670 erant,
1535 3606 1802 3663 divinitus
1828 3621 1970 3677 pra:-

397 3703 544 3757 dieta
594 3703 984 3773 exposuimus:
1042 3711 1265 3772 tempus
1305 3701 1417 3771 jam
1473 3699 1639 3754 fuerit
1693 3715 1817 3770 quas
1865 3699 1973 3755 sub

397 3797 571 3865 ipsum
631 3796 874 3864 ejusdem
927 3794 1240 3865 passionem
1297 3800 1561 3848 eventura
1624 3793 1864 3856 fuerunt,
1916 3801 1977 3847 ut

398 3891 527 3945 item
578 3888 848 3943 divinitus
879 3904 975 3959 per
1013 3889 1307 3958 prophetas
1353 3887 1674 3944 denuntiata
1719 3890 1850 3953 sint,
1888 3890 1973 3943 in-

396 3982 555 4036 tueri.

396 4095 474 4148 Ab
504 4096 684 4148 Amos.
716 4123 786 4133 -—
818 4092 895 4146 De
921 4093 1049 4147 solis
1076 4092 1300 4163 defectu,
1329 4093 1417 4163 qui
1440 4093 1496 4145 in
1525 4093 1641 4162 ipsa
1672 4092 1977 4163 Saluatoris

465 4165 634 4218 nostri
694 4165 940 4231 passione
981 4161 1213 4229 accidit,
1264 4173 1314 4215 et
1342 4161 1427 4217 'de
1461 4161 1697 4220 extremo
1726 4162 1974 4219 Iudaica:

463 4237 630 4305 gentis
657 4235 891 4287 interitu.

469 4431 487 4464 ι
525 4411 681 4467 Jnrat
712 4411 974 4467 Dominus
1019 4412 1073 4466 in
1133 4410 1446 4481 superbiam
1485 4407 1677 4476 Jacob,
1731 4412 1776 4468 si
1834 4412 1974 4467 obli-

393 4506 631 4561 viscetur
664 4505 717 4558 in
753 4504 1038 4561 victoriam
1082 4505 1268 4558 omnia
1300 4520 1465 4575 opera
1492 4511 1695 4566 vestra,
1726 4510 1781 4558 et
1809 4520 1974 4574 super

391 4600 480 4655 his
507 4615 617 4654 non
647 4597 956 4653 turbabitur
984 4605 1164 4661 terra,
1201 4605 1255 4653 et
1294 4598 1501 4668 lugebit
1537 4598 1717 4652 omnis
1749 4597 1840 4667 qui
1875 4598 1972 4650 iia-

394 4692 529 4745 bitat
552 4691 608 4745 in
637 4705 723 4757 ea,
752 4698 807 4746 et
838 4689 1097 4745 ascendet
1125 4689 1284 4761 quasi
1311 4688 1510 4744 ﬂuvius
1541 4688 1967 4752 consummatio,

2017 926 2062 982 Α
2101 918 2237 974 Ἀπὸ
2254 919 2361 973 τοῦ
2376 919 2869 989 Ἰερεμιου.-Ἕτι
2882 917 3016 986 περὶ
3029 918 3135 973 τοῦ
3151 917 3337 973 Ἰούδα
3350 921 3618 992 ὀνομαστί.

2176 1051 2195 1083 ς
2233 1032 2501 1105 ’Λμαρτία
2541 1032 2710 1087 ’ἰούδα
2731 1032 3130 1105 γέγραπταιὲν
3154 1034 3395 1105 γραφείῳ
3431 1036 3620 1111 σιδηρῷ,

2089 1126 2146 1178 ὲν
2167 1125 2318 1195 ὅνυχι
2342 1125 2704 1197 ἀδαμαντίνῳ,
2733 1124 3181 1197 ἐγκεκολαμμένη
3203 1125 3294 1178 ἐπὶ
3317 1125 3406 1179 τοῦ
3431 1130 3622 1200 στήθους

2086 1216 2187 1285 τῆς
2220 1215 2444 1287 καρδίας
2478 1214 2662 1280 αὑτοῦ,
2694 1217 2787 1270 καὶ
2833 1220 2945 1281 τοῖς
2992 1218 3185 1291 κέρασι
3231 1217 3339 1270 τῶν
3374 1219 3622 1296 θυσιαστη.

2090 1307 2221 1377 ρίων
2254 1307 2428 1378 ἡμῶν.
2470 1308 2661 1361 Ἦνίκα
2706 1307 3124 1380 ἀναμνησθῶσιν
3163 1310 3212 1361 oi
3258 1309 3361 1362 υἱοὶ
3392 1312 3621 1369 αύτῶντά

2089 1399 2449 1472 θυσιαστήρια
2497 1400 2696 1466 αὐτῶν,
2726 1402 2820 1454 καὶ
2860 1401 2929 1454 τὰ
2967 1401 3102 1473 ἀλση
3151 1401 3329 1455 αὐτῶν
3367 1404 3451 1456 ἐπὶ
3494 1404 3622 1469 ξύλου

2085 1494 2274 1558 δασέος
2297 1533 2313 1559 ,
2359 1494 2453 1548 καὶ
2493 1494 2585 1547 ἐπὶ
2633 1492 2835 1564 βουνῶν
2884 1493 3192 1566 μετεώρων,
3226 1493 3376 1565 ίσχύν
3422 1513 3504 1550 σου
3548 1499 3622 1553 καὶ

2088 1587 2295 1651 πάντας
2320 1589 2447 1651 τοὺς
2490 1586 2795 1659 θησαυρούς
2819 1603 2911 1640 σου
2945 1588 3025 1649 είς
3060 1588 3337 1658 προνομὴν
3363 1587 3523 1655 δώσω,
3548 1592 3625 1644 καὶ

2085 1680 2153 1734 τὰ
2175 1680 2356 1752 ὑψηλά
2379 1697 2470 1733 σου
2499 1681 2556 1733 ἐν
2583 1679 2825 1752 ἁμαρτίᾳ
2850 1682 2906 1732 ἐν
2935 1680 3068 1732 πᾶσι
3091 1683 3199 1743 τοῖς
3221 1679 3388 1751 όρίοις
3412 1697 3513 1734 σου.
3537 1683 3625 1736 Καὶ

2087 1774 2453 1848 ἀφαιρεθήσῃ,
2482 1775 2576 1827 καὶ
2608 1772 2987 1845 ταπεινωθήσῃ
3015 1772 3122 1825 ἀπὸ
3151 1772 3253 1842 τῆς
3280 1773 3623 1843 κληρονομίας,

2084 1864 2152 1942 ἦς
2184 1868 2360 1922 ἐδωκά
2389 1884 2493 1934 σοι,
2529 1868 2624 1921 καὶ
2653 1865 2895 1920 ἀναϐιϐῶ
2921 1883 2981 1918 σε
3012 1867 3069 1919 ὲν
3093 1868 3205 1928 τοῖς
3241 1864 3450 1936 ἐχθροῖς
3475 1883 3555 1919 σου
3579 1867 3625 1921 ἐν

2084 1966 2151 2035 τῇ
2200 1965 2293 2035 γῇ,
2329 1963 2394 2034 ἢν
2438 1962 2537 2015 οὐκ
2578 1960 2780 2030 ἔγνως’
2824 1960 2905 2013 ὅτι
2949 1958 3061 2028 πῦρ
3104 1959 3431 2013 ἐκκέκαυται
3478 1962 3528 2012 ὲν
3565 1960 3628 2032 τῷ

2086 2057 2243 2129 θυμῷ
2272 2075 2396 2129 μου,
2420 2056 2526 2117 ἓως
2547 2055 2741 2118 αἰῶνος
2768 2053 3120 2125 καυθήσεται.
3156 2072 3174 2104 ι
3209 2054 3272 2106 Ei
3301 2054 3391 2107 καὶ
3418 2054 3484 2125 μὴ
3507 2055 3628 2126 παρά

2084 2156 2196 2216 τοῖς
2224 2151 2641 2221 Ἐϐδομήκοντα,
2672 2147 2785 2201 ἀλλ’
2801 2143 2892 2201 οῦν
2919 2148 2974 2201 ὲν
2997 2146 3075 2219 τῷ
3099 2145 3371 2217 Ἐϐραῖκῷ
3386 2146 3540 2200 ταῦτα
3554 2146 3631 2198 εὑ-

2086 2245 2289 2317 ρόντες,
2308 2243 2401 2297 καὶ
2423 2245 2480 2297 ἐν
2501 2245 2620 2306 ταῖς
2635 2241 2743 2294 τῶν
2759 2240 2960 2294 λοιπῶν
2992 2239 3344 2311 ἑρμηνευτῶν
3369 2238 3627 2300 ἐκδόσεσιν,

2091 2337 2170 2391 ἔτι
2214 2337 2319 2410 μὴν
2357 2335 2496 2408 μετά
2540 2333 2893 2408 παραθέσεως
2937 2333 3276 2405 ἀστερίσκων
3320 2332 3411 2385 καὶ
3451 2333 3504 2384 ἐν
3539 2333 3631 2393 τοῖς

2089 2429 2342 2503 ἀκριϐέσι
2374 2428 2483 2484 τῶν
2526 2426 2676 2501 παρά
2711 2429 2824 2490 τοῖς
2866 2424 3268 2495 Ἑϐδομήκοντα
3297 2423 3627 2495 ἀντιγράφοις,

2089 2525 2400 2594 ἀναγκαίως
2438 2521 2577 2576 αὐτὰ
2622 2518 2992 2594 παρεθέμεθα,
3022 2518 3116 2572 ἆτε
3154 2519 3249 2571 καὶ
3277 2516 3522 2587 ὀνομαστὶ
3557 2516 3629 2570 τὸν

2090 2619 2354 2690 προδότην
2425 2614 2592 2670 Ἰούδα
2643 2612 2923 2686 δηλοῦντα,
2977 2611 3073 2665 καὶ
3123 2610 3221 2681 τὴν
3274 2608 3631 2681 πεπραγμένην

2086 2712 2233 2784 αὐτῷ
2259 2711 2534 2783 ἁμαρτίαν
2559 2706 2941 2772 ἀνεξάλειπτον
2963 2700 3105 2759 εἶναι
3129 2703 3463 2757 διδάσκοντα.
3488 2698 3632 2754 Τοῦτο

2086 2806 2196 2880 γὰρ
2239 2801 2569 2860 αἰνίττεσθαί
2619 2799 2895 2871 μοιδοκεί
2941 2797 3021 2862 τὸ,
3079 2815 3099 2849 ι
3171 2794 3437 2867 Ἀμαρτία
3488 2791 3630 2847 Ἰούδα

2086 2900 2458 2971 ἐγγέγραπται
2507 2897 2564 2949 ὲν
2610 2893 2859 2966 γραφείῳ
2902 2890 3125 2963 σιδηρῷ,
3161 2892 3219 2943 ὲν
3247 2888 3397 2959 ὄνυχι
3426 2887 3631 2958 ἀδαμανο

2084 2999 2236 3063 τίνῳ.
2277 3010 2296 3043 ι
2334 2989 2433 3062 Εἵη
2465 2988 2509 3041 δ’
2544 2987 2610 3042 ἂν
2655 2988 2749 3041 καὶ
2794 2985 2888 3038 ἐπὶ
2934 2985 3043 3037 πᾶν
3078 2981 3139 3036 τὸ
3197 2981 3467 3036 Ἰουδαίων
3506 2979 3632 3042 ἑθνος

2085 3082 2487 3156 ἀναφερόμενα,
2515 3074 2596 3144 οἷς
2627 3078 2753 3150 ἑξῆς
2792 3078 2887 3131 καὶ
2913 3074 3221 3139 ἀκολούθως
3251 3074 3389 3146 μετά
3413 3073 3507 3145 τὴν
3529 3072 3631 3125 ἀνε-

2086 3176 2368 3242 ξάλειπτον
2418 3173 2595 3228 αὐτῶν
2642 3170 2895 3225 ἀσέϐειαν
2942 3170 3033 3224 τὸν
3088 3167 3416 3240 μετελθόντα
3462 3163 3631 3226 αὐτοὺς

2083 3270 2309 3341 ἔσχατον
2357 3267 2579 3339 ϐλεθρον
2628 3265 2875 3321 ἀπειλεῖ·
2932 3263 3073 3334 ἆπερ
3123 3261 3266 3316 κατά
3313 3260 3452 3326 λέξιν
3482 3262 3631 3332 ἑρμη-

2082 3362 2257 3418 νεύειν
2290 3362 2352 3415 οὐ
2381 3360 2476 3414 τοῦ
2520 3360 2789 3432 παρόντος
2811 3356 3071 3427 τυγχάνει
3104 3354 3322 3427 καιροῦ.
3372 3353 3520 3406 Ἀλλά
3541 3351 3632 3423 γὰρ

2081 3454 2349 3510 τοσούτων
2377 3452 2503 3524 περὶ
2534 3450 2628 3505 τοῦ
2658 3447 2953 3522 προδώσειν
2985 3448 3268 3519 μέλλοντος
3309 3445 3399 3501 τὸν
3431 3442 3631 3516 Σωτῆρα

2082 3547 2179 3602 καὶ
2209 3545 2411 3620 Κύριον
2441 3542 2616 3616 ἡμῶν,
2665 3542 2773 3595 τῶν
2822 3558 2881 3594 τε
2916 3540 3089 3603 ἄλλως
3131 3538 3631 3593 ἐπιϐεϐουλευκότων

1999 3654 2041 3712 c
2078 3640 2227 3712 αύτῷ
2255 3634 2854 3712 προαναφωνηθέντων,
2890 3633 3081 3704 καιρὸς
3125 3632 3253 3686 ἰδεῖν
3290 3631 3476 3686 καὶτὰ
3511 3629 3633 3701 ἀμφὶ

2076 3734 2139 3788 τὸ
2195 3732 2369 3815 πάθος
2425 3728 2593 3784 αὑτοῦ
2659 3726 2919 3800 μέλλοντα
2977 3723 3353 3797 συμϐήσεσθαι
3404 3720 3631 3786 θεσπιζόα

2081 3842 2235 3897 juvat.

2088 4096 2233 4151 Ἀπὸ
2250 4096 2354 4150 τοῦ
2379 4093 2663 4165 Ἀμώς-,έ-
2674 4093 2813 4161 Περὶ
2831 4093 2942 4161 τῆς
2960 4093 3292 4165 ἐκᾼείψεως
3316 4092 3426 4165 gat?
3453 4087 3629 4160 ἡλίου,

2147 4166 2261 4234 τῆς
2289 4167 2388 4220 ἐπὶ
2423 4162 2503 4231 ἐῷ
2540 4164 2713 4219 πάθει
2765 4165 2872 4218 τοῦ
2910 4163 3177 4234 Σωτῆρος
3214 4162 3385 4233 ἡμῶν
3416 4177 3632 4234 Terent

2141 4228 2356 4306 μέὦης,
2398 4228 2499 4290 καί
2537 4236 2671 4304 περὶ
2716 4234 2822 4289 τοῦ
2864 4228 3200 4300 παντελοῦς
3241 4228 3498 4301 ὂλέθρού
3539 4228 3631 4285 τοῦ

2158 4309 2455 4363 Ἰουδαίων
2479 4308 2715 4372 ἔθνους.

2151 4419 2171 4454 ι
2217 4399 2438 4471 Ὀμνύει
2480 4398 2687 4470 Κύριος
2730 4396 2871 4451 κατά
2915 4395 3297 4468 ὑπερηφανίας
3344 4393 3556 4459 Ἰακὼϐ,
3588 4392 3632 4445 εί

2070 4492 2496 4565 ἐπιλησθήσεται
2539 4493 2621 4555 είς
2663 4493 2810 4554 νῖκος
2838 4491 3015 4544 πάντα
3046 4489 3115 4543 τά
3154 4488 3292 4560 ἔργα
3334 4488 3513 4560 ὑμῶν,
3552 4486 3631 4539 καὶ

2073 4584 2166 4638 ἐπὶ
2196 4583 2405 4647 τούτοις
2439 4583 2500 4636 οὐ
2522 4581 2924 4654 ταραχθήσεται
2954 4582 2988 4651 ἡ
3018 4580 3114 4650 γῆ,
3141 4581 3235 4633 καὶ
3261 4579 3515 4651 πενθήσει
3537 4578 3631 4638 πᾶς

2073 4680 2103 4732 ό
2131 4677 2399 4731 κατοικῶν
2433 4679 2493 4731 ὲν
2537 4677 2697 4747 αὐτῇ,
2729 4676 2821 4729 καὶ
2859 4673 3192 4746 ἀναϐήσεται
3222 4673 3302 4738 ὡς
3340 4671 3570 4742 ποταμὸς
3601 4669 3633 4740 ἡ

390 4791 446 4838 et
474 4782 769 4838 descendet
814 4781 973 4852 quasi
1032 4780 1234 4835 fluvius
1266 4779 1512 4851 1Egyptl,
1557 4786 1613 4834 et
1662 4778 1765 4833 erit
1795 4778 1851 4832 in
1883 4779 1972 4833 die

2092 4768 2371 4833 τυντέλεια,
2416 4767 2511 4821 καὶ
2549 4768 2917 4839 καταϐήσεται
2947 4766 3023 4831 ὡς
3064 4766 3311 4838 ποταμὸς
3351 4765 3630 4836 Αἰγύπτου.

393 4873 507 4939 illa,
538 4873 674 4929 dicit
701 4872 989 4936 Dominus,
1025 4871 1237 4927 occidet
1267 4872 1349 4927 sol
1383 4872 1440 4925 in
1467 4871 1711 4934 meridie,
1732 4878 1786 4925 et
1818 4870 1972 4925 obte-

2092 4862 2183 4916 {att
2217 4861 2369 4915 ἔσται
2409 4864 2467 4915 ὲν
2498 4860 2683 4934 ἐκείνῃ
2706 4863 2773 4932 τῇ
2803 4861 3018 4932 ἡμέρᾳ,
3049 4860 3195 4929 λέγει
3241 4859 3464 4933 Κύριος,
3492 4857 3629 4912 δύσε-

388 4968 712 5026 nebrabitur
740 4982 908 5037 super
938 4977 1139 5021 terram
1172 4965 1226 5019 in
1256 4965 1344 5020 die
1372 4964 1461 5019 lux
1488 5005 1504 5029 ,
1564 4970 1618 5019 et
1656 4969 1969 5019 convertam

2092 4971 2163 5009 ;αι
2192 4956 2221 5007 ό
2246 4953 2397 5025 ἥλιος
2432 4952 2798 5025 μεσημϐρίας,
2831 4952 2925 5006 καὶ
2954 4951 3281 5006 συσκοτάσει
3305 4952 3401 5006 ἐπὶ
3427 4950 3525 5021 τῆς
3543 4949 3631 5018 γῆς

389 5060 656 5116 solemnia
690 5067 873 5113 vestra
908 5058 962 5111 in
994 5056 1221 5122 luctum,
1255 5064 1307 5110 et
1330 5053 1515 5109 omnia
1542 5054 1755 5108 cantica
1788 5059 1970 5106 vestra

2092 5065 2134 5101 ιν
2160 5019 2341 5120 ἡμέρᾳ
2368 5019 2445 5100 τὸ-
2462 5019 2595 5116 ea;
2626 5019 2736 5099 Kal
2761 5043 3119 5116 μεταστρέψω
3152 5043 3252 5107 τάς
3270 5043 3465 5115 ὲορτάς
3484 5019 3629 5111 -ὁμῶν

388 5152 445 5207 in
475 5153 808 5215 lamentum,
843 5160 897 5206 et
945 5149 1200 5205 inducam
1248 5162 1414 5218 super
1458 5160 1677 5202 omnem
1724 5144 1967 5199 lumbum

2092 5142 2156 5203 είς
2185 5138 2400 5205 πένθος,
2442 5138 2536 5192 καὶ
2570 5137 2751 5201 πάσας
2789 5137 2889 5202 τὰς
2923 5138 3066 5209 ᾠδὰς
3110 5136 3263 5209 ὑμῶν
3309 5139 3392 5201 εἰς
3418 5134 3628 5208 θρῆνον

386 5257 633 5309 saccum,
673 5254 725 5299 et
765 5259 929 5315 super
960 5258 1123 5298 omne
1159 5247 1321 5312 caput
1350 5240 1644 5304 calvitiem,
1679 5247 1734 5293 et
1770 5252 1967 5309 ponam

2092 5232 2169 5286 ιαὶ
2191 5230 2431 5286 ἀναϐιϐῶ
2465 5230 2556 5283 ἐπὶ
2593 5231 2764 5284 πᾶσαν
2792 5231 2963 5299 ὀσφὺν
2990 5229 3211 5295 σάκκον,
3235 5229 3330 5283 καὶ
3356 5228 3447 5283 ἐπὶ
3472 5225 3629 5279 πᾶσαν

386 5352 511 5394 eum
543 5345 805 5407 tanquam
830 5337 1037 5391 luctum
1074 5334 1283 5397 dilecti,
1322 5340 1377 5389 et
1403 5333 1495 5403 qui
1523 5346 1650 5387 cum
1680 5345 1747 5386 co
1770 5329 1972 5386 fuerint

2092 5321 2314 5393 ιεφαλὴν
2374 5318 2753 5392 φαλάκρωμαο
2810 5321 2905 5373 καὶ
2950 5319 3185 5391 θήσομαι
3237 5319 3402 5372 αὐτὸν
3461 5316 3629 5388 ὥσπερ

389 5436 648 5501 tanquam
683 5431 824 5483 diem
859 5428 1102 5484 doloris:
1128 5440 1256 5482 ecce
1279 5425 1396 5480 dies
1434 5425 1679 5489 veniunt,
1710 5422 1841 5477 dicit
1865 5419 1973 5477 Do-

2092 5417 2267 5480 τένθος
2302 5412 2624 5485 ἀγαπητοῦ,
2659 5413 2906 5478 καὶτοὺς
2953 5414 3071 5484 μετ’
3101 5410 3266 5467 αὐτοῦ
3311 5412 3389 5475 ὡς
3438 5407 3629 5483 ἡμέραν

388 5519 592 5584 minus,
647 5528 701 5573 et
740 5518 949 5574 mittam
1007 5517 1203 5573 famem
1245 5521 1300 5571 in
1353 5525 1593 5581 terram,
1624 5529 1735 5569 non
1771 5514 1969 5569 famem

2092 5508 2283 5579 ιδύνης.
2342 5507 2473 5560 Ἰδοὺ
2512 5505 2714 5577 ἡμέραι
2760 5504 3041 5577 ἔρχονται,
3077 5505 3222 5575 λέγει
3263 5503 3503 5585 Κύριος,
3546 5498 3628 5556 καὶ

384 5611 565 5683 panis,
597 5623 772 5678 neque
810 5611 959 5665 sitim
991 5625 1163 5681 aqua,
1194 5608 1291 5665 sed
1324 5607 1519 5666 famem
1556 5605 1813 5663 audiendi
1847 5620 1973 5663 ver-

2092 5597 2413 5667 ιξαποστελῶ
2438 5598 2598 5673 λιμὸν
2621 5600 2715 5653 ἐπὶ
2741 5597 2841 5671 τὴν
2878 5599 3001 5671 γῆν,
3039 5597 3100 5651 οὐ
3130 5595 3283 5668 λιμὸν
3315 5594 3503 5669 ἄρτου,
3521 5587 3627 5647 οωὶ

452 5790 497 5821 ⁸⁸
534 5785 650 5842 Jer.
686 5796 793 5834 xvu
819 5823 833 5849 ,
869 5786 976 5841 14,
