3830 6260
199 310 294 367 755

1060 317 1720 381 DEMONSTRATIONI‘S
1768 323 2229 380 EVANGELICE
2270 320 2399 379 LIB.
2444 322 2513 383 Χ.

3330 329 3436 386 754

199 426 342 496 δίψαν
376 423 588 493 ὓδατος,
622 402 753 484 ἀλλά
783 430 937 503 λιμδν
963 432 1057 488 τοῦ
1080 434 1313 491 ἀκοῦσαι
1344 437 1502 506 λόγον
1533 439 1758 514 Κυρίου.

1864 443 1994 496 bum
2023 438 2329 507 Domini,et
2355 440 2841 496 commovebuntur
2866 455 3020 511 aqua
3050 457 3080 497 a
3103 442 3238 497 mari
3263 458 3437 513 usque

199 515 296 569 Καὶ
322 514 742 589 σαλευθήσονται
783 521 950 578 ὕδατα
981 525 1088 579 ἀπὸ
1122 525 1398 601 θαλάσσης
1427 527 1533 593 ἕως
1564 529 1762 585 θαλάσ-

198 625 305 679 σης,
335 606 428 661 καὶ
467 609 580 662 ἀπὸ
628 610 799 685 βορρᾶ
843 615 948 679 ἕως
993 617 1266 673 ἀνατολῶν
1298 618 1760 693 περιδραμοῦνται

198 699 466 771 ζητοῦντες
489 702 585 756 τὸν
607 703 762 774 λόγον
780 707 1002 780 Κυρίου,
1031 711 1124 766 καὶ
1153 713 1214 766 οὐ
1244 714 1318 785 μὴ
1350 712 1569 787 εὕρωσι.
1601 735 1620 767 ι
1651 716 1761 788 Τὴν

197 792 325 846 κατὰ
352 791 446 845 τοῦ
480 795 738 868 Σωτῆρος
766 799 922 871 ήμῶν
949 801 1107 876 ὕϐριν
1133 805 1226 859 καὶ
1263 807 1637 879 ὑπερηφανίαν
1666 809 1760 863 καὶ

195 885 571 953 ἐπανάστασιν,
622 890 687 962 ἣν
714 894 1088 967 ἐπανέστησαν
1110 898 1259 971 αὐτῷ
1277 901 1326 953 οἱ
1347 902 1414 955 ἐκ
1437 902 1757 973 περιτομῆς,

195 976 508 1042 θεσπίζουσα
539 982 572 1052 ή
606 984 855 1054 παροῦσα
888 989 1192 1059 προφητεία
1213 1034 1228 1057 ,
1259 992 1487 1062 ὀμνύναι
1529 993 1620 1047 τὸν
1651 995 1761 1048 Κύ-

197 1071 297 1142 ριόν
319 1088 449 1143 φησι
477 1074 603 1129 καθ’
626 1075 1002 1150 ὑπερηφανίας
1026 1083 1237 1149 Ἰακὼϐ,
1267 1085 1344 1150 ὡς
1372 1087 1432 1141 οὐ
1452 1086 1526 1160 μὴ
1552 1087 1760 1157 γένοιτο

192 1162 316 1235 λήθη
345 1163 454 1218 τῶν
487 1166 613 1220 κατ’
642 1168 809 1226 αὐτοῦ
849 1172 1268 1245 τετολμημένων
1305 1177 1520 1244 αὐτοῖς,
1555 1179 1648 1233 καὶ
1678 1180 1763 1234 ὅτι

192 1255 405 1321 πένθους
452 1257 582 1324 ἄξια
623 1261 866 1345 πείσεται
907 1266 940 1336 ή
1000 1266 1070 1338 γῆ
1107 1266 1285 1320 αὐτῶν
1331 1268 1470 1340 μετὰ
1514 1270 1606 1324 καὶ
1650 1270 1760 1325 τῶν

190 1350 494 1422 οἰκητόρων,
528 1355 626 1407 καὶ
655 1355 738 1409 ὅτι
766 1356 944 1411 οὐκέθ’
972 1358 1049 1423 ὡς
1078 1360 1138 1413 τὸ
1169 1362 1296 1431 πρὶν
1322 1364 1400 1427 είς
1429 1361 1603 1435 βραχὺ
1634 1381 1761 1418 παι-

188 1442 450 1507 δευθέντες
482 1441 643 1512 αὖθις
669 1448 1299 1523 άποκατασταθήσονται,
1330 1454 1443 1508 ἀλλ’
1476 1458 1557 1519 είς
1573 1456 1760 1509 συντέ-

190 1534 323 1591 λειαν
365 1537 432 1592 τὰ
480 1540 604 1594 κατ’
650 1543 849 1606 αὐτοὺς
885 1542 1024 1615 ἥξει.
1074 1565 1093 1597 ι
1133 1546 1484 1618 Ἀναϐήσεται
1540 1548 1703 1617 γοῦν,
1734 1567 1752 1601 ι

190 1633 357 1701 φησὶν,
387 1648 409 1689 t
428 1633 506 1697 ὡς
536 1635 784 1705 ποταμὸς
811 1638 843 1707 ἡ
875 1636 1154 1693 συντέλεια
1187 1638 1422 1703 αὐτῶν,ι
1455 1640 1556 1712 τὴν
1601 1640 1760 1694 ἐπελ-

192 1721 371 1777 θοῦσαν
400 1724 587 1791 αὐτοῖς
619 1727 725 1779 οὐδ’
758 1727 945 1782 ἄλλοτε
971 1728 1004 1801 ἢ
1038 1728 1177 1783 κατὰ
1206 1730 1307 1802 τὴν
1346 1731 1632 1802 Ῥωμαίων
1663 1730 1759 1800 βαε-

188 1814 377 1870 σιλείαν
398 1817 591 1889 ὀργὴν,
629 1820 870 1890 ποταμὸν
895 1820 1299 1894 ἀναϐησόμενον
1323 1825 1409 1877 ἐπ’
1438 1824 1656 1889 αὐτοὺς,
1681 1825 1757 1890 ὡς

189 1908 238 1960 ἐν
265 1907 381 1978 ὕψει
412 1909 472 1963 τὸ
512 1912 652 1983 πρὶν
698 1912 890 1977 ὄντας,
936 1915 1320 1987 αίνιττόμενος.
1353 1916 1463 1970 Καὶ
1503 1916 1568 1989 δὴ
1617 1917 1757 1989 μετὰ

186 1998 272 2071 τὴν
298 2000 633 2073 δηλωθεῖσαν
662 2006 783 2060 κατ’
809 2005 990 2059 αὐτῶν
1019 2009 1082 2062 ἐκ
1105 2008 1198 2061 τοῦ
1215 2008 1351 2063 Θεοῢ
1383 2010 1570 2082 ὀργὴν,
1599 2008 1757 2073 αὖθις

187 2091 247 2157 τὰ
289 2095 403 2147 κατ’
430 2094 640 2159 αὐτοὺς
679 2095 1002 2168 πράγματα,
1035 2117 1055 2150 ι
1092 2098 1167 2162 ὡς
1205 2100 1471 2171 ποταμὸς,
1510 2119 1529 2152 ι
1570 2101 1753 2169 φησὶν,

192 2201 210 2237 ι
237 2183 503 2251 Αἰγύπτου
535 2185 940 2259 καταϐήσεται·
969 2207 988 2241 ι
1016 2189 1082 2243 δι’
1126 2183 1201 2245 ὧν
1244 2187 1396 2262 οἶμαι
1444 2190 1754 2263 δηλοῦσθαι,

188 2275 258 2341 δτι
293 2274 359 2330 τὰ
395 2276 563 2335 παλαι
618 2279 870 2350 μετέωρα
907 2281 1000 2335 καὶ
1038 2282 1187 2354 παρὰ
1228 2282 1346 2354 Θεῷ
1393 2283 1753 2355 τετιμημένα,

189 2368 270 2423 καὶ
296 2369 478 2442 ὥσπερ
506 2373 564 2425 ὲν
600 2371 727 2443 ὕψει
759 2374 990 2446 κείμενα
1020 2376 1466 2449 πλεονεκτήματα
1492 2378 1589 2435 τοῦ
1623 2380 1755 2433 Ἰου-

189 2461 333 2516 δαίων
359 2463 561 2529 ἔθνους,
596 2465 761 2536 ὅμοια
788 2468 900 2531 τοῖς
924 2470 1167 2540 ῥευστοῖς
1194 2470 1288 2523 καὶ
1320 2470 1478 2542 δίκην
1507 2471 1756 2543 ποταμοῦ

190 2555 573 2627 παρατρέχουσι
605 2556 715 2609 τῶν
759 2557 1004 2612 ἀπίστων
1034 2558 1203 2613 ἐθνῶν
1248 2563 1536 2633 πράγμασι
1585 2580 1755 2617 κατα-

192 2647 448 2718 στήσεται,
472 2649 566 2718 ἀφ’
587 2648 762 2720 ὕψους
785 2666 846 2703 τε
873 2652 952 2714 εῑς
973 2650 1230 2705 ταπεινὸν
1262 2655 1753 2727 περιτραπήσεται.

192 2732 290 2791 Εἶθ’
322 2737 443 2810 ἑξῆς
473 2740 693 2804 τούτοις
730 2741 869 2795 αὐτὰ
900 2741 963 2814 δὴ
994 2742 1063 2796 τὰ
1099 2744 1244 2814 ἀμφὶ
1289 2744 1380 2799 τὸν
1422 2747 1611 2818 καιρὸν
1661 2749 1756 2802 τοῦ

194 2832 437 2903 σωτηρίου
468 2833 684 2899 πάθους
716 2834 1098 2906 συμϐεϐηκότα
1123 2835 1318 2908 δηλῶν·
1349 2854 1369 2888 ι
1400 2837 1486 2890 Ἐν
1514 2840 1751 2911 ἐκείνη,›

193 2923 327 2992 φησὶ,
355 2943 375 2983 ι
394 2927 459 2996 τῇ
488 2926 704 2998 ἡμέρᾳ,
737 2926 889 2996 λέγει
911 2927 1135 3000 Κύριος,
1154 2928 1372 2983 δύσεται
1409 2933 1438 2984 ὀ
1467 2930 1615 3002 ἣλιος
1656 2948 1756 3002 με-

193 3012 464 3087 σημϐρίας,
493 3018 588 3072 καὶ⁵
628 3021 952 3074 συσκοτάσει
984 3020 1076 3073 ἐπὶ
1106 3021 1206 3093 τῆς
1236 3022 1338 3092 γῆς
1375 3024 1433 3077 ἐν
1470 3025 1656 3096 ἡμέρα
1694 3025 1756 3078 τὸ

1790 1794 1832 1848 Β

1862 531 1929 588 ad
1960 548 2128 595 mare.
2159 542 2214 589 et
2245 533 2315 589 ab
2342 532 2597 603 aquilone
2623 548 2797 604 usque
2834 534 2901 591 ad
2931 536 3198 591 orientem
3236 535 3437 590 circui-

1861 624 1998 681 bunt
2046 616 2351 697 quaerentes
2411 626 2637 682 verbum
2690 625 2938 693 Domini,
2991 637 3044 683 et
3108 643 3220 682 non
3279 625 3440 685 inve—

1862 716 2015 771 nient
2046 716 2115 771 ⁸³.
2158 736 2177 769 ι
2210 715 2608 771 Contumeliam
2650 727 2707 772 et
2749 718 3059 790 superbiam
3100 725 3157 774 et
3195 718 3439 773 insolen-

1862 808 1994 865 tiam
2026 809 2290 865 adversus
2323 808 2659 863 Salvatorem
2694 817 2968 875 nostrum,
3003 825 3165 880 quam
3197 813 3253 865 in
3282 809 3438 865 illum

1860 901 2170 957 excitarunt
2208 899 2399 965 Judaei,
2428 901 2543 957 haec
2584 902 2868 972 prophetia
2900 902 3225 972 przedicens,
3249 901 3440 971 iurare

1862 991 2150 1048 Dominum
2179 993 2257 1047 ait
2309 1004 2500 1049 contra
2549 994 2861 1065 superbiam
2913 992 3100 1061 Jacob,
3133 995 3300 1067 486
3326 1010 3439 1050 non

1859 1081 2098 1137 futuram
2120 1097 2242 1138 esse
2268 1082 2595 1139 oblivionem
2622 1099 2809 1139 eorum
2833 1124 2849 1150 ,
2884 1099 3005 1155 quae
3032 1092 3223 1140 contra
3257 1087 3438 1155 ipsum

1860 1175 1978 1230 ausi
2002 1175 2133 1239 sint,
2166 1174 2439 1246 dignaque
2470 1175 2621 1232 luctu
2654 1177 2797 1232 mala
2826 1193 3111 1250 passuram
3144 1194 3265 1236 esse
3289 1179 3439 1250 ipso-

1859 1279 1981 1320 rum
2033 1273 2254 1331 terram,
2303 1281 2413 1320 una
2442 1281 2566 1321 cum
2599 1266 3031 1332 habitatoribus,
3087 1283 3263 1339 neque
3290 1270 3437 1324 ultra

1860 1356 2002 1413 sicut
2053 1358 2228 1428 prius,
2266 1357 2361 1413 ubi
2421 1359 2659 1414 breviter
2687 1359 2963 1414 emendati
3026 1358 3253 1424 fuerint,
3313 1376 3438 1417 esse

1861 1450 2056 1505 iterum
2091 1450 2481 1516 restituendos,
2512 1450 2606 1508 sed
2636 1451 2691 1506 in
2727 1451 3279 1513 consummationem,
3317 1468 3440 1522 qua

1859 1540 1925 1594 ad
1959 1540 2109 1611 ipsos
2139 1548 2408 1611 spectant,
2439 1557 2563 1598 esse
2595 1551 2844 1599 ventura.
2870 1561 2890 1595 ι
2927 1540 3211 1614 Siquidem
3246 1557 3440 1598 ascen—

1858 1628 1969 1696 det,
2002 1630 2198 1702 inquit,
2235 1640 2296 1688 ut
2320 1633 2519 1689 ﬂuvius
2550 1636 2955 1691 consummatio
2982 1636 3225 1706 ipsorum
3259 1654 3272 1689 :
3309 1654 3329 1687 ι
3356 1636 3439 1691 sic

1860 1722 2049 1794 utique
2091 1725 2227 1781 iram
2277 1743 2398 1798 quae
2455 1728 2579 1784 illos
2632 1744 2740 1784 non
2790 1728 2926 1783 alias
2970 1743 3134 1799 quam
3176 1726 3438 1784 Romanis

1858 1818 2216 1888 regnantibus
2284 1819 2591 1886 invaserit,
2648 1835 2746 1890 per
2802 1819 3027 1874 ﬂuvium
3078 1834 3436 1876 ascensurum

1859 1924 2025 1980 super
2056 1925 2173 1976 eos,
2207 1910 2375 1967 veluti
2406 1911 2501 1983 qui
2532 1912 2689 1983 prius
2722 1911 2778 1967 in
2811 1912 3033 1969 sublimi
3063 1921 3433 1977 versarentur,

1859 2001 2196 2073 signiﬁcans.
2227 2002 2494 2075 Deinceps
2551 2011 2677 2075 post
2726 2004 2889 2069 hanc,
2943 2004 3011 2060 de
3064 2019 3172 2074 qua
3228 2002 3436 2059 dictum

1858 2104 1961 2162 est,
1993 2104 2185 2151 contra
2220 2096 2344 2153 illos
2389 2098 2691 2153 immissam
2735 2096 2906 2152 a.Deo
2945 2097 3104 2163 iram,
3140 2112 3335 2153 rursus
3365 2095 3436 2151 ad

1860 2187 1983 2244 illos
2011 2189 2317 2259 spectantia
2360 2190 2596 2259 negotia,
2630 2189 2982 2260 persequitur
3011 2209 3031 2252 :_
3056 2206 3075 2241 ι
3116 2187 3188 2244 Ut
3216 2188 3434 2254 ﬂuvius,

1860 2278 2059 2348 inquit,
2098 2278 2323 2351 Egypti
2383 2279 2695 2338 descendet.
2738 2299 2757 2331 ι
2796 2279 3008 2345 Quibus
3036 2279 3218 2335 verbis
3270 2277 3440 2349 signi-

1859 2369 2008 2425 ﬁcari
2047 2372 2472 2443 arbitror,qua:
2528 2372 2657 2427 olim
2709 2371 2963 2427 sublimia
2996 2381 3050 2427 et
3077 2370 3220 2442 apud
3269 2369 3435 2427 Deum

1855 2464 2191 2522 venerabilia
2223 2462 2446 2531 fuerint,
2470 2472 2525 2520 et
2556 2480 2679 2535 quae
2719 2465 2877 2535 quasi
2904 2465 2959 2519 in
2990 2463 3211 2519 sublimi
3246 2462 3438 2533 posita

1857 2554 2098 2611 Judaicae
2133 2557 2313 2628 gentis
2371 2557 2737 2627 praelationes,
2769 2572 2833 2614 ea
2867 2555 3067 2610 similia
3099 2561 3153 2610 et
3192 2553 3435 2617 ﬂuentis,

1857 2658 1913 2704 et
1967 2649 2134 2704 rebus
2184 2649 2464 2704 nationum
2520 2648 2626 2704 [ide
2683 2648 3024 2714 carentium,
3077 2648 3225 2709 ﬂuvii
3263 2648 3440 2703 instar

1858 2739 2189 2806 labentibus,
2223 2756 2345 2797 esse
2392 2741 2796 2807 constituenda,
2831 2757 2896 2796 ac
2938 2741 3007 2796 de
3047 2739 3355 2796 sublimiori
3381 2740 3436 2795 in

1859 2832 2092 2889 inferius
2139 2848 2262 2889 esse
2293 2833 2705 2905 praecipitanda.
2731 2832 2938 2889 Deinde
2987 2841 3112 2903 post
3165 2831 3281 2888 haec
3319 2832 3443 2902 ipsa

1859 2941 1980 2996 quae
2028 2908 2370 2991 dicta'sunt,
2425 2926 2545 2996 ipso
2599 2927 2792 2981 ordine
2824 2940 2887 2980 ea
2940 2941 3063 2995 qua:
3105 2925 3207 2981 sub
3258 2924 3454 2995 ipsum,

1861 3019 2121 3075 salutaris
2182 3019 2457 3090 passionis
2492 3027 2707 3089 tempus
2759 3020 3074 3084 evenerint,
3135 3020 3434 3088 aperiens:

194 3107 321 3174 φῶςε
350 3129 367 3160 ι
399 3109 434 3164 ἃ
466 3112 560 3165 καὶ
605 3113 809 3184 ἐναργῆ
840 3114 938 3184 τὴν
975 3112 1198 3168 ἔκϐασιν
1244 3114 1485 3185 εἴληφεν,
1530 3117 1621 3170 δτε
1661 3118 1755 3171 τοῦ

1865 3126 1883 3159 ‹
1924 3107 1982 3162 In
2017 3109 2129 3175 illo,
2165 3109 2362 3180 inquit,
2393 3110 2505 3178 die,
2535 3110 2670 3165 dicit
2706 3109 2991 3177 Dominus,
3016 3109 3231 3165 occidet
3270 3112 3352 3166 sol
3382 3109 3439 3164 in

194 3196 419 3274 Σωτῆρος
452 3204 616 3275 ήμῶν
651 3203 994 3274 ὑψωθέντος,
1039 3204 1181 3261 κατὰ
1212 3206 1304 3259 τὸν
1341 3207 1752 3280 εὐαγγελιστῆν,

200 3309 217 3343 ι
235 3291 331 3344 ἀπὸ
359 3292 519 3365 ἕκτης
543 3293 701 3365 ὧρας
730 3295 920 3359 σκότος
941 3296 1156 3366 ἐγένετο
1189 3296 1279 3349 ἐπὶ
1305 3298 1485 3353 πᾶσαν
1514 3297 1614 3371 τὴν
1652 3299 1756 3370 γῆν

194 3383 283 3449 ἓως
305 3384 447 3458 ὥρας
475 3387 743 3458 ἐννάτης·
794 3388 921 3459 περὶ
947 3387 1004 3442 δὲ
1041 3388 1139 3459 τὴν
1180 3388 1408 3461 ἐννάτην
1467 3388 1616 3460 ὥραν
1663 3390 1756 3443 άν-

195 3475 398 3551 εϐόησεν
448 3480 475 3533 ό
547 3478 762 3547 Ἰησοῦς
808 3482 958 3550 φωνῇ
1013 3480 1223 3553 μεγάλῃ
1246 3520 1261 3546 ,
1324 3480 1530 3550 λέγων·
1573 3481 1753 3546 Ἠλεὶ,

206 3569 353 3636 Ἠλεὶ,
370 3571 564 3644 λαμμᾶ
577 3571 935 3643 σαϐαχθανί.»
961 3572 1177 3626 Τούτων
1205 3574 1263 3628 δέ
1299 3575 1490 3629 τοῦτον
1504 3575 1747 3629 ἐπιτελε-

197 3660 412 3718 σθέντων
429 3665 521 3718 τὸν
538 3664 766 3737 τρόπον,
792 3661 919 3735 ἑξῆς
950 3664 1205 3734 ἐπιλέγει·
1237 3667 1375 3720 «Καὶ
1398 3668 1759 3739 μεταστρέψω

196 3749 279 3813 τὰς
303 3752 490 3825 ἑορτὰς
529 3753 691 3826 ὑμῶν
738 3756 817 3819 εἰς
850 3754 1073 3819 πένθος,
1112 3756 1204 3809 καὶ
1249 3756 1428 3820 πάσας
1468 3757 1568 3822 τὰς
1616 3758 1760 3829 ᾠδὰς

195 3841 329 3911 ὑμῶν
376 3847 456 3908 είς
510 3844 749 3917 θρῆνον·
796 3847 892 3899 καὶ
940 3845 1184 3899 άναϐιϐῶ
1212 3847 1306 3900 ἐπὶ
1358 3848 1539 3903 πᾶσαν
1582 3851 1759 3921 ὀσφὺν

197 3932 397 4001 σάκκον,
433 3938 527 3991 καὶ
560 3936 658 3990 ἐπὶ
710 3939 889 3991 πᾶσαν
940 3937 1180 4010 κεφαλὴν
1232 3938 1608 4013 φαλάκρωμα·
1666 3944 1761 3998 καὶ

196 4020 408 4095 θήσομαι
438 4026 606 4080 αὐτὸν
626 4067 640 4090 ,
684 4026 874 4099 ὥσπερ
920 4027 1118 4092 πένθος
1146 4028 1431 4101 ἀγαπητοῦ
1454 4070 1469 4092 ,
1503 4033 1598 4086 καὶ
1634 4034 1762 4097 τοὺς

198 4118 300 4197 μετ’
331 4117 513 4181 αὐτοῦ,
548 4119 628 4183 ὡς
658 4120 873 4190 ἡμέραν
914 4119 1124 4193 ὀδύνης.
1161 4120 1292 4176 Ἰδοὺ
1335 4122 1538 4196 ἡμέραι
1575 4123 1761 4195 ἔρχονη

194 4223 289 4271 ται,
306 4209 446 4279 λέγει
466 4211 697 4285 Κύριος,
728 4213 822 4265 καὶ
843 4211 1190 4277 ἐξαποστελῶ
1211 4212 1366 4285 λιμὸν
1400 4214 1492 4269 ἐπὶ
1520 4215 1620 4288 τὴν
1635 4216 1759 4288 γῆν,

194 4299 246 4351 οὐ
282 4300 430 4373 λιμὸν
468 4302 661 4375 ἄρτου,
708 4303 828 4357 οὐδὲ
860 4303 1019 4372 δίψαν
1054 4302 1262 4368 ὓδατος,
1298 4303 1431 4358 ἀλλὰ
1464 4304 1620 4376 λιμὸν
1666 4304 1761 4359 τοῦ

1860 3199 2109 3264 meridie,
2163 3207 2217 3255 et
2278 3199 2729 3256 obtenebrabitur
2766 3217 2933 3272 super
2977 3209 3178 3257 terram
3240 3200 3297 3255 in
3351 3199 3442 3256 die

1858 3293 1974 3355 lux,
2011 3312 2031 3347 ι
2061 3309 2184 3364 qua:
2238 3308 2371 3349 sane
2417 3294 2720 3350 evidentem
2772 3296 2979 3352 exitum
3038 3295 3230 3351 sortita
3289 3300 3440 3360 sunt,

1860 3392 1993 3440 tunc
2017 3400 2142 3440 cum
2179 3383 2464 3442 Salvatore
2498 3387 2555 3440 in
2587 3387 2756 3441 altum
2785 3387 3024 3453 sublato,
3056 3396 3118 3441 ut
3167 3395 3252 3442 est
3297 3385 3442 3456 apud

1859 3479 2250 3550 evangelistam
2272 3521 2286 3547 ,
2316 3497 2336 3531 ι
2375 3481 2423 3533 A
2452 3488 2604 3536 sexta
2658 3481 2794 3536 hora
2825 3481 3063 3537 tenebrae
3114 3480 3273 3535 facta:
3311 3486 3444 3535 sunt

1861 3585 2025 3641 super
2058 3572 2369 3629 universam
2422 3579 2624 3628 terram
2662 3588 2836 3642 usque
2868 3572 2937 3627 ad
2970 3573 3161 3628 horam
3214 3585 3445 3637 nonam;

1860 3672 1912 3718 et
1933 3665 2080 3718 circa
2110 3664 2299 3719 horam
2335 3680 2537 3721 nonam
2557 3663 3063 3721 exclamavitJesus
3092 3679 3225 3720 voce
3245 3678 3444 3734 magna

1861 3756 2049 3811 dicens
2077 3776 2090 3810 :
2124 3755 2228 3821 Eli,
2259 3755 2362 3823 Eli,
2393 3758 2595 3810 lamma
2624 3756 2986 3812 sabaclithani
3009 3757 3076 3812 ⁸³.
3097 3776 3117 3809 ι
3155 3755 3287 3822 Quae
3315 3770 3442 3810 cum

1862 3849 1918 3903 in
1960 3849 2107 3903 bunc
2140 3847 2362 3902 modum
2399 3864 2559 3905 suum
2603 3848 2763 3905 tinem
2800 3849 3150 3921 contigerint,
3183 3848 3444 3919 deinceps

1862 3939 2111 4011 adiungit
2169 3957 2186 3994 :
2241 3957 2260 3990 ι
2331 3938 2397 3994 Et
2453 3949 2765 3996 convertam
2828 3940 3094 3996 solemnia
3149 3947 3331 3994 vestra
3386 3941 3444 3994 in

1863 4032 2094 4094 luctum,
2139 4041 2194 4088 et
2244 4032 2430 4086 omnia
2478 4032 2693 4087 cantica
2722 4040 2904 4089 vestra
2936 4033 2995 4087 in
3033 4032 3354 4094 lamentum,
3388 4040 3445 4087 et

1864 4122 2124 4179 inducam
2176 4137 2342 4193 super
2378 4138 2596 4179 omnem
2632 4123 2877 4179 lumbum
2914 4138 3159 4186 saccum,
3194 4128 3251 4177 et
3281 4137 3446 4193 super

1866 4228 2028 4268 omne
2061 4220 2228 4284 caput
2256 4214 2551 4279 calvitiem,
2588 4222 2643 4271 et
2673 4230 2871 4285 ponam
2901 4230 3024 4271 eum
3054 4215 3200 4271 sicut
3238 4214 3445 4269 luctum

1867 4304 2071 4370 dilecti,
2107 4313 2162 4360 et
2193 4321 2289 4361 eos
2316 4304 2410 4377 qui
2445 4320 2571 4360 cum
2603 4305 2724 4377 ipso
2757 4304 2996 4370 fuerint,
3029 4312 3090 4359 ut
3118 4304 3259 4359 diem
3291 4303 3451 4360 dolo-

195 4388 403 4451 ἀκοῦσαι
423 4392 582 4463 λόγον
612 4392 838 4464 Κυρίου,
864 4412 881 4444 ι
906 4392 1085 4447 καὶτὰ
1100 4392 1245 4465 ἑξῆς*
1267 4393 1411 4467 ἅπερ
1426 4394 1660 4463 ἅπαντα,
1678 4394 1765 4451 διὰ

1868 4396 1967 4452 ris.
2019 4395 2159 4451 Ecce
2190 4396 2308 4453 dies
2346 4396 2606 4463 veniunt,
2649 4397 2785 4453 dicit
2813 4395 3099 4460 Dominus,
3131 4404 3189 4451 et
3231 4396 3446 4449 mittam

195 4482 280 4553 τὴν
295 4485 667 4558 ὑπερηφανίαν
696 4484 875 4539 αὐτῶν
899 4486 996 4557 τὴν
1012 4485 1151 4540 κατὰ
1171 4485 1266 4539 τοῦ
1286 4485 1522 4559 Χριστοῦ
1543 4503 1765 4559 γεγενη-

1865 4487 2062 4543 famem
2094 4502 2260 4558 super
2290 4496 2513 4554 terram,
2532 4504 2641 4543 non
2672 4487 2870 4542 famem
2899 4489 3074 4557 panis,
3097 4500 3272 4554 neque
3299 4485 3448 4539 sitim

198 4575 349 4648 μένην
369 4577 587 4632 ἔσεσθαι
612 4577 1074 4650 προφητευθέντα,
1088 4578 1292 4651 ἐναργῆ
1308 4578 1640 4651 τὴνὲκϐασιν
1663 4579 1764 4650 τῆς

197 4669 534 4742 προρρήσεως
586 4670 909 4737 ἀπεδείξατο
942 4669 1082 4742 μετὰ
1105 4670 1209 4742 ’τὴν
1235 4671 1377 4725 κατὰ
1430 4672 1525 4727 τοῦ
1575 4674 1761 4745 Σωτῆ-

202 4773 280 4826 ρος
313 4761 463 4832 ήμῶν
493 4760 788 4833 ἐπιϐουλὴν
817 4761 1108 4817 αὐτῶν.οὐ
1135 4761 1399 4834 πρότερον
1450 4762 1601 4831 γοῦν,
1647 4762 1761 4821 ἀλλ’

199 4848 250 4915 ἐξ
279 4851 480 4906 ἐκείνου
520 4852 614 4907 καὶ
639 4855 719 4917 είς
762 4852 921 4925 δεῦρο
953 4853 1314 4925 μετέστρεψεν
1347 4853 1526 4908 αὐτῶν
1570 4856 1599 4907 ὁ
1630 4853 1761 4919 Θεὸς

199 4944 285 5008 τὰς
311 4947 497 5020 ἐορτὰς
517 4949 599 5012 είς
632 4946 844 5011 πένθος,
876 4947 971 5002 καὶ
1000 4946 1102 5011 τὰς
1128 4947 1273 5018 ᾠδάς
1305 4948 1385 5013 είς
1416 4947 1631 5019 θρῆνον,
1661 4948 1761 5019 τῆς

202 5037 508 5111 περιϐοήτου
552 5040 936 5113 μητροπόλεως
982 5040 1362 5111 ἀποστερήσας
1416 5038 1634 5103 αὐτοὺς,
1668 5040 1763 5093 καὶ

203 5127 255 5180 τὸ
276 5130 328 5182 ἐν
351 5132 487 5205 αὐτῇ
522 5133 717 5203 σεμνὸν
744 5132 1011 5203 ἁγίασμα,
1048 5132 1189 5186 κατὰ
1215 5131 1315 5201 τὴν
1356 5130 1448 5183 ἐπὶ
1477 5130 1635 5184 Τίτου
1671 5130 1764 5184 κα)⁸

205 5218 596 5278 Οὐεσπασιανοῦ
652 5224 936 5297 Ῥωμαίων
1004 5223 1418 5295 αὐτοκρατόρων
1469 5222 1766 5293 ἡγεμονίαν

206 5311 448 5380 καθελὼν,
475 5316 553 5380 ὡς
585 5317 721 5390 μηδὲ
758 5317 1011 5380 ἐλθόντας
1051 5314 1311 5371 δύνασθαι
1340 5314 1427 5367 ἐπ’
1458 5314 1627 5386 αὐτῆς
1667 5315 1767 5378 τὰς

208 5401 680 5482 ὲννόμουςΐορτὰς
726 5411 819 5463 καὶ
879 5406 1215 5479 πανηγύρεις
1264 5404 1549 5459 ἐπιτελεῖν.
1580 5407 1646 5460 Τί
1688 5406 1770 5460 δεῖ

207 5490 386 5563 λέγειν,
412 5501 484 5563 ὡς
513 5501 542 5553 ὁ
572 5500 729 5573 λιμὸς
757 5499 850 5553 τοῦ
877 5500 1105 5553 ἀκοῦσαι
1129 5497 1288 5567 λόγον
1322 5497 1528 5569 Κυρίου
1560 5498 1768 5561 πάντας

209 5588 386 5654 αὐτοὺς
421 5593 701 5663 μετῆλθεν,
738 5594 852 5647 ἀνθ’
886 5584 960 5646 ὧν
998 5590 1263 5662 ἐξήλασαν
1297 5588 1506 5642 ἑαυτῶν
1532 5589 1624 5642 τὸν
1674 5591 1766 5642 τοῦ

270 5769 306 5800 ’⁸
345 5770 505 5828 Amos
538 5790 630 5827 vm
660 5813 672 5836 ,
712 5770 860 5825 7-12.
944 5772 986 5804 ⁶²
1027 5769 1214 5825 Matth.
1259 5785 1444 5837 xxv",
1479 5768 1669 5834 “J6.

1870 4594 2044 4649 aquae,
2078 4580 2175 4636 sed
2207 4578 2401 4635 famem
2437 4578 2692 4634 audiendi
2746 4578 2978 4641 verbum
3034 4576 3286 4641 Domini,
3341 4596 3360 4628 ι
3392 4583 3448 4632 et

1869 4686 1991 4740 quae
2012 4678 2320 4741 sequuntur
2349 4690 2363 4726 :
2400 4686 2521 4740 qua:
2549 4670 2766 4741 quidem
2797 4670 2982 4732 omnia
3009 4677 3233 4741 propter
3256 4684 3449 4740 super-

1868 4763 2017 4819 biam
2068 4764 2335 4835 ipsorum,
2385 4780 2491 4835 qua
2534 4764 2797 4820 adversus
2833 4762 3111 4819 Christum
3164 4762 3250 4818 usi
3295 4768 3448 4828 sunt,

1868 4856 2133 4911 divinitus
2160 4856 2441 4927 praedicta,
2471 4855 2775 4910 evidentem
2797 4855 3003 4910 oraculi
3031 4854 3237 4910 exitum
3262 4860 3449 4909 osten-

1869 4948 2088 5011 derunt,
2107 4956 2229 5018 post
2263 4948 2507 5019 ipsorum
2536 4947 2799 5004 adversus
2831 4944 3169 5001 Salvatorem
3198 4951 3449 5001 nostrum

1871 5040 2122 5097 insidias.
2159 5038 2278 5095 Non
2324 5055 2456 5112 ergo
2501 5047 2629 5095 ante
2665 5039 2799 5095 illud
2853 5047 3097 5110 tempus,
3131 5038 3226 5094 sed
3257 5053 3325 5093 ex
3356 5038 3451 5091 illo

1872 5139 2120 5203 tempore
2149 5132 2205 5186 in
2263 5130 2410 5184 hunc
2443 5145 2619 5201 usque
2650 5128 2795 5185 diem
2839 5130 3105 5186 mlemnia
3139 5128 3357 5183 illorum
3392 5126 3451 5180 in

1869 5225 2077 5278 luctum
2109 5223 2379 5278 convertit
2426 5221 2591 5285 Deus,
2622 5229 2678 5277 et
2725 5221 2938 5277 cantica
2980 5220 3037 5275 in
3091 5220 3388 5274 lamentum
3430 5239 3444 5273 :

1870 5314 2075 5386 quippe
2103 5315 2197 5384 qui
2252 5314 2378 5370 illos
2404 5312 2762 5368 celeberrima
2804 5312 3025 5367 civitate
3052 5309 3367 5382 privaverit,
3397 5316 3453 5364 et

1872 5406 2184 5461 venerabile
2236 5406 2367 5461 illud
2416 5405 2790 5462 sanctuarium
2849 5402 2993 5474 quod
3047 5404 3102 5458 in
3157 5402 3249 5458 illa
3308 5409 3450 5465 erat,

1870 5498 2035 5570 487
2062 5497 2186 5553 Tito
2216 5514 2282 5564 ac
2305 5496 2651 5569 Vespasiano
2679 5495 2821 5567 apud
2854 5488 3137 5551 Romanos
3179 5499 3451 5566 imperan-

1872 5592 2046 5657 tibus,
2078 5592 2358 5661 everterit,
2392 5607 2565 5664 usque
2598 5590 2732 5646 adeo
2764 5601 2821 5645 ut
2849 5606 2958 5646 non
3001 5588 3238 5658 amplius
3266 5587 3459 5652 venire,
