3830 6260
371 266 475 321 755

1046 259 1317 317 EUSEBII
1358 256 1839 315 CAESARlENSlS
1880 255 2034 312 OPP.
2076 252 2259 308 PARS
2299 252 2362 309 ll.
2402 283 2471 294 —-
2508 248 3004 307 APOLOGETlCA.

3516 246 3610 302 756

366 394 423 442 et
460 385 740 441 celebrare
784 384 839 438 in
883 397 946 438 ea
974 381 1212 451 legitima
1259 378 1548 443 solemnia,
1582 385 1632 432 et
1678 376 1944 440 legitimos

2052 371 2186 426 Θεοῦ
2235 372 2426 441 Λόγον,
2461 370 2800 443 ὁμοθυμαδὸν
2859 368 3020 423 αὐτὸν
3080 367 3477 439 ἀρνησάμενοι,
3527 367 3611 422 καὶ

367 486 672 533 conventus
705 475 938 546 possint.
969 472 1258 535 Caeterum,
1293 470 1422 542 quid
1457 486 1596 540 Opus
1627 477 1711 524 est
1741 468 1946 534 dicere,

2056 462 2461 535 ἀπαρνηθέντες
2494 462 2585 515 ὑπ’
2613 461 2776 516 αὐτοῦ
2795 479 2811 528 ;

367 568 828 640 quemadmodum
884 565 1057 620 fames
1102 564 1359 619 audiendi
1399 563 1624 619 verbum
1658 559 1896 622 Domini,
1934 570 2128 610 omnes
2160 555 2284 611 illos
2320 555 2621 611 invaserit?
2646 568 2933 626 propterea
2965 554 3110 625 quod
3145 554 3333 626 procul
3364 568 3397 609 a
3430 554 3612 625 seipsis

367 661 465 717 Dei
497 660 734 715 Verbum
777 658 1077 727 exegerint,
1110 673 1233 711 cum
1284 657 1416 711 illud
1453 671 1561 711 uno
1597 654 1783 709 animo
1820 654 2176 721 negaverunt,
2207 659 2258 704 et
2288 650 2358 705 ab
2386 651 2577 706 eodem
2600 651 2781 721 negati
2811 658 2959 705 sunt.

366 798 409 853 Α
445 797 736 855 ΖαεΙιανία.
770 827 841 838 -
871 794 1008 850 Item
1029 795 1094 850 de
1122 796 1252 849 solis
1274 795 1505 864 defectu,
1537 806 1587 849 et
1617 792 1683 848 de
1719 801 1949 863 tempore

855 867 1116 922 salutaris
1155 866 1460 921 Passionis.

440 1091 459 1125 ι
499 1070 567 1126 Ει
616 1071 872 1126 adveniet
929 1069 1193 1125 Dominus
1244 1067 1391 1125 Deus
1441 1082 1618 1132 meus,
1664 1073 1720 1123 et
1756 1079 1949 1121 omnes

364 1167 541 1222 sancti
571 1180 697 1220 cum
728 1180 832 1231 eo;
869 1163 927 1219 in
955 1164 1044 1220 die
1090 1164 1182 1218 illa
1207 1179 1319 1218 non
1364 1162 1470 1218 erit
1494 1162 1610 1226 lux,
1648 1168 1703 1217 et
1745 1158 1944 1231 frigus,

361 1265 419 1314 et
449 1258 572 1329 gelu
621 1256 727 1313 erit
751 1257 806 1311 in
847 1271 959 1310 uno
986 1255 1095 1319 die,
1131 1264 1187 1311 et
1209 1256 1330 1311 dies
1360 1255 1452 1310 ille
1480 1260 1648 1309 notus
1689 1251 1945 1319 Domino,

359 1356 420 1404 et
448 1363 627 1418 neque
654 1348 792 1410 dies,
829 1362 1010 1417 neque
1040 1362 1171 1411 nox,
1203 1346 1274 1402 ad
1296 1361 1582 1417 vesperam
1612 1345 1718 1401 erit
1747 1344 1861 1412 lux,
1891 1351 1947 1398 et

362 1442 423 1497 in
447 1441 537 1496 die
562 1440 657 1495 illa
685 1440 1001 1510 egredietur
1036 1454 1177 1511 aqua
1238 1439 1363 1497 viva
1383 1438 1453 1495 de
1479 1436 1812 1501 Jerusalem,
1856 1435 1946 1489 di-

362 1533 594 1588 midium
623 1532 745 1603 ejus
775 1532 832 1585 in
865 1547 1017 1587 mare
1044 1532 1307 1603 primum,
1331 1539 1385 1587 et
1421 1531 1708 1586 dimidium
1739 1529 1860 1600 ejus
1888 1529 1947 1583 in

362 1639 518 1678 mare
563 1633 894 1688 extremum,
931 1623 988 1677 in
1025 1631 1218 1679 azstate
1240 1632 1295 1679 et
1339 1624 1395 1678 in
1440 1638 1570 1678 vere
1607 1622 1712 1677 erit
1759 1622 1858 1686 sic,
1892 1627 1949 1676 et

362 1717 469 1771 erit
499 1714 764 1770 Dominus
793 1714 849 1769 in
879 1730 1061 1785 regem
1092 1731 1254 1785 super
1286 1719 1598 1770 universam
1621 1724 1856 1779 terram;
1890 1713 1947 1767 in

363 1809 455 1864 die
487 1808 579 1863 illa
612 1810 716 1864 erit
769 1806 1040 1864 Dominus
1071 1824 1235 1870 unus,
1268 1818 1323 1864 et
1365 1824 1563 1863 nomen
1603 1809 1724 1878 ejus
1753 1824 1947 1874 unum,

361 1901 615 1956 ambiens
665 1917 883 1956 omnem
928 1910 1134 1956 terram
1180 1909 1234 1954 et
1281 1902 1716 1958 solitudinem”.
1771 1923 1790 1955 ι
1823 1901 1951 1959 Haec

360 2007 586 2063 quoque
609 1993 664 2046 in
695 1992 931 2047 adventu
957 1990 1259 2047 Salvatoris
1288 1993 1466 2047 nostri
1482 1995 1753 2063 completa
1777 2004 1906 2050 sunt
1932 2015 1945 2050 :

361 2101 489 2141 cum
523 2086 765 2149 advenit,
798 2086 915 2140 sive
957 2102 1082 2141 cum
1130 2087 1248 2142 suis
1298 2089 1474 2142 sacris
1514 2088 1800 2158 apostolis,
1834 2089 1952 2145 sive

361 2194 487 2234 cum
532 2179 651 2235 suis
695 2179 923 2243 sanctis,
951 2179 1153 2234 divinis
1185 2179 1438 2235 videlicet
1485 2181 1812 2250 quibusdam
1846 2197 1949 2253 po-

360 2271 656 2324 testatibus
686 2277 741 2324 et
773 2270 1116 2341 incorporeis
1144 2270 1452 2341 spiritibus,
1496 2286 1711 2328 necnon
1741 2274 1950 2344 angelis

359 2368 417 2415 et
450 2362 722 2417 ministris
771 2363 910 2430 suis,
944 2362 1011 2418 de
1041 2363 1243 2434 quibus
1298 2364 1504 2420 dictum
1550 2373 1635 2421 est
1669 2366 1724 2420 in
1774 2366 1951 2422 sacris

360 2452 698 2525 Evangeliis,
719 2458 865 2527 quod
890 2457 1078 2526 utique
1102 2456 1171 2511 ad
1196 2457 1348 2512 illum
1376 2459 1713 2514 accesserint
1748 2459 1946 2531 angeli,

359 2559 417 2606 et
452 2551 531 2604 illi
564 2551 1019 2606 ministraverint.
1053 2550 1226 2606 Porro
1261 2562 1444 2607 autem
1477 2552 1566 2607 die
1598 2553 1691 2606 illo
1726 2552 1829 2623 (sic
1851 2567 1951 2606 au-

362 2651 474 2697 tem
499 2659 671 2699 sacrae
700 2645 896 2700 litteras
948 2654 1356 2700 consueverunt
1406 2660 1569 2699 omne
1609 2653 1825 2715 tempus
1850 2660 1948 2699 vo-

361 2749 511 2796 care,
545 2749 656 2802 quo
683 2735 775 2790 ille
809 2735 953 2790 inter
978 2735 1227 2789 homines
1260 2745 1510 2790 versatus
1542 2736 1647 2807 est)
1685 2751 1791 2789 una
1822 2751 1948 2790 cum

361 2825 487 2881 aliis
530 2827 980 2895 praedictionibus
1034 2827 1199 2882 etiam
1256 2829 1402 2898 quod
1458 2844 1631 2907 nunc.
1660 2835 1945 2893 tractatur,

361 2920 652 2973 oraculum
668 2921 999 2990 completum
1031 2929 1137 2986 est,
1164 2936 1289 2977 cum
1318 2923 1505 2992 utique
1530 2924 1634 2978 sub
1658 2923 1805 2979 illius
1824 2939 1951 2994 pas-

362 3012 537 3067 sionis
579 3020 791 3083 tempus
824 3013 894 3069 ab
943 3015 1078 3068 hora
1125 3022 1280 3069 sexta
1332 3016 1571 3069 tenebrae
1614 3013 1771 3070 facta:
1820 3026 1950 3072 sunt

360 3119 531 3173 super
560 3107 870 3161 universam
906 3114 1108 3162 terram
1156 3123 1333 3178 usque
1385 3108 1452 3163 ad
1486 3108 1677 3162 horam
1722 3124 1943 3163 nonam.
1976 3092 2017 3146 (ἶ

360 3194 443 3250 Ex
499 3212 609 3266 quo
661 3197 743 3252 sic
777 3199 853 3253 ait
913 3200 1203 3271 prophetia
1237 3220 1248 3255 :
1284 3220 1302 3251 ι
1338 3198 1398 3254 1η
1431 3200 1520 3256 die
1567 3201 1659 3255 illa
1690 3215 1798 3255 non
1842 3202 1948 3256 erit

359 3288 475 3342 lux.
516 3308 537 3340 ›
571 3288 634 3343 Et
666 3306 900 3347 rursus:
935 3311 953 3343 ι
996 3291 1062 3346 Ει
1106 3309 1284 3365 neque
1313 3295 1450 3358 dies,
1485 3310 1663 3365 neque
1714 3311 1845 3358 nox,
1878 3295 1945 3348 ad

357 3393 651 3445 vesperam
674 3380 781 3434 erit
814 3381 925 3448 lux,
964 3401 982 3433 ι
1018 3383 1221 3453 quibus
1265 3384 1450 3439 verbis
1485 3386 1774 3455 perspicue
1806 3385 1947 3439 indi-

359 3471 471 3524 cari
502 3481 632 3541 puto
659 3472 806 3529 illius
840 3477 1100 3545 temporis
1151 3476 1545 3540 conditionem,
1587 3493 1713 3531 cum
1756 3475 1947 3532 Salva-

359 3573 479 3617 tore
525 3573 716 3618 nostro
757 3566 924 3621 altius
970 3567 1186 3621 sublato
1217 3568 1273 3622 in
1317 3568 1436 3638 ipsa
1465 3569 1573 3623 diei
1608 3570 1748 3635 luce,
1776 3569 1947 3642 488

357 3668 472 3712 uox
520 3654 591 3710 ab
637 3656 773 3710 liora
817 3667 970 3712 sexta
1012 3659 1087 3722 id,
1122 3660 1267 3729 quod
1323 3661 1534 3714 circum
1593 3674 1794 3716 terram
1835 3670 1941 3725 est,

356 3747 596 3801 obtinuit
618 3764 792 3820 usque
821 3751 889 3804 ad
916 3751 1107 3806 horam
1139 3768 1365 3809 nonam.
1396 3752 1527 3808 Post
1554 3770 1719 3825 quam
1750 3770 1944 3810 rursus

354 3839 737 3898 desinentibus
772 3844 1033 3909 tenebris,
1066 3846 1184 3901 dies
1211 3859 1263 3901 et
1297 3848 1386 3902 lux
1421 3863 1640 3903 reversa
1662 3857 1747 3904 est
1780 3868 1793 3904 :
1822 3859 1947 3919 post

353 3948 479 4006 quae
511 3950 709 3990 rursus
746 3946 1010 3992 consueta
1061 3954 1168 3993 nox
1218 3949 1405 3994 secuta
1456 3947 1567 3996 est.
1600 3939 1731 4007 Qua:
1759 3942 1942 3995 omnia

355 4039 541 4079 sermo
578 4026 935 4094 propheticus
976 4029 1178 4095 innuit,
1229 4032 1323 4084 ubi
1366 4032 1485 4086 ait:
1521 4052 1541 4083 ε
1578 4030 1644 4085 Et
1693 4033 1811 4088 dies
1852 4033 1944 4088 il!e

354 4124 521 4171 notus
552 4116 803 4181 Domino,
833 4127 889 4175 et
915 4136 1093 4191 neque
1127 4122 1269 4188 dies,
1296 4138 1473 4194 neque
1504 4140 1633 4191 nox,
1666 4124 1735 4178 ad
1761 4139 1946 4195 vespe-

353 4221 473 4261 ram
499 4210 606 4262 erit
648 4209 763 4271 lux,
794 4229 815 4261 ι
852 4211 972 4267 dies
1004 4212 1227 4283 quidem
1278 4215 1370 4270 ille
1405 4231 1515 4269 non
1545 4224 1689 4283 erat,
1719 4224 1942 4286 propter

352 4298 690 4356 meridianas
743 4304 1023 4373 tenebras,
1075 4306 1172 4360 sed
1225 4322 1329 4362 nec
1374 4307 1504 4362 item
1535 4324 1667 4372 nox,
1718 4318 1940 4380 propter

352 4391 530 4460 ipsius
547 4394 654 4448 diei
676 4410 987 4461 recursum,
1012 4413 1174 4468 quem
1204 4398 1467 4454 indicavit
1492 4399 1810 4472 signiﬁcans
1841 4418 1938 4472 per

350 4483 446 4538 illa
482 4486 667 4552 verba,
702 4506 721 4537 ι
760 4488 830 4542 ad
875 4506 1160 4560 vesperam
1208 4492 1314 4547 erit
1355 4493 1467 4547 lux.
1514 4513 1533 4544 ι
1583 4492 1719 4560 Quis
1757 4504 1940 4550 autem

349 4590 463 4629 non
484 4576 790 4633 admiretur
817 4581 981 4635 etiam
1004 4582 1249 4638 hibernae
1290 4583 1441 4638 hora:
1468 4587 1947 4642 commemoratio-

350 4666 518 4721 nem?
540 4684 705 4738 quam
741 4670 921 4740 ipsam
957 4672 1145 4728 itidem
1178 4675 1445 4729 divinavit
1469 4678 1777 4745 oraculum,
1814 4695 1941 4733 cum

352 4754 472 4809 ait:
507 4775 526 4809 ι
570 4757 635 4813 Et
682 4760 857 4830 frigus
889 4770 942 4817 et
991 4766 1115 4834 gelu
1147 4767 1272 4820 erit.
1305 4786 1323 4818 ι
1364 4766 1523 4834 Quod
1567 4770 1696 4825 item
1758 4771 1940 4842 ipsum

349 4845 634 4921 Evangelii
693 4855 1069 4910 testimonium
1121 4861 1503 4922 commendat,
1561 4878 1685 4916 cum
1743 4862 1946 4921 Petrus

350 4941 481 4996 dum
508 4942 691 5000 Iesum
723 4949 994 5018 sequitur,
1019 4966 1254 5008 accenso
1291 4955 1414 5023 igne
1450 4955 1504 5008 in
1534 4957 1675 5011 atrio
1695 4956 1935 5029 Caiphae,

355 5046 463 5089 una
513 5051 640 5091 cum
688 5039 815 5096 aliis
874 5042 1236 5098 calefaciebat
1285 5060 1363 5100 se.
1413 5045 1650 5103 Proinde
1698 5048 1940 5106 Joannes

350 5122 578 5197 frigoris
620 5145 842 5201 quoque
890 5136 1221 5189 mentionem
1269 5139 1617 5208 apertissime
1667 5141 1817 5207 facit,
1858 5143 1942 5199 di-

349 5231 525 5277 cens:
559 5240 578 5272 ι
611 5220 847 5278 Stabant
875 5226 1022 5281 servi
1064 5234 1118 5281 et
1150 5229 1396 5285 ministri
1428 5231 1498 5285 ad
1546 5250 1775 5300 prunas,
1812 5239 1942 5307 quia

349 5306 523 5382 frigus
561 5322 701 5379 erat,
743 5324 797 5370 et
839 5318 1234 5374 calefaciebant
1269 5337 1328 5377 se
1344 5322 1410 5377 3".
1453 5344 1471 5375 ι
1508 5323 1575 5377 Et
1605 5325 1674 5379 ad
1713 5306 1937 5383 verbum

348 5405 568 5473 quidem
605 5406 918 5475 hujusmodi
950 5411 1111 5467 ﬁnem
1141 5415 1514 5485 contigerunt,
1543 5433 1661 5487 quae
1689 5422 1768 5475 sic
1800 5439 1942 5493 pne-

349 5495 493 5551 dicta
524 5504 657 5552 sunt
688 5512 700 5547 :
739 5498 809 5553 ad
836 5516 1062 5558 sensum
1096 5520 1246 5569 vero,
1277 5520 1402 5561 cum
1452 5506 1658 5564 Judazis
1693 5513 1937 5568 salutare

421 5671 471 5709 ⁸³
507 5671 747 5728 Zachar.
786 5692 894 5741 xiv,
933 5677 1093 5736 5-10.
1173 5679 1399 5737 “Joan.
1438 5701 1604 5751 xvnn.
1646 5689 1732 5745 18.

2069 789 2222 862 Ἀπὸ⁸
2253 790 2362 844 τοῦ
2400 793 2716 862 Ζαχαρίου.
2740 820 2811 832 --
2841 793 2969 845 Ἔτι
3011 794 3142 861 περὶ
3165 791 3275 861 τῆς
3303 792 3613 861 ἐκλείψεως

2123 859 2232 913 τοῦ
2279 859 2628 941 aviam-aiat
2679 861 2788 917 τοῦ
2817 863 2967 918 κατὰ
3002 859 3405 933 τὸήσωτήριον
3440 859 3613 930 πάθος

2129 948 2361 1000 καιροί).

2134 1068 2155 1100 ε
2182 1048 2293 1102 Καὶ
2341 1050 2608 1122 παρέσται
2648 1050 2850 1123 Κύριος
2881 1053 2910 1106 ό
2958 1050 3093 1116 Θεός
3126 1069 3251 1124 μου,
3293 1053 3389 1105 καὶ
3433 1053 3613 1117 πάντες

2054 1141 2104 1194 οἱ
2139 1140 2283 1210 ἅγιοι
2319 1142 2436 1212 μετ’
2474 1141 2659 1196 αὐτοῦ.
2696 1142 2784 1196 Ἐν
2814 1143 2998 1217 ἐκείνῃ
3028 1147 3095 1215 τῇ
3126 1133 3311 1216 ἡμέρᾳ
3338 1144 3438 1196 οὐκ
3479 1144 3614 1198 ἔσται

2054 1233 2191 1302 φῶς,
2217 1234 2311 1287 καὶ
2336 1233 2505 1305 ψῦχος
2532 1236 2624 1289 καὶ
2663 1236 2836 1305 πάγος
2868 1237 3017 1290 ἔσται
3050 1236 3178 1308 μίαν
3212 1237 3444 1308 ἡμέραν.
3463 1238 3612 1308 Καὶή

2051 1328 2235 1401 ἡμέρα
2263 1329 2446 1401 ἐκείνη
2479 1329 2693 1400 γνωστὴ
2719 1328 2797 1400 τῷ
2818 1329 3028 1401 Κυρίῳ,
3063 1330 3158 1383 καὶ
3185 1330 3284 1400 οὐχ
3320 1328 3515 1401 ἡμέρα,
3535 1331 3614 1383 καὶ

2053 1423 2115 1475 οὐ
2142 1421 2256 1488 νὺξ,
2290 1423 2353 1477 τδ
2373 1425 2508 1495 πρὸς
2535 1425 2774 1496 ἑσπέραν
2801 1424 2950 1478 ἔσται
2979 1423 3115 1494 φῶς.
3133 1424 3245 1477 Καὶ
3270 1425 3330 1476 ἐν
3355 1426 3424 1495 τῇ
3450 1424 3619 1494 ἡμέρᾳ

2056 1518 2240 1593 ἐκείνῃ
2258 1515 2599 1581 ἐξελεύσεται
2622 1519 2765 1592 ὕδωρ
2786 1519 2891 1584 ζῶν
2911 1518 2971 1585 ἐξ
2997 1519 3371 1591 Ἰερουσαλὴμ,
3387 1518 3447 1571 τὸ
3463 1518 3614 1589 ἥμισυ

2056 1615 2221 1670 αὐτοῦ
2256 1619 2338 1680 είς
2378 1616 2477 1689 τὴν
2511 1614 2782 1669 θάλασσαν
2813 1614 2913 1686 τὴν
2958 1612 3201 1685 πρώτηῆ
3238 1613 3335 1666 καὶ
3375 1613 3435 1664 τὸ
3462 1613 3615 1681 ἥμισυ

1977 1740 2024 1798 Β
2055 1710 2221 1764 αὑτοῦ
2254 1713 2336 1774 εἰς
2367 1712 2469 1782 τήν
2501 1709 2778 1764 θάλασσαν
2820 1709 2918 1781 τὴν
2945 1706 3195 1778 ἐσχάτην.
3236 1707 3327 1759 Ἐν
3362 1704 3504 1776 θέρει
3535 1706 3614 1759 καὶ

2053 1805 2111 1857 ὲν
2138 1803 2259 1876 ἔιαρι
2294 1803 2444 1857 ἔσται
2474 1802 2666 1867 οὕτως.
2703 1803 2810 1856 Καὶ
2844 1802 2995 1855 ἔσται
3049 1800 3254 1872 Κύριος
3296 1802 3377 1863 είς
3413 1798 3614 1869 βασιλέα

2051 1898 2144 1950 ἐπὶ
2174 1899 2356 1951 πᾶσαν
2393 1898 2493 1969 τὴν
2518 1898 2643 1969 γῆν.
2687 1898 2776 1950 Ἐν
2807 1899 2875 1967 τῇ
2913 1895 3097 1967 ἡμέρᾳ
3129 1894 3313 1967 ἐκείνῃ
3347 1892 3493 1946 ἔσται
3519 1891 3615 1945 K13-

2054 2009 2168 2064 ριος
2191 1986 2293 2056 εἷς,
2327 1993 2421 2046 καῖ¹
2446 1991 2507 2044 τὸ
2538 1991 2710 2062 ὄνομα
2738 1989 2900 2044 αὑτοῦ
2944 1989 3024 2053 ἒν,
3054 1987 3291 2042 κυκλοῦν
3329 1989 3503 2041 πᾶσαν
3530 1987 3613 2058 τὴν

2051 2087 2155 2157 γῆν
2189 2087 2283 2139 καὶ
2300 2086 2402 2157 τὴν
2428 2084 2656 2157 ἔρημον.
2685 2104 2707 2136 ›
2742 2085 2852 2137 Καὶ
2876 2082 3048 2137 ταῦτα
3076 2083 3167 2136 ἐπὶ
3193 2083 3295 2153 τῆς
3337 2079 3614 2152 παρουσίας

2050 2179 2145 2233 τοῦ
2199 2180 2451 2251 Σωτῆρος
2483 2178 2639 2250 ἡμῶν
2701 2177 3030 2255 ἐπληροῦτο,
3080 2177 3144 2249 ῆν
3193 2178 3484 2248 ἐποιήσατο
3512 2176 3614 2247 ἦτοι

2055 2271 2193 2345 μετά
2223 2273 2332 2326 τῶν
2385 2270 2546 2344 ἱερῶν
2579 2272 2891 2325 ἀποστόλων
2937 2271 3101 2325 αὐτοῦ
3136 2270 3229 2323 καὶ
3268 2267 3550 2341 μαθητῶν,
3581 2267 3610 2340 η

2055 2364 2192 2437 μετὰ
2220 2365 2328 2419 τῶν
2363 2365 2533 2433 ἁγίων
2561 2364 2761 2431 αὐτοῦ,
2813 2365 2972 2418 θείων
3013 2364 3175 2418 τινῶν
3219 2364 3498 2434 δυνάμεων
3533 2363 3613 2417 καὶ

2051 2460 2357 2529 ἀσωμάτων
2387 2458 2715 2528 πνευμάτων
2736 2497 2750 2521 ,
2795 2457 3039 2526 ἀγγέλων
3064 2474 3123 2509 τε
3171 2455 3269 2509 καὶ
3308 2452 3612 2525 λειτουργῶν

2050 2551 2238 2615 αὑτοῦ,
2269 2552 2397 2624 περὶ
2441 2544 2515 2604 ὧν
2561 2549 2777 2620 εἴρηται·
2807 2552 2866 2602 ὲν
2909 2553 3022 2613 τοῖς
3054 2551 3217 2621 ἱεροῖς
3260 2547 3609 2617 Εὐαγγελίοις,

2048 2646 2131 2699 ὅτι
2157 2665 2176 2696 ‹
2203 2644 2507 2718 προσῆλθον
2532 2642 2680 2714 αὐτῷ
2710 2641 2951 2712 ἄγγελοι,
2992 2642 3087 2696 καὶ
3108 2641 3392 2713 διηκόνουν
3418 2636 3565 2708 αὐτῷ.
3588 2656 3609 2689 ι

2048 2735 2207 2790 Κατὰ
2232 2735 2288 2788 δὲ
2313 2737 2412 2806 τὴν
2440 2735 2655 2807 ἡμέραν
2687 2733 2904 2805 ἐκείνην
2931 2732 3109 2804 (οὕτω
3133 2733 3189 2786 δὲ
3236 2733 3392 2802 φίλον
3422 2734 3611 2784 ἀποκα-

2049 2829 2162 2882 λεῖν
2186 2832 2252 2900 τῇ
2280 2830 2400 2900 ἱερᾷ
2426 2830 2612 2900 Γραφῇ
2645 2826 2822 2879 πάντα
2857 2827 2948 2880 τδν
2976 2827 3180 2899 χρόνον
3198 2826 3299 2896 τῆς
3335 2828 3395 2878 ὲν
3426 2821 3610 2893 ἀνθρώ-

2051 2939 2171 2985 ποις
2204 2920 2366 2975 αὑτοῦ
2394 2921 2674 2993 διατριϐῆς
2704 2922 2721 2990 )
2772 2920 3077 2992 ἐπληροῦτο
3117 2920 3255 2991 μετά
3320 2918 3426 2971 τῶν
3457 2915 3615 2972 ἄλλων

2053 3014 2410 3087 προρρήσεων
2442 3015 2536 3067 καὶ
2564 3013 2633 3065 τὰ
2661 3016 2717 3067 ἐν
2750 3013 2907 3083 χερσὶ
2935 3011 3363 3081 τεθεσπισμένα,
3403 3006 3611 3077 ὁπηνίκα

2052 3106 2204 3178 παρὰ
2227 3105 2425 3160 τὸντοῦ
2459 3108 2682 3171 πάθουςο
2695 3106 2860 3162 αὑτοῦ
2893 3106 3119 3177 καιρὸντ
3149 3105 3256 3158 ἀπὸ
3296 3105 3444 3176 ὧρας
3468 3105 3613 3170 ἕκτης

2052 3201 2242 3265 σκότος
2264 3200 2481 3269 ἐγένετο
2505 3200 2599 3254 ἐπὶ
2622 3205 2802 3254 πᾶσαν
2822 3199 2923 3270 τὴν
2950 3200 3052 3270 γῆν
3077 3199 3182 3261 ἕως
3206 3197 3359 3268 ὧρας
3388 3196 3605 3266 ἐννάτης.

2050 3289 2141 3342 Διό
2175 3306 2337 3361 φησιν
2375 3292 2407 3361 ἡ
2444 3290 2780 3362 προφητείαο
2809 3309 2828 3341 ι
2863 3290 2952 3343 Ἐν
2983 3291 3046 3360 τῇ
3092 3286 3276 3359 ἡμέρᾳ
3313 3286 3489 3357 ἐκείνῃ
3525 3285 3611 3336 οὐκ

2050 3382 2201 3436 ἔσται
2238 3384 2385 3452 φῶς·
2411 3401 2431 3434 ι
2471 3384 2563 3436 καὶ
2606 3382 2765 3437 πάλιν
2790 3399 2805 3413 ⁶
2842 3401 2861 3434 ι
2902 3382 3014 3436 Καὶ
3046 3382 3144 3450 οὐχ
3189 3379 3395 3452 ἡμέρα,
3433 3378 3520 3431 καὶ
3557 3375 3611 3427 οὗ

2049 3474 2166 3541 νὺξ,
2190 3474 2251 3528 τὺ
2281 3476 2415 3547 πρὸς
2448 3475 2686 3548 ἑσπέραν
2718 3474 2869 3528 ἔσται
2905 3473 3055 3544 φῶςο
3083 3493 3103 3524 ι
3135 3473 3201 3526 δι’
3234 3466 3314 3526 ὧν
3342 3469 3609 3524 λευκότατα

2049 3568 2287 3640 ἡγοῦμαι
2324 3572 2422 3639 τὴν
2453 3568 2549 3622 τοῦ
2581 3568 2775 3641 καιροῦ
2824 3568 3194 3630 κατάστασιν,
3224 3568 3287 3619 ὲν
3314 3559 3358 3633 ᾧ
3396 3563 3485 3618 τοῦ
3516 3564 3610 3616 Eco—

2047 3664 2212 3732 τῆρος
2234 3660 2629 3732 ἀνυψωθέντος,
2653 3661 2748 3714 καὶ
2770 3660 2981 3731 ἡμέρας
3011 3658 3197 3730 οὕσης,
3218 3658 3321 3725 νὺξ
3349 3657 3454 3711 ἀπὸ
3479 3655 3610 3725 ὥρας

2046 3755 2212 3826 ἕκτης
2236 3755 2301 3808 τὸ
2322 3755 2573 3830 περιέχον
2605 3755 2829 3825 συνέσχε
2854 3753 3130 3826 μέχριτῆς
3152 3752 3402 3822 ἐννάτης,
3428 3745 3608 3822 μεθ’ἢν

2046 3845 2203 3912 αὖθις
2231 3847 2325 3901 τοῦ
2347 3848 2575 3911 σκότους
2601 3846 2986 3910 διαλείποντος,
3002 3846 3182 3917 ἡμέρα
3210 3843 3306 3897 καὶ
3330 3841 3443 3913 φῶς
3459 3838 3609 3909 ἐγίνεα-

2045 3958 2126 4005 το,
2151 3940 2268 4012 μεθ’
2295 3940 2333 3994 ἃ
2357 3941 2519 3995 πάλιν
2551 3939 2798 4011 συνήθως
2825 3942 2858 4011 ἡ
2889 3938 2985 4004 νὺξ
3012 3935 3610 4008 κατελάμϐανενιἋπερ

2004 4068 2005 4071 η
2044 4034 2073 4084 ὁ
2088 4033 2188 4104 τῆς
2216 4032 2550 4107 προφητείας
2570 4032 2725 4099 λόγος
2752 4032 2995 4103 ᾐνίττετο
3011 4031 3256 4100 φάσκων·
3278 4046 3297 4079 ι
3323 4027 3429 4079 Καὶ
3444 4022 3614 4096 ἡμέρα

2046 4127 2227 4197 ἐκείνη
2257 4124 2472 4197 γνωστὴ
2500 4124 2577 4196 τῷ
2599 4124 2806 4196 Κυρίῳ,
2831 4124 2924 4177 καὶ
2958 4124 3056 4193 οὺχ
3082 4121 3280 4193 ἡμέρα,
3309 4118 3401 4173 καὶ
3419 4117 3476 4171 οὐ
3504 4110 3602 4176 νὺξ,

2044 4220 2106 4272 τὸ
2134 4219 2271 4291 πρὸς
2294 4217 2536 4289 ἑσπέραν
2565 4217 2719 4270 ἔσται
2754 4215 2921 4284 φῶς.»
2948 4215 3060 4284 Οὐχ
3086 4212 3268 4285 ἡμέρα
3299 4210 3397 4282 μὲν
3422 4206 3520 4277 γάρ
3545 4199 3607 4274 ἦν

2047 4309 2139 4363 διὰ
2172 4311 2233 4363 τὸ
2281 4308 2651 4381 μεσημϐρινδν
2688 4306 2903 4370 σκότος·
2948 4307 3042 4359 καὶ
3096 4304 3254 4357 πάλιν
3285 4303 3347 4355 οὐ
3397 4298 3486 4364 νὺξ
3528 4293 3613 4347 διὰΓ

2046 4404 2144 4476 τὴν
2172 4402 2677 4457 ἐπικαταλαϐοῦσαν
2701 4401 2933 4472 ἡμέραν,
2967 4400 3034 4471 ἢν
3065 4395 3403 4469 παρέστησεν
3432 4392 3608 4457 ἐπισηο-

2049 4498 2358 4570 μηνάμενος
2400 4495 2489 4549 διὰ
2521 4496 2613 4549 τοῦ
2653 4495 2855 4564 φάναι,
2885 4514 2902 4545 ι
2931 4493 2991 4545 τὸ
3025 4493 3161 4563 πρὸς
3203 4489 3437 4561 ἑσπέραν
3467 4484 3598 4538 ἔσται

2046 4588 2182 4660 φῶς.
2215 4608 2234 4640 ι
2270 4590 2367 4652 Τίς
2395 4589 2438 4642 δ’
2473 4588 2574 4642 οὐκ
2609 4588 2674 4642 ἂν
2711 4587 3010 4658 θαυμάσειε
3044 4585 3146 4655 τῆς
3173 4581 3444 4654 χειμαδίου
3471 4576 3609 4648 ὥρας·

2042 4682 2142 4755 τὴν
2176 4685 2394 4755 μνήμην
2421 4699 2436 4747 ;
2465 4684 2532 4752 ἣν
2578 4683 2673 4736 καὶ
2720 4680 2889 4753 αὐτὴν
2938 4680 3224 4733 ἐθέσπισεν
3264 4679 3293 4731 ὁ
3334 4675 3483 4742 λόγος
3513 4669 3599 4738 φή-

2046 4791 2177 4838 σας·
2215 4793 2234 4824 ι
2258 4775 2369 4827 Kal:
2395 4772 2565 4844 ψῦχος
2611 4773 2706 4825 καὶ
2754 4771 2929 4840 πάγος
2954 4769 3106 4823 ἔσται
3125 4785 3138 4799 ο
3169 4787 3187 4820 ι
3216 4766 3246 4820 ὃ
3277 4766 3369 4820 καὶ
3416 4760 3536 4817 αὐτὸ
3567 4759 3596 4829 ἡ

2045 4868 2139 4921 τοῦ
2188 4866 2519 4936 Εὕαγγελίου
2567 4862 2839 4938 μαρτυρία
2902 4866 3250 4934 συνίστησιν,
3304 4857 3525 4930 ὁπηνίκα
3573 4852 3597 4903 ὁ

2040 4960 2245 5032 Πέτρος
2289 4957 2597 5012 ἀκολουθῶν
2642 4955 2720 5028 τῷ
2777 4955 2988 5028 Ἰησοῦ,
3023 4952 3400 5028 περιαψάντων
3441 4944 3595 5018 πυρὰν

2041 5054 2100 5105 ὲν
2134 5054 2199 5124 τῇ
2235 5052 2370 5123 αὐλῇ
2403 5049 2498 5104 τοῦ
2547 5050 2791 5119 Καῖάφα,
2842 5048 2979 5122 μετά
3013 5047 3122 5102 τῶν
3159 5047 3331 5102 ἄλλων
3367 5036 3596 5113 ἐθερμαί-

2041 5164 2182 5201 νετο.
2222 5146 2280 5200 Ὁ
2326 5144 2457 5215 γοῦν
2518 5144 2772 5214 Ἰωάννης
2823 5143 3085 5214 ἄντικρυς
3136 5139 3228 5194 καὶ
3276 5136 3371 5192 τοῦ
3414 5133 3594 5206 ψύχους

2043 5241 2448 5313 ἐμνημόνευσεν
2489 5236 2659 5292 εἰπών
2679 5254 2692 5268 ο
2729 5256 2746 5289 ι
2775 5237 3135 5307 Είστήκεισαν
3163 5234 3213 5285 οἱ
3251 5231 3421 5285 δοῦλοι
3452 5226 3535 5313 καί.
3552 5222 3595 5274 οι

2047 5311 2319 5403 ὑπηρέται
2378 5330 2676 5403 ἀνθρακιὰν
2738 5327 3131 5398 πεποιηκότες,
3179 5325 3259 5378 ὅτι
3306 5323 3466 5394 ψῦχος
3503 5311 3589 5388 ἦν,

2047 5425 2140 5480 καὶ
2170 5422 2571 5496 ἐθερμαίνοντο.
2601 5441 2620 5473 ›
2648 5423 2759 5476 Καὶ
2811 5420 2949 5494 πρὸς
2993 5418 3088 5490 μὲν
3127 5417 3225 5490 τὴν
3258 5414 3396 5480 λέξιν
3438 5405 3591 5464 τοιούο

2045 5534 2138 5570 του
2174 5516 2361 5580 τέλους
2412 5514 2675 5588 ἐτύγχανε
2715 5515 2783 5569 τὰ
2842 5510 3323 5585 ιιιροιίγορευμένοι⁸
3383 5504 3505 5576 πρὸς
3541 5497 3589 5552 δὲ
