3830 6260
205 402 297 459 757

1108 369 1768 440 DEMONSTRATIONIS
1807 364 2269 423 EVANGELICIE
2310 361 2439 418 LIB.
2483 358 2525 414 Χ

3327 354 3431 409 758

204 518 420 573 διάνοιαν
443 513 521 575 τὸ,
549 512 657 563 πᾶν
695 508 962 562 Ἰουδαίων
983 505 1155 569 ἔθνος,
1185 501 1276 555 τοῦ
1298 499 1562 572 σωτηρίου
1592 490 1759 564 φωτὸς

1872 493 2052 546 lumen
2080 487 2372 547 illuxisset,
2412 484 2625 554 ipsique
2664 479 2844 551 potius
2873 478 3125 534 tenebras
3156 492 3317 547 quam
3343 477 3430 531 lu-

203 608 368 670 αύτοῐς
397 604 822 675 ἐπιλάμψαντος,
857 600 1035 654 αὐτῶν
1074 616 1133 651 τε
1168 597 1365 669 μᾶλλον
1397 595 1460 647 τὺ
1492 593 1679 654 σκότος
1720 590 1753 661 ἢ

201 702 257 757 τὸ
300 697 408 769 φῶς
450 696 740 768 ἑλομένων,
782 694 927 747 τοῦθ’
962 694 1098 762 ὅπερ
1133 693 1224 745 καὶ
1254 690 1456 743 εἴλοντο
1495 684 1757 759 μετῆλθεν

204 793 398 855 αὐτοὺς,
428 789 877 859 ἀναχωρήσαντος
907 786 1003 855 μὲν
1059 780 1373 837 αύτῶνέτοῦ
1414 778 1609 849 φωτὸς,
1640 776 1756 829 δια-

202 882 451 952 λαδούσης
478 881 537 934 δὲ
568 880 765 941 αὐτοὺς
794 878 988 941 νυκτὸς
1028 874 1329 946 άφεγγοῦς,
1382 870 1756 942 σκοτισθείσης

203 975 364 1030 αὐτῶν
392 974 490 1046 τῆς
515 972 784 1035 διανοίας,
816 972 951 1042 πρὸς
991 969 1052 1023 τὸ
1083 969 1156 1041 μὴ
1189 965 1479 1036 διαυγάσαι
1520 964 1612 1018 τὸν
1642 982 1756 1033 φω-

200 1071 373 1142 τισμὸν
398 1069 491 1124 τοῦ
518 1068 847 1139 Εὑαγγελίου
872 1069 928 1120 ἐν
955 1068 1074 1128 ταῖς
1095 1063 1343 1136 καρδίαις
1367 1059 1565 1115 αὐτῶν.
1597 1055 1758 1111 Ἀλλὰ

202 1161 285 1216 καὶ
313 1160 573 1231 ψυγείσης
598 1160 698 1229 τῆς
728 1159 865 1230 πρὸς
898 1157 989 1210 τὸν
1023 1156 1154 1208 Θεὸν
1198 1152 1418 1223 ἀγάπης
1461 1148 1661 1213 αὐτῶν,
1687 1146 1757 1201 τὰ

203 1253 425 1326 σύμϐολα
450 1252 656 1305 τούτων
687 1252 908 1314 εἰκότως
943 1250 1191 1309 ὲτελεῖτο,
1222 1244 1523 1317 ὲπληροῦτό
1541 1260 1597 1296 τε
1627 1239 1755 1311 ἑξῆς

199 1347 260 1400 τὰ
280 1346 370 1417 τῆς
398 1345 776 1415 προρρήσεως,
806 1341 949 1396 κατὰ
982 1341 1080 1413 τὴν
1112 1339 1319 1393 τοιάνδε
1353 1338 1453 1409 τῆς
1488 1335 1754 1407 σωτηρίου

199 1438 498 1510 ἐπιφανείας
552 1437 766 1509 ἡμέραν
826 1434 1017 1498 ὓδατος
1071 1433 1268 1498 ζῶντος
1327 1429 1632 1498 ἐξελθόντος
1684 1424 1757 1510 ’ἐξ

211 1505 699 1604 Ἰερουσαλὴμ-*εἰς
749 1531 925 1583 πάντα
972 1527 1043 1581 τὰ
1093 1527 1218 1597 ἑθνη
1253 1514 1622 1598 ’προελθόντος
1661 1505 1755 1575 τοῦ

195 1626 399 1696 γονίμου
429 1624 525 1678 καὶ
565 1622 798 1689 ζωτικοῦ
849 1624 948 1694 τῆς
989 1620 1346 1691 εύαγγελικῆς
1390 1615 1754 1680 διδασκαλίας,

198 1715 479 1789 ἀρξαμένου
517 1716 616 1786 μὲν
649 1714 759 1769 ἀπὸ
807 1715 905 1785 τῆς
961 1712 1222 1775 ἰουδαίας
1257 1711 1349 1765 καὶ
1392 1708 1451 1771 ἐξ
1481 1707 1652 1779 αὐτῆς
1690 1722 1756 1777 γε

194 1811 285 1881 τῆς
311 1809 699 1883 Ἰερουσαλὴμ,
728 1808 1060 1871 διαδοθέντος
1095 1808 1150 1861 δὲ
1200 1809 1278 1869 είς
1309 1807 1487 1859 πᾶσαν
1518 1804 1615 1877 τὴν
1650 1804 1755 1874 γῆν
1785 1838 1830 1894 Β

197 1904 280 1957 καὶ
298 1904 374 1967 εἰς
398 1902 574 1956 πάντα
597 1901 669 1955 τὰ
700 1902 797 1973 τῆς
839 1900 1162 1970 οἰκουμένης
1194 1899 1422 1970 πέρατα.
1456 1896 1658 1949 Τούτου
1697 1895 1755 1948 δὲ

196 1992 279 2047 τοῦ
324 1993 509 2058 ὕδατος
562 1994 659 2047 καὶ
706 1993 867 2055 αὐτὸς
897 1995 925 2045 6
968 1990 1158 2063 Σωτὴρ
1209 1991 1304 2044 καὶ
1350 1988 1554 2060 Κύριος
1600 1987 1756 2059 ἡμῶν

199 2086 504 2158 μνημονεύει
522 2085 699 2155 λέγων
722 2085 857 2158 πρὸς
888 2085 985 2155 τὴν
1001 2084 1326 2155 Σαμαρεῖτιν
1347 2101 1359 2114 ·
1381 2104 1396 2125 ο
1424 2083 1487 2134 El
1510 2082 1657 2152 ᾔδεις
1674 2079 1758 2143 τίς

196 2177 325 2229 ἔστιν
354 2180 381 2230 6
409 2176 574 2230 αἰτῶν
603 2192 665 2228 σε
694 2178 857 2239 πιεῖν,
881 2176 944 2228 σὺ
976 2173 1040 2228 ἂν
1069 2173 1171 2245 ῇτη
1182 2189 1279 2236 σας
1301 2172 1484 2232 αὑτὸν,
1512 2171 1605 2223 καὶ
1625 2168 1756 2221 ἔδω-

197 2283 280 2319 κεν
310 2267 370 2321 άν
398 2284 475 2320 σοι
505 2265 653 2338 ὕδωρ
679 2262 806 2329 ζῶν.
830 2285 849 2316 ι
877 2266 1016 2336 Ὂση
1043 2264 1099 2317 δὲ
1140 2268 1252 2327 τοῖς
1293 2260 1757 2331 ἁπογευσαμένοις

194 2356 277 2411 τοῦ
313 2357 507 2423 ζῶντος
535 2361 633 2412 καὶ
661 2357 879 2427 λογικοῦ
924 2360 1164 2428 νάματος
1203 2353 1444 2428 ὑπῆρξεν
1484 2353 1752 2423 ὠφέλεια,

195 2452 497 2525 παρίστησιν
529 2453 683 2526 ἑξῆς,
703 2453 990 2517 διδάσκων,
1007 2454 1082 2516 ὡς
1105 2456 1152 2506 οἰ
1184 2452 1396 2515 πιόντες
1420 2449 1608 2512 αὐτοῦ,
1630 2450 1759 2512 τοὺς

195 2547 344 2601 πάλαι
376 2548 609 2613 πολλοὺς
651 2547 1072 2618 βασιλεύσαντας
1099 2546 1277 2600 αὐτῶν
1300 2546 1560 2615 δαίμονας
1590 2560 1757 2613 πονη-

198 2642 309 2715 ροὺς
354 2640 806 2716 ἀπαρνησάμενοι
832 2680 847 2705 ,
880 2641 971 2693 τὸν
1021 2639 1116 2694 ἕνα
1154 2639 1354 2707 Κύριον
1397 2639 1491 2691 καὶ
1537 2634 1757 2707 βασιλέα

197 2734 328 2804 στῶν
355 2735 528 2789 αὐτῶν
550 2734 968 2806 ὁμολογήσουσι,
1000 2734 1093 2786 καὶ
1121 2733 1195 2796 ὼς
1217 2734 1244 2784 6
1271 2731 1475 2803 Κύριος
1505 2731 1534 2782 6
1576 2728 1756 2799 μόνοις

194 2824 248 2876 τὸ
273 2824 391 2895 πρὶν
420 2824 699 2897 Ἑϐραίοις
731 2822 1148 2895 γνωριζόμενος,
1183 2822 1471 2891 γενήσεται
1508 2817 1757 2888 βασιλεὺς

196 2916 393 2973 πάντων
424 2918 533 2971 τῶν
571 2919 655 2983 είς
698 2916 858 2970 αὐτὸν
906 2915 965 2980 ἐξ
999 2915 1216 2984 ἁπάσης
1255 2914 1353 2985 τῆς
1389 2913 1490 2983 γῆς
1537 2928 1757 2965 πιστευ-

197 3007 384 3061 σάντων
428 3008 639 3062 ιῑξθνῶν⁹
687 3009 783 3063 καὶ
828 3007 890 3060 τὸ
941 3007 1109 3077 ὄνομα
1138 3005 1302 3059 αὐτοῦ
1349 3005 1406 3058 ἓν
1441 3004 1629 3070 ἔσται,
1662 3022 1758 3058 κυ-

196 3098 338 3154 κλοῦν
367 3101 544 3154 πᾶσαν
598 3099 699 3171 τὴν
740 3094 843 3170 Ῠῆν
875 3099 968 3152 καὶ
994 3098 1094 3169 τὴν
1134 3097 1360 3169 ἔρημον.
1387 3098 1451 3149 Ὅ
1495 3097 1589 3149 καὶ
1626 3096 1756 3150 αύτδ

1861 600 1986 640 men
2046 581 2283 650 amplexi
2328 583 2534 641 essent,
2569 577 2673 629 hoc
2717 574 2864 644 quod
2907 573 2976 627 ab
3024 571 3158 640 ipsis
3198 569 3432 626 electum

1860 683 2315 744 assumptumque
2349 678 2455 734 est,
2490 669 2803 725 universam
2861 668 3105 737 ipsorum
3154 665 3432 720 nationem

1859 767 2079 823 invasit.
2120 765 2258 821 Cum
2290 763 2435 819 enim
2467 761 2572 832 ipsi
2610 759 2970 815 recessissent
2997 774 3026 811 a
3063 758 3204 822 luce,
3236 763 3292 810 et
3334 770 3434 813 eos

1859 861 2096 916 obscura
2134 873 2244 913 nox
2276 852 2973 925 occupasset,.obscuratis
3001 852 3241 922 ipsorum
3283 865 3436 906 men-

1859 953 2031 1015 tibus,
2062 966 2129 1006 eo
2155 948 2301 1020 quod
2353 944 2679 1001 illuminatio
2719 943 3029 1012 evangelica
3066 941 3253 998 radios
3299 955 3434 1001 suos

1860 1047 1915 1101 in
1947 1044 2114 1100 corda
2145 1044 2389 1114 ipsorum
2426 1054 2537 1095 non
2579 1037 2916 1099 immitteret,
2946 1035 3246 1106 quinetiam
3270 1031 3434 1091 refri-

1858 1148 2042 1211 gerata
2074 1140 2316 1210 ipsorum
2349 1151 2478 1206 erga
2499 1133 2668 1191 Deum
2712 1130 2999 1191 cbaritate,
3030 1129 3218 1183 talium
3246 1142 3434 1183 rerum

1860 1231 2017 1300 signa
2051 1229 2248 1284 merito
2283 1240 2545 1297 expressa
2575 1229 2725 1289 sunt,
2748 1232 2805 1277 et
2836 1222 2891 1275 in
2922 1220 3016 1273 tali
3044 1218 3303 1274 salutaris
3334 1217 3433 1273 ad-

1858 1333 2055 1379 ventus
2081 1323 2168 1378 die
2200 1320 2470 1392 completa
2498 1325 2627 1373 sunt
2651 1331 2736 1380 ea,
2764 1329 2886 1385 quae
2915 1312 2981 1368 ad
3021 1312 3124 1367 hoc
3146 1311 3432 1366 oraculum

1859 1416 2155 1488 pertinent,
2188 1414 2317 1468 dum
2345 1426 2486 1482 aqua
2530 1411 2720 1465 vivens
2743 1407 2978 1476 erumpit
3000 1420 3070 1460 ex
3103 1401 3430 1468 Jerusalem,

1858 1517 1913 1564 et
1940 1509 1998 1563 in
2040 1522 2230 1562 omnes
2269 1513 2463 1577 gentes
2506 1500 2852 1573 progreditur
2900 1496 3170 1553 fecundus
3217 1503 3273 1549 et
3309 1493 3435 1548 vita)

1859 1607 2178 1672 apportator
2218 1594 2548 1666 evangelicae
2598 1590 2863 1647 doctrina:
2909 1602 3092 1643 sermo
3126 1605 3140 1639 :
3169 1585 3263 1657 qui
3306 1599 3433 1638 cum

1858 1692 2138 1764 profectus
2169 1690 2240 1745 sit
2263 1688 2330 1745 de
2356 1687 2543 1742 Iudaea
2570 1693 2625 1741 et
2655 1684 2723 1740 de
2753 1683 2872 1755 ipsa
2898 1680 3222 1743 Jerusalem,
3258 1679 3437 1734 disse-

1859 1786 2102 1841 minatus
2146 1791 2337 1855 postea
2379 1789 2464 1837 est
2492 1781 2548 1834 in
2579 1792 2796 1834 omnem
2835 1786 3037 1832 terram
3070 1773 3207 1828 etin
3240 1784 3435 1826 omnes

1859 1881 2009 1936 orbis
2033 1887 2306 1934 terrarum
2338 1874 2496 1930 ﬁnes.
2528 1871 2704 1942 Hujus
2732 1885 2863 1925 vero
2892 1883 3047 1938 aqua:
3073 1867 3191 1936 ipse
3216 1878 3435 1934 quoque

1861 1972 2113 2028 Salvator
2133 1985 2195 2025 ac
2228 1968 2491 2023 Dominus
2517 1972 2704 2021 noster
2731 1961 2999 2025 meminit,
3028 1959 3158 2015 dum
3194 1956 3437 2027 loquitur

1859 2083 1984 2121 cum
2027 2066 2254 2119 muliere
2287 2058 2668 2117 Samaritana:
2700 2077 2718 2108 ‹
2747 2053 2805 2110 Si
2852 2053 3044 2119 scires,
3081 2052 3277 2121 inquit.
3310 2048 3437 2118 quis

1858 2168 1945 2217 est
1984 2158 2077 2229 qui
2109 2156 2241 2227 petit
2270 2171 2300 2210 a
2342 2165 2394 2209 te
2435 2153 2643 2216 bibere,
2690 2158 2747 2204 tu
2778 2147 3013 2219 petisses
3041 2145 3110 2199 ab
3137 2158 3225 2205 eo,
3254 2149 3309 2196 et
3337 2141 3437 2195 de-

1858 2252 2029 2308 disset
2058 2250 2154 2306 tibi
2184 2263 2381 2319 aquam
2410 2247 2586 2300 vivam
2605 2243 2673 2299 3’.
2706 2261 2726 2294 ›
2763 2241 2978 2307 Quanta
3010 2245 3189 2292 autem
3218 2235 3286 2289 ad
3315 2248 3435 2298 eos,

1857 2347 1951 2417 qui
1979 2344 2161 2401 vivam
2216 2340 2655 2410 rationalemque
2692 2350 2888 2405 aquam
2920 2328 3284 2404 gustaverint,
3311 2343 3441 2382 ven-

1858 2450 1981 2495 tura
2035 2438 2107 2493 sit
2162 2436 2388 2498 utilitas,
2449 2432 2697 2488 declarat
2744 2428 3036 2496 deinceps,
3092 2422 3220 2478 dum
3276 2420 3437 2476 docet

1857 2530 2316 2606 quemadmodum
2349 2528 2441 2598 qui
2465 2541 2585 2583 eam
2616 2537 2812 2594 aquam
2855 2518 3116 2580 biberint,
3150 2524 3205 2571 et
3234 2514 3437 2569 multos

1857 2604 2002 2686 illos,
2027 2622 2122 2693 qui
2154 2627 2313 2675 antea
2362 2616 2501 2688 ipsis
2532 2611 2893 2685 imperabant,
2923 2608 3195 2678 malignos
3236 2604 3442 2659 (ἰαιωο-

1858 2729 1958 2769 nas
1975 2710 2386 2782 abnegaverint,
2410 2708 2445 2762 ii
2478 2719 2646 2761 unum
2677 2702 2764 2758 sui
2795 2701 3039 2773 ipsorum
3069 2704 3123 2754 et
3146 2696 3436 2751 Dominum

1856 2814 1910 2862 et
1946 2820 2126 2876 regem
2160 2801 2589 2864 conﬁtebuntur,
2623 2796 2751 2850 item
2781 2792 2927 2862 quod
2953 2790 3001 2847 is
3034 2789 3318 2852 Dominus,
3342 2786 3438 2856 qui

1858 2900 1927 2954 al)
1955 2900 2080 2953 unis
2123 2894 2369 2950 Hebraeis
2401 2900 2560 2946 antea
2606 2887 2956 2949 noscebatur,
2999 2881 3168 2955 489
3210 2896 3307 2935 rex
3345 2878 3439 2934 lict

1857 2990 2100 3047 omnium
2139 3002 2327 3043 earum
2367 2984 2672 3044 nationum,
2708 2993 2830 3055 quae
2873 2992 2941 3032 ex
2983 2977 3240 3030 universa
3286 2978 3442 3026 terra

1860 3089 1915 3143 in
1940 3087 2114 3159 ipsius
2138 3084 2296 3140 ﬁdem
2330 3081 2614 3145 venerint;
2643 3087 2696 3132 et
2728 3088 2925 3130 nomen
2955 3070 3076 3140 ejus
3107 3082 3278 3124 unum
3309 3064 3439 3128 erit,

195 3191 267 3256 τίς
294 3192 387 3246 οὐκ
417 3192 484 3246 ἂν
512 3157 667 3264 ὁρῶν
707 3157 1061 3263 ἐκπλαγείηί
1081 3157 1187 3244 ὰπδ
1215 3157 1345 3258 ξοῦν
1378 3193 1475 3261 τῆς
1516 3187 1753 3260 Χριστοῦ

1864 3182 2105 3236 ambiens
2159 3178 2477 3232 universam
2527 3180 2730 3226 terram
2762 3177 2820 3224 et
2867 3163 3241 3224 solitudinem,
3290 3157 3443 3229 quod

196 3287 567 3359 προσηγορίας,
621 3285 779 3349 αὐτὸς
811 3285 867 3338 δὲ
905 3281 972 3356 ἦν
1019 3286 1047 3337 6
1088 3284 1320 3356 Χριστὸς
1356 3285 1384 3336 6
1424 3283 1646 3355 Κύριος,
1696 3285 1758 3339 τὸ

195 3375 291 3430 τῶν
325 3379 667 3451 Χριστιανῶν
704 3378 897 3450 ὄνομα,
922 3379 1100 3435 πάντα
1154 3379 1317 3431 τόπον
1355 3379 1447 3432 καὶ
1487 3378 1637 3432 πόλιν
1668 3380 1760 3433 καὶ

196 3467 377 3544 χώραν,
410 3472 504 3525 καί
549 3470 696 3526 αύτά
743 3488 807 3541 γε
854 3470 923 3525 τά
969 3473 1031 3524 ὲν
1071 3473 1193 3535 ταῖς
1227 3472 1453 3543 ἐρήμοις
1493 3470 1587 3523 καὶ
1640 3472 1758 3534 ταῖς

198 3559 452 3632 ισχατιαῖς
480 3564 583 3635 τῆς
616 3563 719 3635 γῆς
753 3562 1003 3619 οἰκοῦντα
1026 3561 1154 3632 ἔθνη
1191 3561 1619 3633 περιεκύκλωσε,
1648 3563 1759 3625 τοῖς

196 3652 283 3725 τῆς
307 3655 643 3728 προφητείας
669 3655 976 3721 ἀκολούθως
1002 3655 1385 3727 θεσπίσμασιν.

208 3978 332 4069 Ἆπρ
346 3982 609 4069 ψαλμοῦ
642 3991 842 4069 agat:-
869 3984 1011 4055 Περί
1037 3985 1155 4069 {sine
1183 3986 1333 4069 xlaz'c?
1361 3985 1428 4039 τὸ
1466 3986 1763 4054 σωτήριον

255 4055 1012 4136 πάθοςέρτιτελεςθέςντωνι
1030 4059 1136 4124 Εἰς
1167 4056 1232 4110 τὸ
1261 4055 1438 4123 τέλος
1471 4058 1625 4125 ὑπὲρ
1652 4056 1764 4123 τῆς

259 4122 636 4195 ἀντιλήψεως
662 4125 773 4194 τῆς
799 4124 1070 4195 ἑωθινῆς.

264 4295 281 4325 ι
300 4276 355 4329 '0
384 4277 537 4343 Θεὸς,
565 4278 598 4330 6
624 4276 757 4343 Θεὸς
792 4295 915 4350 μου,
973 4278 1209 4350 πρόσχες
1235 4296 1343 4351 μοι·
1371 4279 1460 4334 ἵνα
1486 4278 1539 4332 τί
1567 4281 1764 4349 ἐγκατ-

194 4363 362 4470 έλιπές
395 4376 501 4442 με;·
544 4369 762 4470 μακράν
793 4370 901 4424 ἀπὸ
932 4371 1033 4441 τῆς
1061 4375 1334 4445 σωτηρίας
1369 4390 1469 4445 μου
1520 4375 1569 4427 οἰ
1619 4373 1765 4443 λόγοι

197 4465 292 4511 τῶν
337 4465 800 4536 παραπτωμάτων
848 4482 970 4537 μου.
988 4466 1046 4520 '0
1087 4465 1219 4530 Θεός
1264 4483 1386 4538 μου,
1427 4466 1765 4541 κεκράξομαι

1860 3274 2080 3345 quidem
2121 3273 2301 3342 ipsum
2328 3269 2422 3324 ubi
2467 3266 2590 3336 quis
2637 3261 2856 3325 viderit,
2886 3258 2976 3329 qui
3026 3255 3142 3311 ﬁeri
3180 3252 3353 3324 possit
3379 3258 3445 3304 ut

1860 3343 1971 3423 non
2003 3361 2343 3419 σαπῆναι]νῖ
2362 3358 2563 3416 etenim
2591 3371 2619 3409 a
2651 3352 2858 3409 Christi
2882 3343 3444 3410 vocabulo,Christus

1860 3471 2025 3526 porro
2050 3454 2167 3526 ipse
2210 3450 2476 3506 Dominus
2513 3452 2618 3507 est,
2642 3441 3083 3498 Christianorum
3113 3449 3308 3489 nomen
3345 3430 3444 3486 (ἰε-

1861 3550 2086 3604 ductum
2146 3558 2363 3600 omnem
2413 3543 2592 3596 locum
2637 3545 2691 3595 et
2743 3537 3018 3591 civitatem
3064 3541 3117 3586 et
3160 3528 3441 3604 regionem

1860 3644 2118 3712 ipsasque
2152 3642 2207 3694 in
2249 3637 2479 3694 desertis
2512 3634 2734 3702 orisque
2773 3627 3037 3685 extremis
3084 3633 3244 3681 terrae
3285 3620 3442 3675 babi-

1861 3743 2043 3788 tantcs
2070 3732 2321 3787 nationes
2363 3725 2637 3791 circuivit,
2670 3722 2829 3778 ﬁdem
2865 3735 2930 3775 eo
2961 3716 3127 3773 modo
3157 3715 3366 3770 faciens
3388 3720 3442 3766 et

1863 3825 2219 3883 consentiens
2247 3822 2483 3894 hujusce
2515 3815 2814 3891 prophetiae
2838 3809 3119 3867 vaticiuio.

1864 3987 1909 4040 Α
1950 3989 2155 4057 psalmo
2178 3998 2295 4037 xxi.
2320 4011 2389 4057 :—
2405 3978 2483 4057 pe
2506 3979 2572 4032 iis
2594 3992 2710 4047 qua:
2727 3976 2779 4028 in
2797 3967 3167 4057 ipsqsalutar‘i
3192 3963 3441 4057 passione

1972 4037 2113 4128 facta
2141 4063 2283 4110 sunt.
2311 4050 2376 4107 In
2403 4052 2562 4120 ﬁnem
2582 4037 2678 4118 p'ro
2701 4037 3027 4113 susceptione
3053 4037 3336 4093 matutina.

1945 4300 1965 4333 ι
1995 4279 2162 4345 Deus,
2192 4277 2338 4334 Deus
2370 4291 2547 4342 meus,
2575 4272 2787 4343 respice
2815 4272 2871 4326 in
2899 4284 3015 4336 me;
3050 4282 3221 4338 quare
3239 4279 3325 4321 me
3353 4264 3447 4320 de-

1867 4372 2191 4444 reliquisti?
2238 4372 2397 4442 longe
2434 4384 2466 4423 a
2513 4367 2691 4423 salute
2737 4379 2858 4418 mea
2910 4361 3074 4416 verba
3122 4358 3447 4413 delictorum

1869 4479 2141 4521 meorum.
2174 4461 2320 4518 Deus
2368 4474 2545 4524 mcus,
2586 4455 2835 4512 clamabo
2871 4468 2967 4524 per
3006 4451 3148 4506 diem
3191 4449 3259 4503 ad
3290 4455 3363 4511 te,
3397 4454 3453 4502 et

195 4548 392 4625 ἡμέρας
586 4528 669 4619 σε,
700 4558 795 4612 καὶ
824 4528 926 4613 οὐκ
957 4528 1283 4632 είσακιιύσῃἰ
1323 4528 1416 4614 καί
1440 4528 1650 4626 νυκτὸς,
1670 4528 1759 4615 καί

1871 4574 1982 4613 non
2014 4554 2306 4618 exaudies;
2340 4560 2394 4607 et
2430 4566 2529 4622 per
2557 4557 2798 4611 noctem,
2835 4553 2888 4600 et
2928 4559 3037 4599 non
3083 4542 3150 4597 ad
3186 4539 3452 4611 insipien-

194 4644 286 4699 οὐκ
326 4650 404 4712 εἰς
448 4650 640 4705 ἄνοιαν
686 4651 832 4722 ἐμοί.
868 4652 940 4705 Σὺ
993 4652 1050 4706 δὲ
1095 4653 1153 4705 ὲν
1201 4652 1379 4722 ἁγίοις
1411 4656 1707 4721 κατοικεῖς,
1735 4655 1765 4706 ὀ

195 4731 399 4804 ἔπαινος
448 4741 547 4795 τοῦ
589 4742 821 4815 Ἰσραήλ.
850 4743 973 4797 Ἐπὶ
1027 4744 1111 4798 σοὶ
1153 4743 1385 4814 1ἤλπισαν
1427 4747 1477 4799 οἱ
1528 4746 1765 4818 πατέρες

198 4826 358 4899 ἡμῶν,
390 4832 647 4905 ῆλπισαν,
687 4835 782 4888 καὶ
825 4834 1042 4907 ὲρῤύσω
1087 4837 1300 4900 αὐτούς.
1342 4837 1486 4908 Πρὸς
1535 4839 1595 4890 σὲ
1641 4838 1765 4892 ἐκέ-

198 4918 407 4991 κραξαν,
439 4925 537 4979 καὶ
564 4925 845 4998 ἐσώθησαν
864 4944 878 4956 ·
912 4927 1006 4980 ἐπὶ
1040 4929 1123 4980 σο).
1148 4928 1403 4999 ἤλπισαν,
1431 4929 1524 4982 καὶ
1549 4930 1609 4982 ού
1640 4947 1768 4983 κατ’

199 5015 552 5088 ῃσχύνθησαν.
570 5017 712 5089 Ἐγὼ
741 5019 800 5072 δέ
843 5022 958 5091 είμι
995 5018 1230 5091 σκώληξ,
1258 5022 1351 5076 καὶ
1400 5022 1502 5076 οὐκ
1558 5023 1767 5095 ἄνθρω-

200 5122 308 5172 πος,
340 5111 538 5178 ὄνειδος
568 5113 890 5187 ἀνθρώπων,
920 5117 1015 5171 καὶ
1067 5117 1314 5189 ὲξουδὲνη
1324 5135 1400 5188 μα
1443 5117 1595 5174 λαοῦ.
1625 5118 1765 5175 Πάν-

198 5213 280 5262 τες
313 5204 361 5254 oi
402 5204 734 5278 θεωροῦντες
791 5225 857 5280 με
903 5209 1341 5281 ὲξεμυκτήρισάν
1374 5228 1461 5281 με,
1498 5211 1766 5283 ἐλάλησαν

201 5286 253 5343 ἑν
290 5293 540 5363 χείλεσιν,
590 5298 849 5369 ἐκίνησαν
901 5299 1173 5370 κεφαλήν·
1210 5300 1473 5354 Ἤλπισεν
1519 5302 1613 5355 ἐπὶ
1649 5303 1766 5358 Κύ-

203 5396 325 5451 ριον,
361 5389 612 5457 ῥυσάσθω
634 5390 816 5448 αὐτὸν.
847 5392 1075 5446 σωσάτω
1102 5392 1284 5458 αὑτὸν,
1308 5393 1388 5447 ὅτι
1412 5394 1553 5449 θέλει
1580 5397 1762 5453 αὐτόν.

203 5472 312 5529 ὀτι
345 5480 407 5533 σὺ
440 5477 494 5534 εἴ
536 5483 565 5534 ὁ
610 5482 896 5547 ὲκσπάσας
926 5501 993 5555 με
1038 5486 1102 5537 ὲκ
1128 5487 1368 5557 γαστρδς
1408 5487 1442 5558 η
1474 5486 1627 5552 ἐλπίς
1662 5506 1762 5559 μου

571 5575 671 5646 τῆς
702 5575 907 5674 μητρός
942 5570 1205 5646 μου.Ἐπὶ
1249 5578 1308 5630 σὲ
1354 5580 1655 5653 ἐπερρίιρην
1701 5584 1765 5636 ὲκ

204 5665 425 5732 μήτρας,
454 5665 562 5718 ἀπὸ
606 5668 840 5737 γαστρὸς
878 5666 1082 5740 μητρός
1116 5686 1218 5740 μου
1264 5670 1395 5735 Θεός
1433 5689 1533 5745 μου
1580 5669 1630 5728 εἴ
1680 5673 1766 5729 σύ.

266 5836 309 5870 ⁸⁸
343 5836 497 5897 Joan.
532 5859 619 5910 1v,
655 5844 738 5900 10.

1871 4653 2005 4706 tiam
2038 4649 2188 4705 mihi.
2218 4645 2298 4701 Tu
2330 4652 2510 4700 autem
2545 4643 2599 4697 in
2625 4640 2832 4697 sanctis
2852 4637 3090 4701 habitas,
3115 4637 3237 4690 laus
3261 4632 3450 4690 Israel.

1872 4743 1929 4799 In
1961 4752 2011 4799 te
2039 4746 2399 4813 speraverant
2428 4744 2613 4807 patres
2657 4732 2856 4797 nostri,
2889 4735 3268 4802 speraverunt,
3301 4732 3357 4780 et
3389 4723 3453 4778 li-

1874 4834 2077 4891 berasti
2112 4848 2228 4887 eos.
2258 4828 2337 4883 Ad
2368 4836 2423 4883 te
2448 4827 2847 4886 clamaverunt,
2878 4830 2933 4877 et
2972 4820 3109 4875 salvi
3145 4817 3272 4872 facti
3304 4823 3453 4871 sunt.

1876 4927 1932 4982 ln
1965 4935 2017 4981 te
2046 4928 2429 4995 speraverunt,
2458 4926 2513 4975 et
2544 4933 2656 4972 non
2684 4921 2814 4974 sunt
2843 4910 3082 4977 confusi,
3115 4908 3229 4980 Ego
3271 4916 3453 4962 autem

1877 5036 1997 5076 sum
2025 5016 2229 5073 vermis
2256 5022 2311 5071 et
2339 5029 2451 5069 non
2479 5006 3056 5079 homo;.opprobrium
3089 5003 3371 5058 hominum
3402 5007 3456 5055 et

1875 5111 2115 5181 abjectio
2157 5107 2354 5179 plebis.
2401 5103 2607 5160 Omnes
2647 5102 2896 5157 videntes
2934 5114 3043 5161 me,
3078 5096 3456 5152 subsannave-

1870 5213 2001 5259 runt
2022 5219 2129 5268 me,
2154 5201 2319 5256 locuti
2348 5206 2478 5254 sunt
2506 5197 2686 5261 labiis,
2714 5203 2769 5251 et
2789 5199 3076 5247 moverunt
3104 5197 3287 5259 caput.
3320 5184 3456 5257 Sper

1870 5300 2012 5354 ravit
2040 5296 2095 5350 in
2120 5293 2353 5349 Domino
2388 5311 2399 5345 :
2433 5290 2631 5360 eripiat
2661 5304 2811 5352 eum,
2843 5286 3052 5342 salvum
3111 5281 3275 5335 faciat
3305 5294 3453 5340 eum,

1873 5393 2129 5464 quoniam
2160 5389 2277 5444 vult
2316 5403 2463 5451 eum,
2504 5384 2761 5455 quoniam
2804 5388 2859 5434 tu
2908 5394 2990 5441 es,
3022 5376 3114 5448 qui
3167 5372 3451 5453 extraxisti

1873 5484 2054 5543 mede
2094 5491 2320 5550 ventre;
2354 5496 2480 5550 spes
2509 5492 2627 5532 mea
2667 5476 2735 5530 ab
2776 5472 3038 5528 uberibus
3069 5468 3264 5524 matris
3299 5478 3453 5527 mea,

1873 5578 1931 5634 ln
1957 5585 2013 5635 te
2043 5576 2323 5649 proiectus
2355 5587 2476 5628 sum
2496 5587 2559 5626 cx
2583 5568 2760 5623 utero.
2787 5565 2860 5621 De
2888 5571 3080 5618 ventre
3102 5559 3295 5615 matris
3323 5569 3457 5615 mea:

1868 5674 2015 5731 Deus
2040 5685 2197 5728 meus
2223 5683 2281 5725 es
2312 5676 2393 5732 tu,
2419 5679 2489 5723 nc
2512 5658 2840 5717 discesseris
2864 5673 2894 5711 a
2926 5672 3033 5718 me,
3059 5653 3319 5725 quoniam
3350 5649 3456 5711 ω.
