3830 6260
394 337 523 394 ’739

1086 335 1353 390 EUSEBII
1391 334 1874 392 CAESARIENSIS
1923 335 1984 393 Ol

2114 335 2295 393 PARS
2338 336 2399 393 ιι.
2442 324 2510 378 -4
2548 332 3046 411 APOLOGETICA.
3523 344 3613 404 rso

416 451 629 510 hulatio
654 453 900 523 proxima
927 459 1032 520 est,
1063 452 1323 522 quoniam
1368 467 1476 507 non
1506 460 1589 513 est
1618 453 1712 522 qui
1739 453 1974 529 adjuvet.

2089 455 2172 526 Μὴ
2221 456 2461 525 ἀποστῇς
2515 454 2609 507 ἀπ’
2638 452 2796 523 ἐμοῦ,
2841 454 2921 506 ὅτι
2973 452 3147 519 Θλίψις
3196 454 3377 522 ἐγγὺς,
3410 455 3485 508 δτι
3530 459 3614 512 οὐκ

408 545 907 603 Circulndederunt
943 560 1029 599 me
1055 544 1213 598 vituli
1242 545 1434 612 multi;
1463 546 1602 601 tauri
1635 547 1863 617 pingues
1889 545 1983 600 ob-

416 635 680 693 sederunt
705 649 812 690 me.
842 634 1187 704 Aperuerunt
1213 649 1379 704 super
1407 649 1493 689 me
1517 648 1580 689 os
1603 649 1784 701 suum,
1811 641 1870 687 ut
1895 633 1980 689 leo

418 730 637 798 rapiens
671 734 724 781 et
750 727 993 797 rugiens.
1027 724 1181 782 Sicut
1209 740 1350 796 aqua
1384 726 1588 785 effusus
1616 740 1759 790 sum,
1798 732 1852 781 et
1896 724 1983 779 di-

416 836 608 890 spersa
638 827 767 876 sunt
799 818 982 874 omnia
1008 835 1134 877 ossa
1167 835 1307 876 mea.
1336 818 1562 874 Factum
1583 828 1775 875 estcor
1802 833 1982 873 meum

415 916 679 981 tanquam
723 928 850 967 cera
898 912 1228 983 liquescens,
1260 915 1315 967 in
1368 910 1548 966 medio
1598 909 1805 966 ventris
1854 909 1979 966 mei.

412 1003 574 1062 Aruit
613 1013 871 1074 tanquam
898 1012 1038 1061 testa
1066 1005 1240 1061 virtus
1270 1017 1408 1058 mea.
1436 1001 1503 1055 Et
1533 1000 1714 1073 lingua
1739 1015 1857 1056 mea
1888 998 1984 1071 atl-

416 1097 574 1152 hwsit
601 1098 808 1167 gutturi
832 1112 974 1161 meo,
1006 1104 1059 1152 et
1091 1097 1145 1151 in
1183 1097 1458 1166 pulverem
1491 1096 1682 1154 mortis
1710 1091 1983 1148 deduxisti

415 1203 503 1243 me
548 1204 561 1239 :
607 1186 771 1260 5,90
820 1189 1081 1258 quoniam
1146 1185 1630 1241 circumdederunt
1678 1198 1763 1238 me
1815 1195 1983 1237 canes

416 1282 595 1337 multi.
627 1282 991 1353 Congregatio
1027 1280 1438 1350 malignantium
1473 1275 1687 1333 obsedit
1728 1291 1837 1331 me.
1876 1272 1983 1329 Fo-

414 1375 615 1429 derunt
638 1390 832 1429 manus
855 1390 1004 1429 meas
1024 1381 1078 1429 et
1101 1374 1263 1443 pedes
1286 1386 1436 1427 meos
1464 1368 1984 1424 :dinumeraverunt

415 1467 597 1521 omnia
632 1480 758 1520 ossa
788 1480 926 1520 mea.
958 1463 1067 1535 Ipsi
1113 1479 1242 1518 vero
1272 1462 1777 1523 consideraverunt,
1817 1466 1872 1515 et
1896 1460 1983 1514 in-

416 1563 719 1627 spexerunt
751 1570 836 1610 me
866 1572 878 1606 :
912 1554 1219 1609 diviserunt
1249 1553 1575 1607 vestimenta
1605 1564 1723 1604 mea
1766 1550 1892 1614 sibi,
1927 1556 1985 1605 et

416 1663 584 1721 super
610 1654 813 1711 vestem
849 1662 1024 1701 meam
1073 1647 1342 1699 miserunt
1392 1655 1614 1699 sortem.
1650 1643 1732 1699 Tu
1776 1652 1979 1710 autem,

414 1736 664 1803 Domine,
702 1752 771 1791 ne
806 1735 999 1807 procul
1040 1750 1295 1789 amoveas
1332 1732 1599 1788 auxilium
1647 1747 1847 1787 meum.
1898 1729 1982 1785 Ad

414 1828 819 1898 susceptionem
874 1843 1051 1881 meam
1087 1826 1316 1896 respice.
1352 1824 1514 1893 Eripe
1559 1840 1591 1879 a
1625 1822 1830 1880 framea
1862 1824 1981 1878 ani-

413 1933 557 1981 mam
590 1934 786 1989 meam,
819 1926 955 1977 etex
985 1933 1149 1973 manu
1172 1917 1325 1972 canis
1354 1916 1569 1971 unicam
1593 1931 1788 1972 meam.
1822 1915 1982 1970 Salva

412 2026 500 2080 rue
529 2025 589 2065 ex
624 2025 720 2075 ore
751 2010 946 2072 leonis,
979 2016 1034 2063 et
1066 2026 1096 2063 a
1132 2010 1393 2066 cornibus
1427 2008 1773 2064 unicornium
1804 2006 1983 2060 humi-

402 2102 623 2165 litatem
680 2117 876 2158 meam.
933 2100 1178 2157 Narrabo
1244 2117 1444 2157 nomen
1506 2108 1660 2156 tuum
1717 2098 1981 2154 fratribus

411 2193 570 2249 meis.
603 2192 660 2248 ln
714 2192 892 2248 medio
942 2193 1201 2248 Ecclesia:
1252 2193 1486 2249 laudabo
1530 2202 1602 2249 te.
1646 2191 1750 2258 Qui
1780 2190 1982 2246 timetis

411 2283 725 2352 Dominum,
754 2283 975 2339 laudate
1003 2300 1148 2351 eum,
1185 2283 1357 2340 Omne
1389 2299 1575 2341 semen
1610 2281 1781 2339 Jacob
1812 2282 1981 2352 glori-

412 2375 568 2439 licate
594 2391 743 2431 eum.
777 2375 1025 2431 Timeant
1055 2392 1179 2431 eum
1214 2390 1377 2431 omne
1404 2392 1590 2432 semen
1616 2374 1783 2430 Israel
1809 2390 1823 2440 ;
1855 2388 1984 2444 quo-

413 2469 560 2537 niam
597 2483 708 2523 non
741 2469 967 2538 sprevit,
994 2484 1171 2539 neque
1201 2469 1429 2524 moleste
1464 2468 1591 2523 tulit
1638 2465 1982 2538 deprecatio-

413 2575 535 2614 nem
568 2560 847 2632 pauperis,
880 2575 1057 2629 neque
1079 2560 1275 2615 avertit
1324 2558 1518 2614 faciem
1551 2573 1705 2614 suam
1733 2574 1763 2612 a
1794 2572 1901 2620 me,
1929 2562 1983 2611 et

413 2668 538 2707 cum
595 2652 887 2708 clamarem
936 2652 1005 2708 ad
1034 2667 1182 2715 eum,
1221 2651 1501 2709 exaudivit
1549 2666 1653 2704 me.
1685 2648 1731 2702 Α
1764 2656 1817 2705 te
1864 2649 1981 2703 laus

410 2759 532 2800 mea
563 2744 614 2811 in
652 2744 895 2805 Ecclesia
937 2760 1151 2815 magna.
1184 2741 1321 2798 Vota
1344 2757 1463 2797 mea
1501 2741 1727 2797 reddam
1767 2741 1821 2793 in
1851 2755 1983 2793 con-

413 2845 604 2908 Spectu
636 2836 942 2893 timentium
974 2852 1119 2891 eum.
1164 2833 1463 2899 Comedent
1491 2848 1779 2905 pauperes,
1812 2839 1866 2887 et
1895 2848 1983 2887 sa-

412 2913 767 2991 ttIrabuntur,
795 2937 848 2981 et
882 2926 1185 2980 laudabunt
1220 2924 1531 2989 Dominum,
1563 2923 1655 2994 qui
1696 2923 1983 2987 requirunt

413 3038 537 3078 eum
568 3038 581 3072 :
610 3021 796 3077 vivent
823 3018 989 3074 corda
1011 3032 1199 3072 eorum
1250 3018 1305 3070 in
1346 3015 1606 3071 saeculum
1641 3014 1846 3071 sazculi.
1874 3013 1977 3071 Re-

414 3115 777 3169 miuiscentur
812 3120 875 3169 et
908 3117 1299 3165 convertentur
1343 3109 1411 3163 ad
1453 3108 1741 3162 Dominum
1790 3123 1981 3178 omnes

417 3205 553 3279 lines
586 3214 763 3268 terrae,
803 3212 860 3259 et
910 3202 1217 3257 adorabunt
1253 3202 1308 3255 in
1360 3209 1659 3270 conspectu
1688 3199 1808 3270 ejus
1859 3200 1983 3253 uni-

415 3312 587 3367 versa:
622 3296 840 3351 familia:
882 3298 1162 3366 gentium;
1196 3292 1455 3363 quoniam
1509 3288 1725 3344 Domini
1770 3297 1856 3345 est
1896 3305 1983 3344 re-

414 3404 604 3465 gnum,
644 3397 698 3443 et
725 3389 843 3458 ipse
886 3385 1200 3441 dominatur
1229 3384 1520 3455 gentibus;
1554 3381 1910 3438 comederunt
1932 3389 1987 3436 et

416 3482 784 3548 adoravcruut
828 3493 1021 3533 omnes
1075 3477 1305 3548 pingues
1349 3481 1531 3541 terrae,
1578 3472 1637 3527 in
1688 3480 1985 3543 conspectu

415 3574 538 3641 ejus
601 3571 957 3648 prolabentur
1011 3584 1225 3635 omnes,
1267 3568 1360 3639 qui
1400 3565 1741 3623 descendunt
1788 3565 1845 3619 in
1877 3574 1989 3627 tere

418 3681 556 3737 ram,
589 3672 643 3719 et
666 3666 849 3718 anima
898 3679 1014 3717 mea
1049 3662 1124 3716 illi
1158 3662 1313 3725 vivit,
1353 3667 1409 3714 et
1448 3675 1636 3718 semen
1668 3674 1846 3714 meum
1872 3673 1989 3713 ser-

414 3757 525 3811 viet
563 3757 633 3820 ei,
671 3756 1088 3811 annuntiabitur
1134 3753 1366 3813 Domino
1405 3753 1684 3824 generatio
1735 3757 1984 3814 ventura,

414 3857 470 3903 et
496 3850 901 3904 annuntiabunt
930 3848 1199 3918 justitiam
1223 3848 1347 3918 ejus
1371 3847 1573 3918 populo
1590 3845 1682 3915 qui
1706 3849 1985 3907 nascetur,

412 3954 576 4007 quem
611 3939 739 3993 fecit
768 3939 1145 4013 Dominus“.i
1180 3938 1316 3994 lllud
1348 3938 1570 4010 quidem
1605 3935 1808 3999 «Deus,
1845 3931 1987 3989 Deus

416 4044 591 4096 meus,
622 4032 834 4100 respice
862 4032 916 4085 in
947 4047 1054 4098 me,
1093 4046 1264 4102 quare
1289 4028 1625 4103 dereliquisti
1656 4028 1778 4082 me?
1798 4046 1817 4079 ι
1842 4024 1989 4097 quod

415 4121 575 4176 initio
606 4122 799 4193 psalmi
821 4121 1025 4176 dictum
1058 4134 1165 4187 est,
1199 4137 1230 4175 a
1263 4120 1545 4179 Salvatore
1576 4127 1787 4189 nostro,
1824 4125 1883 4172 ut
1905 4125 1989 4171 est

415 4213 559 4283 apud
581 4213 917 4281 Mattbreurn,
951 4214 1072 4285 ipso
1096 4214 1369 4286 passionis
1393 4222 1634 4283 tempore
1649 4210 1854 4265 dictum
1878 4216 1984 4269 est,

417 4305 472 4358 in
525 4305 672 4371 hunc
712 4304 971 4360 modum:
1012 4324 1032 4357 ‹
1064 4305 1109 4358 Α
1152 4313 1306 4360 sexta
1355 4312 1536 4358 autem
1578 4303 1711 4361 hora
1753 4301 1990 4359 tenebra:

417 4396 580 4451 facta:
606 4404 737 4463 sunt
769 4412 935 4469 super
984 4398 1296 4452 universam
1341 4404 1542 4457 terram
1584 4408 1758 4465 usque
1790 4393 1858 4447 ad
1889 4393 1989 4446 bo-

414 4504 533 4542 ram
562 4504 789 4552 nonam,
823 4497 877 4544 et
907 4489 1044 4544 liora
1072 4505 1216 4544 nona
1241 4488 1495 4543 clamavit
1523 4484 1685 4561 Iesus
1724 4501 1856 4540 voce
1882 4500 1991 4555 nia-

414 4597 518 4652 gna
545 4600 560 4636 :
587 4579 784 4643 Eloim,
837 4578 1033 4642 Eloim,
1084 4584 1281 4634 lamma
1322 4577 1707 4641 sabacbtbani,
1747 4575 1892 4646 quod
1920 4591 1987 4631 ex

2085 546 2231 602 ἔστιν
2275 549 2304 600 6
2356 546 2584 616 βοηθῶν.
2625 545 3075 618 Περιεκύκλωσὰν
3108 562 3173 615 με
3205 546 3392 616 μόσχοι
3430 547 3612 613 πολλοὶ,

2082 638 2270 709 ταῦροι
2299 638 2478 701 πίονες
2504 636 2791 709 περιέσχον
2822 635 3170 707 με.”Ηνοιξαν
3199 638 3283 690 ἐπ’
3309 637 3407 708 ἐμὲ
3434 638 3492 692 τδ
3514 641 3617 693 στό-

2085 748 2161 801 μα
2198 729 2397 793 αὐτῶν,
2425 730 2501 793 ὡς
2544 728 2679 782 λέων
2726 726 2985 799 ἁρπάζων
3028 728 3124 783 καὶ
3161 728 3618 801 ὠρυόμενος.Ὢσεὶ

2083 822 2226 894 ὕδωρ
2249 820 2529 893 ἐξεχύθην,
2553 821 2646 874 καὶ
2666 819 3049 892 διεσκορπίσθη
3076 821 3250 875 πάντα
3274 822 3343 876 τὰ
3366 824 3492 877 ὀστᾶ
3512 842 3617 895 μου.

2095 913 2353 985 Ἐγενήθη
2386 915 2416 985 ἡ
2445 913 2642 985 καρδία
2671 930 2770 984 μου
2799 912 2929 966 ὡσεὶ
2949 911 3116 982 κηρὸς
3142 912 3437 983 τηκόμενος
3459 916 3510 967 ὲν
3538 916 3619 985 μὲ-

2084 1020 2160 1074 σῳ
2186 1004 2285 1073 τῆς
2316 1003 2521 1067 κοιλίας
2553 1020 2674 1075 μου.
2693 1001 2990 1074 Ἐξηρόινθη
3020 1001 3093 1064 ὡς
3123 999 3386 1073 ὄστρακον
3430 1004 3462 1074 ή
3490 1004 3619 1074 ἰσχύς

2085 1113 2209 1166 μου,
2238 1096 2331 1149 καὶ
2358 1097 2391 1167 ή
2420 1095 2641 1164 γλῶσσά
2668 1112 2767 1165 μου
2799 1093 3118 1162 κεκόλληται
3143 1093 3221 1165 τῷ
3254 1093 3481 1165 λάρυγγί
3515 1112 3620 1165 μου,

2084 1189 2176 1242 καὶ
2213 1188 2293 1251 είς
2321 1186 2449 1258 χοῦν
2487 1185 2717 1240 θανάτου
2744 1184 3052 1256 κατήγαγες
3084 1202 3149 1255 με
3174 1202 3187 1216 ο
3230 1187 3311 1239 ὅτι
3337 1186 3623 1241 ἐκύκλωσαν

2086 1297 2152 1351 με
2204 1279 2363 1343 κύνες
2412 1279 2619 1345 πολλοὶ,
2647 1278 2934 1348 συναγωγὴ
2982 1278 3427 1350 πονηρευομένων
3488 1296 3623 1349 περι-

2083 1373 2238 1443 έσχον
2271 1370 2600 1443 με.’Ὡρυξαν
2629 1370 2815 1443 χεῖράς
2850 1388 2948 1441 μου
2978 1373 3069 1424 καὶ
3098 1371 3264 1435 πόδας
3319 1387 3439 1441 μου,
3465 1369 3623 1441 ἐξηρί-

2083 1464 2299 1535 θμησαν
2322 1464 2499 1518 πάντα
2526 1463 2594 1517 τὰ
2621 1465 2753 1523 ὁστᾶ
2788 1480 2908 1534 μου.
2928 1463 3085 1516 Δύτοὶ
3113 1463 3171 1515 δὲ
3200 1462 3523 1532 κατενόησαν
3546 1463 3626 1515 καὶ

2083 1556 2293 1610 ἐπεῖδόν
2324 1573 2392 1627 με
2411 1573 2423 1585 ·
2459 1555 2833 1626 διεμερίσαντο
2862 1553 2930 1614 τὰ
2957 1555 3145 1625 ἱμάτιά
3172 1572 3271 1625 μου
3296 1556 3518 1617 ἑαυτοῖς,
3548 1557 3628 1608 καὶ

2084 1648 2176 1701 ἐπὶ
2201 1647 2292 1701 τὸν
2317 1647 2603 1718 ἱματισμόν
2635 1664 2735 1717 μου
2765 1646 2952 1701 ἔϐαλον
2976 1647 3195 1718 κλῆρον.
3223 1647 3297 1699 Σὺ
3335 1646 3413 1710 δὲ,
3457 1647 3625 1717 Κύριε.

2087 1740 2161 1811 μὴ
2198 1739 2478 1812 μακρύνῃς
2521 1738 2619 1810 τὴν
2666 1738 2913 1809 βοήθειάν
2948 1758 3073 1811 μου,
3106 1742 3185 1804 είς
3229 1739 3331 1811 τὴν
3373 1739 3627 1810 ἁντίληψίν

2088 1850 2188 1904 μου
2232 1833 2483 1905 πρόσχες.
2502 1834 2691 1896 Ῥῦσαι
2739 1833 2846 1887 ἀπὸ
2872 1840 2883 1894 ῑ
2894 1833 3162 1905 ῥομφαίας
3201 1834 3302 1905 τὴν
3328 1833 3497 1904 ψυχήν
3524 1851 3625 1903 μου,

2087 1927 2181 1981 καὶ
2222 1926 2286 1979 ἐκ
2330 1925 2509 1997 χειρὸς
2542 1926 2698 1989 κυνὸς
2725 1927 2824 1997 τὴν
2855 1927 3112 1998 μονογενῆ
3144 1942 3267 1997 μου.
3294 1925 3469 1978 Σῶσόν
3499 1941 3557 1994 με
3577 1926 3630 1977 ὲκ

2089 2018 2351 2089 στόματος
2372 2017 2600 2081 λέοντος,
2629 2018 2722 2070 καὶ
2755 2018 2862 2071 ἀπὸ
2882 2018 3121 2089 κεράτων
3153 2018 3530 2090 μονοκερὼτων
3548 2017 3629 2088 τὴν

2089 2110 2410 2164 ταπείνωσίν
2446 2126 2564 2180 μου.
2600 2111 2938 2181 Διηγήσομαι
2965 2110 3027 2163 τὸ
3054 2110 3223 2181 ὄνομά
3254 2128 3349 2163 σου
3382 2113 3487 2173 τοῖς
3510 2108 3633 2164 ἀδελ·

2090 2204 2209 2272 φοῖς
2245 2219 2365 2273 μου,
2394 2203 2450 2254 ὲν
2478 2201 2626 2272 μέσῳ
2664 2201 2985 2274 Ἐκκλησίας
3020 2203 3243 2273 ὑμνήσω
3269 2220 3352 2255 σε.
3383 2204 3445 2255 υί
3472 2201 3632 2271 φοϐού-

2094 2310 2244 2364 μενοι
2268 2292 2358 2346 τὸν
2386 2291 2608 2363 Κύριον,
2642 2291 2891 2345 αἱνέσατε
2917 2292 3109 2345 αὐτόν’
3156 2292 3303 2346 ἆπαν
3344 2290 3404 2344 τὸ
3442 2290 3633 2362 σπέρμα

2102 2384 2313 2448 Ἰακὼϐ,
2353 2383 2609 2451 δοξάσατε
2653 2383 2832 2438 αὐτόν.
2872 2383 3267 2455 Φοϐηθήτωσαν
3308 2383 3468 2437 αὐτὸν
3510 2383 3633 2436 ᾶπαν

2088 2479 2149 2531 τὸ
2179 2477 2400 2548 σπέρμα
2440 2474 2681 2547 Ἰσραήλ*
2711 2476 2791 2529 ὅτι
2817 2476 2915 2529 οὐκ
2941 2474 3293 2542 ὲξουδένωσεν
3331 2474 3449 2529 οὐδὲ
3493 2490 3635 2547 προσ-

2089 2566 2288 2639 ώχθισε
2325 2569 2390 2638 τῇ
2422 2566 2602 2637 δεήσει
2648 2564 2739 2619 τοῦ
2790 2565 3041 2637 πτωχοῦ,
3088 2565 3208 2619 οὐδὲ
3251 2564 3553 2636 ἀπέστρεψε
3584 2565 3634 2619 τδ

2090 2659 2378 2731 πρόσωπον
2404 2656 2568 2712 αὑτοῦ
2608 2657 2701 2711 ἀπ’
2733 2657 2886 2728 ἐμοῦ,
2919 2657 3013 2710 καὶ
3039 2658 3096 2711 ἐν
3122 2656 3199 2726 τῷ
3228 2655 3551 2727 κεκραγέναι
3579 2670 3634 2726 με

2089 2751 2226 2822 πρὸς
2254 2750 2432 2816 αὐτὸν,
2463 2749 2745 2821 εἰσήκουσέ
2782 2765 2902 2819 μου.
2934 2748 3093 2821 Παρὰ
3114 2748 3206 2801 σοῦ
3235 2749 3264 2800 6
3296 2747 3509 2811 ἔπαινός
3550 2761 3634 2816 μου

2089 2845 2146 2895 ἐν
2196 2842 2488 2915 Ἐκκλησία
2524 2842 2733 2915 μεγάλῃ
2754 2859 2765 2871 ·
2799 2840 2897 2905 τὰς
2929 2841 3090 2912 εὐχάς
3139 2857 3237 2911 μου
3286 2836 3539 2892 ἀποδώσω
3565 2838 3636 2888 ὲν-

2088 2934 2256 2989 ώπιον
2286 2934 2392 2987 τῶν
2417 2934 2578 3004 φοϐον
2587 2935 2762 3005 μένων
2796 2932 2974 2988 αὐτόν.
3001 2934 3266 3000 Φάγονται
3302 2931 3540 2999 πένητες,
3560 2928 3637 2980 καὶ

2088 3025 2581 3099 ὲμπλησθήσονται,
2614 3029 2705 3081 καὶ⁵
2749 3028 3016 3081 αίνέσουσι
3060 3025 3263 3097 Κύριον
3297 3026 3346 3078 οἱ
3372 3021 3636 3089 ὲκζητοῦν-

2088 3139 2178 3186 τες
2206 3121 2394 3175 αὐτόν·
2424 3118 2678 3192 ζήσονται
2708 3123 2764 3175 αι
2795 3119 3014 3189 καρδίαι
3043 3118 3221 3172 αὐτῶν
3259 3117 3346 3181 εἰς
3375 3115 3539 3171 αἰῶνα
3558 3111 3637 3165 τοῦ

2089 3214 2300 3277 αίῶνος.
2365 3212 2780 3284 Μνησοήσονται
2834 3211 2925 3265 καὶ
2984 3209 3479 3280 ὲπιστραφήσονται
3522 3202 3638 3276 πρὸς

2089 3305 2290 3377 Κύριον
2316 3304 2493 3358 πάντα
2518 3303 2587 3357 τὰ
2615 3302 2829 3373 πέρατα
2855 3302 2955 3372 τῆς
2978 3300 3103 3371 γῆς,
3133 3300 3228 3365 καὶ
3256 3300 3637 3373 προσκυνήσου-

2090 3414 2171 3451 σιν
2204 3394 2429 3451 ὲνὼπιον
2463 3395 2623 3450 αὐτοῦ
2657 3397 2825 3448 πᾶσαι
2865 3396 2921 3446 αἱ
2955 3393 3184 3463 πατριαὶ
3206 3390 3318 3453 τῶν
3351 3388 3543 3443 ἐθνῶν⁸
3568 3388 3637 3440 ὅτι

2086 3488 2180 3543 τοῦ
2229 3488 2434 3559 Κυρίου
2490 3490 2524 3559 ἡ
2573 3486 2834 3557 βασιλεία,
2896 3484 2989 3539 καὶ
3044 3483 3205 3546 αὐτὸς
3257 3482 3500 3547 δεσπόζει
3546 3478 3637 3532 τῶν

2088 3578 2525 3649 ὲθνῶν.Ἔφαγον
2566 3579 2661 3632 καί⁵
2693 3577 3104 3649 προσεκύνησαν
3150 3576 3355 3639 πάντες
3400 3576 3447 3627 οἱ
3480 3572 3638 3632 πίονες

2087 3671 2184 3741 τῆς
2206 3670 2328 3741 γῆς,
2358 3668 2586 3724 ἐνώπιον
2611 3667 2775 3722 αὐτοῦ
2809 3666 3249 3738 προσπεσοῦνται
3272 3667 3471 3726 πάντες
3494 3663 3537 3715 οἱ
3557 3677 3640 3712 και

2088 3746 2434 3823 ταϐαίνοντες
2463 3761 2542 3823 είς
2579 3759 2677 3829 τὴν
2707 3758 2828 3829 γῆν.
2860 3758 2969 3811 Καὶ
2996 3758 3029 3827 ή
3053 3757 3195 3826 ψυχή
3249 3772 3353 3824 μου
3402 3751 3542 3821 αὐτῷ
3562 3750 3635 3820 ζῇ,

2088 3854 2182 3907 καὶ
2215 3853 2276 3906 τὸ
2316 3852 2535 3924 σπέρμα
2572 3869 2672 3923 μου
2717 3849 2990 3902 δουλεύσει
3023 3847 3190 3927 αὐτῷ.
3210 3845 3640 3915 Ἀναγγελήσεται

2087 3945 2165 4016 τῷ
2200 3945 2388 4017 Κυρίῳ
2435 3944 2595 4015 γενεὰ
2625 3946 2658 4013 ἡ
2695 3942 2985 4015 ἐρχομένη,
3030 3941 3123 3993 καὶ
3162 3936 3519 4011 ἀναγγελοῦσι
3555 3934 3639 4003 τὴν

2087 4037 2434 4107 δικαιοσύνην
2456 4034 2620 4089 αὐτοῦ
2652 4034 2766 4105 λαῷ
2796 4032 2874 4105 τῷ
2895 4029 3299 4107 τεχθησομένῳ,
3325 4029 3385 4081 ὃν
3414 4025 3641 4095 ἐποίησεν

2086 4131 2116 4182 6
2148 4129 2369 4201 Κύριος.
2402 4148 2420 4180 ι
2455 4127 2547 4189 Τὸ,
2581 4144 2600 4176 ‹
2622 4127 2679 4179 '0
2725 4124 2855 4187 Θεός
2890 4140 3011 4195 μου,
3042 4120 3278 4193 πρόσχες
3335 4135 3425 4189 μοι
3449 4134 3462 4148 ·
3495 4117 3575 4169 ἵνα
3597 4112 3641 4165 τί

2088 4218 2442 4289 ἐγκατέλιπές
2483 4234 2577 4289 με;
2610 4236 2628 4269 ι
2656 4218 2712 4270 ἐν
2740 4217 2935 4288 ἀρχαῖς
2966 4212 3059 4268 τοῦ
3090 4210 3304 4283 ψαλμοῦ
3352 4209 3638 4277 λεγόμενον,

2090 4305 2230 4369 κατὰ
2260 4310 2351 4363 τὸν
2379 4309 2652 4363 Ματθαῐον
2682 4307 2785 4360 ὑπὸ
2817 4304 2910 4358 τοῦ
2938 4302 3188 4373 Σωτῆρος
3212 4304 3246 4372 ὴ
3256 4299 3374 4372 μῶν
3403 4297 3543 4369 παρὰ
3562 4294 3641 4348 τὸν

2089 4403 2183 4455 τοῦ
2217 4402 2435 4467 -πάθους
2487 4400 2674 4471 καιρὸν
2721 4398 2891 4460 οὕτως
2934 4394 3177 4466 εἴρηταιο
3224 4412 3243 4443 ε
3270 4390 3560 4461 Γενομένης
3593 4385 3641 4438 δὲ

2090 4493 2239 4566 ὥρας
2283 4493 2469 4562 ἕκτης,
2499 4492 2685 4557 σκότος
2732 4489 2947 4558 ἐγένετο
2986 4485 3072 4557 ἐφ’
3101 4485 3229 4555 ὅλην
3276 4481 3375 4553 τὴν
3396 4480 3517 4549 γῆν,
3553 4477 3641 4566 ἕως

2091 4564 2240 4658 ὥρας
2270 4584 2528 4653 ὲννάτης·
2559 4583 2652 4649 καὶ
2692 4584 2758 4659 τῇ
2806 4578 2997 4650 ὲννάτῃ
3045 4574 3162 4649 ὥρᾳ
3199 4572 3424 4644 ὲὸόησεν
3464 4564 3642 4638 Ἰησοῦς

414 4672 867 4742 interpretatione
890 4681 1008 4728 est:
1031 4671 1199 4739 Deus,
1231 4672 1373 4727 Deus
1413 4687 1590 4735 meus,
1621 4685 1791 4741 quare
1832 4668 1984 4724 dere-

2092 4681 2241 4750 φωνῇ
2280 4674 2522 4749 μεγάλῃ·
2563 4671 3081 4751 Ἐλωεὶμ,Ἐλωεὶμ,
3107 4668 3304 4739 λαμμᾶ
3335 4659 3640 4751 σαϐαχθανὶ,

414 4763 625 4833 liquisti
658 4764 833 4819 me"?
867 4784 886 4815 ι
927 4774 1149 4834 accepta
1180 4779 1308 4819 vero
1351 4770 1479 4819 sunt
1518 4761 1783 4817 Hebraica
1822 4761 1989 4825 verba

413 4873 479 4912 ex
515 4872 601 4920 ea,
639 4872 760 4926 quae
789 4871 934 4911 nunc
964 4865 1049 4917 est
1087 4856 1142 4910 in
1172 4855 1424 4911 manibus
1470 4854 1772 4926 prophetia.
1809 4850 1991 4923 Siqui-

414 4949 539 5003 dem
582 4948 668 5011 vel
714 4948 906 5003 iisdem
958 4948 1185 5019 syllabis
1229 4948 1365 5002 illud
1415 4948 1597 5017 ipsum
1635 4963 1647 4996 :
1697 4962 1716 4996 ι
1754 4943 1838 5009 Eli
1883 4943 1987 5004 Eli,

413 5039 612 5094 lamma
635 5038 1015 5107 sabachthani,
1042 5060 1061 5092 ι
1092 5039 1247 5110 initio
1266 5038 1460 5109 psalmi
1482 5037 1815 5100 continetur;
1843 5034 1987 5105 quod

414 5131 610 5201 Aquila
648 5131 703 5187 in
741 5131 889 5187 hunc
928 5131 1150 5186 modum
1201 5131 1592 5200 interpretatus
1640 5138 1768 5184 est:
1803 5147 1820 5179 ι
1853 5126 1989 5181 For-

413 5223 488 5276 tis
542 5239 718 5289 meus,
767 5224 926 5283 fortis
988 5240 1182 5301 meus,
1232 5239 1404 5294 quare
1449 5220 1794 5292 dereliquisti
1849 5219 1989 5274 me!

413 5312 575 5386 491
616 5314 787 5373 Porro
812 5316 958 5386 quod
992 5317 1106 5374 haec
1135 5315 1380 5374 eamdem
1427 5320 1550 5369 cum
1589 5314 1677 5376 iis,
1712 5327 1831 5382 quae
1859 5326 1986 5382 pas-

416 5405 589 5459 sionis
640 5415 883 5477 tempore
935 5422 965 5459 a
1028 5405 1309 5461 Salvatore
1364 5413 1551 5469 nostro
1617 5404 1762 5459 dicta
1820 5410 1984 5466 sunt,

418 5491 652 5552 habeant
683 5497 814 5559 vim,
853 5514 1012 5553 nemo
1053 5500 1240 5568 utique
1286 5497 1583 5567 negaverit.
1615 5495 1855 5566 Tempus
1888 5494 1989 5564 igi-

419 5592 509 5639 tur
532 5589 646 5656 jam
680 5606 827 5644 nunc
858 5592 1019 5646 fuerit
1062 5595 1331 5662 psalmum
1385 5593 1563 5662 ipsum
1609 5593 1816 5663 absque
1850 5607 1985 5646 con-

419 5681 686 5734 πονοι-εἰει
710 5679 777 5732 ad
808 5683 975 5736 alium
1006 5684 1214 5738 nullum
1246 5682 1470 5746 referre,
1496 5697 1656 5752 quam
1690 5682 1755 5735 ad
1789 5681 1940 5735 illum
1970 5702 1985 5738 :

488 5769 532 5799 ⁸⁵
570 5769 717 5826 Psal.
754 5786 877 5840 xxx,
908 5773 1061 5827 2-52.
1141 5774 1183 5805 ⁸⁷
1227 5774 1417 5831 Matth.
1451 5789 1636 5837 xxvn,
1712 5773 1897 5836 πλεο.

2088 4748 2117 4825 ὅ
2146 4748 2260 4823 ἐστι
2301 4748 2836 4841 μεθερμηνευόμενον
2857 4781 2870 4794 ’
2908 4764 2967 4816 '0
2991 4761 3140 4825 Θεὸς,
3163 4761 3190 4813 ό
3215 4758 3347 4820 Θεός
3370 4774 3489 4828 μου,
3505 4753 3585 4805 ’ίνα
3597 4748 3641 4841 τί

2091 4839 2444 4933 ἐγκατέλιπές
2473 4876 2573 4930 με;
2613 4877 2631 4908 ι
2666 4857 2918 4928 εἴληπται
2959 4854 3015 4907 δὲ
3042 4855 3074 4923 ἡ
3103 4849 3365 4922 Ἐὅραῖκὴ
3393 4846 3530 4909 λέξις
3553 4839 3643 4933 ἀπὸ

2090 4930 2188 5024 τῆς
2219 4953 2275 5004 ἐν
2304 4950 2461 5022 χερσὶ
2486 4947 2839 5020 προφητείας,
2870 4946 3065 5008 Δύταῖς
3091 4942 3219 5012 γοῦν
3253 4937 3537 4998 ωλλαόαῖς
3572 4930 3641 4993 τὸ,

2098 5063 2116 5095 ι
2141 5040 2493 5107 Ἡλεὶ,”Ηλεὶ,
2518 5039 2709 5109 λαμ.μᾶ
2734 5034 3050 5106 σαϐαχθανὶ,
3075 5054 3093 5085 ι
3125 5037 3158 5104 ή
3180 5030 3271 5086 τοῦ
3294 5024 3507 5100 ψαλμοῦ
3537 5036 3641 5075 κατ·

2094 5138 2237 5210 αρχὴ
2269 5134 2533 5208 περιέχει,
2550 5134 2686 5203 ὅπερ
2703 5132 2732 5184 ὀ
2759 5130 2990 5193 Ἀκύλας
3008 5126 3195 5181 τοῦτον
3241 5123 3545 5210 ἡρμήνευσε
3566 5110 3642 5210 τδν

2392 5202 2601 5297 Ἰσχυρέ
2628 5202 2748 5295 μου,
2778 5224 2894 5292 ίσχυ
2904 5221 2962 5293 ρέ
2990 5237 3109 5291 μου,
3134 5219 3221 5271 ἴνα
3241 5215 3290 5268 τί
3311 5202 3641 5300 ὲγκατὲλιπέξ

2098 5290 2199 5392 pe;
2235 5341 2252 5372 ι
2287 5290 2652 5372 Ταῦτατδεόττι
2680 5290 2791 5378 τοίς
2950 5290 3043 5364 τοῦ
3075 5308 3324 5379 Σωτῆρος
3351 5300 3503 5374 ἡμῶν
3519 5290 3642 5351 κατᾶ

2093 5414 2185 5465 τὸν
2196 5409 2503 5480 τοῦοπάθους
2520 5408 2707 5478 καιρὸν
2723 5409 2842 5485 είρη
2852 5405 3028 5478 μένοις
3048 5394 3482 5468 ἰσοδυναμεῖ,πᾶς
3495 5392 3642 5485 ὁστισο

2095 5503 2188 5560 οῦν
2233 5472 2561 5574 ὁμολογήσαι
2598 5472 3139 5568 ἆν.”Ωρα,τοιγαροῦν
3164 5484 3539 5574 ἀναμφιλόγως
3567 5472 3642 5528 τὶν

2094 5571 2306 5666 ψαλμδν
2331 5594 2437 5648 οὐδ’
2456 5571 2555 5663 ’ἐφ’
2580 5593 2763 5664 ἕτερον
2790 5590 2823 5661 ἢ
2850 5588 2944 5641 ἐπὶ
2976 5587 3131 5658 μόνον
3161 5580 3321 5636 αὑτὸν
3354 5571 3642 5666 ἀναφέρειντ

2108 5652 2455 5759 inissent};
2478 5652 2620 5754 μόνῳ
2638 5652 2727 5736 κᾶτ.
2747 5652 3009 5750 ούδετέρῶ
3033 5678 3092 5749 ἀρ
3105 5673 3255 5746 μύζει
3268 5669 3346 5724 τὰ
3366 5652 3657 5741 ἐμπεριεχό-
