  <div class='ocr_page' id='page_1' title='image "/cluster/home/n/w/nwhite01/storage/ocr_20150623/22/mdp.39015078384388/398.png"; bbox 0 0 3830 6260; ppageno 0'>
   <div class='ocr_carea' id='block_1_1' title="bbox 198 373 2518 439">
    <p class='ocr_par' dir='ltr' id='par_1_1' title="bbox 198 373 2518 439">
     <span class='ocr_line' id='line_1_1' title="bbox 198 373 2518 439; baseline -0.003 -1"><span class='ocrx_word' id='word_1_1' title='bbox 198 382 280 439; x_wconf 75' lang='lat'><strong>75!</strong></span> <span class='ocrx_word' id='word_1_2' title='bbox 1102 376 1758 438; x_wconf 73' lang='lat' dir='ltr'><strong>DEMONSTRATIONIS</strong></span> <span class='ocrx_word' id='word_1_3' title='bbox 1789 374 2249 433; x_wconf 69' lang='lat' dir='ltr'><strong>EVANGELICAS</strong></span> <span class='ocrx_word' id='word_1_4' title='bbox 2289 373 2416 430; x_wconf 79' lang='lat' dir='ltr'><strong>LIB.</strong></span> <span class='ocrx_word' id='word_1_5' title='bbox 2450 373 2518 430; x_wconf 73' lang='grc' dir='ltr'><strong>Χ.</strong></span> 
     </span>
    </p>
   </div>
   <div class='ocr_carea' id='block_1_2' title="bbox 3291 370 3398 427">
    <p class='ocr_par' dir='ltr' id='par_1_2' title="bbox 3291 370 3398 427">
     <span class='ocr_line' id='line_1_2' title="bbox 3291 370 3398 427; baseline 0.019 -2"><span class='ocrx_word' id='word_1_6' title='bbox 3291 370 3398 427; x_wconf 67' lang='lat'><strong>763</strong></span> 
     </span>
    </p>
   </div>
   <div class='ocr_carea' id='block_1_3' title="bbox 197 488 1730 581">
    <p class='ocr_par' dir='ltr' id='par_1_3' title="bbox 197 500 1728 576">
     <span class='ocr_line' id='line_1_3' title="bbox 197 500 1728 576; baseline -0.003 -19"><span class='ocrx_word' id='word_1_7' title='bbox 197 519 330 576; x_wconf 85' lang='grc' dir='ltr'>μενα.</span> <span class='ocrx_word' id='word_1_8' title='bbox 341 503 618 572; x_wconf 73' lang='grc' dir='ltr'>’Δντικρυς</span> <span class='ocrx_word' id='word_1_9' title='bbox 628 500 755 564; x_wconf 82' lang='grc' dir='ltr'>γοῦν</span> <span class='ocrx_word' id='word_1_10' title='bbox 768 503 851 554; x_wconf 70' lang='grc' dir='ltr'><strong>ἐπ’</strong></span> <span class='ocrx_word' id='word_1_11' title='bbox 865 501 1010 573; x_wconf 71' lang='grc' dir='ltr'>αὐτῷ</span> <span class='ocrx_word' id='word_1_12' title='bbox 1022 502 1423 573; x_wconf 83' lang='grc' dir='ltr'>πεπληρωμένα</span> <span class='ocrx_word' id='word_1_13' title='bbox 1439 502 1507 556; x_wconf 77' lang='grc' dir='ltr'><strong>τά</strong></span> <span class='ocrx_word' id='word_1_14' title='bbox 1520 518 1578 555; x_wconf 83' lang='grc' dir='ltr'><strong>τε</strong></span> <span class='ocrx_word' id='word_1_15' title='bbox 1594 500 1728 555; x_wconf 78' lang='grc' dir='ltr'>ἄλλα</span> 
     </span>
    </p>
   </div>
   <div class='ocr_carea' id='block_1_4' title="bbox 1831 488 3399 581">
    <p class='ocr_par' dir='ltr' id='par_1_4' title="bbox 1831 488 3399 568">
     <span class='ocr_line' id='line_1_4' title="bbox 1831 488 3399 568; baseline -0.003 -17"><span class='ocrx_word' id='word_1_16' title='bbox 1831 497 2266 568; x_wconf 82' lang='lat' dir='ltr'><strong>quandoquidem</strong></span> <span class='ocrx_word' id='word_1_17' title='bbox 2319 496 2394 549; x_wconf 83' lang='lat' dir='ltr'><strong>illi</strong></span> <span class='ocrx_word' id='word_1_18' title='bbox 2439 494 2534 549; x_wconf 88' lang='lat' dir='ltr'><strong>uni</strong></span> <span class='ocrx_word' id='word_1_19' title='bbox 2582 500 2637 549; x_wconf 93' lang='lat' dir='ltr'><strong>et</strong></span> <span class='ocrx_word' id='word_1_20' title='bbox 2674 491 2805 547; x_wconf 90' lang='lat' dir='ltr'><strong>nulli</strong></span> <span class='ocrx_word' id='word_1_21' title='bbox 2837 499 3094 560; x_wconf 67' lang='lat' dir='ltr'><strong>praeterea</strong></span> <span class='ocrx_word' id='word_1_22' title='bbox 3135 488 3246 553; x_wconf 86' lang='lat' dir='ltr'><strong>alii,</strong></span> <span class='ocrx_word' id='word_1_23' title='bbox 3278 504 3399 561; x_wconf 81' lang='lat' dir='ltr'><strong>quae</strong></span> 
     </span>
    </p>
   </div>
   <div class='ocr_carea' id='block_1_5' title="bbox 192 592 1730 666">
    <p class='ocr_par' dir='ltr' id='par_1_5' title="bbox 192 592 1730 666">
     <span class='ocr_line' id='line_1_5' title="bbox 192 592 1730 666; baseline -0.003 -16"><span class='ocrx_word' id='word_1_24' title='bbox 192 595 558 656; x_wconf 78' lang='grc' dir='ltr'>ἀποδείκνυται,</span> <span class='ocrx_word' id='word_1_25' title='bbox 573 602 663 655; x_wconf 83' lang='grc' dir='ltr'><strong>και</strong></span> <span class='ocrx_word' id='word_1_26' title='bbox 689 592 753 665; x_wconf 82' lang='grc' dir='ltr'>δὴ</span> <span class='ocrx_word' id='word_1_27' title='bbox 778 594 837 647; x_wconf 81' lang='grc' dir='ltr'>τὸ</span> <span class='ocrx_word' id='word_1_28' title='bbox 867 595 1070 664; x_wconf 79' lang='grc' dir='ltr'><strong>φάσκον</strong></span> <span class='ocrx_word' id='word_1_29' title='bbox 1090 596 1146 647; x_wconf 78' lang='grc' dir='ltr'>ἐν</span> <span class='ocrx_word' id='word_1_30' title='bbox 1167 594 1366 665; x_wconf 78' lang='grc' dir='ltr'>ψαλμῷ</span> <span class='ocrx_word' id='word_1_31' title='bbox 1383 611 1396 625; x_wconf 85' lang='grc'><strong>·</strong></span> <span class='ocrx_word' id='word_1_32' title='bbox 1434 612 1452 646; x_wconf 81' lang='grc' dir='ltr'><strong>ι</strong></span> <span class='ocrx_word' id='word_1_33' title='bbox 1480 593 1730 666; x_wconf 87' lang='grc' dir='ltr'>Διεμερί-</span> 
     </span>
    </p>
   </div>
   <div class='ocr_carea' id='block_1_6' title="bbox 195 685 1730 761">
    <p class='ocr_par' dir='ltr' id='par_1_6' title="bbox 195 685 1730 761">
     <span class='ocr_line' id='line_1_6' title="bbox 195 685 1730 761; baseline 0.001 -19"><span class='ocrx_word' id='word_1_34' title='bbox 195 704 330 742; x_wconf 77' lang='grc' dir='ltr'>σαντο</span> <span class='ocrx_word' id='word_1_35' title='bbox 351 685 419 739; x_wconf 89' lang='grc' dir='ltr'><strong>τά</strong></span> <span class='ocrx_word' id='word_1_36' title='bbox 446 687 635 757; x_wconf 80' lang='grc' dir='ltr'>ἱμάτιά</span> <span class='ocrx_word' id='word_1_37' title='bbox 678 704 778 758; x_wconf 88' lang='grc' dir='ltr'><strong>μου</strong></span> <span class='ocrx_word' id='word_1_38' title='bbox 812 689 1043 753; x_wconf 73' lang='grc' dir='ltr'>ἑαυτοῖς,</span> <span class='ocrx_word' id='word_1_39' title='bbox 1084 689 1180 743; x_wconf 81' lang='grc' dir='ltr'>καὶ</span> <span class='ocrx_word' id='word_1_40' title='bbox 1207 689 1299 742; x_wconf 76' lang='grc' dir='ltr'><strong>ἐπὶ</strong></span> <span class='ocrx_word' id='word_1_41' title='bbox 1325 689 1416 743; x_wconf 78' lang='grc' dir='ltr'>τὸν</span> <span class='ocrx_word' id='word_1_42' title='bbox 1441 688 1730 761; x_wconf 66' lang='grc' dir='ltr'>ἱματισμόν</span> 
     </span>
    </p>
   </div>
   <div class='ocr_carea' id='block_1_7' title="bbox 193 775 1730 851">
    <p class='ocr_par' dir='ltr' id='par_1_7' title="bbox 193 775 1730 851">
     <span class='ocr_line' id='line_1_7' title="bbox 193 775 1730 851; baseline 0.002 -22"><span class='ocrx_word' id='word_1_43' title='bbox 193 795 278 845; x_wconf 79' lang='grc' dir='ltr'><strong>μου</strong></span> <span class='ocrx_word' id='word_1_44' title='bbox 325 775 507 829; x_wconf 79' lang='grc' dir='ltr'>έσαλον</span> <span class='ocrx_word' id='word_1_45' title='bbox 560 777 775 848; x_wconf 86' lang='grc' dir='ltr'>κλῆρον.</span> <span class='ocrx_word' id='word_1_46' title='bbox 812 798 830 829; x_wconf 72' lang='grc' dir='ltr'><strong>ι</strong></span> <span class='ocrx_word' id='word_1_47' title='bbox 863 780 973 833; x_wconf 72' lang='grc' dir='ltr'><strong>Καὶ</strong></span> <span class='ocrx_word' id='word_1_48' title='bbox 1011 780 1112 850; x_wconf 79' lang='grc' dir='ltr'>τὴν</span> <span class='ocrx_word' id='word_1_49' title='bbox 1163 780 1506 851; x_wconf 88' lang='grc' dir='ltr'>κατάπαρσιν</span> <span class='ocrx_word' id='word_1_50' title='bbox 1534 780 1591 834; x_wconf 78' lang='grc' dir='ltr'>δὲ</span> <span class='ocrx_word' id='word_1_51' title='bbox 1623 779 1730 833; x_wconf 88' lang='grc' dir='ltr'><strong>τῶν</strong></span> 
     </span>
    </p>
   </div>
   <div class='ocr_carea' id='block_1_8' title="bbox 189 864 1732 939">
    <p class='ocr_par' dir='ltr' id='par_1_8' title="bbox 189 864 1732 939">
     <span class='ocr_line' id='line_1_8' title="bbox 189 864 1732 939; baseline 0.005 -24"><span class='ocrx_word' id='word_1_52' title='bbox 189 865 328 934; x_wconf 71' lang='grc' dir='ltr'>ἥλων,</span> <span class='ocrx_word' id='word_1_53' title='bbox 358 864 464 917; x_wconf 82' lang='grc' dir='ltr'><strong>τῶν</strong></span> <span class='ocrx_word' id='word_1_54' title='bbox 490 865 628 919; x_wconf 84' lang='grc' dir='ltr'>κατὰ</span> <span class='ocrx_word' id='word_1_55' title='bbox 650 866 759 919; x_wconf 85' lang='grc' dir='ltr'><strong>τῶν</strong></span> <span class='ocrx_word' id='word_1_56' title='bbox 787 868 983 939; x_wconf 85' lang='grc' dir='ltr'>χειρῶν</span> <span class='ocrx_word' id='word_1_57' title='bbox 1016 870 1107 923; x_wconf 76' lang='grc' dir='ltr'>καὶ</span> <span class='ocrx_word' id='word_1_58' title='bbox 1130 868 1303 923; x_wconf 84' lang='grc' dir='ltr'>ποδῶν</span> <span class='ocrx_word' id='word_1_59' title='bbox 1333 870 1423 923; x_wconf 74' lang='grc' dir='ltr'><strong>ἐπὶ</strong></span> <span class='ocrx_word' id='word_1_60' title='bbox 1450 868 1543 923; x_wconf 89' lang='grc' dir='ltr'><strong>τοῦ</strong></span> <span class='ocrx_word' id='word_1_61' title='bbox 1573 887 1732 924; x_wconf 86' lang='grc' dir='ltr'>σταυ-</span> 
     </span>
    </p>
   </div>
   <div class='ocr_carea' id='block_1_9' title="bbox 188 956 1726 1033">
    <p class='ocr_par' dir='ltr' id='par_1_9' title="bbox 188 956 1726 1033">
     <span class='ocr_line' id='line_1_9' title="bbox 188 956 1726 1033; baseline 0.003 -22"><span class='ocrx_word' id='word_1_62' title='bbox 188 957 268 1030; x_wconf 85' lang='grc' dir='ltr'><strong>ροῦ</strong></span> <span class='ocrx_word' id='word_1_63' title='bbox 283 956 729 1029; x_wconf 86' lang='grc' dir='ltr'>προσηλωθέντων</span> <span class='ocrx_word' id='word_1_64' title='bbox 744 959 909 1031; x_wconf 79' lang='grc' dir='ltr'>αὐτῷ,</span> <span class='ocrx_word' id='word_1_65' title='bbox 927 961 1218 1033; x_wconf 77' lang='grc' dir='ltr'>διαρρήδην</span> <span class='ocrx_word' id='word_1_66' title='bbox 1241 961 1515 1033; x_wconf 81' lang='grc' dir='ltr'>ἐμφαίνει,</span> <span class='ocrx_word' id='word_1_67' title='bbox 1534 961 1726 1030; x_wconf 81' lang='grc' dir='ltr'><strong>λέγων⁸</strong></span> 
     </span>
    </p>
   </div>
   <div class='ocr_carea' id='block_1_10' title="bbox 189 1048 1730 1126">
    <p class='ocr_par' dir='ltr' id='par_1_10' title="bbox 189 1048 1730 1126">
     <span class='ocr_line' id='line_1_10' title="bbox 189 1048 1730 1126; baseline 0.004 -24"><span class='ocrx_word' id='word_1_68' title='bbox 189 1048 432 1121; x_wconf 75' lang='grc' dir='ltr'>ιὨρυξτιν</span> <span class='ocrx_word' id='word_1_69' title='bbox 477 1051 665 1120; x_wconf 82' lang='grc' dir='ltr'>χεῖράς</span> <span class='ocrx_word' id='word_1_70' title='bbox 716 1069 815 1122; x_wconf 88' lang='grc' dir='ltr'><strong>μου</strong></span> <span class='ocrx_word' id='word_1_71' title='bbox 861 1054 954 1107; x_wconf 67' lang='grc' dir='ltr'><strong>καὶ</strong></span> <span class='ocrx_word' id='word_1_72' title='bbox 1003 1054 1170 1118; x_wconf 82' lang='grc' dir='ltr'>πόδας</span> <span class='ocrx_word' id='word_1_73' title='bbox 1210 1072 1330 1126; x_wconf 89' lang='grc' dir='ltr'>μου,</span> <span class='ocrx_word' id='word_1_74' title='bbox 1358 1052 1730 1125; x_wconf 76' lang='grc' dir='ltr'><strong>ἐξηρίθμησαν</strong></span> 
     </span>
    </p>
   </div>
   <div class='ocr_carea' id='block_1_11' title="bbox 184 1140 1731 1219">
    <p class='ocr_par' dir='ltr' id='par_1_11' title="bbox 184 1140 1731 1219">
     <span class='ocr_line' id='line_1_11' title="bbox 184 1140 1731 1219; baseline 0.004 -26"><span class='ocrx_word' id='word_1_75' title='bbox 184 1144 338 1195; x_wconf 80' lang='grc' dir='ltr'>πάντα</span> <span class='ocrx_word' id='word_1_76' title='bbox 364 1140 429 1194; x_wconf 83' lang='grc' dir='ltr'><strong>τά</strong></span> <span class='ocrx_word' id='word_1_77' title='bbox 461 1142 596 1194; x_wconf 84' lang='grc' dir='ltr'><strong>ὀστᾶ</strong></span> <span class='ocrx_word' id='word_1_78' title='bbox 625 1159 747 1212; x_wconf 90' lang='grc' dir='ltr'>μου.</span> <span class='ocrx_word' id='word_1_79' title='bbox 781 1162 799 1192; x_wconf 71' lang='grc' dir='ltr'><strong>ι</strong></span> <span class='ocrx_word' id='word_1_80' title='bbox 826 1144 936 1196; x_wconf 72' lang='grc' dir='ltr'><strong>Καὶ</strong></span> <span class='ocrx_word' id='word_1_81' title='bbox 958 1143 1025 1200; x_wconf 79' lang='grc' dir='ltr'>τὰ</span> <span class='ocrx_word' id='word_1_82' title='bbox 1044 1142 1206 1198; x_wconf 83' lang='grc' dir='ltr'>λοιπά</span> <span class='ocrx_word' id='word_1_83' title='bbox 1229 1145 1285 1199; x_wconf 80' lang='grc' dir='ltr'>δὲ</span> <span class='ocrx_word' id='word_1_84' title='bbox 1311 1145 1455 1216; x_wconf 83' lang='grc' dir='ltr'>μόνῳ</span> <span class='ocrx_word' id='word_1_85' title='bbox 1477 1145 1541 1199; x_wconf 80' lang='grc' dir='ltr'>ἂν</span> <span class='ocrx_word' id='word_1_86' title='bbox 1563 1147 1731 1219; x_wconf 76' lang='grc' dir='ltr'>ἐφαρ-</span> 
     </span>
    </p>
   </div>
   <div class='ocr_carea' id='block_1_12' title="bbox 185 1232 1730 1309">
    <p class='ocr_par' dir='ltr' id='par_1_12' title="bbox 185 1232 1730 1309">
     <span class='ocr_line' id='line_1_12' title="bbox 185 1232 1730 1309; baseline 0.005 -24"><span class='ocrx_word' id='word_1_87' title='bbox 185 1235 324 1304; x_wconf 85' lang='grc' dir='ltr'>μόσαι</span> <span class='ocrx_word' id='word_1_88' title='bbox 366 1232 531 1302; x_wconf 84' lang='grc' dir='ltr'>αύτῷ,</span> <span class='ocrx_word' id='word_1_89' title='bbox 576 1233 648 1297; x_wconf 82' lang='grc' dir='ltr'><strong>ὡς</strong></span> <span class='ocrx_word' id='word_1_90' title='bbox 696 1233 899 1305; x_wconf 83' lang='grc' dir='ltr'>προῖὼν</span> <span class='ocrx_word' id='word_1_91' title='bbox 945 1237 973 1289; x_wconf 98' lang='lat'><strong>6</strong></span> <span class='ocrx_word' id='word_1_92' title='bbox 1018 1235 1173 1303; x_wconf 88' lang='grc' dir='ltr'>λόγος</span> <span class='ocrx_word' id='word_1_93' title='bbox 1210 1238 1657 1309; x_wconf 80' lang='grc' dir='ltr'>παραστήσει.“Ἠ</span> <span class='ocrx_word' id='word_1_94' title='bbox 1701 1240 1730 1292; x_wconf 87' lang='lat'><strong>6</strong></span> 
     </span>
    </p>
   </div>
   <div class='ocr_carea' id='block_1_13' title="bbox 183 1324 1731 1404">
    <p class='ocr_par' dir='ltr' id='par_1_13' title="bbox 183 1324 1731 1404">
     <span class='ocr_line' id='line_1_13' title="bbox 183 1324 1731 1404; baseline 0.007 -28"><span class='ocrx_word' id='word_1_95' title='bbox 183 1324 473 1396; x_wconf 83' lang='grc' dir='ltr'>βουλόμενος</span> <span class='ocrx_word' id='word_1_96' title='bbox 497 1327 582 1395; x_wconf 78' lang='grc' dir='ltr'><strong>ἐφ’</strong></span> <span class='ocrx_word' id='word_1_97' title='bbox 601 1327 786 1398; x_wconf 75' lang='grc' dir='ltr'>ἕτερον</span> <span class='ocrx_word' id='word_1_98' title='bbox 816 1327 1134 1398; x_wconf 80' lang='grc' dir='ltr'>μεταλαὸεῖν</span> <span class='ocrx_word' id='word_1_99' title='bbox 1159 1330 1464 1403; x_wconf 83' lang='grc' dir='ltr'>πρόσωπον,</span> <span class='ocrx_word' id='word_1_100' title='bbox 1489 1333 1606 1404; x_wconf 75' lang='grc' dir='ltr'>ἦτοι</span> <span class='ocrx_word' id='word_1_101' title='bbox 1634 1332 1731 1403; x_wconf 87' lang='grc' dir='ltr'><strong>βα-</strong></span> 
     </span>
    </p>
   </div>
   <div class='ocr_carea' id='block_1_14' title="bbox 181 1415 1730 1498">
    <p class='ocr_par' dir='ltr' id='par_1_14' title="bbox 181 1415 1730 1498">
     <span class='ocr_line' id='line_1_14' title="bbox 181 1415 1730 1498; baseline 0.008 -30"><span class='ocrx_word' id='word_1_102' title='bbox 181 1415 368 1480; x_wconf 79' lang='grc' dir='ltr'>σιλέως,</span> <span class='ocrx_word' id='word_1_103' title='bbox 401 1415 432 1486; x_wconf 80' lang='grc' dir='ltr'>ἢ</span> <span class='ocrx_word' id='word_1_104' title='bbox 462 1418 761 1489; x_wconf 78' lang='grc' dir='ltr'><strong>προφήτου,</strong></span> <span class='ocrx_word' id='word_1_105' title='bbox 794 1420 825 1489; x_wconf 79' lang='grc' dir='ltr'>ἢ</span> <span class='ocrx_word' id='word_1_106' title='bbox 857 1420 950 1473; x_wconf 86' lang='grc' dir='ltr'><strong>καί</strong></span> <span class='ocrx_word' id='word_1_107' title='bbox 988 1438 1132 1486; x_wconf 90' lang='grc' dir='ltr'>τινος</span> <span class='ocrx_word' id='word_1_108' title='bbox 1175 1421 1283 1476; x_wconf 86' lang='grc' dir='ltr'><strong>τῶν</strong></span> <span class='ocrx_word' id='word_1_109' title='bbox 1324 1422 1543 1479; x_wconf 78' lang='grc' dir='ltr'>πώποτε</span> <span class='ocrx_word' id='word_1_110' title='bbox 1578 1424 1730 1498; x_wconf 77' lang='grc' dir='ltr'>παρὰ</span> 
     </span>
    </p>
   </div>
   <div class='ocr_carea' id='block_1_15' title="bbox 189 1504 1730 1586">
    <p class='ocr_par' dir='ltr' id='par_1_15' title="bbox 189 1504 1730 1586">
     <span class='ocr_line' id='line_1_15' title="bbox 189 1504 1730 1586; baseline 0.006 -28"><span class='ocrx_word' id='word_1_111' title='bbox 189 1504 435 1567; x_wconf 79' lang='grc' dir='ltr'>Ἰουδαίοις</span> <span class='ocrx_word' id='word_1_112' title='bbox 466 1504 749 1575; x_wconf 80' lang='grc' dir='ltr'>θεοφιλῶν,</span> <span class='ocrx_word' id='word_1_113' title='bbox 780 1507 1060 1574; x_wconf 76' lang='grc' dir='ltr'><strong>δεικνύτω,</strong></span> <span class='ocrx_word' id='word_1_114' title='bbox 1095 1513 1143 1565; x_wconf 85' lang='grc' dir='ltr'><strong>εἰ</strong></span> <span class='ocrx_word' id='word_1_115' title='bbox 1186 1506 1296 1576; x_wconf 79' lang='grc' dir='ltr'>οἷός</span> <span class='ocrx_word' id='word_1_116' title='bbox 1326 1529 1385 1565; x_wconf 87' lang='grc' dir='ltr'><strong>τε</strong></span> <span class='ocrx_word' id='word_1_117' title='bbox 1414 1513 1521 1584; x_wconf 70' lang='grc' dir='ltr'>εἴη,</span> <span class='ocrx_word' id='word_1_118' title='bbox 1560 1515 1730 1586; x_wconf 74' lang='grc' dir='ltr'>ἐφαρ-</span> 
     </span>
    </p>
   </div>
   <div class='ocr_carea' id='block_1_16' title="bbox 183 1592 1729 1672">
    <p class='ocr_par' dir='ltr' id='par_1_16' title="bbox 183 1592 1729 1672">
     <span class='ocr_line' id='line_1_16' title="bbox 183 1592 1729 1672; baseline 0.008 -26"><span class='ocrx_word' id='word_1_119' title='bbox 183 1592 342 1665; x_wconf 81' lang='grc' dir='ltr'>μόζειν</span> <span class='ocrx_word' id='word_1_120' title='bbox 372 1594 437 1649; x_wconf 84' lang='grc' dir='ltr'><strong>τὰ</strong></span> <span class='ocrx_word' id='word_1_121' title='bbox 468 1595 954 1669; x_wconf 80' lang='grc' dir='ltr'><strong>ἀναγεγραμμένα.</strong></span> <span class='ocrx_word' id='word_1_122' title='bbox 971 1600 1087 1653; x_wconf 82' lang='grc' dir='ltr'>Τίνι</span> <span class='ocrx_word' id='word_1_123' title='bbox 1109 1600 1216 1672; x_wconf 83' lang='grc' dir='ltr'><strong>γὰρ</strong></span> <span class='ocrx_word' id='word_1_124' title='bbox 1234 1602 1340 1655; x_wconf 87' lang='grc' dir='ltr'><strong>τῶν</strong></span> <span class='ocrx_word' id='word_1_125' title='bbox 1368 1602 1585 1657; x_wconf 85' lang='grc' dir='ltr'>πώποτε</span> <span class='ocrx_word' id='word_1_126' title='bbox 1605 1621 1729 1657; x_wconf 88' lang='grc' dir='ltr'>κυο-</span> 
     </span>
    </p>
   </div>
   <div class='ocr_carea' id='block_1_17' title="bbox 180 1685 1728 1766">
    <p class='ocr_par' dir='ltr' id='par_1_17' title="bbox 180 1685 1728 1766">
     <span class='ocr_line' id='line_1_17' title="bbox 180 1685 1728 1766; baseline 0.008 -29"><span class='ocrx_word' id='word_1_127' title='bbox 180 1685 499 1757; x_wconf 80' lang='grc' dir='ltr'>φορουμένων</span> <span class='ocrx_word' id='word_1_128' title='bbox 548 1689 642 1741; x_wconf 73' lang='grc' dir='ltr'><strong>ὲπὶ</strong></span> <span class='ocrx_word' id='word_1_129' title='bbox 681 1690 933 1745; x_wconf 78' lang='grc' dir='ltr'>τοσοῦτον</span> <span class='ocrx_word' id='word_1_130' title='bbox 976 1692 1156 1765; x_wconf 85' lang='grc' dir='ltr'>παρῆν</span> <span class='ocrx_word' id='word_1_131' title='bbox 1206 1694 1405 1766; x_wconf 88' lang='grc' dir='ltr'>ἀρετῆς</span> <span class='ocrx_word' id='word_1_132' title='bbox 1437 1695 1534 1748; x_wconf 72' lang='grc' dir='ltr'>καὶ</span> <span class='ocrx_word' id='word_1_133' title='bbox 1564 1695 1728 1750; x_wconf 88' lang='grc' dir='ltr'>δυνά-</span> 
     </span>
    </p>
   </div>
   <div class='ocr_carea' id='block_1_18' title="bbox 181 1779 1727 1859">
    <p class='ocr_par' dir='ltr' id='par_1_18' title="bbox 181 1779 1727 1859">
     <span class='ocr_line' id='line_1_18' title="bbox 181 1779 1727 1859; baseline 0.005 -27"><span class='ocrx_word' id='word_1_134' title='bbox 181 1796 322 1850; x_wconf 85' lang='grc' dir='ltr'>μεως,</span> <span class='ocrx_word' id='word_1_135' title='bbox 351 1779 487 1834; x_wconf 79' lang='grc' dir='ltr'>ὥστε</span> <span class='ocrx_word' id='word_1_136' title='bbox 532 1781 837 1837; x_wconf 83' lang='grc' dir='ltr'><strong>καθεστῶτι</strong></span> <span class='ocrx_word' id='word_1_137' title='bbox 877 1784 1138 1856; x_wconf 76' lang='grc' dir='ltr'>λογισμῷ,</span> <span class='ocrx_word' id='word_1_138' title='bbox 1173 1787 1267 1839; x_wconf 77' lang='grc' dir='ltr'>καὶ</span> <span class='ocrx_word' id='word_1_139' title='bbox 1305 1787 1592 1859; x_wconf 84' lang='grc' dir='ltr'>ἀσυγχύτῳ</span> <span class='ocrx_word' id='word_1_140' title='bbox 1624 1787 1727 1858; x_wconf 76' lang='grc' dir='ltr'>ψυ-</span> 
     </span>
    </p>
   </div>
   <div class='ocr_carea' id='block_1_19' title="bbox 1832 581 3398 653">
    <p class='ocr_par' dir='ltr' id='par_1_19' title="bbox 1832 581 3398 653">
     <span class='ocr_line' id='line_1_19' title="bbox 1832 581 3398 653; baseline -0.004 -9"><span class='ocrx_word' id='word_1_141' title='bbox 1832 592 1888 644; x_wconf 88' lang='lat' dir='ltr'><strong>in</strong></span> <span class='ocrx_word' id='word_1_142' title='bbox 1921 605 1986 644; x_wconf 91' lang='lat' dir='ltr'><strong>eo</strong></span> <span class='ocrx_word' id='word_1_143' title='bbox 2007 589 2380 649; x_wconf 84' lang='lat' dir='ltr'><strong>continentur,</strong></span> <span class='ocrx_word' id='word_1_144' title='bbox 2413 586 2765 641; x_wconf 88' lang='lat' dir='ltr'><strong>conveniunt.</strong></span> <span class='ocrx_word' id='word_1_145' title='bbox 2795 581 3123 638; x_wconf 85' lang='lat' dir='ltr'><strong>Planissime</strong></span> <span class='ocrx_word' id='word_1_146' title='bbox 3149 582 3315 653; x_wconf 79' lang='lat' dir='ltr'><strong>igitur</strong></span> <span class='ocrx_word' id='word_1_147' title='bbox 3340 583 3398 637; x_wconf 86' lang='lat' dir='ltr'><strong>in</strong></span> 
     </span>
    </p>
   </div>
   <div class='ocr_carea' id='block_1_20' title="bbox 1827 675 3400 751">
    <p class='ocr_par' dir='ltr' id='par_1_20' title="bbox 1827 675 3400 751">
     <span class='ocr_line' id='line_1_20' title="bbox 1827 675 3400 751; baseline -0.004 -12"><span class='ocrx_word' id='word_1_148' title='bbox 1827 684 1923 739; x_wconf 90' lang='lat' dir='ltr'><strong>illo</strong></span> <span class='ocrx_word' id='word_1_149' title='bbox 1948 698 2071 736; x_wconf 90' lang='lat' dir='ltr'><strong>cum</strong></span> <span class='ocrx_word' id='word_1_150' title='bbox 2120 683 2223 736; x_wconf 88' lang='lat' dir='ltr'><strong>alia</strong></span> <span class='ocrx_word' id='word_1_151' title='bbox 2278 682 2545 751; x_wconf 88' lang='lat' dir='ltr'><strong>completa</strong></span> <span class='ocrx_word' id='word_1_152' title='bbox 2580 695 2703 736; x_wconf 81' lang='lat' dir='ltr'><strong>esse</strong></span> <span class='ocrx_word' id='word_1_153' title='bbox 2755 686 2992 742; x_wconf 88' lang='lat' dir='ltr'><strong>constat,</strong></span> <span class='ocrx_word' id='word_1_154' title='bbox 3039 692 3158 746; x_wconf 73' lang='lat' dir='ltr'><strong>qua:</strong></span> <span class='ocrx_word' id='word_1_155' title='bbox 3206 677 3262 730; x_wconf 92' lang='lat' dir='ltr'><strong>in</strong></span> <span class='ocrx_word' id='word_1_156' title='bbox 3294 675 3400 732; x_wconf 88' lang='lat' dir='ltr'><strong>hoc</strong></span> 
     </span>
    </p>
   </div>
   <div class='ocr_carea' id='block_1_21' title="bbox 1829 768 3398 847">
    <p class='ocr_par' dir='ltr' id='par_1_21' title="bbox 1829 768 3398 847">
     <span class='ocr_line' id='line_1_21' title="bbox 1829 768 3398 847; baseline -0.006 -17"><span class='ocrx_word' id='word_1_157' title='bbox 1829 777 2042 847; x_wconf 85' lang='lat' dir='ltr'><strong>psalmo</strong></span> <span class='ocrx_word' id='word_1_158' title='bbox 2071 776 2345 845; x_wconf 82' lang='lat' dir='ltr'><strong>leguntur,</strong></span> <span class='ocrx_word' id='word_1_159' title='bbox 2386 780 2500 827; x_wconf 89' lang='lat' dir='ltr'><strong>tum</strong></span> <span class='ocrx_word' id='word_1_160' title='bbox 2550 787 2680 827; x_wconf 87' lang='lat' dir='ltr'><strong>vero</strong></span> <span class='ocrx_word' id='word_1_161' title='bbox 2713 770 2875 826; x_wconf 89' lang='lat' dir='ltr'><strong>etiam</strong></span> <span class='ocrx_word' id='word_1_162' title='bbox 2934 768 3069 825; x_wconf 84' lang='lat' dir='ltr'><strong>illud</strong></span> <span class='ocrx_word' id='word_1_163' title='bbox 3127 768 3271 839; x_wconf 76' lang='lat' dir='ltr'><strong>quod</strong></span> <span class='ocrx_word' id='word_1_164' title='bbox 3321 768 3398 821; x_wconf 84' lang='lat' dir='ltr'><strong>ita</strong></span> 
     </span>
    </p>
   </div>
   <div class='ocr_carea' id='block_1_22' title="bbox 1831 859 3400 928">
    <p class='ocr_par' dir='ltr' id='par_1_22' title="bbox 1831 859 3400 928">
     <span class='ocr_line' id='line_1_22' title="bbox 1831 859 3400 928; baseline -0.006 -7"><span class='ocrx_word' id='word_1_165' title='bbox 1831 867 1907 921; x_wconf 86' lang='lat' dir='ltr'><strong>ait</strong></span> <span class='ocrx_word' id='word_1_166' title='bbox 1938 886 1949 920; x_wconf 96' lang='lat'>:</span> <span class='ocrx_word' id='word_1_167' title='bbox 1980 886 1999 919; x_wconf 74' lang='grc' dir='ltr'><strong>ι</strong></span> <span class='ocrx_word' id='word_1_168' title='bbox 2044 865 2354 923; x_wconf 86' lang='lat' dir='ltr'><strong>Diviserunt</strong></span> <span class='ocrx_word' id='word_1_169' title='bbox 2401 864 2723 919; x_wconf 86' lang='lat' dir='ltr'><strong>vestimenta</strong></span> <span class='ocrx_word' id='word_1_170' title='bbox 2776 875 2895 915; x_wconf 87' lang='lat' dir='ltr'><strong>mea</strong></span> <span class='ocrx_word' id='word_1_171' title='bbox 2952 859 3077 927; x_wconf 86' lang='lat' dir='ltr'><strong>sibi,</strong></span> <span class='ocrx_word' id='word_1_172' title='bbox 3131 866 3185 913; x_wconf 85' lang='lat' dir='ltr'><strong>et</strong></span> <span class='ocrx_word' id='word_1_173' title='bbox 3235 872 3400 928; x_wconf 80' lang='lat' dir='ltr'><strong>super</strong></span> 
     </span>
    </p>
   </div>
   <div class='ocr_carea' id='block_1_23' title="bbox 1828 951 3397 1021">
    <p class='ocr_par' dir='ltr' id='par_1_23' title="bbox 1828 951 3397 1021">
     <span class='ocr_line' id='line_1_23' title="bbox 1828 951 3397 1021; baseline -0.006 -9"><span class='ocrx_word' id='word_1_174' title='bbox 1828 972 2032 1014; x_wconf 66' lang='lat' dir='ltr'><strong>vcsuam</strong></span> <span class='ocrx_word' id='word_1_175' title='bbox 2075 972 2248 1012; x_wconf 86' lang='lat' dir='ltr'><strong>meam</strong></span> <span class='ocrx_word' id='word_1_176' title='bbox 2303 957 2568 1014; x_wconf 86' lang='lat' dir='ltr'><strong>miserunt</strong></span> <span class='ocrx_word' id='word_1_177' title='bbox 2628 961 2853 1008; x_wconf 77' lang='lat' dir='ltr'><strong>sortem.</strong></span> <span class='ocrx_word' id='word_1_178' title='bbox 2929 971 2947 1004; x_wconf 77' lang='grc' dir='ltr'><strong>ι</strong></span> <span class='ocrx_word' id='word_1_179' title='bbox 2997 951 3397 1021; x_wconf 85' lang='lat' dir='ltr'><strong>Trajectioucm</strong></span> 
     </span>
    </p>
   </div>
   <div class='ocr_carea' id='block_1_24' title="bbox 1828 1041 3398 1118">
    <p class='ocr_par' dir='ltr' id='par_1_24' title="bbox 1828 1041 3398 1118">
     <span class='ocr_line' id='line_1_24' title="bbox 1828 1041 3398 1118; baseline -0.006 -14"><span class='ocrx_word' id='word_1_180' title='bbox 1828 1066 1958 1104; x_wconf 88' lang='lat' dir='ltr'><strong>vero</strong></span> <span class='ocrx_word' id='word_1_181' title='bbox 1990 1050 2265 1104; x_wconf 83' lang='lat' dir='ltr'><strong>clavorum</strong></span> <span class='ocrx_word' id='word_1_182' title='bbox 2301 1046 2395 1118; x_wconf 90' lang='lat' dir='ltr'><strong>qui</strong></span> <span class='ocrx_word' id='word_1_183' title='bbox 2446 1047 2593 1101; x_wconf 87' lang='lat' dir='ltr'><strong>illius</strong></span> <span class='ocrx_word' id='word_1_184' title='bbox 2640 1044 2895 1098; x_wconf 86' lang='lat' dir='ltr'><strong>manibus</strong></span> <span class='ocrx_word' id='word_1_185' title='bbox 2950 1058 3014 1097; x_wconf 89' lang='lat' dir='ltr'><strong>ac</strong></span> <span class='ocrx_word' id='word_1_186' title='bbox 3064 1042 3292 1112; x_wconf 82' lang='lat' dir='ltr'><strong>pedibus</strong></span> <span class='ocrx_word' id='word_1_187' title='bbox 3342 1041 3398 1094; x_wconf 87' lang='lat' dir='ltr'><strong>in</strong></span> 
     </span>
    </p>
   </div>
   <div class='ocr_carea' id='block_1_25' title="bbox 1830 1133 3395 1201">
    <p class='ocr_par' dir='ltr' id='par_1_25' title="bbox 1830 1133 3395 1201">
     <span class='ocr_line' id='line_1_25' title="bbox 1830 1133 3395 1201; baseline -0.006 -3"><span class='ocrx_word' id='word_1_188' title='bbox 1830 1157 1992 1198; x_wconf 86' lang='lat' dir='ltr'><strong>cruce</strong></span> <span class='ocrx_word' id='word_1_189' title='bbox 2033 1140 2171 1195; x_wconf 81' lang='lat' dir='ltr'><strong>affixi</strong></span> <span class='ocrx_word' id='word_1_190' title='bbox 2230 1148 2376 1201; x_wconf 91' lang='lat' dir='ltr'><strong>sunt,</strong></span> <span class='ocrx_word' id='word_1_191' title='bbox 2412 1138 2823 1193; x_wconf 85' lang='lat' dir='ltr'><strong>evidentissime</strong></span> <span class='ocrx_word' id='word_1_192' title='bbox 2854 1135 3080 1199; x_wconf 90' lang='lat' dir='ltr'><strong>indicat,</strong></span> <span class='ocrx_word' id='word_1_193' title='bbox 3115 1134 3241 1188; x_wconf 90' lang='lat' dir='ltr'><strong>dum</strong></span> <span class='ocrx_word' id='word_1_194' title='bbox 3271 1133 3347 1187; x_wconf 88' lang='lat' dir='ltr'><strong>ait</strong></span> <span class='ocrx_word' id='word_1_195' title='bbox 3378 1151 3395 1188; x_wconf 92' lang='lat'><strong>:</strong></span> 
     </span>
    </p>
   </div>
   <div class='ocr_carea' id='block_1_26' title="bbox 1836 1223 3399 1298">
    <p class='ocr_par' dir='ltr' id='par_1_26' title="bbox 1836 1223 3399 1298">
     <span class='ocr_line' id='line_1_26' title="bbox 1836 1223 3399 1298; baseline -0.004 -15"><span class='ocrx_word' id='word_1_196' title='bbox 1836 1251 1854 1283; x_wconf 81' lang='grc' dir='ltr'><strong>ι</strong></span> <span class='ocrx_word' id='word_1_197' title='bbox 1896 1232 2176 1287; x_wconf 86' lang='lat' dir='ltr'><strong>Foderunt</strong></span> <span class='ocrx_word' id='word_1_198' title='bbox 2219 1245 2415 1285; x_wconf 91' lang='lat' dir='ltr'><strong>manus</strong></span> <span class='ocrx_word' id='word_1_199' title='bbox 2445 1243 2594 1284; x_wconf 88' lang='lat' dir='ltr'><strong>meas</strong></span> <span class='ocrx_word' id='word_1_200' title='bbox 2630 1235 2684 1283; x_wconf 91' lang='lat' dir='ltr'><strong>et</strong></span> <span class='ocrx_word' id='word_1_201' title='bbox 2716 1226 2881 1298; x_wconf 83' lang='lat' dir='ltr'><strong>pedes</strong></span> <span class='ocrx_word' id='word_1_202' title='bbox 2926 1239 3097 1286; x_wconf 88' lang='lat' dir='ltr'><strong>meos,</strong></span> <span class='ocrx_word' id='word_1_203' title='bbox 3151 1223 3399 1277; x_wconf 82' lang='lat' dir='ltr'><strong>dinume-</strong></span> 
     </span>
    </p>
   </div>
   <div class='ocr_carea' id='block_1_27' title="bbox 1828 1312 3399 1387">
    <p class='ocr_par' dir='ltr' id='par_1_27' title="bbox 1828 1312 3399 1387">
     <span class='ocr_line' id='line_1_27' title="bbox 1828 1312 3399 1387; baseline -0.007 -9"><span class='ocrx_word' id='word_1_204' title='bbox 1828 1333 2086 1387; x_wconf 81' lang='lat' dir='ltr'><strong>raverunt</strong></span> <span class='ocrx_word' id='word_1_205' title='bbox 2115 1324 2297 1379; x_wconf 85' lang='lat' dir='ltr'><strong>omnia</strong></span> <span class='ocrx_word' id='word_1_206' title='bbox 2344 1337 2469 1378; x_wconf 90' lang='lat' dir='ltr'><strong>ossa</strong></span> <span class='ocrx_word' id='word_1_207' title='bbox 2502 1336 2643 1376; x_wconf 86' lang='lat' dir='ltr'><strong>mea.</strong></span> <span class='ocrx_word' id='word_1_208' title='bbox 2679 1339 2697 1371; x_wconf 81' lang='grc' dir='ltr'><strong>ι</strong></span> <span class='ocrx_word' id='word_1_209' title='bbox 2729 1319 2819 1373; x_wconf 85' lang='lat' dir='ltr'><strong>Sic</strong></span> <span class='ocrx_word' id='word_1_210' title='bbox 2863 1318 3027 1372; x_wconf 83' lang='lat' dir='ltr'><strong>etiam</strong></span> <span class='ocrx_word' id='word_1_211' title='bbox 3058 1316 3263 1384; x_wconf 88' lang='lat' dir='ltr'><strong>reliqua</strong></span> <span class='ocrx_word' id='word_1_212' title='bbox 3304 1312 3399 1368; x_wconf 88' lang='lat' dir='ltr'><strong>uni</strong></span> 
     </span>
    </p>
   </div>
   <div class='ocr_carea' id='block_1_28' title="bbox 1829 1404 3401 1485">
    <p class='ocr_par' dir='ltr' id='par_1_28' title="bbox 1829 1404 3401 1485">
     <span class='ocr_line' id='line_1_28' title="bbox 1829 1404 3401 1485; baseline -0.01 -12"><span class='ocrx_word' id='word_1_213' title='bbox 1829 1418 1905 1473; x_wconf 90' lang='lat' dir='ltr'><strong>illi</strong></span> <span class='ocrx_word' id='word_1_214' title='bbox 1943 1432 2044 1472; x_wconf 93' lang='lat' dir='ltr'><strong>nec</strong></span> <span class='ocrx_word' id='word_1_215' title='bbox 2070 1416 2162 1470; x_wconf 85' lang='lat' dir='ltr'><strong>alii</strong></span> <span class='ocrx_word' id='word_1_216' title='bbox 2198 1414 2431 1485; x_wconf 88' lang='lat' dir='ltr'><strong>cuipiam</strong></span> <span class='ocrx_word' id='word_1_217' title='bbox 2465 1421 2723 1484; x_wconf 68' lang='lat' dir='ltr'><strong>praeterea</strong></span> <span class='ocrx_word' id='word_1_218' title='bbox 2753 1408 3100 1470; x_wconf 88' lang='lat' dir='ltr'><strong>convenient,</strong></span> <span class='ocrx_word' id='word_1_219' title='bbox 3137 1404 3401 1477; x_wconf 82' lang='lat' dir='ltr'><strong>quemad-</strong></span> 
     </span>
    </p>
   </div>
   <div class='ocr_carea' id='block_1_29' title="bbox 1827 1499 3401 1580">
    <p class='ocr_par' dir='ltr' id='par_1_29' title="bbox 1827 1499 3401 1580">
     <span class='ocr_line' id='line_1_29' title="bbox 1827 1499 3401 1580; baseline -0.009 -16"><span class='ocrx_word' id='word_1_220' title='bbox 1827 1508 2046 1564; x_wconf 87' lang='lat' dir='ltr'><strong>modum</strong></span> <span class='ocrx_word' id='word_1_221' title='bbox 2078 1518 2364 1580; x_wconf 82' lang='lat' dir='ltr'><strong>progressa</strong></span> <span class='ocrx_word' id='word_1_222' title='bbox 2403 1506 2616 1575; x_wconf 79' lang='lat' dir='ltr'><strong>longius</strong></span> <span class='ocrx_word' id='word_1_223' title='bbox 2658 1503 2832 1558; x_wconf 83' lang='lat' dir='ltr'><strong>oratio</strong></span> <span class='ocrx_word' id='word_1_224' title='bbox 2856 1499 3271 1561; x_wconf 88' lang='lat' dir='ltr'><strong>demonstrabit,</strong></span> <span class='ocrx_word' id='word_1_225' title='bbox 3307 1505 3401 1551; x_wconf 89' lang='lat' dir='ltr'><strong>aut</strong></span> 
     </span>
    </p>
   </div>
   <div class='ocr_carea' id='block_1_30' title="bbox 1828 1588 3399 1670">
    <p class='ocr_par' dir='ltr' id='par_1_30' title="bbox 1828 1588 3399 1670">
     <span class='ocr_line' id='line_1_30' title="bbox 1828 1588 3399 1670; baseline -0.009 -15"><span class='ocrx_word' id='word_1_226' title='bbox 1828 1608 1973 1655; x_wconf 88' lang='lat' dir='ltr'><strong>certe</strong></span> <span class='ocrx_word' id='word_1_227' title='bbox 2009 1598 2190 1670; x_wconf 85' lang='lat' dir='ltr'><strong>quivis</strong></span> <span class='ocrx_word' id='word_1_228' title='bbox 2218 1614 2318 1653; x_wconf 92' lang='lat' dir='ltr'><strong>suo</strong></span> <span class='ocrx_word' id='word_1_229' title='bbox 2350 1597 2639 1658; x_wconf 87' lang='lat' dir='ltr'><strong>arbitratu,</strong></span> <span class='ocrx_word' id='word_1_230' title='bbox 2666 1592 2916 1665; x_wconf 78' lang='lat' dir='ltr'><strong>quamvis</strong></span> <span class='ocrx_word' id='word_1_231' title='bbox 2956 1592 3118 1645; x_wconf 84' lang='lat' dir='ltr'><strong>aliam</strong></span> <span class='ocrx_word' id='word_1_232' title='bbox 3157 1588 3399 1661; x_wconf 84' lang='lat' dir='ltr'><strong>proferat</strong></span> 
     </span>
    </p>
   </div>
   <div class='ocr_carea' id='block_1_31' title="bbox 1827 1681 3399 1759">
    <p class='ocr_par' dir='ltr' id='par_1_31' title="bbox 1827 1681 3399 1759">
     <span class='ocr_line' id='line_1_31' title="bbox 1827 1681 3399 1759; baseline -0.004 -15"><span class='ocrx_word' id='word_1_233' title='bbox 1827 1704 2115 1759; x_wconf 87' lang='lat' dir='ltr'><strong>personam</strong></span> <span class='ocrx_word' id='word_1_234' title='bbox 2149 1696 2243 1743; x_wconf 88' lang='lat' dir='ltr'><strong>aut</strong></span> <span class='ocrx_word' id='word_1_235' title='bbox 2305 1690 2470 1758; x_wconf 89' lang='lat' dir='ltr'><strong>regis,</strong></span> <span class='ocrx_word' id='word_1_236' title='bbox 2519 1692 2613 1740; x_wconf 91' lang='lat' dir='ltr'><strong>aut</strong></span> <span class='ocrx_word' id='word_1_237' title='bbox 2651 1684 2959 1755; x_wconf 69' lang='lat' dir='ltr'><strong>prophetm,</strong></span> <span class='ocrx_word' id='word_1_238' title='bbox 3012 1690 3107 1737; x_wconf 89' lang='lat' dir='ltr'><strong>aut</strong></span> <span class='ocrx_word' id='word_1_239' title='bbox 3163 1681 3399 1752; x_wconf 81' lang='lat' dir='ltr'><strong>alicujus</strong></span> 
     </span>
    </p>
   </div>
   <div class='ocr_carea' id='block_1_32' title="bbox 1828 1773 3400 1852">
    <p class='ocr_par' dir='ltr' id='par_1_32' title="bbox 1828 1773 3400 1852">
     <span class='ocr_line' id='line_1_32' title="bbox 1828 1773 3400 1852; baseline -0.006 -15"><span class='ocrx_word' id='word_1_240' title='bbox 1828 1797 2038 1849; x_wconf 92' lang='lat' dir='ltr'><strong>eorum,</strong></span> <span class='ocrx_word' id='word_1_241' title='bbox 2061 1781 2154 1852; x_wconf 90' lang='lat' dir='ltr'><strong>qui</strong></span> <span class='ocrx_word' id='word_1_242' title='bbox 2186 1781 2459 1850; x_wconf 90' lang='lat' dir='ltr'><strong>quondam</strong></span> <span class='ocrx_word' id='word_1_243' title='bbox 2488 1777 2631 1850; x_wconf 89' lang='lat' dir='ltr'><strong>apud</strong></span> <span class='ocrx_word' id='word_1_244' title='bbox 2664 1776 2881 1832; x_wconf 66' lang='lat' dir='ltr'><strong>Judaaos</strong></span> <span class='ocrx_word' id='word_1_245' title='bbox 2914 1775 3007 1830; x_wconf 87' lang='lat' dir='ltr'><strong>Dei</strong></span> <span class='ocrx_word' id='word_1_246' title='bbox 3040 1774 3203 1829; x_wconf 84' lang='lat' dir='ltr'><strong>amici</strong></span> <span class='ocrx_word' id='word_1_247' title='bbox 3233 1782 3287 1830; x_wconf 89' lang='lat' dir='ltr'><strong>et</strong></span> <span class='ocrx_word' id='word_1_248' title='bbox 3317 1773 3400 1828; x_wconf 87' lang='lat' dir='ltr'><strong>fa-</strong></span> 
     </span>
    </p>
   </div>
   <div class='ocr_carea' id='block_1_33' title="bbox 176 1866 1730 1948">
    <p class='ocr_par' dir='ltr' id='par_1_33' title="bbox 176 1874 1725 1948">
     <span class='ocr_line' id='line_1_33' title="bbox 176 1874 1725 1948; baseline 0.003 -20"><span class='ocrx_word' id='word_1_249' title='bbox 176 1876 253 1943; x_wconf 80' lang='grc' dir='ltr'>χῇ,</span> <span class='ocrx_word' id='word_1_250' title='bbox 295 1874 533 1945; x_wconf 82' lang='grc' dir='ltr'>νηφαλίῳ</span> <span class='ocrx_word' id='word_1_251' title='bbox 568 1893 629 1928; x_wconf 87' lang='grc' dir='ltr'><strong>τε</strong></span> <span class='ocrx_word' id='word_1_252' title='bbox 682 1878 985 1948; x_wconf 73' lang='grc' dir='ltr'>φρονήματι</span> <span class='ocrx_word' id='word_1_253' title='bbox 1017 1878 1150 1932; x_wconf 82' lang='grc' dir='ltr'>Θεοῦ</span> <span class='ocrx_word' id='word_1_254' title='bbox 1180 1878 1380 1948; x_wconf 83' lang='grc' dir='ltr'>γνῶσιν</span> <span class='ocrx_word' id='word_1_255' title='bbox 1418 1879 1725 1946; x_wconf 78' lang='grc' dir='ltr'>ἀναλαϐεἶν,</span> 
     </span>
    </p>
   </div>
   <div class='ocr_carea' id='block_1_34' title="bbox 1831 1866 3399 1948">
    <p class='ocr_par' dir='ltr' id='par_1_34' title="bbox 1831 1868 3399 1940">
     <span class='ocr_line' id='line_1_34' title="bbox 1831 1868 3399 1940; baseline -0.004 -12"><span class='ocrx_word' id='word_1_256' title='bbox 1831 1875 2072 1929; x_wconf 88' lang='lat' dir='ltr'><strong>miliares</strong></span> <span class='ocrx_word' id='word_1_257' title='bbox 2102 1872 2437 1937; x_wconf 80' lang='lat' dir='ltr'><strong>exstiterint,</strong></span> <span class='ocrx_word' id='word_1_258' title='bbox 2464 1870 2825 1940; x_wconf 84' lang='lat' dir='ltr'><strong>ostendatque</strong></span> <span class='ocrx_word' id='word_1_259' title='bbox 2863 1869 2910 1925; x_wconf 90' lang='lat' dir='ltr'><strong>si</strong></span> <span class='ocrx_word' id='word_1_260' title='bbox 2951 1868 3146 1939; x_wconf 87' lang='lat' dir='ltr'><strong>possit,</strong></span> <span class='ocrx_word' id='word_1_261' title='bbox 3175 1883 3238 1923; x_wconf 87' lang='lat' dir='ltr'><strong>ea</strong></span> <span class='ocrx_word' id='word_1_262' title='bbox 3277 1882 3399 1938; x_wconf 61' lang='lat' dir='ltr'><strong>qua!</strong></span> 
     </span>
    </p>
   </div>
   <div class='ocr_carea' id='block_1_35' title="bbox 176 1965 1724 2045">
    <p class='ocr_par' dir='ltr' id='par_1_35' title="bbox 176 1965 1724 2045">
     <span class='ocr_line' id='line_1_35' title="bbox 176 1965 1724 2045; baseline 0.006 -28"><span class='ocrx_word' id='word_1_263' title='bbox 176 1965 255 2018; x_wconf 75' lang='grc' dir='ltr'>καὶ</span> <span class='ocrx_word' id='word_1_264' title='bbox 276 1968 446 2021; x_wconf 79' lang='grc' dir='ltr'>πᾶσαν</span> <span class='ocrx_word' id='word_1_265' title='bbox 476 1968 569 2021; x_wconf 75' lang='grc' dir='ltr'><strong>ἐπὶ</strong></span> <span class='ocrx_word' id='word_1_266' title='bbox 600 1970 691 2022; x_wconf 85' lang='grc' dir='ltr'>τὸν</span> <span class='ocrx_word' id='word_1_267' title='bbox 718 1970 850 2024; x_wconf 81' lang='grc' dir='ltr'>Θεὸν</span> <span class='ocrx_word' id='word_1_268' title='bbox 869 1973 1166 2042; x_wconf 78' lang='grc' dir='ltr'>ἀναρτῆσαι</span> <span class='ocrx_word' id='word_1_269' title='bbox 1191 1971 1355 2026; x_wconf 79' lang='grc' dir='ltr'>αὐτοῦ</span> <span class='ocrx_word' id='word_1_270' title='bbox 1382 1973 1479 2045; x_wconf 84' lang='grc' dir='ltr'>τὴν</span> <span class='ocrx_word' id='word_1_271' title='bbox 1503 1973 1724 2039; x_wconf 81' lang='grc' dir='ltr'>ὲλπίδα;</span> 
     </span>
    </p>
   </div>
   <div class='ocr_carea' id='block_1_36' title="bbox 174 2057 1728 2136">
    <p class='ocr_par' dir='ltr' id='par_1_36' title="bbox 174 2057 1728 2136">
     <span class='ocr_line' id='line_1_36' title="bbox 174 2057 1728 2136; baseline 0.006 -25"><span class='ocrx_word' id='word_1_272' title='bbox 174 2057 284 2111; x_wconf 84' lang='grc' dir='ltr'>ὥστ’</span> <span class='ocrx_word' id='word_1_273' title='bbox 314 2058 375 2113; x_wconf 81' lang='grc' dir='ltr'>ἂν</span> <span class='ocrx_word' id='word_1_274' title='bbox 401 2062 577 2115; x_wconf 76' lang='grc' dir='ltr'>εἰπεῖν</span> <span class='ocrx_word' id='word_1_275' title='bbox 602 2078 615 2092; x_wconf 77' lang='grc'><strong><em>⁸</em></strong></span> <span class='ocrx_word' id='word_1_276' title='bbox 654 2065 804 2118; x_wconf 76' lang='grc' dir='ltr'>«Ὅτι</span> <span class='ocrx_word' id='word_1_277' title='bbox 842 2065 905 2117; x_wconf 85' lang='grc' dir='ltr'>σὺ</span> <span class='ocrx_word' id='word_1_278' title='bbox 938 2061 986 2118; x_wconf 77' lang='grc' dir='ltr'>εἷ</span> <span class='ocrx_word' id='word_1_279' title='bbox 1016 2069 1044 2119; x_wconf 88' lang='lat'><strong>6</strong></span> <span class='ocrx_word' id='word_1_280' title='bbox 1076 2065 1360 2129; x_wconf 84' lang='grc' dir='ltr'>ὲκσπάσας</span> <span class='ocrx_word' id='word_1_281' title='bbox 1426 2083 1492 2136; x_wconf 89' lang='grc' dir='ltr'><strong>με</strong></span> <span class='ocrx_word' id='word_1_282' title='bbox 1538 2068 1600 2120; x_wconf 80' lang='grc' dir='ltr'>ἐκ</span> <span class='ocrx_word' id='word_1_283' title='bbox 1637 2083 1728 2135; x_wconf 88' lang='grc' dir='ltr'>γα-</span> 
     </span>
    </p>
   </div>
   <div class='ocr_carea' id='block_1_37' title="bbox 176 2150 1731 2231">
    <p class='ocr_par' dir='ltr' id='par_1_37' title="bbox 176 2150 1731 2231">
     <span class='ocr_line' id='line_1_37' title="bbox 176 2150 1731 2231; baseline 0.005 -27"><span class='ocrx_word' id='word_1_284' title='bbox 176 2150 314 2223; x_wconf 69' lang='grc' dir='ltr'>στρὸς</span> <span class='ocrx_word' id='word_1_285' title='bbox 344 2154 544 2225; x_wconf 84' lang='grc' dir='ltr'>μητρός</span> <span class='ocrx_word' id='word_1_286' title='bbox 584 2172 708 2226; x_wconf 88' lang='grc' dir='ltr'>μου,</span> <span class='ocrx_word' id='word_1_287' title='bbox 745 2158 777 2228; x_wconf 83' lang='grc' dir='ltr'>ἠ</span> <span class='ocrx_word' id='word_1_288' title='bbox 808 2157 961 2221; x_wconf 76' lang='grc' dir='ltr'>ἐλπίς</span> <span class='ocrx_word' id='word_1_289' title='bbox 988 2175 1088 2227; x_wconf 90' lang='grc' dir='ltr'><strong>μου</strong></span> <span class='ocrx_word' id='word_1_290' title='bbox 1121 2157 1230 2211; x_wconf 79' lang='grc' dir='ltr'><strong>ἀπὸ</strong></span> <span class='ocrx_word' id='word_1_291' title='bbox 1262 2157 1480 2229; x_wconf 83' lang='grc' dir='ltr'>μαστῶν</span> <span class='ocrx_word' id='word_1_292' title='bbox 1502 2159 1601 2228; x_wconf 86' lang='grc' dir='ltr'><strong>τῆς</strong></span> <span class='ocrx_word' id='word_1_293' title='bbox 1633 2175 1731 2231; x_wconf 86' lang='grc' dir='ltr'>μη-</span> 
     </span>
    </p>
   </div>
   <div class='ocr_carea' id='block_1_38' title="bbox 173 2240 1728 2319">
    <p class='ocr_par' dir='ltr' id='par_1_38' title="bbox 173 2240 1728 2319">
     <span class='ocr_line' id='line_1_38' title="bbox 173 2240 1728 2319; baseline 0.006 -28"><span class='ocrx_word' id='word_1_294' title='bbox 173 2240 280 2309; x_wconf 82' lang='grc' dir='ltr'>τρός</span> <span class='ocrx_word' id='word_1_295' title='bbox 309 2259 425 2311; x_wconf 89' lang='grc' dir='ltr'>μου.</span> <span class='ocrx_word' id='word_1_296' title='bbox 461 2244 592 2297; x_wconf 82' lang='grc' dir='ltr'><strong>Ἐπὶ</strong></span> <span class='ocrx_word' id='word_1_297' title='bbox 644 2245 704 2298; x_wconf 83' lang='grc' dir='ltr'>σὲ</span> <span class='ocrx_word' id='word_1_298' title='bbox 749 2245 1052 2317; x_wconf 68' lang='grc' dir='ltr'>ὲπερρίφην</span> <span class='ocrx_word' id='word_1_299' title='bbox 1082 2247 1144 2299; x_wconf 86' lang='grc' dir='ltr'>ὲκ</span> <span class='ocrx_word' id='word_1_300' title='bbox 1176 2248 1405 2319; x_wconf 78' lang='grc' dir='ltr'>μήτρας,</span> <span class='ocrx_word' id='word_1_301' title='bbox 1436 2250 1500 2300; x_wconf 84' lang='grc' dir='ltr'>ὲκ</span> <span class='ocrx_word' id='word_1_302' title='bbox 1521 2247 1728 2313; x_wconf 77' lang='grc' dir='ltr'>κοιλίας</span> 
     </span>
    </p>
   </div>
   <div class='ocr_carea' id='block_1_39' title="bbox 136 2326 1726 2411">
    <p class='ocr_par' dir='ltr' id='par_1_39' title="bbox 136 2326 1726 2411">
     <span class='ocr_line' id='line_1_39' title="bbox 136 2326 1726 2411; baseline 0 -20"><span class='ocrx_word' id='word_1_303' title='bbox 136 2326 141 2327; x_wconf 17' lang='grc' dir='ltr'><strong>ί</strong></span> <span class='ocrx_word' id='word_1_304' title='bbox 177 2334 355 2404; x_wconf 82' lang='grc' dir='ltr'>μητρός</span> <span class='ocrx_word' id='word_1_305' title='bbox 397 2352 497 2406; x_wconf 85' lang='grc' dir='ltr'><strong>μου</strong></span> <span class='ocrx_word' id='word_1_306' title='bbox 545 2337 683 2401; x_wconf 83' lang='grc' dir='ltr'>Θεός</span> <span class='ocrx_word' id='word_1_307' title='bbox 729 2354 829 2408; x_wconf 88' lang='grc' dir='ltr'><strong>μου</strong></span> <span class='ocrx_word' id='word_1_308' title='bbox 874 2336 925 2393; x_wconf 78' lang='grc' dir='ltr'><strong>εί</strong></span> <span class='ocrx_word' id='word_1_309' title='bbox 966 2338 1050 2392; x_wconf 91' lang='grc' dir='ltr'>σύ.</span> <span class='ocrx_word' id='word_1_310' title='bbox 1083 2359 1102 2391; x_wconf 73' lang='grc' dir='ltr'><strong>ι</strong></span> <span class='ocrx_word' id='word_1_311' title='bbox 1138 2339 1234 2403; x_wconf 87' lang='grc' dir='ltr'>Τίς</span> <span class='ocrx_word' id='word_1_312' title='bbox 1260 2339 1316 2392; x_wconf 85' lang='grc' dir='ltr'>δὲ</span> <span class='ocrx_word' id='word_1_313' title='bbox 1341 2339 1579 2403; x_wconf 86' lang='grc' dir='ltr'>τοιοῦτος</span> <span class='ocrx_word' id='word_1_314' title='bbox 1610 2339 1726 2411; x_wconf 87' lang='grc' dir='ltr'>Θεῷ</span> 
     </span>
    </p>
   </div>
   <div class='ocr_carea' id='block_1_40' title="bbox 176 2423 1728 2501">
    <p class='ocr_par' dir='ltr' id='par_1_40' title="bbox 176 2423 1728 2501">
     <span class='ocr_line' id='line_1_40' title="bbox 176 2423 1728 2501; baseline 0.005 -25"><span class='ocrx_word' id='word_1_315' title='bbox 176 2423 544 2496; x_wconf 74' lang='grc' dir='ltr'>μεμελημένος,</span> <span class='ocrx_word' id='word_1_316' title='bbox 577 2428 780 2492; x_wconf 79' lang='grc' dir='ltr'>ὄνειδος</span> <span class='ocrx_word' id='word_1_317' title='bbox 824 2429 1126 2501; x_wconf 85' lang='grc' dir='ltr'>ἀνθρώπων</span> <span class='ocrx_word' id='word_1_318' title='bbox 1158 2430 1350 2499; x_wconf 81' lang='grc' dir='ltr'>γέγονε</span> <span class='ocrx_word' id='word_1_319' title='bbox 1389 2430 1484 2485; x_wconf 74' lang='grc' dir='ltr'>καὶ</span> <span class='ocrx_word' id='word_1_320' title='bbox 1516 2431 1728 2496; x_wconf 72' lang='grc' dir='ltr'>ἐξουθέ-</span> 
     </span>
    </p>
   </div>
   <div class='ocr_carea' id='block_1_41' title="bbox 173 2516 1727 2594">
    <p class='ocr_par' dir='ltr' id='par_1_41' title="bbox 173 2516 1727 2594">
     <span class='ocr_line' id='line_1_41' title="bbox 173 2516 1727 2594; baseline 0.005 -26"><span class='ocrx_word' id='word_1_321' title='bbox 173 2531 301 2585; x_wconf 62' lang='grc' dir='ltr'>νημα</span> <span class='ocrx_word' id='word_1_322' title='bbox 326 2516 479 2584; x_wconf 74' lang='grc' dir='ltr'>λαοῦς</span> <span class='ocrx_word' id='word_1_323' title='bbox 509 2520 622 2573; x_wconf 69' lang='grc' dir='ltr'>ὑπὸ</span> <span class='ocrx_word' id='word_1_324' title='bbox 667 2520 826 2573; x_wconf 88' lang='grc' dir='ltr'>τίνων</span> <span class='ocrx_word' id='word_1_325' title='bbox 870 2521 927 2574; x_wconf 83' lang='grc' dir='ltr'>δὲ</span> <span class='ocrx_word' id='word_1_326' title='bbox 971 2522 1064 2575; x_wconf 76' lang='grc' dir='ltr'>καὶ</span> <span class='ocrx_word' id='word_1_327' title='bbox 1106 2522 1361 2583; x_wconf 79' lang='grc' dir='ltr'>ποδαπῶν</span> <span class='ocrx_word' id='word_1_328' title='bbox 1392 2523 1605 2594; x_wconf 81' lang='grc' dir='ltr'>μόσχων</span> <span class='ocrx_word' id='word_1_329' title='bbox 1632 2523 1727 2577; x_wconf 75' lang='grc' dir='ltr'>καὶ</span> 
     </span>
    </p>
   </div>
   <div class='ocr_carea' id='block_1_42' title="bbox 173 2607 1730 2689">
    <p class='ocr_par' dir='ltr' id='par_1_42' title="bbox 173 2607 1730 2689">
     <span class='ocr_line' id='line_1_42' title="bbox 173 2607 1730 2689; baseline 0.008 -32"><span class='ocrx_word' id='word_1_330' title='bbox 173 2607 363 2689; x_wconf 82' lang='grc' dir='ltr'>ταύρων</span> <span class='ocrx_word' id='word_1_331' title='bbox 387 2611 490 2682; x_wconf 81' lang='grc' dir='ltr'>χρὴ</span> <span class='ocrx_word' id='word_1_332' title='bbox 514 2615 661 2665; x_wconf 83' lang='grc' dir='ltr'>νοεῖν</span> <span class='ocrx_word' id='word_1_333' title='bbox 690 2612 781 2666; x_wconf 78' lang='grc' dir='ltr'>τὸν</span> <span class='ocrx_word' id='word_1_334' title='bbox 814 2614 1013 2668; x_wconf 83' lang='grc' dir='ltr'>τοιόνδε</span> <span class='ocrx_word' id='word_1_335' title='bbox 1038 2614 1443 2681; x_wconf 86' lang='grc' dir='ltr'>κεκυκλῶσθαι;</span> <span class='ocrx_word' id='word_1_336' title='bbox 1472 2616 1525 2669; x_wconf 89' lang='grc' dir='ltr'><strong>τί</strong></span> <span class='ocrx_word' id='word_1_337' title='bbox 1553 2615 1608 2668; x_wconf 88' lang='grc' dir='ltr'>δὲ</span> <span class='ocrx_word' id='word_1_338' title='bbox 1632 2632 1730 2668; x_wconf 80' lang='grc' dir='ltr'>πα-</span> 
     </span>
    </p>
   </div>
   <div class='ocr_carea' id='block_1_43' title="bbox 175 2695 1729 2778">
    <p class='ocr_par' dir='ltr' id='par_1_43' title="bbox 175 2695 1729 2778">
     <span class='ocr_line' id='line_1_43' title="bbox 175 2695 1729 2778; baseline 0.005 -29"><span class='ocrx_word' id='word_1_339' title='bbox 175 2695 264 2751; x_wconf 80' lang='grc' dir='ltr'><strong>θὼν</strong></span> <span class='ocrx_word' id='word_1_340' title='bbox 292 2700 319 2752; x_wconf 86' lang='lat'><strong>6</strong></span> <span class='ocrx_word' id='word_1_341' title='bbox 350 2699 677 2774; x_wconf 86' lang='grc' dir='ltr'>δηλούμενος</span> <span class='ocrx_word' id='word_1_342' title='bbox 705 2705 837 2757; x_wconf 75' lang='grc' dir='ltr'>ὡσεὶ</span> <span class='ocrx_word' id='word_1_343' title='bbox 877 2704 1018 2778; x_wconf 77' lang='grc' dir='ltr'>ὕδωρ</span> <span class='ocrx_word' id='word_1_344' title='bbox 1053 2705 1312 2777; x_wconf 76' lang='grc' dir='ltr'>ἐξεχύθη;</span> <span class='ocrx_word' id='word_1_345' title='bbox 1350 2707 1444 2759; x_wconf 76' lang='grc' dir='ltr'>καὶ</span> <span class='ocrx_word' id='word_1_346' title='bbox 1505 2706 1621 2770; x_wconf 83' lang='grc' dir='ltr'><strong>πῶς</strong></span> <span class='ocrx_word' id='word_1_347' title='bbox 1649 2706 1729 2760; x_wconf 76' lang='grc' dir='ltr'>διο</span> 
     </span>
    </p>
   </div>
   <div class='ocr_carea' id='block_1_44' title="bbox 175 2792 1726 2871">
    <p class='ocr_par' dir='ltr' id='par_1_44' title="bbox 175 2792 1726 2871">
     <span class='ocr_line' id='line_1_44' title="bbox 175 2792 1726 2871; baseline 0.006 -31"><span class='ocrx_word' id='word_1_348' title='bbox 175 2792 475 2864; x_wconf 79' lang='grc' dir='ltr'>εσκορπίσθη</span> <span class='ocrx_word' id='word_1_349' title='bbox 504 2794 676 2848; x_wconf 77' lang='grc' dir='ltr'>αὑτοῦ</span> <span class='ocrx_word' id='word_1_350' title='bbox 709 2795 777 2849; x_wconf 88' lang='grc' dir='ltr'><strong>τά</strong></span> <span class='ocrx_word' id='word_1_351' title='bbox 809 2796 974 2863; x_wconf 80' lang='grc' dir='ltr'>όστᾶ;</span> <span class='ocrx_word' id='word_1_352' title='bbox 1004 2798 1119 2861; x_wconf 85' lang='grc' dir='ltr'>πῶς</span> <span class='ocrx_word' id='word_1_353' title='bbox 1148 2797 1205 2850; x_wconf 82' lang='grc' dir='ltr'>δὲ</span> <span class='ocrx_word' id='word_1_354' title='bbox 1233 2798 1313 2861; x_wconf 80' lang='grc' dir='ltr'><strong>εἰς</strong></span> <span class='ocrx_word' id='word_1_355' title='bbox 1341 2796 1467 2868; x_wconf 91' lang='grc' dir='ltr'>χοῦν</span> <span class='ocrx_word' id='word_1_356' title='bbox 1497 2797 1726 2871; x_wconf 82' lang='grc' dir='ltr'>θανάτου</span> 
     </span>
    </p>
   </div>
   <div class='ocr_carea' id='block_1_45' title="bbox 174 2872 1727 2960">
    <p class='ocr_par' dir='ltr' id='par_1_45' title="bbox 174 2881 1727 2960">
     <span class='ocr_line' id='line_1_45' title="bbox 174 2881 1727 2960; baseline 0.007 -27"><span class='ocrx_word' id='word_1_357' title='bbox 174 2881 413 2954; x_wconf 64' lang='grc' dir='ltr'>κατήχθη,</span> <span class='ocrx_word' id='word_1_358' title='bbox 443 2887 538 2939; x_wconf 70' lang='grc' dir='ltr'>καὶ</span> <span class='ocrx_word' id='word_1_359' title='bbox 567 2888 867 2958; x_wconf 79' lang='grc' dir='ltr'>καταχθεὶς</span> <span class='ocrx_word' id='word_1_360' title='bbox 889 2891 967 2953; x_wconf 82' lang='grc' dir='ltr'><strong>είς</strong></span> <span class='ocrx_word' id='word_1_361' title='bbox 990 2888 1118 2960; x_wconf 84' lang='grc' dir='ltr'>χοῦν</span> <span class='ocrx_word' id='word_1_362' title='bbox 1141 2888 1394 2951; x_wconf 81' lang='grc' dir='ltr'>θανάτου,</span> <span class='ocrx_word' id='word_1_363' title='bbox 1416 2888 1483 2942; x_wconf 84' lang='grc' dir='ltr'><strong>τά</strong></span> <span class='ocrx_word' id='word_1_364' title='bbox 1504 2889 1727 2944; x_wconf 84' lang='grc' dir='ltr'>τοιαῦτα</span> 
     </span>
    </p>
   </div>
   <div class='ocr_carea' id='block_1_46' title="bbox 174 2972 1726 3051">
    <p class='ocr_par' dir='ltr' id='par_1_46' title="bbox 174 2972 1726 3051">
     <span class='ocr_line' id='line_1_46' title="bbox 174 2972 1726 3051; baseline 0.004 -22"><span class='ocrx_word' id='word_1_365' title='bbox 174 2972 303 3029; x_wconf 79' lang='grc' dir='ltr'>λαλεῖ</span> <span class='ocrx_word' id='word_1_366' title='bbox 330 2976 426 3041; x_wconf 77' lang='grc' dir='ltr'>ἔτι,</span> <span class='ocrx_word' id='word_1_367' title='bbox 464 2981 558 3033; x_wconf 77' lang='grc' dir='ltr'>καὶ</span> <span class='ocrx_word' id='word_1_368' title='bbox 590 2981 655 3051; x_wconf 82' lang='grc' dir='ltr'><strong>ζῇ</strong></span> <span class='ocrx_word' id='word_1_369' title='bbox 687 2983 780 3034; x_wconf 79' lang='grc' dir='ltr'>καὶ</span> <span class='ocrx_word' id='word_1_370' title='bbox 801 2980 1127 3050; x_wconf 57' lang='grc' dir='ltr'>φθέγγεταη</span> <span class='ocrx_word' id='word_1_371' title='bbox 1159 2980 1303 3043; x_wconf 89' lang='grc' dir='ltr'>τίνες</span> <span class='ocrx_word' id='word_1_372' title='bbox 1334 2981 1392 3034; x_wconf 79' lang='grc' dir='ltr'>δὲ</span> <span class='ocrx_word' id='word_1_373' title='bbox 1420 2983 1469 3034; x_wconf 82' lang='grc' dir='ltr'>οἱ</span> <span class='ocrx_word' id='word_1_374' title='bbox 1495 2981 1654 3047; x_wconf 80' lang='grc' dir='ltr'>κύνες</span> <span class='ocrx_word' id='word_1_375' title='bbox 1677 2982 1726 3035; x_wconf 82' lang='grc' dir='ltr'>οἱ</span> 
     </span>
    </p>
   </div>
   <div class='ocr_carea' id='block_1_47' title="bbox 176 3065 1727 3146">
    <p class='ocr_par' dir='ltr' id='par_1_47' title="bbox 176 3065 1727 3146">
     <span class='ocr_line' id='line_1_47' title="bbox 176 3065 1727 3146; baseline 0.006 -28"><span class='ocrx_word' id='word_1_376' title='bbox 176 3065 524 3134; x_wconf 79' lang='grc' dir='ltr'>κυκλώσαντες</span> <span class='ocrx_word' id='word_1_377' title='bbox 573 3072 762 3136; x_wconf 80' lang='grc' dir='ltr'>αὐτὸν,</span> <span class='ocrx_word' id='word_1_378' title='bbox 794 3072 969 3143; x_wconf 69' lang='grc' dir='ltr'>ἕτεροι</span> <span class='ocrx_word' id='word_1_379' title='bbox 1028 3072 1181 3137; x_wconf 76' lang='grc' dir='ltr'>ὄντες</span> <span class='ocrx_word' id='word_1_380' title='bbox 1227 3072 1378 3146; x_wconf 86' lang='grc' dir='ltr'>παρὰ</span> <span class='ocrx_word' id='word_1_381' title='bbox 1420 3074 1548 3139; x_wconf 77' lang='grc' dir='ltr'>τοὺς</span> <span class='ocrx_word' id='word_1_382' title='bbox 1592 3091 1727 3146; x_wconf 87' lang='grc' dir='ltr'>προ-</span> 
     </span>
    </p>
   </div>
   <div class='ocr_carea' id='block_1_48' title="bbox 174 3161 1726 3238">
    <p class='ocr_par' dir='ltr' id='par_1_48' title="bbox 174 3161 1726 3238">
     <span class='ocr_line' id='line_1_48' title="bbox 174 3161 1726 3238; baseline 0.006 -27"><span class='ocrx_word' id='word_1_383' title='bbox 174 3161 565 3232; x_wconf 77' lang='grc' dir='ltr'>ωνομασμένους</span> <span class='ocrx_word' id='word_1_384' title='bbox 598 3164 830 3235; x_wconf 79' lang='grc' dir='ltr'>ταύρους</span> <span class='ocrx_word' id='word_1_385' title='bbox 846 3167 938 3218; x_wconf 83' lang='grc' dir='ltr'>καὶ</span> <span class='ocrx_word' id='word_1_386' title='bbox 971 3166 1200 3238; x_wconf 81' lang='grc' dir='ltr'>μόσχους</span> <span class='ocrx_word' id='word_1_387' title='bbox 1221 3182 1235 3231; x_wconf 89' lang='grc'><strong>;</strong></span> <span class='ocrx_word' id='word_1_388' title='bbox 1256 3166 1384 3219; x_wconf 90' lang='grc' dir='ltr'>ποία</span> <span class='ocrx_word' id='word_1_389' title='bbox 1409 3166 1465 3219; x_wconf 83' lang='grc' dir='ltr'>δὲ</span> <span class='ocrx_word' id='word_1_390' title='bbox 1484 3183 1726 3235; x_wconf 84' lang='grc' dir='ltr'>συναγω-</span> 
     </span>
    </p>
   </div>
   <div class='ocr_carea' id='block_1_49' title="bbox 175 3248 1728 3328">
    <p class='ocr_par' dir='ltr' id='par_1_49' title="bbox 175 3248 1728 3328">
     <span class='ocr_line' id='line_1_49' title="bbox 175 3248 1728 3328; baseline 0.006 -24"><span class='ocrx_word' id='word_1_391' title='bbox 175 3248 234 3323; x_wconf 71' lang='grc' dir='ltr'>γὴ</span> <span class='ocrx_word' id='word_1_392' title='bbox 276 3255 720 3325; x_wconf 84' lang='grc' dir='ltr'>πονηρευομένων</span> <span class='ocrx_word' id='word_1_393' title='bbox 760 3256 861 3320; x_wconf 77' lang='grc' dir='ltr'>τὰς</span> <span class='ocrx_word' id='word_1_394' title='bbox 895 3262 1082 3328; x_wconf 85' lang='grc' dir='ltr'>χεῖρας</span> <span class='ocrx_word' id='word_1_395' title='bbox 1127 3259 1187 3311; x_wconf 86' lang='grc' dir='ltr'>οὐ</span> <span class='ocrx_word' id='word_1_396' title='bbox 1232 3259 1408 3328; x_wconf 86' lang='grc' dir='ltr'>μόνον,</span> <span class='ocrx_word' id='word_1_397' title='bbox 1451 3258 1587 3313; x_wconf 85' lang='grc' dir='ltr'><strong>ἀλλά</strong></span> <span class='ocrx_word' id='word_1_398' title='bbox 1635 3259 1728 3313; x_wconf 74' lang='grc' dir='ltr'>καὶ</span> 
     </span>
    </p>
   </div>
   <div class='ocr_carea' id='block_1_50' title="bbox 174 3341 1729 3422">
    <p class='ocr_par' dir='ltr' id='par_1_50' title="bbox 174 3341 1729 3422">
     <span class='ocr_line' id='line_1_50' title="bbox 174 3341 1729 3422; baseline 0.009 -31"><span class='ocrx_word' id='word_1_399' title='bbox 174 3341 281 3406; x_wconf 74' lang='grc' dir='ltr'>τοὺς</span> <span class='ocrx_word' id='word_1_400' title='bbox 310 3345 469 3410; x_wconf 75' lang='grc' dir='ltr'>πόδας</span> <span class='ocrx_word' id='word_1_401' title='bbox 512 3346 615 3399; x_wconf 86' lang='grc' dir='ltr'><strong>τοῦ</strong></span> <span class='ocrx_word' id='word_1_402' title='bbox 647 3346 962 3416; x_wconf 54' lang='grc' dir='ltr'>τηλικοῶυ</span> <span class='ocrx_word' id='word_1_403' title='bbox 1006 3349 1240 3422; x_wconf 79' lang='grc' dir='ltr'>ὤρυξαν,</span> <span class='ocrx_word' id='word_1_404' title='bbox 1271 3350 1637 3415; x_wconf 70' lang='grc' dir='ltr'>ἀποδύσαντες</span> <span class='ocrx_word' id='word_1_405' title='bbox 1668 3368 1729 3405; x_wconf 87' lang='grc' dir='ltr'><strong>τε</strong></span> 
     </span>
    </p>
   </div>
   <div class='ocr_carea' id='block_1_51' title="bbox 176 3431 1727 3515">
    <p class='ocr_par' dir='ltr' id='par_1_51' title="bbox 176 3431 1727 3515">
     <span class='ocr_line' id='line_1_51' title="bbox 176 3431 1727 3515; baseline 0.008 -32"><span class='ocrx_word' id='word_1_406' title='bbox 176 3431 332 3498; x_wconf 77' lang='grc' dir='ltr'>αὐτὸν,</span> <span class='ocrx_word' id='word_1_407' title='bbox 361 3435 427 3488; x_wconf 80' lang='grc' dir='ltr'><strong>τά</strong></span> <span class='ocrx_word' id='word_1_408' title='bbox 482 3437 586 3507; x_wconf 87' lang='grc' dir='ltr'><strong>μέν</strong></span> <span class='ocrx_word' id='word_1_409' title='bbox 629 3455 751 3491; x_wconf 88' lang='grc' dir='ltr'>τινα</span> <span class='ocrx_word' id='word_1_410' title='bbox 790 3438 1045 3493; x_wconf 83' lang='grc' dir='ltr'>διείλοντο</span> <span class='ocrx_word' id='word_1_411' title='bbox 1072 3441 1236 3495; x_wconf 78' lang='grc' dir='ltr'>αὐτοῦ</span> <span class='ocrx_word' id='word_1_412' title='bbox 1267 3440 1373 3494; x_wconf 83' lang='grc' dir='ltr'><strong>τῶν</strong></span> <span class='ocrx_word' id='word_1_413' title='bbox 1397 3441 1727 3515; x_wconf 72' lang='grc' dir='ltr'>ἐνδυμάτων,</span> 
     </span>
    </p>
   </div>
   <div class='ocr_carea' id='block_1_52' title="bbox 176 3522 1741 3605">
    <p class='ocr_par' dir='ltr' id='par_1_52' title="bbox 176 3522 1741 3605">
     <span class='ocr_line' id='line_1_52' title="bbox 176 3522 1741 3605; baseline 0.007 -29"><span class='ocrx_word' id='word_1_414' title='bbox 176 3522 231 3576; x_wconf 78' lang='grc' dir='ltr'>τὰ</span> <span class='ocrx_word' id='word_1_415' title='bbox 255 3523 308 3577; x_wconf 77' lang='grc' dir='ltr'>δὲ</span> <span class='ocrx_word' id='word_1_416' title='bbox 336 3526 427 3579; x_wconf 77' lang='grc' dir='ltr'><strong>καὶ</strong></span> <span class='ocrx_word' id='word_1_417' title='bbox 463 3527 656 3598; x_wconf 80' lang='grc' dir='ltr'>κλήρῳ</span> <span class='ocrx_word' id='word_1_418' title='bbox 688 3526 942 3599; x_wconf 82' lang='grc' dir='ltr'>λαχόντες</span> <span class='ocrx_word' id='word_1_419' title='bbox 970 3530 1299 3597; x_wconf 65' lang='grc' dir='ltr'>έλ.α6ον;,τίς</span> <span class='ocrx_word' id='word_1_420' title='bbox 1325 3531 1381 3585; x_wconf 81' lang='grc' dir='ltr'>δὲ</span> <span class='ocrx_word' id='word_1_421' title='bbox 1414 3535 1446 3605; x_wconf 83' lang='grc' dir='ltr'><strong>η</strong></span> <span class='ocrx_word' id='word_1_422' title='bbox 1490 3534 1741 3605; x_wconf 71' lang='grc' dir='ltr'>ῥομφαία</span> 
     </span>
    </p>
   </div>
   <div class='ocr_carea' id='block_1_53' title="bbox 175 3620 1733 3699">
    <p class='ocr_par' dir='ltr' id='par_1_53' title="bbox 175 3620 1733 3699">
     <span class='ocr_line' id='line_1_53' title="bbox 175 3620 1733 3699; baseline 0.006 -28"><span class='ocrx_word' id='word_1_423' title='bbox 175 3620 251 3672; x_wconf 80' lang='grc' dir='ltr'>καὶ</span> <span class='ocrx_word' id='word_1_424' title='bbox 290 3623 317 3675; x_wconf 89' lang='lat'><strong>6</strong></span> <span class='ocrx_word' id='word_1_425' title='bbox 356 3620 518 3687; x_wconf 83' lang='grc' dir='ltr'>κύων,</span> <span class='ocrx_word' id='word_1_426' title='bbox 554 3623 653 3677; x_wconf 75' lang='grc' dir='ltr'>καὶ</span> <span class='ocrx_word' id='word_1_427' title='bbox 682 3623 709 3674; x_wconf 84' lang='lat'><strong>6</strong></span> <span class='ocrx_word' id='word_1_428' title='bbox 734 3623 903 3689; x_wconf 82' lang='grc' dir='ltr'>λὲων;</span> <span class='ocrx_word' id='word_1_429' title='bbox 932 3624 1075 3690; x_wconf 86' lang='grc' dir='ltr'>τίνες</span> <span class='ocrx_word' id='word_1_430' title='bbox 1103 3627 1159 3679; x_wconf 76' lang='grc' dir='ltr'>δὲ</span> <span class='ocrx_word' id='word_1_431' title='bbox 1188 3628 1238 3680; x_wconf 80' lang='grc' dir='ltr'>οἱ</span> <span class='ocrx_word' id='word_1_432' title='bbox 1271 3628 1551 3699; x_wconf 85' lang='grc' dir='ltr'>λεγόμενοι</span> <span class='ocrx_word' id='word_1_433' title='bbox 1582 3645 1733 3698; x_wconf 90' lang='grc' dir='ltr'>μονο-</span> 
     </span>
    </p>
   </div>
   <div class='ocr_carea' id='block_1_54' title="bbox 175 3708 1732 3789">
    <p class='ocr_par' dir='ltr' id='par_1_54' title="bbox 175 3708 1732 3789">
     <span class='ocr_line' id='line_1_54' title="bbox 175 3708 1732 3789; baseline 0.007 -27"><span class='ocrx_word' id='word_1_434' title='bbox 175 3708 405 3779; x_wconf 83' lang='grc' dir='ltr'>κέρωτες,</span> <span class='ocrx_word' id='word_1_435' title='bbox 444 3712 538 3765; x_wconf 82' lang='grc' dir='ltr'>τὸν</span> <span class='ocrx_word' id='word_1_436' title='bbox 589 3712 917 3784; x_wconf 85' lang='grc' dir='ltr'>δηλούμενον</span> <span class='ocrx_word' id='word_1_437' title='bbox 952 3717 1326 3788; x_wconf 82' lang='grc' dir='ltr'>περιέχοντες;</span> <span class='ocrx_word' id='word_1_438' title='bbox 1359 3718 1477 3782; x_wconf 78' lang='grc' dir='ltr'><strong>πῶς</strong></span> <span class='ocrx_word' id='word_1_439' title='bbox 1505 3719 1562 3772; x_wconf 87' lang='grc' dir='ltr'>δὲ</span> <span class='ocrx_word' id='word_1_440' title='bbox 1593 3718 1732 3789; x_wconf 84' lang='grc' dir='ltr'>μετὰ</span> 
     </span>
    </p>
   </div>
   <div class='ocr_carea' id='block_1_55' title="bbox 173 3800 1729 3882">
    <p class='ocr_par' dir='ltr' id='par_1_55' title="bbox 173 3800 1729 3882">
     <span class='ocr_line' id='line_1_55' title="bbox 173 3800 1729 3882; baseline 0.008 -29"><span class='ocrx_word' id='word_1_441' title='bbox 173 3800 257 3872; x_wconf 81' lang='grc' dir='ltr'>τὴν</span> <span class='ocrx_word' id='word_1_442' title='bbox 282 3804 410 3874; x_wconf 82' lang='grc' dir='ltr'>πρὸς</span> <span class='ocrx_word' id='word_1_443' title='bbox 434 3806 725 3870; x_wconf 84' lang='grc' dir='ltr'>τοσούτους</span> <span class='ocrx_word' id='word_1_444' title='bbox 755 3806 954 3878; x_wconf 80' lang='grc' dir='ltr'>πάλην,</span> <span class='ocrx_word' id='word_1_445' title='bbox 982 3810 1119 3879; x_wconf 78' lang='grc' dir='ltr'>μετὰ</span> <span class='ocrx_word' id='word_1_446' title='bbox 1146 3810 1207 3863; x_wconf 88' lang='grc' dir='ltr'>τὸ</span> <span class='ocrx_word' id='word_1_447' title='bbox 1240 3814 1319 3875; x_wconf 84' lang='grc' dir='ltr'><strong>είς</strong></span> <span class='ocrx_word' id='word_1_448' title='bbox 1345 3810 1474 3882; x_wconf 85' lang='grc' dir='ltr'>χοῦν</span> <span class='ocrx_word' id='word_1_449' title='bbox 1499 3811 1729 3866; x_wconf 86' lang='grc' dir='ltr'>θανάτου</span> 
     </span>
    </p>
   </div>
   <div class='ocr_carea' id='block_1_56' title="bbox 175 3895 1733 3973">
    <p class='ocr_par' dir='ltr' id='par_1_56' title="bbox 175 3895 1733 3973">
     <span class='ocr_line' id='line_1_56' title="bbox 175 3895 1733 3973; baseline 0.006 -27"><span class='ocrx_word' id='word_1_450' title='bbox 175 3895 503 3968; x_wconf 80' lang='grc' dir='ltr'>καταχθῆναι,</span> <span class='ocrx_word' id='word_1_451' title='bbox 538 3899 936 3967; x_wconf 75' lang='grc' dir='ltr'>ἐπαγγέλλεται</span> <span class='ocrx_word' id='word_1_452' title='bbox 965 3900 1026 3953; x_wconf 84' lang='grc' dir='ltr'>τὸ</span> <span class='ocrx_word' id='word_1_453' title='bbox 1052 3900 1220 3972; x_wconf 76' lang='grc' dir='ltr'>ὄνομα</span> <span class='ocrx_word' id='word_1_454' title='bbox 1260 3899 1354 3955; x_wconf 87' lang='grc' dir='ltr'><strong>τοῦ</strong></span> <span class='ocrx_word' id='word_1_455' title='bbox 1414 3902 1629 3973; x_wconf 86' lang='grc' dir='ltr'>Πατρὸς</span> <span class='ocrx_word' id='word_1_456' title='bbox 1654 3901 1733 3956; x_wconf 91' lang='grc' dir='ltr'>δι-</span> 
     </span>
    </p>
   </div>
   <div class='ocr_carea' id='block_1_57' title="bbox 174 3986 1728 4063">
    <p class='ocr_par' dir='ltr' id='par_1_57' title="bbox 174 3986 1728 4063">
     <span class='ocr_line' id='line_1_57' title="bbox 174 3986 1728 4063; baseline 0.006 -26"><span class='ocrx_word' id='word_1_457' title='bbox 174 3986 417 4053; x_wconf 81' lang='grc' dir='ltr'>ηγεῖσθαι,</span> <span class='ocrx_word' id='word_1_458' title='bbox 434 3990 496 4043; x_wconf 83' lang='grc' dir='ltr'>οὐ</span> <span class='ocrx_word' id='word_1_459' title='bbox 524 3990 863 4054; x_wconf 80' lang='grc' dir='ltr'>πᾶσιν,ἀλλά</span> <span class='ocrx_word' id='word_1_460' title='bbox 886 3991 1068 4062; x_wconf 85' lang='grc' dir='ltr'>μόνοις</span> <span class='ocrx_word' id='word_1_461' title='bbox 1089 3995 1200 4056; x_wconf 83' lang='grc' dir='ltr'>τοῖς</span> <span class='ocrx_word' id='word_1_462' title='bbox 1227 3991 1418 4047; x_wconf 81' lang='grc' dir='ltr'>ἑαυτοῦ</span> <span class='ocrx_word' id='word_1_463' title='bbox 1448 3993 1728 4063; x_wconf 84' lang='grc' dir='ltr'>ἀδελφοῖς;</span> 
     </span>
    </p>
   </div>
   <div class='ocr_carea' id='block_1_58' title="bbox 173 4075 1730 4159">
    <p class='ocr_par' dir='ltr' id='par_1_58' title="bbox 173 4075 1730 4159">
     <span class='ocr_line' id='line_1_58' title="bbox 173 4075 1730 4159; baseline 0.011 -31"><span class='ocrx_word' id='word_1_464' title='bbox 173 4075 294 4141; x_wconf 82' lang='grc' dir='ltr'>τίνες</span> <span class='ocrx_word' id='word_1_465' title='bbox 318 4097 373 4132; x_wconf 87' lang='grc' dir='ltr'><strong>τε</strong></span> <span class='ocrx_word' id='word_1_466' title='bbox 398 4084 448 4134; x_wconf 81' lang='grc' dir='ltr'><strong>οἱ</strong></span> <span class='ocrx_word' id='word_1_467' title='bbox 475 4081 718 4152; x_wconf 66' lang='grc' dir='ltr'>ἀδελφοὶ,</span> <span class='ocrx_word' id='word_1_468' title='bbox 751 4081 835 4147; x_wconf 87' lang='grc' dir='ltr'><strong>τίς</strong></span> <span class='ocrx_word' id='word_1_469' title='bbox 864 4100 924 4136; x_wconf 88' lang='grc' dir='ltr'><strong>τε</strong></span> <span class='ocrx_word' id='word_1_470' title='bbox 956 4086 988 4157; x_wconf 82' lang='grc' dir='ltr'>ἡ</span> <span class='ocrx_word' id='word_1_471' title='bbox 1030 4085 1342 4158; x_wconf 80' lang='grc' dir='ltr'>Ἐκκλησία,</span> <span class='ocrx_word' id='word_1_472' title='bbox 1372 4089 1498 4158; x_wconf 74' lang='grc' dir='ltr'>περὶ</span> <span class='ocrx_word' id='word_1_473' title='bbox 1525 4080 1593 4159; x_wconf 76' lang='grc' dir='ltr'>ἦς</span> <span class='ocrx_word' id='word_1_474' title='bbox 1625 4104 1730 4157; x_wconf 75' lang='grc' dir='ltr'>φη-</span> 
     </span>
    </p>
   </div>
   <div class='ocr_carea' id='block_1_59' title="bbox 176 4171 1731 4248">
    <p class='ocr_par' dir='ltr' id='par_1_59' title="bbox 176 4171 1731 4248">
     <span class='ocr_line' id='line_1_59' title="bbox 176 4171 1731 4248; baseline 0.013 -28"><span class='ocrx_word' id='word_1_475' title='bbox 176 4185 245 4221; x_wconf 81' lang='grc' dir='ltr'><strong>σιν</strong></span> <span class='ocrx_word' id='word_1_476' title='bbox 288 4171 313 4224; x_wconf 85' lang='lat'><strong>6</strong></span> <span class='ocrx_word' id='word_1_477' title='bbox 357 4172 423 4226; x_wconf 79' lang='grc' dir='ltr'><strong>τὰ</strong></span> <span class='ocrx_word' id='word_1_478' title='bbox 474 4173 704 4228; x_wconf 77' lang='grc' dir='ltr'>τοιαῦτα</span> <span class='ocrx_word' id='word_1_479' title='bbox 751 4174 977 4240; x_wconf 87' lang='grc' dir='ltr'>παθὼν,</span> <span class='ocrx_word' id='word_1_480' title='bbox 1034 4195 1053 4226; x_wconf 79' lang='grc' dir='ltr'><strong>ι</strong></span> <span class='ocrx_word' id='word_1_481' title='bbox 1089 4177 1178 4229; x_wconf 85' lang='grc' dir='ltr'>Ἐν</span> <span class='ocrx_word' id='word_1_482' title='bbox 1225 4178 1374 4248; x_wconf 84' lang='grc' dir='ltr'>μέσῳ</span> <span class='ocrx_word' id='word_1_483' title='bbox 1410 4176 1731 4248; x_wconf 81' lang='grc' dir='ltr'>Ἐκκλησίας</span> 
     </span>
    </p>
   </div>
   <div class='ocr_carea' id='block_1_60' title="bbox 174 4250 1732 4344">
    <p class='ocr_par' dir='ltr' id='par_1_60' title="bbox 174 4260 1732 4344">
     <span class='ocr_line' id='line_1_60' title="bbox 174 4260 1732 4344; baseline 0.007 -33"><span class='ocrx_word' id='word_1_484' title='bbox 174 4260 374 4333; x_wconf 75' lang='grc' dir='ltr'>ὑμνήσω</span> <span class='ocrx_word' id='word_1_485' title='bbox 421 4283 502 4330; x_wconf 85' lang='grc' dir='ltr'><strong>σε,</strong></span> <span class='ocrx_word' id='word_1_486' title='bbox 558 4284 577 4316; x_wconf 72' lang='grc' dir='ltr'><strong>ι</strong></span> <span class='ocrx_word' id='word_1_487' title='bbox 633 4260 714 4329; x_wconf 74' lang='grc' dir='ltr'>οἷς</span> <span class='ocrx_word' id='word_1_488' title='bbox 759 4266 854 4320; x_wconf 69' lang='grc' dir='ltr'>καὶ</span> <span class='ocrx_word' id='word_1_489' title='bbox 903 4267 1162 4336; x_wconf 76' lang='grc' dir='ltr'>ἐπιλέγει,</span> <span class='ocrx_word' id='word_1_490' title='bbox 1192 4268 1268 4331; x_wconf 81' lang='grc' dir='ltr'>ὡς</span> <span class='ocrx_word' id='word_1_491' title='bbox 1309 4268 1416 4340; x_wconf 79' lang='grc' dir='ltr'>ἄρα</span> <span class='ocrx_word' id='word_1_492' title='bbox 1453 4272 1552 4344; x_wconf 78' lang='grc' dir='ltr'>οὺχ</span> <span class='ocrx_word' id='word_1_493' title='bbox 1586 4269 1644 4322; x_wconf 82' lang='grc' dir='ltr'>ἓν</span> <span class='ocrx_word' id='word_1_494' title='bbox 1671 4270 1732 4323; x_wconf 81' lang='grc' dir='ltr'>τὸ</span> 
     </span>
    </p>
   </div>
   <div class='ocr_carea' id='block_1_61' title="bbox 186 4351 1733 4433">
    <p class='ocr_par' dir='ltr' id='par_1_61' title="bbox 186 4351 1733 4433">
     <span class='ocr_line' id='line_1_61' title="bbox 186 4351 1733 4433; baseline 0.008 -30"><span class='ocrx_word' id='word_1_495' title='bbox 186 4351 429 4411; x_wconf 83' lang='grc' dir='ltr'>Ἰουδαίων</span> <span class='ocrx_word' id='word_1_496' title='bbox 462 4354 641 4420; x_wconf 76' lang='grc' dir='ltr'>ἔθνος,</span> <span class='ocrx_word' id='word_1_497' title='bbox 678 4375 697 4408; x_wconf 74' lang='grc' dir='ltr'><strong>ι</strong></span> <span class='ocrx_word' id='word_1_498' title='bbox 729 4359 908 4412; x_wconf 84' lang='grc' dir='ltr'>πάντα</span> <span class='ocrx_word' id='word_1_499' title='bbox 928 4357 984 4411; x_wconf 85' lang='grc' dir='ltr'>δὲ</span> <span class='ocrx_word' id='word_1_500' title='bbox 1015 4358 1083 4415; x_wconf 79' lang='grc' dir='ltr'><strong>τὰ</strong></span> <span class='ocrx_word' id='word_1_501' title='bbox 1117 4358 1329 4431; x_wconf 87' lang='grc' dir='ltr'>πέρατα</span> <span class='ocrx_word' id='word_1_502' title='bbox 1354 4361 1453 4431; x_wconf 85' lang='grc' dir='ltr'><strong>τῆς</strong></span> <span class='ocrx_word' id='word_1_503' title='bbox 1474 4362 1574 4433; x_wconf 80' lang='grc' dir='ltr'><strong>γῆς</strong></span> <span class='ocrx_word' id='word_1_504' title='bbox 1608 4378 1733 4415; x_wconf 90' lang='grc' dir='ltr'>συν-</span> 
     </span>
    </p>
   </div>
   <div class='ocr_carea' id='block_1_62' title="bbox 174 4445 1732 4527">
    <p class='ocr_par' dir='ltr' id='par_1_62' title="bbox 174 4445 1732 4527">
     <span class='ocr_line' id='line_1_62' title="bbox 174 4445 1732 4527; baseline 0.008 -31"><span class='ocrx_word' id='word_1_505' title='bbox 174 4445 516 4518; x_wconf 83' lang='grc' dir='ltr'>αισθήσονται,</span> <span class='ocrx_word' id='word_1_506' title='bbox 548 4449 646 4503; x_wconf 69' lang='grc' dir='ltr'><strong>καὶ</strong></span> <span class='ocrx_word' id='word_1_507' title='bbox 673 4450 1168 4527; x_wconf 77' lang='grc' dir='ltr'>ἐπιστραφήσονται</span> <span class='ocrx_word' id='word_1_508' title='bbox 1206 4454 1340 4525; x_wconf 80' lang='grc' dir='ltr'>πρὸς</span> <span class='ocrx_word' id='word_1_509' title='bbox 1387 4453 1610 4525; x_wconf 85' lang='grc' dir='ltr'>Κύριον,</span> <span class='ocrx_word' id='word_1_510' title='bbox 1637 4455 1732 4509; x_wconf 73' lang='grc' dir='ltr'>καὶ</span> 
     </span>
    </p>
   </div>
   <div class='ocr_carea' id='block_1_63' title="bbox 172 4537 1730 4614">
    <p class='ocr_par' dir='ltr' id='par_1_63' title="bbox 172 4537 1730 4614">
     <span class='ocr_line' id='line_1_63' title="bbox 172 4537 1730 4614; baseline 0.006 -28"><span class='ocrx_word' id='word_1_511' title='bbox 172 4539 618 4609; x_wconf 80' lang='grc' dir='ltr'>προσκυνήσουσιν</span> <span class='ocrx_word' id='word_1_512' title='bbox 644 4537 874 4592; x_wconf 75' lang='grc' dir='ltr'>ἐνώπιον</span> <span class='ocrx_word' id='word_1_513' title='bbox 902 4539 1071 4603; x_wconf 37' lang='grc' dir='ltr'>αὑτοῦ,</span> <span class='ocrx_word' id='word_1_514' title='bbox 1097 4542 1266 4594; x_wconf 81' lang='grc' dir='ltr'>πᾶσαι</span> <span class='ocrx_word' id='word_1_515' title='bbox 1293 4543 1347 4595; x_wconf 82' lang='grc' dir='ltr'>αἱ</span> <span class='ocrx_word' id='word_1_516' title='bbox 1372 4542 1599 4614; x_wconf 76' lang='grc' dir='ltr'>πατριαὶ</span> <span class='ocrx_word' id='word_1_517' title='bbox 1622 4542 1730 4595; x_wconf 89' lang='grc' dir='ltr'><strong>τῶν</strong></span> 
     </span>
    </p>
   </div>
   <div class='ocr_carea' id='block_1_64' title="bbox 1829 1958 3398 2034">
    <p class='ocr_par' dir='ltr' id='par_1_64' title="bbox 1829 1958 3398 2034">
     <span class='ocr_line' id='line_1_64' title="bbox 1829 1958 3398 2034; baseline -0.004 -15"><span class='ocrx_word' id='word_1_518' title='bbox 1829 1965 1904 2019; x_wconf 88' lang='lat' dir='ltr'><strong>ita</strong></span> <span class='ocrx_word' id='word_1_519' title='bbox 1934 1964 2209 2034; x_wconf 83' lang='lat' dir='ltr'><strong>descripta</strong></span> <span class='ocrx_word' id='word_1_520' title='bbox 2256 1970 2413 2026; x_wconf 89' lang='lat' dir='ltr'><strong>sunt,</strong></span> <span class='ocrx_word' id='word_1_521' title='bbox 2449 1963 2578 2017; x_wconf 86' lang='lat' dir='ltr'><strong>huic</strong></span> <span class='ocrx_word' id='word_1_522' title='bbox 2609 1961 2920 2018; x_wconf 88' lang='lat' dir='ltr'><strong>convenire.</strong></span> <span class='ocrx_word' id='word_1_523' title='bbox 2976 1958 3080 2015; x_wconf 87' lang='lat' dir='ltr'><strong>Sed</strong></span> <span class='ocrx_word' id='word_1_524' title='bbox 3130 1959 3273 2015; x_wconf 83' lang='lat' dir='ltr'><strong>enim</strong></span> <span class='ocrx_word' id='word_1_525' title='bbox 3308 1958 3398 2012; x_wconf 89' lang='lat' dir='ltr'><strong>cui</strong></span> 
     </span>
    </p>
   </div>
   <div class='ocr_carea' id='block_1_65' title="bbox 1829 2046 3397 2127">
    <p class='ocr_par' dir='ltr' id='par_1_65' title="bbox 1829 2046 3397 2127">
     <span class='ocr_line' id='line_1_65' title="bbox 1829 2046 3397 2127; baseline -0.005 -16"><span class='ocrx_word' id='word_1_526' title='bbox 1829 2070 2069 2127; x_wconf 86' lang='lat' dir='ltr'><strong>unquam</strong></span> <span class='ocrx_word' id='word_1_527' title='bbox 2117 2071 2329 2119; x_wconf 91' lang='lat' dir='ltr'><strong>eorum,</strong></span> <span class='ocrx_word' id='word_1_528' title='bbox 2357 2070 2496 2125; x_wconf 89' lang='lat' dir='ltr'><strong>quos</strong></span> <span class='ocrx_word' id='word_1_529' title='bbox 2553 2055 2606 2108; x_wconf 94' lang='lat' dir='ltr'><strong>in</strong></span> <span class='ocrx_word' id='word_1_530' title='bbox 2661 2063 2814 2108; x_wconf 88' lang='lat' dir='ltr'><strong>utero</strong></span> <span class='ocrx_word' id='word_1_531' title='bbox 2860 2046 3032 2107; x_wconf 83' lang='lat' dir='ltr'><strong>mater</strong></span> <span class='ocrx_word' id='word_1_532' title='bbox 3084 2049 3397 2122; x_wconf 83' lang='lat' dir='ltr'><strong>gestaverit,</strong></span> 
     </span>
    </p>
   </div>
   <div class='ocr_carea' id='block_1_66' title="bbox 1829 2142 3401 2217">
    <p class='ocr_par' dir='ltr' id='par_1_66' title="bbox 1829 2142 3401 2217">
     <span class='ocr_line' id='line_1_66' title="bbox 1829 2142 3401 2217; baseline -0.006 -14"><span class='ocrx_word' id='word_1_533' title='bbox 1829 2157 2038 2204; x_wconf 85' lang='lat' dir='ltr'><strong>tantum</strong></span> <span class='ocrx_word' id='word_1_534' title='bbox 2097 2148 2349 2213; x_wconf 82' lang='lat' dir='ltr'><strong>virtutis,</strong></span> <span class='ocrx_word' id='word_1_535' title='bbox 2420 2153 2743 2217; x_wconf 84' lang='lat' dir='ltr'><strong>tantumque</strong></span> <span class='ocrx_word' id='word_1_536' title='bbox 2804 2144 3000 2199; x_wconf 86' lang='lat' dir='ltr'><strong>virium</strong></span> <span class='ocrx_word' id='word_1_537' title='bbox 3066 2142 3285 2198; x_wconf 84' lang='lat' dir='ltr'><strong>adfuit?</strong></span> <span class='ocrx_word' id='word_1_538' title='bbox 3339 2151 3401 2196; x_wconf 88' lang='lat' dir='ltr'><strong>ut</strong></span> 
     </span>
    </p>
   </div>
   <div class='ocr_carea' id='block_1_67' title="bbox 1827 2235 3402 2313">
    <p class='ocr_par' dir='ltr' id='par_1_67' title="bbox 1827 2235 3402 2313">
     <span class='ocr_line' id='line_1_67' title="bbox 1827 2235 3402 2313; baseline -0.006 -15"><span class='ocrx_word' id='word_1_539' title='bbox 1827 2244 2099 2298; x_wconf 87' lang='lat' dir='ltr'><strong>constanti</strong></span> <span class='ocrx_word' id='word_1_540' title='bbox 2150 2241 2495 2313; x_wconf 81' lang='lat' dir='ltr'><strong>cogitatione,</strong></span> <span class='ocrx_word' id='word_1_541' title='bbox 2555 2240 2844 2307; x_wconf 88' lang='lat' dir='ltr'><strong>animoque</strong></span> <span class='ocrx_word' id='word_1_542' title='bbox 2876 2235 3291 2307; x_wconf 79' lang='lat' dir='ltr'><strong>imperturbata,</strong></span> <span class='ocrx_word' id='word_1_543' title='bbox 3346 2242 3402 2289; x_wconf 89' lang='lat' dir='ltr'><strong>et</strong></span> 
     </span>
    </p>
   </div>
   <div class='ocr_carea' id='block_1_68' title="bbox 1826 2327 3396 2400">
    <p class='ocr_par' dir='ltr' id='par_1_68' title="bbox 1826 2327 3396 2400">
     <span class='ocr_line' id='line_1_68' title="bbox 1826 2327 3396 2400; baseline -0.005 -12"><span class='ocrx_word' id='word_1_544' title='bbox 1826 2341 2006 2388; x_wconf 88' lang='lat' dir='ltr'><strong>mente</strong></span> <span class='ocrx_word' id='word_1_545' title='bbox 2040 2333 2221 2388; x_wconf 87' lang='lat' dir='ltr'><strong>sobria</strong></span> <span class='ocrx_word' id='word_1_546' title='bbox 2251 2341 2304 2387; x_wconf 91' lang='lat' dir='ltr'><strong>et</strong></span> <span class='ocrx_word' id='word_1_547' title='bbox 2338 2338 2541 2395; x_wconf 88' lang='lat' dir='ltr'><strong>erecta,</strong></span> <span class='ocrx_word' id='word_1_548' title='bbox 2593 2330 2685 2385; x_wconf 90' lang='lat' dir='ltr'><strong>Dei</strong></span> <span class='ocrx_word' id='word_1_549' title='bbox 2712 2329 3075 2400; x_wconf 77' lang='lat' dir='ltr'><strong>cognitionem</strong></span> <span class='ocrx_word' id='word_1_550' title='bbox 3105 2327 3396 2398; x_wconf 84' lang='lat' dir='ltr'><strong>acceperit,</strong></span> 
     </span>
    </p>
   </div>
   <div class='ocr_carea' id='block_1_69' title="bbox 1826 2420 3400 2491">
    <p class='ocr_par' dir='ltr' id='par_1_69' title="bbox 1826 2420 3400 2491">
     <span class='ocr_line' id='line_1_69' title="bbox 1826 2420 3400 2491; baseline -0.003 -11"><span class='ocrx_word' id='word_1_551' title='bbox 1826 2434 1881 2481; x_wconf 91' lang='lat' dir='ltr'><strong>et</strong></span> <span class='ocrx_word' id='word_1_552' title='bbox 1912 2440 2127 2480; x_wconf 91' lang='lat' dir='ltr'><strong>omnem</strong></span> <span class='ocrx_word' id='word_1_553' title='bbox 2175 2438 2332 2480; x_wconf 90' lang='lat' dir='ltr'><strong>suam</strong></span> <span class='ocrx_word' id='word_1_554' title='bbox 2365 2437 2513 2491; x_wconf 85' lang='lat' dir='ltr'><strong>spem</strong></span> <span class='ocrx_word' id='word_1_555' title='bbox 2546 2422 2601 2477; x_wconf 92' lang='lat' dir='ltr'><strong>in</strong></span> <span class='ocrx_word' id='word_1_556' title='bbox 2630 2421 2742 2477; x_wconf 90' lang='lat' dir='ltr'><strong>Deo</strong></span> <span class='ocrx_word' id='word_1_557' title='bbox 2784 2420 3164 2487; x_wconf 90' lang='lat' dir='ltr'><strong>collocaverit,</strong></span> <span class='ocrx_word' id='word_1_558' title='bbox 3224 2434 3400 2490; x_wconf 85' lang='lat' dir='ltr'><strong>usque</strong></span> 
     </span>
    </p>
   </div>
   <div class='ocr_carea' id='block_1_70' title="bbox 1826 2512 3400 2585">
    <p class='ocr_par' dir='ltr' id='par_1_70' title="bbox 1826 2512 3400 2585">
     <span class='ocr_line' id='line_1_70' title="bbox 1826 2512 3400 2585; baseline -0.001 -17"><span class='ocrx_word' id='word_1_559' title='bbox 1826 2513 1961 2569; x_wconf 88' lang='lat' dir='ltr'><strong>adeo</strong></span> <span class='ocrx_word' id='word_1_560' title='bbox 1990 2521 2050 2568; x_wconf 93' lang='lat' dir='ltr'><strong>ut</strong></span> <span class='ocrx_word' id='word_1_561' title='bbox 2094 2515 2332 2585; x_wconf 89' lang='lat' dir='ltr'><strong>potuerit</strong></span> <span class='ocrx_word' id='word_1_562' title='bbox 2358 2515 2543 2570; x_wconf 88' lang='lat' dir='ltr'><strong>dicere</strong></span> <span class='ocrx_word' id='word_1_563' title='bbox 2575 2534 2589 2570; x_wconf 89' lang='lat'><strong>:</strong></span> <span class='ocrx_word' id='word_1_564' title='bbox 2620 2533 2639 2565; x_wconf 75' lang='grc' dir='ltr'><strong>ι</strong></span> <span class='ocrx_word' id='word_1_565' title='bbox 2681 2512 2947 2580; x_wconf 85' lang='lat' dir='ltr'><strong>Quoniam</strong></span> <span class='ocrx_word' id='word_1_566' title='bbox 2979 2520 3036 2567; x_wconf 92' lang='lat' dir='ltr'><strong>tu</strong></span> <span class='ocrx_word' id='word_1_567' title='bbox 3070 2528 3129 2567; x_wconf 92' lang='lat' dir='ltr'><strong>es</strong></span> <span class='ocrx_word' id='word_1_568' title='bbox 3155 2513 3248 2582; x_wconf 87' lang='lat' dir='ltr'><strong>qui</strong></span> <span class='ocrx_word' id='word_1_569' title='bbox 3305 2527 3400 2568; x_wconf 84' lang='lat' dir='ltr'><strong>ex-</strong></span> 
     </span>
    </p>
   </div>
   <div class='ocr_carea' id='block_1_71' title="bbox 1827 2601 3400 2672">
    <p class='ocr_par' dir='ltr' id='par_1_71' title="bbox 1827 2601 3400 2672">
     <span class='ocr_line' id='line_1_71' title="bbox 1827 2601 3400 2672; baseline 0 -16"><span class='ocrx_word' id='word_1_570' title='bbox 1827 2604 2041 2660; x_wconf 82' lang='lat' dir='ltr'><strong>traxisti</strong></span> <span class='ocrx_word' id='word_1_571' title='bbox 2091 2619 2179 2659; x_wconf 87' lang='lat' dir='ltr'><strong>me</strong></span> <span class='ocrx_word' id='word_1_572' title='bbox 2224 2602 2292 2658; x_wconf 91' lang='lat' dir='ltr'><strong>de</strong></span> <span class='ocrx_word' id='word_1_573' title='bbox 2337 2612 2528 2659; x_wconf 79' lang='lat' dir='ltr'><strong>ventre</strong></span> <span class='ocrx_word' id='word_1_574' title='bbox 2577 2604 2770 2658; x_wconf 87' lang='lat' dir='ltr'><strong>matris</strong></span> <span class='ocrx_word' id='word_1_575' title='bbox 2822 2617 2972 2665; x_wconf 71' lang='lat' dir='ltr'><strong>meae,</strong></span> <span class='ocrx_word' id='word_1_576' title='bbox 3014 2616 3140 2672; x_wconf 89' lang='lat' dir='ltr'><strong>spes</strong></span> <span class='ocrx_word' id='word_1_577' title='bbox 3171 2615 3291 2656; x_wconf 87' lang='lat' dir='ltr'><strong>mea</strong></span> <span class='ocrx_word' id='word_1_578' title='bbox 3330 2601 3400 2656; x_wconf 88' lang='lat' dir='ltr'><strong>ab</strong></span> 
     </span>
    </p>
   </div>
   <div class='ocr_carea' id='block_1_72' title="bbox 1826 2695 3396 2766">
    <p class='ocr_par' dir='ltr' id='par_1_72' title="bbox 1826 2695 3396 2766">
     <span class='ocr_line' id='line_1_72' title="bbox 1826 2695 3396 2766; baseline -0.001 -18"><span class='ocrx_word' id='word_1_579' title='bbox 1826 2695 2087 2751; x_wconf 89' lang='lat' dir='ltr'><strong>uberibus</strong></span> <span class='ocrx_word' id='word_1_580' title='bbox 2115 2696 2308 2751; x_wconf 83' lang='lat' dir='ltr'><strong>matris</strong></span> <span class='ocrx_word' id='word_1_581' title='bbox 2333 2711 2489 2761; x_wconf 72' lang='lat' dir='ltr'><strong>mete,</strong></span> <span class='ocrx_word' id='word_1_582' title='bbox 2520 2696 2574 2750; x_wconf 92' lang='lat' dir='ltr'><strong>in</strong></span> <span class='ocrx_word' id='word_1_583' title='bbox 2604 2702 2657 2751; x_wconf 85' lang='lat' dir='ltr'><strong>te</strong></span> <span class='ocrx_word' id='word_1_584' title='bbox 2684 2695 2959 2766; x_wconf 89' lang='lat' dir='ltr'><strong>projectus</strong></span> <span class='ocrx_word' id='word_1_585' title='bbox 2988 2709 3107 2750; x_wconf 90' lang='lat' dir='ltr'><strong>sum</strong></span> <span class='ocrx_word' id='word_1_586' title='bbox 3132 2708 3198 2748; x_wconf 82' lang='lat' dir='ltr'><strong>ex</strong></span> <span class='ocrx_word' id='word_1_587' title='bbox 3219 2701 3396 2755; x_wconf 80' lang='lat' dir='ltr'><strong>utero,</strong></span> 
     </span>
    </p>
   </div>
   <div class='ocr_carea' id='block_1_73' title="bbox 1826 2786 3400 2852">
    <p class='ocr_par' dir='ltr' id='par_1_73' title="bbox 1826 2786 3400 2852">
     <span class='ocr_line' id='line_1_73' title="bbox 1826 2786 3400 2852; baseline -0.003 -8"><span class='ocrx_word' id='word_1_588' title='bbox 1826 2788 1894 2844; x_wconf 89' lang='lat' dir='ltr'><strong>de</strong></span> <span class='ocrx_word' id='word_1_589' title='bbox 1922 2796 2112 2843; x_wconf 78' lang='lat' dir='ltr'><strong>ventre</strong></span> <span class='ocrx_word' id='word_1_590' title='bbox 2154 2787 2348 2843; x_wconf 88' lang='lat' dir='ltr'><strong>matris</strong></span> <span class='ocrx_word' id='word_1_591' title='bbox 2381 2803 2515 2843; x_wconf 70' lang='lat' dir='ltr'><strong>meae</strong></span> <span class='ocrx_word' id='word_1_592' title='bbox 2572 2786 2714 2843; x_wconf 88' lang='lat' dir='ltr'><strong>Deus</strong></span> <span class='ocrx_word' id='word_1_593' title='bbox 2767 2802 2920 2841; x_wconf 89' lang='lat' dir='ltr'><strong>meus</strong></span> <span class='ocrx_word' id='word_1_594' title='bbox 2967 2802 3027 2841; x_wconf 86' lang='lat' dir='ltr'><strong>es</strong></span> <span class='ocrx_word' id='word_1_595' title='bbox 3072 2794 3150 2840; x_wconf 88' lang='lat' dir='ltr'><strong>tu.</strong></span> <span class='ocrx_word' id='word_1_596' title='bbox 3206 2806 3225 2838; x_wconf 75' lang='grc' dir='ltr'><strong>ι</strong></span> <span class='ocrx_word' id='word_1_597' title='bbox 3263 2786 3400 2852; x_wconf 82' lang='lat' dir='ltr'><strong>Quis</strong></span> 
     </span>
    </p>
   </div>
   <div class='ocr_carea' id='block_1_74' title="bbox 1827 2876 3402 2951">
    <p class='ocr_par' dir='ltr' id='par_1_74' title="bbox 1827 2876 3402 2951">
     <span class='ocr_line' id='line_1_74' title="bbox 1827 2876 3402 2951; baseline -0.002 -17"><span class='ocrx_word' id='word_1_598' title='bbox 1827 2896 1992 2951; x_wconf 89' lang='lat' dir='ltr'><strong>porro</strong></span> <span class='ocrx_word' id='word_1_599' title='bbox 2020 2895 2263 2951; x_wconf 90' lang='lat' dir='ltr'><strong>unquam</strong></span> <span class='ocrx_word' id='word_1_600' title='bbox 2286 2879 2377 2936; x_wconf 87' lang='lat' dir='ltr'><strong>ubi</strong></span> <span class='ocrx_word' id='word_1_601' title='bbox 2411 2881 2529 2950; x_wconf 90' lang='lat' dir='ltr'><strong>ipse</strong></span> <span class='ocrx_word' id='word_1_602' title='bbox 2567 2887 2730 2934; x_wconf 73' lang='lat' dir='ltr'><strong>tanta:</strong></span> <span class='ocrx_word' id='word_1_603' title='bbox 2756 2893 2901 2933; x_wconf 84' lang='lat' dir='ltr'><strong>curae</strong></span> <span class='ocrx_word' id='word_1_604' title='bbox 2927 2877 3037 2933; x_wconf 89' lang='lat' dir='ltr'><strong>Deo</strong></span> <span class='ocrx_word' id='word_1_605' title='bbox 3065 2876 3249 2941; x_wconf 89' lang='lat' dir='ltr'><strong>fuerit,</strong></span> <span class='ocrx_word' id='word_1_606' title='bbox 3278 2885 3402 2946; x_wconf 89' lang='lat' dir='ltr'><strong>post</strong></span> 
     </span>
    </p>
   </div>
   <div class='ocr_carea' id='block_1_75' title="bbox 1826 2968 3402 3042">
    <p class='ocr_par' dir='ltr' id='par_1_75' title="bbox 1826 2968 3402 3042">
     <span class='ocr_line' id='line_1_75' title="bbox 1826 2968 3402 3042; baseline -0.002 -17"><span class='ocrx_word' id='word_1_607' title='bbox 1826 2985 1891 3025; x_wconf 88' lang='lat' dir='ltr'><strong>ea</strong></span> <span class='ocrx_word' id='word_1_608' title='bbox 1931 2971 2284 3042; x_wconf 88' lang='lat' dir='ltr'><strong>opprobrium</strong></span> <span class='ocrx_word' id='word_1_609' title='bbox 2315 2970 2599 3024; x_wconf 88' lang='lat' dir='ltr'><strong>hominum</strong></span> <span class='ocrx_word' id='word_1_610' title='bbox 2628 2979 2682 3024; x_wconf 91' lang='lat' dir='ltr'><strong>et</strong></span> <span class='ocrx_word' id='word_1_611' title='bbox 2722 2969 2953 3038; x_wconf 83' lang='lat' dir='ltr'><strong>abjectio</strong></span> <span class='ocrx_word' id='word_1_612' title='bbox 2986 2969 3169 3040; x_wconf 86' lang='lat' dir='ltr'><strong>populi</strong></span> <span class='ocrx_word' id='word_1_613' title='bbox 3222 2968 3402 3024; x_wconf 87' lang='lat' dir='ltr'><strong>factus</strong></span> 
     </span>
    </p>
   </div>
   <div class='ocr_carea' id='block_1_76' title="bbox 1827 3060 3404 3132">
    <p class='ocr_par' dir='ltr' id='par_1_76' title="bbox 1827 3060 3404 3132">
     <span class='ocr_line' id='line_1_76' title="bbox 1827 3060 3404 3132; baseline -0.003 -14"><span class='ocrx_word' id='word_1_614' title='bbox 1827 3062 1950 3127; x_wconf 84' lang='lat' dir='ltr'><strong>est?</strong></span> <span class='ocrx_word' id='word_1_615' title='bbox 1971 3075 2000 3116; x_wconf 86' lang='lat' dir='ltr'><strong>a</strong></span> <span class='ocrx_word' id='word_1_616' title='bbox 2027 3062 2228 3132; x_wconf 88' lang='lat' dir='ltr'><strong>quibus</strong></span> <span class='ocrx_word' id='word_1_617' title='bbox 2263 3069 2443 3116; x_wconf 89' lang='lat' dir='ltr'><strong>autem</strong></span> <span class='ocrx_word' id='word_1_618' title='bbox 2493 3068 2548 3115; x_wconf 89' lang='lat' dir='ltr'><strong>et</strong></span> <span class='ocrx_word' id='word_1_619' title='bbox 2580 3060 2889 3131; x_wconf 90' lang='lat' dir='ltr'><strong>cujusmodi</strong></span> <span class='ocrx_word' id='word_1_620' title='bbox 2913 3061 3123 3123; x_wconf 86' lang='lat' dir='ltr'><strong>vitulis,</strong></span> <span class='ocrx_word' id='word_1_621' title='bbox 3160 3069 3251 3114; x_wconf 89' lang='lat' dir='ltr'><strong>aut</strong></span> <span class='ocrx_word' id='word_1_622' title='bbox 3280 3070 3404 3114; x_wconf 88' lang='lat' dir='ltr'><strong>tau-</strong></span> 
     </span>
    </p>
   </div>
   <div class='ocr_carea' id='block_1_77' title="bbox 1828 3155 3404 3229">
    <p class='ocr_par' dir='ltr' id='par_1_77' title="bbox 1828 3155 3404 3229">
     <span class='ocr_line' id='line_1_77' title="bbox 1828 3155 3404 3229; baseline -0.001 -18"><span class='ocrx_word' id='word_1_623' title='bbox 1828 3160 1906 3213; x_wconf 91' lang='lat' dir='ltr'><strong>ris</strong></span> <span class='ocrx_word' id='word_1_624' title='bbox 1934 3156 2345 3229; x_wconf 77' lang='lat' dir='ltr'><strong>intelligendum</strong></span> <span class='ocrx_word' id='word_1_625' title='bbox 2377 3163 2461 3212; x_wconf 88' lang='lat' dir='ltr'><strong>est</strong></span> <span class='ocrx_word' id='word_1_626' title='bbox 2508 3156 2653 3211; x_wconf 86' lang='lat' dir='ltr'><strong>hunc</strong></span> <span class='ocrx_word' id='word_1_627' title='bbox 2684 3155 2854 3211; x_wconf 89' lang='lat' dir='ltr'><strong>fuisse</strong></span> <span class='ocrx_word' id='word_1_628' title='bbox 2884 3155 3322 3211; x_wconf 84' lang='lat' dir='ltr'><strong>circumdatum?</strong></span> <span class='ocrx_word' id='word_1_629' title='bbox 3349 3163 3404 3210; x_wconf 86' lang='lat' dir='ltr'><strong>et</strong></span> 
     </span>
    </p>
   </div>
   <div class='ocr_carea' id='block_1_78' title="bbox 1829 3249 3403 3322">
    <p class='ocr_par' dir='ltr' id='par_1_78' title="bbox 1829 3249 3403 3322">
     <span class='ocr_line' id='line_1_78' title="bbox 1829 3249 3403 3322; baseline -0.001 -17"><span class='ocrx_word' id='word_1_630' title='bbox 1829 3251 1961 3322; x_wconf 88' lang='lat' dir='ltr'><strong>quid</strong></span> <span class='ocrx_word' id='word_1_631' title='bbox 1983 3251 2199 3306; x_wconf 89' lang='lat' dir='ltr'><strong>tandem</strong></span> <span class='ocrx_word' id='word_1_632' title='bbox 2231 3251 2359 3306; x_wconf 85' lang='lat' dir='ltr'><strong>huic</strong></span> <span class='ocrx_word' id='word_1_633' title='bbox 2385 3252 2487 3322; x_wconf 85' lang='lat' dir='ltr'><strong>ipsi</strong></span> <span class='ocrx_word' id='word_1_634' title='bbox 2518 3251 2738 3316; x_wconf 89' lang='lat' dir='ltr'><strong>accidit,</strong></span> <span class='ocrx_word' id='word_1_635' title='bbox 2758 3260 2816 3305; x_wconf 93' lang='lat' dir='ltr'><strong>ut</strong></span> <span class='ocrx_word' id='word_1_636' title='bbox 2839 3251 2995 3321; x_wconf 90' lang='lat' dir='ltr'><strong>quasi</strong></span> <span class='ocrx_word' id='word_1_637' title='bbox 3028 3266 3168 3321; x_wconf 87' lang='lat' dir='ltr'><strong>aqua</strong></span> <span class='ocrx_word' id='word_1_638' title='bbox 3198 3249 3403 3306; x_wconf 73' lang='lat' dir='ltr'><strong>effusus</strong></span> 
     </span>
    </p>
   </div>
   <div class='ocr_carea' id='block_1_79' title="bbox 1830 3343 3405 3416">
    <p class='ocr_par' dir='ltr' id='par_1_79' title="bbox 1830 3343 3405 3416">
     <span class='ocr_line' id='line_1_79' title="bbox 1830 3343 3405 3416; baseline -0.002 -16"><span class='ocrx_word' id='word_1_639' title='bbox 1830 3345 1941 3400; x_wconf 78' lang='lat' dir='ltr'><strong>sit?</strong></span> <span class='ocrx_word' id='word_1_640' title='bbox 1966 3354 2019 3399; x_wconf 88' lang='lat' dir='ltr'><strong>et</strong></span> <span class='ocrx_word' id='word_1_641' title='bbox 2065 3345 2341 3416; x_wconf 90' lang='lat' dir='ltr'><strong>quomodo</strong></span> <span class='ocrx_word' id='word_1_642' title='bbox 2369 3344 2618 3413; x_wconf 90' lang='lat' dir='ltr'><strong>ejusdem</strong></span> <span class='ocrx_word' id='word_1_643' title='bbox 2678 3359 2804 3398; x_wconf 86' lang='lat' dir='ltr'><strong>ossa</strong></span> <span class='ocrx_word' id='word_1_644' title='bbox 2856 3344 3106 3415; x_wconf 82' lang='lat' dir='ltr'><strong>dispersa</strong></span> <span class='ocrx_word' id='word_1_645' title='bbox 3155 3343 3320 3399; x_wconf 81' lang='lat' dir='ltr'><strong>sunt?</strong></span> <span class='ocrx_word' id='word_1_646' title='bbox 3349 3349 3405 3398; x_wconf 87' lang='lat' dir='ltr'><strong>et</strong></span> 
     </span>
    </p>
   </div>
   <div class='ocr_carea' id='block_1_80' title="bbox 1829 3432 3405 3505">
    <p class='ocr_par' dir='ltr' id='par_1_80' title="bbox 1829 3432 3405 3505">
     <span class='ocr_line' id='line_1_80' title="bbox 1829 3432 3405 3505; baseline 0.001 -18"><span class='ocrx_word' id='word_1_647' title='bbox 1829 3449 1936 3504; x_wconf 88' lang='lat' dir='ltr'><strong>qua</strong></span> <span class='ocrx_word' id='word_1_648' title='bbox 1968 3435 2180 3492; x_wconf 84' lang='lat' dir='ltr'><strong>ratione</strong></span> <span class='ocrx_word' id='word_1_649' title='bbox 2230 3435 2285 3489; x_wconf 91' lang='lat' dir='ltr'><strong>in</strong></span> <span class='ocrx_word' id='word_1_650' title='bbox 2328 3435 2604 3505; x_wconf 80' lang='lat' dir='ltr'><strong>pulverem</strong></span> <span class='ocrx_word' id='word_1_651' title='bbox 2641 3434 2855 3488; x_wconf 81' lang='lat' dir='ltr'><strong>mortis-</strong></span> <span class='ocrx_word' id='word_1_652' title='bbox 2880 3432 3150 3488; x_wconf 85' lang='lat' dir='ltr'><strong>deductus</strong></span> <span class='ocrx_word' id='word_1_653' title='bbox 3201 3434 3325 3488; x_wconf 84' lang='lat' dir='ltr'><strong>est?</strong></span> <span class='ocrx_word' id='word_1_654' title='bbox 3348 3440 3405 3488; x_wconf 88' lang='lat' dir='ltr'><strong>et</strong></span> 
     </span>
    </p>
   </div>
   <div class='ocr_carea' id='block_1_81' title="bbox 1830 3525 3405 3597">
    <p class='ocr_par' dir='ltr' id='par_1_81' title="bbox 1830 3525 3405 3597">
     <span class='ocr_line' id='line_1_81' title="bbox 1830 3525 3405 3597; baseline -0.001 -16"><span class='ocrx_word' id='word_1_655' title='bbox 1830 3527 2061 3582; x_wconf 88' lang='lat' dir='ltr'><strong>simulac</strong></span> <span class='ocrx_word' id='word_1_656' title='bbox 2116 3528 2170 3581; x_wconf 91' lang='lat' dir='ltr'><strong>in</strong></span> <span class='ocrx_word' id='word_1_657' title='bbox 2208 3529 2368 3582; x_wconf 88' lang='lat' dir='ltr'><strong>talem</strong></span> <span class='ocrx_word' id='word_1_658' title='bbox 2406 3528 2685 3597; x_wconf 82' lang='lat' dir='ltr'><strong>pulverem</strong></span> <span class='ocrx_word' id='word_1_659' title='bbox 2710 3533 2795 3581; x_wconf 92' lang='lat' dir='ltr'><strong>est</strong></span> <span class='ocrx_word' id='word_1_660' title='bbox 2819 3526 3106 3590; x_wconf 82' lang='lat' dir='ltr'><strong>deductus,</strong></span> <span class='ocrx_word' id='word_1_661' title='bbox 3144 3525 3322 3580; x_wconf 86' lang='lat' dir='ltr'><strong>adhuc</strong></span> <span class='ocrx_word' id='word_1_662' title='bbox 3348 3531 3405 3580; x_wconf 88' lang='lat' dir='ltr'><strong>et</strong></span> 
     </span>
    </p>
   </div>
   <div class='ocr_carea' id='block_1_82' title="bbox 1829 3617 3406 3691">
    <p class='ocr_par' dir='ltr' id='par_1_82' title="bbox 1829 3617 3406 3691">
     <span class='ocr_line' id='line_1_82' title="bbox 1829 3617 3406 3691; baseline -0.002 -18"><span class='ocrx_word' id='word_1_663' title='bbox 1829 3620 1962 3674; x_wconf 86' lang='lat' dir='ltr'><strong>talia</strong></span> <span class='ocrx_word' id='word_1_664' title='bbox 2010 3619 2274 3691; x_wconf 88' lang='lat' dir='ltr'><strong>loquitur,</strong></span> <span class='ocrx_word' id='word_1_665' title='bbox 2315 3626 2370 3674; x_wconf 88' lang='lat' dir='ltr'><strong>et</strong></span> <span class='ocrx_word' id='word_1_666' title='bbox 2416 3620 2570 3682; x_wconf 87' lang='lat' dir='ltr'><strong>vivit,</strong></span> <span class='ocrx_word' id='word_1_667' title='bbox 2599 3625 2653 3673; x_wconf 93' lang='lat' dir='ltr'><strong>et</strong></span> <span class='ocrx_word' id='word_1_668' title='bbox 2683 3617 2924 3673; x_wconf 88' lang='lat' dir='ltr'><strong>vocalem</strong></span> <span class='ocrx_word' id='word_1_669' title='bbox 2958 3633 3018 3673; x_wconf 88' lang='lat' dir='ltr'><strong>se</strong></span> <span class='ocrx_word' id='word_1_670' title='bbox 3064 3617 3322 3688; x_wconf 76' lang='lat' dir='ltr'><strong>praestat?</strong></span> <span class='ocrx_word' id='word_1_671' title='bbox 3350 3623 3406 3671; x_wconf 93' lang='lat' dir='ltr'><strong>et</strong></span> 
     </span>
    </p>
   </div>
   <div class='ocr_carea' id='block_1_83' title="bbox 1831 3707 3398 3781">
    <p class='ocr_par' dir='ltr' id='par_1_83' title="bbox 1831 3707 3398 3781">
     <span class='ocr_line' id='line_1_83' title="bbox 1831 3707 3398 3781; baseline -0.003 -16"><span class='ocrx_word' id='word_1_672' title='bbox 1831 3711 2054 3781; x_wconf 88' lang='lat' dir='ltr'><strong>quinam</strong></span> <span class='ocrx_word' id='word_1_673' title='bbox 2105 3711 2198 3780; x_wconf 85' lang='lat' dir='ltr'><strong>alii</strong></span> <span class='ocrx_word' id='word_1_674' title='bbox 2251 3725 2417 3765; x_wconf 85' lang='lat' dir='ltr'><strong>canes</strong></span> <span class='ocrx_word' id='word_1_675' title='bbox 2461 3710 2615 3764; x_wconf 89' lang='lat' dir='ltr'><strong>illum</strong></span> <span class='ocrx_word' id='word_1_676' title='bbox 2667 3707 3149 3764; x_wconf 86' lang='lat' dir='ltr'><strong>circumdederunt</strong></span> <span class='ocrx_word' id='word_1_677' title='bbox 3199 3716 3398 3778; x_wconf 67' lang='lat' dir='ltr'><strong>praeter</strong></span> 
     </span>
    </p>
   </div>
   <div class='ocr_carea' id='block_1_84' title="bbox 1831 3797 3404 3872">
    <p class='ocr_par' dir='ltr' id='par_1_84' title="bbox 1831 3797 3404 3872">
     <span class='ocr_line' id='line_1_84' title="bbox 1831 3797 3404 3872; baseline -0.003 -14"><span class='ocrx_word' id='word_1_678' title='bbox 1831 3816 1947 3868; x_wconf 90' lang='lat' dir='ltr'><strong>eos,</strong></span> <span class='ocrx_word' id='word_1_679' title='bbox 1979 3818 2119 3872; x_wconf 81' lang='lat' dir='ltr'><strong>quos</strong></span> <span class='ocrx_word' id='word_1_680' title='bbox 2166 3802 2304 3857; x_wconf 82' lang='lat' dir='ltr'><strong>dixit</strong></span> <span class='ocrx_word' id='word_1_681' title='bbox 2348 3808 2403 3857; x_wconf 88' lang='lat' dir='ltr'><strong>et</strong></span> <span class='ocrx_word' id='word_1_682' title='bbox 2453 3808 2642 3856; x_wconf 85' lang='lat' dir='ltr'><strong>tauros</strong></span> <span class='ocrx_word' id='word_1_683' title='bbox 2691 3807 2746 3855; x_wconf 89' lang='lat' dir='ltr'><strong>et</strong></span> <span class='ocrx_word' id='word_1_684' title='bbox 2785 3799 3023 3855; x_wconf 88' lang='lat' dir='ltr'><strong>vitulos?</strong></span> <span class='ocrx_word' id='word_1_685' title='bbox 3079 3797 3226 3869; x_wconf 89' lang='lat' dir='ltr'><strong>quod</strong></span> <span class='ocrx_word' id='word_1_686' title='bbox 3272 3814 3404 3855; x_wconf 87' lang='lat' dir='ltr'><strong>vero</strong></span> 
     </span>
    </p>
   </div>
   <div class='ocr_carea' id='block_1_85' title="bbox 1831 3890 3403 3964">
    <p class='ocr_par' dir='ltr' id='par_1_85' title="bbox 1831 3890 3403 3964">
     <span class='ocr_line' id='line_1_85' title="bbox 1831 3890 3403 3964; baseline -0.001 -16"><span class='ocrx_word' id='word_1_687' title='bbox 1831 3893 2124 3948; x_wconf 88' lang='lat' dir='ltr'><strong>consilium</strong></span> <span class='ocrx_word' id='word_1_688' title='bbox 2181 3892 2597 3964; x_wconf 85' lang='lat' dir='ltr'><strong>malignantium</strong></span> <span class='ocrx_word' id='word_1_689' title='bbox 2649 3907 2758 3946; x_wconf 91' lang='lat' dir='ltr'><strong>non</strong></span> <span class='ocrx_word' id='word_1_690' title='bbox 2814 3890 2991 3945; x_wconf 89' lang='lat' dir='ltr'><strong>solum</strong></span> <span class='ocrx_word' id='word_1_691' title='bbox 3051 3905 3246 3945; x_wconf 87' lang='lat' dir='ltr'><strong>manus</strong></span> <span class='ocrx_word' id='word_1_692' title='bbox 3307 3891 3403 3946; x_wconf 90' lang='lat' dir='ltr'><strong>scd</strong></span> 
     </span>
    </p>
   </div>
   <div class='ocr_carea' id='block_1_86' title="bbox 1831 3978 3406 4055">
    <p class='ocr_par' dir='ltr' id='par_1_86' title="bbox 1831 3978 3406 4055">
     <span class='ocr_line' id='line_1_86' title="bbox 1831 3978 3406 4055; baseline -0.002 -16"><span class='ocrx_word' id='word_1_693' title='bbox 1831 3984 1995 4039; x_wconf 88' lang='lat' dir='ltr'><strong>etiam</strong></span> <span class='ocrx_word' id='word_1_694' title='bbox 2029 3983 2195 4055; x_wconf 87' lang='lat' dir='ltr'><strong>pedes</strong></span> <span class='ocrx_word' id='word_1_695' title='bbox 2222 3983 2455 4054; x_wconf 84' lang='lat' dir='ltr'><strong>hujusce</strong></span> <span class='ocrx_word' id='word_1_696' title='bbox 2504 3981 2571 4037; x_wconf 92' lang='lat' dir='ltr'><strong>de</strong></span> <span class='ocrx_word' id='word_1_697' title='bbox 2604 3996 2714 4052; x_wconf 92' lang='lat' dir='ltr'><strong>quo</strong></span> <span class='ocrx_word' id='word_1_698' title='bbox 2748 3996 2927 4035; x_wconf 84' lang='lat' dir='ltr'><strong>sermo</strong></span> <span class='ocrx_word' id='word_1_699' title='bbox 2955 3987 3060 4043; x_wconf 82' lang='lat' dir='ltr'><strong>est,</strong></span> <span class='ocrx_word' id='word_1_700' title='bbox 3113 3978 3406 4036; x_wconf 78' lang='lat' dir='ltr'><strong>foderunt?</strong></span> 
     </span>
    </p>
   </div>
   <div class='ocr_carea' id='block_1_87' title="bbox 1835 4074 3405 4147">
    <p class='ocr_par' dir='ltr' id='par_1_87' title="bbox 1835 4074 3405 4147">
     <span class='ocr_line' id='line_1_87' title="bbox 1835 4074 3405 4147; baseline -0.003 -16"><span class='ocrx_word' id='word_1_701' title='bbox 1835 4076 1929 4146; x_wconf 88' lang='lat' dir='ltr'><strong>qui</strong></span> <span class='ocrx_word' id='word_1_702' title='bbox 1964 4078 2128 4131; x_wconf 92' lang='lat' dir='ltr'><strong>etiam</strong></span> <span class='ocrx_word' id='word_1_703' title='bbox 2183 4085 2473 4147; x_wconf 87' lang='lat' dir='ltr'><strong>postquam</strong></span> <span class='ocrx_word' id='word_1_704' title='bbox 2526 4074 2779 4131; x_wconf 83' lang='lat' dir='ltr'><strong>eumdem</strong></span> <span class='ocrx_word' id='word_1_705' title='bbox 2835 4080 3137 4138; x_wconf 82' lang='lat' dir='ltr'><strong>exuerunt,</strong></span> <span class='ocrx_word' id='word_1_706' title='bbox 3197 4081 3405 4143; x_wconf 85' lang='lat' dir='ltr'><strong>partem</strong></span> 
     </span>
    </p>
   </div>
   <div class='ocr_carea' id='block_1_88' title="bbox 1834 4164 3403 4241">
    <p class='ocr_par' dir='ltr' id='par_1_88' title="bbox 1834 4164 3403 4241">
     <span class='ocr_line' id='line_1_88' title="bbox 1834 4164 3403 4241; baseline -0.003 -19"><span class='ocrx_word' id='word_1_707' title='bbox 1834 4166 2054 4237; x_wconf 88' lang='lat' dir='ltr'><strong>quidem</strong></span> <span class='ocrx_word' id='word_1_708' title='bbox 2104 4168 2554 4241; x_wconf 80' lang='lat' dir='ltr'><strong>vestimentorum</strong></span> <span class='ocrx_word' id='word_1_709' title='bbox 2622 4166 2795 4236; x_wconf 85' lang='lat' dir='ltr'><strong>ipsius</strong></span> <span class='ocrx_word' id='word_1_710' title='bbox 2856 4164 3131 4230; x_wconf 87' lang='lat' dir='ltr'><strong>divisere,</strong></span> <span class='ocrx_word' id='word_1_711' title='bbox 3192 4171 3403 4234; x_wconf 87' lang='lat' dir='ltr'><strong>partem</strong></span> 
     </span>
    </p>
   </div>
   <div class='ocr_carea' id='block_1_89' title="bbox 1832 4256 3407 4327">
    <p class='ocr_par' dir='ltr' id='par_1_89' title="bbox 1832 4256 3407 4327">
     <span class='ocr_line' id='line_1_89' title="bbox 1832 4256 3407 4327; baseline 0.001 -18"><span class='ocrx_word' id='word_1_712' title='bbox 1832 4273 1961 4312; x_wconf 86' lang='lat' dir='ltr'><strong>vero</strong></span> <span class='ocrx_word' id='word_1_713' title='bbox 1989 4257 2156 4326; x_wconf 87' lang='lat' dir='ltr'><strong>jactis</strong></span> <span class='ocrx_word' id='word_1_714' title='bbox 2200 4257 2441 4313; x_wconf 89' lang='lat' dir='ltr'><strong>sortibus</strong></span> <span class='ocrx_word' id='word_1_715' title='bbox 2472 4256 2864 4327; x_wconf 87' lang='lat' dir='ltr'><strong>arripuerunt?</strong></span> <span class='ocrx_word' id='word_1_716' title='bbox 2895 4264 2948 4311; x_wconf 90' lang='lat' dir='ltr'><strong>et</strong></span> <span class='ocrx_word' id='word_1_717' title='bbox 2993 4271 3241 4326; x_wconf 75' lang='lat' dir='ltr'><strong>quaenam</strong></span> <span class='ocrx_word' id='word_1_718' title='bbox 3295 4256 3407 4310; x_wconf 87' lang='lat' dir='ltr'><strong>fra-</strong></span> 
     </span>
    </p>
   </div>
   <div class='ocr_carea' id='block_1_90' title="bbox 1832 4347 3405 4420">
    <p class='ocr_par' dir='ltr' id='par_1_90' title="bbox 1832 4347 3405 4420">
     <span class='ocr_line' id='line_1_90' title="bbox 1832 4347 3405 4420; baseline -0.001 -18"><span class='ocrx_word' id='word_1_719' title='bbox 1832 4365 1953 4406; x_wconf 86' lang='lat' dir='ltr'><strong>mea</strong></span> <span class='ocrx_word' id='word_1_720' title='bbox 1996 4350 2126 4403; x_wconf 84' lang='lat' dir='ltr'><strong>illa?</strong></span> <span class='ocrx_word' id='word_1_721' title='bbox 2154 4350 2280 4419; x_wconf 89' lang='lat' dir='ltr'><strong>quis</strong></span> <span class='ocrx_word' id='word_1_722' title='bbox 2316 4349 2511 4405; x_wconf 84' lang='lat' dir='ltr'><strong>canis?</strong></span> <span class='ocrx_word' id='word_1_723' title='bbox 2551 4350 2675 4420; x_wconf 89' lang='lat' dir='ltr'><strong>quis</strong></span> <span class='ocrx_word' id='word_1_724' title='bbox 2714 4347 2841 4404; x_wconf 82' lang='lat' dir='ltr'><strong>leo?</strong></span> <span class='ocrx_word' id='word_1_725' title='bbox 2872 4348 2965 4418; x_wconf 90' lang='lat' dir='ltr'><strong>qui</strong></span> <span class='ocrx_word' id='word_1_726' title='bbox 3021 4349 3147 4402; x_wconf 88' lang='lat' dir='ltr'><strong>item</strong></span> <span class='ocrx_word' id='word_1_727' title='bbox 3180 4348 3256 4402; x_wconf 90' lang='lat' dir='ltr'><strong>illi</strong></span> <span class='ocrx_word' id='word_1_728' title='bbox 3310 4347 3405 4418; x_wconf 86' lang='lat' dir='ltr'><strong>qui</strong></span> 
     </span>
    </p>
   </div>
   <div class='ocr_carea' id='block_1_91' title="bbox 1834 4439 3405 4509">
    <p class='ocr_par' dir='ltr' id='par_1_91' title="bbox 1834 4439 3405 4509">
     <span class='ocr_line' id='line_1_91' title="bbox 1834 4439 3405 4509; baseline -0.001 -15"><span class='ocrx_word' id='word_1_729' title='bbox 1834 4440 2090 4495; x_wconf 90' lang='lat' dir='ltr'><strong>dicuntur</strong></span> <span class='ocrx_word' id='word_1_730' title='bbox 2122 4441 2416 4496; x_wconf 88' lang='lat' dir='ltr'><strong>unicornes</strong></span> <span class='ocrx_word' id='word_1_731' title='bbox 2443 4456 2588 4504; x_wconf 88' lang='lat' dir='ltr'><strong>cum,</strong></span> <span class='ocrx_word' id='word_1_732' title='bbox 2629 4440 2697 4494; x_wconf 90' lang='lat' dir='ltr'><strong>de</strong></span> <span class='ocrx_word' id='word_1_733' title='bbox 2738 4455 2849 4509; x_wconf 88' lang='lat' dir='ltr'><strong>quo</strong></span> <span class='ocrx_word' id='word_1_734' title='bbox 2903 4454 3080 4494; x_wconf 88' lang='lat' dir='ltr'><strong>sermo</strong></span> <span class='ocrx_word' id='word_1_735' title='bbox 3113 4447 3217 4504; x_wconf 86' lang='lat' dir='ltr'><strong>est,</strong></span> <span class='ocrx_word' id='word_1_736' title='bbox 3251 4439 3405 4495; x_wconf 84' lang='lat' dir='ltr'><strong>obsi-</strong></span> 
     </span>
    </p>
   </div>
   <div class='ocr_carea' id='block_1_92' title="bbox 1834 4527 3405 4603">
    <p class='ocr_par' dir='ltr' id='par_1_92' title="bbox 1834 4527 3405 4603">
     <span class='ocr_line' id='line_1_92' title="bbox 1834 4527 3405 4603; baseline -0.001 -18"><span class='ocrx_word' id='word_1_737' title='bbox 1834 4531 2068 4586; x_wconf 88' lang='lat' dir='ltr'><strong>dentes?</strong></span> <span class='ocrx_word' id='word_1_738' title='bbox 2097 4529 2260 4603; x_wconf 60' lang='lat'><strong>492</strong></span> <span class='ocrx_word' id='word_1_739' title='bbox 2293 4539 2347 4587; x_wconf 91' lang='lat' dir='ltr'><strong>et</strong></span> <span class='ocrx_word' id='word_1_740' title='bbox 2376 4546 2482 4601; x_wconf 90' lang='lat' dir='ltr'><strong>qua</strong></span> <span class='ocrx_word' id='word_1_741' title='bbox 2514 4530 2861 4600; x_wconf 77' lang='lat' dir='ltr'><strong>fiduciapost</strong></span> <span class='ocrx_word' id='word_1_742' title='bbox 2896 4537 3103 4583; x_wconf 89' lang='lat' dir='ltr'><strong>tantam</strong></span> <span class='ocrx_word' id='word_1_743' title='bbox 3127 4536 3316 4585; x_wconf 88' lang='lat' dir='ltr'><strong>contra</strong></span> <span class='ocrx_word' id='word_1_744' title='bbox 3348 4527 3405 4583; x_wconf 90' lang='lat' dir='ltr'><strong>id</strong></span> 
     </span>
    </p>
   </div>
   <div class='ocr_carea' id='block_1_93' title="bbox 173 4603 1730 4710">
    <p class='ocr_par' dir='ltr' id='par_1_93' title="bbox 173 4603 1730 4710">
     <span class='ocr_line' id='line_1_93' title="bbox 173 4603 1730 4710; baseline 0.01 -38"><span class='ocrx_word' id='word_1_745' title='bbox 173 4603 351 4710; x_wconf 67' lang='grc' dir='ltr'>έθνῶνς</span> <span class='ocrx_word' id='word_1_746' title='bbox 384 4603 539 4681; x_wconf 37' lang='grc' dir='ltr'><strong>’.Καὶ</strong></span> <span class='ocrx_word' id='word_1_747' title='bbox 570 4628 636 4681; x_wconf 81' lang='grc' dir='ltr'>σὺ</span> <span class='ocrx_word' id='word_1_748' title='bbox 660 4627 737 4691; x_wconf 79' lang='grc' dir='ltr'>δὲ,</span> <span class='ocrx_word' id='word_1_749' title='bbox 775 4628 923 4699; x_wconf 85' lang='grc' dir='ltr'>παρά</span> <span class='ocrx_word' id='word_1_750' title='bbox 954 4628 1134 4700; x_wconf 80' lang='grc' dir='ltr'>σαυτῷ</span> <span class='ocrx_word' id='word_1_751' title='bbox 1163 4629 1459 4699; x_wconf 87' lang='grc' dir='ltr'>βασανίσας</span> <span class='ocrx_word' id='word_1_752' title='bbox 1485 4603 1730 4703; x_wconf 56' lang='grc' dir='ltr'>’ἑκάστην</span> 
     </span>
    </p>
   </div>
   <div class='ocr_carea' id='block_1_94' title="bbox 1831 4603 3405 4710">
    <p class='ocr_par' dir='ltr' id='par_1_94' title="bbox 1836 4619 3405 4710">
     <span class='ocr_line' id='line_1_94' title="bbox 1836 4619 3405 4710; baseline -0.002 -33"><span class='ocrx_word' id='word_1_753' title='bbox 1836 4637 2007 4692; x_wconf 82' lang='lat' dir='ltr'><strong>genus</strong></span> <span class='ocrx_word' id='word_1_754' title='bbox 2059 4624 2281 4688; x_wconf 89' lang='lat' dir='ltr'><strong>luctam,</strong></span> <span class='ocrx_word' id='word_1_755' title='bbox 2338 4637 2403 4676; x_wconf 85' lang='lat' dir='ltr'><strong>ac</strong></span> <span class='ocrx_word' id='word_1_756' title='bbox 2446 4634 2733 4692; x_wconf 90' lang='lat' dir='ltr'><strong>postquam</strong></span> <span class='ocrx_word' id='word_1_757' title='bbox 2790 4621 2844 4675; x_wconf 92' lang='lat' dir='ltr'><strong>in</strong></span> <span class='ocrx_word' id='word_1_758' title='bbox 2896 4620 3170 4710; x_wconf 75' lang='lat' dir='ltr'><strong>pulverem</strong></span> <span class='ocrx_word' id='word_1_759' title='bbox 3212 4619 3405 4674; x_wconf 90' lang='lat' dir='ltr'><strong>mortis</strong></span> 
     </span>
    </p>
   </div>
   <div class='ocr_carea' id='block_1_95' title="bbox 172 4708 1734 4793">
    <p class='ocr_par' dir='ltr' id='par_1_95' title="bbox 172 4708 1734 4793">
     <span class='ocr_line' id='line_1_95' title="bbox 172 4708 1734 4793; baseline 0.007 -28"><span class='ocrx_word' id='word_1_760' title='bbox 172 4708 298 4779; x_wconf 78' lang='grc' dir='ltr'>λέξιν</span> <span class='ocrx_word' id='word_1_761' title='bbox 342 4715 434 4769; x_wconf 87' lang='grc' dir='ltr'><strong>τοῦ</strong></span> <span class='ocrx_word' id='word_1_762' title='bbox 484 4716 726 4788; x_wconf 81' lang='grc' dir='ltr'>ψαλμοῦ,</span> <span class='ocrx_word' id='word_1_763' title='bbox 757 4717 854 4770; x_wconf 83' lang='grc' dir='ltr'><strong>θέα</strong></span> <span class='ocrx_word' id='word_1_764' title='bbox 899 4720 948 4770; x_wconf 87' lang='grc' dir='ltr'><strong>εί</strong></span> <span class='ocrx_word' id='word_1_765' title='bbox 994 4718 1215 4773; x_wconf 83' lang='grc' dir='ltr'>δυνατὸν</span> <span class='ocrx_word' id='word_1_766' title='bbox 1247 4721 1339 4773; x_wconf 79' lang='grc' dir='ltr'><strong>ἐπὶ</strong></span> <span class='ocrx_word' id='word_1_767' title='bbox 1368 4719 1457 4774; x_wconf 86' lang='grc' dir='ltr'>τὸν</span> <span class='ocrx_word' id='word_1_768' title='bbox 1503 4722 1734 4793; x_wconf 84' lang='grc' dir='ltr'>τυχόντα</span> 
     </span>
    </p>
   </div>
   <div class='ocr_carea' id='block_1_96' title="bbox 170 4802 1733 4885">
    <p class='ocr_par' dir='ltr' id='par_1_96' title="bbox 170 4802 1733 4885">
     <span class='ocr_line' id='line_1_96' title="bbox 170 4802 1733 4885; baseline 0.003 -25"><span class='ocrx_word' id='word_1_769' title='bbox 170 4802 443 4880; x_wconf 79' lang='grc' dir='ltr'>ἀναφέρειν</span> <span class='ocrx_word' id='word_1_770' title='bbox 470 4809 542 4862; x_wconf 84' lang='grc' dir='ltr'>τὰ</span> <span class='ocrx_word' id='word_1_771' title='bbox 566 4806 947 4879; x_wconf 78' lang='grc' dir='ltr'>θεσπιζόμενα.</span> <span class='ocrx_word' id='word_1_772' title='bbox 966 4809 1104 4862; x_wconf 84' lang='grc' dir='ltr'>Ἀλλ’</span> <span class='ocrx_word' id='word_1_773' title='bbox 1130 4811 1231 4862; x_wconf 82' lang='grc' dir='ltr'>οὐκ</span> <span class='ocrx_word' id='word_1_774' title='bbox 1267 4810 1332 4864; x_wconf 84' lang='grc' dir='ltr'>ἂν</span> <span class='ocrx_word' id='word_1_775' title='bbox 1357 4809 1537 4882; x_wconf 76' lang='grc' dir='ltr'>εὕροις</span> <span class='ocrx_word' id='word_1_776' title='bbox 1563 4812 1733 4885; x_wconf 79' lang='grc' dir='ltr'>ἑτέρῳ</span> 
     </span>
    </p>
   </div>
   <div class='ocr_carea' id='block_1_97' title="bbox 173 4901 1734 4975">
    <p class='ocr_par' dir='ltr' id='par_1_97' title="bbox 173 4901 1734 4975">
     <span class='ocr_line' id='line_1_97' title="bbox 173 4901 1734 4975; baseline 0.006 -26"><span class='ocrx_word' id='word_1_777' title='bbox 173 4912 241 4969; x_wconf 80' lang='grc' dir='ltr'>τῳ</span> <span class='ocrx_word' id='word_1_778' title='bbox 263 4901 621 4973; x_wconf 72' lang='grc' dir='ltr'>ἐφαρμόττειν</span> <span class='ocrx_word' id='word_1_779' title='bbox 652 4902 790 4955; x_wconf 78' lang='grc' dir='ltr'>αὐτὰ</span> <span class='ocrx_word' id='word_1_780' title='bbox 820 4902 852 4973; x_wconf 76' lang='grc' dir='ltr'>ἢ</span> <span class='ocrx_word' id='word_1_781' title='bbox 892 4903 1036 4975; x_wconf 80' lang='grc' dir='ltr'>μόνῳ</span> <span class='ocrx_word' id='word_1_782' title='bbox 1061 4904 1270 4974; x_wconf 82' lang='grc' dir='ltr'>Σωτῆρι</span> <span class='ocrx_word' id='word_1_783' title='bbox 1305 4904 1483 4975; x_wconf 84' lang='grc' dir='ltr'>ἡμῶν,</span> <span class='ocrx_word' id='word_1_784' title='bbox 1510 4904 1570 4968; x_wconf 74' lang='grc' dir='ltr'>ὃς</span> <span class='ocrx_word' id='word_1_785' title='bbox 1597 4907 1734 4960; x_wconf 84' lang='grc' dir='ltr'>πάν-</span> 
     </span>
    </p>
   </div>
   <div class='ocr_carea' id='block_1_98' title="bbox 173 4994 1727 5068">
    <p class='ocr_par' dir='ltr' id='par_1_98' title="bbox 173 4994 1727 5068">
     <span class='ocr_line' id='line_1_98' title="bbox 173 4994 1727 5068; baseline 0.006 -27"><span class='ocrx_word' id='word_1_786' title='bbox 173 5006 266 5044; x_wconf 85' lang='grc' dir='ltr'><strong>των</strong></span> <span class='ocrx_word' id='word_1_787' title='bbox 302 4994 623 5059; x_wconf 76' lang='grc' dir='ltr'>πιστότατος</span> <span class='ocrx_word' id='word_1_788' title='bbox 661 4994 727 5049; x_wconf 85' lang='grc' dir='ltr'>ἂν</span> <span class='ocrx_word' id='word_1_789' title='bbox 759 4995 842 5066; x_wconf 81' lang='grc' dir='ltr'><strong>εἴη</strong></span> <span class='ocrx_word' id='word_1_790' title='bbox 878 4996 971 5049; x_wconf 76' lang='grc' dir='ltr'>καὶ</span> <span class='ocrx_word' id='word_1_791' title='bbox 1008 4995 1392 5068; x_wconf 83' lang='grc' dir='ltr'>ἀληθέστατος,</span> <span class='ocrx_word' id='word_1_792' title='bbox 1426 4997 1506 5060; x_wconf 75' lang='grc' dir='ltr'>εἰς</span> <span class='ocrx_word' id='word_1_793' title='bbox 1537 4997 1727 5051; x_wconf 81' lang='grc' dir='ltr'>ἑαυτοῦ</span> 
     </span>
    </p>
   </div>
   <div class='ocr_carea' id='block_1_99' title="bbox 173 5082 1730 5158">
    <p class='ocr_par' dir='ltr' id='par_1_99' title="bbox 173 5082 1730 5158">
     <span class='ocr_line' id='line_1_99' title="bbox 173 5082 1730 5158; baseline 0.001 -19"><span class='ocrx_word' id='word_1_794' title='bbox 173 5082 439 5153; x_wconf 77' lang='grc' dir='ltr'>πρόσωπον</span> <span class='ocrx_word' id='word_1_795' title='bbox 470 5085 780 5158; x_wconf 81' lang='grc' dir='ltr'>ἀνειληφὼς</span> <span class='ocrx_word' id='word_1_796' title='bbox 807 5086 904 5158; x_wconf 83' lang='grc' dir='ltr'>τὴν</span> <span class='ocrx_word' id='word_1_797' title='bbox 929 5088 1035 5140; x_wconf 75' lang='grc' dir='ltr'><strong>ἀπὸ</strong></span> <span class='ocrx_word' id='word_1_798' title='bbox 1059 5086 1154 5141; x_wconf 85' lang='grc' dir='ltr'><strong>τοῦ</strong></span> <span class='ocrx_word' id='word_1_799' title='bbox 1186 5085 1401 5157; x_wconf 77' lang='grc' dir='ltr'>ψαλμοῦ</span> <span class='ocrx_word' id='word_1_800' title='bbox 1430 5086 1631 5158; x_wconf 85' lang='grc' dir='ltr'>φωνὴν,</span> <span class='ocrx_word' id='word_1_801' title='bbox 1654 5088 1730 5151; x_wconf 81' lang='grc' dir='ltr'>ὡς</span> 
     </span>
    </p>
   </div>
   <div class='ocr_carea' id='block_1_100' title="bbox 87 5169 1731 5251">
    <p class='ocr_par' dir='ltr' id='par_1_100' title="bbox 87 5169 1731 5251">
     <span class='ocr_line' id='line_1_100' title="bbox 87 5169 1731 5251; baseline 0.001 -21"><span class='ocrx_word' id='word_1_802' title='bbox 87 5169 90 5173; x_wconf 54' lang='grc'>’</span> <span class='ocrx_word' id='word_1_803' title='bbox 160 5173 542 5251; x_wconf 75' lang='grc' dir='ltr'>’ἐμαρτύρησαν</span> <span class='ocrx_word' id='word_1_804' title='bbox 571 5181 623 5232; x_wconf 79' lang='lat' dir='ltr'><strong>oi</strong></span> <span class='ocrx_word' id='word_1_805' title='bbox 651 5179 1030 5248; x_wconf 76' lang='grc' dir='ltr'>εὐαγγελισταί</span> <span class='ocrx_word' id='word_1_806' title='bbox 1048 5196 1062 5210; x_wconf 90' lang='grc'><strong>·</strong></span> <span class='ocrx_word' id='word_1_807' title='bbox 1091 5181 1119 5233; x_wconf 83' lang='lat'><strong>6</strong></span> <span class='ocrx_word' id='word_1_808' title='bbox 1151 5180 1248 5250; x_wconf 81' lang='grc' dir='ltr'>μὲν</span> <span class='ocrx_word' id='word_1_809' title='bbox 1269 5178 1544 5241; x_wconf 83' lang='grc' dir='ltr'>Ματθαῖος</span> <span class='ocrx_word' id='word_1_810' title='bbox 1567 5178 1634 5233; x_wconf 75' lang='grc' dir='ltr'>δι’</span> <span class='ocrx_word' id='word_1_811' title='bbox 1655 5172 1731 5231; x_wconf 84' lang='grc' dir='ltr'>ὧν</span> 
     </span>
    </p>
   </div>
   <div class='ocr_carea' id='block_1_101' title="bbox 174 5264 1732 5343">
    <p class='ocr_par' dir='ltr' id='par_1_101' title="bbox 174 5264 1732 5343">
     <span class='ocr_line' id='line_1_101' title="bbox 174 5264 1732 5343; baseline 0.002 -22"><span class='ocrx_word' id='word_1_812' title='bbox 174 5271 500 5343; x_wconf 79' lang='grc' dir='ltr'>παρεθέμεθα</span> <span class='ocrx_word' id='word_1_813' title='bbox 535 5273 701 5326; x_wconf 80' lang='grc' dir='ltr'>αὐτοῦ</span> <span class='ocrx_word' id='word_1_814' title='bbox 734 5272 963 5338; x_wconf 78' lang='grc' dir='ltr'>λέξεων·</span> <span class='ocrx_word' id='word_1_815' title='bbox 992 5274 1021 5325; x_wconf 88' lang='grc' dir='ltr'>ὁ</span> <span class='ocrx_word' id='word_1_816' title='bbox 1053 5273 1110 5326; x_wconf 76' lang='grc' dir='ltr'>δὲ</span> <span class='ocrx_word' id='word_1_817' title='bbox 1152 5273 1377 5343; x_wconf 83' lang='grc' dir='ltr'>Μάρκος</span> <span class='ocrx_word' id='word_1_818' title='bbox 1426 5271 1493 5326; x_wconf 83' lang='grc' dir='ltr'>δι’</span> <span class='ocrx_word' id='word_1_819' title='bbox 1515 5264 1594 5325; x_wconf 69' lang='grc' dir='ltr'>ὧν</span> <span class='ocrx_word' id='word_1_820' title='bbox 1638 5272 1732 5326; x_wconf 79' lang='grc' dir='ltr'>καὶ</span> 
     </span>
    </p>
   </div>
   <div class='ocr_carea' id='block_1_102' title="bbox 175 5357 1733 5435">
    <p class='ocr_par' dir='ltr' id='par_1_102' title="bbox 175 5357 1733 5435">
     <span class='ocr_line' id='line_1_102' title="bbox 175 5357 1733 5435; baseline 0.006 -27"><span class='ocrx_word' id='word_1_821' title='bbox 175 5359 318 5424; x_wconf 69' lang='grc' dir='ltr'>αὐτὸς</span> <span class='ocrx_word' id='word_1_822' title='bbox 340 5357 443 5416; x_wconf 78' lang='grc' dir='ltr'>ὧδέ</span> <span class='ocrx_word' id='word_1_823' title='bbox 476 5381 596 5427; x_wconf 86' lang='grc' dir='ltr'>πως</span> <span class='ocrx_word' id='word_1_824' title='bbox 623 5366 825 5435; x_wconf 83' lang='grc' dir='ltr'>ιστορεί</span> <span class='ocrx_word' id='word_1_825' title='bbox 855 5363 1027 5432; x_wconf 83' lang='grc' dir='ltr'>λέγων</span> <span class='ocrx_word' id='word_1_826' title='bbox 1046 5380 1060 5393; x_wconf 87' lang='grc'><strong>·</strong></span> <span class='ocrx_word' id='word_1_827' title='bbox 1094 5382 1114 5414; x_wconf 86' lang='grc'><em>‹</em></span> <span class='ocrx_word' id='word_1_828' title='bbox 1145 5359 1451 5435; x_wconf 77' lang='grc' dir='ltr'>Γενομένης</span> <span class='ocrx_word' id='word_1_829' title='bbox 1491 5364 1549 5417; x_wconf 80' lang='grc' dir='ltr'>δὲ</span> <span class='ocrx_word' id='word_1_830' title='bbox 1586 5362 1733 5434; x_wconf 86' lang='grc' dir='ltr'>ὥρας</span> 
     </span>
    </p>
   </div>
   <div class='ocr_carea' id='block_1_103' title="bbox 174 5448 1736 5528">
    <p class='ocr_par' dir='ltr' id='par_1_103' title="bbox 174 5448 1736 5528">
     <span class='ocr_line' id='line_1_103' title="bbox 174 5448 1736 5528; baseline 0.004 -26"><span class='ocrx_word' id='word_1_831' title='bbox 174 5448 340 5522; x_wconf 75' lang='grc' dir='ltr'>ἕκτης,</span> <span class='ocrx_word' id='word_1_832' title='bbox 361 5456 551 5519; x_wconf 82' lang='grc' dir='ltr'>σκότος</span> <span class='ocrx_word' id='word_1_833' title='bbox 584 5456 800 5525; x_wconf 75' lang='grc' dir='ltr'>ἐγένετο</span> <span class='ocrx_word' id='word_1_834' title='bbox 824 5458 907 5523; x_wconf 75' lang='grc' dir='ltr'><strong>ἐφ’</strong></span> <span class='ocrx_word' id='word_1_835' title='bbox 927 5456 1054 5528; x_wconf 85' lang='grc' dir='ltr'>ὅλης</span> <span class='ocrx_word' id='word_1_836' title='bbox 1080 5457 1178 5527; x_wconf 83' lang='grc' dir='ltr'><strong>τῆς</strong></span> <span class='ocrx_word' id='word_1_837' title='bbox 1205 5456 1329 5526; x_wconf 82' lang='grc' dir='ltr'>γῆς,</span> <span class='ocrx_word' id='word_1_838' title='bbox 1346 5457 1449 5520; x_wconf 81' lang='grc' dir='ltr'>ἓως</span> <span class='ocrx_word' id='word_1_839' title='bbox 1480 5455 1628 5528; x_wconf 86' lang='grc' dir='ltr'>ὥρας</span> <span class='ocrx_word' id='word_1_840' title='bbox 1655 5455 1736 5509; x_wconf 80' lang='grc' dir='ltr'><strong>ὲν-</strong></span> 
     </span>
    </p>
   </div>
   <div class='ocr_carea' id='block_1_104' title="bbox 172 5543 1735 5619">
    <p class='ocr_par' dir='ltr' id='par_1_104' title="bbox 172 5543 1735 5619">
     <span class='ocr_line' id='line_1_104' title="bbox 172 5543 1735 5619; baseline 0.002 -21"><span class='ocrx_word' id='word_1_841' title='bbox 172 5543 339 5615; x_wconf 81' lang='grc' dir='ltr'>νάτης.</span> <span class='ocrx_word' id='word_1_842' title='bbox 375 5549 485 5602; x_wconf 74' lang='grc' dir='ltr'><strong>Καὶ</strong></span> <span class='ocrx_word' id='word_1_843' title='bbox 520 5549 588 5618; x_wconf 79' lang='grc' dir='ltr'>τῇ</span> <span class='ocrx_word' id='word_1_844' title='bbox 623 5548 816 5619; x_wconf 83' lang='grc' dir='ltr'>ὲννάτῃ</span> <span class='ocrx_word' id='word_1_845' title='bbox 869 5546 986 5619; x_wconf 81' lang='grc' dir='ltr'>ὥρᾳ</span> <span class='ocrx_word' id='word_1_846' title='bbox 1035 5546 1260 5617; x_wconf 78' lang='grc' dir='ltr'>ἐϐόησεν</span> <span class='ocrx_word' id='word_1_847' title='bbox 1308 5549 1337 5600; x_wconf 89' lang='lat'><strong>6</strong></span> <span class='ocrx_word' id='word_1_848' title='bbox 1372 5547 1579 5619; x_wconf 87' lang='grc' dir='ltr'>Ἰησοῦς</span> <span class='ocrx_word' id='word_1_849' title='bbox 1622 5563 1735 5617; x_wconf 84' lang='grc' dir='ltr'>φω-</span> 
     </span>
    </p>
   </div>
   <div class='ocr_carea' id='block_1_105' title="bbox 173 5636 1736 5711">
    <p class='ocr_par' dir='ltr' id='par_1_105' title="bbox 173 5636 1736 5711">
     <span class='ocr_line' id='line_1_105' title="bbox 173 5636 1736 5711; baseline 0.002 -22"><span class='ocrx_word' id='word_1_850' title='bbox 173 5636 228 5705; x_wconf 72' lang='grc' dir='ltr'>νῇ</span> <span class='ocrx_word' id='word_1_851' title='bbox 263 5638 485 5711; x_wconf 81' lang='grc' dir='ltr'>μεγάλῃ,</span> <span class='ocrx_word' id='word_1_852' title='bbox 518 5638 693 5709; x_wconf 85' lang='grc' dir='ltr'>λέγων</span> <span class='ocrx_word' id='word_1_853' title='bbox 711 5657 725 5671; x_wconf 77' lang='grc'><strong><em>⁸</em></strong></span> <span class='ocrx_word' id='word_1_854' title='bbox 765 5640 932 5704; x_wconf 74' lang='grc' dir='ltr'>Ἠλεὶ,</span> <span class='ocrx_word' id='word_1_855' title='bbox 950 5638 1117 5704; x_wconf 76' lang='grc' dir='ltr'>Ἠλεὶ,</span> <span class='ocrx_word' id='word_1_856' title='bbox 1135 5639 1331 5711; x_wconf 84' lang='grc' dir='ltr'>λαμμᾶ</span> <span class='ocrx_word' id='word_1_857' title='bbox 1360 5639 1683 5710; x_wconf 71' lang='grc' dir='ltr'>σαϐαχθανὶ,</span> <span class='ocrx_word' id='word_1_858' title='bbox 1706 5640 1736 5692; x_wconf 86' lang='grc' dir='ltr'><strong>ὃ</strong></span> 
     </span>
    </p>
   </div>
   <div class='ocr_carea' id='block_1_106' title="bbox 174 5723 1734 5803">
    <p class='ocr_par' dir='ltr' id='par_1_106' title="bbox 174 5723 1734 5803">
     <span class='ocr_line' id='line_1_106' title="bbox 174 5723 1734 5803; baseline 0.004 -24"><span class='ocrx_word' id='word_1_859' title='bbox 174 5723 276 5779; x_wconf 66' lang='grc' dir='ltr'>ἔστι</span> <span class='ocrx_word' id='word_1_860' title='bbox 312 5729 847 5803; x_wconf 62' lang='grc' dir='ltr'>μεθερμηνευόμενον</span> <span class='ocrx_word' id='word_1_861' title='bbox 866 5746 882 5765; x_wconf 68' lang='grc' dir='ltr'><strong><em>ν</em></strong></span> <span class='ocrx_word' id='word_1_862' title='bbox 931 5732 989 5784; x_wconf 86' lang='grc'><strong>’0</strong></span> <span class='ocrx_word' id='word_1_863' title='bbox 1021 5732 1171 5795; x_wconf 82' lang='grc' dir='ltr'>Θεὸς,</span> <span class='ocrx_word' id='word_1_864' title='bbox 1203 5735 1231 5785; x_wconf 86' lang='grc' dir='ltr'>ὁ</span> <span class='ocrx_word' id='word_1_865' title='bbox 1263 5731 1395 5794; x_wconf 86' lang='grc' dir='ltr'>Θεός</span> <span class='ocrx_word' id='word_1_866' title='bbox 1426 5749 1550 5802; x_wconf 91' lang='grc' dir='ltr'>μου,</span> <span class='ocrx_word' id='word_1_867' title='bbox 1576 5734 1655 5796; x_wconf 80' lang='grc' dir='ltr'><strong>είς</strong></span> <span class='ocrx_word' id='word_1_868' title='bbox 1681 5733 1734 5785; x_wconf 89' lang='grc' dir='ltr'><strong>τί</strong></span> 
     </span>
    </p>
   </div>
   <div class='ocr_carea' id='block_1_107' title="bbox 182 5813 1729 5909">
    <p class='ocr_par' dir='ltr' id='par_1_107' title="bbox 182 5813 1729 5895">
     <span class='ocr_line' id='line_1_107' title="bbox 182 5813 1729 5895; baseline 0.003 -23"><span class='ocrx_word' id='word_1_869' title='bbox 182 5813 514 5892; x_wconf 58' lang='grc' dir='ltr'>ἐγκατέλιπές</span> <span class='ocrx_word' id='word_1_870' title='bbox 546 5840 647 5893; x_wconf 62' lang='lat' dir='ltr'><strong>ps;</strong></span> <span class='ocrx_word' id='word_1_871' title='bbox 676 5823 784 5878; x_wconf 70' lang='grc' dir='ltr'>Καί</span> <span class='ocrx_word' id='word_1_872' title='bbox 828 5840 970 5889; x_wconf 71' lang='grc' dir='ltr'>τινες</span> <span class='ocrx_word' id='word_1_873' title='bbox 1012 5823 1119 5878; x_wconf 85' lang='grc' dir='ltr'><strong>τῶν</strong></span> <span class='ocrx_word' id='word_1_874' title='bbox 1152 5824 1494 5881; x_wconf 78' lang='grc' dir='ltr'>ἀκουσάντων</span> <span class='ocrx_word' id='word_1_875' title='bbox 1519 5823 1729 5895; x_wconf 68' lang='grc' dir='ltr'>ἔλεγον·</span> 
     </span>
    </p>
   </div>
   <div class='ocr_carea' id='block_1_108' title="bbox 1832 4709 3405 4784">
    <p class='ocr_par' dir='ltr' id='par_1_108' title="bbox 1832 4709 3405 4784">
     <span class='ocr_line' id='line_1_108' title="bbox 1832 4709 3405 4784; baseline -0.003 -16"><span class='ocrx_word' id='word_1_876' title='bbox 1832 4714 2100 4770; x_wconf 88' lang='lat' dir='ltr'><strong>deductus</strong></span> <span class='ocrx_word' id='word_1_877' title='bbox 2130 4721 2236 4779; x_wconf 92' lang='lat' dir='ltr'><strong>est,</strong></span> <span class='ocrx_word' id='word_1_878' title='bbox 2273 4713 2561 4784; x_wconf 86' lang='lat' dir='ltr'><strong>pollicetur</strong></span> <span class='ocrx_word' id='word_1_879' title='bbox 2593 4729 2652 4770; x_wconf 88' lang='lat' dir='ltr'><strong>se</strong></span> <span class='ocrx_word' id='word_1_880' title='bbox 2678 4727 2875 4767; x_wconf 88' lang='lat' dir='ltr'><strong>nomen</strong></span> <span class='ocrx_word' id='word_1_881' title='bbox 2925 4711 3096 4781; x_wconf 89' lang='lat' dir='ltr'><strong>patris</strong></span> <span class='ocrx_word' id='word_1_882' title='bbox 3148 4709 3233 4766; x_wconf 87' lang='lat' dir='ltr'><strong>sui</strong></span> <span class='ocrx_word' id='word_1_883' title='bbox 3275 4726 3405 4765; x_wconf 79' lang='lat' dir='ltr'><strong>nar-</strong></span> 
     </span>
    </p>
   </div>
   <div class='ocr_carea' id='block_1_109' title="bbox 1830 4800 3407 4867">
    <p class='ocr_par' dir='ltr' id='par_1_109' title="bbox 1830 4800 3407 4867">
     <span class='ocr_line' id='line_1_109' title="bbox 1830 4800 3407 4867; baseline -0.003 -9"><span class='ocrx_word' id='word_1_884' title='bbox 1830 4812 2080 4859; x_wconf 90' lang='lat' dir='ltr'><strong>raturum</strong></span> <span class='ocrx_word' id='word_1_885' title='bbox 2118 4820 2232 4859; x_wconf 90' lang='lat' dir='ltr'><strong>non</strong></span> <span class='ocrx_word' id='word_1_886' title='bbox 2266 4805 2546 4867; x_wconf 86' lang='lat' dir='ltr'><strong>omnibus,</strong></span> <span class='ocrx_word' id='word_1_887' title='bbox 2573 4803 2669 4858; x_wconf 90' lang='lat' dir='ltr'><strong>sed</strong></span> <span class='ocrx_word' id='word_1_888' title='bbox 2706 4803 2839 4857; x_wconf 90' lang='lat' dir='ltr'><strong>solis</strong></span> <span class='ocrx_word' id='word_1_889' title='bbox 2870 4806 2983 4857; x_wconf 85' lang='lat' dir='ltr'><strong>suis</strong></span> <span class='ocrx_word' id='word_1_890' title='bbox 3017 4800 3323 4855; x_wconf 79' lang='lat' dir='ltr'><strong>fratribus?</strong></span> <span class='ocrx_word' id='word_1_891' title='bbox 3352 4807 3407 4855; x_wconf 90' lang='lat' dir='ltr'><strong>et</strong></span> 
     </span>
    </p>
   </div>
   <div class='ocr_carea' id='block_1_110' title="bbox 1832 4891 3405 4968">
    <p class='ocr_par' dir='ltr' id='par_1_110' title="bbox 1832 4891 3405 4968">
     <span class='ocr_line' id='line_1_110' title="bbox 1832 4891 3405 4968; baseline -0.004 -16"><span class='ocrx_word' id='word_1_892' title='bbox 1832 4898 1926 4968; x_wconf 92' lang='lat' dir='ltr'><strong>qui</strong></span> <span class='ocrx_word' id='word_1_893' title='bbox 1980 4898 2198 4953; x_wconf 90' lang='lat' dir='ltr'><strong>tandem</strong></span> <span class='ocrx_word' id='word_1_894' title='bbox 2258 4897 2315 4951; x_wconf 86' lang='lat' dir='ltr'><strong>hi</strong></span> <span class='ocrx_word' id='word_1_895' title='bbox 2363 4895 2615 4951; x_wconf 83' lang='lat' dir='ltr'><strong>fratres?</strong></span> <span class='ocrx_word' id='word_1_896' title='bbox 2659 4910 2908 4965; x_wconf 82' lang='lat' dir='ltr'><strong>quaenam</strong></span> <span class='ocrx_word' id='word_1_897' title='bbox 2975 4909 3102 4948; x_wconf 86' lang='lat' dir='ltr'><strong>vero</strong></span> <span class='ocrx_word' id='word_1_898' title='bbox 3161 4891 3405 4948; x_wconf 86' lang='lat' dir='ltr'><strong>Ecclesia</strong></span> 
     </span>
    </p>
   </div>
   <div class='ocr_carea' id='block_1_111' title="bbox 1837 4982 3407 5059">
    <p class='ocr_par' dir='ltr' id='par_1_111' title="bbox 1837 4982 3407 5059">
     <span class='ocr_line' id='line_1_111' title="bbox 1837 4982 3407 5059; baseline -0.002 -18"><span class='ocrx_word' id='word_1_899' title='bbox 1837 4989 1972 5054; x_wconf 63' lang='lat' dir='ltr'><strong>limc,</strong></span> <span class='ocrx_word' id='word_1_900' title='bbox 2005 4990 2073 5043; x_wconf 90' lang='lat' dir='ltr'><strong>de</strong></span> <span class='ocrx_word' id='word_1_901' title='bbox 2096 5004 2202 5059; x_wconf 88' lang='lat' dir='ltr'><strong>qua</strong></span> <span class='ocrx_word' id='word_1_902' title='bbox 2230 4988 2275 5043; x_wconf 93' lang='lat' dir='ltr'><strong>is</strong></span> <span class='ocrx_word' id='word_1_903' title='bbox 2310 4988 2403 5058; x_wconf 83' lang='lat' dir='ltr'><strong>qui</strong></span> <span class='ocrx_word' id='word_1_904' title='bbox 2437 4988 2564 5041; x_wconf 88' lang='lat' dir='ltr'><strong>talia</strong></span> <span class='ocrx_word' id='word_1_905' title='bbox 2592 4986 2833 5057; x_wconf 88' lang='lat' dir='ltr'><strong>pertulit,</strong></span> <span class='ocrx_word' id='word_1_906' title='bbox 2866 4986 2939 5038; x_wconf 78' lang='lat' dir='ltr'><strong>ita</strong></span> <span class='ocrx_word' id='word_1_907' title='bbox 2974 4982 3255 5054; x_wconf 87' lang='lat' dir='ltr'><strong>loquitur?</strong></span> <span class='ocrx_word' id='word_1_908' title='bbox 3282 5003 3299 5035; x_wconf 84' lang='grc' dir='ltr'><strong>ι</strong></span> <span class='ocrx_word' id='word_1_909' title='bbox 3346 4984 3407 5038; x_wconf 89' lang='lat' dir='ltr'><strong>In</strong></span> 
     </span>
    </p>
   </div>
   <div class='ocr_carea' id='block_1_112' title="bbox 1836 5074 3406 5145">
    <p class='ocr_par' dir='ltr' id='par_1_112' title="bbox 1836 5074 3406 5145">
     <span class='ocr_line' id='line_1_112' title="bbox 1836 5074 3406 5145; baseline -0.004 -10"><span class='ocrx_word' id='word_1_910' title='bbox 1836 5081 2016 5135; x_wconf 88' lang='lat' dir='ltr'><strong>medio</strong></span> <span class='ocrx_word' id='word_1_911' title='bbox 2047 5079 2300 5135; x_wconf 62' lang='lat' dir='ltr'><strong>Ecclesia:</strong></span> <span class='ocrx_word' id='word_1_912' title='bbox 2357 5077 2592 5133; x_wconf 87' lang='lat' dir='ltr'><strong>laudabo</strong></span> <span class='ocrx_word' id='word_1_913' title='bbox 2631 5086 2714 5143; x_wconf 82' lang='lat' dir='ltr'><strong>te;</strong></span> <span class='ocrx_word' id='word_1_914' title='bbox 2766 5083 2793 5128; x_wconf 66' lang='grc' dir='ltr'><strong>δ</strong></span> <span class='ocrx_word' id='word_1_915' title='bbox 2827 5076 3026 5145; x_wconf 90' lang='lat' dir='ltr'><strong>quibus</strong></span> <span class='ocrx_word' id='word_1_916' title='bbox 3076 5076 3241 5130; x_wconf 82' lang='lat' dir='ltr'><strong>etiam</strong></span> <span class='ocrx_word' id='word_1_917' title='bbox 3273 5074 3406 5129; x_wconf 83' lang='lat' dir='ltr'><strong>illud</strong></span> 
     </span>
    </p>
   </div>
   <div class='ocr_carea' id='block_1_113' title="bbox 1840 5165 3407 5244">
    <p class='ocr_par' dir='ltr' id='par_1_113' title="bbox 1840 5165 3407 5244">
     <span class='ocr_line' id='line_1_113' title="bbox 1840 5165 3407 5244; baseline -0.003 -18"><span class='ocrx_word' id='word_1_918' title='bbox 1840 5173 2088 5244; x_wconf 80' lang='lat' dir='ltr'><strong>adjungit</strong></span> <span class='ocrx_word' id='word_1_919' title='bbox 2116 5190 2128 5225; x_wconf 91' lang='lat'>:</span> <span class='ocrx_word' id='word_1_920' title='bbox 2162 5171 2308 5241; x_wconf 90' lang='lat' dir='ltr'><strong>quod</strong></span> <span class='ocrx_word' id='word_1_921' title='bbox 2348 5171 2538 5241; x_wconf 90' lang='lat' dir='ltr'><strong>utique</strong></span> <span class='ocrx_word' id='word_1_922' title='bbox 2567 5186 2675 5225; x_wconf 88' lang='lat' dir='ltr'><strong>non</strong></span> <span class='ocrx_word' id='word_1_923' title='bbox 2708 5184 2813 5223; x_wconf 89' lang='lat' dir='ltr'><strong>una</strong></span> <span class='ocrx_word' id='word_1_924' title='bbox 2838 5167 3067 5223; x_wconf 78' lang='lat' dir='ltr'><strong>Judaica</strong></span> <span class='ocrx_word' id='word_1_925' title='bbox 3109 5181 3276 5238; x_wconf 82' lang='lat' dir='ltr'><strong>gens,</strong></span> <span class='ocrx_word' id='word_1_926' title='bbox 3312 5165 3407 5237; x_wconf 89' lang='lat' dir='ltr'><strong>sed</strong></span> 
     </span>
    </p>
   </div>
   <div class='ocr_carea' id='block_1_114' title="bbox 1845 5262 3410 5321">
    <p class='ocr_par' dir='ltr' id='par_1_114' title="bbox 1845 5262 3410 5321">
     <span class='ocr_line' id='line_1_114' title="bbox 1845 5262 3410 5321; baseline -0.004 -3"><span class='ocrx_word' id='word_1_927' title='bbox 1845 5286 1863 5318; x_wconf 77' lang='grc' dir='ltr'><strong>ι</strong></span> <span class='ocrx_word' id='word_1_928' title='bbox 1898 5281 2090 5321; x_wconf 89' lang='lat' dir='ltr'><strong>omnes</strong></span> <span class='ocrx_word' id='word_1_929' title='bbox 2121 5264 2256 5320; x_wconf 86' lang='lat' dir='ltr'><strong>ﬁnes</strong></span> <span class='ocrx_word' id='word_1_930' title='bbox 2284 5273 2445 5319; x_wconf 63' lang='lat' dir='ltr'><strong>terra:</strong></span> <span class='ocrx_word' id='word_1_931' title='bbox 2487 5262 2906 5318; x_wconf 89' lang='lat' dir='ltr'><strong>reminiscentur</strong></span> <span class='ocrx_word' id='word_1_932' title='bbox 2932 5268 2986 5317; x_wconf 90' lang='lat' dir='ltr'><strong>et</strong></span> <span class='ocrx_word' id='word_1_933' title='bbox 3024 5265 3410 5315; x_wconf 89' lang='lat' dir='ltr'><strong>convertentur</strong></span> 
     </span>
    </p>
   </div>
   <div class='ocr_carea' id='block_1_115' title="bbox 1842 5350 3412 5433">
    <p class='ocr_par' dir='ltr' id='par_1_115' title="bbox 1842 5350 3412 5433">
     <span class='ocr_line' id='line_1_115' title="bbox 1842 5350 3412 5433; baseline -0.008 -20"><span class='ocrx_word' id='word_1_934' title='bbox 1842 5358 1910 5433; x_wconf 78' lang='lat' dir='ltr'><strong>ad</strong></span> <span class='ocrx_word' id='word_1_935' title='bbox 1943 5358 2257 5422; x_wconf 88' lang='lat' dir='ltr'><strong>Dominum,</strong></span> <span class='ocrx_word' id='word_1_936' title='bbox 2285 5363 2339 5415; x_wconf 83' lang='lat' dir='ltr'><strong>et</strong></span> <span class='ocrx_word' id='word_1_937' title='bbox 2390 5354 2697 5411; x_wconf 87' lang='lat' dir='ltr'><strong>adorabunt</strong></span> <span class='ocrx_word' id='word_1_938' title='bbox 2729 5353 2783 5407; x_wconf 91' lang='lat' dir='ltr'><strong>in</strong></span> <span class='ocrx_word' id='word_1_939' title='bbox 2814 5359 3112 5422; x_wconf 89' lang='lat' dir='ltr'><strong>conspectu</strong></span> <span class='ocrx_word' id='word_1_940' title='bbox 3143 5350 3264 5420; x_wconf 86' lang='lat' dir='ltr'><strong>ejus</strong></span> <span class='ocrx_word' id='word_1_941' title='bbox 3293 5363 3412 5403; x_wconf 87' lang='lat' dir='ltr'><strong>om-</strong></span> 
     </span>
    </p>
   </div>
   <div class='ocr_carea' id='block_1_116' title="bbox 1840 5440 3412 5522">
    <p class='ocr_par' dir='ltr' id='par_1_116' title="bbox 1840 5440 3412 5522">
     <span class='ocr_line' id='line_1_116' title="bbox 1840 5440 3412 5522; baseline -0.006 -14"><span class='ocrx_word' id='word_1_942' title='bbox 1840 5469 1938 5508; x_wconf 82' lang='lat' dir='ltr'><strong>nes</strong></span> <span class='ocrx_word' id='word_1_943' title='bbox 1983 5451 2202 5507; x_wconf 71' lang='lat' dir='ltr'><strong>familia:</strong></span> <span class='ocrx_word' id='word_1_944' title='bbox 2252 5450 2516 5522; x_wconf 80' lang='lat' dir='ltr'><strong>gentium.</strong></span> <span class='ocrx_word' id='word_1_945' title='bbox 2559 5447 2872 5503; x_wconf 61' lang='lat' dir='ltr'><strong>iCaaterum</strong></span> <span class='ocrx_word' id='word_1_946' title='bbox 2934 5452 2992 5499; x_wconf 94' lang='lat' dir='ltr'><strong>tu</strong></span> <span class='ocrx_word' id='word_1_947' title='bbox 3042 5458 3261 5516; x_wconf 90' lang='lat' dir='ltr'><strong>quoque</strong></span> <span class='ocrx_word' id='word_1_948' title='bbox 3314 5440 3412 5499; x_wconf 79' lang='lat' dir='ltr'><strong>ubi</strong></span> 
     </span>
    </p>
   </div>
   <div class='ocr_carea' id='block_1_117' title="bbox 1842 5535 3413 5616">
    <p class='ocr_par' dir='ltr' id='par_1_117' title="bbox 1842 5535 3413 5616">
     <span class='ocr_line' id='line_1_117' title="bbox 1842 5535 3413 5616; baseline -0.008 -14"><span class='ocrx_word' id='word_1_949' title='bbox 1842 5561 1938 5616; x_wconf 88' lang='lat' dir='ltr'><strong>per</strong></span> <span class='ocrx_word' id='word_1_950' title='bbox 1960 5553 2012 5600; x_wconf 89' lang='lat' dir='ltr'><strong>te</strong></span> <span class='ocrx_word' id='word_1_951' title='bbox 2047 5545 2224 5615; x_wconf 91' lang='lat' dir='ltr'><strong>ipsum</strong></span> <span class='ocrx_word' id='word_1_952' title='bbox 2258 5543 2472 5612; x_wconf 86' lang='lat' dir='ltr'><strong>singula</strong></span> <span class='ocrx_word' id='word_1_953' title='bbox 2521 5539 2766 5609; x_wconf 84' lang='lat' dir='ltr'><strong>ejusdem</strong></span> <span class='ocrx_word' id='word_1_954' title='bbox 2794 5537 2989 5609; x_wconf 90' lang='lat' dir='ltr'><strong>psalmi</strong></span> <span class='ocrx_word' id='word_1_955' title='bbox 3039 5535 3204 5592; x_wconf 87' lang='lat' dir='ltr'><strong>verba</strong></span> <span class='ocrx_word' id='word_1_956' title='bbox 3225 5535 3413 5606; x_wconf 81' lang='lat' dir='ltr'><strong>explo-</strong></span> 
     </span>
    </p>
   </div>
   <div class='ocr_carea' id='block_1_118' title="bbox 1843 5628 3411 5702">
    <p class='ocr_par' dir='ltr' id='par_1_118' title="bbox 1843 5628 3411 5702">
     <span class='ocr_line' id='line_1_118' title="bbox 1843 5628 3411 5702; baseline -0.005 -11"><span class='ocrx_word' id='word_1_957' title='bbox 1843 5636 2072 5698; x_wconf 85' lang='lat' dir='ltr'><strong>raveris,</strong></span> <span class='ocrx_word' id='word_1_958' title='bbox 2099 5636 2259 5690; x_wconf 85' lang='lat' dir='ltr'><strong>facile</strong></span> <span class='ocrx_word' id='word_1_959' title='bbox 2304 5632 2577 5702; x_wconf 80' lang='lat' dir='ltr'><strong>intelliges</strong></span> <span class='ocrx_word' id='word_1_960' title='bbox 2610 5639 2792 5684; x_wconf 92' lang='lat' dir='ltr'><strong>utrum</strong></span> <span class='ocrx_word' id='word_1_961' title='bbox 2813 5644 2875 5684; x_wconf 88' lang='lat' dir='ltr'><strong>ea</strong></span> <span class='ocrx_word' id='word_1_962' title='bbox 2898 5644 3021 5700; x_wconf 69' lang='lat' dir='ltr'><strong>quae</strong></span> <span class='ocrx_word' id='word_1_963' title='bbox 3054 5628 3109 5682; x_wconf 90' lang='lat' dir='ltr'><strong>in</strong></span> <span class='ocrx_word' id='word_1_964' title='bbox 3134 5628 3253 5699; x_wconf 87' lang='lat' dir='ltr'><strong>ipso</strong></span> <span class='ocrx_word' id='word_1_965' title='bbox 3276 5642 3411 5683; x_wconf 86' lang='lat' dir='ltr'><strong>cun-</strong></span> 
     </span>
    </p>
   </div>
   <div class='ocr_carea' id='block_1_119' title="bbox 1844 5720 3406 5796">
    <p class='ocr_par' dir='ltr' id='par_1_119' title="bbox 1844 5720 3406 5796">
     <span class='ocr_line' id='line_1_119' title="bbox 1844 5720 3406 5796; baseline -0.005 -13"><span class='ocrx_word' id='word_1_966' title='bbox 1844 5730 2088 5783; x_wconf 86' lang='lat' dir='ltr'><strong>tinentur</strong></span> <span class='ocrx_word' id='word_1_967' title='bbox 2138 5726 2205 5781; x_wconf 89' lang='lat' dir='ltr'><strong>ad</strong></span> <span class='ocrx_word' id='word_1_968' title='bbox 2239 5727 2512 5796; x_wconf 79' lang='lat' dir='ltr'><strong>vulgarem</strong></span> <span class='ocrx_word' id='word_1_969' title='bbox 2563 5722 2874 5794; x_wconf 82' lang='lat' dir='ltr'><strong>quempiam</strong></span> <span class='ocrx_word' id='word_1_970' title='bbox 2904 5720 3099 5779; x_wconf 77' lang='lat' dir='ltr'><strong>referri</strong></span> <span class='ocrx_word' id='word_1_971' title='bbox 3147 5722 3406 5793; x_wconf 85' lang='lat' dir='ltr'><strong>possint:</strong></span> 
     </span>
    </p>
   </div>
   <div class='ocr_carea' id='block_1_120' title="bbox 1844 5812 3409 5891">
    <p class='ocr_par' dir='ltr' id='par_1_120' title="bbox 1844 5812 3409 5891">
     <span class='ocr_line' id='line_1_120' title="bbox 1844 5812 3409 5891; baseline -0.007 -14"><span class='ocrx_word' id='word_1_972' title='bbox 1844 5821 1987 5891; x_wconf 85' lang='lat' dir='ltr'><strong>quod</strong></span> <span class='ocrx_word' id='word_1_973' title='bbox 2026 5834 2150 5877; x_wconf 91' lang='lat' dir='ltr'><strong>cum</strong></span> <span class='ocrx_word' id='word_1_974' title='bbox 2186 5819 2403 5889; x_wconf 84' lang='lat' dir='ltr'><strong>feceris,</strong></span> <span class='ocrx_word' id='word_1_975' title='bbox 2429 5828 2574 5874; x_wconf 85' lang='lat' dir='ltr'><strong>certe</strong></span> <span class='ocrx_word' id='word_1_976' title='bbox 2621 5832 2733 5877; x_wconf 82' lang='lat' dir='ltr'><strong>non</strong></span> <span class='ocrx_word' id='word_1_977' title='bbox 2783 5814 3027 5878; x_wconf 84' lang='lat' dir='ltr'><strong>invenies</strong></span> <span class='ocrx_word' id='word_1_978' title='bbox 3060 5819 3152 5873; x_wconf 84' lang='lat' dir='ltr'><strong>cui</strong></span> <span class='ocrx_word' id='word_1_979' title='bbox 3190 5812 3409 5871; x_wconf 78' lang='lat' dir='ltr'><strong>tandem</strong></span> 
     </span>
    </p>
   </div>
  </div>
