3830 6260
423 347 531 406 763

1122 346 1392 403 EUSEBII
1428 346 1909 404 CAESARIENSIS
1948 346 2099 406 OPP.
2142 346 2323 404 PARS
2350 347 2415 403 II.
2454 378 2520 391 --
2551 346 3044 405 APOLOGETICA.
3531 354 3618 411 πει

421 464 516 521 illa
546 467 892 535 conveniant,
915 472 1109 536 praeter
1140 481 1308 519 unum
1346 464 1679 521 Salvatorem
1710 474 1973 531 nostrum,

2096 467 2281 520 Ἠλίαν
2323 470 2507 537 φωνεῖ.
2544 486 2560 518 ι
2595 468 2729 540 Φέρε
2754 468 2815 539 δὴ
2840 464 2931 522 οὖν
2964 468 3172 531 τούτοις
3203 468 3494 535 ἀκολούθως
3516 475 3617 529 ἴδω-

422 563 516 633 qui
568 562 808 618 omnium
850 568 903 615 et
944 560 1255 617 ﬁdelissime
1305 568 1359 615 ct
1417 561 1699 615 verissime
1755 558 1984 629 hujusce

420 654 617 724 psalmi
646 668 805 707 voces
835 652 889 705 in
928 667 1082 707 suam
1114 667 1400 723 personam
1434 652 1756 721 assumpsit,
1795 668 1985 722 quem-

421 743 710 798 admodum
769 744 1114 811 evangelistaa
1166 743 1438 799 testiﬁcati
1492 752 1639 799 sunt.
1701 744 1984 802 Matthaeus

421 833 635 904 quidem
667 834 773 889 illis
803 835 982 887 verbis
1032 849 1153 904 quae
1195 842 1354 889 antea
1410 836 1719 890 retulimus.
1769 835 1982 893 Marcus

419 932 599 980 autem
653 924 721 981 iis
774 925 972 995 quibus
1019 925 1183 979 etiam
1229 924 1337 990 ille,
1370 933 1556 996 utpote
1586 927 1677 996 qui
1733 929 1785 981 in
1836 928 1982 982 hunc

418 1016 637 1071 modum
662 1024 843 1071 narret
871 1035 886 1071 :
916 1035 935 1068 ι
972 1016 1038 1069 Ει
1061 1016 1200 1071 facta
1221 1017 1354 1072 hora
1390 1027 1541 1073 sexta
1571 1020 1805 1073 tenebrae
1827 1019 1983 1074 facta:

418 1115 549 1161 sunt
573 1122 738 1177 super
766 1115 931 1161 totam
964 1118 1163 1162 terram
1201 1124 1375 1179 usque
1427 1110 1491 1164 ad
1541 1111 1728 1165 horam
1760 1127 1979 1167 nonam.

417 1196 486 1251 Et
508 1197 643 1255 hora
671 1214 813 1254 nona
841 1200 1161 1254 exclamavit
1179 1198 1339 1256 Jesus
1364 1217 1497 1256 voce
1529 1219 1718 1273 magna
1752 1204 1940 1259 dicens
1964 1222 1976 1258 :

418 1286 523 1356 Eli,
549 1288 652 1355 Eli,
676 1290 873 1344 lamma
908 1290 1286 1355 sabacbtbani,
1326 1291 1471 1360 quod
1504 1302 1587 1346 est
1623 1309 1685 1346 ex
1712 1293 1977 1363 interpre-

417 1382 625 1437 tatione
650 1401 665 1437 :
692 1382 856 1449 Deus,
892 1383 1034 1439 Deus
1056 1399 1231 1449 meus,
1258 1384 1324 1438 ad
1353 1386 1482 1455 quid
1499 1385 1836 1454 dereliquisli
1862 1385 1983 1439 me?

418 1473 486 1529 Et
540 1476 763 1545 quidam
811 1493 875 1531 ex
910 1478 1257 1532 audientibus
1311 1477 1614 1532 dicebant:
1667 1477 1839 1531 Eliam
1880 1493 1979 1533 vo-

418 1570 507 1617 cat
535 1563 602 1618 ".
638 1582 656 1614 ι
682 1567 792 1634 Age
821 1565 985 1634 igitur
1029 1569 1258 1637 posthac
1291 1568 1412 1637 ipso
1453 1568 1641 1621 ordine
1678 1570 1976 1635 videamus,

418 1670 525 1724 qua
551 1656 761 1710 ratione
794 1672 857 1711 ea
882 1672 1002 1727 qum
1027 1658 1084 1712 in
1119 1659 1222 1714 hoc
1266 1661 1477 1729 psalmo
1509 1661 1878 1728 continentur,
1911 1662 1976 1717 ad

416 1746 569 1800 illum
618 1746 902 1802 referenda
955 1749 1085 1805 sint.
1146 1749 1225 1805 Ac
1269 1752 1504 1821 primum
1567 1753 1979 1824 inscriptionem

415 1835 589 1906 ipsam
612 1844 929 1905 tractemus,
952 1856 1073 1911 qua
1093 1841 1218 1913 talis
1245 1814 1331 1897 est
1364 1862 1377 1897 :
1415 1862 1434 1894 ι
1473 1842 1530 1897 in
1561 1842 1721 1899 ﬁnem
1741 1814 1818 1909 3’,
1848 1865 1868 1896 ι
1895 1847 1978 1902 vel
2011 1814 2054 1872 Β

412 1933 864 2000 quemadmodum
885 1935 1079 2004 Aquila
1113 1934 1282 1991 edidit
1308 1953 1321 1988 :
1353 1954 1370 1986 ι
1414 1936 1656 1990 victoriae
1688 1937 1920 2002 auctori,
1954 1956 1974 1989 ι

413 2025 500 2079 vel
544 2026 708 2080 etiam
755 2032 814 2078 ut
850 2024 1210 2096 Symmachus
1262 2044 1277 2081 :
1338 2045 1357 2079 ι
1420 2026 1488 2081 ad
1539 2028 1819 2083 victoriam
1877 2046 1978 2101 pro

414 2119 783 2188 susceptione.
812 2139 831 2172 ι
868 2119 993 2175 Haec
1020 2134 1150 2175 sane
1178 2118 1339 2174 nobis
1381 2121 1607 2176 veniunt
1634 2121 1693 2175 in
1718 2130 1975 2186 mentem,

413 2221 700 2281 propterea
747 2214 889 2283 quod
940 2215 1199 2269 salutaris
1253 2215 1344 2269 illa
1400 2216 1606 2286 passio,
1663 2222 1724 2269 ut
1772 2217 1978 2286 scripta

411 2303 869 2372 evangelistarum
898 2303 1298 2371 demonstrant,
1329 2305 1569 2375 perfecta
1620 2313 1701 2361 est
1759 2306 1978 2362 circiter

412 2393 604 2448 horam
625 2398 862 2462 ,nonam,
899 2396 1057 2452 factis
1093 2397 1207 2466 jam
1254 2398 1513 2462 tenebris,
1545 2398 1614 2453 ab
1640 2400 1774 2453 hora
1825 2409 1978 2455 sexta

409 2503 587 2557 usque
642 2489 709 2543 ad
761 2489 953 2544 horam
1008 2504 1229 2554 nonam,
1285 2503 1392 2559 qua
1440 2504 1572 2544 sane
1626 2490 1761 2545 hora
1812 2492 1977 2547 etiam

409 2595 599 2636 vocem
626 2596 876 2651 magnam
906 2582 1109 2646 emisit,
1137 2589 1191 2635 et
1222 2597 1285 2637 ea
1318 2599 1438 2652 qua:
1461 2583 1623 2654 paulo
1664 2592 1790 2640 ante
1838 2585 1963 2640 reci-

407 2672 667 2738 tavimus,
714 2672 957 2743 protulit,
1002 2680 1062 2727 ut
1093 2673 1251 2743 plane
1297 2676 1368 2730 sit
1401 2676 1798 2741 conﬁtendum,
1832 2678 1976 2732 illius

408 2762 719 2832 passionem
756 2763 822 2815 ad
855 2777 1135 2831 vesperam
1161 2770 1322 2818 nocte
1342 2764 1667 2821 adventante
1698 2766 1887 2821 fuisse.
1909 2766 1977 2820 At

406 2851 620 2907 reditus
645 2850 888 2919 ejusdem
921 2867 951 2904 a
981 2852 1233 2917 mortuis,
1248 2868 1368 2922 quae
1390 2853 1783 2925 fuitsusceptio
1803 2858 1976 2925 patris

408 2942 563 2998 illum
617 2942 986 3012 suscipientis,
1033 2952 1088 2997 et
1132 2944 1201 2997 ad
1256 2945 1495 3013 seipsum
1549 2960 1617 2999 ex
1662 2947 1975 3015 regionibus

408 3031 602 3088 mortis
627 3032 962 3088 adtrahentis
981 3041 1143 3103 atque
1164 3037 1518 3101 assumentis,
1543 3037 1689 3091 circa
1719 3053 1974 3094 auroram

409 3122 533 3186 fuit,
566 3122 1024 3192 quemadmodum
1078 3139 1272 3179 rursus
1321 3128 1776 3197 evangelistarum
1821 3132 2042 3208 testi-c

408 3216 595 3269 monio
624 3215 997 3273 conﬁrmatur.
1025 3215 1304 3287 Siquidem
1335 3216 1511 3273 Lucas
1544 3219 1657 3275 haec
1679 3222 1756 3275 ait
1780 3240 1792 3275 :
1814 3241 1832 3273 ‹
1855 3221 1973 3278 Una

409 3316 590 3361 autem
620 3305 977 3363 Sabbatorum
1004 3308 1163 3366 valde
1192 3308 1433 3365 diluculo
1462 3320 1729 3366 venerunt
1760 3313 1827 3369 ad
1863 3329 1976 3369 mo-

410 3408 731 3454 numentum
780 3399 1039 3463 ferentes.
1083 3418 1204 3471 quae
1255 3412 1581 3472 paraverant
1622 3414 1901 3471 aromata,
1948 3425 1968 3458 ι

407 3490 571 3562 493
602 3492 855 3547 mulieres
879 3492 1131 3548 videlicet
1163 3501 1219 3549 et
1252 3495 1500 3549 nonnulli
1536 3512 1659 3550 cum
1681 3496 1797 3564 eis;
1833 3518 1851 3549 ι
1890 3499 1975 3553 in-o

407 3593 671 3640 venerunt
695 3592 873 3639 autem
902 3585 1135 3655 lapidem
1166 3587 1471 3641 revolutum
1502 3604 1532 3641 a
1573 3598 1923 3645 monumento
1956 3610 1970 3646 :

406 3683 463 3729 ct
490 3675 749 3746 ingressa
780 3692 890 3729 non
937 3676 1262 3731 invenerunt
1292 3691 1491 3746 corpus
1522 3679 1592 3742 ⁹⁰,
1628 3697 1648 3729 ι
1688 3690 1975 3749 propterea

407 3766 555 3836 quod
580 3767 691 3835 jam
723 3775 838 3821 tum
870 3765 1118 3821 Salvator
1147 3777 1335 3823 noster
1361 3783 1392 3821 a
1424 3776 1601 3823 morte
1631 3779 1749 3824 erat
1767 3772 1975 3825 excita-

407 3864 517 3912 tus.
573 3854 687 3911 Hoc
727 3873 857 3912 vero
905 3859 1083 3927 ipsum
1116 3857 1333 3914 Marcus
1369 3875 1586 3930 quoque
1612 3860 1850 3915 ostendit
1893 3863 1973 3916 sic

408 3946 599 4002 dicens
634 3966 646 4000 :
679 3966 698 3997 ι
738 3947 804 4000 Ει
835 3948 992 4002 valde
1032 3964 1193 4004 mane
1219 3965 1327 4003 una
1362 3950 1723 4006 Sabbatorum
1747 3954 1973 4008 veniunt

408 4036 477 4093 ad
502 4045 935 4101 monumentum,
968 4049 1087 4091 orto
1109 4039 1220 4108 jam
1250 4040 1384 4106 sole,
1412 4048 1467 4095 et
1513 4040 1765 4097 dicebant
1811 4045 1878 4098 ad
1914 4060 1974 4099 se

408 4128 642 4182 invicem
678 4147 690 4181 :
721 4126 856 4193 Quis
880 4129 1118 4183 revolvet
1148 4129 1306 4185 nobis
1330 4130 1562 4200 lapidem
1587 4132 1655 4186 ab
1682 4133 1824 4188 ostio
1857 4149 1971 4187 mo-

405 4220 689 4275 numenti?
719 4228 838 4275 erat
874 4221 1072 4291 quippe
1122 4235 1352 4292 magnus
1392 4224 1545 4278 valde
1580 4243 1593 4277 :
1623 4231 1676 4279 et
1725 4226 1968 4289 veniunt,

2088 575 2207 627 μεν,
2234 559 2380 621 ὅπως
2404 562 2483 620 εἰς
2503 558 2662 611 αὑτὸν
2685 558 3095 629 ἀνενεχθὴσεται
3111 557 3177 611 τά
3201 558 3284 611 διὰ
3309 557 3401 613 τοῦ
3428 562 3617 633 ψαλμοῦ

2083 648 2405 720 δηλούμενα.
2438 651 2546 703 Καὶ
2572 649 2784 721 πρῶτόν
2816 667 2879 718 γε
2913 648 3250 720 διαλάϐωμεν
3274 650 3371 722 τὴν
3406 653 3618 719 φάσκου-

2086 757 2183 794 σαν
2210 740 2549 811 προγραφὴν,
2596 760 2614 792 ι
2656 743 2734 805 εἰς
2762 742 2823 793 τὸ
2847 741 3016 803 τέλος,
3055 761 3071 792 ι
3109 741 3163 811 ἢ,
3189 742 3330 794 κατά
3359 745 3446 796 τὸν
3483 744 3619 799 ’Δκύ-

2082 831 2201 896 λαν,
2238 849 2256 881 ι
2284 831 2361 901 τῷ
2402 830 2679 900 νικοποιῷ,
2714 850 2732 881 ι
2774 830 2829 901 ἢ,
2858 830 2997 885 κατὰ
3019 830 3110 884 τὸν
3136 830 3443 903 Σύμμαχον,
3476 853 3491 884 ι
3520 836 3621 890 ἑπι-

2083 922 2249 985 νίκιος
2296 922 2437 993 ὑπὲρ
2481 922 2579 992 τῆς
2607 921 2956 994 ἀντιλήψεως.
2988 941 3004 972 ι
3041 921 3201 974 Ταῦθ’
3225 924 3372 993 ἡμᾶς
3400 924 3622 997 ὑπεισέρ-

2082 1030 2254 1083 χεται,
2288 1012 2452 1065 ὅτιτὸ
2483 1012 2580 1082 μὲν
2623 1014 2886 1084 σωτήριον
2909 1011 3099 1077 πάθος,
3137 1011 3213 1075 ὡς
3253 1014 3309 1065 αἱ
3343 1012 3506 1079 λέξεις
3530 1014 3623 1070 τῶν

2082 1104 2481 1173 εύαγγελιστῶν
2529 1104 2898 1175 παρέστησαν,
2943 1104 3164 1168 σκότους
3214 1105 3498 1175 γενομένου
3534 1106 3624 1160 ἀπὺ

2081 1196 2229 1268 ῶρας
2251 1197 2412 1267 ἕκτης
2427 1196 2531 1259 ἓως
2553 1194 2698 1265 ὥρας
2723 1194 2965 1264 ἑννάτης,
3000 1196 3141 1266 ἀμφὶ
3159 1195 3259 1267 τὴν
3281 1196 3500 1267 ὲννάτην
3522 1214 3625 1252 συνο

2081 1287 2359 1361 ετελέσθη,
2390 1290 2477 1342 ὅτε
2501 1290 2593 1342 καὶ
2622 1289 2721 1359 τὴν
2756 1289 2936 1359 φωνὴν
2961 1288 3140 1358 ἀφῆκε
3172 1287 3267 1357 τὴν
3290 1287 3539 1359 μεγάλην,
3567 1290 3626 1343 τὰ

2085 1380 2263 1450 μικρῷ
2285 1380 2517 1451 πρόσθεν
2534 1379 2875 1451 δεδηλωμένα
2892 1379 3078 1440 εἰπὼν,
3110 1378 3248 1432 ὥστε
3278 1380 3626 1449 ὁμολογεῖσθαι

2084 1470 2269 1540 σαφῶς
2299 1471 2361 1523 τὸ
2381 1469 2549 1533 πάθος
2570 1469 2733 1522 αὐτοῦ
2771 1472 2913 1541 ἀμφὶ
2932 1470 3030 1541 τὴν
3060 1471 3298 1541 ἑσπέραν
3328 1471 3509 1535 νυκτὸς
3540 1474 3624 1525 ἑπ-

2081 1561 2302 1614 ελαυνού
2310 1579 2407 1632 σης
2420 1561 2804 1631 γεγονέναι.Τά
2817 1562 2872 1616 δὲ
2884 1563 2979 1632 τῆς
2994 1563 3057 1614 ἑκ
3069 1561 3273 1633 νεκρῶν
3286 1562 3626 1629 ἀναστάσεως,

2079 1655 2199 1724 ἥτις
2228 1649 2295 1725 ἦν
2321 1652 2600 1722 ἀντίληψις
2628 1652 2722 1705 τοῦ
2749 1654 2957 1723 Πατρός
2983 1653 3527 1724 ἀντιλαμϐανομένου,
3549 1656 3628 1709 καὶ

2081 1746 2162 1809 είς
2184 1745 2371 1798 ἑαυτὸν
2403 1747 2465 1797 ἑκ
2497 1745 2605 1797 τῶν
2629 1744 2721 1797 τοῦ
2751 1744 2983 1798 θανάτου
3012 1746 3223 1817 χωρίων
3242 1746 3625 1817 ἑπισπιιιμένου,

2081 1841 2175 1892 καὶ
2194 1838 2259 1891 λα
2267 1838 2557 1909 μ6ἀνοντος
2576 1838 2755 1903 αὑτὸν,
2769 1839 2910 1909 ἀμφὶ
2927 1838 3025 1909 τὴν
3046 1837 3119 1891 ἑω
3138 1837 3384 1906 γέγονεν,
3406 1837 3476 1900 ὡς
3495 1834 3626 1900 αὖθις

2080 1930 2190 1984 ἀπὸ
2214 1931 2309 2000 τῆς
2337 1930 2444 1983 τῶν
2476 1930 2871 1999 εὐαγγελιστῶν
2899 1928 3199 2002 μαρτυρίας
3229 1930 3627 2000 παρίσταται.’0

2079 2022 2210 2091 γοῦν
2225 2025 2435 2087 Λουκᾶς
2452 2042 2582 2095 φησι
2600 2042 2611 2053 ·
2638 2045 2656 2076 ι
2670 2025 2745 2095 Τῇ
2770 2023 2824 2076 δὲ
2845 2025 2940 2094 μιᾷ
2956 2023 3063 2076 τῶν
3076 2023 3371 2076 Σα66ἀτων
3388 2018 3538 2093 ἦλθον
3551 2022 3628 2090 δρα

2080 2113 2209 2186 θρου
2239 2115 2441 2184 βαθέως
2467 2117 2558 2169 ἐπὶ
2588 2116 2647 2169 τὸ
2684 2119 2963 2187 μνημεῖον,
2999 2116 3255 2187 φέρουσαι
3284 2116 3323 2169 ἃ
3353 2115 3626 2186 ἡτοίμασαν

2079 2204 2365 2277 ἀρώματα,
2389 2226 2406 2256 ι
2422 2206 2660 2275 δηλονότι
2684 2208 2739 2260 αἱ
2756 2209 3028 2275 γυναῖκες,
3047 2208 3140 2260 καί
3154 2224 3299 2272 τινες
3320 2206 3415 2259 σὺν
3437 2208 3623 2269 αὐταῖς·

2085 2316 2103 2348 ‹
2115 2291 2173 2350 εὖ
2183 2314 2270 2367 ρον
2312 2297 2370 2350 δὲ
2394 2297 2485 2351 τὸν
2500 2297 2644 2350 λίθον
2661 2297 3153 2369 ἀποκεκυλισμένον
3172 2301 3237 2351 ἑκ
3250 2298 3348 2350 τοῦ
3365 2315 3466 2368 μνη
3475 2296 3624 2367 μείουο

2078 2386 2413 2441 εἰσελθοῦσαι
2451 2388 2506 2441 δὲ
2542 2389 2640 2459 οὐχ
2671 2380 2830 2461 εὖρον
2861 2389 2921 2441 τὸ
2956 2389 3135 2459 σῶμα,
3162 2408 3180 2439 ι
3213 2388 3304 2442 διὰ
3335 2387 3396 2441 τὺ
3428 2389 3520 2459 ἤδη
3549 2390 3626 2440 τὸν

2079 2479 2308 2550 Σωτῆρα
2341 2478 2495 2550 ἡμῶν
2525 2482 2589 2533 ἑκ
2634 2480 2843 2552 νεκρῶν
2874 2480 3193 2552 ἑγηγέρθαι.
3226 2480 3403 2534 Τοῦτο
3432 2480 3485 2533 δὲ
3514 2479 3626 2532 αὐτὸ

2078 2571 2170 2625 καὶ
2184 2573 2212 2623 ό
2232 2572 2453 2643 Μάρκος
2464 2572 2631 2641 δηλοῖ,
2650 2572 2839 2641 λέγων·
2865 2592 2882 2623 ι
2907 2573 3016 2626 Καὶ
3036 2572 3153 2625 λίαν
3177 2572 3326 2644 πρωῒ
3344 2575 3408 2642 τῇ
3427 2574 3517 2643 μιᾷ
3534 2571 3623 2623 τῶν

2077 2659 2367 2713 Σαὸὄάτων
2401 2661 2647 2732 ἔρχονται
2679 2662 2767 2713 ἐπὶ
2799 2661 2858 2715 τὸ
2893 2665 3153 2732 μνημεῖον
3174 2701 3189 2726 ,
3228 2661 3409 2733 ἔτιῌ)
3438 2662 3624 2715 ἀνατεί-

2076 2750 2265 2815 λαντος
2286 2752 2379 2805 τοῦ
2396 2751 2571 2824 ἡλίου,
2600 2754 2693 2806 καὶ
2710 2752 2894 2821 ἔλεγον
2920 2754 3053 2824 πρὸς
3066 2753 3260 2817 ἑαυτάς
3284 2771 3297 2784 ·
3332 2755 3425 2817 Τίς
3441 2754 3624 2807 ἀποκυο

2075 2843 2198 2917 λίσῃ
2229 2846 2360 2914 ἡμῖν
2390 2845 2480 2897 τὸν
2522 2844 2663 2898 λίθον
2712 2845 2817 2897 ἀπὸ
2860 2846 2958 2915 τῆς
3006 2844 3173 2914 θύρας
3216 2846 3313 2898 τοῦ
3350 2845 3624 2916 μνημείου,

2073 2931 2142 3006 ἦν
2179 2936 2288 3007 γάρ
2322 2936 2493 3006 μέγας
2526 2936 2750 3007 σφόδρα.
2799 2938 3124 3009 Ἐρχονται,
3161 2939 3253 2992 καὶ
3306 2938 3625 3009 εὑρίσκουσιν

2074 3027 2237 3081 αὐτὸν
2272 3029 2785 3100 ἀποκεκυλισμένον.
2831 3049 2849 3081 ι
2884 3027 2990 3083 Ἦν
3031 3030 3084 3083 δὲ
3118 3032 3216 3101 ἤδη
3255 3032 3621 3103 ἐγηγερμένος.

2079 3118 2262 3189 Ἔχεις
2292 3121 2386 3173 καὶ
2415 3120 2564 3191 παρὰ
2592 3120 2668 3191 τῷ
2712 3121 2933 3193 Ἰωάννῃ
2972 3122 3066 3192 τὴν
3114 3122 3282 3192 αὐτὴν
3315 3123 3623 3193 μαρτυρίαν,

2076 3208 2286 3279 λέγοντι
2308 3228 2320 3241 ’
2359 3230 2378 3263 ι
2408 3213 2485 3283 Τῇ
2516 3212 2573 3265 δὲ
2604 3215 2700 3284 μιᾷ
2734 3213 2841 3266 τῶν
2873 3213 3163 3267 Σαίὸάτων
3195 3214 3417 3286 ἔρχεται
3457 3213 3623 3284 Μαρία

2076 3306 2111 3376 ἡ
2140 3304 2467 3377 Μαγδαληνὴ
2511 3304 2654 3377 πρωῒ
2679 3307 2759 3370 είς
2789 3305 2851 3358 τὸ
2887 3322 2988 3377 μ’]
2999 3309 3168 3376 μεῖον,
3192 3306 3270 3359 ἔτι
3303 3306 3516 3371 σκοτίας
3544 3306 3621 3359 οὕ-

2078 3411 2198 3468 σης,
2222 3396 2316 3449 καὶ
2339 3396 2525 3466 βλέπει
2552 3395 2645 3449 τὸν
2666 3395 2812 3450 λίθον
2841 3397 3077 3469 ἠρμένον
3101 3399 3165 3450 ἑκ
3196 3398 3290 3451 τοῦ
3325 3399 3619 3470 μνημείου.»

2076 3488 2239 3542 Καὶὸ
2265 3490 2538 3553 Ματθαῖος
2564 3489 2652 3555 δὲ,
2704 3492 2752 3543 εἰ
2796 3491 2887 3542 καὶ
2927 3489 3024 3559 ὀψὲ
3075 3489 3372 3546 Σαϐϐάτων
3405 3491 3620 3563 εἴρηκεν,

2075 3580 2187 3634 ἀλλ’
2221 3582 2467 3654 ἐπιφέρει
2500 3581 2701 3650 λέγων·
2749 3602 2766 3633 ι
2800 3582 2912 3651 Τῆς
2956 3582 3378 3654 ἐπιφωσκούσης
3408 3585 3485 3646 εἰς
3513 3583 3623 3653 μίαν

2076 3674 2395 3739 Σα66ἀτων,
2424 3670 2556 3744 ἦλθε
2595 3674 2781 3745 Μαρία
2824 3676 2857 3745 ἡ
2895 3673 3260 3745 Μαγδαληνὴ,
3291 3675 3389 3729 καὶ
3428 3676 3459 3745 ἡ
3508 3674 3623 3741 άλλη

2074 3767 2263 3838 Μαρία
2286 3765 2553 3838 θεωρῆσαι
2582 3765 2670 3818 τὸν
2697 3767 2888 3836 τάφον,
2921 3766 3015 3819 καὶ
3045 3764 3150 3820 ἰδοὺ
3178 3768 3404 3837 σεισμὸς
3433 3765 3623 3833 ἐγένετο

2078 3859 2268 3929 μέγας.
2296 3858 2558 3927 Ἀγγελος
2589 3858 2697 3930 γὰρ
2734 3859 2938 3931 Κυρίου
2960 3899 2974 3924 ,
3008 3858 3251 3923 καταϐάς
3283 3860 3345 3928 ἑξ
3378 3858 3620 3931 ούρανοῦ,

2074 3948 2383 4020 προσελθὼν
2418 3948 2714 4002 ἀπεκύλισε
2746 3950 2835 4003 τὸν
2876 3948 3020 4002 λίθον
3061 3950 3169 4002 ἀπὸ
3206 3950 3308 4020 τῆς
3351 3949 3514 4021 θύρας
3541 3946 3620 4000 τοῦ

2077 4041 2358 4112 μνημείου.
2395 4059 2414 4090 ι
2446 4038 2628 4093 Ταῦτα
2657 4040 2713 4093 δὲ
2745 4042 3053 4110 ἀναγκαίως
3080 4041 3401 4113 παρεθέμην
3426 4044 3503 4105 είς
3529 4057 3623 4092 ata-

2075 4135 2334 4206 ράστασιν
2357 4130 2458 4201 τῆς
2490 4132 2548 4184 ἑν
2572 4130 2650 4202 τῷ
2671 4130 2868 4203 ψαλμῷ
2903 4133 3389 4206 προφητεύομένης
3418 4132 3622 4202 ἑωθινῆς

2072 4223 2422 4294 ἀντιλήψεως.
2460 4223 2610 4275 Ἐπεὶ
2640 4223 2748 4294 γὰρ
2784 4225 2851 4277 τὰ
2883 4225 3008 4295 περὶ
3047 4224 3139 4277 τοῦ
3174 4224 3381 4289 πάθους
3410 4224 3501 4279 τοῦ
3526 4225 3620 4277 Σω-

404 4320 460 4367 et
495 4312 777 4367 inveniunt
827 4328 952 4368 eum
1004 4315 1307 4369 revolutum
1335 4315 1403 4368 τί.
1439 4332 1460 4366 ι
1497 4315 1625 4370 Erat
1650 4326 1827 4370 autem
1858 4317 1969 4385 jam

2077 4318 2232 4388 τῆρος
2264 4318 2295 4386 ἡ
2306 4316 2420 4385 μῶν
2450 4314 2739 4386 σημαίνει,
2772 4316 2832 4369 ού
2861 4316 2966 4388 μὴν
2995 4316 3287 4386 κατέληξεν
3317 4319 3350 4388 ἡ
3396 4318 3511 4371 κατ’
3536 4317 3619 4369 ab—

403 4415 519 4459 tum
548 4406 834 4461 excitatus.
880 4404 1057 4461 Habes
1089 4406 1230 4477 apud
1284 4404 1545 4460 Joannem
1575 4421 1791 4476 quoque
1828 4407 1969 4462 idem

2077 4409 2160 4462 τὸν
2190 4408 2468 4478 οἰκονομία
2495 4391 2551 4461 ἑν
2585 4407 2661 4478 τῷ
2694 4408 2875 4473 πάθει,
2899 4408 3047 4471 τέλος
3073 4409 3129 4462 δὲ
3154 4408 3246 4462 τοῦ
3282 4409 3487 4472 πάθους
3511 4411 3542 4479 ἡ
3566 4410 3618 4460 ἑκ

403 4502 774 4556 testimonium
800 4501 901 4556 hoc
929 4501 1092 4557 modo
1116 4520 1137 4582 _:
1172 4521 1189 4553 ι
1229 4499 1350 4557 Una
1389 4512 1566 4557 autem
1603 4501 1965 4557 Sabbatorum

2077 4500 2277 4572 νεκρῶν
2306 4500 2596 4563 ἀνάστασις
2621 4497 2710 4572 ἦν,
2739 4501 2832 4553 καὶ
2860 4502 2894 4571 ἡ
2924 4500 3206 4570 ἀντίληψις
3234 4504 3266 4573 ἡ
3301 4500 3514 4571 ἑωθινὴ,
3554 4501 3618 4551 εί·

401 4592 551 4646 venit
580 4590 749 4645 Maria
765 4589 1080 4662 Magdalene
1101 4607 1259 4647 mane
1286 4591 1352 4645 ad
1383 4598 1814 4654 monumentum,
1840 4606 1964 4646 cum

2077 4594 2243 4656 κότως
2272 4595 2300 4645 ὑ
2319 4591 2474 4661 λόγος
2503 4591 2581 4663 τῷ
2612 4591 2896 4664 παραδόξῳ
2918 4590 3059 4645 τέλει
3081 4592 3179 4663 τὴν
3202 4593 3425 4664 Γραφὴν
3454 4589 3609 4645 ἀνατί-

402 4681 581 4735 adhuc
608 4682 849 4736 tenebrae
899 4690 1105 4743 essent,
1140 4688 1193 4737 et
1233 4682 1380 4736 videt
1413 4682 1647 4752 lapidem
1692 4682 1962 4736 sublatum

2077 4683 2222 4737 θεται
2242 4725 2256 4750 ,
2278 4683 2352 4748 ὡς
2383 4685 2480 4756 τῆς
2530 4683 2834 4748 ὑποθέσεως
2865 4684 3099 4755 ἀπάσης,
3139 4684 3233 4737 καὶ
3265 4684 3377 4737 τῶν
3405 4684 3507 4756 πρὸ
3533 4680 3613 4736 τςῦ

402 4786 433 4825 a
480 4782 832 4828 monumento
861 4775 929 4829 θ’.
975 4794 993 4827 ι
1030 4774 1314 4829 Μοῑιιισιυε
1336 4791 1573 4846 quoque,
1597 4776 1812 4830 tametsi
1843 4791 1969 4831 sero

2077 4777 2258 4841 τέλους
2307 4776 2645 4849 παθημάτων
2682 4778 2783 4849 τῆς
2827 4780 2891 4831 ἑκ
2919 4777 3129 4851 νεκρῶν
3161 4778 3505 4840 ἀναστάσεως
3533 4773 3612 4828 καὶ

403 4864 785 4931 Sabbatorum,
803 4866 960 4929 dixit,
981 4876 1218 4921 attamen
1248 4867 1529 4937 adiungit:
1554 4887 1572 4919 ι
1607 4868 1681 4921 Ea
1704 4868 1966 4937 quzeillu-

2077 4871 2166 4941 τῆς
2193 4869 2527 4940 ἀντιλήψεως
2557 4872 2657 4942 τῆς
2704 4870 2931 4941 ἑωθινῆς
2959 4871 3143 4924 ἑνεκεν
3182 4870 3503 4940 γενομένων.
3532 4867 3611 4918 Εἱ-

400 4959 570 5014 cescit
598 4958 654 5012 in
686 4973 850 5011 unam
884 4958 1270 5022 Sabbatorum,
1296 4960 1443 5013 venit
1486 4958 1653 5013 Maria
1695 4959 1967 5030 Magdale-

2077 4963 2184 5016 πὼν
2214 4962 2343 5031 γοῦν
2375 4965 2403 5016 ὁ
2440 4962 2627 5034 Σωτὴρ
2653 4962 2747 5015 καὶ
2773 4961 2976 5034 Κύριος
3004 4962 3158 5033 ἡμῶν
3187 4961 3246 5013 τὸ
3265 5001 3279 5023 ,
3318 4979 3335 5011 ι
3383 4961 3439 5012 ’0
3470 4958 3611 5019 θεὸς,

400 5063 489 5110 ne,
518 5054 571 5101 et
605 5047 711 5100 alia
741 5045 910 5100 Maria
954 5049 1137 5103 videre
1172 5049 1506 5118 sepulcrum,
1544 5057 1598 5104 et
1622 5066 1751 5103 ecce
1779 5058 1967 5105 terra:-

398 5147 579 5195 motus
614 5138 790 5193 factus
842 5148 926 5194 est
967 5155 1218 5210 magnus.
1268 5140 1507 5210 Angelus
1550 5141 1694 5194 enim
1750 5140 1966 5195 Domini

396 5231 736 5289 descendens
778 5231 846 5287 de
877 5232 1018 5287 caelo
1069 5232 1326 5296 accessit,
1358 5241 1411 5287 et
1456 5234 1681 5288 revolvit
1726 5233 1960 5303 lapidem

397 5325 466 5380 ab
498 5325 642 5381 ostio
675 5326 1030 5381 monumenti.
1059 5344 1078 5376 ι
1110 5322 1237 5381 Ilaec
1282 5324 1464 5380 addidi
1528 5327 1865 5388 necessario,
1903 5334 1963 5380 ut

396 5418 734 5473 ostenderem
779 5434 1026 5489 quaenam
1061 5419 1133 5473 sit
1170 5433 1256 5483 ea,
1286 5433 1405 5489 quae
1435 5420 1489 5473 in
1517 5420 1728 5489 psalmo
1765 5419 1963 5491 praadi-

395 5511 537 5563 citur
567 5514 843 5581 susceptio
862 5512 1150 5566 matutina.
1202 5511 1337 5567 Nam
1372 5529 1495 5569 cum
1552 5514 1824 5583 signiﬁcet
1871 5531 1956 5578 ea,

2064 5059 2093 5110 ὁ
2123 5056 2254 5118 Θεός
2291 5072 2391 5127 μου
2413 5094 2428 5118 ,
2466 5056 2703 5125 πρόσχες
2732 5072 2853 5125 μοι,
2893 5054 2980 5108 ἵνα
3006 5055 3060 5107 τί
3092 5053 3443 5123 ἐγκατέλιπές
3470 5065 3561 5123 με;
3591 5068 3608 5098 ι

2066 5148 2158 5201 καὶ
2190 5148 2315 5217 ἑξῆς
2343 5145 2636 5215 ἐπαγαγὼν
2666 5147 2758 5211 τὸ,
2794 5165 2813 5198 ι
2856 5147 2995 5216 Ἐγὼ
3028 5146 3086 5200 δέ
3125 5149 3239 5216 εἰμι
3265 5144 3505 5216 σκώληξ,
3532 5142 3611 5194 καὶ

2068 5243 2169 5295 οὐκ
2206 5240 2521 5311 ἄνθρωπος,
2554 5238 2751 5302 δνειδος
2792 5237 3125 5309 ἀνθρώπων,
3175 5238 3269 5290 καὶ
3301 5234 3610 5303 ἑξουδένημα

2068 5331 2228 5385 λαοῦ’
2269 5351 2286 5383 ι
2318 5332 2413 5384 καὶ
2455 5331 2535 5384 ἔτι
2581 5329 2835 5402 προσθεὶς
2861 5330 2957 5395 τὸ,
3006 5348 3025 5380 ι
3059 5325 3505 5399 Περιεκύκλωσάν
3550 5338 3609 5393 με

2070 5425 2258 5495 μόσχοι
2303 5422 2513 5487 πολλοὶ,
2545 5420 2734 5492 ταῦροι
2777 5421 2959 5483 πίονες
3004 5419 3287 5490 περιέσχον
3327 5434 3430 5487 με·
3462 5435 3480 5467 ι
3526 5411 3608 5467 καὶ

2069 5513 2254 5583 σαφῶς
2282 5514 2371 5566 ’ἢν
2407 5512 2633 5566 θάνατον
2662 5511 2826 5565 αὑτοῦ
2863 5512 3374 5582 προμαρτυρόμενος
3412 5507 3497 5561 διά
3520 5503 3608 5565 τὸ,

463 5623 509 5653 ³⁸
549 5620 718 5675 Marc.
756 5639 857 5685 xv,
892 5622 1076 5677 ’ὃὸ-55.
1156 5622 1199 5653 ⁸⁸
1238 5620 1383 5677 Psal.
1423 5638 1553 5689 XXI,
1594 5625 1643 5676 1.
1722 5623 1767 5654 ⁸⁸
1808 5622 1943 5679 Luc.

2080 5640 2128 5688 ν,
2158 5623 2272 5677 1-5.
2342 5625 2386 5654 ἰ
2427 5622 2593 5680 Marc.
2629 5640 2740 5689 xvi,
2771 5623 2888 5677 2-4.
2964 5623 3009 5654 ⁹²
3045 5620 3201 5675 Joan.
3236 5637 3323 5687 xx,
3362 5619 3414 5673 l.

464 5714 541 5784 (ll
577 5711 700 5784 'Err
736 5711 914 5784 Δνιιὶες.
947 5713 1134 5773 deest;
1170 5719 1263 5765 aut
1289 5720 1437 5766 certe
1468 5712 1751 5782 legendum
1782 5713 1926 5783 ἄρτι,
1960 5730 1973 5762 ι

2077 5715 2272 5771 melius
2295 5715 2499 5779 οὐκέτι,
2537 5714 2683 5784 qnod
2713 5723 2764 5770 et
2813 5714 2983 5784 magis
3033 5712 3283 5768 convenit
3335 5710 3415 5781 τῷ
3476 5712 3606 5764 λίαν

391 5783 560 5853 πρωΐ,
594 5778 997 5854 οὶιιδὰειιι,ἰυιιι
1028 5790 1078 5837 ct
1108 5793 1425 5839 cacterorunt
1449 5778 1766 5854 evangelist.
1801 5778 1953 5838 lium
