3830 6260
216 330 311 386 765

223 465 242 497 ι
267 445 352 507 Εἰς
377 440 497 512 χοῦν
532 440 757 495 θανάτου
801 445 1109 514 κατήγαγές
1151 464 1217 517 με
1241 466 1254 477 ·

222 553 280 606 με
298 531 446 595 κύνες
475 531 655 585 πολλοὶ
670 572 684 595 ,
717 535 1000 607 συναγωγὴ
1025 541 1468 609 πονηρευομένων
1492 544 1745 615 περιέσχε

219 644 296 697 με.
319 624 536 696 Ὠρυξαν
559 625 743 696 χεῖράς
775 643 874 695 μου
901 629 992 680 καὶ
1024 629 1192 694 πόδας
1224 649 1323 701 μου
1348 649 1360 661 ·
1395 653 1413 684 ι
1445 634 1538 687 καὶ
1568 634 1646 687 ἔτι
1678 636 1746 689 τὰ

216 717 340 789 ἀμφὶ
363 714 438 786 τῷ
468 713 625 770 πάθει
657 717 1035 788 συμϐεϐηκότα
1067 721 1212 793 αὐτῷ
1238 725 1486 795 σημήνας
1511 725 1597 779 διὰ
1628 727 1741 793 τοῦ,

218 828 237 861 ι
260 806 627 878 Διεμερίσαντο
667 808 736 862 τὰ
770 810 962 879 ἱμάτιά
998 830 1096 882 μου
1141 815 1371 882 ἑαυτοῖς,
1397 819 1489 870 καί
1525 818 1616 870 ἐπὶ
1654 817 1745 872 τὸν

213 897 477 971 ἱματισμόν
511 916 612 970 μου
649 899 839 954 ἔϐαλον
871 903 1093 973 κλῆρον·
1133 924 1151 955 ι
1182 904 1352 960 ταῦτα
1384 909 1476 961 καὶ
1518 908 1585 961 τὰ
1624 910 1747 963 τού-

210 1008 308 1056 τοις
348 990 698 1063 παραπλήσια
742 994 1048 1065 προειπὼν,
1096 998 1194 1051 οὐκ
1226 998 1317 1051 ἐπὶ
1350 998 1555 1062 τούτοις
1582 999 1741 1071 ἔστη,

210 1083 310 1137 ἀλλ’
327 1082 560 1150 ἐπιλέγει
583 1100 597 1112 ·
627 1102 645 1135 ι
677 1085 739 1137 Ol
769 1084 1090 1157 φοϐούμενοι
1121 1089 1211 1141 τὸν
1241 1089 1463 1160 Κύρων,
1494 1091 1741 1144 αίνέσατε

206 1174 366 1239 αὐτὸν,
388 1175 466 1227 ὅτι
490 1175 592 1228 οὐκ
618 1174 967 1241 ὲξουδένωσεν
983 1219 996 1240 ,
1019 1180 1139 1233 οὐδὲ
1168 1181 1504 1252 προσώχθισε
1536 1184 1600 1252 τῇ
1625 1183 1746 1252 δεή-

209 1280 280 1316 σει
307 1262 394 1316 τοῦ
421 1260 659 1333 πτωχοῦ,
684 1262 802 1316 οὐδὲ
834 1266 1138 1337 ἀπέστρεψε
1162 1269 1220 1321 τὸ
1252 1270 1536 1341 πρόσωπον
1576 1268 1741 1323 αὐτοῦ

159 1378 180 1431 3,
206 1355 286 1410 ἀπ’
313 1354 456 1424 ὲμοῦ,
510 1354 606 1408 καὶ
638 1357 696 1408 ἐν
728 1355 805 1426 τῷ
834 1360 1161 1429 κεκραγέναι
1194 1378 1258 1432 με
1287 1363 1422 1433 πρὸς
1452 1363 1613 1415 αὐτὸν
1653 1366 1745 1417 έπ-

205 1446 381 1517 ήκουσέ
416 1463 535 1517 μου.
564 1464 583 1499 ι
614 1446 737 1510 Πῶς
777 1448 820 1500 δ’
848 1447 914 1503 ἂν
955 1449 1143 1520 ἔλεγεν
1172 1452 1552 1523 είσηκοῦσθαι,
1577 1456 1625 1507 εί
1668 1454 1741 1525 μὴ

204 1536 397 1600 πάντως
422 1536 712 1608 τετυχήκει
743 1537 851 1591 τῶν
884 1540 1054 1611 εὐχῶν
1075 1581 1088 1603 ,
1126 1543 1218 1595 καὶ
1252 1537 1325 1595 ὧν
1362 1545 1418 1596 ὲν
1462 1547 1574 1608 τοῖς
1604 1545 1740 1616 πρό-

204 1627 312 1680 σθεν
334 1626 591 1697 ὲδεδέητο,
618 1629 706 1682 ὅτε
732 1629 885 1698 ἔλεγε
918 1631 999 1693 τὸ,
1033 1653 1052 1683 ι
1080 1634 1179 1695 Εἰς
1205 1633 1332 1703 χοῦν
1363 1634 1588 1687 θανάτου
1610 1654 1742 1690 κατ-

203 1715 383 1787 ήγαγές
431 1733 518 1787 με.
573 1717 760 1772 Ῥῦσαι
799 1721 908 1774 ἀπὸ
953 1722 1222 1793 ῥομφαίας
1263 1724 1359 1795 τὴν
1391 1725 1566 1796 ψυχήν
1615 1744 1739 1797 μου,

202 1808 282 1860 καὶ
302 1808 362 1859 ὲκ
390 1809 572 1880 χειρὸς
601 1810 760 1873 κυνὸς
783 1810 879 1882 τὴν
909 1814 1167 1884 μονογενῆ
1205 1832 1342 1885 μου;
1379 1835 1397 1866 ι
1434 1816 1603 1870 ταῦτα
1634 1818 1743 1889 γὰρ

201 1896 503 1969 εὐξάμενος,
545 1901 640 1954 καὶ
680 1901 894 1973 δεηθεὶς
929 1905 993 1956 ἐκ
1032 1904 1233 1958 τούτων
1254 1906 1528 1978 ,ῥυσθῆναί
1560 1926 1619 1962 τε
1648 1911 1744 1964 καὶ

200 1988 447 2059 σωθῆναι,
477 1989 659 2061 τυχὼν
687 1984 760 2046 ὧν
786 1992 988 2062 ηὔξατο
1007 2034 1021 2057 ,
1046 1985 1318 2064 sntit-515i."
1350 2016 1368 2049 ι
1399 2000 1512 2051 Οὐκ
1538 2000 1745 2066 ἐξουδέ-

199 2095 346 2132 νωσεν
380 2080 494 2134 οὐδὲ
535 2082 878 2153 προσώχθισε
904 2087 970 2155 τῇ
1004 2084 1185 2157 δεήσει
1223 2087 1317 2140 τοῦ
1350 2088 1597 2159 πτωχοῦ,
1622 2091 1742 2143 οὐδὲ

198 2170 477 2242 ἀπέστρεψε
506 2171 572 2224 τὸ
602 2174 889 2244 πρόσωπον
931 2175 1090 2227 αὑτοῦ
1130 2178 1224 2228 ἀπ’
1253 2177 1418 2248 ἐμοῦ,
1452 2180 1545 2232 καὶ
1581 2183 1637 2234 ὲν
1664 2180 1742 2251 τῷ

198 2262 499 2333 κεκραγέναι
543 2280 616 2333 με
668 2263 801 2335 πρὸς
833 2265 993 2317 αὐτὸν
1039 2268 1309 2337 ἐπήκουσέ
1339 2286 1473 2330 μου·
1500 2290 1518 2321 ι
1556 2271 1742 2339 σαφῶς

195 2353 279 2425 τὴν
310 2354 437 2424 μετὰ
485 2354 715 2409 θάνατον
744 2357 1038 2410 ἀναϐίωσιν
1074 2357 1240 2411 αὑτοῦ
1270 2359 1443 2432 δηλῶν
1463 2401 1476 2424 ,
1506 2364 1624 2433 ἥτις
1652 2364 1743 2432 γέ-

203 2463 339 2513 γονεν
369 2447 507 2501 κατὰ
532 2448 633 2519 τὴν
659 2449 888 2521 ἑωθινὴν
912 2449 1211 2517 ἀντίληψιν,
1238 2451 1301 2521 ἢν
1334 2452 1461 2522 ἑξῆς
1484 2453 1686 2524 προῖὼν
1715 2457 1743 2508 ὁ

196 2535 378 2607 ψαλμὸς
423 2538 788 2609 παρέστησεν,
829 2538 1027 2591 εἰπών’
1067 2558 1084 2589 ι
1116 2540 1186 2592 Σὺ
1210 2538 1286 2603 δὲ,
1317 2539 1507 2612 Κύριε,
1544 2539 1617 2611 μὴ
1640 2558 1744 2611 μα-

196 2627 374 2698 κρύνῃς
390 2627 486 2698 τὴν
513 2626 766 2699 βοήθειάν
788 2646 910 2699 μου,
936 2630 1014 2691 εἰς
1036 2628 1133 2699 τὴν
1153 2628 1431 2699 ἀντίληψίν
1457 2647 1555 2700 μου
1574 2632 1741 2701 πρόσ-

194 2733 319 2785 σχες.
350 2738 369 2770 ι
389 2721 559 2774 Ποίαν
603 2720 666 2791 δὴ
716 2720 1018 2790 ἀντίληψιν,
1047 2719 1159 2773 ἀλλ’
1192 2722 1256 2791 ἣν
1286 2722 1430 2791 καὶὴ
1452 2723 1740 2794 προγραφὴ

194 2809 274 2862 τοῦ
314 2809 523 2883 ψαλμοῦ
580 2811 854 2883 ᾐνίττετο,
895 2810 1054 2863 Ἀλλὰ
1085 2810 1255 2864 ταῦτα
1289 2812 1384 2881 μὲν
1431 2813 1559 2883 ἡμῖν
1593 2814 1744 2884 εἰρή-

197 2890 291 2954 σθω
313 2904 388 2966 είς
413 2903 508 2975 τὴν
529 2903 627 2956 τοῦ
648 2902 862 2974 ψαλμοῦ
886 2904 1227 2974 προγραφήνο
1248 2907 1323 2967 εἰς
1352 2904 1409 2956 δὲ
1427 2904 1507 2969 τὸ,
1529 2923 1547 2954 ι
1571 2896 1739 2968 Ἠλεὶ,

204 2993 360 3059 Ἠλεὶ,
390 2993 938 3069 λαμμᾶ-σαϐαχθανὶ,
975 3015 993 3046 ι
1038 2996 1322 3068 εἰρημένον
1358 2994 1456 3065 μὲν
1499 2995 1603 3048 ὑπὸ
1644 2994 1738 3048 τοῦ

194 3084 416 3156 Σωτῆρος
450 3086 612 3157 ἡμῶν
655 3086 836 3149 αὐτοῖς
873 3085 1174 3158 Ἑϐραϊκοῖς
1223 3086 1448 3157 ὀνόμασι
1492 3088 1619 3155 περὶ
1650 3085 1737 3139 τὸν

192 3174 272 3227 τοῦ
311 3176 511 3240 πάθους
559 3177 776 3247 καιρὸν,
815 3177 1064 3247 κείμενον
1093 3177 1149 3230 δὲ
1182 3177 1276 3231 καὶ
1318 3178 1376 3231 ὲν
1405 3176 1480 3245 τῷ
1509 3176 1735 3247 ψαλμῷ,

190 3269 279 3337 ὅρα
296 3270 364 3340 μή
382 3287 461 3333 τις
487 3269 730 3337 ἔγκειται
757 3268 1027 3342 βαθυτέρα
1059 3269 1261 3340 θεωρία
1285 3271 1413 3340 παρ’
1448 3268 1734 3340 Ἑϐραίοις⁴

201 3359 411 3431 Ἐλωεὶμ
440 3362 551 3435 γὰρ
575 3364 604 3414 ὁ
624 3361 755 3424 Θεὸς
779 3360 1105 3432 ὀνομάζεται
1125 3378 1139 3390 ”
1169 3360 1437 3413 καὶτοῦτο
1455 3359 1543 3414 διὰ
1564 3361 1740 3431 πάσης

192 3452 356 3522 σχεδὸν
378 3453 561 3527 εὕροις
596 3453 659 3507 ἂν
680 3456 778 3525 τῆς
807 3454 1032 3525 Γραφῆς
1054 3471 1067 3483 ·
1096 3453 1219 3505 ἐπεὶ
1247 3456 1341 3506 καὶ
1369 3453 1570 3524 κυρίως
1598 3451 1741 3506 οὓτω

190 3544 322 3617 παρὰ
362 3550 473 3611 τοῖς
526 3545 933 3618 Ἐϐδομήκοντα
978 3545 1058 3599 ἔτι
1097 3545 1191 3599 καὶ
1222 3544 1316 3598 νῦν
1365 3547 1439 3616 τῇ
1474 3544 1739 3615 Ἐϐραίων

188 3636 486 3708 ὀνομάζεται
538 3641 714 3710 φωνῇ.
756 3637 1015 3709 Φέρονται
1046 3654 1109 3706 γε
1142 3637 1247 3709 μὴν
1283 3638 1412 3706 παρ’
1450 3636 1631 3698 αὐτοῖς
1650 3636 1741 3688 ἐπὶ

187 3729 274 3798 τῆς
299 3728 449 3799 θείας
469 3730 846 3802 προσηγορίας
874 3731 970 3783 καὶ
994 3727 1178 3800 ἕτεραι
1206 3744 1349 3789 τινες
1382 3728 1735 3798 ἐκφωνήσεις,

187 3817 447 3893 ὠσπεροῦν
477 3821 574 3874 καὶ
598 3821 657 3873 τὸ
678 3860 692 3884 ,
722 3819 918 3873 Σαδδαῒ
937 3861 951 3885 ,
976 3820 1069 3873 καὶ
1092 3818 1152 3872 τὸ
1192 3817 1340 3882 Ἰαὼ,
1367 3819 1459 3871 καὶ
1486 3818 1589 3870 Ἢλ
1606 3858 1621 3882 ,
1647 3816 1739 3870 καὶ

187 3910 307 3965 ἄλλα
346 3913 556 3976 τούτοις
592 3911 971 3984 παραπλήσια.
1028 3911 1088 3963 ‘0
1126 3909 1191 3980 δὴ
1237 3905 1328 3962 οὖν
1377 3907 1512 3979 μετὰ
1552 3911 1740 3980 χεῖρας

185 4000 375 4072 eam;
409 4004 517 4057 ἀπὸ
546 4001 643 4055 τοῦ
683 4001 821 4067 ⁹“Ηλ,
875 4001 1055 4066 Ἠλεὶ,
1111 3997 1284 4061 Ἠλεὶ,
1326 3996 1520 4067 λαμμᾶ
1570 3994 1737 4048 σαϐα-

186 4093 343 4163 χθανὶ,
360 4097 624 4167 περιέχει,
638 4088 682 4161 ᾧ
697 4093 958 4165 κέχρηται
975 4092 1069 4145 καὶ
1087 4093 1115 4144 ὁ
1130 4091 1330 4161 Κύριος
1356 4091 1388 4159 ἡ
1399 4088 1532 4159 μῶν,
1549 4088 1609 4141 ού
1633 4087 1739 4158 μὴν

185 4187 280 4240 ἀπὸ
310 4189 401 4242 τοῦ
436 4187 691 4258 Ἐλωείμ.
724 4188 783 4239 '0
815 4184 946 4255 γοῦν
994 4184 1246 4247 ’Δκύλας,
1273 4182 1532 4252 διαφορὰν
1563 4179 1736 4242 εἰδὼς,

182 4277 270 4348 τῆς
296 4283 422 4351 παρ’
445 4279 722 4350 Ἑϐραίοις
745 4277 880 4331 Θεοῦ
903 4276 1269 4347 προσηγορίας
1304 4277 1367 4328 ὲκ
1390 4271 1482 4326 τοῦ
1511 4272 1741 4341 Ἐλωεὶμ

186 4372 595 4442 σημαινομένης,
624 4369 684 4422 τὸ
705 4368 798 4421 νῦν
824 4366 1146 4440 δηλούμενον
1178 4368 1235 4419 ὲν
1256 4362 1332 4435 τῷ
1365 4363 1532 4428 Ἦλεὶ,
1566 4362 1736 4426 Ἠλεὶ,

1058 327 1709 388 DEMONSTRATlONlS
1746 334 2198 390 ΕνΑΝϐειιείε
2226 335 2355 391 LIB.
2390 332 2465 394 Ῑ,

3295 334 3400 390 766

1303 448 1384 500 ὅτι
1429 449 1739 504 ἐκύκλωσαν

1847 468 1967 522 qua?
1990 452 2056 508 ad
2086 453 2394 522 passionem
2436 449 2736 505 Salvatoris
2762 447 2937 503 nostri
2978 446 3269 519 pertinent,
3301 464 3401 502 nec

1846 546 1899 598 in
1931 545 2184 615 passione
2214 543 2435 598 desierit
2474 557 2560 604 ea,
2590 558 2709 612 qua:
2750 540 2817 594 ad
2846 541 3023 610 ipsum
3050 549 3258 609 spectat
3284 539 3401 594 dis-

1842 636 2109 704 pensatio,
2154 633 2426 703 passionis
2475 647 2604 686 vero
2660 630 2781 685 finis
2809 632 2924 700 ipsa
2954 629 3116 685 fuerit
3166 645 3198 682 a
3225 637 3402 685 morte

1844 724 1911 778 ad
1944 723 2108 777 vitam
2141 722 2435 788 restitutio,
2466 728 2521 776 et
2553 722 2817 775 matutina
2867 721 3163 790 susceptio,
3207 720 3401 774 merito

1843 814 2122 869 oraculum
2146 813 2273 867 huic
2303 811 2394 866 fini
2414 812 2718 867 admirabili
2741 813 2910 880 ipsam
2940 810 3153 865 dedicat
3173 810 3403 880 scriptu-

1842 920 1987 971 ram,
2005 920 2113 959 non
2130 919 2288 959 secus
2313 919 2375 958 ac
2401 903 2448 959 si
2478 918 2638 957 omne
2662 903 2970 971 bujusmodi
3001 910 3400 974 argumentum,

1843 1008 1895 1052 et
1937 1011 2122 1051 earum
2168 996 2514 1050 vexationum
2566 1011 2687 1065 qua:
2720 996 2879 1050 finem
2920 994 3121 1063 ipsum,
3167 993 3400 1049 reditum

1843 1088 2031 1157 utique
2058 1088 2125 1142 de
2154 1096 2333 1142 morte
2368 1086 2437 1140 ad
2459 1086 2624 1140 vitam
2663 1091 3097 1146 antecesserunt,
3128 1092 3180 1138 et
3212 1099 3404 1139 susce-

1842 1178 2045 1248 ptionis
2093 1177 2373 1231 matutinae
2415 1190 2603 1238 causa,
2654 1174 2937 1230 inductum
2981 1175 3072 1230 sit.
3127 1172 3231 1228 Ubi
3272 1187 3404 1245 ergo

1845 1269 2095 1322 Salvator
2129 1283 2194 1323 ac
2233 1267 2496 1324 Dominus
2549 1266 2681 1322 illud
2733 1266 2917 1321 dixit:
2975 1282 2994 1317 ι
3052 1263 3215 1330 Deus,
3261 1264 3405 1320 Deus

1841 1375 2027 1425 meus,
2071 1361 2281 1430 respice
2312 1360 2369 1415 in
2415 1374 2535 1424 me,
2574 1374 2741 1430 quare
2786 1358 3119 1427 dereliquisti
3155 1357 3309 1412 me?»
3338 1371 3404 1412 ac

1843 1451 2099 1520 deinceps
2134 1449 2267 1504 illud
2298 1448 2505 1504 addidit
2534 1467 2549 1503 :
2585 1468 2604 1500 ι
2638 1447 2750 1518 Ego
2785 1453 2962 1502 autem
2983 1462 3104 1502 sum
3120 1447 3322 1502 vermis
3350 1451 3408 1501 et

1842 1556 1951 1594 non
1983 1541 2164 1604 homo,
2188 1540 2539 1611 opprobrium
2561 1538 2864 1603 hominum,
2895 1546 2949 1594 et
2975 1537 3207 1608 abjectio
3232 1551 3406 1608 popu-

1842 1629 1879 1683 li
1915 1649 1929 1683 :
1965 1650 1983 1681 ι
2021 1646 2235 1685 necnon
2271 1630 2407 1685 illud
2441 1631 2673 1702 subjecit
2701 1650 2715 1686 :
2747 1650 2765 1682 ι
2793 1628 3288 1684 Circumdederunt
3318 1642 3408 1685 me

1842 1722 1997 1778 vituli
2026 1724 2205 1788 multi,
2236 1724 2380 1778 tauri
2402 1725 2633 1795 pingues
2662 1724 2994 1779 obsederunt
3024 1736 3130 1785 me,
3163 1740 3183 1773 ι
3216 1728 3270 1776 et
3293 1720 3409 1775 evi-

1772 1796 1815 1851 Β
1844 1811 2035 1868 denter
2066 1830 2220 1869 suam
2266 1825 2497 1870 mortem
2536 1815 2877 1871 denuntiavit
2906 1830 2974 1869 ex
3005 1814 3118 1878 illo,
3148 1832 3166 1865 ι
3197 1812 3252 1866 in
3285 1812 3407 1882 pul-

1841 1918 2023 1958 verem
2050 1906 2241 1961 mortis
2279 1905 2550 1961 deduxisti
2577 1921 2664 1960 me
2697 1907 2992 1976 :quoniam
3030 1903 3406 1959 circumdede-

1840 2004 1970 2051 runt
2013 2013 2100 2053 me
2148 2013 2315 2053 canes
2345 1998 2526 2063 multi,
2577 1998 2929 2068 congregatio
2990 1996 3406 2067 malignantium

1843 2090 2056 2145 obsedit
2086 2107 2194 2156 me,
2227 2090 2485 2147 foderunt
2514 2105 2711 2147 manus
2736 2106 2886 2146 meas
2920 2097 2975 2144 et
3008 2089 3181 2160 pedes
3194 2103 3400 2143 meos.»

1840 2179 2107 2237 Praeterea
2139 2184 2229 2238 ubi
2280 2185 2443 2239 etiam
2478 2199 2542 2239 ea
2574 2199 2697 2254 qua:
2728 2183 2831 2238 sub
2877 2183 3049 2252 ipsam
3096 2180 3408 2250 passionem

1842 2273 1945 2328 sibi
1993 2281 2313 2336 evenerunt,
2357 2273 2681 2344 significavit
2730 2274 2839 2329 illis
2875 2273 3102 2328 verbis:
3141 2288 3162 2324 ι
3198 2271 3409 2326 Divise-

1841 2370 1969 2417 runt
2008 2364 2329 2419 vestimenta
2378 2380 2498 2420 mea
2528 2365 2654 2430 sibi,
2683 2371 2738 2420 et
2783 2379 2949 2434 super
2996 2370 3201 2418 vestem
3230 2377 3407 2418 meam

1842 2454 2111 2508 miserunt
2141 2463 2364 2511 sortem.
2403 2477 2422 2508 ι
2455 2455 2602 2520 Haec,
2627 2464 2791 2525 atque
2817 2455 2900 2510 bis
2926 2454 3125 2509 similia
3148 2452 3240 2508 ubi
3268 2467 3409 2524 pm-

1841 2546 1999 2613 dixit,
2041 2564 2150 2602 non
2186 2549 2339 2603 intra
2388 2549 2503 2603 haec
2546 2548 2716 2613 stetit,
2751 2545 2917 2618 494
2970 2545 3065 2600 sed
3107 2543 3404 2614 adjunxit:

1848 2656 1866 2689 ι
1908 2638 2011 2704 Qui
2069 2639 2270 2694 timetis
2325 2638 2635 2701 Dominum,
2679 2635 2898 2691 laudate
2958 2650 3104 2698 eum,
3147 2635 3405 2705 quoniam

1842 2743 1951 2782 non
1994 2728 2242 2797 sprevit,
2284 2743 2460 2797 neque
2514 2727 2742 2781 moleste
2803 2726 2926 2778 tu‘lit
2974 2722 3405 2793 deprecationem

1842 2820 2115 2890 pauperis,
2150 2834 2324 2887 neque
2345 2818 2538 2873 avertit
2563 2816 2758 2871 faciem
2790 2830 2944 2871 suam
2991 2830 3020 2868 a
3062 2829 3164 2877 me,
3195 2821 3250 2868 et
3280 2829 3405 2869 cum

1842 2911 2134 2965 clamarem
2168 2911 2235 2963 ad
2269 2926 2418 2973 eum,
2455 2908 2734 2963 exaudivit
2763 2922 2867 2962 me.
2903 2926 2923 2961 ε
2959 2904 3076 2972 Qua
3109 2914 3289 2959 autem
3319 2921 3409 2958 ra-

1840 3003 1989 3058 tione
2016 3002 2223 3057 diceret
2267 3018 2326 3057 se
2370 3000 2723 3056 exauditam?
2751 3001 2797 3055 si
2824 3014 2932 3054 non
2967 3006 3297 3054 consecutus
3321 3013 3409 3052 es-

1842 3103 1948 3161 set,
1998 3110 2118 3165 qua:
2173 3102 2475 3166 aptaverat,
2509 3106 2737 3163 quaeque
2772 3091 3024 3161 superius
3086 3089 3408 3159 deprecatus

1841 3187 2034 3245 fuerat.
2074 3202 2196 3240 cum
2227 3185 2362 3239 dixit
2390 3183 2560 3239 illud:
2601 3202 2622 3235 ε
2669 3183 2728 3237 In
2774 3183 3048 3252 pulverem
3092 3182 3285 3236 mortis
3310 3179 3407 3234 de-

1840 3277 2042 3332 duxisti
2091 3293 2198 3340 me,
2230 3277 2384 3346 eripe
2420 3291 2451 3329 a
2485 3276 2689 3330 framea
2736 3275 2972 3327 animam
3022 3287 3222 3338 meam,
3253 3282 3309 3326 et
3339 3270 3408 3325 de

1839 3385 2002 3423 manu
2036 3369 2187 3423 canis
2212 3368 2426 3422 unicam
2457 3366 2679 3421 meam?
2722 3384 2741 3416 ι
2773 3363 2898 3419 Haec
2927 3364 3072 3419 enim
3093 3379 3217 3418 cum
3248 3376 3406 3416 oras-

1841 3470 1943 3521 set,
1978 3474 2041 3513 ac
2070 3476 2127 3513 se
2157 3475 2223 3513 ex
2270 3458 2356 3513 bis
2384 3458 2520 3527 eripi
2554 3466 2607 3512 et
2640 3457 2860 3511 liberari
2904 3462 3157 3525 precatus
3192 3453 3405 3520 fuisset,

1839 3560 1952 3604 tum
1984 3565 2046 3605 ea
2091 3552 2208 3619 ipsa
2263 3558 2596 3604 consecutus
2645 3563 2766 3618 quae
2805 3556 3077 3611 oraverat,
3110 3546 3353 3616 adjungit
3387 3564 3403 3600 :

1845 3659 1862 3690 ι
1899 3638 2014 3691 Non
2062 3638 2265 3705 sprevit
2316 3654 2494 3708 neque
2526 3637 2751 3692 moleste
2808 3637 2931 3690 tulit
2967 3636 3406 3706 deprecationem

1839 3728 2118 3799 pauperis,
2151 3744 2326 3797 neque
2355 3728 2551 3782 avertit
2580 3726 2775 3780 faciem
2809 3741 2963 3781 suam
2995 3741 3026 3779 a
3057 3740 3162 3789 me,
3192 3732 3246 3779 et
3279 3740 3403 3779 cum

1838 3822 2128 3875 clamarem
2182 3821 2249 3874 ad
2280 3834 2426 3881 eum,
2468 3818 2747 3874 exaudivit
2780 3833 2867 3873 me
2899 3837 2913 3873 :
2948 3838 2968 3870 ι
3009 3819 3100 3872 ubi
3128 3817 3407 3872 evidenter

1840 3926 1997 3967 suum
2032 3910 2099 3965 de
2154 3918 2330 3965 morte
2379 3909 2447 3964 ad
2496 3909 2660 3964 vitam
2710 3909 2944 3964 reditum
2990 3908 3278 3977 significat,
3311 3907 3405 3978 qui

1839 4002 1941 4057 sub
1971 4003 2293 4056 matutinam
2327 4002 2727 4069 susceptionem
2769 3998 3001 4063 exstitit,
3045 4012 3209 4067 quam
3254 3997 3403 4067 psal-

1840 4105 1962 4143 mus
2011 4090 2266 4159 deinceps
2319 4089 2538 4159 longius
2593 4102 2915 4159 progressus
2975 4086 3266 4150 indicavit,
3311 4084 3405 4139 ubi

1838 4181 1976 4236 dixit
2016 4198 2030 4234 :
2067 4202 2085 4234 ι
2126 4181 2209 4236 Τιι
2245 4190 2448 4246 autem,
2482 4180 2733 4246 Domine,
2760 4195 2830 4235 ne
2887 4195 3138 4235 amoveas
3190 4179 3404 4248 longius

1840 4274 2102 4329 auxilium
2136 4288 2342 4338 meum,
2364 4273 2431 4328 ad
2469 4272 2870 4342 susceptionem
2905 4286 3077 4326 meam
3111 4271 3338 4341 respice.
3377 4288 3398 4323 ι

1843 4365 1947 4420 Sed
1979 4380 2142 4435 quam
2177 4364 2397 4419 tandem
2449 4364 2609 4418 aliam
2667 4362 3085 4432 susceptionem,
3132 4363 3237 4416 nisi
3284 4377 3402 4416 eam

182 4460 270 4515 οὐκ
285 4462 513 4532 ἠξίωσεν
532 4463 733 4534 ὁμοίως
748 4463 858 4524 τοῖς
882 4460 1106 4523 λοιποῖς,
1136 4478 1153 4509 ι
1180 4460 1208 4512 ὁ
1229 4457 1378 4522 Θεὸς,
1401 4457 1570 4521 ὀΘεός
1586 4472 1684 4526 μου
1712 4474 1729 4506 ι

1840 4471 1999 4527 quam
2036 4456 2325 4525 inscriptio
2354 4455 2548 4526 psalmi
2583 4453 2949 4525 signiﬁcavit?
2970 4453 3258 4515 Caeterum,
3290 4452 3404 4506 hate

183 4552 518 4615 μεταϐάλλων
531 4554 725 4616 εἰπεῖν,
744 4549 928 4615 mam
943 4549 1127 4621 ίσχυρέ
1146 4566 1266 4620 μου,
1289 4547 1474 4619 ἱσχυρέ
1490 4564 1609 4617 μου.
1625 4567 1642 4597 ι
1662 4546 1732 4598 Τὸ

178 4636 219 4688 δ’
239 4643 455 4709 ἀκριϐές
494 4646 671 4697 ἐστιν·
728 4642 878 4712 ἰσχύς
922 4659 1053 4711 μου,
1083 4639 1239 4711 ἰσχύς
1262 4657 1383 4710 μου.
1412 4640 1572 4691 Ὥστε
1597 4638 1734 4692 κατὰ

180 4730 268 4802 τὴν
280 4734 466 4788 τούτου
483 4735 746 4799 διάνοιαν,
780 4734 868 4787 τὸν
888 4732 1059 4803 ἀμνὸν
1079 4730 1171 4784 τοῦ
1194 4730 1329 4783 Θεοῦ
1352 4731 1440 4783 τὸν
1472 4730 1736 4801 ἡμέτερον

180 4820 391 4894 Σωτῆρα
430 4827 712 4894 φάσκοντα
754 4825 816 4878 τὸ
863 4824 1041 4892 Ἠλεὶ,
1086 4823 1235 4877 Ἦλεῖ
1257 4862 1270 4887 ,
1318 4822 1452 4892 πρὸς
1490 4822 1579 4875 τὸν
1619 4823 1735 4874 Πα-

177 4912 328 4984 τέρα,
382 4919 592 4987 λέγειν’
649 4938 669 4964 α
709 4916 915 4988 Ἰσχυρέ
948 4934 1081 4988 μου,
1126 4914 1310 4985 ἱσχυρέ
1365 4931 1504 4984 μου,
1552 4914 1636 4965 ἵνα
1682 4913 1734 4965 τί

179 5003 524 5073 ἐγκατέλιπές
555 5026 657 5080 με;
693 5029 713 5062 ι
751 5011 848 5062 καὶ
871 5010 1011 5080 τάχα
1040 5008 1161 5061 ἐπεὶ
1183 5006 1536 5076 ἐγκατέλιπεν
1574 5005 1733 5058 αὐτὸν

183 5097 208 5146 ὁ
238 5098 445 5171 ἰσχυρὸς
491 5099 677 5164 αὐτοῦ,
712 5100 899 5155 τούτου
933 5100 1091 5172 χάριν
1140 5097 1477 5171 ἐσταυρώθη,
1513 5097 1586 5160 ὦς
1631 5114 1734 5168 φη-

183 5201 256 5238 σιν
297 5192 325 5242 ὁ
368 5192 721 5257 ’Δπόστολοςο
759 5210 777 5242 ι
820 5192 928 5245 Καὶ
971 5192 1078 5260 γὰρ
1124 5188 1438 5260 ἐσταυρώθη
1474 5186 1533 5251 ἐξ
1579 5188 1738 5241 ἀσθε-

178 5277 331 5343 νείας,
364 5282 459 5336 καὶ
489 5283 556 5355 ζῇ
592 5286 657 5339 ὲκ
686 5284 966 5354 δυνάμεως
1011 5282 1170 5345 Θεοῦ,
1212 5302 1231 5335 ι
1268 5282 1343 5345 ὡς
1387 5280 1461 5351 μὴ
1496 5298 1738 5350 σταυρω-

180 5362 281 5431 θείνῒ
308 5370 393 5434 ἂν,
427 5375 475 5425 εξ
503 5374 575 5443 μὴ
606 5377 634 5428 ὀ
662 5375 878 5446 ἰσχυρὸς
924 5373 1085 5428 αὑτοῦ
1134 5371 1506 5426 καταλελοίπει
1554 5372 1732 5425 αὐτόν.

180 5456 279 5512 Καὶ
307 5462 407 5532 ὅρα
438 5467 486 5517 εἰ
533 5467 604 5537 μὴ
636 5466 843 5537 ἔπρεπε
892 5468 980 5519 τὸν
1013 5466 1181 5527 ἀμνὸν
1213 5465 1304 5518 τοῦ
1349 5463 1505 5525 Θεοῦ,
1537 5464 1629 5516 τὸν
1659 5464 1735 5526 ὡς

180 5549 431 5618 πρόϐατον
473 5559 566 5611 ἐπὶ
599 5558 806 5629 σφαγὴν
852 5558 1103 5629 ἀχθέντα,
1129 5558 1222 5609 καὶ
1251 5556 1327 5618 ὠς
1371 5555 1539 5624 ἀμνὸν
1586 5557 1734 5608 ἐναν-

180 5639 281 5693 τίον
304 5645 394 5697 τοῦ
418 5649 692 5720 κείροντος
711 5650 942 5718 ἄφωνον,
971 5649 1069 5712 τὰς
1101 5649 1304 5712 οἰκείας
1333 5648 1585 5718 δυνάμεις
1608 5649 1735 5700 ἁνα-

180 5729 364 5786 ςιθέναι
415 5736 490 5805 τῷ
541 5739 674 5808 Θεῷ.
711 5741 803 5793 καὶ
859 5740 1019 5810 μηδὲν
1069 5740 1194 5795 ἴδιον
1243 5740 1383 5808 ἔχειν
1422 5739 1664 5809 ἡγεῖσθαι
1697 5739 1732 5810 ἦ

1839 4548 2059 4618 quidem
2106 4548 2253 4602 dicta
2303 4547 2415 4601 sint
2440 4560 2470 4598 a
2496 4545 2655 4599 nobis
2709 4545 2761 4597 in
2797 4543 2968 4612 ipsam
2999 4541 3187 4610 psalmi
3212 4540 3403 4595 inscri-

1840 4640 2079 4709 ptionem
2116 4655 2141 4705 ;.
2163 4639 2217 4691 in
2259 4637 2352 4691 illo
2383 4644 2585 4699 autem,
2617 4654 2635 4685 ι
2667 4633 2769 4701 Eli,
2803 4633 2903 4698 Eli,
2934 4634 3127 4685 lamina
3173 4632 3404 4686 sabach-

1842 4733 2016 4795 thaui,
2056 4752 2075 4783 ›
2106 4729 2251 4801 quod
2275 4745 2397 4784 cum
2425 4744 2455 4781 a
2485 4729 2769 4783 Salvatore
2797 4735 2984 4780 nostro
3023 4726 3155 4795 ipsis
3177 4724 3403 4779 Hebrai-

1842 4824 1921 4879 cis
1951 4823 2263 4877 nominibus
2290 4821 2494 4875 dictum
2526 4819 2595 4874 sit
2633 4818 2735 4873 sub
2767 4818 2943 4887 ipsum
2976 4818 3245 4886 passionis
3272 4824 3402 4870 tem-

1840 4933 1960 4986 pus,
1996 4915 2051 4968 in
2081 4913 2277 4984 psalmi
2333 4912 2491 4966 initio
2521 4910 2757 4982 pusitum
2789 4917 2893 4973 est,
2923 4910 3063 4973 vide,
3099 4923 3302 4978 qumso,
3333 4923 3401 4963 ne

1837 5022 1944 5078 qua
1973 5006 2103 5059 insit
2131 5003 2451 5075 profundior
2491 5001 2872 5072 contemplatio
2911 5000 3052 5070 apud
3099 4998 3353 5054 Hebraeos
3382 5018 3395 5053 :

1836 5113 1960 5151 nam
2007 5096 2176 5149 Eloim
2226 5094 2369 5151 Deus
2428 5095 2790 5148 nominatur:
2833 5099 2887 5146 et
2934 5092 3038 5145 hoc
3083 5106 3179 5159 per
3230 5098 3398 5142 totam

1837 5190 2226 5257 propemodum
2265 5183 2607 5253 Scripturam
2665 5182 2907 5236 invenies
2963 5198 2978 5233 :
3032 5177 3250 5248 Quando
3314 5176 3397 5231 vel

1837 5278 2050 5347 proprie
2074 5277 2152 5330 sic
2170 5277 2309 5345 apud
2336 5273 2477 5328 LXX
2500 5275 2662 5329 etiam
2686 5287 2832 5326 nunc
2856 5269 3119 5325 Hebraica
3149 5282 3281 5323 voce
3306 5281 3400 5321 ne-

1837 5371 2095 5430 minatur,
2122 5368 2263 5438 apud
2293 5368 2443 5436 ipsos
2486 5377 2665 5419 tamen
2694 5362 2949 5418 Hebraaos
2977 5361 3096 5415 aliae
3126 5359 3398 5414 nonnulla:

1839 5460 2086 5513 feruntur
2118 5459 2507 5529 appellationes
2534 5457 2600 5509 ad
2626 5455 2867 5510 divinam
2902 5461 3153 5507 naturam
3181 5449 3399 5521 signiﬁ-

1838 5552 2090 5614 caudam,
2126 5560 2183 5603 ut
2221 5550 2376 5616 illud,
2415 5547 2637 5609 Saddai,
2668 5554 2724 5599 ut
2770 5547 2926 5609 illud,
2983 5544 3103 5609 Jao,
3134 5551 3194 5599 ut
3240 5543 3400 5608 illud,

1837 5643 1920 5709 ΕΙ,
1955 5645 2167 5713 aliaque
2222 5644 2308 5696 bis
2342 5642 2536 5695 similia
2613 5655 2740 5699 ergo
2766 5638 3008 5697 psalmus
3043 5637 3313 5706 quinunc
3340 5636 3407 5690 in.

1839 5738 2087 5793 manibus
2121 5746 2223 5802 est,
2263 5735 2390 5790 illud
2428 5755 2439 5788 :
2476 5734 2577 5802 Eli,
2609 5733 2709 5799 Eli,
2742 5744 2937 5787 Iamma
2969 5728 3401 5795 sabachthani,»
