3830 6260
390 348 496 407 767

1084 345 1351 401 EUSEBII
1384 343 1867 401 CASSARIENSIS
1905 342 2055 397 OPP.
2097 338 2279 395 PARS
2319 337 2385 394 ll.
2425 368 2496 379 —
2535 334 3037 392 APOLOGETICA.

3534 333 3633 389 768

392 463 552 520 initio
577 461 761 527 habet,
789 476 897 532 quo
945 461 1107 516 etiam
1166 462 1415 515 Salvator
1461 466 1649 515 noster
1691 475 1827 515 usus
1855 464 1955 525 est,

2070 455 2230 527 μόνον
2257 437 2350 507 τὸν
2396 451 2641 525 Πατέρα’
2671 450 2751 505 διδ
2795 452 2889 506 καὶ
2925 448 3139 522 ίσχυρδν
3171 448 3261 502 τὸν
3298 448 3520 522 Πατέρα
3544 450 3637 504 αὖ·

394 573 505 613 ιιοη
531 564 709 611 autem
741 554 871 609 illud
908 574 919 609 :
960 553 1155 609 Eloim.
1187 552 1424 607 Proinde
1455 552 1651 624 Aquila
1703 565 1829 606 cum
1879 549 1963 604 di-

393 649 709 705 versitatem
767 646 863 701 Dei
911 645 1316 717 appellationis,
1352 660 1471 717 qua:
1505 660 1572 699 ex
1625 644 1745 714 ipso
1791 641 1960 695 Eloim

393 739 737 811 significatur
782 738 927 807 apud
977 737 1233 792 Hebrmos
1283 737 1529 801 vidisset,
1568 736 1695 789 illud
1746 734 1813 789 de
1854 749 1962 804 quo

390 846 540 887 nunc
574 832 803 900 agimus,
841 831 897 885 in
933 830 1046 894 illo,
1080 830 1182 894 Eli,
1215 829 1319 892 Eli,
1355 845 1463 883 non
1502 830 1572 883 ita
1606 826 1961 898 quemadmo-

392 922 520 977 dum
544 921 737 989 reliqui
767 937 891 975 cum
926 929 1287 984 converteret,
1312 922 1704 976 enuntiandum
1735 918 1960 989 putavit,

390 1012 487 1068 sed
525 1033 537 1067 :
584 1032 602 1063 ι
641 1012 820 1067 Fertis
848 1011 1200 1076 meus,fortis
1225 1028 1398 1074 meus,
1430 1027 1599 1081 quare
1625 1010 1961 1079 dereliquisti

389 1104 516 1158 me?
550 1122 570 1154 ι
609 1104 755 1174 quod
787 1102 1005 1173 quidem
1040 1103 1085 1157 si
1117 1103 1447 1172 exquisitius
1485 1102 1665 1173 eloqui
1700 1102 1958 1165 volueris,

389 1191 561 1255 dices,
596 1194 765 1247 robur
813 1209 1015 1254 meum,
1052 1194 1219 1247 robur
1250 1209 1450 1247 meum.
1481 1191 1659 1258 Quare
1699 1206 1764 1247 ex
1796 1191 1962 1260 hujus

389 1285 861 1357 interpretatione.
894 1286 1081 1355 Agnus
1115 1284 1229 1349 Dei,
1272 1284 1364 1354 qui
1400 1290 1483 1340 est
1534 1291 1723 1338 noster
1766 1280 1960 1336 Salva—

388 1381 495 1434 tor,
536 1375 664 1428 dum
722 1373 855 1428 illud
904 1394 917 1428 :
973 1373 1073 1440 Eli,
1110 1372 1213 1440 Eli,
1266 1373 1397 1427 dicit
1444 1372 1510 1426 ad
1555 1371 1796 1436 Patrem,
1827 1372 1961 1426 illud

387 1465 523 1521 dicit
575 1486 588 1521 :
626 1484 645 1516 ι
686 1464 866 1521 Fortis
915 1480 1091 1529 meus,
1147 1464 1306 1520 fortis
1358 1480 1533 1529 meus,
1566 1480 1734 1535 quare
1765 1465 1961 1520 dereli~

385 1557 555 1626 quisti
584 1556 714 1611 me?
748 1576 767 1608 ι
816 1564 871 1612 et
911 1556 1140 1612 forsitan
1183 1555 1328 1627 quod
1382 1556 1561 1626 ipsum
1610 1555 1962 1626 dereliquerit

384 1645 549 1719 5,95
575 1646 731 1704 fortis
781 1664 947 1714 suus,
1000 1648 1209 1702 idcirco
1257 1648 1554 1703 crucifixus
1605 1656 1724 1712 est,
1775 1657 1837 1704 ut
1884 1648 1961 1704 ait

384 1734 681 1808 Apostdlus
712 1757 726 1793 :
762 1759 781 1791 ι
816 1739 1025 1795 Etenim
1068 1740 1364 1796 cruciﬁxus
1402 1748 1487 1795 est
1519 1756 1585 1795 ex
1621 1740 1957 1807 infirmitate,

2067 545 2164 600 τοῦ
2215 545 2531 610 ἀποκαλεῖν,
2584 543 2662 607 ὡς
2706 544 2797 599 καὶ
2855 543 2913 596 ἐν
2960 540 3402 613 ἑπτακαιδεκάτῳ
3446 540 3633 613 ψαλμῷ

2068 637 2223 708 ίσχὺν
2251 636 2426 707 ἑαυτῷ
2458 637 2557 695 καὶ
2585 634 2909 708 κραταίωμα
2936 633 3029 687 καὶ
3062 632 3379 703 καταφυγὴν
3398 631 3500 687 τὸν
3529 632 3633 685 Πα-

2065 731 2201 802 τέρα
2226 728 2497 801 ὀνομάζει,
2518 729 2708 798 λέγων’
2735 746 2756 779 ι
2780 728 3076 798 Ἀγαπήσω
3101 744 3180 789 σε,
3202 725 3399 798 Κύριε,
3423 728 3457 796 ἡ
3491 724 3634 797 ἰσχιξς

2072 839 2195 892 μου,
2226 819 2429 891 Κύριος
2462 820 2748 891 στερέωμά
2782 836 2903 891 μου,
2932 820 3024 872 καὶ
3060 819 3348 890 καταφυγή
3390 835 3516 888 μου,
3546 818 3634 874 καὶ

2070 912 2269 983 ῥύστης
2291 931 2413 984 μου.
2457 914 2515 967 '0
2544 914 2673 976 Θεός
2708 930 2830 986 μου,
2860 910 3048 982 βοηθός
3083 928 3204 981 μου,
3229 910 3325 964 καὶ
3358 909 3529 964 ἐλπιῶ
3555 912 3633 964 ἐπ’

2069 1005 2256 1058 αὐτόν·
2293 1007 2704 1078 ὑπερασπιστὴς
2739 1022 2861 1077 μου,
2895 1004 2989 1057 καὶ
3016 1003 3184 1075 κέρας
3214 1002 3491 1075 σωτηρίας
3518 1019 3631 1072 μου,

2067 1098 2163 1152 καὶ
2200 1100 2545 1170 άντιλήπτωρ
2597 1116 2717 1170 μου.
2760 1117 2777 1148 ι
2828 1096 3225 1150 Καταλέλοιπεν
3256 1092 3350 1150 οὖν
3408 1094 3570 1149 αὐτὸν
3606 1096 3634 1150 ό

2071 1189 2288 1260 ἰσχυρὸς
2315 1188 2501 1251 αὐτοῦ,
2550 1188 2781 1260 θελήσας
2825 1186 2987 1241 αὐτὸν
3035 1187 3194 1258 μέχρι
3243 1186 3499 1252 θανάτου,
3548 1189 3636 1241 καὶ

2069 1277 2296 1332 θανάτου
2340 1277 2568 1349 σταυροῦ
2602 1278 2899 1342 κατελθεῖν,
2930 1278 3024 1331 καὶ
3060 1278 3154 1331 τοῦ
3196 1277 3400 1350 κόσμου
3441 1278 3636 1347 παντὸς

2067 1371 2257 1443 λύτρον
2289 1371 2384 1424 καὶ
2430 1370 2718 1440 ἀντίψυχον
2753 1369 3154 1441 ἀποδειχθῆναι,
3205 1370 3300 1423 καὶ
3342 1369 3635 1441 καθάρσιον

2066 1462 2317 1530 γενέσθαι
2348 1462 2447 1533 τῆς
2474 1462 2582 1516 τῶν
2623 1465 2704 1525 είς
2733 1462 2892 1515 αὐτὸν
2937 1462 3336 1515 πιστευσάντων
3367 1462 3540 1534 ζωῆς.
3584 1463 3635 1517 ’0

2067 1554 2144 1618 δὲ,
2186 1554 2380 1607 αὐτίκα
2413 1553 2557 1624 μάλα
2587 1553 3001 1624 συναισθόμενος
3045 1554 3145 1624 τῆς
3178 1552 3359 1607 ἐνθέου
3406 1556 3504 1607 καὶ
3536 1570 3635 1608 πα-

2066 1646 2261 1718 τρικῆς
2311 1644 2527 1716 βουλῆς,
2582 1645 2832 1714 διαγνούς
2880 1663 2961 1710 τε,
3006 1648 3052 1700 εί
3104 1646 3196 1699 καί
3240 1662 3325 1709 τις
3362 1645 3637 1710 ἄλλος,τά

2069 1738 2216 1793 αἴτια
2246 1739 2339 1793 τοῦ
2384 1738 2797 1808 καταλελεῖφθαι
2842 1738 3001 1792 αὐτὸν
3033 1738 3137 1792 ὑπὸ
3160 1737 3251 1791 τοῦ
3283 1738 3525 1809 Πατρὸς,
3563 1737 3635 1791 ἐτι

383 1836 440 1884 et
461 1830 593 1883 vivit
610 1847 673 1884 ex
696 1832 897 1886 virtute
916 1830 1100 1887 Dei":
1126 1852 1143 1883 ι
1162 1832 1255 1902 qui
1274 1832 1490 1901 quidem
1508 1848 1787 1903 nunquam
1807 1832 1955 1886 cruci

2064 1832 2196 1886 πολὺ
2227 1832 2387 1885 πλέον
2415 1833 2776 1885 ἐταπείνωσεν
2817 1832 3030 1896 ἐαυτὸν,
3063 1832 3158 1886 καὶ
3188 1831 3279 1885 τὸν
3306 1831 3448 1903 ὑπὲρ
3484 1830 3638 1903 ἡμῶν

380 1927 530 1977 esset
568 1920 781 1988 afﬁxus,
818 1924 923 1978 nisi
956 1923 1113 1977 fortis
1164 1938 1296 1978 suus
1330 1923 1507 1991 ipsum
1552 1923 1957 1994 dereliquisset.

384 2010 451 2064 Et
483 2027 615 2067 sane
652 2013 863 2082 inspice
896 2021 976 2081 tu,
1009 2028 1172 2084 quam
1208 2014 1344 2069 bene
1376 2015 1712 2079 convenerit,
1746 2020 1958 2086 Agnum

383 2100 503 2166 Dei,
536 2104 627 2174 qui
670 2115 727 2159 ut
756 2106 874 2159 ovis
904 2106 970 2158 ad
1005 2106 1366 2160 occidendum
1420 2106 1491 2162 sit
1540 2105 1763 2169 ductus,
1813 2115 1867 2160 et
1898 2114 1960 2159 ut

381 2210 560 2265 agnus
605 2211 789 2250 coram
832 2197 1095 2253 tondente
1138 2197 1493 2259 obmutuerit,
1548 2215 1676 2255 suas
1708 2198 1852 2253 vires
1890 2197 1959 2253 ad

382 2287 565 2359 ipsum
606 2287 775 2343 Deum
822 2290 1047 2351 referre,
1096 2298 1148 2344 et
1171 2290 1307 2344 nihil
1346 2290 1622 2361 proprium
1670 2305 1729 2347 se
1760 2290 1961 2357 habere

382 2380 642 2434 arbitrari
674 2382 778 2435 nisi
812 2398 981 2436 unum
1020 2382 1258 2437 Patrem.
1290 2381 1526 2437 Proinde
1568 2382 1729 2438 etiam
1765 2380 1959 2437 fortem

381 2485 566 2533 suum,
601 2471 777 2541 ipsum
824 2469 1042 2527 Patrem
1090 2482 1270 2537 vocat,
1320 2488 1453 2529 sane
1496 2473 1958 2545 quemadmodum

380 2548 467 2617 vel
502 2563 555 2617 in
591 2562 803 2619 decimo
844 2564 1079 2635 septimo
1111 2564 1322 2635 psalmo
1364 2565 1532 2619 robur
1564 2580 1747 2626 suum,
1782 2573 1837 2620 et
1864 2565 1957 2618 tir-

379 2664 739 2722 mamentum,
792 2661 847 2711 et
895 2656 1163 2726 refugium
1217 2654 1469 2709 eumdem
1516 2655 1782 2717 nominat,
1828 2654 1957 2709 dum

378 2744 554 2802 dicit:
592 2765 610 2797 ι
642 2745 870 2816 Diligam
916 2753 990 2809 te,
1041 2745 1288 2809 Domine,
1328 2746 1499 2799 robur
1541 2761 1741 2801 meum.
1774 2744 1959 2799 Domi-

379 2832 488 2895 nus
516 2837 914 2892 firmamentum
958 2854 1139 2893 meum
1169 2847 1223 2893 et
1253 2837 1523 2909 refugium
1572 2853 1772 2902 meum,
1810 2848 1863 2893 et
1887 2839 1958 2892 li-

379 2920 602 2985 berator
643 2944 815 2984 meus.
861 2928 1003 2984 Deus
1034 2944 1207 2992 meus,
1258 2928 1476 2999 adjutor
1523 2944 1698 2993 meus,
1749 2936 1801 2985 et
1829 2945 1956 3000 spe-

380 3023 517 3076 rabo
546 3020 600 3074 in
631 3037 779 3077 eum.
800 3020 1084 3075 Protector
1115 3037 1269 3077 meus
1299 3031 1352 3077 et
1380 3036 1551 3076 cornu
1576 3022 1768 3078 salutis
1798 3021 1951 3089 meae,

379 3120 438 3169 et
468 3122 755 3183 susceptor
785 3129 939 3167 meus
963 3113 1028 3168 9".
1060 3132 1078 3165 ι
1120 3111 1417 3183 Dereliquit
1444 3128 1574 3183 ergo
1604 3115 1757 3169 illum
1794 3114 1951 3170 fortis

2062 1922 2291 1979 θάνατον
2323 1924 2489 1996 πολλῇ
2522 1928 2589 1996 τῇ
2626 1922 2905 1995 προθυμίᾳ
2956 1923 3325 1995 περιεϐάλετο,
3364 1943 3383 1975 ι
3423 1922 3637 1992 ἐγένετό

2060 2032 2120 2069 τε
2148 2018 2176 2070 ό
2209 2016 2470 2085 πανάγιος
2502 2018 2596 2069 καὶ
2627 2016 2918 2086 εὐλογητὸς
2939 2016 3078 2086 ὑπὲρ
3103 2016 3257 2087 ἡμῶν
3277 2015 3519 2087 κατάρα,
3549 2014 3636 2069 καὶ

2060 2106 2089 2159 ὁ
2117 2106 2189 2177 μὴ
2223 2108 2383 2173 γνοὺς
2427 2106 2697 2177 ἁμαρτίαν
2740 2107 3003 2178 ἁμαρτία,
3046 2106 3133 2159 ἴνα
3162 2108 3321 2177 ἡμεῖς
3350 2103 3634 2177 γενώμεθα

2059 2196 2367 2267 δικαιοσύνη
2398 2196 2531 2250 Θεοῦ
2555 2198 2612 2251 ἐν
2644 2196 2811 2268 αύτῷ.
2842 2217 2861 2250 ι
2896 2196 3005 2250 Καὶ
3026 2196 3106 2249 ἔτι
3141 2197 3276 2268 πρὸς
3296 2197 3515 2261 τούτοις
3543 2196 3634 2260 τὰς

2060 2287 2332 2359 ἡμετέρας
2401 2289 2674 2360 ἁμαρτίας
2732 2288 3147 2360 άναμαξάμενος
3196 2288 3559 2363 ἐσταυρώθη,
3606 2288 3632 2344 δ

2060 2379 2225 2454 ἐχρῆν
2272 2381 2421 2451 ἡμᾶς
2468 2382 2593 2444 τοὺς
2644 2381 2774 2453 πρὶν
2827 2382 3043 2447 ἀσεϐεῖς
3085 2382 3294 2446 παθεῖν,
3343 2382 3633 2453 άντίψυχον

2058 2470 2217 2542 ἡμῶν
2250 2473 2342 2525 καὶ
2373 2472 2685 2544 ἀντίλυτρον
2718 2475 3099 2545 γεγενημένος,
3129 2474 3256 2528 ὥστ’
3288 2474 3353 2546 ἀν
3399 2474 3632 2544 εὐλόγως

2059 2565 2232 2617 εἰπεῖν
2261 2566 2408 2635 ἡμᾶς
2446 2564 2508 2617 τὸ
2557 2566 2919 2637 προφητικὸν·
2957 2585 2975 2617 ι
3013 2566 3188 2630 Αὐτὸς
3232 2565 3331 2630 τάς
3364 2565 3633 2639 ἁμαρτίας

2058 2652 2216 2722 ἡμῶν
2267 2653 2441 2725 φέρει,
2494 2654 2589 2708 καὶ
2641 2656 2767 2727 περὶ
2818 2655 2971 2727 ἡμῶν
3019 2656 3289 2716 ὀδυνᾶται.
3333 2658 3427 2710 καὶ
3475 2656 3632 2720 αὐτὸς

2059 2745 2460 2819 ἐτραυματίσθη
2496 2746 2585 2800 διὰ
2611 2746 2709 2815 τὰς
2744 2748 3016 2819 ἁμαρτίας
3048 2748 3225 2819 ἡμῶν,
3258 2748 3352 2803 καὶ
3386 2748 3631 2820 μεμαλά-

2058 2853 2238 2890 κισται
2262 2836 2349 2890 διά
2381 2836 2478 2901 τὰς
2510 2839 2738 2910 ἀνομίας
2770 2839 2946 2910 ἡμῶν,
2989 2839 3075 2893 ἴνα
3103 2840 3181 2910 τῷ
3209 2839 3435 2910 μώλωπι
3470 2840 3628 2895 αὐτοῦ

2057 2928 2216 2999 ἡμεῖς
2268 2928 2525 3001 ίαθῶμεν.
2566 2930 2769 3002 Κύριος
2808 2931 2916 3004 γὰρ
2973 2931 3289 3003 παρέδωκεν
3321 2932 3483 2985 αὐτὸν
3516 2937 3629 2995 ταῖς

2057 3019 2351 3091 ἁμαρτίαις
2402 3021 2575 3093 ἡμῶν.
2617 3042 2635 3076 ι
2669 3023 2868 3094 Διόπερ
2898 3023 2973 3087 ὼς
3019 3023 3342 3095 παραδοθεὶς
3387 3024 3493 3077 ὑπὸ
3537 3024 3625 3077 τοῦ

2055 3111 2288 3181 Πατρδς,
2331 3113 2424 3167 καὶ
2485 3113 2859 3184 μαλακισθεῖς,
2912 3115 3005 3169 καὶ
3059 3115 3158 3180 τὰς
3201 3116 3429 3187 ἀνομίας
3476 3115 3628 3188 ἡμῶν

381 3224 537 3273 suus,
575 3225 696 3263 cum
727 3210 897 3263 voluit
929 3210 1079 3262 illum
1118 3224 1291 3279 usque
1330 3208 1398 3263 ad
1430 3218 1681 3273 mortem,
1727 3218 1780 3266 et
1809 3227 1954 3266 mor-

2060 3202 2379 3274 ἀνειληφὼς,
2419 3223 2437 3256 ι
2468 3205 2543 3268 ὡς
2573 3205 2841 3276 πρόϐατον
2864 3207 2957 3260 ἐπὶ
3002 3207 3212 3279 σφαγὴν
3245 3208 3404 3280 ἢχθη.
3439 3228 3460 3261 ι
3497 3211 3626 3262 Euv-

377 3306 489 3354 tem
523 3302 705 3355 crucis
732 3301 1082 3364 descendere,
1108 3309 1162 3357 et
1192 3316 1291 3372 pro
1319 3301 1575 3358 universo
1604 3303 1807 3358 mundo
1832 3321 1954 3376 pre-

377 3391 540 3456 tium,
576 3407 686 3462 quo
733 3393 928 3447 anima:
964 3394 1383 3457 redimerentur,
1430 3394 1699 3457 exhiberi,
1743 3402 1795 3449 et
1830 3395 1953 3449 vita:

378 3498 569 3538 eorum
620 3485 710 3555 qui
758 3485 810 3539 in
863 3485 1022 3539 ﬁdem
1068 3486 1187 3556 ejus
1238 3487 1535 3551 venissent,
1586 3487 1953 3557 expiationem

379 3574 519 3631 fieri.
556 3576 650 3632 Ille
684 3592 814 3631 vero
857 3578 1108 3647 protinus
1141 3577 1387 3632 divinum
1434 3594 1498 3633 ac
1528 3586 1813 3650 paternum
1856 3580 1953 3634 dc-

376 3677 590 3723 cretum
626 3669 935 3741 intelligens
981 3686 1426 3742 cognoscensque
1467 3672 1513 3727 si
1553 3673 1677 3742 quis
1712 3689 1949 3743 unquam

378 3763 541 3826 alius,
575 3777 773 3817 causas
798 3772 1018 3833 propter
1045 3779 1182 3833 quas
1213 3779 1243 3822 a
1273 3762 1434 3818 Patre
1455 3772 1603 3819 esset
1636 3765 1950 3837 relinquen-

352 3852 503 3917 .dus,
534 3855 706 3909 multo
750 3856 914 3909 etiam
963 3856 1197 3925 amplius
1252 3856 1491 3924 seipsutn
1524 3857 1762 3922 demisit,
1804 3873 1953 3911 mor-

376 3958 599 4016 temque
620 3963 719 4017 pro
748 3948 906 4003 nobis
935 3948 1136 4020 ingenti
1157 3949 1438 4006 alacritate
1459 3951 1681 4013 subivit,
1706 3969 1724 4001 ι
1746 3949 1946 4006 factus-

376 4052 484 4108 que
514 4045 599 4092 est
633 4057 651 4089 ι
684 4038 730 4094 is
760 4038 854 4108 qui
880 4047 1020 4102 erat,
1052 4048 1105 4094 et
1133 4042 1515 4105 sanctissimus
1550 4052 1603 4098 et
1632 4043 1949 4099 benedictus

382 4145 403 4180 ι
434 4142 532 4197 pro
556 4128 716 4183 nobis
745 4131 1052 4184 exsecratio
1075 4132 1144 4196 ",
1188 4142 1242 4186 et
1278 4133 1370 4201 qui
1403 4143 1683 4203 peccatum
1715 4151 1824 4188 non
1857 4152 1951 4190 no-

375 4217 477 4281 vit,
534 4227 838 4288 peccatum,
890 4228 951 4274 ut
1004 4237 1107 4277 nos
1152 4221 1451 4277 efficiamur
1487 4225 1702 4293 justitia
1749 4224 1841 4281 Dei
1893 4227 1948 4284 in

378 4308 499 4379 ipso
518 4311 584 4362 ⁸⁸.
621 4329 641 4361 ι
678 4311 758 4364 Ad
789 4312 903 4367 haec
946 4313 1037 4368 ubi
1076 4322 1298 4384 peccata
1328 4323 1514 4370 nostra
1555 4317 1801 4381 detersit,
1833 4328 1947 4375 tum

376 4403 527 4459 cruci
562 4403 752 4461 affixus
782 4415 885 4470 est,
926 4408 1072 4477 quod
1108 4406 1329 4481 quidem
1365 4425 1465 4464 nos
1496 4411 1607 4479 pati
1637 4413 1944 4482 oportebat,

2058 3293 2171 3363 ᾴδει
2193 3293 2400 3359 τούτοις
2422 3299 2516 3349 καὶ
2534 3298 2609 3367 (ί)
2640 3298 2958 3362 Ἀπόστολος
2980 3299 3180 3368 λέγων’
3210 3320 3229 3351 ι
3274 3301 3370 3364 Ὃς
3400 3318 3464 3370 γε
3499 3301 3624 3356 ίδίοιι

2059 3386 2188 3440 Υίοῦ
2219 3388 2317 3442 οὐκ
2368 3389 2638 3459 ἐφείσατο,
2672 3390 2787 3444 ἀλλ’
2835 3392 2975 3464 ὑπὲρ
3013 3392 3170 3462 ἡμῶν
3221 3392 3437 3446 πάντων
3486 3411 3626 3461 παρ-

2058 3479 2256 3534 έδωκεν
2287 3481 2466 3535 αὐτόν.
2504 3501 2523 3533 ι
2554 3482 2732 3535 Κινῶν
2768 3482 2825 3537 δὲ
2859 3484 3005 3557 ἡμᾶς
3034 3485 3125 3536 ἐπὶ
3164 3483 3388 3555 ζήτησιν
3417 3486 3517 3556 τῆς
3546 3486 3625 3538 ai-

2057 3572 2196 3636 τίας,
2230 3573 2296 3626 δι’
2326 3575 2391 3644 ἢν
2424 3574 2585 3628 αὐτὸν
2619 3575 2646 3627 ὁ
2668 3576 2857 3646 Πατὴρ
2883 3576 3158 3641 κατέλιπε,
3189 3576 3418 3645 φάσκει·
3458 3595 3477 3628 ι
3514 3579 3623 3630 Ἵνα

2057 3663 2109 3716 τί
2140 3682 2205 3735 με
2256 3665 2650 3734 ἐγκατέλιπεςς
2697 3686 2715 3719 ι
2751 3666 2823 3720 Τὸ
2854 3666 2899 3719 δ’
2932 3667 3102 3721 αίτιον
3134 3667 3293 3722 τοῦτο
3333 3665 3422 3741 ἦν,
3460 3672 3493 3741 ἡ
3530 3668 3620 3723 τοῦ

2058 3758 2256 3823 παντὸς
2304 3758 2603 3832 ἀνθρώπων
2635 3760 2827 3829 γένους
2876 3761 3270 3833 ἀπολύτρωσις,
3332 3763 3411 3838 τῷ
3465 3764 3621 3835 τιμίῳ

2056 3851 2248 3922 αἵματι
2303 3851 2740 3924 ἐξαγοραζομένη
2783 3852 2889 3905 ἀπὸ
2921 3854 3017 3924 τῆς
3060 3855 3187 3926 πρὶν
3229 3855 3472 3928 χαλεπῆς
3509 3858 3620 3911 δου-

2056 3944 2222 4011 λείας,
2271 3945 2337 4016 ῆν
2380 3948 2493 4009 τοῖς
2539 3944 2793 4016 ἀοράτοις
2843 3945 3149 4010 δεσπόταις,
3204 3947 3450 4018 δαίμοσιν
3493 3951 3619 4003 ἀκαο

2057 4037 2273 4109 θάρτοις
2306 4037 2400 4091 καὶ
2424 4040 2679 4109 πονηροῖς
2706 4037 2933 4109 ἄρχουσί
2965 4055 3023 4092 τε
3048 4040 3141 4092 καὶ
3171 4040 3443 4111 πνεύμασι
3468 4057 3617 4096 κατασ

2055 4128 2394 4181 δεδούλωντο.
2446 4129 2555 4181 Καὶ
2609 4126 2783 4191 ἄλλως
2829 4127 2886 4181 δὲ
2937 4128 3322 4184 καταλέλοιπεν
3385 4132 3537 4185 αὐτὸν
3589 4133 3617 4185 6

2055 4219 2264 4291 Πατὴρ,
2309 4220 2400 4272 καὶ
2429 4219 2591 4273 αὑτοῦ
2624 4217 2719 4272 τοῦ
2753 4218 2988 4291 Χριστοῦ
3018 4221 3114 4292 τὴν
3151 4222 3291 4294 ὑπὲρ
3329 4222 3616 4294 ἀνθρώπων

2054 4310 2291 4364 διάθεσιν
2327 4310 2710 4381 ἀποδειχθῆναι
2740 4310 2989 4382 θελήσας.
3025 4312 3115 4366 Διὸ
3153 4313 3382 4384 μηδενὸς
3413 4314 3614 4384 ἔχοντος

2056 4402 2296 4467 ἐξουσίαν
2316 4402 2415 4473 τῆς
2441 4402 2605 4456 αὐτοῦ
2624 4403 2799 4474 ψυχῆς
2816 4403 2955 4457 ἑκὼν
2984 4405 3142 4469 αὐτὸς
3161 4407 3302 4478 ὑπὲρ
3330 4406 3611 4480 ἀνθρώπων

2054 4495 2221 4565 αὐτὴν
2251 4494 2513 4560 τέθεικεν,
2551 4494 2833 4567 ὼσπεροῦν
2878 4495 3116 4550 διδάσκει
3143 4497 3348 4567 λέγων’
3394 4518 3411 4551 ι
3440 4497 3610 4563 Οὐδεὶς

2050 4584 2193 4665 αἴρει
2222 4585 2320 4657 τὴν
2343 4584 2518 4656 ψυχήν
2544 4604 2646 4656 μου
2677 4587 2771 4640 ἀπ’
2806 4586 2960 4658 ἐμοῦ.
3004 4588 3280 4654 Ἐξουσέαν
3319 4589 3426 4661 ἔχω
3455 4589 3609 4642 θεῖναι

374 4503 432 4555 ει
460 4512 561 4567 pro
594 4498 927 4557 redimendis
981 4500 1181 4556 animis
1231 4502 1438 4558 nostris
1482 4502 1599 4572 ipse
1642 4504 1817 4561 factus
1864 4512 1949 4562 est

375 4591 637 4661 pretium,
669 4606 842 4658 usque
876 4590 1012 4646 adeo
1036 4599 1093 4645 ut
1120 4607 1229 4646 non
1258 4592 1532 4647 immerito
1557 4594 1685 4648 illud
1711 4596 1946 4664 prephe-

374 4680 548 4737 ticum
576 4684 852 4752 possimus
880 4684 1061 4739 dicere
1092 4704 1104 4739 :
1139 4703 1157 4736 ι
1187 4684 1304 4754 Ipse
1331 4692 1553 4754 peccata
1583 4694 1775 4741 nostra
1812 4687 1941 4752 fert,

2060 4677 2239 4749 αὐτὴν,
2295 4681 2388 4731 καὶ
2439 4679 2680 4744 ἐξουσίαν
2734 4677 2841 4749 ἔχω
2904 4680 3065 4732 πάλιν
3121 4680 3302 4733 λαϐεῖν
3366 4681 3538 4750 αὑτήν.
3584 4698 3603 4728 ι

376 4780 431 4828 et
458 4789 557 4843 pro
597 4776 757 4831 nobis
786 4777 950 4831 estin
987 4778 1194 4832 dolore.
1228 4775 1292 4830 Et
1342 4779 1456 4846 ipse
1500 4778 1818 4835 vulneratus
1859 4790 1944 4835 est

2061 4772 2217 4844 Ἑξῆς
2245 4771 2455 4835 τούτοις
2502 4772 2666 4842 φησί’
2709 4792 2728 4822 ι
2766 4771 2999 4844 Μακράν
3055 4774 3161 4825 ἀπὸ
3199 4773 3302 4843 τῆς
3357 4772 3606 4844 σωτηρίας

376 4876 598 4943 propter
625 4876 846 4937 peccata
882 4879 1093 4932 nostra,
1128 4878 1183 4925 et
1222 4870 1464 4940 elanguit
1494 4879 1715 4941 propter
1743 4872 1949 4941 iniqui-

2060 4883 2153 4935 μου
2183 4865 2233 4917 οί
2260 4864 2408 4932 λόγοι
2443 4864 2549 4917 τῶν
2596 4865 3054 4935 παραπτωμάτων
3110 4883 3233 4936 μου.
3270 4886 3290 4918 ι
3336 4865 3468 4919 Ἀνθ“
3497 4857 3548 4916 εὖ
3577 4863 3606 4915 ό

374 4964 517 5033 tates
548 4966 801 5022 nostras,
853 4968 913 5013 ut
964 4960 1131 5014 livore
1163 4960 1282 5029 ejus
1324 4975 1425 5015 nos
1475 4976 1816 5016 sanaremur.
1850 4962 1947 5016 Et-

2060 4956 2149 5027 μὲν
2185 4956 2414 5019 Ἀκύλας
2432 4972 2444 4986 ·
2481 4975 2498 5006 ι
2528 4956 2759 5027 Μακρὰν
2782 4957 2890 5010 ἀπὸ
2911 4960 3010 5028 τῆς
3035 4957 3307 5029 σωτηρίας
3331 4974 3429 5028 μου
3451 4956 3605 5030 ῥήμα-

374 5048 522 5104 enim
554 5048 776 5104 tradidit
815 5049 965 5103 illum
1008 5051 1247 5119 peccatis
1293 5052 1498 5106 nostris
1516 5052 1581 5105 ⁸⁷.
1620 5073 1638 5104 ι
1675 5052 1946 5118 Quocirca

2060 5065 2112 5100 rat
2159 5047 2503 5119 βρυχήματός
2547 5065 2669 5117 μου,
2714 5068 2731 5100 ι
2777 5047 3061 5112 ἐξέδωκεν*
3112 5051 3140 5104 ὁ
3185 5049 3243 5102 δὲ
3286 5049 3599 5120 Σύμμαχος⁸

375 5145 638 5210 tanquam
678 5140 910 5196 traditus
961 5156 992 5194 a
1022 5132 1174 5211 patre
1221 5152 1276 5196 et
1318 5141 1611 5213 languidus
1642 5141 1841 5206 factus,
1890 5149 1946 5197 et

2060 5157 2071 5188 ι
2126 5140 2520 5210 Ἀφεστήκασιν
2539 5140 2645 5192 ἀπὸ
2675 5141 2773 5210 τῆς
2797 5140 3067 5213 σωτηρίας
3113 5158 3214 5212 μου
3245 5142 3294 5195 oi
3332 5141 3473 5210 λόγοι
3503 5134 3599 5190 τῶν

376 5238 638 5300 tanquam
676 5231 723 5287 is
766 5235 857 5301 qui
894 5240 1118 5303 peccata
1174 5240 1361 5287 nostra
1411 5234 1793 5301 assumpserit,
1834 5252 1852 5284 ι
1883 5240 1944 5287 ιιι

2060 5230 2292 5303 Βδυρμῶν
2324 5248 2454 5301 μοι)⁸
2498 5251 2515 5283 ι
2549 5233 2643 5285 καὶ
2664 5232 2781 5285 καθ’
2815 5233 3007 5304 έτέραν
3039 5233 3095 5287 δὲ
3126 5233 3425 5305 φερομένην
3444 5231 3602 5302 ἑρμησ

376 5322 496 5377 ovis
524 5323 589 5377 ad
615 5323 816 5378 caedem
848 5333 931 5379 est
956 5323 1154 5379 ductus
1175 5324 1242 5378 ³⁸.
1275 5344 1293 5376 ι
1330 5322 1427 5388 His
1450 5323 1750 5378 concordat
1778 5324 1945 5378 etiam

2060 5323 2194 5377 θείαν
2219 5324 2472 5395 πέμπτην
2497 5324 2737 5395 εἴρηται·
2772 5344 2789 5375 ι
2825 5325 3054 5397 Μακρὰν
3086 5326 3196 5379 ἀπὸ
3221 5326 3321 5395 τῆς
3348 5318 3598 5393 σωτηρίας

374 5410 670 5483 Apostolus
718 5415 850 5469 dum
894 5415 969 5469 ita
1020 5416 1182 5469 aitzc
1226 5414 1329 5481 Qui
1380 5415 1602 5486 proprio
1645 5415 1783 5470 Filio
1830 5431 1943 5469 non

2060 5432 2153 5486 μου
2195 5417 2245 5469 οἱ
2275 5415 2420 5484 λόγοι
2470 5414 2576 5469 τῶν
2616 5416 2851 5488 δεήσεὼν
2894 5433 3012 5487 μου.
3046 5434 3065 5467 ι
3101 5416 3239 5487 Ὅρα
3282 5415 3344 5485 δὴ
3388 5410 3491 5474 οὖν,
3518 5408 3596 5462 δτι

376 5505 636 5580 “percit,
672 5506 766 5561 sed
792 5519 892 5576 pro
919 5508 1172 5563 omnibus
1205 5508 1365 5563 nobis
1393 5506 1616 5562 tradidit
1649 5506 1799 5573 illum
1823 5508 1891 5562 θ’.
1920 5526 1938 5558 ›

2060 5508 2170 5559 κατ’
2224 5507 2508 5577 οὐδετέραν
2549 5507 2753 5561 τούτων
2802 5508 2881 5571 τὸ,
2928 5524 2947 5559 ι
2996 5508 3102 5562 τῶν
3160 5503 3593 5577 παραπεωμάτων

445 5622 493 5656 ’³
524 5618 569 5674 11
599 5621 726 5678 Cor.
763 5640 897 5678 ιιιιι.
932 5625 984 5680 4.
1115 5625 1164 5657 ’⁸
1200 5624 1344 5680 Psal.
1385 5641 1528 5691 χιιι,
1561 5625 1674 5690 2,3.
1823 5625 1866 5667 ’ς’
1907 5623 1949 5689 G

2066 5639 2157 5691 ιιι,
2196 5623 2281 5678 15.
2430 5624 2475 5656 ’⁸
2514 5623 2555 5676 ιι
2591 5623 2716 5684 Cor.
2755 5640 2805 5690 v,
2838 5621 2931 5677 ἓν.
3064 5623 3108 5654 ’⁷
3149 5622 3255 5677 lsa.
3291 5634 3425 5683 ιιιι,
3478 5612 3590 5669 ιδ.

379 5689 426 5725 ³³
466 5692 598 5747 Ibid.
638 5692 687 5747 7.
763 5694 808 5727 ”
850 5693 1006 5748 Rom.
1044 5712 1179 5760 vm,
1214 5695 1301 5750 52.
1516 5689 1522 5691 ’

444 5783 492 5847 (ε
511 5784 523 5817 ‘
554 5782 902 5841 Desideratur
938 5787 986 5841 ὁ.
1018 5785 1177 5841 Em.

1978 4551 2023 4605 D
