3830 6260
242 329 354 384 769

1159 330 1805 389 DEMONSTRATIONIS
1840 333 2299 391 ενΑΝιςευοΑς
2336 334 2462 390 LIB.
2506 334 2572 390 Χ.

3382 341 3487 397 770

246 462 373 518 μου,
412 462 433 497 ι
470 443 708 516 εἴρηται,
755 446 830 508 ὼς
878 443 1159 516 συμϐαίνει
1202 448 1332 500 ποτε
1370 447 1644 519 σφάλματι
1689 464 1817 518 γρα-

1923 450 2188 505 Caeterum
2220 450 2467 507 excitans
2496 465 2595 505 nos
2629 450 2696 506 ad
2730 450 3103 524 inquirendam
3133 466 3353 509 causam
3386 468 3486 510 cur

241 533 393 605 φικῷ
417 534 671 598 τοιαύτας
701 534 851 599 τινας
873 535 1167 603 ἐναλλαγὰς
1200 536 1476 608 φέρεσθαι.
1528 538 1620 591 Ἐκ
1646 538 1703 593 δὲ
1719 539 1819 608 τῆς

238 626 352 680 τῶν
380 625 640 680 πλειόνων
669 628 963 699 ἑρμηνείας
988 628 1386 699 καταληπτέον·
1418 632 1467 683 εί
1504 630 1578 702 μὴ
1603 631 1712 702 ἄρα
1737 644 1821 695 τις

239 717 527 773 κάνταῦθα
567 718 636 771 τὰ
668 718 912 789 ἡμέτερα
944 718 1359 791 παραπτώματα
1396 721 1819 794 ἐξοικειούμενον

235 809 419 866 ταῦτα
446 812 606 865 αὑτὸν
623 811 897 883 εἰρηκέναι
924 813 1130 882 φήσειε.
1155 812 1375 876 Τούτοις
1404 813 1527 884 ἑξῆς
1557 813 1815 881 ἐπιλέγει*

242 922 263 954 ι
313 900 381 956 Ὀ
412 901 545 966 Θεός
595 918 716 973 μου,
762 902 1098 973 κεκράξομαι
1150 903 1384 974 ἡμέρας,
1423 905 1516 956 καὶ
1572 904 1669 957 οὐκ
1708 905 1819 957 είσ-

234 993 477 1064 ακούσῃ,
515 993 609 1045 καὶ
639 992 849 1057 νυκτὸς,
879 994 971 1045 καὶ
1014 993 1114 1046 οὐκ
1145 995 1225 1057 είς
1253 995 1436 1049 ἄνοιαν
1466 994 1614 1065 ἐμοί·
1653 1015 1670 1047 ι
1701 995 1816 1048 ἀνθ’

233 1079 296 1138 οὗ
326 1083 500 1136 πάλιν
519 1085 547 1136 ὁ
573 1082 884 1154 Σύμμαχος·
918 1103 936 1134 ι
961 1084 1017 1136 '0
1038 1083 1167 1148 Θεός
1201 1102 1323 1156 μου,
1364 1104 1383 1139 ι
1418 1087 1568 1157 φησὶ,
1599 1104 1617 1136 ι
1640 1087 1818 1157 βοήσω

231 1175 484 1247 ἡμέρας,
511 1176 606 1228 καὶ
632 1176 731 1228 ούκ
753 1174 1068 1248 εἰσακούσῃ,
1097 1178 1192 1229 καὶ
1222 1176 1433 1241 νυκτὸς.
1460 1179 1552 1231 καί
1580 1178 1678 1231 οὐκ
1702 1178 1816 1231 ἔστι

233 1270 396 1340 σιγή.
431 1288 451 1320 ›
485 1266 760 1339 Θαυμάςει
811 1266 873 1339 δὴ
906 1264 998 1321 οὖν
1036 1270 1093 1322 ὲν
1128 1268 1334 1333 τούτοις
1370 1271 1461 1324 τὸν
1494 1272 1709 1343 Πατέρα
1741 1271 1817 1335 ὡς

235 1360 318 1432 μὴ
350 1361 710 1415 εἰσακούοντα
732 1359 915 1426 αὐτοῦ,
936 1358 1082 1424 ξένον
1099 1378 1150 1413 τι
1170 1361 1326 1414 τοῦτο
1348 1363 1440 1416 καὶ
1460 1362 1608 1434 παρὰ
1621 1363 1680 1415 τὸ
1696 1362 1816 1416 σύν-

231 1452 375 1525 ηθες
418 1452 662 1524 θεωρῶν.
699 1453 755 1506 '0
787 1453 845 1506 δὲ
878 1453 1172 1521 ἐφύλαττεν
1215 1454 1363 1525 αύτῷ
1406 1455 1504 1526 τὴν
1545 1456 1712 1527 ἀκοὴν
1738 1458 1817 1519 εἰς

229 1544 323 1598 τὸν
362 1543 670 1615 ἐπιτήδειον
690 1543 782 1596 τοῦ
809 1543 1221 1614 είσακουσθῆναι
1247 1545 1453 1616 καιρόν.
1486 1539 1650 1608 Οὗτος
1672 1545 1726 1598 δὲ
1748 1540 1815 1617 ἦν

229 1638 259 1689 ὁ
281 1635 397 1705 τῆς
437 1634 770 1706 ἀντιλήψεως
812 1637 911 1708 τῆς
941 1636 1167 1705 ἑωθινῆς
1205 1637 1300 1689 καὶ
1342 1637 1371 1688 ὁ
1392 1639 1489 1707 τῆς
1519 1638 1584 1690 ἐκ
1608 1637 1815 1710 νεκρῶν

230 1729 614 1796 ἀναστάσεως,
635 1728 897 1793 καθ’ὂν,εἱ
914 1728 1121 1781 καίτινι
1137 1728 1299 1800 ἄλλῳ,
1318 1729 1413 1781 καὶ
1428 1729 1578 1801 αὐτῷ
1595 1730 1816 1795 δικαίως

1926 542 2103 612 ipsum
2144 550 2296 613 pater
2320 542 2623 598 deseruerit
2654 543 2731 597 ait
2762 563 2775 599 :
2813 562 2832 596 ι
2858 543 3037 610 Quare
3068 561 3154 601 me
3191 546 3487 617 dereliqui-

1926 635 2032 688 sti?
2058 653 2077 686 ›
2129 633 2306 687 Causa
2347 649 2511 704 porro
2543 635 2657 689 hmc
2705 635 2826 700 fuit,
2860 636 3223 710 Momms
3262 639 3485 694 humani

1924 726 2141 795 generis
2179 725 2477 796 redemptio
2527 736 2591 781 ac
2629 727 2900 791 liberatio,
2952 746 3071 800 quae
3110 731 3348 802 pretioso
3389 730 3487 786 illo

1924 816 2190 887 sanguine
2222 817 2360 872 facta
2414 811 2514 884 est,
2557 833 2586 872 a
2617 818 2797 887 priore
2828 821 2917 874 illa
2953 822 3275 877 intoleralili
3311 824 3488 878 servi-

1922 913 2057 969 tute,
2085 921 2189 976 qua
2219 906 2322 961 sub
2345 908 2518 963 visum
2548 908 2932 979 eﬂ‘ugicntibus
2965 911 3220 975 dominis,
3253 913 3486 982 impuris

1923 998 2110 1069 utique
2146 999 2481 1055 dzemonibus
2530 1008 2584 1055 et
2613 1001 2865 1072 malignis
2896 1003 3237 1073 principibus
3274 1020 3337 1059 ac
3370 1006 3485 1075 spi-

1922 1089 2119 1142 ritibus
2154 1089 2555 1156 premebantur,
2601 1099 2655 1144 et
2690 1091 2791 1144 alia
2825 1091 2951 1146 item
2996 1095 3207 1150 ratione
3245 1095 3488 1153 deseruit

1923 1177 2074 1232 illum
2107 1177 2289 1241 Pater,
2323 1188 2383 1233 ut
2408 1180 2540 1236 illud
2568 1182 2776 1237 scilicet
2813 1184 3209 1249 ostenderetur,
3241 1188 3487 1243 allectio-

1920 1283 2044 1323 nem
2088 1286 2187 1340 pro
2225 1272 2539 1327 hominibus
2584 1273 2758 1343 ipsius
2793 1290 3011 1344 quoque
3051 1277 3256 1330 Christi
3288 1269 3480 1335 'l‘uisse.

1922 1360 2262 1433 QuaprOpter
2314 1381 2436 1420 cum
2485 1366 2631 1421 illius
2683 1368 2878 1422 animae
2915 1369 3006 1437 jus
3062 1376 3116 1423 et
3160 1378 3484 1440 potestatem

1921 1470 2080 1509 nemo
2111 1457 2353 1520 haberet,
2382 1459 2570 1514 volens
2602 1460 2718 1530 ipse
2748 1476 2846 1529 pro
2876 1461 3187 1518 hominibus
3216 1464 3362 1517 illam
3384 1478 3486 1535 po-

1922 1549 2053 1613 suit,
2088 1550 2162 1603 ita
2202 1565 2332 1604 sane
2357 1552 2811 1620 quemadmodum
2841 1553 2997 1607 docet
3021 1554 3155 1623 ipse,
3188 1554 3319 1609 dum
3342 1557 3482 1609 ait‘:

1927 1656 1946 1690 ι
1975 1639 2145 1694 Nemo
2178 1642 2330 1696 tollet
2358 1645 2594 1696 animam
2637 1658 2812 1699 meam
2842 1659 2871 1698 a
2900 1661 3005 1710 me;
3038 1654 3358 1716 potestatem
3388 1648 3487 1703 ha-

1922 1732 2023 1786 beo
2053 1734 2288 1802 ponendi
2328 1748 2469 1797 eam,
2499 1742 2553 1788 et
2594 1743 2915 1804 potestatem
2960 1737 3131 1791 habeo
3164 1738 3359 1794 rursus
3391 1755 3486 1794 su-

231 1820 297 1874 ἂν
332 1819 535 1891 ἐλέχθη
557 1836 570 1849 ·
600 1838 618 1870 ι
670 1820 756 1872 Ἑν
787 1819 961 1890 καιρῷ
986 1817 1158 1888 δεκτῷ
1186 1818 1467 1889 ἐπήκουσά
1490 1836 1603 1885 σου,
1629 1821 1724 1874 καὶ
1765 1823 1817 1874 έν

1925 1825 2102 1877 mendi
2141 1840 2280 1880 eam.
2312 1825 2383 1880 lis
2409 1841 2527 1895 qua:
2554 1826 2695 1880 dicta
2731 1835 2878 1892 sunt,
2910 1827 3168 1900 deinceps
3196 1830 3480 1902 adjungit:

227 1912 427 1983 ἡμέρα
462 1911 735 1982 σωτηρίας
780 1910 1051 1982 ἐϐοήθησά
1086 1926 1186 1963 σοι.
1227 1907 1355 1964 Ἰδοὺ
1384 1909 1477 1964 νῦν
1521 1911 1707 1983 καιρὸς
1732 1913 1820 1965 εὑ-

230 2001 595 2074 πρόσδεκτος,
629 2001 740 2054 ἰδοὺ
789 2000 883 2053 νῦν
914 2001 1095 2072 ἡμέρα
1134 2001 1425 2071 σωτηρίας.
1460 2020 1479 2053 ›
1515 2002 1739 2071 Λέγοιτο
1772 2004 1817 2057 δ’

232 2093 297 2145 ἂν
318 2091 502 2145 ταῦτα
525 2092 616 2145 καὶ
640 2092 839 2165 ἑτέρως
867 2090 971 2144 ὑπὸ
994 2091 1241 2162 Σωτῆρος
1267 2090 1444 2163 ἡμῶν,
1473 2093 1548 2156 ὠς
1570 2092 1821 2157 εἰωθότος

233 2185 338 2256 μὲν
368 2185 460 2238 ἀεὶ
501 2185 596 2238 καὶ
626 2184 851 2238 πάντοτε
894 2182 1269 2238 είσακούεσθαι
1315 2185 1419 2238 ὑπὸ
1461 2185 1555 2239 τοῦ
1584 2185 1817 2258 Πατρὸς,

229 2277 329 2331 νῦν
368 2276 430 2330 δὲ
465 2277 801 2340 πιστεύοντος
835 2275 1371 2347 εἰσακουσθήσεσθαι,
1400 2276 1533 2329 ὡσεὶ
1567 2278 1821 2347 σαφέστε-

233 2386 327 2442 ρον
363 2367 553 2436 ελεγεο
588 2367 679 2439 Μὴ
709 2362 815 2421 οἷόν
861 2385 921 2420 τε
951 2367 1120 2431 ἐστὶν,
1151 2361 1196 2421 ὦ
1240 2367 1443 2439 Πάτερ,
1476 2369 1576 2439 ἐμὲ
1613 2369 1704 2421 τὸν
1730 2369 1819 2423 σὺν

232 2460 511 2532 μονογενῆ
569 2460 662 2513 καὶ
717 2458 997 2529 ἀγαπητὸν
1053 2459 1214 2524 Υίὺν,
1274 2457 1349 2531 μὴ
1408 2460 1816 2524 εἰσακούεσθαι,

231 2553 453 2626 βοῶντα
484 2553 579 2607 καὶ
600 2552 905 2623 κεκραγότα
924 2551 1077 2623 (πρὴς
1101 2551 1160 2605 σὲ
1184 2550 1274 2605 τὸν
1300 2551 1535 2623 ἐμαυτοῦ
1561 2553 1778 2623 Πατέρα
1802 2568 1817 2618 ;

227 2647 486 2702 διδάσκει
515 2644 643 2714 γοῦν
672 2645 802 2699 αὐτὸ
831 2642 990 2697 τοῦτο
1014 2644 1070 2697 ὲν
1094 2643 1172 2714 τῷ
1202 2642 1341 2696 κατὰ
1375 2643 1626 2714 Ἰωάννην
1652 2644 1822 2713 Εὐαγ-

228 2739 404 2809 γελίῳ
453 2738 547 2790 ἐπὶ
594 2735 689 2789 τοῦ
732 2735 1008 2807 Λαζάρου,
1052 2735 1285 2805 ὁπηνίκα
1328 2734 1530 2791 εἰπών’
1568 2754 1587 2786 ι
1620 2738 1821 2807 Ἀρατε

228 2829 322 2882 τὸν
356 2828 511 2883 λίθον
545 2826 652 2881 ἀπὸ
680 2826 773 2880 τοῦ
814 2827 1099 2899 μνημείου,
1146 2827 1318 2900 ἐπῆρε
1347 2828 1474 2890 τοὺς
1513 2826 1822 2897 ὀφθαλμοὺς

227 2919 436 2974 ἑαυτοῦ
463 2923 545 2983 είς
566 2920 656 2972 τὸν
682 2919 927 2992 οὐρανὸν,
962 2920 1055 2972 καὶ
1084 2914 1207 2972 εἶπε
1229 2936 1243 2950 ο
1280 2919 1482 2989 Πάτερ,
1518 2918 1822 2989 εὐχαριστῶ

230 3030 346 3074 σοι,
372 3012 456 3066 ὅτι
487 3012 726 3084 ῆκουσάς
755 3030 875 3083 μου.
918 3012 1057 3081 Ἐγὼ
1083 3012 1138 3064 δὲ
1163 3011 1327 3082 ᾔδειν,
1352 3011 1433 3064 ὅτι
1466 3010 1694 3064 πάντοτέ
1720 3027 1821 3081 μου

225 3107 482 3169 ἀκούεις.
526 3125 545 3157 ι
575 3105 638 3157 Εἰ
664 3104 843 3157 τοίνυν
864 3104 1092 3156 πάντοτε
1118 3099 1282 3155 αὐτοῦ
1312 3101 1631 3166 ἀκούει,οὐκ
1652 3102 1820 3172 ἀμφι-

1927 1928 1945 1961 ι
1974 1910 2156 1983 Longe
2185 1926 2214 1965 a
2236 1914 2412 1967 salute
2440 1930 2556 1968 mea
2588 1916 2749 1970 verba
2788 1917 3110 1972 delictorum
3154 1930 3421 1976 meorum.
3456 1939 3478 1975 ι

1918 2001 2023 2058 Pro
2072 2019 2180 2073 quo
2219 2005 2412 2074 Aquila
2461 2007 2678 2077 quidem
2722 2027 2735 2062 :
2784 2026 2803 2058 ι
2836 2006 3017 2080 Longe
3060 2025 3089 2064 a
3140 2012 3313 2067 salute
3363 2027 3485 2067 mea

1919 2094 2083 2149 verba
2137 2094 2384 2151 fremitus
2434 2098 2559 2164 mei,
2591 2115 2610 2147 ι
2656 2099 2927 2168 exposuit.
2986 2096 3344 2170 Symmachus
3387 2114 3485 2154 au-

1920 2192 2028 2239 tem
2061 2203 2074 2237 :
2107 2203 2125 2234 ι
2164 2183 2527 2240 Recesserunt
2573 2201 2604 2240 a
2656 2188 2833 2243 salute
2881 2201 3002 2243 mea
3049 2191 3214 2243 verba
3240 2189 3484 2244 luctuum

1921 2289 2186 2338 meorum,
2221 2294 2239 2326 ›
2271 2290 2483 2329 necnon
2530 2276 2676 2346 apud
2720 2278 2987 2346 quintam,
3024 2292 3144 2348 quae
3174 2277 3363 2343 l'ertur,
3400 2277 3486 2333 in-

1921 2364 2363 2432 terpretationem
2391 2364 2594 2419 dicitur
2622 2383 2635 2419 :
2671 2383 2689 2416 ‹
2713 2365 2899 2437 Longe
2922 2382 2951 2420 a
2976 2368 3150 2423 salute
3179 2382 3296 2422 mea
3316 2368 3482 2425 verba

1919 2454 2359 2525 deprecationum
2410 2471 2677 2512 mearum.
2708 2475 2729 2509 ι
2765 2455 2842 2511 Ita
2891 2457 3044 2513 vides
3092 2458 3148 2511 in
3196 2459 3345 2511 nulla
3388 2458 3487 2512 ha-

1920 2561 2039 2601 rum
2093 2548 2509 2603 conversionum
2554 2562 2676 2619 quae
2717 2548 2990 2618 posterius
3033 2548 3192 2603 dictae
3223 2556 3370 2615 sunt,
3416 2548 3486 2603 il-

1922 2637 2034 2702 lud,
2090 2654 2109 2688 ι
2140 2639 2458 2693 delictorum
2503 2655 2773 2706 meorum,
2802 2659 2821 2693 ι
2874 2640 3084 2705 haberi,
3129 2640 3329 2710 quippe
3358 2654 3482 2695 cum

1921 2727 2192 2782 interdum
2223 2730 2463 2785 librariis
2504 2733 2815 2787 errantibus
2853 2730 3165 2799 huiusmodi
3196 2733 3484 2787 varietates

1922 2819 2075 2874 libris
2109 2822 2425 2891 contingere
2467 2824 2697 2879 soleant.
2742 2825 2823 2878 Ex
2860 2824 3157 2879 multorum
3188 2832 3367 2879 autem
3393 2824 3483 2878 in-

1922 2914 2309 2982 terpretatione
2338 2914 2771 2983 investigandum
2801 2920 2907 2981 est,
2934 2922 3115 2968 utrum
3142 2915 3195 2967 in
3227 2913 3313 2968 his
3331 2914 3486 2983 quis-

1920 3006 2063 3075 piam
2102 3006 2253 3059 illum
2279 3014 2464 3060 nostra
2488 3006 2686 3061 delicta
2710 3022 2807 3062 sua
2843 3005 3129 3062 facientem
3154 3008 3283 3060 talia
3308 3022 3484 3062 enun-

1922 3094 2087 3149 tiasse
2110 3095 2326 3149 dixerit.
2360 3094 2456 3150 His
2479 3095 2737 3166 deinceps
2768 3096 3015 3167 adjungit
3041 3115 3055 3151 :
3091 3114 3113 3148 ι
3143 3095 3285 3152 Deus
3307 3113 3482 3163 meus,

226 3196 476 3260 ϐάλλων,
511 3194 625 3248 ἀλλ’
656 3194 899 3265 ἀκριῆῶς
932 3191 1311 3264 ἐπιστάμενος,
1360 3194 1441 3246 ὃτι
1472 3192 1567 3245 καὶ
1603 3189 1697 3246 νῦν
1724 3192 1817 3245 αὐ-

1922 3185 2170 3239 clamabo
2194 3201 2288 3255 per
2302 3186 2466 3250 diem,
2495 3193 2549 3240 et
2578 3202 2685 3240 non
2717 3187 2997 3251 exaudies,
3029 3195 3083 3242 et
3117 3204 3213 3260 per
3245 3196 3483 3254 noctem,

226 3288 335 3343 τοῦ
380 3288 779 3351 εἰσακούσεται,
837 3286 914 3349 ὡς
957 3286 1216 3340 ἀδυνάτου
1265 3286 1415 3350 ὄντος
1444 3284 1539 3339 τοῦ
1589 3286 1662 3358 μὴ
1707 3288 1820 3338 eic-

228 3379 535 3437 ακούεσθαι
583 3379 775 3444 αὐτὸν,
812 3377 1238 3451 ἐρωτηματικῶς
1276 3393 1467 3449 φησιν’
1514 3394 1533 3427 ι
1586 3377 1643 3429 '0
1690 3376 1821 3441 Θεός

233 3489 371 3544 μου,
399 3468 735 3541 κεκράξομαι
757 3469 989 3540 ἡμέρας,
1023 3470 1115 3522 καὶ
1139 3469 1239 3522 οὐκ
1275 3467 1566 3539 είσακούσῃ
1592 3483 1607 3534 ;
1648 3486 1667 3520 ι
1696 3468 1822 3520 ὑπο-

232 3565 539 3629 στιξόντων
588 3563 742 3636 ἡμῶν
776 3565 833 3616 ἐν
875 3563 973 3634 τῷ,
1013 3581 1032 3614 ι
1070 3564 1173 3617 οὐκ
1213 3562 1526 3633 είσακούσῃ,
1571 3583 1589 3615 ι
1617 3563 1711 3616 καὶ
1759 3562 1821 3615 τὺ

230 3657 487 3712 ἐναντίον
516 3656 880 3711 ὑπονοούντων
909 3655 987 3726 τῷ
1021 3655 1287 3726 πύσματι.
1322 3654 1490 3709 Τοῦτο
1519 3655 1650 3723 γοῦν
1679 3654 1822 3709 διδά-

234 3765 368 3802 σκει
426 3747 620 3820 μικρὸν
653 3746 897 3820 ὕστερον,
950 3747 1154 3820 προῖὼν
1207 3747 1332 3817 ἑξῆς
1369 3749 1427 3799 ἐν
1477 3746 1555 3818 τῷ
1599 3745 1817 3817 ψαλμῷ,

232 3840 420 3908 λέγων
438 3857 451 3870 ·
475 3859 493 3891 ι
533 3841 642 3894 Οὐκ
673 3840 1026 3906 ὲξουδένωσεν
1046 3840 1166 3892 οὐδὲ
1190 3837 1528 3911 προσώχθισε
1553 3840 1619 3909 τῇ
1641 3837 1819 3908 δεήσει

232 3930 340 3986 τοῦ
394 3930 644 4002 πτωχοῦ,
690 3932 811 3985 οὐδὲ
855 3931 1162 4003 ἀπέστρεψε
1208 3931 1270 3984 τὸ
1315 3931 1603 4002 πρόσωπον
1654 3927 1818 3984 αὐτοῦ

233 4024 340 4078 ἀπ’
372 4022 531 4095 ἐμοῦ,
568 4024 662 4076 καὶ
691 4024 749 4076 ὲν
792 4022 871 4094 τῷ
898 4023 1224 4095 κεκραγέναι
1260 4039 1327 4093 με
1358 4021 1492 4094 πρὸς
1528 4021 1686 4075 αὐτὸν
1712 4023 1821 4074 εἰσ-

235 4100 446 4187 ήκούσέ
472 4131 592 4185 μου.
608 4133 627 4166 ι
649 4113 772 4176 Πῶς
797 4110 892 4168 οὖν
915 4113 1267 4183 ἀποφατικῶς
1292 4112 1435 4180 λέγοι
1453 4113 1539 4177 ἂν,
1565 4132 1582 4163 ι
1607 4114 1663 4166 Ὀ
1690 4112 1821 4176 Θεὸς

240 4222 374 4277 μου,
424 4204 761 4276 κεκράξομαι
813 4205 1043 4275 ἡμέρας,
1092 4205 1186 4259 καὶ
1214 4204 1314 4257 οὐκ
1360 4202 1671 4275 είσακούσῃ,
1714 4222 1732 4250 ι
1771 4203 1819 4256 εί

240 4297 325 4368 μὴ
376 4295 519 4351 κατὰ
556 4296 655 4369 τὴν
707 4294 1055 4350 ἀποδοθεῖσαν
1095 4297 1223 4366 ἡμῖν
1257 4294 1519 4366 θεωρίαν;
1568 4294 1634 4365 ἢν
1664 4289 1819 4365 οἶμαι

239 4389 342 4445 καὶ
389 4387 550 4442 αὐτὸν
607 4386 972 4451 αἰνίττεσθαι,
1022 4386 1277 4454 λέγοντα·
1321 4405 1339 4437 ι
1395 4386 1452 4439 '0
1513 4385 1646 4447 Θεός
1693 4401 1816 4461 μου,

240 4479 585 4554 κεκράξομαι
618 4479 849 4550 ἡμέρας,
884 4479 977 4532 καὶ
1007 4478 1107 4531 οὐκ
1138 4478 1451 4551 εἰσακούσῃ,
1479 4479 1572 4531 καὶ
1603 4477 1814 4542 νυκτὸς,
1848 4507 1892 4562 D

243 4572 344 4626 καὶ
373 4573 474 4626 οὐκ
492 4572 572 4635 είς
595 4571 778 4625 ἄνοιαν
812 4571 952 4641 ἐμοί.
987 4590 1006 4623 ι
1035 4572 1110 4625 Οὐ
1144 4570 1250 4641 γὰρ
1284 4572 1364 4634 εἰς
1389 4571 1594 4633 ἄνοιαν,
1631 4568 1814 4640 φησὶν,

245 4663 373 4735 ἐμοὶ
394 4663 610 4732 λέγεται
631 4663 713 4728 τὸ,
745 4682 763 4713 ι
799 4662 1110 4734 εἰσακούσῃ.
1146 4682 1165 4715 ι
1199 4658 1327 4716 Οἶδα
1346 4661 1456 4735 γὰρ
1488 4662 1647 4725 αὐτὸς
1670 4662 1817 4726 ὅπως

245 4755 403 4810 τοῦτό
446 4772 610 4827 φημι,
662 4759 1044 4826 πεπεισμένος,
1077 4755 1158 4808 ὅτι
1210 4753 1456 4823 πέφυκας
1507 4755 1603 4824 οὐχ
1640 4754 1719 4808 δτι
1753 4770 1817 4823 γε

251 4849 385 4920 ἐμοῦ
420 4848 578 4920 μόνον
602 4847 1086 4920 ἀντιλαμϐάνεσθαι
1108 4848 1200 4901 καὶ
1220 4846 1540 4909 εἰσακούειν,
1575 4843 1708 4898 ἀλλὰ
1726 4845 1819 4898 καὶ

252 4941 471 4996 πάντων
489 4941 598 4994 τῶν
631 4942 797 5009 ἁγίων
831 4958 944 4994 σου.
993 4940 1102 4992 ’Λεὶ
1145 4938 1254 5010 γὰρ
1286 4939 1380 4991 καὶ
1411 4936 1499 4990 διὰ
1529 4937 1728 5000 παντὸς
1761 4937 1818 4988 ὲν

252 5035 362 5097 τοῖς
394 5032 570 5100 άγίοις
603 5048 697 5085 σου
721 5034 1012 5094 κατοικεῖς,
1042 5031 1135 5083 καὶ
1169 5029 1232 5082 σὺ
1266 5025 1316 5082 εἶ
1338 5031 1366 5082 ὁ
1399 5026 1595 5089 παντὸς
1626 5025 1816 5097 ἀνδρὸς

255 5122 550 5194 θεοφιλοῦς,
596 5122 810 5193 Ἰσραὴλ
842 5121 1397 5194 προσαγορευομένου,
1447 5119 1696 5182 ἔπαινος·
1730 5116 1818 5171 διὰ

258 5214 317 5269 σὲ
344 5213 455 5286 γὰρ
489 5213 649 5266 παντὶ
677 5211 757 5282 τῷ
792 5228 850 5265 σε
883 5210 1191 5282 περιέποντι
1215 5210 1312 5279 οὐχ
1342 5210 1370 5261 ὁ
1393 5205 1572 5278 τυχὼν
1596 5205 1818 5277 προσγί-

256 5323 403 5361 νεται
440 5305 680 5368 ἔπαινος,
728 5305 821 5358 καὶ
852 5306 944 5357 ἐπι
978 5305 1059 5356 σοὶ
1098 5303 1145 5355 oi
1192 5300 1427 5368 πατέρες
1473 5297 1629 5370 ἡμῶν
1662 5297 1819 5369 ἤλπι-

260 5413 377 5462 σαν,
410 5398 506 5451 καὶ
554 5396 871 5458 ἐλπίσαντες
907 5394 1017 5448 τῶν
1045 5390 1459 5446 ἐπαναστάντων
1504 5389 1684 5452 αὐτοῖς
1716 5404 1818 5441 κα·-

260 5488 367 5543 κῶν
398 5488 763 5564 έρρύσθησαν,
796 5489 891 5542 καὶ⁹
938 5485 1073 5557 πρὸς
1104 5485 1162 5538 σὲ
1208 5481 1542 5554 ὲκέκραξαν,
1562 5481 1655 5534 καὶ
1685 5477 1821 5532 ὲσὼ-

260 5578 449 5653 θησαν,
480 5579 575 5635 ἐπὶ
607 5578 689 5633 σοί
710 5595 770 5631 τε
802 5577 1055 5649 ῆλπισαν,
1089 5575 1183 5628 καὶ
1212 5574 1272 5627 οὐ
1301 5570 1767 5643 κατῃσχύνοησαν.
1797 5588 1817 5621 ι

1921 3285 1976 3330 et
2019 3290 2126 3330 non
2186 3276 2254 3330 ad
2292 3277 2663 3347 insipientiam
2725 3280 2943 3347 mihi“
2996 3295 3093 3350 pro
3141 3296 3250 3350 quo
3291 3296 3486 3337 rursus

1923 3363 2286 3437 Symmachus
2318 3384 2331 3419 :
2363 3385 2383 3418 ι
2414 3365 2556 3421 Deus
2595 3382 2768 3431 meus,
2799 3366 2993 3437 inquit,
3038 3368 3282 3422 clamabo
3317 3370 3486 3423 inter-

1920 3457 2100 3523 diu,et
2141 3472 2252 3511 non
2305 3458 2586 3521 exaudies,
2632 3465 2685 3511 et
2725 3465 2915 3522 noctu,
2947 3466 3000 3511 et
3035 3473 3144 3511 non
3190 3465 3274 3513 est
3319 3459 3487 3514 silen-

1919 3550 2077 3603 tium.
2114 3569 2133 3602 ι
2172 3548 2314 3619 Ergo
2352 3549 2407 3602 in
2450 3549 2535 3603 his
2562 3546 2776 3602 Patrem
2809 3564 2964 3603 suum
2996 3555 3255 3618 tanquam
3284 3565 3345 3606 se
3373 3567 3485 3605 non

1921 3641 2299 3696 exaudientem
2338 3640 2660 3705 admiratur,
2712 3646 2918 3709 utpote,
2963 3653 3086 3692 cum
3137 3654 3335 3693 novum
3380 3641 3487 3696 hoc

1920 3745 2080 3804 atque
2108 3733 2432 3789 inusitatum
2459 3732 2730 3803 inspiciat.
2767 3730 2860 3785 ille
2886 3735 3064 3784 autem
3091 3729 3217 3783 huic
3251 3729 3484 3785 audien-

1920 3830 2051 3883 tiam
2102 3828 2169 3882 ad
2223 3827 2477 3882 idoneum
2522 3824 2846 3882 exaudiendi
2889 3833 3104 3895 tempus
3161 3824 3479 3881 reservavit.

1921 3917 2035 3973 Hoc
2058 3932 2189 3973 vero
2217 3916 2342 3982 fuit,
2390 3916 2755 3986 susceptionis
2801 3916 3080 3971 matutina:
3114 3914 3485 3971 excitationis-

1921 4025 2027 4081 que
2050 4026 2081 4064 a
2111 4018 2284 4064 morte
2312 4011 2379 4063 ad
2410 4010 2574 4063 vitam
2613 4020 2843 4079 tempus,
2874 4024 2982 4079 quo
3012 4023 3143 4064 sane
3165 4016 3404 4076 tempore
3433 4006 3482 4061 si

1921 4104 2139 4173 quando
2190 4103 2256 4157 ad
2309 4103 2477 4155 alium
2526 4102 2858 4171 quempiam,
2910 4101 2976 4155 ad
3030 4100 3207 4170 ipsum
3266 4112 3484 4169 quoque

1923 4195 2067 4265 iuste
2104 4191 2393 4248 dicendum
2426 4192 2569 4247 fuit:
2608 4210 2626 4242 ι
2658 4190 2715 4245 In
2760 4202 3002 4261 tempore
3042 4199 3264 4260 accepto
3309 4203 3481 4244 exau-

1920 4285 2030 4340 divi
2065 4292 2138 4348 te,
2175 4293 2229 4339 et
2256 4285 2308 4338 in
2353 4284 2439 4339 die
2472 4284 2666 4339 salutis
2699 4283 2880 4353 adjuvi
2909 4290 2981 4348 te;
3013 4297 3142 4337 ecce
3168 4295 3314 4336 nunc
3344 4287 3484 4334 tem-

1920 4393 2022 4448 pus
2067 4376 2424 4446 acceptabile,
2478 4390 2607 4430 ecce
2664 4390 2812 4429 nunc
2844 4375 2961 4429 dies
3011 4374 3202 4429 salutis
3223 4373 3265 4426 '.
3297 4392 3318 4426 ι
3363 4371 3481 4427 Dici

1921 4484 2049 4525 vero
2082 4476 2310 4539 possunt
2344 4467 2457 4523 haec
2490 4467 2596 4521 alia
2637 4481 2855 4536 quoque
2884 4464 3094 4518 ratione
3137 4478 3168 4518 a
3201 4462 3484 4520 Salvatore

1921 4569 2150 4626 nostro,
2196 4568 2450 4629 tanquam
2500 4559 2569 4613 ab
2600 4573 2700 4621 eo,
2745 4560 2838 4626 qui
2879 4557 3225 4612 consueverit
3266 4571 3484 4627 seraper

1923 4655 2137 4725 quidem
2168 4654 2300 4707 etin
2340 4652 2595 4707 omnibus
2628 4653 2876 4707 exaudiri
2916 4666 2947 4705 a
2978 4649 3159 4714 Patre,
3190 4665 3337 4704 nunc
3383 4663 3484 4703 au-

1925 4759 2053 4814 tem,
2089 4748 2182 4816 qui
2206 4747 2366 4802 etiam
2400 4742 2557 4798 fidem
2588 4744 2784 4799 habeat
2812 4758 2872 4799 se
2907 4757 3031 4799 esse
3058 4739 3481 4805 exaudiendum,

1924 4855 2033 4894 non
2059 4851 2218 4892 secus
2253 4849 2316 4888 ac
2350 4834 2397 4888 si
2432 4833 2647 4902 planius
2685 4831 2911 4899 diceret,
2955 4828 3201 4898 nunquid
3232 4826 3348 4882 ﬁeri
3386 4841 3483 4896 po-

1901 4937 2048 4993 test,
2068 4945 2100 4983 o
2114 4927 2293 4991 Pater,
2317 4932 2378 4980 ut
2394 4940 2492 4995 ego
2509 4923 2702 4979 unicus
2722 4937 2785 4977 ac
2807 4922 3039 4978 dilectus
3054 4919 3244 4985 Filius,
3264 4920 3390 4972 dum
3413 4917 3486 4973 ad

1926 5031 1979 5077 te
1998 5020 2215 5075 Patrem
2239 5033 2418 5077 meum
2441 5017 2639 5079 clamo,
2670 5022 2726 5070 et
2745 5013 3038 5078 vociferor,
3058 5028 3165 5066 non
3187 5008 3486 5066 exaudiar?

1921 5112 2082 5186 497
2112 5111 2377 5181 siquidem
2409 5110 2513 5163 hoc
2543 5109 2719 5179 ipsum
2751 5108 2839 5164 ille
2875 5106 3014 5162 idem
3046 5104 3203 5160 docet
3232 5105 3285 5157 in
3306 5101 3484 5155 Evan-

1923 5207 2063 5276 gelio
2098 5202 2345 5261 Joannis.
2375 5200 2469 5257 ubi
2501 5200 2568 5254 dc
2596 5199 2800 5254 Lazaro
2833 5212 3012 5255 sermo
3043 5203 3148 5252 est.
3191 5193 3326 5248 Nam
3357 5208 3489 5249 cum

1924 5297 2189 5352 dixisset:
2228 5314 2247 5347 ι
2288 5293 2483 5349 Tollite
2513 5292 2740 5362 lapidem
2771 5306 2802 5344 a
2832 5297 3201 5353 monumento,
3242 5304 3264 5341 ι
3293 5292 3491 5341 δυειιισ

1924 5390 1988 5443 lit
2020 5388 2213 5443 deinde
2249 5387 2437 5443 oculos
2463 5399 2591 5440 suos
2624 5383 2692 5438 ad
2722 5384 2916 5439 coelum
2947 5390 3000 5438 et
3030 5380 3167 5436 dixit
3196 5397 3210 5433 :
3244 5396 3265 5431 ι
3300 5376 3489 5443 Pater,

1925 5480 2131 5550 gratias
2161 5495 2262 5550 ago
2298 5479 2414 5546 tibi,
2449 5476 2704 5547 quoniam
2741 5472 2997 5539 audivisti
3025 5487 3130 5531 me.
3161 5470 3275 5541 Ego
3303 5477 3486 5526 autem

1928 5569 2166 5626 sciebam
2199 5568 2346 5641 quod
2373 5584 2586 5639 semper
2609 5582 2696 5624 me
2736 5566 2892 5622 audis
2922 5564 2961 5623 ³.
3000 5582 3021 5618 ›
3056 5562 3115 5618 Si
3147 5562 3315 5634 igitur
3344 5576 3491 5619 sera-

329 5763 347 5795 ¹
383 5760 543 5819 Joan.
573 5773 643 5824 ι,
679 5756 767 5812 18.
841 5756 863 5788 ¹
900 5753 948 5813 li
979 5752 1103 5808 Cor.
1142 5767 1233 5818 γι,
1263 5749 1317 5805 2.
1395 5749 1415 5781 '
1450 5746 1611 5805 Joan.
1644 5762 1737 5818 ιι,
1770 5744 1959 5802 59-“.
