3830 6260
402 299 501 354 ΤΗ

1078 294 1349 354 EUSEB“
1382 292 1864 351 CESARIENSIS
1898 295 2050 352 OPP.
2090 295 2277 353 PARS
2309 298 2460 355 iI.—-
2495 296 2995 354 APOLOGETICA.
3509 305 3598 360 772

404 435 505 492 per
536 420 688 475 illum
739 418 909 483 audit,
964 432 1109 471 nunc
1155 431 1371 486 quoque
1415 430 1525 471 non
1570 415 1848 482 dubitans,
1881 416 1966 473 sed

2090 416 2304 487 Ἐπειδὴ
2331 412 2421 470 οῦν
2446 416 2644 481 πάντες
2675 418 2724 469 οί
2752 418 2895 486 ἅγιοι
2916 416 3116 469 τούτων
3134 414 3319 486 ἔτυχον
3344 417 3479 488 παρά
3504 420 3601 486 σοῦ,

406 512 570 583 plane
617 520 952 582 compertum
1001 510 1207 563 habens
1252 524 1312 564 se
1359 522 1482 564 esse
1523 508 1872 571 audiendum,
1920 518 1975 563 et

406 615 665 674 tanquam
697 602 809 657 fieri
840 617 949 655 non
981 602 1176 671 possit,
1212 607 1270 655 ut
1301 615 1411 654 non
1442 600 1714 660 audiatur.
1768 616 1834 654 ex
1891 601 1975 653 in-

404 696 770 766 terrogatione
808 694 884 747 ait.
920 712 935 748 :
978 712 997 746 (
1042 692 1182 748 Deus
1212 707 1387 754 meus,
1439 692 1687 746 clamabo
1715 691 1970 755 interdiu,

407 795 462 842 et
492 801 601 839 non
643 784 940 838 exaudies?
988 802 1007 835 ι
1045 783 1206 837 nobis
1249 782 1498 837 videlicet
1535 782 1973 851 interrogationis

406 881 590 928 notam
612 873 939 930 addentibus
960 873 1023 927 ad
1053 874 1298 937 verbum,
1338 891 1356 924 ‹
1397 872 1678 937 exaudies,
1712 892 1729 924 ›
1762 881 1815 927 et
1844 889 1975 927 conc

405 964 634 1020 trarium
665 965 808 1035 ejus,
844 964 992 1036 quod
1015 966 1406 1035 interrogatum
1439 964 1531 1028 sit,
1558 964 1972 1035 snbintclligen-

402 1057 572 1113 tibus.
618 1056 898 1128 Siquidem
951 1058 1057 1112 hoc
1110 1057 1288 1127 ipsum
1338 1057 1500 1126 paulo
1553 1066 1674 1127 post
1724 1073 1974 1113 sermone

405 1154 740 1221 progressus
791 1149 1033 1205 ostendit
1065 1148 1323 1217 deinceps
1373 1148 1428 1201 in
1477 1149 1688 1218 psalmo
1728 1150 1971 1206 dicens:

411 1261 430 1293 ι
470 1240 591 1297 Non
633 1243 838 1313 sprevit
887 1258 1062 1309 neque
1095 1242 1376 1296 molestam
1415 1242 1604 1297 habuit
1632 1242 1972 1312 deprecatio-

405 1350 530 1390 nem
564 1336 841 1405 pauperis,
870 1349 1045 1404 neque
1078 1334 1273 1387 avertit
1301 1331 1494 1387 faciem
1538 1348 1692 1389 suam
1718 1347 1749 1385 a
1780 1349 1884 1398 me,
1919 1340 1974 1388 et

405 1441 531 1480 cum
561 1427 854 1480 clamarem
885 1426 948 1479 ad
982 1440 1127 1488 eum,
1179 1424 1455 1479 exaudivit
1487 1439 1591 1478 me.
1641 1443 1660 1476 ι
1691 1423 1973 1491 Quomodo

404 1515 572 1586 igitur
603 1517 849 1585 negative
878 1514 1006 1567 illud
1031 1513 1280 1567 dicetur?
1314 1510 1489 1566 (Deus
1511 1526 1691 1576 meus,
1723 1512 1973 1565 clamabo

406 1605 666 1667 interdiu,
694 1613 747 1658 et
769 1619 876 1658 non
906 1603 1187 1665 exaudies,
1245 1620 1264 1653 ι
1303 1600 1411 1656 nisi
1451 1616 1514 1656 ea
1548 1602 1758 1656 ratione
1811 1616 1970 1670 quam

405 1709 508 1751 nos
537 1695 840 1757 attulimus,
877 1709 1040 1764 quam
1075 1708 1206 1748 sane
1248 1693 1516 1746 rationem
1548 1693 1725 1762 ipsum
1755 1708 1973 1763 quoque

2076 507 2438 579 κεκράξαντές
2471 525 2529 561 τε
2563 509 3011 580 είσηκούσθησαν,
3052 508 3146 561 καὶ
3176 509 3235 560 ού
3273 509 3604 581 κατῃσχύνθη-

2078 618 2197 664 σαν,
2233 601 2382 670 πόσῳ
2413 601 2476 671 δὴ
2514 601 2670 654 πλέον
2704 601 2837 671 ἐμοῦ
2883 600 2976 654 τοῦ
3007 599 3101 653 σοῦ
3133 600 3405 670 ἀγαπητοῦ
3446 601 3603 666 παιδὸς

2077 689 2306 759 βοῶντος
2336 689 2532 761 μᾶλλον
2563 690 2815 742 ἁπάντων
2842 690 2934 742 καὶ
2959 689 3295 760 ἑτοιμότερον
3316 690 3602 762 εἰσακούςῃ;

2074 782 2138 834 Εί
2170 782 2225 834 δὲ
2255 782 2349 834 καὶ
2381 780 2876 851 ἀποθαυμαστικῶς
2909 798 3068 850 φημι,
3107 797 3126 830 ι
3168 778 3604 849 Κεκρὰξομαι,καὶ

2073 874 2173 926 οὐκ
2194 874 2486 945 είσακούσῃ
2507 875 2518 926 !
2549 894 2567 925 ι
2592 874 2705 926 ἀλλ’
2727 874 2827 925 οὐκ
2844 876 2923 937 εἰς
2954 874 3136 927 ἄνοιαν
3160 875 3189 926 6
3210 872 3361 940 λόγος
3391 889 3474 941 μοι
3498 887 3607 942 προ-

2076 963 2315 1035 φέρεται.
2366 959 2496 1017 Οἶδα
2540 963 2670 1033 γοῦν
2716 964 2860 1026 ὅπως
2910 964 3008 1034 τὴν
3040 962 3204 1034 εὐχὴν
3244 962 3515 1034 προφέρω,
3545 963 3605 1033 μὴ

2074 1054 2497 1126 ἐναϐρυνόμενος
2525 1056 2655 1127 μηδὲ
2689 1056 3123 1127 ἐγκαυχώμενος,
3158 1054 3272 1108 ἀλλ’
3303 1054 3375 1118 ὠς
3400 1066 3609 1108 ταπεινο-

2074 1145 2305 1216 φρονών.
2356 1146 2506 1200 Ἐπεὶ
2526 1147 2634 1219 γὰρ
2667 1147 2839 1218 πρᾶός
2868 1149 2982 1218 είμι
3014 1146 3109 1200 καὶ
3138 1145 3385 1208 ταπεινὸς
3412 1142 3473 1216 τῇ
3503 1161 3609 1215 καρ-

2075 1237 2183 1308 δία,
2215 1238 2482 1302 ταπεινῶς
2514 1240 2604 1291 καὶ
2627 1242 2693 1310 τῇ
2727 1238 2961 1309 ἐμαυτοῦ
2997 1239 3258 1310 πραότητι
3281 1238 3480 1303 οἰκείως
3503 1232 3609 1308 περὶ

2073 1328 2310 1399 ἐμαυτοῦ
2342 1328 2571 1382 ταπεινὰ
2596 1329 2920 1401 φθέγγομαι,
2968 1329 3122 1383 Οὕτω
3153 1330 3217 1400 δὴ
3262 1331 3354 1384 καὶ
3387 1330 3608 1402 σκώληκα

2073 1422 2308 1493 ἐμαυτὸν
2338 1420 2589 1494 ὀνομάζω
2613 1440 2627 1453 ο
2661 1423 2714 1475 τί
2757 1422 2865 1494 γὰρ
2894 1423 2957 1476 ἂν
2989 1423 3196 1491 γένοιτο
3241 1421 3506 1495 σκώληκος
3532 1442 3610 1478 τα-

2073 1515 2421 1588 πεινότερον;
2451 1516 2571 1569 ὅθεν
2602 1515 2708 1567 οὐδ’
2745 1513 3028 1587 ἄνθρωπον
3060 1514 3296 1584 ἐμαυτὸν
3327 1514 3513 1585 εἴποιμ’
3537 1515 3607 1578 ἂν,

2072 1609 2151 1671 είς
2190 1607 2455 1678 τοσαύτην
2509 1608 2834 1660 ταπείνωσιν
2877 1608 2942 1659 ἐκ
2991 1605 3084 1658 τοῦ
3134 1605 3334 1659 οἰκείου
3385 1606 3612 1676 μεγέθους

2073 1698 2365 1762 κατελθὼν,
2400 1699 2539 1752 ὥστε
2574 1701 2668 1752 καὶ
2720 1696 2996 1769 σκώληκος
3045 1698 3208 1769 μηδὲν
3243 1697 3414 1750 δοκεῖν
3459 1697 3612 1765 διαφέ-

404 1785 643 1843 arbitror
668 1784 978 1856 significare
1012 1784 1141 1839 dum
1172 1784 1307 1839 dicit
1349 1804 1362 1840 :
1400 1804 1420 1837 ‹
1477 1784 1619 1841 Deus
1649 1802 1822 1849 meus,
1860 1788 1966 1841 cla-

2076 1809 2207 1863 ρειν,
2233 1791 2322 1844 διὰ
2353 1791 2412 1844 τὸ
2457 1793 2551 1844 καὶ
2586 1790 2746 1862 μέχρι
2786 1790 3013 1843 θανάτου
3041 1790 3136 1842 καὶ
3180 1789 3284 1859 τῆς
3325 1788 3418 1842 τοῦ
3454 1786 3612 1859 σώμα-

328 1907 331 1910 ν
402 1877 565 1933 mabo
599 1876 854 1940 interdiu,
879 1885 931 1930 et
950 1892 1058 1930 non
1085 1876 1369 1939 exaudies,
1400 1883 1453 1930 et
1477 1885 1663 1940 noctu,
1691 1885 1744 1931 et
1775 1892 1881 1930 non
1905 1876 1972 1930 ad

402 1968 774 2040 insipientiam
809 1968 994 2022 mihi.»
1028 1967 1146 2022 Non
1175 1968 1323 2024 enim
1363 1968 1432 2023 ad
1465 1969 1856 2040 insipientiam,
1891 1970 1974 2022 in—

402 2060 588 2129 quit,a
612 2076 697 2115 me
718 2059 915 2114 dicitur
939 2059 1095 2125 illud,
1120 2078 1140 2111 ι
1174 2059 1453 2115 exaudies.
1480 2079 1498 2111 ι
1530 2061 1664 2113 Νονί
1691 2061 1834 2114 enim
1860 2061 1973 2129 ipse

402 2167 508 2223 qua
539 2153 750 2207 ratione
780 2152 883 2206 hoc
905 2152 1102 2216 dicam,
1131 2153 1332 2222 quippe
1360 2152 1454 2221 qui
1482 2152 1638 2205 fidem
1669 2151 1895 2205 habeam
1919 2158 1973 2206 te

402 2250 601 2298 natura
652 2257 984 2312 propensum
1032 2257 1155 2297 esse
1206 2242 1274 2295 ad
1327 2241 1757 2311 suscipiendum,
1809 2249 1972 2312 atque

403 2336 734 2393 audiendum
765 2351 875 2390 non
907 2336 1085 2391 solum
1120 2351 1226 2399 me,
1275 2334 1368 2390 sed
1413 2336 1577 2390 etiam
1618 2350 1808 2391 omnes
1845 2352 1972 2391 sano

403 2439 521 2483 ctos
553 2435 697 2483 tuos.
731 2424 959 2497 Semper
1001 2426 1146 2481 enim
1198 2433 1253 2481 et
1298 2441 1692 2496 usquequaque
1752 2428 1809 2482 in
1862 2428 1970 2484 tuis

402 2520 609 2576 sanctis
637 2520 874 2584 habitas,
907 2519 1160 2589 idemque
1188 2520 1306 2589 ipse
1320 2534 1380 2574 es
1405 2520 1841 2591 uniuscujusque
1861 2521 1970 2577 Deo

401 2613 689 2670 familiaris
723 2621 887 2683 atque
911 2612 1075 2666 amici
1106 2611 1366 2675 hominis,
1390 2612 1483 2680 qui
1512 2610 1678 2667 Israel
1710 2614 1970 2682 appellari

398 2706 769 2771 consueverit,
795 2706 910 2758 laus
942 2723 955 2758 :
989 2710 1210 2773 propter
1246 2709 1298 2757 te
1327 2703 1473 2756 enim
1504 2703 1569 2757 ad
1604 2718 1819 2758 onmem
1844 2721 1968 2759 eum

400 2798 494 2869 qui
547 2806 602 2853 te
647 2798 965 2866 complexus
1016 2796 1111 2859 sit,
1166 2810 1275 2850 non
1319 2798 1559 2869 vulgaris
1604 2799 1785 2853 venire
1832 2799 1970 2854 solet

402 2889 543 2944 laus.
584 2908 602 2941 ι
639 2888 703 2941 Et
734 2889 789 2941 in
820 2896 871 2942 te
895 2894 1077 2958 patres
1104 2890 1276 2942 nostri
1308 2897 1685 2959 Spei-averunt,
1717 2908 1736 2941 ι
1771 2898 1825 2944 et
1844 2904 1968 2943 cum

402 2987 705 3050 sperarent,
742 2980 810 3033 ab
834 2979 1210 3048 ingruentibus
1234 2981 1287 3033 in
1322 2981 1472 3051 ipsos
1500 2982 1657 3035 malis
1691 2999 1709 3032 ‹
1753 2980 1969 3036 liberati

402 3082 552 3138 sunt,
580 3081 634 3127 et
660 3071 725 3125 ad
758 3079 811 3126 te
832 3073 1227 3137 clamaverunt,
1263 3080 1317 3127 et
1353 3074 1491 3128 salvi
1539 3072 1665 3126 facti
1706 3082 1855 3137 sunt,
1886 3081 1968 3127 at-

400 3182 509 3238 que
534 3166 589 3219 in
614 3174 668 3220 te
693 3173 1052 3234 speraveruut
1071 3171 1126 3217 et
1150 3163 1364 3219 confusi
1397 3179 1504 3218 non
1532 3173 1681 3219 sunt.
1720 3184 1738 3217 »
1775 3164 1830 3218 Si
1864 3165 1967 3234 igi-

398 3266 493 3314 tur
528 3272 720 3312 omnes
766 3256 941 3312 sancti
990 3256 1105 3310 haec
1154 3270 1185 3309 a
1219 3266 1270 3311 te
1300 3257 1745 3327 impetraverunt,
1780 3268 1832 3312 et
1857 3260 1972 3311 cla-

400 3361 614 3405 mantes
642 3348 885 3404 exauditi
939 3356 1088 3411 sunt,
1125 3363 1232 3403 non
1284 3358 1462 3403 autem
1492 3351 1728 3413 confusi.
1762 3363 1969 3422 quanto

400 3441 576 3511 magis
627 3456 714 3496 me
763 3448 918 3494 tuum
960 3439 1218 3494 dilectum
1266 3440 1434 3493 tilium
1479 3442 1803 3496 clamantem
1858 3459 1970 3513 prae

400 3532 614 3588 cunctis
634 3532 839 3602 absque
876 3547 1028 3585 mora
1053 3531 1351 3587 exaudies?
1374 3531 1530 3598 Quod
1562 3534 1608 3587 si
1643 3534 1967 3590 admirantis

398 3624 703 3695 cujuspiam
732 3624 906 3679 instar
943 3625 1166 3680 enuntio
1201 3625 1352 3690 illud,
1410 3644 1429 3676 ‹
1465 3625 1741 3688 Clamabo,
1775 3635 1829 3681 et
1859 3642 1967 3681 non

398 3717 696 3774 exaudies!
736 3735 755 3769 ι
795 3732 907 3771 non
940 3726 1121 3772 tamen
1154 3716 1222 3771 ad
1272 3717 1636 3787 insipientiam
1694 3717 1968 3789 profertur

398 3812 526 3867 talis
558 3826 589 3865 a
627 3826 714 3865 me
743 3810 939 3864 oratio.
974 3807 1111 3864 Novi
1166 3810 1310 3865 enim
1349 3810 1464 3880 ipse
1487 3826 1596 3881 quo
1624 3826 1790 3866 sensu
1818 3826 1967 3867 meas

397 3918 590 3975 preces
621 3903 865 3967 enuntio,
898 3917 1008 3956 non
1055 3903 1448 3972 gloriabundus
1496 3903 1748 3958 videlicet
1789 3920 1965 3975 neque

392 3991 758 4064 iactabundus
791 4010 803 4044 :
837 4007 962 4044 nam
1011 4007 1135 4045 cum
1178 3993 1280 4047 sim
1329 3999 1643 4047 mansuetus
1671 3999 1832 4062 atque
1860 3994 1965 4069 liu-

396 4084 544 4139 milis
570 4082 754 4149 corde,
792 4083 984 4136 humili
1026 4083 1153 4137 item
1192 4098 1342 4137 more
1369 4091 1423 4137 et
1462 4099 1594 4137 mea}
1643 4093 1964 4139 mansuetu-

397 4175 513 4229 dini
540 4182 926 4236 consentaueo,
963 4172 1191 4225 humilia
1215 4173 1284 4227 de
1310 4174 1521 4243 meipso
1554 4174 1766 4242 loquor.
1796 4173 1963 4246 498

395 4265 633 4322 Proinde
671 4265 836 4319 etiam
884 4265 1148 4333 meipsum
1182 4278 1419 4319 vermem
1468 4266 1716 4334 appello:
1748 4273 1801 4319 et
1831 4266 1961 4336 quid

396 4374 580 4414 verme
613 4356 828 4412 tandem
882 4372 1004 4410 esse
1054 4357 1225 4427 possit
1255 4356 1551 4411 humilius?
1581 4357 1661 4411 sic
1691 4372 1759 4412 ne
1786 4357 1963 4412 homio

2074 1902 2163 1949 τος
2215 1884 2416 1954 φθάσαι
2465 1884 2687 1956 φθορᾶς.
2725 1883 2894 1937 Πόθεν
2939 1882 3047 1952 γὰρ
3096 1881 3318 1936 ἄλλοθεν
3362 1880 3610 1950 γεννηθείη

2077 1977 2289 2049 σκώληξ
2321 1979 2354 2048 ἢ
2390 1979 2497 2031 ἀπὸ
2542 1979 2808 2049 σωμάτων
2842 1976 3082 2046 φθορᾰς;
3117 1977 3196 2037 είς
3246 1977 3315 2045 ἦν
3365 1976 3453 2027 καὶ
3481 1974 3612 2035 αὐτὸς

2074 2067 2364 2129 κατελθὼν,
2390 2068 2614 2131 εἰκότως
2647 2067 2881 2138 ἐμαυτὸν
2907 2064 3162 2135 σκώληκα
3195 2066 3290 2117 καὶ
3320 2065 3416 2116 ούκ
3444 2063 3615 2135 ἄνθρω-

2074 2176 2172 2212 πον
2205 2158 2484 2227 γινώσκωο
2531 2159 2610 2211 διὸ
2643 2159 2736 2211 καὶ
2784 2158 2982 2227 γέγονα
3023 2174 3041 2206 ι
3080 2156 3283 2219 ὄνειδος
3327 2153 3612 2226 ἀνθρώπιον,

2074 2252 2164 2303 καὶ
2198 2248 2526 2322 ἐξουδένημα
2545 2250 2696 2314 λαοῦ,
2727 2269 2745 2300 ι
2783 2250 2882 2303 οὐκ
2904 2248 2969 2301 ἂν
2984 2248 3275 2319 γενόμενος
3300 2247 3416 2300 οὐδὲ
3443 2246 3613 2309 όνειὸος

2072 2342 2393 2415 ἀνθρώπων,
2441 2343 2559 2396 οὐδὲ
2613 2343 2960 2414 ἐξουδένημα,
3026 2345 3074 2397 εἰ
3118 2342 3192 2414 μὴ
3236 2342 3400 2414 μέχρι
3433 2340 3612 2411 σκώλη-

2072 2450 2165 2498 κος
2196 2433 2457 2503 ἐφθάκειν
2511 2434 2661 2505 παρὰ
2701 2436 2791 2487 τὸν
2834 2435 2927 2487 τοῦ
2986 2436 3190 2498 πάθους
3223 2434 3432 2506 καιρόν.
3476 2434 3613 2504 Τηνι-

2071 2525 2248 2581 καῦτα
2279 2526 2407 2597 γοῦν
2430 2526 2760 2597 θεωροῦντες
2796 2543 2859 2597 με
2894 2528 2988 2581 ἐπὶ
3012 2527 3106 2581 τοῦ
3149 2527 3385 2598 σταυροῦ
3411 2529 3614 2598 ἀνηρτη-

2075 2620 2253 2690 μένον,
2308 2618 2762 2690 ἐξεμυκτήρισαν,
2815 2620 2908 2672 καὶ
2959 2617 3223 2688 ἐλάλησαν
3282 2621 3340 2671 ἐν
3390 2617 3611 2689 χείλεσιν,

2070 2712 2324 2783 ἐκίνησαν
2355 2728 2415 2764 τε
2448 2711 2687 2782 κεφαλὴν
2719 2711 2965 2779 λέγοντες
2989 2728 3003 2741 ο
3044 2730 3063 2762 ι
3102 2711 3368 2765 Ἤλπισεν
3397 2712 3485 2763 ἐπὶ
3523 2708 3611 2763 Κύ-

2073 2820 2207 2875 ριον,
2246 2803 2496 2875 ῥυσάσθω
2530 2803 2712 2866 αὑτὸν,
2750 2803 2977 2856 σωσάτω
3023 2803 3207 2868 αὐτὸν,
3250 2804 3333 2857 ὅτι
3364 2803 3495 2856 θέλει
3534 2802 3613 2857 αὑ-

2070 2895 2180 2948 τόν.
2217 2915 2235 2947 ι
2275 2894 2458 2950 Ταῦτα
2486 2897 2581 2966 μὲν
2607 2891 2700 2948 οὖν
2724 2896 2939 2949 ἅπαντα
2968 2895 3056 2949 διὰ
3085 2895 3180 2949 τοῦ
3209 2895 3421 2966 ψαλμοῦ
3456 2893 3612 2964 σαφῶς

2071 2990 2199 3061 περὶ
2223 2989 2331 3042 τῶν
2361 2989 2656 3060 μελλόντων
2678 2988 2999 3060 γενήσεσθαι
3023 2991 3256 3059 μακροῖς
3282 2987 3398 3041 ποθ’
3421 2986 3613 3056 ὕστερον

2071 3084 2281 3154 χρόνοις
2307 3081 2636 3145 ἐθεσπίζετο,
2663 3082 2850 3146 τέλους
2875 3083 2933 3135 δὲ
2962 3083 3280 3151 ἐτύγχανεν,
3304 3081 3476 3141 ὁπότε,
3497 3075 3615 3131 κατὰ

2070 3176 2163 3228 τὸν
2187 3175 2480 3236 Ματθαῖον,
2517 3194 2535 3226 ι
2570 3173 2985 3247 σταυρωθέντων
3007 3174 3102 3225 σὺν
3131 3173 3281 3244 αὑτῷ
3306 3172 3396 3225 δύο
3410 3170 3611 3243 λῃστῶν,

2073 3267 2189 3329 ἐνὸς
2220 3266 2284 3319 ἐκ
2311 3265 2517 3332 δεξιῶν,
2554 3268 2648 3320 καὶ
2681 3266 2798 3330 ἐνὸς
2831 3265 2889 3333 ἐξ
2922 3264 3214 3334 εὐωνύμων
3248 3264 3343 3317 τοῦ
3373 3264 3612 3335 Σωτῆρος,

2069 3360 2118 3412 οἱ
2172 3359 2672 3430 παραπορευόμενοι
2727 3358 3108 3431 ἐϐλασφήμουν
3162 3358 3326 3411 αὑτὸν
3373 3355 3613 3419 κινοῦντες

2070 3449 2168 3512 τὰς
2198 3449 2436 3517 κεφαλὰς
2468 3448 2666 3507 αὐτῶν,
2698 3450 2791 3504 καὶ
2822 3435 3069 3518 λέγοντες
3091 3468 3132 3500 ·ι
3159 3450 3297 3502 Οὐαὶ
3318 3452 3346 3502 6
3365 3446 3614 3503 καταλύων

2068 3544 2161 3596 τὸν
2195 3542 2338 3607 ναὸν,
2385 3544 2479 3596 καὶ
2523 3543 2581 3594 ἐν
2626 3545 2803 3614 τρισὶν
2842 3542 3075 3614 ἡμέραις
3120 3542 3440 3613 οἰκοδομῶν,
3466 3541 3614 3593 σῶσον

2071 3635 2320 3688 σεαυτόνο
2360 3637 2408 3688 εἰ
2454 3634 2583 3697 Υἱὸς
2616 3631 2665 3688 εἷ
2706 3634 2799 3687 τοῦ
2852 3634 3007 3697 Θεοῦ,
3064 3634 3334 3706 κατάϐηθι
3390 3634 3490 3687 ἀπὸ
3534 3629 3612 3685 τοῦ

2071 3726 2325 3798 σταυροῦ.
2372 3727 2600 3797 Ὁμοίως
2627 3728 2684 3780 δὲ
2730 3728 2823 3780 καὶ
2867 3729 2914 3780 οί
2962 3728 3240 3800 ἀρχιερεῖς
3287 3725 3614 3798 ἐμπαίζοντες

2072 3820 2209 3890 μετά
2251 3820 2359 3872 τῶν
2417 3819 2799 3891 πρεσϐυτέρων
2852 3820 2946 3872 καὶ
2997 3820 3371 3891 γραμματέων
3419 3818 3610 3885 ἔλεγον

2071 3911 2292 3974 Ἀλλους
2323 3910 2543 3975 ἔσωσεν,
2576 3910 2765 3963 ἑαυτὸν
2803 3911 2862 3963 οὺ
2897 3910 3118 3964 δύναται
3167 3910 3361 3964 σῶσαι.
3396 3912 3455 3963 Et
3484 3908 3611 3979 βασι·

2065 4003 2189 4068 λεὺς
2220 4004 2313 4057 τοῦ
2359 4003 2571 4076 Ἰσραήλ
2597 4005 2732 4064 ἐστι,
2766 4002 3057 4057 καταϐάτω
3093 4002 3186 4056 νῦν
3221 4003 3331 4056 ἀπὸ
3357 4002 3447 4057 τοῦ
3473 4019 3613 4055 οταν·

2070 4096 2183 4167 ροῦ,
2219 4099 2313 4150 καὶ
2358 4095 2717 4167 πιστεύσομεν
2770 4094 2939 4166 αύτῷ.
2981 4096 3043 4148 Et
3096 4094 3356 4148 πέποιθεν
3401 4093 3489 4147 ἐπὶ
3534 4093 3612 4146 τὸν

2064 4187 2215 4249 Θεὸν,
2253 4187 2505 4258 ῥυσάσθω
2535 4186 2629 4241 νῦν
2663 4186 2845 4252 αὑτὸν,
2877 4188 2926 4239 εί
2958 4185 3099 4239 θέλει
3129 4186 3312 4240 αὐτόν.
3348 4182 3477 4239 Εἷπε
3498 4183 3609 4257 γὰρ.

2063 4275 2163 4340 ὃτι,
2199 4276 2325 4339 Υἱὸς
2348 4276 2483 4329 Θεοῦ
2516 4279 2650 4347 εἰμι.
2667 4296 2685 4326 ι
2707 4275 2865 4329 Κατὰ
2886 4275 2944 4329 δὲ
2969 4275 3059 4328 τὸν
3074 4277 3311 4330 Λουκᾶν·
3345 4295 3362 4327 ι
3382 4275 3610 4345 Είστήκει

2063 4375 2091 4426 ὁ
2121 4373 2245 4436 λαὸς
2278 4372 2516 4444 θεωρῶν,
2550 4373 2645 4426 καὶ
2681 4371 3101 4443 ἐξεμυκτήριζον
3150 4372 3316 4425 αὑτὸν
3359 4372 3407 4423 ot
3438 4371 3608 4442 ἄρχονο

395 4468 521 4509 nem
550 4451 768 4522 quidem
800 4451 1067 4520 meipsum
1097 4449 1351 4515 dixerim,
1381 4466 1506 4505 cum
1531 4451 1720 4520 utique
1748 4451 1814 4505 ad
1840 4458 1960 4504 tan-

2069 4483 2152 4529 τες
2198 4466 2293 4519 σὺν
2337 4466 2520 4528 αὐτοῖς
2563 4462 2810 4533 λέγοντες
2833 4481 2846 4494 ·
2886 4463 3108 4527 Ἄλλους
3163 4463 3355 4525 ἔσωσε,
3410 4460 3609 4514 σωσάτω

395 4554 508 4601 tam
540 4544 900 4599 humilitatem
937 4543 1125 4597 relicta
1174 4558 1293 4597 mea
1323 4544 1699 4615 magnitudine
1727 4543 1959 4598 descen-

394 4640 592 4703 derim,
632 4644 692 4691 ut
739 4636 906 4691 etiam
944 4651 1125 4692 verme
1170 4636 1342 4691 nihilo
1386 4636 1732 4706 praestantior
1789 4635 1962 4691 videri

394 4733 625 4804 possim,
653 4738 939 4801 propterea
972 4729 1118 4799 quod
1149 4746 1323 4799 usque
1362 4730 1428 4784 ad
1456 4741 1683 4786 mortem
1710 4740 1763 4787 et
1787 4747 1962 4802 usque

396 4828 464 4883 ad
515 4827 795 4882 interitum
843 4822 1090 4896 corpOris
1137 4829 1496 4895 pervenerim.
1560 4828 1794 4898 (Etenim
1853 4844 1960 4900 qua

393 4921 613 4977 tandem
662 4919 768 4972 alia
821 4918 1034 4973 ratione
1081 4916 1257 4972 factus
1308 4919 1379 4973 sit
1424 4921 1648 4984 vermis,
1684 4921 1786 4975 nisi
1830 4922 1955 4990 quia

392 5028 624 5084 corpora
652 5012 828 5067 solent
848 5010 1185 5082 corrumpi?)
1207 5011 1287 5065 Ad
1317 5026 1478 5082 quem
1524 5028 1654 5068 sane
1678 5014 1957 5069 interitum

393 5121 517 5161 cum
564 5105 677 5175 ipse
724 5118 940 5173 quoque
986 5102 1383 5166 descenderim,
1445 5104 1640 5159 merito
1687 5104 1954 5174 meipsum

392 5211 631 5251 vermem
665 5203 719 5250 et
753 5211 861 5250 non
907 5196 1181 5251 hominem
1225 5208 1465 5266 agnosco
1497 5214 1509 5249 :
1556 5210 1621 5250 ex
1651 5211 1760 5265 quo
1791 5199 1956 5250 etiam

399 5308 417 5338 ι
465 5288 643 5344 factus
673 5305 793 5345 sum
828 5289 1181 5360 opprobrium
1215 5289 1491 5342 hominum
1527 5295 1580 5343 et
1615 5288 1846 5356 abjectio
1865 5304 1958 5358 po-

392 5382 528 5449 puli.
560 5401 579 5433 ι
612 5383 703 5451 qui
724 5382 942 5452 quidem
973 5396 1252 5451 nunquam
1276 5380 1328 5435 id
1353 5397 1526 5451 genus
1552 5380 1729 5435 factus
1753 5396 1952 5443 essem,

393 5472 497 5526 nisi
526 5487 700 5542 usque
730 5473 796 5527 ad
829 5475 1028 5528 vermis
1071 5474 1434 5528 conditionem
1471 5474 1573 5529 sub
1607 5474 1785 5543 ipsum
1831 5491 1956 5544 pas-

393 5561 566 5620 sionis
592 5570 807 5630 tempus
831 5579 1154 5635 progressus
1183 5579 1381 5621 essem.
1412 5565 1565 5620 Tunc
1590 5566 1753 5637 igitur
1776 5567 1956 5621 viden-

392 5665 474 5708 tes
499 5667 584 5708 me
615 5653 671 5706 in
709 5669 871 5709 cruce
901 5672 1247 5726 suspensum,
1290 5676 1308 5707 ι
1367 5658 1862 5722 subsannaverunt,
1896 5666 1952 5713 et

392 5743 557 5801 locuti
587 5750 715 5796 sunt
743 5745 923 5810 labiis,
977 5754 1030 5800 et
1076 5758 1358 5802 moverunt
1409 5756 1591 5815 caput,
1636 5748 1880 5804 dicentes
1931 5765 1944 5798 :

2066 4557 2277 4621 ἐαυτὸν,
2312 4559 2360 4610 εί
2404 4552 2556 4621 οὗτός
2589 4559 2735 4610 ἐστιν
2766 4560 2794 4610 ὁ
2826 4556 3055 4627 Χριστὸς
3085 4557 3113 4608 ό
3145 4556 3272 4619 Υἱὸς
3302 4554 3394 4614 τοῦ
3435 4551 3556 4607 Θεοῦ
3583 4552 3608 4605 ὁ

2066 4651 2338 4714 ἐκλεκτός.
2372 4670 2391 4702 ι
2422 4651 2577 4705 Κατά
2612 4650 2668 4704 δὲ
2694 4652 2783 4703 τὸν
2804 4651 3027 4721 Μάρκον
3047 4668 3060 4680 ·
3096 4669 3113 4698 σ
3144 4651 3254 4703 Καὶ
3284 4652 3334 4701 οἱ
3374 4646 3610 4718 παράγον·

2064 4761 2155 4808 τες
2186 4744 2565 4815 ἐϐλασφήμουν
2598 4745 2781 4804 αὐτὸν,
2817 4743 3089 4808 κινοῦντες
3134 4743 3232 4807 τὰς
3269 4741 3498 4811 κεφαλὰς
3526 4739 3608 4792 αύ-

2065 4836 2192 4899 τῶν,
2220 4836 2313 4889 καὶ
2333 4836 2580 4905 λέγοντες
2598 4852 2610 4864 ·
2641 4836 2776 4889 Οὐαὶ
2799 4838 2828 4889 6
2857 4835 3139 4889 καταλύων
3163 4835 3254 4888 τὸν
3286 4835 3431 4896 ναὸν,
3451 4834 3534 4886 καὶ
3557 4833 3607 4883 ἐν

2066 4930 2241 5000 τρισὶν
2272 4930 2508 5001 ἡμέραις
2558 4927 2857 4999 οἰκοδομῶν
2913 4929 3104 4981 αὐτόν·
3166 4927 3337 4980 σῶσον
3386 4922 3604 4982 σεαυτὸν.

2064 5019 2158 5072 καὶ
2191 5017 2456 5090 κατάϐηθι
2499 5018 2606 5071 ἀπὸ
2653 5017 2747 5070 τοῦ
2808 5018 3060 5090 σταυροῦ.
3105 5036 3124 5067 ι
3166 5017 3395 5089 Ὁμοίως
3426 5015 3511 5069 καὶ
3562 5011 3605 5062 ot

2063 5110 2336 5183 ἀρχιερεῖς
2366 5108 2722 5181 ἐμπαίζοντες
2759 5111 2839 5174 είς
2864 5109 3122 5181 ἀλλήλους
3152 5107 3290 5179 μετά
3316 5108 3424 5161 τῶν
3458 5120 3607 5178 γραμ-

2067 5202 2277 5270 ματέων
2308 5199 2489 5269 ελεγον
2507 5217 2521 5230 ·
2542 5219 2561 5250 ι
2591 5199 2817 5263 Ἀλλους
2848 5200 3071 5264 ἔσωσεν,
3099 5199 3288 5253 ἐαυτὸν
3321 5199 3381 5251 ού
3412 5197 3605 5250 δύναται

2065 5291 2257 5344 σῶσαι·
2292 5292 2321 5343 ὁ
2352 5292 2584 5361 Χριστὸς
2614 5293 2643 5344 6
2670 5290 2920 5362 βασιλεὺς
2959 5290 3053 5344 τοῦ
3100 5289 3309 5360 Ἰσραὴλ
3341 5284 3605 5343 καταϐάτω

2063 5381 2156 5435 νῦν
2200 5383 2307 5436 ἀπὸ
2335 5382 2430 5437 τοῦ
2482 5382 2750 5455 σταυροῦ,
2795 5382 2883 5436 ἴνα
2937 5383 3133 5454 ἴδωμεν
3183 5383 3274 5436 καὶ
3329 5377 3603 5434 πιστεύσω·

2066 5491 2165 5545 μεν
2214 5474 2382 5545 αὐτῷ.
2428 5495 2446 5527 ι
2486 5475 2667 5529 Ταῦτα
2735 5475 2838 5549 γὰρ
2877 5476 2930 5528 τί
2986 5476 3051 5528 ἂν
3112 5473 3356 5545 διαφέροι
3406 5469 3507 5524 τῶν
3553 5467 3602 5518 ἐν

2060 5565 2137 5636 τῷ
2186 5565 2382 5636 ψαλμῶ
2436 5566 3049 5638 προαναπεφιι›νημένων
3099 5569 3155 5620 ἐν
3204 5564 3301 5635 τῷ,
3332 5581 3352 5615 σ
3398 5558 3526 5627 Ἐγὼ
3553 5554 3601 5607 δέ

2057 5656 2170 5724 εἰμι
2229 5654 2460 5723 σκώληξ,
2518 5656 2611 5710 καὶ
2674 5657 2771 5709 οὐκ
2821 5656 3122 5727 ἄνθρωπος,
3170 5653 3365 5715 ὄνειδος
3414 5645 3599 5719 ἀνθρώ-

2057 5763 2171 5800 πων
2231 5748 2324 5802 καὶ
2381 5748 2708 5830 ἑξουδένημα
2765 5749 2912 5803 λαοῦ.
2944 5749 3145 5809 Πάντες
3196 5748 3243 5801 οἱ
3300 5737 3597 5814 θεωροῦντάς
