3830 6260
208 288 301 342 775

1063 282 1379 339 DEMONS'I
1395 282 1718 340 RATIONIS
1746 282 2199 340 EVANGELICIE
2238 282 2365 339 LIB.
2412 284 2476 341 Χ.

3301 288 3398 343 ΤΗ

209 427 266 482 με
285 403 698 477 ἐξεμυκτήρισάν
731 422 819 475 με,
847 404 1110 475 ἐλάλησαν
1136 409 1193 460 ὲν
1215 410 1468 478 χείλεσιν,
1491 407 1720 479 ἐκίνησατ

1850 424 1869 457 ι
1914 404 2162 475 Speravit
2212 405 2268 460 in
2318 404 2569 470 Domino,
2596 404 2789 476 eripiat
2822 420 2968 469 eum,
3001 404 3207 462 salvum
3237 405 3398 462 faciat

204 499 439 569 κεφαλήν·
478 496 739 550 Ἤλπισεν
779 498 870 549 ἐπὶ
901 496 1121 567 Κύριον,
1158 498 1411 568 ρυσασθω
1444 498 1625 562 αὐτὸν,
1663 499 1745 551 ὅτι

204 590 329 643 θέλει
356 586 531 640 αὐτόν.
574 604 593 637 ι
625 586 734 639 Καὶ
771 587 844 655 μὴ
890 586 1173 660 θαυμάσῃς
1219 588 1269 638 εἰ
1310 586 1482 639 ταῦτα
1515 585 1656 639 κατά
1685 587 1746 640 τὸ

204 679 353 741 πάθος
382 677 475 730 τοῦ
506 677 753 747 Σωτῆρος
792 677 949 747 ήμῶν
981 677 1167 748 είρητό
1193 694 1253 730 τε
1280 678 1372 730 καὶ
1401 676 1740 749 πεπλήρωτο,

200 773 339 825 ὁπότε
362 770 521 823 εἰσέτι
542 769 697 838 δεῦρο
713 770 859 842 παρὰ
887 772 1047 823 πᾶσιν
1077 767 1376 839 ἀνθρώποις
1394 773 1503 832 τοῖς
1524 771 1744 841 μηδέπω

198 861 281 932 τὴν
303 862 379 923 είς
414 859 572 912 αὐτὸν
606 858 786 911 πίστιν
833 859 1171 929 άνειληφόσιν
1212 859 1412 922 ὄνειδος
1444 860 1742 932 ἀνθρώπων

197 962 499 1034 νενόμισται.
541 962 607 1015 Τί
641 962 748 1034 γάρ
790 962 852 1016 ἂν
895 962 1102 1033 αἴσχιον
1147 963 1239 1016 καὶ
1282 963 1477 1026 παντὸς
1512 963 1741 1027 ὀνείδους

194 1058 353 1125 χείρον
379 1043 469 1106 τοῦ
502 1053 909 1125 σταυρωθῆναι;
949 1053 1107 1107 Ἀλλὰ
1144 1055 1235 1107 καὶ
1265 1052 1592 1125 ἐξουδένημα
1610 1053 1738 1107 λαοῦ

193 1148 312 1207 ἐστι,
349 1144 440 1197 τοῦ
480 1146 544 1197 ἐκ
594 1145 923 1217 περιτομῆς,
978 1145 1178 1209 παντὸς
1214 1145 1391 1199 αὐτῶν
1423 1145 1515 1198 τοῦ
1556 1145 1738 1209 ἔθνους

192 1238 339 1291 εἰσέτι
360 1236 452 1289 νῦν
491 1238 589 1291 καὶ
621 1240 855 1309 σήμερον
884 1237 1160 1308 χλευάζειν
1192 1239 1284 1291 καὶ
1318 1236 1615 1311 ἐξουθενείν¹
1646 1237 1737 1290 καὶ

191 1328 497 1384 καταπτύειν
514 1328 765 1393 εἰωθότος
784 1329 968 1383 αὐτοῦ.
1002 1329 1158 1383 Ὅθεν
1176 1332 1268 1383 καὶ
1287 1330 1509 1393 εἰκότως
1529 1331 1558 1382 ὁ
1588 1329 1737 1383 Ἀπό-

190 1424 368 1486 στολος·
391 1442 408 1474 ι
430 1422 623 1493 Ἡμεῖς
636 1424 693 1477 δὲ
709 1423 1051 1496 κηρύσσομεν
1066 1425 1293 1496 Χριστὸν
1309 1422 1732 1495 ἐσταυρωμένον,

198 1515 442 1576 Ἰουδαίοις
476 1513 581 1584 μὲν
612 1515 921 1583 σκάνδαλον,
950 1514 1125 1569 ἔθνεσι
1142 1516 1199 1568 δὲ
1232 1515 1460 1587 μωρίαν.
1495 1534 1513 1566 ι
1541 1516 1646 1568 Καὶ
1665 1515 1733 1569 τὰ

187 1607 295 1679 ἑξῆς
324 1606 377 1660 δὲ
399 1609 664 1679 εἰρημένα
694 1611 751 1660 ἐν
781 1606 860 1677 τῷ
884 1605 1081 1676 ψαλμῷ
1109 1605 1271 1658 εἰσέτι
1309 1607 1399 1659 καὶ
1428 1606 1520 1658 νῦν
1556 1605 1734 1678 εὕροις

185 1697 239 1751 ἂν
259 1698 399 1769 παρά
420 1700 530 1761 τοῖς
551 1698 765 1761 πολλοῖς
790 1698 917 1769 περὶ¹
945 1697 1037 1750 τοῦ
1064 1696 1224 1751 αὐτοῦ
1251 1697 1532 1767 λεγόμενα.
1552 1697 1731 1751 Ταῦτα

184 1789 269 1858 μὲν
298 1785 384 1842 οὗν
416 1790 541 1860 περὶ
575 1789 676 1858 τῆς
699 1788 1057 1858 διαλαϐούσης
1089 1788 1248 1840 αὑτὸν
1278 1787 1444 1841 εἰσέτι
1479 1788 1596 1841 τότε
1628 1806 1726 1842 πε-

184 1880 456 1950 ριστάσεως
484 1879 706 1951 ηὔχετο·
728 1881 880 1944 εἰδὼς
901 1883 956 1935 δὲ
992 1881 1065 1952 μὴ
1084 1880 1300 1951 χείρονα
1319 1875 1480 1931 οὖσαν
1505 1879 1605 1948 τῆς
1632 1880 1726 1933 τοῦ

183 1973 382 2030 θανάτου
425 1975 711 2044 συμφοράς
746 1974 844 2044 τὴν
879 1972 1099 2044 πρώτην
1133 1972 1295 2023 αὐτοῦ
1329 1972 1407 2034 είς
1439 1971 1613 2042 σάρκα
1645 1972 1729 2024 ἕν-

179 2067 321 2132 δεσιν,
347 2069 437 2121 καὶ
455 2069 553 2139 τὴν
588 2068 651 2121 ἐκ
679 2066 897 2138 θηλείας
921 2066 1015 2119 καὶ
1045 2064 1310 2136 παρθένου
1334 2064 1562 2133 γένεσιν,
1587 2063 1726 2117 κατά

180 2160 345 2230 καιρὸν
373 2162 429 2213 ἐν
460 2162 578 2223 τοῖς
605 2160 730 2229 περὶ
757 2157 986 2211 θανάτου
1015 2156 1122 2210 τῶν
1152 2157 1250 2227 τῆς
1274 2156 1539 2224 γενέσεως
1564 2154 1724 2211 αὑτοῦ

181 2250 475 2321 μνημονεύει
507 2250 689 2319 λόγων
722 2250 856 2321 πρὸς
890 2249 981 2302 τὸν
1021 2248 1267 2319 Πατέρα’
1312 2266 1330 2298 ι
1373 2248 1492 2300 Ὅτι
1528 2249 1591 2301 σὺ
1620 2244 1671 2300 εἷ
1697 2249 1726 2300 ὁ

178 2345 431 2408 ἐκσπάσας
476 2362 543 2415 με
593 2345 658 2396 ἐκ
688 2343 940 2414 γαστρὸς,
975 2345 1008 2413 ή
1045 2341 1198 2403 ἐλπίς
1234 2357 1334 2410 μου
1373 2340 1478 2392 ἀπὸ
1508 2341 1724 2411 μαστῶν

176 2433 261 2503 τῆς
296 2435 487 2507 μητρός
529 2452 657 2505 μου.
713 2433 835 2487 Ἐπὶ
865 2433 923 2485 σὲ
956 2432 1256 2503 ἐπερρίφην
1301 2432 1365 2483 ἐκ
1404 2430 1632 2501 μήτρας,
1661 2430 1725 2481 ἐκ

177 2539 353 2604 κοιλίας
382 2540 591 2612 μητρός
618 2556 717 2611 μου
751 2538 881 2601 Θεός
914 2554 1014 2609 μου
1049 2533 1098 2589 εί
1130 2534 1213 2588 σύ.
1253 2555 1272 2587 ι
1308 2532 1523 2588 Τούτων
1561 2534 1618 2587 δὲ
1651 2538 1726 2589 εἰ·

138 2686 139 2689 η
176 2633 325 2696 κότως
342 2633 609 2703 ἀναφέρει
640 2630 735 2702 τὴν
768 2632 986 2700 μνήμην
1016 2631 1093 2693 εἰς
1119 2626 1471 2698 παραμυθίαν
1494 2626 1595 2695 τῆς
1618 2624 1722 2678 τῶν

177 2724 428 2792 παρόντων
455 2722 796 2792 ἀπαλλαγῆς.
825 2722 1033 2791 Ὥσπερ
1055 2720 1182 2791 γὰρ,
1207 2720 1357 2789 φησὶ,
1374 2717 1600 2786 γέγονάς
1622 2734 1720 2787 μου

178 2813 362 2885 βοηθὸς,
397 2816 552 2886 σῶμα
606 2813 941 2885 ἀνθρώπειον
982 2811 1359 2874 ἀναλαϐόντος,
1408 2811 1495 2863 ὅτε
1538 2808 1632 2861 καὶ
1665 2806 1724 2872 ἐξ

176 2905 323 2975 αὐτῆς
344 2907 437 2977 τῆς
460 2904 837 2975 κυοφορούσης
870 2921 936 2973 με
970 2902 1205 2974 γαστρὸς
1233 2902 1296 2955 σὺ
1330 2902 1488 2965 αὐτὸς
1525 2901 1554 2953 ὁ
1592 2900 1723 2963 Θεός

179 3013 261 3064 μου
285 2997 372 3050 καὶ
390 2998 577 3068 Πατήρ
614 3013 734 3066 μου,
757 2996 942 3066 ὥσπερ
976 2993 1132 3065 μαιού
1141 3010 1300 3064 μενος
1321 2993 1420 3063 τὴν
1442 2993 1466 3044 ἐ
1474 2991 1563 3062 μοὶ
1593 3007 1721 3044 κατ-

173 3090 548 3161 εσκευασμένην
568 3088 636 3152 ἐξ
660 3087 811 3156 ἀγίου
832 3086 1145 3156 Πνεύματος
1166 3086 1364 3157 σάρκα,
1391 3083 1714 3148 ἐξέσπασας,
1743 3088 1786 3146 C

173 3182 255 3252 τήν
271 3182 451 3236 ἑαυτοῦ
484 3182 717 3251 δύναμιν
746 3179 957 3251 ὀρέξας,
987 3179 1062 3242 ὡς
1091 3177 1157 3231 ἂν
1191 3179 1262 3249 μή
1298 3194 1381 3240 τις
1408 3177 1594 3248 ἐνέδρα
1625 3175 1716 3230 καὶ

162 3273 402 3346 ,ἐπιϐουλὴ
414 3272 473 3339 ἐξ
488 3274 881 3344 ἀντικειμένων
896 3272 1172 3342 δυνάμεων
1184 3270 1277 3323 καὶ
1295 3267 1543 3339 πονηρῶν
1556 3285 1716 3322 πνευ-

174 3365 334 3430 μάτων
361 3364 826 3435 διαφθονουμένων
846 3366 912 3435 τῇ
936 3366 1013 3427 εἰς
1037 3361 1352 3435 ἀνθρώπους
1376 3360 1592 3432 παρόδῳ
1613 3376 1712 3430 μου

171 3452 369 3524 γένοιτοο
400 3458 522 3511 ἐπεὶ
551 3458 653 3512 καὶ
675 3456 816 3510 κατά
843 3457 939 3528 τὴν
971 3453 1191 3527 πρώτην
1219 3452 1476 3522 σύλληψιν
1510 3453 1574 3505 σὺ
1609 3451 1714 3504 πά-

172 3547 239 3602 λιν
261 3550 315 3603 τὸ
338 3550 473 3604 κατὰ
489 3549 732 3620 γαστρὸς
750 3549 1101 3611 ἐπεσκίασας,
1123 3547 1198 3609 ὡς
1220 3545 1284 3600 ἂν
1305 3544 1451 3598 λάθω
1476 3545 1603 3607 τοὺς
1626 3543 1715 3614 ἀρ-

170 3658 337 3711 χοντας
372 3643 464 3697 τοῦ
491 3642 693 3706 αἰῶνος
727 3641 914 3695 τούτου
942 3644 976 3710 ἡ
1007 3640 1066 3705 ἐξ
1093 3639 1249 3707 ἁγίου
1278 3637 1589 3708 Πνεύματος
1614 3636 1714 3707 τῆς

170 3733 307 3801 ἁγίας
340 3734 620 3807 Παρθένου
666 3732 940 3804 σύλληψις.
982 3733 1154 3802 Ὅπερ
1193 3729 1334 3801 μέγα
1367 3730 1658 3801 μυστήριον
1683 3729 1713 3780 ό

173 3824 247 3889 σὸς
281 3826 613 3899 ἀρχάγγελος
655 3826 881 3896 ἐξέφηνε
922 3822 1179 3895 Γαϐριὴλ,
1207 3825 1273 3892 τῇ
1303 3820 1491 3892 Μαρία
1520 3818 1707 3872 εἰπών’

175 3947 191 3978 ι
219 3929 424 4003 Πνεῦμα
466 3932 625 4000 ἅγιον
674 3927 1022 3983 ἐπελεύσεται
1074 3927 1167 3979 ἐπὶ
1216 3926 1295 3988 σέ,
1343 3924 1437 3978 καὶ
1490 3923 1713 3993 δύναμις

179 4020 404 4092 Ὑψίστου
436 4021 749 4077 ἐπισκιάσει
781 4038 881 4074 σοι.
920 4039 940 4071 ι
990 4016 1286 4089 Ὠσπεροῦν
1306 4018 1340 4087 ή
1377 4016 1443 4087 σὴ
1471 4014 1592 4068 τότε
1615 4011 1710 4066 τοῦ

178 4108 405 4180 Ὑψίστου
445 4114 676 4184 δύναμις
719 4109 1216 4182 συλλαμϐανόμενον
1266 4107 1363 4178 μὲν
1399 4104 1709 4169 ἐπεσκίασε,

167 4205 452 4276 τικτόμενον
483 4205 542 4259 δέ
573 4203 876 4272 ἐξέσπασεν
925 4201 1032 4255 ἀπὸ
1074 4199 1307 4270 γαστρὸς
1352 4195 1555 4268 μητρός
1588 4211 1708 4264 μου,

168 4294 288 4350 οὕτω
318 4298 478 4371 πολλή
514 4314 607 4370 μοι
628 4296 884 4368 τυγχάνει
913 4294 1253 4367 παραμυθία,
1277 4294 1357 4345 ὅτι
1379 4292 1472 4344 καί
1496 4288 1589 4343 τοῦ
1618 4289 1713 4342 θα-

167 4387 307 4442 νάτου
355 4409 419 4461 με
468 4391 605 4445 πολὺ
659 4382 856 4460 μᾶλλον
901 4387 1249 4449 ἀνασπάσεις.
1299 4384 1408 4436 Καὶ
1448 4380 1603 4435 τοῦτό
1646 4397 1710 4449 γε

167 4478 393 4547 ἐλπίζων,
422 4484 515 4536 ἐπὶ
542 4483 602 4535 σὲ
623 4480 855 4535 πέποιθα
877 4480 965 4533 τὸν
984 4477 1220 4549 ἐμαυτοῦ
1243 4476 1374 4529 Θεὸν
1394 4476 1487 4528 καὶ
1508 4472 1709 4544 Κύριον
1741 4488 1783 4543 ι)

167 4571 247 4624 καί
271 4574 499 4646 Πατέρα·
541 4575 637 4628 καὶ
681 4572 915 4626 πέποιθα
956 4573 1016 4624 οὐ
1050 4568 1144 4623 νῦν
1174 4568 1387 4640 πρῶτον
1411 4566 1713 4640 ἀρξάμενος

165 4658 248 4729 τῆς
273 4664 345 4726 είς
373 4663 431 4715 σέ
453 4661 691 4725 ἐλπίδος,
723 4660 856 4714 ἀλλὰ
878 4661 971 4714 καὶ
997 4661 1106 4723 ὅτε,
1134 4660 1241 4712 άπὸ
1264 4656 1480 4729 μαστῶν
1509 4656 1711 4729 μητρός

169 4765 253 4817 μου
277 4752 371 4824 τὴν
400 4753 645 4825 νηπιώδη
681 4754 884 4827 τροφὴν
925 4751 1340 4822 ἀναλαμϐάνων,
1388 4748 1710 4819 ἐνομιζὸμην

165 4849 341 4919 ὁμσοίως
366 4860 476 4922 τοῖς
500 4857 610 4911 τῶν
632 4856 929 4929 ἀνθρώπων
958 4855 1207 4927 βρέφεσιν
1239 4853 1432 4924 ἀτελὴς
1458 4849 1594 4905 εἶναι
1617 4852 1710 4905 καὶ

165 4941 352 5013 ωαγοςο
382 4948 455 5020 μὴ
484 4948 562 5002 ὢν
591 4948 697 5021 γὰρ
724 4949 980 5012 τοιοῦτος,
1010 4950 1057 5001 εἰ
1096 4948 1189 5001 καὶ
1218 4946 1377 5016 σῶμά
1412 4962 1500 5016 μοι
1527 4945 1710 5015 ὅμοιον

165 5033 442 5107 ἀνθρώποις
477 5037 569 5112 ἦν,
594 5043 686 5094 καὶ
712 5040 808 5112 τὴν
836 5041 1082 5111 δύναμιν,
1112 5040 1231 5093 οὐδὲ
1260 5038 1356 5109 τὴν
1385 5037 1571 5090 οὐσίαν
1592 5039 1704 5099 τοῖς

165 5126 352 5193 πολλοῖς
378 5130 452 5184 ὢν
483 5124 747 5203 ἐμφερής,
775 5131 960 5195 ἄνετος
983 5132 1038 5184 δέ
1064 5131 1157 5184 καὶ
1183 5130 1463 5191 ἀπόλυτος,
1491 5120 1579 5179 οἷά
1608 5139 1702 5178 σου

164 5218 243 5271 τοῦ
258 5222 383 5275 Θεοῦ
410 5225 602 5294 ἀμνὸς,
648 5225 741 5277 καὶ
790 5223 849 5291 ἐξ
890 5224 1100 5294 ἐκείνης
1132 5223 1229 5292 τῆς
1255 5222 1469 5294 ήλικίας
1508 5219 1704 5280 γαλου-

164 5324 416 5394 κούμενος,
445 5330 591 5398 λέγω
613 5330 676 5399 δὴ
706 5330 812 5384 ἀπὸ
846 5329 1062 5401 μαστῶν
1093 5327 1192 5396 τῆς
1222 5326 1425 5398 μητρός
1448 5342 1570 5396 μου.
1596 5323 1706 5378 Καὶ

163 5418 295 5472 οὔπω
321 5422 473 5476 τοῦτο
508 5424 650 5494 μέγα
679 5440 760 5486 τις
785 5423 1068 5493 ἡγήσεται,
1111 5421 1158 5471 εί
1184 5417 1362 5490 μάθοι,
1395 5419 1474 5472 ὅτι
1505 5417 1599 5470 καὶ
1625 5415 1704 5468 ἔτι

165 5511 401 5585 πρότερον
433 5517 529 5570 ἐπὶ
568 5516 626 5569 σέ
653 5515 951 5588 ἐπερῥίφην
990 5517 1053 5567 ἐκ
1086 5513 1317 5583 μήτρας,
1346 5513 1439 5564 καὶ
1467 5509 1573 5563 ἀπὸ
1601 5526 1702 5578 γα-

167 5605 305 5673 ετρὸς
338 5609 538 5679 μητρός
575 5625 673 5678 μου
702 5607 831 5669 Θεός
864 5624 962 5677 μου
995 5600 1044 5658 εἶ
1074 5603 1159 5656 σύ.
1192 5603 1312 5656 Ἔτι
1339 5601 1446 5673 γὰρ
1470 5601 1615 5655 ἔνδον
1645 5602 1702 5653 ἐν

255 5703 272 5731 ⁸
308 5702 495 5758 Matth.
532 5719 713 5767 urit,
750 5702 940 5757 40-45.
1018 5701 1039 5731 ⁸
1079 5699 1203 5752 Luc.
1246 5712 1414 5763 nm,
1450 5698 1539 5751 35.

1846 512 1968 552 eum
1999 497 2254 566 quoniam
2282 498 2395 551 vult
2422 512 2567 552 eum.
2600 516 2619 549 ι
2654 495 2779 552 Ilaec
2821 497 2983 568 igitur
3024 498 3182 567 plane
3213 499 3399 552 omnia

1845 589 1900 641 in
1933 588 2146 657 psalmo
2191 587 2257 641 de
2304 587 2371 642 iis
2401 602 2521 657 qua:
2550 595 2659 641 tam
2690 590 2849 660 longo
2879 599 3002 659 post
3043 598 3281 658 tempore
3313 588 3397 643 fu-

1843 685 1965 731 tura
1995 686 2170 741 erant,
2206 678 2461 747 praedicta
2493 686 2641 742 sunt,
2692 681 2989 750 eademque
3036 684 3193 735 suum
3235 680 3397 734 linem

1843 776 1972 824 sunt
2004 777 2318 833 consecuta,
2351 784 2460 839 quo
2490 776 2754 839 tempore,
2784 778 2844 825 ut
2875 781 2958 826 est
2984 770 3125 840 apud
3156 768 3396 827 Mattha-

1842 876 1955 925 um,
1981 862 2130 915 cruci
2159 860 2329 914 allixis
2362 876 2486 915 cum
2514 875 2579 916 eo
2612 862 2823 917 duobus
2846 862 3166 927 latronibus,
3196 878 3302 917 uno
3328 859 3394 918 ad

1839 952 2105 1015 dextram,
2134 954 2304 1008 altero
2334 952 2402 1006 ad
2434 951 2734 1015 sinistram,
2759 953 2849 1022 qui
2883 954 3006 1008 illac
3028 954 3390 1023 praeteribant,

1837 1043 1981 1096 mala
2013 1043 2067 1097 in
2104 1043 2256 1096 illum
2278 1044 2642 1114 congerebant
2672 1052 2947 1099 moventes
2980 1046 3157 1115 capita
3189 1059 3308 1108 sua,
3339 1050 3394 1100 et

1838 1133 2081 1189 dicentes
2113 1150 2125 1187 :
2154 1151 2173 1183 ι
2212 1131 2351 1199 Vah,
2380 1134 2473 1203 qui
2498 1134 2734 1190 destruis
2766 1134 3019 1204 templum
3049 1142 3102 1189 et
3127 1134 3179 1188 in
3218 1135 3395 1190 tribus

1837 1222 2030 1278 diebus
2060 1223 2317 1278 aedificas.
2352 1221 2572 1277 Salvum
2601 1222 2687 1277 fac
2718 1223 2948 1292 teipsum
2982 1244 2995 1279 :
3024 1225 3069 1278 si
3105 1221 3271 1279 Filius
3295 1224 3391 1279 Dei

1835 1327 1917 1378 es,
1949 1313 2216 1369 descende
2245 1315 2312 1370 de
2340 1330 2520 1369 cruce.
2551 1314 2810 1369 Similiter
2840 1324 2892 1368 et
2915 1317 3189 1385 principes
3209 1332 3392 1371 sacer-

1835 1404 2024 1459 dotum
2057 1406 2347 1461 illudentes
2377 1421 2500 1461 cum
2544 1407 2850 1462 senioribus
2879 1415 2932 1462 et
2979 1408 3205 1475 Scribis,
3242 1409 3391 1465 dice-

1833 1494 1964 1549 bant
1999 1514 2012 1550 :
2064 1496 2216 1551 Alios
2265 1496 2446 1551 salvos
2494 1495 2639 1563 fecit,
2671 1497 2907 1566 seipsum
2940 1511 3047 1550 non
3080 1502 3257 1567 potest
3286 1499 3392 1552 sal-

1832 1601 1959 1641 vum
1994 1586 2193 1641 facere.
2225 1585 2282 1641 Si
2318 1586 2428 1642 Rex
2465 1585 2629 1641 Israel
2652 1595 2757 1651 est,
2809 1588 3105 1643 descendat
3147 1606 3295 1643 nunc
3322 1589 3390 1645 de

1832 1691 2015 1743 cruce,
2051 1687 2104 1733 et
2141 1680 2429 1733 credemus
2449 1678 2518 1732 ei.
2557 1676 2613 1731 Si
2648 1677 2887 1734 confisus
2917 1689 3001 1734 est
3029 1678 3159 1743 Deo,
3193 1680 3389 1735 liberet

1829 1783 1977 1823 nunc
2029 1785 2175 1835 eum,
2225 1771 2273 1826 si
2307 1770 2421 1824 vult
2470 1785 2616 1824 eum.
2666 1768 2810 1824 Dixit
2855 1772 2998 1825 enim
3038 1791 3051 1826 :
3089 1771 3257 1828 Filius
3292 1772 3388 1829 Dei

1830 1875 1951 1914 sum
1973 1860 2015 1914 ⁸.
2058 1881 2076 1913 ι
2111 1859 2180 1914 Ut
2207 1876 2337 1916 vero
2370 1870 2455 1916 est
2480 1861 2622 1931 apud
2652 1859 2852 1915 Lucam
2889 1882 2902 1917 :
2937 1881 2955 1914 ι
2998 1861 3185 1917 Stabat
3215 1880 3386 1937 pupu-

1826 1952 1914 2007 lus
1941 1960 2216 2022 spectans,
2257 1962 2313 2009 et
2353 1955 2766 2010 subsannabant
2793 1970 2916 2009 eum
2955 1957 3231 2027 principes
3259 1972 3384 2012 cum
3484 2026 3497 2033 ε

1826 2044 1927 2108 eis,
1963 2043 2208 2100 dicentes
2258 2064 2269 2099 :
2317 2046 2469 2101 Alios
2521 2046 2703 2102 salvos
2750 2045 2901 2113 fecit,
2961 2048 3170 2101 salvum
3223 2046 3386 2103 faciat

1827 2135 2089 2204 seipsum,
2123 2136 2169 2190 si
2203 2136 2293 2190 hic
2322 2145 2406 2192 est
2436 2137 2688 2193 Christus
2718 2136 2890 2192 Filius
2921 2136 3017 2193 Dei
3053 2139 3257 2193 electus
3279 2139 3321 2193 ⁵.
3357 2158 3378 2191 ι

1824 2226 1901 2279 At
1924 2228 2224 2281 secundum
2259 2226 2537 2282 Marcum:
2569 2246 2587 2278 ι
2627 2227 3022 2282 Pratereuntcs
3043 2228 3383 2298 blasphema-

1823 2315 1956 2370 bant
1990 2333 2135 2381 eum,
2165 2328 2443 2374 moventes
2472 2319 2650 2391 capita
2686 2337 2805 2383 sua,
2831 2327 2885 2374 et
2914 2319 3156 2375 dicentes
3190 2339 3203 2374 :
3241 2318 3377 2384 Vah,

1824 2409 1916 2478 qui
1946 2409 2185 2465 destruis
2215 2410 2474 2480 templum
2521 2417 2577 2465 et
2627 2411 2682 2464 in
2714 2412 2890 2465 tribus
2918 2410 3111 2466 diebus
3142 2411 3380 2469 aedificas

1822 2498 1977 2554 illud.
2011 2499 2230 2556 Salvum
2274 2500 2358 2556 fac
2392 2502 2647 2572 teipsum,
2688 2509 2741 2557 et
2789 2501 3056 2557 descende
3088 2502 3156 2558 de
3195 2517 3376 2557 cruce.

1826 2586 2090 2643 Similiter
2135 2596 2189 2644 et
2241 2590 2517 2661 principes
2571 2590 2913 2645 sacerdotum
2961 2590 3250 2647 illudentes
3294 2592 3380 2645 in-

1823 2686 1906 2735 ter
1957 2696 2016 2735 se
2057 2697 2180 2735 cum
2233 2681 2462 2745 Scribis,
2495 2680 2749 2736 dicebant
2784 2700 2798 2736 :
2830 2683 2980 2737 Alios
3009 2684 3189 2737 salvos
3228 2682 3377 2746 fecit,

1823 2774 2062 2844 seipsum
2108 2789 2216 2827 non
2263 2779 2440 2842 potest
2486 2773 2694 2828 salvum
2730 2772 2927 2828 facere.
2962 2773 3214 2830 Christus
3264 2772 3379 2831 Rex

1822 2864 1988 2919 Israel
2018 2863 2310 2917 descendat
2333 2878 2477 2916 nunc
2499 2861 2566 2917 de
2588 2877 2771 2927 cruce,
2796 2872 2854 2918 ut
2882 2865 3162 2920 videamus
3184 2874 3237 2920 et
3259 2882 3380 2921 cre-

1823 2956 2015 3011 damus
2044 2957 2091 3009 ei
2122 2956 2164 3009 ’.
2207 2973 2226 3007 ι
2262 2952 2389 3008 Haec
2419 2970 2650 3030 namque
2689 2955 2741 3009 in
2788 2971 2897 3026 quo
2941 2958 3156 3011 tandem
3207 2959 3275 3013 ab
3312 2958 3379 3014 iis

1824 3048 2100 3112 differunt,
2119 3062 2237 3117 quae
2265 3047 2319 3101 in
2338 3047 2546 3117 psalmo
2574 3047 2831 3117 praedicta
2859 3057 2987 3104 sunt
3021 3049 3128 3104 illis
3163 3050 3375 3104 verbis:

1815 3138 1980 3210 5,99
2008 3157 2027 3190 ι
2065 3138 2175 3209 Ego
2201 3146 2380 3192 autem
2423 3154 2544 3194 sum
2576 3140 2775 3194 vermis
2803 3147 2855 3194 et
2885 3155 2994 3195 non
3039 3140 3234 3203 homo,
3282 3156 3381 3211 op-

1814 3230 2094 3300 probrium
2127 3229 2404 3283 hominum
2452 3238 2505 3283 et
2548 3229 2780 3298 abjectio
2817 3230 3020 3300 populi.
3070 3229 3270 3288 Omnes
3299 3235 3379 3288 vi-

1814 3320 2003 3375 dentes
2027 3335 2132 3382 me,
2167 3319 2639 3374 subsannaverunt
2686 3336 2792 3385 me,
2828 3322 2994 3376 locuti
3041 3332 3167 3378 sunt
3200 3325 3376 3391 labiis,

1813 3419 1867 3464 et
1882 3419 2165 3465 moverunt
2190 3419 2351 3480 caput
2374 3426 2388 3461 :
2419 3409 2668 3481 Speravit
2692 3412 2746 3465 in
2764 3411 3009 3477 Domino,
3027 3415 3375 3485 eripiateum,

1813 3502 2019 3557 salvum
2065 3503 2227 3556 faciat
2274 3518 2420 3567 eum,
2450 3504 2707 3573 quoniam
2739 3505 2853 3557 vult
2882 3521 3028 3560 eum.
3066 3525 3086 3559 ι
3123 3507 3240 3561 Noli
3277 3524 3377 3564 au-

1812 3600 1923 3647 tem
1949 3593 2137 3647 mirari
2169 3594 2213 3648 si
2246 3594 2359 3649 haec
2388 3596 2490 3650 sub
2521 3596 2693 3664 ipsam
2725 3594 3023 3651 Salvatoris
3059 3600 3228 3653 nostri
3252 3615 3379 3668 pas-

1812 3683 2020 3738 sionem
2067 3696 2120 3739 et
2165 3683 2307 3737 dicta
2339 3691 2467 3739 sunt
2497 3691 2551 3738 et
2589 3686 2855 3755 completa
2884 3725 2899 3749 ,
2960 3686 3177 3755 quando
3216 3686 3377 3743 hodie

1812 3788 2026 3843 quoque
2057 3774 2198 3843 apud
2228 3790 2416 3831 omnes
2461 3774 2743 3839 homines,
2775 3775 3086 3846 quicunque
3132 3777 3375 3831 nondum

1812 3866 1867 3919 in
1899 3866 2043 3921 illius
2073 3864 2230 3935 fidem
2260 3872 2545 3928 venerunt,
2572 3866 2923 3936 opprobrium
2963 3867 3240 3922 hominum
3273 3868 3372 3921 ha-

1810 3957 1987 4012 betur.
2047 3956 2188 4024 Quid
2228 3957 2372 4012 enim
2405 3957 2619 4027 turpius
2650 3964 2704 4012 et
2748 3956 2896 4012 omni
2944 3958 3144 4027 probro
3173 3958 3371 4023 vilius,

1811 4063 1970 4117 quam
2000 4048 2149 4102 cruci
2173 4063 2293 4103 esse
2321 4047 2579 4102 διηχυωῖ
2611 4048 2705 4104 sed
2748 4063 2928 4103 nonne
2987 4048 3148 4103 etiam
3190 4050 3373 4119 populi

1809 4138 2018 4194 Judaici
2059 4140 2293 4208 abjectio
2334 4141 2456 4196 est?
2496 4140 2696 4210 quippe
2725 4156 2848 4195 cum
2880 4141 3128 4194 universa
3162 4139 3249 4193 illa
3284 4156 3375 4195 na-

1813 4231 1886 4283 tio
1913 4230 2074 4282 etiam
2110 4244 2254 4284 nunc
2290 4238 2344 4286 et
2384 4233 2436 4285 in
2467 4231 2611 4286 hunc
2641 4246 2811 4301 usque
2838 4231 3002 4294 diem,
3042 4238 3095 4285 et
3124 4232 3370 4294 irridere.

1809 4327 1863 4374 et
1892 4320 2180 4390 negligere,
2212 4328 2266 4376 et
2308 4321 2573 4390 despuere
2604 4321 2755 4375 illum
2785 4321 3143 4376 consueverit.
3180 4318 3373 4374 Proin-

1810 4414 1876 4467 de
1902 4412 2192 4481 Apostolus
2226 4414 2452 4468 merito:
2478 4431 2495 4462 ι
2519 4410 2629 4467 Nos
2669 4418 2868 4477 autem,
2892 4413 3087 4483 inquit,
3111 4412 3371 4481 praedica-

1812 4519 1934 4559 mus
1959 4504 2240 4559 Christum
2272 4505 2612 4565 cruciﬁxum,
2641 4503 2842 4560 Judteis
2870 4504 3086 4574 quidem
3136 4504 3370 4558 scanda-

1812 4595 1945 4659 lum,
1975 4597 2225 4665 gentibus
2259 4607 2434 4650 autem
2470 4597 2753 4651 stultitiam
2777 4596 2819 4649 ".
2863 4614 2880 4647 ι
2923 4593 3027 4649 Sed
3058 4608 3159 4648 nec
3189 4595 3369 4650 minus

1810 4702 1873 4742 ea
1905 4702 2025 4759 qua:
2056 4695 2358 4756 sequuntur
2389 4688 2449 4741 in
2472 4688 2699 4756 psalmo,
2735 4685 2891 4741 facile
2920 4687 3076 4740 etiam
3117 4702 3260 4741 nunc
3284 4688 3368 4740 in-

1813 4778 1994 4832 venies
2022 4794 2049 4831 a
2088 4778 2360 4847 plenisque
2379 4777 2446 4831 de
2479 4776 2570 4829 illo
2590 4776 2718 4831 dici.
2753 4775 2874 4830 Haec
2920 4776 3081 4845 igitur
3107 4791 3205 4845 pro
3237 4776 3370 4830 allii-

1809 4871 1990 4925 ctione
2037 4884 2157 4939 qua:
2205 4869 2354 4923 illum
2401 4868 2755 4937 apprehendit
2793 4869 2953 4923 etiam
2991 4876 3119 4921 tunc
3156 4867 3365 4921 orabat.

1809 4960 1942 5016 Cum
1974 4970 2150 5016 autem
2192 4960 2363 5015 nihilo
2391 4962 2635 5015 viliorem
2679 4975 2907 5029 primam
2956 4973 3230 5029 corporea:
3275 4976 3368 5012 ιι·-

1810 5061 1941 5107 tura:
1968 5051 2413 5120 assumptionem,
2455 5059 2743 5120 ortumque
2795 5051 2943 5105 illum
2975 5050 3041 5105 de
3071 5050 3266 5104 femina
3312 5057 3367 5105 et

1809 5143 2035 5214 virgine,
2067 5145 2186 5213 ipsa
2238 5142 2432 5196 mortis
2493 5140 2799 5196 calamitate
2847 5136 3365 5208 eSSe‘intelligeret,

1808 5250 1915 5289 non
1948 5231 2290 5288 incommode
2338 5232 2392 5286 in
2427 5231 2492 5287 iis
2522 5247 2642 5302 quae
2675 5232 2740 5285 ad
2774 5238 2999 5286 mortem
3055 5232 3362 5301 pertinent,

1805 5329 1968 5380 etiam
2007 5339 2071 5380 ea
2090 5339 2211 5395 quae
2235 5323 2302 5377 ad
2325 5332 2501 5377 ortum
2532 5331 2780 5393 spectant
2812 5330 3232 5386 commemorat,
3285 5325 3365 5376 sic

1805 5418 1873 5471 ad
1908 5415 2117 5471 Patrem
2148 5416 2363 5471 dicens:
2407 5434 2425 5466 ι
2460 5414 2723 5480 Quoniam
2754 5422 2811 5468 tu
2844 5428 2904 5469 es
2941 5414 3033 5484 qui
3082 5411 3363 5468 extraxisti

1804 5524 1892 5562 me
1915 5508 1981 5561 de
2011 5514 2197 5561 ventre
2216 5548 2231 5571 ,
2273 5522 2396 5576 spes
2437 5521 2554 5560 mea
2585 5507 2653 5560 ab
2681 5505 2938 5561 uberibus
2969 5506 3156 5559 matris
3182 5519 3313 5558 mea:
3344 5521 3359 5558 :

1806 5602 1866 5653 In
1956 5606 2008 5654 te
2085 5598 2366 5667 projectus
2433 5613 2552 5652 sum
2615 5613 2680 5651 ex
2745 5607 2903 5652 utero
2976 5597 3166 5652 matris
3233 5609 3361 5650 mete

1615 5697 1635 5727 '
1677 5693 1841 5751 Marc.
1884 5712 1982 5761 xv,
2016 5693 2208 5752 ⁵89-ὅῖ.
2294 5690 2313 5721 ⁷
2343 5691 2363 5746 I
2395 5692 2517 5748 Cor.
2570 5713 2607 5758 ι,
2647 5690 2737 5749 2'5.

2810 5813 2868 5829 to.
2885 5812 2929 5837 ,κ
2942 5814 2980 5832 ηηι.
3005 5826 3021 5841 ν
