3830 6260
429 229 539 288 ’175

1110 229 1380 285 EUSEBII
1417 229 1902 286 CESABIENSIS
1934 229 2085 287 OPP.
2129 230 2309 287 PARS
2346 231 2413 288 11.
2454 262 2526 275 -
2556 224 3056 288 APOLOGETICA.

3576 235 3666 289 776

430 353 579 410 Deus
606 369 757 410 meus
791 367 850 407 es
884 360 960 405 tu.
995 368 1013 401 ι
1049 348 1240 405 Merito
1262 359 1443 405 autem
1477 352 1593 407 haec
1639 352 1923 409 meminit.
1956 360 2000 405 ul

2113 350 2189 421 τῷ
2216 352 2425 422 ταμείῳ
2465 351 2564 423 τῆς
2612 350 2982 423 κυοφορούσης
3028 369 3095 423 με
3137 352 3453 424 φερόμενος,
3494 357 3555 410 σέ
3594 359 3672 412 τὸν

434 450 674 520 seipsum
703 444 1043 505 consoletur,
1075 451 1130 496 et
1174 458 1205 497 a
1255 443 1619 514 praesentibus
1655 445 1813 498 malis
1858 459 2014 498 aver-

434 550 535 596 tat.
581 540 684 604 Qui
732 537 900 601 enim,
945 535 1145 606 inquit,
1190 534 1341 591 fuisti
1390 536 1524 590 mihi
1576 537 1834 604 adjutor,
1885 551 2011 589 cum

434 633 732 689 humanum
763 642 962 698 corpus
992 641 1325 682 assumerem
1349 668 1364 691 ,
1403 642 1513 695 quo
1541 635 1784 696 tempore
1812 643 1876 681 ex
1931 627 2012 696 ip-

431 728 547 784 sius
577 721 930 796 parturientis
955 728 1131 783 utero,
1167 736 1274 783 me,
1309 729 1366 773 tu
1422 721 1538 789 ipse
1570 718 1710 774 Deus
1750 735 1905 774 meus
1957 727 2011 773 et

430 817 593 874 Pater
638 829 814 877 meus.
850 822 1107 882 tanquam
1151 812 1463 870 obstetricis
1511 811 1743 882 fungens
1782 810 1966 864 ofﬁcio
1991 849 2007 875 ,

428 926 530 982 pro
559 925 624 965 ea
651 924 771 980 quae
795 908 926 962 mihi
960 907 1026 962 de
1053 905 1263 976 Spiritu
1317 916 1509 961 sancto
1536 914 1851 974 comparata
1894 912 2011 959 erat

428 1018 614 1067 carne,
649 1001 958 1064 extraxisti,
993 1008 1083 1055 tua
1107 1009 1355 1071 porrecta
1394 998 1596 1053 virtute
1623 997 1692 1051 da
1722 998 1851 1050 mihi
1894 996 2006 1066 jam

427 1111 577 1151 nunc
610 1097 865 1157 salutem,
901 1110 968 1147 ne
994 1108 1101 1163 qua
1141 1092 1291 1146 fraus
1344 1099 1438 1144 aut
1489 1092 1612 1144 ullrc
1644 1089 1889 1151 insidiae,
1940 1089 2008 1143 ab

427 1189 679 1244 adversis
729 1186 1091 1257 potestatibus
1139 1183 1498 1254 malignisquc
1548 1182 1874 1252 spiritibus,
1913 1182 2009 1251 qui

424 1281 562 1336 mihi
584 1281 748 1337 etiam
779 1281 835 1334 in
866 1293 1089 1333 accessu
1122 1292 1243 1331 meo
1288 1275 1355 1330 ad
1393 1276 1643 1330 homines
1674 1276 2004 1338 inviderunt,

426 1375 582 1441 fiant,
613 1374 868 1445 quoniam
909 1373 965 1427 in
1017 1371 1192 1442 prima
1228 1371 1355 1425 item
1408 1369 1766 1438 conceptione
1801 1378 1857 1422 tu
1889 1384 2010 1423 rur-

426 1485 524 1526 sus
555 1468 702 1540 quod
729 1468 783 1522 in
807 1474 962 1521 utero
989 1465 1089 1531 fui,
1121 1462 1479 1520 obumbrasti.
1508 1470 1566 1517 ut
1598 1462 1873 1532 principes
1905 1478 2008 1516 sae-

426 1560 536 1616 culi
567 1559 731 1629 hujus
754 1558 871 1630 ipsa
894 1559 961 1614 de
986 1556 1193 1628 Spiritu
1237 1564 1427 1611 sancto
1463 1563 1516 1610 et
1562 1564 1752 1610 sancta
1783 1552 2005 1624 Virgine

426 1649 714 1719 conceptio
752 1648 961 1702 lateret.
1023 1645 1179 1713 Quod
1223 1661 1356 1701 sane
1390 1645 1582 1716 ingens
1640 1645 1956 1716 mysterium
1983 1684 1997 1708 ,

425 1747 555 1795 tuus
589 1738 948 1810 archangelus
979 1735 1199 1792 Gabriel
1240 1736 1423 1791 Mariae
1458 1736 1738 1798 indicavit,
1773 1735 2000 1790 dicens:

429 1845 453 1884 ι
495 1827 732 1900 Spiritus
763 1836 987 1884 sanctus
1016 1826 1363 1897 superveniet
1404 1827 1457 1880 in
1486 1836 1538 1881 te
1561 1866 1576 1890 ,
1611 1834 1666 1881 et
1692 1826 1867 1879 virtus
1916 1827 2007 1878 Al-

425 1922 624 1978 tissimi
649 1921 998 1977 obumbrabit
1035 1920 1132 1974 tibi
1171 1920 1212 1973 ⁸.
1253 1940 1272 1971 ι
1327 1918 1489 1990 500
1537 1917 2005 1985 Quemadmodum

424 2016 594 2086 igitur
623 2024 715 2069 tua
745 2024 908 2079 tunc,
944 2014 1037 2084 qui
1072 2028 1132 2068 es
1164 2013 1480 2067 Altissimus
1510 2052 1523 2073 ,
1589 2011 1759 2066 virtus
1813 2026 1896 2066 me
1952 2011 2005 2064 in

424 2106 784 2179 concipiendo
805 2105 1183 2168 obumbravit,
1217 2105 1272 2159 in
1308 2104 1571 2176 pariendo
1606 2113 1784 2159 autem
1824 2117 2006 2159 extra-

424 2203 504 2257 xit
531 2201 598 2256 de
627 2208 815 2256 ventre
846 2200 1033 2254 matris
1064 2214 1198 2254 mem
1221 2239 1236 2261 ,
1290 2199 1365 2253 ita
1411 2215 1633 2271 quoque
1689 2216 1800 2255 non
1841 2210 2006 2270 parva

424 2295 556 2349 mihi
589 2295 744 2349 adest
775 2292 1100 2356 consolatio,
1131 2292 1276 2363 quod
1312 2294 1484 2349 multo
1514 2293 1688 2365 magis
1735 2294 1802 2348 de
1832 2302 2007 2348 morte

423 2386 500 2441 sis
522 2397 888 2442 extracturus.
940 2384 1117 2456 Atque
1156 2385 1411 2457 equidem
1475 2387 1579 2442 hoc
1629 2402 1857 2457 sperans
1906 2387 2004 2441 tibi

423 2479 665 2536 conlisus
694 2495 835 2546 sum,
868 2478 960 2550 qui
1003 2494 1157 2533 meus
1193 2477 1334 2533 Deus
1360 2485 1411 2534 et
1444 2477 1707 2533 Dominus
1737 2490 1792 2533 et
1846 2478 2006 2533 Pater

422 2589 484 2629 es
515 2588 531 2626 :
562 2582 615 2629 et
645 2573 887 2629 confisus
919 2589 1063 2636 sum,
1111 2588 1222 2628 non
1260 2587 1405 2627 nunc
1446 2572 1679 2643 primum
1708 2573 1761 2627 in
1797 2580 1848 2627 te
1882 2588 2006 2643 spe—

421 2680 547 2721 rare
568 2666 854 2737 incipiens.
887 2665 981 2721 sed
1027 2673 1159 2721 tunc
1213 2680 1429 2735 quoque
1455 2680 1581 2720 cum
1626 2665 1694 2720 ab
1743 2664 2004 2720 uberibus

422 2761 616 2815 matris
665 2775 797 2815 mea}
826 2758 1129 2814 infantilem
1160 2759 1475 2814 alimoniam
1506 2759 1812 2829 accipiens,
1848 2769 2007 2829 puta-

422 2853 523 2906 bar
552 2860 612 2907 ut
643 2854 840 2925 reliqui
876 2853 1157 2907 hominum
1203 2852 1465 2917 infantes,
1500 2850 1852 2923 imperfectus
1882 2865 2006 2908 esse

421 2951 477 2998 et
504 2945 711 3014 absque
749 2960 851 2999 usu
886 2943 1134 2998 rationis.
1172 2942 1289 2996 Non
1322 2944 1467 2998 enim
1497 2957 1645 2998 eram
1676 2943 1830 3006 talis,
1877 2943 2005 2998 licet

2113 441 2245 494 Θεόν
2284 459 2386 511 μου
2415 440 2621 513 ἐώρων,
2654 443 2748 496 ἆτε
2778 443 3079 514 ἀσύγχυτος
3115 445 3209 497 καὶ
3244 442 3512 507 ἀθόλωτος
3538 447 3594 499 ἐν
3614 452 3671 519 τῇ

2112 534 2346 606 τοσαύτῃ
2375 533 2483 586 τῶν
2514 534 2733 606 σαρκῶν
2761 536 3014 607 κοινωνίᾳ
3044 535 3344 606 διαμείνας,
3393 535 3592 605 μᾶλλον
3626 537 3671 592 δέ

2111 626 2400 697 ἀσώματος
2423 629 2516 680 καὶ
2534 629 2657 680 τότε
2678 626 2773 691 ῶν,
2798 630 2892 682 καὶ
2912 629 3127 684 πάντων
3148 629 3431 703 ἐλεύθερος
3450 631 3671 702 δεσμῶνο

2111 718 2283 784 οὕτως
2311 722 2367 776 δὲ
2404 725 2496 777 ἐπὶ
2536 726 2596 779 σὲ
2639 728 2940 800 ἐπερρίφην
2969 729 3032 782 ἐκ
3064 731 3296 802 μήτρας,
3337 729 3431 783 καὶ
3455 729 3563 781 ἀπὸ
3584 745 3671 797 γα-

2113 814 2272 885 στρὸς
2300 817 2504 888 μητρὸς
2532 818 2665 883 Θεός
2699 837 2798 889 μου
2821 816 2983 893 ἦσθα,
3009 822 3084 886 ὡς
3110 820 3396 875 αἰσθέσθαι
3424 821 3527 890 τῆς
3548 819 3674 891 ἐμῆς

2110 904 2389 978 δυνάμεως
2411 908 2490 961 ἔτι
2518 912 2961 983 κυοφορουμένης
2987 913 3123 984 πρὸς
3149 912 3250 983 τῆς
3277 911 3440 980 ἁγίας
3471 910 3671 983 Παρθέ-

2109 1016 2224 1062 νου,
2255 998 2346 1052 τὺν
2377 998 2508 1072 ἐμὸν
2549 1002 2851 1074 πρόδρομον
2904 1003 3177 1074 Ἰωάννην,
3219 1005 3315 1057 καὶ
3345 1003 3512 1057 αὑτὸν
3547 1004 3673 1059 κατά

2109 1092 2343 1165 γαστρὸς
2370 1095 2470 1164 τῆς
2510 1095 2786 1149 Ἐλισάϐεθ
2814 1096 3264 1168 κυοφορούμενον,
3291 1097 3434 1151 ὥστε
3455 1097 3562 1151 ὑπὸ
3589 1097 3673 1167 τῆς

2108 1186 2247 1256 ἐμῆς
2268 1185 2514 1258 θεότητος
2536 1186 2821 1258 κινηθέντα
2852 1190 3138 1261 σκιρτῆσαι
3155 1191 3212 1243 ἐν
3228 1189 3569 1258 ἀγαλλιάσει,
3596 1192 3673 1244 καὶ

2108 1280 2422 1351 Πνεύματος
2461 1280 2615 1350 ἁγίου
2657 1282 2979 1354 πλησθῆναι.
3030 1283 3246 1336 Τούτων
3292 1279 3387 1336 οῦν
3431 1282 3673 1336 ἁπάντων

2107 1373 2392 1445 ἀναφέρων
2418 1373 2516 1446 τὴν
2556 1377 2795 1447 μνήμην,
2836 1378 2928 1430 καί
2950 1377 3038 1431 διά
3070 1368 3268 1439 παντὸς
3295 1375 3389 1428 τὸν
3419 1374 3553 1428 Θεόν
3586 1390 3672 1444 μου

2106 1467 2199 1519 καὶ
2229 1468 2447 1540 Πατέρα
2481 1487 2581 1539 μου
2615 1470 2722 1542 πρὸ
2749 1471 2857 1524 τῶν
2887 1469 3034 1541 ἐμῶν
3066 1468 3358 1540 ὀφθαλμῶν
3387 1467 3670 1538 τιθέμενος,

2104 1557 2327 1625 εἰκότως
2357 1563 2452 1615 καὶ
2489 1565 2632 1618 κατά
2667 1566 2758 1618 τὸν
2794 1563 3063 1617 ἐνεστῶτα
3105 1562 3198 1615 τοῦ
3237 1561 3585 1633 περιέχοντός
3618 1578 3673 1632 με

2107 1656 2311 1719 πάθους
2333 1653 2542 1728 καιρὸν,
2573 1658 2683 1721 ὅτε,
2716 1656 2798 1710 σοὶ
2816 1657 2893 1727 τῷ
2923 1657 3100 1728 Πατρὶ
3116 1656 3402 1726 γενόμενος
3424 1654 3670 1725 ὑπήκοος,

2113 1752 2458 1825 «αὐθαίρετος
2487 1756 2580 1808 καὶ
2608 1748 2749 1807 ἐκὼν
2771 1752 2968 1823 γέγονα
2987 1750 3220 1822 σκώληξ,
3246 1751 3341 1804 καί
3365 1750 3468 1803 οὐκ
3481 1747 3675 1818 ἀνθρω-

2108 1860 2227 1908 πος,
2250 1846 2449 1909 ὄνειδος
2470 1847 2567 1900 ἀνθ
2575 1845 2772 1918 ρώπων
2788 1849 2882 1900 καὶ
2907 1844 3237 1915 ἐξουδένημα
3255 1842 3407 1896 λαοῦ·
3437 1860 3456 1894 ι
3476 1840 3573 1894 καὶ
3595 1839 3674 1892 νῦν

2107 1937 2195 1989 ὅτε
2233 1938 2432 2002 πάντες
2467 1940 2515 1992 οἱ
2555 1938 2886 2011 θεωροῦντές
2924 1955 3022 2010 μου
3043 1937 3103 1990 τὸ
3145 1936 3304 2007 σῶμα
3346 1933 3427 2004 τῷ
3472 1931 3674 2003 σταυῴ

2107 2030 2378 2102 προσηλού
2388 2048 2565 2103 μενον,
2584 2032 2951 2104 ἀποτρόπαιον
2969 2030 3259 2101 ἡγούμενοι
3278 2029 3412 2100 όρᾷν
3433 2028 3671 2096 πρᾶγμα,

2108 2119 2540 2194 ἐξεμυκτήρισάν
2576 2139 2663 2193 με,
2710 2121 2978 2191 τοσαύτην
3007 2121 3129 2174 κατ’
3168 2118 3302 2190 ἐμοῦ
3348 2116 3551 2188 χλεύην
3592 2116 3676 2171 καὶ

2105 2212 2402 2284 διασυρμὸν
2426 2212 2798 2285 καταχέοντες,
2821 2215 2896 2278 ὡς
2914 2214 2988 2285 μὴ
3011 2213 3169 2284 μόνον
3190 2214 3246 2264 ἐν
3260 2211 3471 2282 διανοίᾳ
3489 2209 3675 2279 λογίζε-

2110 2303 2232 2357 σθαι
2255 2303 2352 2359 ικαῒ
2383 2304 2728 2375 ἐνθυμεῖσθαι
2762 2305 2891 2377 περὶ
2932 2302 3066 2375 ἐμοῦ
3106 2303 3176 2357 τὰ
3201 2302 3391 2373 ἀσεϐῆ,
3427 2301 3566 2355 ἀλλὰ
3593 2300 3674 2355 καὶ

2106 2396 2324 2466 ἀιρόϐως
2346 2397 2673 2468 φθέγγεσθαι
2694 2398 2788 2451 καί
2809 2400 2864 2450 ἐν
2887 2395 3104 2468 φανερῷ
3120 2395 3316 2449 λαλεῖν·
3348 2415 3365 2446 ι
3388 2394 3673 2465 Ἐλάλησαν

2106 2487 2237 2557 γοῦν
2263 2489 2319 2540 ἐν
2348 2488 2598 2559 χείλεσιν,
2620 2488 2875 2557 ἐκίνησαν
2895 2485 3154 2557 κεφαλὴν,
3187 2483 3455 2550 λέγοντεςο
3488 2480 3673 2534 Ἥλπι·

2108 2597 2199 2635 cev
2233 2580 2324 2635 Eni.
2351 2580 2574 2653 Κύριον,
2610 2580 2863 2652 ῥυσάσθω
2897 2577 3090 2633 αὐτόν·
3125 2598 3143 2628 ι
3189 2576 3283 2630 καὶ
3315 2574 3409 2628 νῦν
3441 2572 3572 2642 γοῦν
3596 2574 3672 2627 ὅτε

2104 2672 2176 2727 τὰ
2209 2673 2434 2727 τοιαῦτά
2479 2690 2545 2744 με
2591 2672 2938 2744 περιέστηκε,
2980 2671 3040 2724 σὲ
3072 2670 3164 2723 τὸν
3192 2666 3412 2737 Πατέρα
3453 2682 3559 2737 μου
3593 2663 3675 2718 τὸν

2107 2762 2460 2817 ἐκσπάσαντά
2503 2778 2569 2833 με
2602 2763 2667 2815 ἐκ
2688 2760 2921 2831 γαστρὸς
2953 2756 3156 2831 μητρός
3181 2775 3303 2829 μου,
3326 2759 3411 2823 ἐφ’
3439 2756 3497 2809 ὃν
3518 2757 3673 2828 ἐπερο

2109 2854 2273 2926 ρίφην
2298 2856 2362 2908 ἐκ
2394 2855 2625 2926 μήτρας,
2654 2855 2733 2915 είς
2759 2852 2817 2905 ὃν
2842 2851 3047 2923 ήλπισα
3075 2850 3182 2904 ἀπὸ
3206 2849 3445 2921 μαστῶν,
3465 2848 3561 2902 τὸν
3590 2847 3674 2900 καὶ

2106 2942 2215 2996 ἀπὸ
2270 2943 2507 3014 γαστρὸς
2567 2944 2771 3016 μητρός
2829 2958 2928 3014 μου
2963 2938 3360 3013 γνωριζόμενόν
3409 2956 3532 3010 μοι,
3588 2938 3674 2991 καὶ

423 3035 558 3100 mihi
603 3036 815 3090 caeteris
856 3035 1172 3091 horninibus
1229 3035 1407 3091 simile
1445 3042 1593 3090 esset
1623 3050 1847 3105 corpus.
1898 3035 2000 3090 Sed

2106 3037 2505 3107 γινωσκόμενον
2523 3037 2675 3103 Θεὸν,
2704 3036 2931 3089 ἱκετεύω
2950 3035 3045 3088 καῖ⁵
3063 3032 3326 3087 ἀντιϐολῶ
3346 3031 3420 3103 μὴ
3440 3032 3673 3101 ἀποστῆ-

424 3142 603 3196 neque
628 3127 759 3183 item
785 3128 857 3191 vi,
887 3141 1063 3196 neque
1101 3126 1407 3181 substantia
1443 3126 1717 3196 plerisque
1748 3142 1895 3182 eram
1928 3126 2000 3181 si-

2105 3143 2193 3179 ναι
2238 3126 2331 3179 ἀπ’
2371 3124 2527 3196 ἐμοῦ,
2569 3127 2650 3179 ὅτι
2685 3125 2861 3196 θλίψις
2886 3125 3071 3194 ἐγγύς.
3109 3122 3309 3178 Μέλλει
3351 3121 3476 3194 γὰρ,
3524 3120 3672 3191 φησι,

424 3218 592 3283 milis,
625 3233 812 3273 verum
844 3218 1025 3288 potius
1048 3217 1183 3271 liber
1207 3232 1271 3271 ac
1295 3218 1508 3272 solutus
1534 3225 1793 3287 tanquam
1828 3232 2000 3289 agnus

2103 3219 2198 3272 καὶ
2227 3219 2351 3272 ὅσον
2379 3217 2532 3273 οὔπω
2569 3220 2823 3289 πάρεστι,
2865 3218 2959 3271 καὶ
2994 3215 3281 3288 πλησιάζει
3328 3215 3551 3285 συνέχον
3580 3213 3673 3286 ήδη

421 3315 574 3373 tuus,
599 3308 692 3378 qui
725 3307 865 3362 Deus
905 3321 984 3369 es,
1017 3321 1140 3360 cum
1172 3307 1241 3361 ab
1286 3305 1378 3359 illa
1419 3321 1589 3375 usque
1640 3311 1800 3359 aetate
1863 3304 2004 3358 lacte

422 3397 684 3460 nutrircr,
709 3397 834 3451 dico
860 3404 1042 3451 autem
1078 3395 1146 3449 ab
1184 3395 1443 3450 uberibus
1473 3393 1666 3449 matris
1695 3409 1846 3448 mere.
1894 3392 2006 3448 Cte-

422 3495 598 3544 terum
634 3490 739 3544 hoc
764 3489 1003 3544 nondum
1031 3488 1300 3559 quispiam
1335 3502 1590 3557 magnum
1621 3486 1997 3550 arbitrabitur,

422 3583 469 3641 si
500 3583 785 3653 intelliget,
815 3582 1270 3655 quemadmodum
1321 3582 1473 3650 prius
1509 3596 1725 3651 quoque
1764 3598 1784 3630 ‹
1847 3580 1902 3634 ίη
1948 3587 2002 3634 te

420 3675 699 3749 projectus
738 3692 857 3731 sum
887 3692 954 3730 ex
991 3683 1166 3738 utero,
1199 3682 1253 3730 et
1280 3674 1346 3729 de
1392 3682 1581 3728 ventre
1630 3673 1819 3726 matris
1868 3688 2002 3727 meae

421 3768 567 3827 Deus
602 3786 757 3824 meus
788 3785 847 3824 es
879 3779 956 3823 tu.
994 3789 1013 3821 ι
1042 3767 1177 3823 Cum
1209 3769 1354 3823 enim
1388 3766 1566 3821 adhuc
1610 3766 1753 3822 intra
1803 3766 1999 3820 cellam

420 3863 687 3934 gestantis
735 3878 819 3917 me
871 3865 925 3918 in
981 3870 1135 3917 utero
1167 3863 1432 3926 laterem,
1485 3868 1539 3916 te
1589 3867 1772 3914 tamen
1831 3859 1999 3913 Deum

420 3969 603 4008 meum
628 3952 874 4007 videbam
907 3962 1167 4022 tanquam
1204 3953 1251 4007 is
1275 3991 1291 4016 ,
1336 3951 1428 4022 qui
1463 3960 1516 4007 et
1569 3949 1893 4004 inconfusus
1946 3956 2000 4003 et

418 4044 850 4113 imperturbatus
903 4046 957 4097 in
1005 4052 1156 4098 tanta
1209 4041 1702 4097 communicatione
1748 4038 1999 4110 corporei

421 4134 607 4190 oneris
638 4135 1083 4206 permansissem,
1116 4147 1181 4186 ac
1226 4132 1409 4202 potius
1464 4132 1819 4200 incorporeus
1862 4135 1998 4183 tunc

420 4241 638 4296 quoque
665 4225 885 4291 fuerim,
918 4234 972 4281 et
998 4227 1067 4279 ab
1095 4225 1348 4278 omnibus
1373 4223 1606 4277 vinculis
1641 4222 1796 4276 liber.
1823 4219 1995 4274 Porro

420 4327 601 4374 autem
628 4321 708 4373 sic
742 4337 761 4369 ι
797 4319 851 4371 in
883 4325 935 4374 te
970 4317 1245 4388 proiectus
1269 4332 1389 4370 sum
1411 4332 1475 4370 ex
1505 4324 1658 4369 utero
1682 4355 1696 4380 ,
1762 4333 1780 4366 ι
1816 4321 1870 4369 et
1914 4313 1994 4367 sic

2104 3314 2198 3367 καὶ
2236 3312 2578 3383 ἐπικείμενον
2636 3328 2723 3383 μοι
2770 3311 2831 3364 τὸ
2873 3311 3088 3364 πάντων
3117 3308 3346 3378 ἔσχατον
3380 3308 3477 3378 τῆς
3506 3308 3672 3377 ὑπερ-

2103 3404 2402 3475 ϐαλλούσης
2433 3423 2533 3475 μου
2562 3404 2792 3474 θλίψεως
2820 3403 2980 3471 νέφος
3032 3400 3197 3455 Οῦπω
3228 3400 3338 3471 γὰρ
3370 3398 3478 3467 ἐγὼ
3499 3397 3673 3467 θλίψιν

2100 3496 2303 3568 ταύτην
2330 3496 2427 3568 τὴν
2453 3496 2548 3549 νῦν
2577 3495 2932 3567 περιέχουσάν
2968 3511 3035 3565 με
3069 3491 3220 3547 καλῶ
3248 3489 3370 3544 οὔτε
3398 3489 3485 3543 τὸν
3520 3505 3673 3543 σταυ-

2103 3587 2216 3659 ρὸν,
2256 3586 2379 3640 οὔτε
2416 3587 2542 3651 τοὺς
2588 3587 2646 3653 ἐξ
2689 3584 2991 3657 ἀνθρώπων
3031 3584 3386 3653 ὀνειδισμοὺς,
3428 3581 3551 3635 οὕτε
3581 3580 3677 3644 τάξ

2102 3678 2314 3751 χλεύας,
2351 3678 2473 3734 οὔτε
2513 3678 2616 3749 μὴν
2648 3678 2718 3732 τά
2752 3677 2856 3749 πρὸ
2877 3676 2972 3730 τοῦ
3009 3674 3239 3749 σταυροῦ
3275 3674 3669 3747 συμϐεϐηκότα,

2098 3772 2199 3836 τὰς
2253 3772 2543 3843 μάστιγας,
2600 3770 2701 3835 τάς
2756 3770 2959 3841 ὕϐρεις,
3012 3770 3129 3822 καὶ.
3158 3769 3261 3822 ὅσα
3289 3768 3425 3824 ἄλλα
3457 3767 3669 3838 ἐπαροί-

2100 3882 2270 3936 νησαν
2315 3866 2395 3928 εἰς
2443 3865 2542 3935 ἐμὲ
2590 3865 2640 3916 οἱ
2693 3864 2799 3915 υἱοὶ
2848 3862 2956 3916 τῶν
3013 3861 3348 3933 ἀνθρώπων·
3395 3860 3525 3914 ἀλλὰ
3567 3858 3670 3929 γὰρ

2100 3955 2211 4027 ὁρῶ
2239 3957 2337 4027 τὴν
2380 3957 2458 4019 εἰς
2492 3954 2616 4026 ᾅδου
2652 3954 2950 4008 κατάϐασιν
2992 3951 3417 4024 πλησιάζουσαν,
3452 3953 3540 4007 καὶ
3566 3951 3668 4005 τῶν

2099 4045 2486 4117 ἀντικειμένων
2532 4046 2625 4098 καὶ
2668 4044 2878 4117 ἐχθρῶν
2910 4044 2987 4115 τῷ
3010 4044 3130 4115 Θεῷ
3157 4044 3438 4115 δυνάμεων
3475 4043 3670 4097 ἐπανά-

2101 4154 2307 4191 στασιν.
2351 4138 2441 4191 Διό
2480 4154 2640 4209 φημιο
2672 4156 2689 4189 ι
2729 4138 2845 4190 Ὅτι
2875 4136 3051 4205 θλίψις
3076 4137 3264 4205 ἐγγὺς,
3296 4137 3379 4189 ὅτι
3412 4137 3506 4188 οὐκ
3526 4133 3667 4187 ἔστιν

2096 4230 2125 4282 ὁ
2165 4228 2396 4300 βοηθῶν.
2430 4248 2448 4280 ι
2485 4228 2608 4293 Πῶς
2639 4227 2747 4300 γὰρ
2774 4228 2873 4297 οὐχ
2908 4226 3318 4298 ὑπερϐάλλουσα
3345 4224 3414 4299 ἦν
3450 4227 3540 4280 καὶ
3575 4241 3669 4295 με·

2097 4320 2257 4389 γίστη
2288 4317 2464 4388 θλίψις
2492 4316 2629 4387 αῦτη
2661 4316 2863 4386 ἐκείνη,
2891 4316 2949 4367 ἐν
3054 4315 3155 4368 οὐκ
3188 4314 3336 4367 ἐστιν
3371 4317 3400 4366 ὁ
3433 4311 3662 4384 βοηθῶν;

424 4427 448 4465 ι
486 4411 553 4466 de
587 4419 774 4466 ventre
823 4411 1013 4464 matris
1048 4425 1180 4463 mea:
1226 4407 1369 4462 Deus
1426 4422 1580 4461 meus
1628 4421 1688 4461 es
1734 4413 1831 4473 tu,
1871 4425 1889 4457 ι
1935 4412 1994 4459 ιιι

2110 4394 2167 4463 Ὃ
2197 4410 2294 4480 μὲν
2318 4408 2427 4480 γὰρ
2463 4407 2555 4459 ἐπὶ
2580 4405 2822 4477 σωτηρίᾳ
2853 4404 2962 4458 τῶν
2991 4406 3047 4457 ἐν
3084 4404 3211 4476 ᾅδου
3235 4405 3423 4475 ψυχῶν
3449 4402 3662 4474 παρῄει,

417 4516 596 4559 meam
625 4504 876 4557 virtutem
901 4517 1026 4557 cum
1061 4501 1236 4554 adhuc
1265 4499 1318 4552 in
1353 4507 1508 4554 utero
1541 4513 1572 4552 a
1610 4497 1829 4566 Virgine
1864 4512 1993 4551 san-

418 4603 508 4651 cta
543 4603 806 4666 gestarer,
840 4609 992 4648 meus
1025 4607 1241 4662 quoque
1269 4591 1381 4661 jam
1425 4599 1538 4643 tum
1590 4589 1823 4643 senserit
1857 4603 1992 4658 pra:-

417 4701 615 4742 cursor
644 4685 905 4749 Joannes,
930 4685 1023 4755 qui
1054 4685 1215 4738 etiam
1272 4684 1389 4753 ipse
1426 4681 1482 4735 in
1514 4688 1668 4735 utero
1712 4678 1990 4735 Elisabetli

418 4780 752 4851 gestabatur,
787 4793 959 4847 usque
989 4777 1124 4830 adeo
1156 4786 1213 4828 ut
1243 4791 1359 4829 mea
1405 4774 1687 4828 divinitate
1740 4774 1989 4828 concitus

417 4873 777 4929 exsultatione
817 4869 1116 4934 exsilierit,
1173 4876 1227 4921 et
1275 4866 1480 4936 Spiritu
1528 4875 1717 4923 sancto
1751 4868 1990 4936 repletus

418 4966 510 5024 sit.
543 4964 669 5019 Haec
701 4965 865 5034 igitur
904 4969 1102 5016 cuncta
1139 4962 1205 5016 ad
1247 4960 1563 5015 memoriam
1603 4973 1901 5021 revocans,
1936 4967 1990 5013 et

418 5059 567 5119 omni
598 5065 843 5127 tempore
873 5055 1039 5112 Deum
1078 5064 1132 5109 et
1162 5054 1376 5109 Patrem
1427 5069 1605 5108 meum
1635 5063 1762 5108 ante
1802 5055 1989 5109 oculos

418 5152 550 5208 mihi
584 5151 947 5212 constituens,
981 5148 1172 5203 merito
1201 5158 1251 5201 et
1275 5147 1379 5202 sub
1401 5147 1577 5217 ipsum
1612 5149 1823 5201 instans
1842 5163 1981 5200 com-

420 5245 808 5318 prehendentis
844 5261 930 5299 me
960 5242 1236 5313 passionis
1266 5251 1511 5311 tempus,
1543 5257 1668 5296 cum
1712 5241 1807 5295 tibi
1838 5239 1989 5295 Patri

421 5339 597 5395 factus
617 5339 897 5400 obedieus,
918 5344 1109 5407 sponte
1133 5344 1188 5391 et
1205 5336 1391 5395 volens
1414 5334 1639 5391 effectus
1661 5346 1779 5390 sum
1809 5353 1828 5386 ι
1868 5350 1982 5389 ver-

422 5436 547 5496 mis,
575 5440 631 5486 et
655 5447 763 5485 non
794 5432 978 5492 homo,
1018 5429 1368 5500 opprobrium
1414 5428 1720 5491 hominum,
1748 5434 1799 5482 et
1837 5426 1989 5497 abje—

421 5522 534 5576 ctio
560 5524 763 5592 populi,
803 5542 821 5576 ι
854 5534 909 5579 et
944 5538 1088 5577 nunc
1130 5538 1254 5577 cum
1285 5536 1477 5578 omnes
1503 5535 1684 5577 meum
1708 5520 1861 5575 cruci
1906 5516 1989 5574 af-

493 5704 517 5737 ⁸
552 5701 682 5759 Luc.
723 5723 774 5772 l,
812 5706 898 5762 εδ.

2098 4505 2163 4558 ἐκ
2205 4502 2432 4575 μακρῶν
2466 4499 2673 4556 αἰώνων
2699 4500 2798 4570 τὴν
2830 4498 3012 4568 ἄφιξιν
3036 4496 3201 4552 αὑτοῦ
3242 4494 3661 4570 περιμενουσῶν,

2099 4597 2191 4651 καὶ
2212 4597 2402 4668 κατῄει
2426 4612 2491 4665 γε
2518 4594 2687 4667 θύρας
2727 4593 2931 4665 χαλκᾶς
2972 4590 3297 4663 συντρίψων,
3324 4591 3416 4645 καὶ
3442 4588 3664 4662 μοχλοὺς

2099 4689 2349 4762 σιδηροῦς
2400 4687 2730 4749 συνθλάσων,
2782 4686 2874 4739 καὶ
2918 4685 3042 4747 τοὺς
3087 4684 3215 4754 πρὶν
3262 4684 3505 4754 δεσμίους
3538 4679 3661 4750 ᾆδον

2096 4783 2410 4854 ἐλευθέρους
2432 4782 2665 4853 ἁνήσων·
2694 4778 2722 4831 ὃ
2749 4779 2841 4832 καὶ
2870 4777 3107 4845 γέγονεν,
3133 4777 3221 4829 ὅτε
3248 4775 3416 4829 πολλά
3442 4772 3662 4843 σώματα

2095 4862 2204 4929 τῶν
2252 4872 2666 4944 κεκοιμημένων
2730 4869 2898 4937 ἁγίων
2956 4867 3260 4922 ἀναστάντα
3327 4862 3662 4935 συνεισῆλθον

2096 4966 2246 5038 αὐτῷ
2266 4968 2347 5030 είς
2368 4966 2467 5036 τὴν
2503 4963 2715 5034 ἀληθῶς
2741 4961 2903 5030 ἁγίαν
2924 4961 3017 5013 τοῦ
3044 4958 3178 5014 Θεοῦ
3210 4959 3382 5012 πόλιν·
3415 4958 3464 5012 αἱ
3487 4956 3551 5008 δὲ
3573 4955 3662 5010 δυ-

2095 5061 2285 5131 νάμεις
2315 5060 2372 5112 αί
2396 5056 2784 5128 ἀντικείμεναι,
2821 5054 2955 5127 πρὸς
2976 5054 3086 5116 τοῖς
3110 5050 3217 5105 τῶν
3248 5048 3544 5121 ἀνθρώπων
3564 5062 3659 5099 κα-

2097 5157 2213 5218 κοῖς
2235 5149 2693 5224 ἐπεστρατεύοντο
2717 5146 2887 5218 αὐτῷ,
2919 5145 3095 5215 λύπην
3121 5145 3182 5197 οὐ
3211 5141 3410 5214 μικράν
3430 5138 3523 5192 καὶ
3551 5135 3659 5191 ολι-

2096 5247 2188 5316 ψιν
2221 5244 2369 5316 αὐτῷ
2404 5243 2757 5318 παρέχουσαι,
2805 5236 3194 5310 ἀποκλᾳομένῳ
3225 5235 3319 5288 καὶ
3353 5234 3438 5287 ἐπ’
3464 5230 3656 5291 αὐταῖς

2094 5338 2159 5390 δι’
2177 5334 2477 5406 ὑπερϐολήν
2493 5333 2842 5403 ἀγαθότητος,
2885 5329 3042 5382 Ἀλλά
3068 5327 3176 5399 γὰρ
3202 5327 3380 5396 τήρει,
3401 5320 3517 5375 τίνα
3533 5318 3657 5392 τρό-

2097 5444 2197 5482 πον
2221 5426 2392 5482 ταῦτα
2423 5427 2598 5480 πάντα
2621 5424 2883 5486 λέλεκται,
2906 5420 2980 5485 ὡς
3012 5421 3075 5472 ἐκ
3106 5415 3390 5490 προσώπου
3415 5408 3578 5465 αὑτοῦ
3599 5410 3655 5461 ἐν

2099 5518 2281 5590 μήτρᾳ
2313 5515 2760 5588 κυοφορηθέντος,
2805 5512 2898 5565 καί
2932 5508 3039 5562 ἀπὸ
3071 5505 3305 5577 γαστρὸς
3332 5498 3533 5576 μητρὸς
3561 5515 3659 5565 γει
