  <div class='ocr_page' id='page_1' title='image "/cluster/home/n/w/nwhite01/storage/ocr_20150623/22/mdp.39015078384388/406.png"; bbox 0 0 3830 6260; ppageno 0'>
   <div class='ocr_carea' id='block_1_1' title="bbox 222 316 318 372">
    <p class='ocr_par' dir='ltr' id='par_1_1' title="bbox 222 316 318 372">
     <span class='ocr_line' id='line_1_1' title="bbox 222 316 318 372; baseline 0 0"><span class='ocrx_word' id='word_1_1' title='bbox 222 316 318 372; x_wconf 73' lang='grc'><strong>777</strong></span> 
     </span>
    </p>
   </div>
   <div class='ocr_carea' id='block_1_2' title="bbox 1125 323 2539 397">
    <p class='ocr_par' dir='ltr' id='par_1_2' title="bbox 1125 323 2539 397">
     <span class='ocr_line' id='line_1_2' title="bbox 1125 323 2539 397; baseline 0.011 -15"><span class='ocrx_word' id='word_1_2' title='bbox 1125 323 1767 390; x_wconf 67' lang='grc' dir='ltr'><strong>ῡΕΜΟΝΞΤιιΑΤιοΝιε</strong></span> <span class='ocrx_word' id='word_1_3' title='bbox 1810 333 2264 395; x_wconf 67' lang='grc' dir='ltr'><strong>ΕΥΑΝΟΕῌΕᾸΞ</strong></span> <span class='ocrx_word' id='word_1_4' title='bbox 2305 341 2431 396; x_wconf 82' lang='lat' dir='ltr'><strong>LlB.</strong></span> <span class='ocrx_word' id='word_1_5' title='bbox 2474 341 2539 397; x_wconf 75' lang='grc' dir='ltr'><strong>Χ.</strong></span> 
     </span>
    </p>
   </div>
   <div class='ocr_carea' id='block_1_3' title="bbox 3329 351 3436 409">
    <p class='ocr_par' dir='ltr' id='par_1_3' title="bbox 3329 351 3436 409">
     <span class='ocr_line' id='line_1_3' title="bbox 3329 351 3436 409; baseline 0.009 -1"><span class='ocrx_word' id='word_1_6' title='bbox 3329 351 3436 409; x_wconf 81' lang='lat'><strong>778</strong></span> 
     </span>
    </p>
   </div>
   <div class='ocr_carea' id='block_1_4' title="bbox 220 439 1761 539">
    <p class='ocr_par' dir='ltr' id='par_1_4' title="bbox 220 439 1761 519">
     <span class='ocr_line' id='line_1_4' title="bbox 220 439 1761 519; baseline 0.01 -29"><span class='ocrx_word' id='word_1_7' title='bbox 220 440 565 511; x_wconf 84' lang='grc' dir='ltr'>γεννημένου,</span> <span class='ocrx_word' id='word_1_8' title='bbox 594 440 651 493; x_wconf 77' lang='grc' dir='ltr'><strong>δν</strong></span> <span class='ocrx_word' id='word_1_9' title='bbox 684 440 990 514; x_wconf 80' lang='grc' dir='ltr'>ὲφάσκομεν</span> <span class='ocrx_word' id='word_1_10' title='bbox 1017 439 1150 497; x_wconf 78' lang='grc' dir='ltr'>εἶναι</span> <span class='ocrx_word' id='word_1_11' title='bbox 1180 446 1269 499; x_wconf 72' lang='grc' dir='ltr'><strong>τὸν</strong></span> <span class='ocrx_word' id='word_1_12' title='bbox 1297 449 1464 519; x_wconf 86' lang='grc' dir='ltr'>ἀμνὸν</span> <span class='ocrx_word' id='word_1_13' title='bbox 1495 450 1588 503; x_wconf 79' lang='grc' dir='ltr'>τοῦ</span> <span class='ocrx_word' id='word_1_14' title='bbox 1617 451 1761 505; x_wconf 84' lang='grc' dir='ltr'><strong>Θεοῦ.</strong></span> 
     </span>
    </p>
   </div>
   <div class='ocr_carea' id='block_1_5' title="bbox 1861 439 3435 539">
    <p class='ocr_par' dir='ltr' id='par_1_5' title="bbox 1879 455 3435 539">
     <span class='ocr_line' id='line_1_5' title="bbox 1879 455 3435 539; baseline 0.014 -32"><span class='ocrx_word' id='word_1_15' title='bbox 1879 455 2040 510; x_wconf 79' lang='grc' dir='ltr'>Ιίιιιιιιι</span> <span class='ocrx_word' id='word_1_16' title='bbox 2067 471 2266 527; x_wconf 87' lang='lat' dir='ltr'><strong>corpus</strong></span> <span class='ocrx_word' id='word_1_17' title='bbox 2291 459 2542 516; x_wconf 80' lang='lat' dir='ltr'><strong>videntes</strong></span> <span class='ocrx_word' id='word_1_18' title='bbox 2565 501 2581 520; x_wconf 87' lang='lat'><strong><em>.</em></strong></span> <span class='ocrx_word' id='word_1_19' title='bbox 2630 462 2757 519; x_wconf 72' lang='lat' dir='ltr'><strong>dum</strong></span> <span class='ocrx_word' id='word_1_20' title='bbox 2784 467 2903 521; x_wconf 73' lang='lat' dir='ltr'><strong>rem</strong></span> <span class='ocrx_word' id='word_1_21' title='bbox 2955 474 3007 521; x_wconf 88' lang='lat' dir='ltr'><strong>et</strong></span> <span class='ocrx_word' id='word_1_22' title='bbox 3040 467 3344 539; x_wconf 79' lang='lat' dir='ltr'><strong>fugiendam</strong></span> <span class='ocrx_word' id='word_1_23' title='bbox 3380 485 3435 529; x_wconf 86' lang='lat' dir='ltr'><strong>et</strong></span> 
     </span>
    </p>
   </div>
   <div class='ocr_carea' id='block_1_6' title="bbox 220 528 1771 607">
    <p class='ocr_par' dir='ltr' id='par_1_6' title="bbox 220 528 1771 607">
     <span class='ocr_line' id='line_1_6' title="bbox 220 528 1771 607; baseline 0.01 -25"><span class='ocrx_word' id='word_1_24' title='bbox 220 528 400 600; x_wconf 80' lang='grc' dir='ltr'><strong>Τούτῳ</strong></span> <span class='ocrx_word' id='word_1_25' title='bbox 424 528 531 601; x_wconf 79' lang='grc' dir='ltr'>γὰρ</span> <span class='ocrx_word' id='word_1_26' title='bbox 559 532 652 585; x_wconf 78' lang='grc' dir='ltr'>καὶ</span> <span class='ocrx_word' id='word_1_27' title='bbox 684 531 968 603; x_wconf 76' lang='grc' dir='ltr'>συμϐαίνει</span> <span class='ocrx_word' id='word_1_28' title='bbox 996 534 1064 588; x_wconf 80' lang='grc' dir='ltr'>τὰ</span> <span class='ocrx_word' id='word_1_29' title='bbox 1107 538 1232 607; x_wconf 78' lang='grc' dir='ltr'>περὶ</span> <span class='ocrx_word' id='word_1_30' title='bbox 1272 538 1333 590; x_wconf 78' lang='grc' dir='ltr'>τὸ</span> <span class='ocrx_word' id='word_1_31' title='bbox 1362 539 1549 604; x_wconf 83' lang='grc' dir='ltr'><strong>πάθος,</strong></span> <span class='ocrx_word' id='word_1_32' title='bbox 1576 542 1651 606; x_wconf 83' lang='grc' dir='ltr'>ὡς</span> <span class='ocrx_word' id='word_1_33' title='bbox 1679 546 1771 597; x_wconf 77' lang='grc' dir='ltr'><strong>καὶ</strong></span> 
     </span>
    </p>
   </div>
   <div class='ocr_carea' id='block_1_7' title="bbox 216 624 1770 706">
    <p class='ocr_par' dir='ltr' id='par_1_7' title="bbox 216 624 1770 706">
     <span class='ocr_line' id='line_1_7' title="bbox 216 624 1770 706; baseline 0.005 -26"><span class='ocrx_word' id='word_1_34' title='bbox 216 624 280 680; x_wconf 84' lang='grc' dir='ltr'>τὰ</span> <span class='ocrx_word' id='word_1_35' title='bbox 312 627 411 695; x_wconf 88' lang='grc' dir='ltr'>τῆς</span> <span class='ocrx_word' id='word_1_36' title='bbox 438 627 699 698; x_wconf 79' lang='grc' dir='ltr'>ένσάρκου</span> <span class='ocrx_word' id='word_1_37' title='bbox 722 627 985 695; x_wconf 85' lang='grc' dir='ltr'>γενέσεως</span> <span class='ocrx_word' id='word_1_38' title='bbox 1007 629 1229 699; x_wconf 78' lang='grc' dir='ltr'>ἥρμοζε.</span> <span class='ocrx_word' id='word_1_39' title='bbox 1262 631 1333 683; x_wconf 86' lang='grc' dir='ltr'>Τὸ</span> <span class='ocrx_word' id='word_1_40' title='bbox 1360 632 1489 700; x_wconf 76' lang='grc' dir='ltr'>γοῦν</span> <span class='ocrx_word' id='word_1_41' title='bbox 1517 634 1770 706; x_wconf 88' lang='grc' dir='ltr'>γεννηθὲν</span> 
     </span>
    </p>
   </div>
   <div class='ocr_carea' id='block_1_8' title="bbox 216 715 1769 789">
    <p class='ocr_par' dir='ltr' id='par_1_8' title="bbox 216 715 1769 789">
     <span class='ocr_line' id='line_1_8' title="bbox 216 715 1769 789; baseline 0.006 -18"><span class='ocrx_word' id='word_1_42' title='bbox 216 716 305 771; x_wconf 78' lang='grc' dir='ltr'>καὶ</span> <span class='ocrx_word' id='word_1_43' title='bbox 338 715 701 788; x_wconf 77' lang='grc' dir='ltr'>ἀποθνήσκει·</span> <span class='ocrx_word' id='word_1_44' title='bbox 743 717 804 771; x_wconf 81' lang='grc' dir='ltr'><strong>τὸ</strong></span> <span class='ocrx_word' id='word_1_45' title='bbox 844 718 899 771; x_wconf 83' lang='grc' dir='ltr'><strong>δὲ</strong></span> <span class='ocrx_word' id='word_1_46' title='bbox 940 719 1167 789; x_wconf 82' lang='grc' dir='ltr'>θνῆσκον</span> <span class='ocrx_word' id='word_1_47' title='bbox 1204 724 1302 775; x_wconf 89' lang='grc' dir='ltr'><strong>οὐκ</strong></span> <span class='ocrx_word' id='word_1_48' title='bbox 1334 722 1503 788; x_wconf 72' lang='grc' dir='ltr'>ἄλλως</span> <span class='ocrx_word' id='word_1_49' title='bbox 1540 726 1769 781; x_wconf 85' lang='grc' dir='ltr'>θανάτου</span> 
     </span>
    </p>
   </div>
   <div class='ocr_carea' id='block_1_9' title="bbox 213 809 1771 882">
    <p class='ocr_par' dir='ltr' id='par_1_9' title="bbox 213 809 1771 882">
     <span class='ocr_line' id='line_1_9' title="bbox 213 809 1771 882; baseline 0.006 -20"><span class='ocrx_word' id='word_1_50' title='bbox 213 809 463 880; x_wconf 81' lang='grc' dir='ltr'><strong>τυγχάνει</strong></span> <span class='ocrx_word' id='word_1_51' title='bbox 497 809 528 879; x_wconf 80' lang='grc' dir='ltr'>ἢ</span> <span class='ocrx_word' id='word_1_52' title='bbox 560 809 817 882; x_wconf 84' lang='grc' dir='ltr'>πρότερον</span> <span class='ocrx_word' id='word_1_53' title='bbox 843 810 1061 864; x_wconf 78' lang='grc' dir='ltr'>ὀδεῦσαν</span> <span class='ocrx_word' id='word_1_54' title='bbox 1081 812 1169 866; x_wconf 82' lang='grc' dir='ltr'>διὰ</span> <span class='ocrx_word' id='word_1_55' title='bbox 1184 815 1465 882; x_wconf 89' lang='grc' dir='ltr'>γενέσεως.</span> <span class='ocrx_word' id='word_1_56' title='bbox 1499 818 1657 871; x_wconf 76' lang='grc' dir='ltr'>Ταῦτ’</span> <span class='ocrx_word' id='word_1_57' title='bbox 1678 815 1771 873; x_wconf 79' lang='grc' dir='ltr'><strong>οὖν</strong></span> 
     </span>
    </p>
   </div>
   <div class='ocr_carea' id='block_1_10' title="bbox 211 900 1771 983">
    <p class='ocr_par' dir='ltr' id='par_1_10' title="bbox 211 900 1771 983">
     <span class='ocr_line' id='line_1_10' title="bbox 211 900 1771 983; baseline 0.006 -29"><span class='ocrx_word' id='word_1_58' title='bbox 211 900 458 967; x_wconf 78' lang='grc' dir='ltr'><strong>διέξεισιν</strong></span> <span class='ocrx_word' id='word_1_59' title='bbox 486 903 514 954; x_wconf 88' lang='grc' dir='ltr'><strong>ό</strong></span> <span class='ocrx_word' id='word_1_60' title='bbox 543 900 729 973; x_wconf 81' lang='grc' dir='ltr'>Σωτὴρ</span> <span class='ocrx_word' id='word_1_61' title='bbox 755 902 846 955; x_wconf 80' lang='grc' dir='ltr'><strong>καὶ</strong></span> <span class='ocrx_word' id='word_1_62' title='bbox 878 901 1079 973; x_wconf 82' lang='grc' dir='ltr'>Κύριος</span> <span class='ocrx_word' id='word_1_63' title='bbox 1107 904 1280 974; x_wconf 72' lang='grc' dir='ltr'>ἡμῶν,</span> <span class='ocrx_word' id='word_1_64' title='bbox 1310 908 1370 959; x_wconf 83' lang='grc' dir='ltr'><strong>οὐ</strong></span> <span class='ocrx_word' id='word_1_65' title='bbox 1401 908 1520 961; x_wconf 84' lang='grc' dir='ltr'>καθ’</span> <span class='ocrx_word' id='word_1_66' title='bbox 1551 909 1579 961; x_wconf 78' lang='grc' dir='ltr'><strong>ὅ</strong></span> <span class='ocrx_word' id='word_1_67' title='bbox 1604 911 1771 983; x_wconf 81' lang='grc' dir='ltr'>ἄσαρ-</span> 
     </span>
    </p>
   </div>
   <div class='ocr_carea' id='block_1_11' title="bbox 211 993 1768 1067">
    <p class='ocr_par' dir='ltr' id='par_1_11' title="bbox 211 993 1768 1067">
     <span class='ocr_line' id='line_1_11' title="bbox 211 993 1768 1067; baseline 0.004 -19"><span class='ocrx_word' id='word_1_68' title='bbox 211 1011 301 1051; x_wconf 77' lang='grc' dir='ltr'><strong>κος</strong></span> <span class='ocrx_word' id='word_1_69' title='bbox 335 995 431 1048; x_wconf 73' lang='grc' dir='ltr'><strong>καὶ</strong></span> <span class='ocrx_word' id='word_1_70' title='bbox 463 993 747 1065; x_wconf 80' lang='grc' dir='ltr'><strong>ἀσώματος</strong></span> <span class='ocrx_word' id='word_1_71' title='bbox 791 995 1021 1065; x_wconf 79' lang='grc' dir='ltr'>ὑπάρχει</span> <span class='ocrx_word' id='word_1_72' title='bbox 1069 995 1165 1067; x_wconf 77' lang='grc' dir='ltr'><strong>τὴν</strong></span> <span class='ocrx_word' id='word_1_73' title='bbox 1209 996 1386 1064; x_wconf 79' lang='grc' dir='ltr'>φύσιν,</span> <span class='ocrx_word' id='word_1_74' title='bbox 1426 999 1547 1052; x_wconf 81' lang='grc' dir='ltr'>οὐδὲ</span> <span class='ocrx_word' id='word_1_75' title='bbox 1592 1001 1711 1054; x_wconf 79' lang='grc' dir='ltr'>καθ’</span> <span class='ocrx_word' id='word_1_76' title='bbox 1740 1002 1768 1055; x_wconf 85' lang='grc' dir='ltr'><strong>ὃ</strong></span> 
     </span>
    </p>
   </div>
   <div class='ocr_carea' id='block_1_12' title="bbox 208 1084 1767 1154">
    <p class='ocr_par' dir='ltr' id='par_1_12' title="bbox 208 1084 1767 1154">
     <span class='ocr_line' id='line_1_12' title="bbox 208 1084 1767 1154; baseline 0.004 -16"><span class='ocrx_word' id='word_1_77' title='bbox 208 1084 340 1138; x_wconf 72' lang='grc' dir='ltr'>Θεοῦ</span> <span class='ocrx_word' id='word_1_78' title='bbox 371 1085 539 1152; x_wconf 86' lang='grc' dir='ltr'>Λόγος</span> <span class='ocrx_word' id='word_1_79' title='bbox 566 1085 656 1137; x_wconf 77' lang='grc' dir='ltr'>καὶ</span> <span class='ocrx_word' id='word_1_80' title='bbox 683 1084 813 1147; x_wconf 81' lang='grc' dir='ltr'>Θεὸς</span> <span class='ocrx_word' id='word_1_81' title='bbox 840 1085 1150 1147; x_wconf 66' lang='grc' dir='ltr'>ἐπινοεῖται,</span> <span class='ocrx_word' id='word_1_82' title='bbox 1190 1086 1323 1140; x_wconf 86' lang='grc' dir='ltr'><strong>ἀλλά</strong></span> <span class='ocrx_word' id='word_1_83' title='bbox 1363 1088 1482 1141; x_wconf 81' lang='grc' dir='ltr'>καθ’</span> <span class='ocrx_word' id='word_1_84' title='bbox 1507 1090 1535 1143; x_wconf 86' lang='grc' dir='ltr'>ὃ</span> <span class='ocrx_word' id='word_1_85' title='bbox 1566 1085 1675 1154; x_wconf 81' lang='grc' dir='ltr'>οἶός</span> <span class='ocrx_word' id='word_1_86' title='bbox 1706 1109 1767 1145; x_wconf 87' lang='grc' dir='ltr'><strong>τε</strong></span> 
     </span>
    </p>
   </div>
   <div class='ocr_carea' id='block_1_13' title="bbox 206 1171 1769 1248">
    <p class='ocr_par' dir='ltr' id='par_1_13' title="bbox 206 1171 1769 1248">
     <span class='ocr_line' id='line_1_13' title="bbox 206 1171 1769 1248; baseline 0.006 -21"><span class='ocrx_word' id='word_1_87' title='bbox 206 1171 269 1247; x_wconf 80' lang='grc' dir='ltr'>ἦν</span> <span class='ocrx_word' id='word_1_88' title='bbox 311 1175 450 1247; x_wconf 78' lang='grc' dir='ltr'>πρὸς</span> <span class='ocrx_word' id='word_1_89' title='bbox 475 1177 565 1229; x_wconf 81' lang='grc' dir='ltr'><strong>τὸν</strong></span> <span class='ocrx_word' id='word_1_90' title='bbox 602 1176 818 1248; x_wconf 82' lang='grc' dir='ltr'>Πατέρα</span> <span class='ocrx_word' id='word_1_91' title='bbox 844 1178 974 1248; x_wconf 79' lang='grc' dir='ltr'>εὐχῇ</span> <span class='ocrx_word' id='word_1_92' title='bbox 1009 1177 1206 1246; x_wconf 85' lang='grc' dir='ltr'>λέγειν·</span> <span class='ocrx_word' id='word_1_93' title='bbox 1245 1198 1264 1231; x_wconf 76' lang='grc' dir='ltr'><strong>ι</strong></span> <span class='ocrx_word' id='word_1_94' title='bbox 1302 1181 1421 1233; x_wconf 85' lang='grc' dir='ltr'>’Ὁτι</span> <span class='ocrx_word' id='word_1_95' title='bbox 1450 1182 1513 1233; x_wconf 77' lang='grc' dir='ltr'><strong>σὺ</strong></span> <span class='ocrx_word' id='word_1_96' title='bbox 1548 1179 1599 1234; x_wconf 81' lang='grc' dir='ltr'>εἴ</span> <span class='ocrx_word' id='word_1_97' title='bbox 1621 1186 1651 1235; x_wconf 84' lang='grc' dir='ltr'>ὁ</span> <span class='ocrx_word' id='word_1_98' title='bbox 1677 1186 1769 1238; x_wconf 81' lang='grc' dir='ltr'><strong>ὲκ-</strong></span> 
     </span>
    </p>
   </div>
   <div class='ocr_carea' id='block_1_14' title="bbox 208 1269 1767 1347">
    <p class='ocr_par' dir='ltr' id='par_1_14' title="bbox 208 1269 1767 1347">
     <span class='ocr_line' id='line_1_14' title="bbox 208 1269 1767 1347; baseline 0.003 -23"><span class='ocrx_word' id='word_1_99' title='bbox 208 1269 421 1333; x_wconf 85' lang='grc' dir='ltr'>σπάσας</span> <span class='ocrx_word' id='word_1_100' title='bbox 452 1286 519 1340; x_wconf 87' lang='grc' dir='ltr'><strong>με</strong></span> <span class='ocrx_word' id='word_1_101' title='bbox 549 1271 612 1323; x_wconf 82' lang='grc' dir='ltr'>ὲκ</span> <span class='ocrx_word' id='word_1_102' title='bbox 635 1270 885 1340; x_wconf 77' lang='grc' dir='ltr'>γαστρὸς,</span> <span class='ocrx_word' id='word_1_103' title='bbox 918 1272 950 1340; x_wconf 83' lang='grc' dir='ltr'><strong>ἠ</strong></span> <span class='ocrx_word' id='word_1_104' title='bbox 981 1271 1134 1334; x_wconf 85' lang='grc' dir='ltr'>ὲλπίς</span> <span class='ocrx_word' id='word_1_105' title='bbox 1160 1289 1258 1342; x_wconf 87' lang='grc' dir='ltr'><strong>μου</strong></span> <span class='ocrx_word' id='word_1_106' title='bbox 1291 1273 1398 1326; x_wconf 77' lang='grc' dir='ltr'><strong>ἀπὸ</strong></span> <span class='ocrx_word' id='word_1_107' title='bbox 1427 1274 1644 1344; x_wconf 82' lang='grc' dir='ltr'>μαστῶν</span> <span class='ocrx_word' id='word_1_108' title='bbox 1668 1277 1767 1347; x_wconf 80' lang='grc' dir='ltr'>τῆς</span> 
     </span>
    </p>
   </div>
   <div class='ocr_carea' id='block_1_15' title="bbox 206 1363 1767 1436">
    <p class='ocr_par' dir='ltr' id='par_1_15' title="bbox 206 1363 1767 1436">
     <span class='ocr_line' id='line_1_15' title="bbox 206 1363 1767 1436; baseline 0.004 -21"><span class='ocrx_word' id='word_1_109' title='bbox 206 1363 412 1434; x_wconf 83' lang='grc' dir='ltr'>μητρός</span> <span class='ocrx_word' id='word_1_110' title='bbox 440 1380 555 1433; x_wconf 83' lang='grc' dir='ltr'>μου.</span> <span class='ocrx_word' id='word_1_111' title='bbox 603 1363 725 1417; x_wconf 77' lang='grc' dir='ltr'><strong>Ἑπί⁵</strong></span> <span class='ocrx_word' id='word_1_112' title='bbox 756 1364 814 1416; x_wconf 81' lang='grc' dir='ltr'>σὲ</span> <span class='ocrx_word' id='word_1_113' title='bbox 850 1363 1151 1435; x_wconf 73' lang='grc' dir='ltr'>ὲπερῤίφην</span> <span class='ocrx_word' id='word_1_114' title='bbox 1182 1365 1244 1417; x_wconf 82' lang='grc' dir='ltr'>ὲκ</span> <span class='ocrx_word' id='word_1_115' title='bbox 1288 1367 1518 1436; x_wconf 82' lang='grc' dir='ltr'><strong>μήτρας,</strong></span> <span class='ocrx_word' id='word_1_116' title='bbox 1542 1368 1648 1421; x_wconf 85' lang='grc' dir='ltr'><strong>ἀπὸ</strong></span> <span class='ocrx_word' id='word_1_117' title='bbox 1667 1386 1767 1436; x_wconf 89' lang='grc' dir='ltr'>γα·-</span> 
     </span>
    </p>
   </div>
   <div class='ocr_carea' id='block_1_16' title="bbox 205 1451 1762 1531">
    <p class='ocr_par' dir='ltr' id='par_1_16' title="bbox 205 1451 1762 1531">
     <span class='ocr_line' id='line_1_16' title="bbox 205 1451 1762 1531; baseline 0.004 -22"><span class='ocrx_word' id='word_1_118' title='bbox 205 1456 363 1526; x_wconf 75' lang='grc' dir='ltr'>στρὸς</span> <span class='ocrx_word' id='word_1_119' title='bbox 409 1454 612 1525; x_wconf 83' lang='grc' dir='ltr'>μητρός</span> <span class='ocrx_word' id='word_1_120' title='bbox 657 1472 759 1526; x_wconf 89' lang='grc' dir='ltr'><strong>μου</strong></span> <span class='ocrx_word' id='word_1_121' title='bbox 797 1455 928 1520; x_wconf 87' lang='grc' dir='ltr'>Θεός</span> <span class='ocrx_word' id='word_1_122' title='bbox 963 1473 1063 1526; x_wconf 90' lang='grc' dir='ltr'><strong>μου</strong></span> <span class='ocrx_word' id='word_1_123' title='bbox 1099 1452 1148 1509; x_wconf 76' lang='grc' dir='ltr'>εἴ</span> <span class='ocrx_word' id='word_1_124' title='bbox 1186 1457 1269 1510; x_wconf 85' lang='grc' dir='ltr'>σύ.</span> <span class='ocrx_word' id='word_1_125' title='bbox 1301 1478 1318 1507; x_wconf 75' lang='grc' dir='ltr'><strong>ι</strong></span> <span class='ocrx_word' id='word_1_126' title='bbox 1362 1451 1529 1523; x_wconf 76' lang='grc' dir='ltr'>Οὗτος</span> <span class='ocrx_word' id='word_1_127' title='bbox 1556 1460 1619 1531; x_wconf 85' lang='grc' dir='ltr'>δὴ</span> <span class='ocrx_word' id='word_1_128' title='bbox 1650 1457 1762 1526; x_wconf 84' lang='grc' dir='ltr'>οὖν,</span> 
     </span>
    </p>
   </div>
   <div class='ocr_carea' id='block_1_17' title="bbox 200 1544 1764 1623">
    <p class='ocr_par' dir='ltr' id='par_1_17' title="bbox 200 1544 1764 1623">
     <span class='ocr_line' id='line_1_17' title="bbox 200 1544 1764 1623; baseline 0.003 -24"><span class='ocrx_word' id='word_1_129' title='bbox 200 1546 336 1617; x_wconf 79' lang='grc' dir='ltr'>πρὸς</span> <span class='ocrx_word' id='word_1_130' title='bbox 365 1544 446 1615; x_wconf 79' lang='grc' dir='ltr'>τῷ</span> <span class='ocrx_word' id='word_1_131' title='bbox 468 1547 626 1599; x_wconf 81' lang='grc' dir='ltr'>πάθει</span> <span class='ocrx_word' id='word_1_132' title='bbox 655 1546 910 1616; x_wconf 84' lang='grc' dir='ltr'>γεγονὼς,</span> <span class='ocrx_word' id='word_1_133' title='bbox 935 1547 1150 1619; x_wconf 80' lang='grc' dir='ltr'>εὔχεται</span> <span class='ocrx_word' id='word_1_134' title='bbox 1176 1548 1244 1602; x_wconf 77' lang='grc' dir='ltr'>τὰ</span> <span class='ocrx_word' id='word_1_135' title='bbox 1270 1550 1601 1621; x_wconf 79' lang='grc' dir='ltr'>προκείμενα</span> <span class='ocrx_word' id='word_1_136' title='bbox 1631 1554 1764 1623; x_wconf 66' lang='grc' dir='ltr'>προς</span> 
     </span>
    </p>
   </div>
   <div class='ocr_carea' id='block_1_18' title="bbox 199 1639 1765 1718">
    <p class='ocr_par' dir='ltr' id='par_1_18' title="bbox 199 1639 1765 1718">
     <span class='ocr_line' id='line_1_18' title="bbox 199 1639 1765 1718; baseline 0.004 -27"><span class='ocrx_word' id='word_1_137' title='bbox 199 1639 284 1693; x_wconf 85' lang='grc' dir='ltr'>τὸν</span> <span class='ocrx_word' id='word_1_138' title='bbox 305 1640 546 1708; x_wconf 80' lang='grc' dir='ltr'>Πατέρα,</span> <span class='ocrx_word' id='word_1_139' title='bbox 572 1642 664 1693; x_wconf 74' lang='grc' dir='ltr'>καὶ</span> <span class='ocrx_word' id='word_1_140' title='bbox 686 1640 972 1704; x_wconf 75' lang='grc' dir='ltr'>τοσούτων,</span> <span class='ocrx_word' id='word_1_141' title='bbox 1002 1642 1154 1711; x_wconf 77' lang='grc' dir='ltr'>φησὶ,</span> <span class='ocrx_word' id='word_1_142' title='bbox 1178 1642 1477 1712; x_wconf 83' lang='grc' dir='ltr'>μελλόντων</span> <span class='ocrx_word' id='word_1_143' title='bbox 1513 1661 1579 1714; x_wconf 88' lang='grc' dir='ltr'><strong>με</strong></span> <span class='ocrx_word' id='word_1_144' title='bbox 1611 1662 1765 1718; x_wconf 84' lang='grc' dir='ltr'>περι-</span> 
     </span>
    </p>
   </div>
   <div class='ocr_carea' id='block_1_19' title="bbox 200 1732 1764 1808">
    <p class='ocr_par' dir='ltr' id='par_1_19' title="bbox 200 1732 1764 1808">
     <span class='ocr_line' id='line_1_19' title="bbox 200 1732 1764 1808; baseline 0.006 -24"><span class='ocrx_word' id='word_1_145' title='bbox 200 1732 491 1805; x_wconf 81' lang='grc' dir='ltr'>στήσεσθαι</span> <span class='ocrx_word' id='word_1_146' title='bbox 513 1733 894 1805; x_wconf 82' lang='grc' dir='ltr'>ἀντικειμένων</span> <span class='ocrx_word' id='word_1_147' title='bbox 916 1735 1219 1805; x_wconf 75' lang='grc' dir='ltr'>ἐνεργειῶν,</span> <span class='ocrx_word' id='word_1_148' title='bbox 1243 1738 1334 1790; x_wconf 79' lang='grc' dir='ltr'>καὶ</span> <span class='ocrx_word' id='word_1_149' title='bbox 1349 1738 1616 1808; x_wconf 85' lang='grc' dir='ltr'>δαιμόνων</span> <span class='ocrx_word' id='word_1_150' title='bbox 1631 1740 1764 1793; x_wconf 83' lang='grc' dir='ltr'>ἀκα-</span> 
     </span>
    </p>
   </div>
   <div class='ocr_carea' id='block_1_20' title="bbox 198 1822 1762 1896">
    <p class='ocr_par' dir='ltr' id='par_1_20' title="bbox 198 1822 1762 1896">
     <span class='ocr_line' id='line_1_20' title="bbox 198 1822 1762 1896; baseline 0.006 -20"><span class='ocrx_word' id='word_1_151' title='bbox 198 1822 433 1894; x_wconf 81' lang='grc' dir='ltr'>θάρτων,</span> <span class='ocrx_word' id='word_1_152' title='bbox 460 1826 551 1878; x_wconf 81' lang='grc' dir='ltr'>καὶ</span> <span class='ocrx_word' id='word_1_153' title='bbox 573 1825 955 1895; x_wconf 83' lang='grc' dir='ltr'>πνευματικῶν</span> <span class='ocrx_word' id='word_1_154' title='bbox 981 1828 1260 1896; x_wconf 81' lang='grc' dir='ltr'>πονηρίας,</span> <span class='ocrx_word' id='word_1_155' title='bbox 1288 1831 1381 1882; x_wconf 74' lang='grc' dir='ltr'>καὶ</span> <span class='ocrx_word' id='word_1_156' title='bbox 1401 1830 1492 1883; x_wconf 71' lang='grc' dir='ltr'>ἐπὶ</span> <span class='ocrx_word' id='word_1_157' title='bbox 1513 1833 1644 1884; x_wconf 75' lang='grc' dir='ltr'>πᾶσι</span> <span class='ocrx_word' id='word_1_158' title='bbox 1670 1831 1762 1885; x_wconf 85' lang='grc' dir='ltr'>τοῦ</span> 
     </span>
    </p>
   </div>
   <div class='ocr_carea' id='block_1_21' title="bbox 198 1914 1764 1989">
    <p class='ocr_par' dir='ltr' id='par_1_21' title="bbox 198 1914 1764 1989">
     <span class='ocr_line' id='line_1_21' title="bbox 198 1914 1764 1989; baseline 0.004 -20"><span class='ocrx_word' id='word_1_159' title='bbox 198 1914 413 1969; x_wconf 79' lang='grc' dir='ltr'>πάντων</span> <span class='ocrx_word' id='word_1_160' title='bbox 445 1916 733 1987; x_wconf 86' lang='grc' dir='ltr'>χειρίστου,</span> <span class='ocrx_word' id='word_1_161' title='bbox 768 1916 929 1969; x_wconf 78' lang='grc' dir='ltr'>αὐτοῦ</span> <span class='ocrx_word' id='word_1_162' title='bbox 950 1916 1013 1988; x_wconf 83' lang='grc' dir='ltr'>δὴ</span> <span class='ocrx_word' id='word_1_163' title='bbox 1043 1917 1135 1969; x_wconf 82' lang='grc' dir='ltr'>τοῦ</span> <span class='ocrx_word' id='word_1_164' title='bbox 1165 1918 1421 1989; x_wconf 78' lang='grc' dir='ltr'>ἄρχοντος</span> <span class='ocrx_word' id='word_1_165' title='bbox 1450 1921 1543 1974; x_wconf 75' lang='grc' dir='ltr'>τοῦ</span> <span class='ocrx_word' id='word_1_166' title='bbox 1573 1922 1764 1987; x_wconf 81' lang='grc' dir='ltr'>αἰῶνος</span> 
     </span>
    </p>
   </div>
   <div class='ocr_carea' id='block_1_22' title="bbox 193 2007 1764 2085">
    <p class='ocr_par' dir='ltr' id='par_1_22' title="bbox 193 2007 1764 2085">
     <span class='ocr_line' id='line_1_22' title="bbox 193 2007 1764 2085; baseline 0.004 -24"><span class='ocrx_word' id='word_1_167' title='bbox 193 2008 383 2061; x_wconf 86' lang='grc' dir='ltr'>τούτου</span> <span class='ocrx_word' id='word_1_168' title='bbox 408 2007 524 2080; x_wconf 82' lang='grc' dir='ltr'>(οὓς</span> <span class='ocrx_word' id='word_1_169' title='bbox 553 2008 655 2078; x_wconf 82' lang='grc' dir='ltr'><strong>τῆς</strong></span> <span class='ocrx_word' id='word_1_170' title='bbox 689 2009 883 2073; x_wconf 84' lang='grc' dir='ltr'>κακίας</span> <span class='ocrx_word' id='word_1_171' title='bbox 913 2010 1065 2063; x_wconf 72' lang='grc' dir='ltr'>ἒινεκε</span> <span class='ocrx_word' id='word_1_172' title='bbox 1086 2009 1254 2082; x_wconf 84' lang='grc' dir='ltr'>θῆρας</span> <span class='ocrx_word' id='word_1_173' title='bbox 1278 2013 1542 2083; x_wconf 78' lang='grc' dir='ltr'>πονηροὺς</span> <span class='ocrx_word' id='word_1_174' title='bbox 1567 2014 1764 2085; x_wconf 77' lang='grc' dir='ltr'>ὀνομά-</span> 
     </span>
    </p>
   </div>
   <div class='ocr_carea' id='block_1_23' title="bbox 195 2099 1761 2177">
    <p class='ocr_par' dir='ltr' id='par_1_23' title="bbox 195 2099 1761 2177">
     <span class='ocr_line' id='line_1_23' title="bbox 195 2099 1761 2177; baseline 0.004 -25"><span class='ocrx_word' id='word_1_175' title='bbox 195 2099 304 2165; x_wconf 82' lang='grc' dir='ltr'>ζειν</span> <span class='ocrx_word' id='word_1_176' title='bbox 342 2100 513 2166; x_wconf 79' lang='grc' dir='ltr'>ἄξιον,</span> <span class='ocrx_word' id='word_1_177' title='bbox 554 2102 646 2156; x_wconf 77' lang='grc' dir='ltr'><strong>καὶ</strong></span> <span class='ocrx_word' id='word_1_178' title='bbox 675 2102 794 2173; x_wconf 77' lang='grc' dir='ltr'>ἦτοι</span> <span class='ocrx_word' id='word_1_179' title='bbox 823 2101 1054 2172; x_wconf 76' lang='grc' dir='ltr'>ταύρους</span> <span class='ocrx_word' id='word_1_180' title='bbox 1087 2103 1328 2175; x_wconf 79' lang='grc' dir='ltr'>ἀγρίους,</span> <span class='ocrx_word' id='word_1_181' title='bbox 1367 2104 1400 2175; x_wconf 76' lang='grc' dir='ltr'>ἢ</span> <span class='ocrx_word' id='word_1_182' title='bbox 1447 2106 1699 2175; x_wconf 81' lang='grc' dir='ltr'>μόσχους,</span> <span class='ocrx_word' id='word_1_183' title='bbox 1729 2108 1761 2177; x_wconf 82' lang='grc' dir='ltr'>ἢ</span> 
     </span>
    </p>
   </div>
   <div class='ocr_carea' id='block_1_24' title="bbox 192 2190 1763 2266">
    <p class='ocr_par' dir='ltr' id='par_1_24' title="bbox 192 2190 1763 2266">
     <span class='ocr_line' id='line_1_24' title="bbox 192 2190 1763 2266; baseline 0.003 -20"><span class='ocrx_word' id='word_1_184' title='bbox 192 2190 499 2264; x_wconf 83' lang='grc' dir='ltr'>λέοντας,</span> <span class='ocrx_word' id='word_1_185' title='bbox 542 2192 748 2263; x_wconf 83' lang='grc' dir='ltr'>κύνας),</span> <span class='ocrx_word' id='word_1_186' title='bbox 796 2193 1000 2264; x_wconf 83' lang='grc' dir='ltr'>μέλλων</span> <span class='ocrx_word' id='word_1_187' title='bbox 1045 2212 1106 2247; x_wconf 86' lang='grc' dir='ltr'><strong>τε</strong></span> <span class='ocrx_word' id='word_1_188' title='bbox 1155 2195 1289 2266; x_wconf 85' lang='grc' dir='ltr'>πρὸς</span> <span class='ocrx_word' id='word_1_189' title='bbox 1328 2195 1570 2260; x_wconf 67' lang='grc' dir='ltr'>ἅπαντας</span> <span class='ocrx_word' id='word_1_190' title='bbox 1611 2198 1763 2251; x_wconf 66' lang='lat' dir='ltr'><strong>icta-</strong></span> 
     </span>
    </p>
   </div>
   <div class='ocr_carea' id='block_1_25' title="bbox 196 2282 1764 2361">
    <p class='ocr_par' dir='ltr' id='par_1_25' title="bbox 196 2282 1764 2361">
     <span class='ocr_line' id='line_1_25' title="bbox 196 2282 1764 2361; baseline 0.004 -25"><span class='ocrx_word' id='word_1_191' title='bbox 196 2282 337 2345; x_wconf 85' lang='grc' dir='ltr'>σθαι,</span> <span class='ocrx_word' id='word_1_192' title='bbox 395 2284 491 2337; x_wconf 82' lang='grc' dir='ltr'>καὶ</span> <span class='ocrx_word' id='word_1_193' title='bbox 536 2285 698 2355; x_wconf 80' lang='grc' dir='ltr'>μηδὲν</span> <span class='ocrx_word' id='word_1_194' title='bbox 741 2285 941 2354; x_wconf 87' lang='grc' dir='ltr'>ἀγαθὸν</span> <span class='ocrx_word' id='word_1_195' title='bbox 996 2288 1075 2350; x_wconf 88' lang='grc' dir='ltr'><strong>εἰς</strong></span> <span class='ocrx_word' id='word_1_196' title='bbox 1122 2287 1315 2351; x_wconf 80' lang='grc' dir='ltr'>αὐτοὺς</span> <span class='ocrx_word' id='word_1_197' title='bbox 1367 2289 1626 2360; x_wconf 75' lang='grc' dir='ltr'>ἐνεργεῖν,</span> <span class='ocrx_word' id='word_1_198' title='bbox 1686 2289 1764 2361; x_wconf 76' lang='grc' dir='ltr'>τῷ</span> 
     </span>
    </p>
   </div>
   <div class='ocr_carea' id='block_1_26' title="bbox 196 2376 1760 2450">
    <p class='ocr_par' dir='ltr' id='par_1_26' title="bbox 196 2376 1760 2450">
     <span class='ocr_line' id='line_1_26' title="bbox 196 2376 1760 2450; baseline 0.004 -22"><span class='ocrx_word' id='word_1_199' title='bbox 196 2376 365 2446; x_wconf 78' lang='grc' dir='ltr'>μηδὲν</span> <span class='ocrx_word' id='word_1_200' title='bbox 410 2376 808 2447; x_wconf 83' lang='grc' dir='ltr'>παραδέχεσθαι</span> <span class='ocrx_word' id='word_1_201' title='bbox 860 2380 1055 2442; x_wconf 83' lang='grc' dir='ltr'>αὐτοὺς</span> <span class='ocrx_word' id='word_1_202' title='bbox 1104 2378 1210 2432; x_wconf 88' lang='grc' dir='ltr'><strong>τῶν</strong></span> <span class='ocrx_word' id='word_1_203' title='bbox 1254 2379 1400 2450; x_wconf 75' lang='grc' dir='ltr'>ἐμῶν</span> <span class='ocrx_word' id='word_1_204' title='bbox 1443 2380 1659 2449; x_wconf 85' lang='grc' dir='ltr'>ἀγαθῶν</span> <span class='ocrx_word' id='word_1_205' title='bbox 1694 2381 1760 2435; x_wconf 84' lang='grc' dir='ltr'>δι’</span> 
     </span>
    </p>
   </div>
   <div class='ocr_carea' id='block_1_27' title="bbox 192 2463 1759 2542">
    <p class='ocr_par' dir='ltr' id='par_1_27' title="bbox 192 2463 1759 2542">
     <span class='ocr_line' id='line_1_27' title="bbox 192 2463 1759 2542; baseline 0.003 -22"><span class='ocrx_word' id='word_1_206' title='bbox 192 2463 370 2536; x_wconf 69' lang='grc' dir='ltr'>ἄκραν</span> <span class='ocrx_word' id='word_1_207' title='bbox 392 2466 588 2529; x_wconf 84' lang='grc' dir='ltr'>κακίας</span> <span class='ocrx_word' id='word_1_208' title='bbox 613 2464 743 2532; x_wconf 72' lang='grc' dir='ltr'>ἕξιν,</span> <span class='ocrx_word' id='word_1_209' title='bbox 775 2468 908 2521; x_wconf 84' lang='grc' dir='ltr'><strong>ἀλλά</strong></span> <span class='ocrx_word' id='word_1_210' title='bbox 944 2469 1075 2539; x_wconf 80' lang='grc' dir='ltr'>μηδὲ</span> <span class='ocrx_word' id='word_1_211' title='bbox 1113 2468 1304 2540; x_wconf 81' lang='grc' dir='ltr'>βοηθοῦ</span> <span class='ocrx_word' id='word_1_212' title='bbox 1340 2470 1473 2541; x_wconf 86' lang='grc' dir='ltr'>μηδὲ</span> <span class='ocrx_word' id='word_1_213' title='bbox 1499 2472 1759 2542; x_wconf 85' lang='grc' dir='ltr'>συνεργοῦ</span> 
     </span>
    </p>
   </div>
   <div class='ocr_carea' id='block_1_28' title="bbox 189 2558 1804 2636">
    <p class='ocr_par' dir='ltr' id='par_1_28' title="bbox 189 2558 1804 2636">
     <span class='ocr_line' id='line_1_28' title="bbox 189 2558 1804 2636; baseline 0.005 -27"><span class='ocrx_word' id='word_1_214' title='bbox 189 2558 477 2627; x_wconf 82' lang='grc' dir='ltr'>τυγχάνων</span> <span class='ocrx_word' id='word_1_215' title='bbox 503 2558 647 2621; x_wconf 80' lang='grc' dir='ltr'>τινὸς</span> <span class='ocrx_word' id='word_1_216' title='bbox 678 2559 787 2636; x_wconf 82' lang='grc' dir='ltr'><strong>τῶν</strong></span> <span class='ocrx_word' id='word_1_217' title='bbox 814 2562 1243 2632; x_wconf 79' lang='grc' dir='ltr'>προειρημένων,</span> <span class='ocrx_word' id='word_1_218' title='bbox 1275 2565 1353 2626; x_wconf 89' lang='grc' dir='ltr'><strong>εἰς</strong></span> <span class='ocrx_word' id='word_1_219' title='bbox 1380 2563 1471 2616; x_wconf 69' lang='grc' dir='ltr'><strong>τὸν</strong></span> <span class='ocrx_word' id='word_1_220' title='bbox 1489 2565 1627 2636; x_wconf 82' lang='grc' dir='ltr'>ὑπὲρ</span> <span class='ocrx_word' id='word_1_221' title='bbox 1655 2564 1761 2617; x_wconf 88' lang='grc' dir='ltr'><strong>τῶν</strong></span> <span class='ocrx_word' id='word_1_222' title='bbox 1799 2596 1804 2603; x_wconf 92' lang='grc'><strong>-</strong></span> 
     </span>
    </p>
   </div>
   <div class='ocr_carea' id='block_1_29' title="bbox 191 2634 1758 2728">
    <p class='ocr_par' dir='ltr' id='par_1_29' title="bbox 191 2634 1758 2728">
     <span class='ocr_line' id='line_1_29' title="bbox 191 2634 1758 2728; baseline 0.005 -26"><span class='ocrx_word' id='word_1_223' title='bbox 191 2650 246 2702; x_wconf 69' lang='grc' dir='ltr'>ιν</span> <span class='ocrx_word' id='word_1_224' title='bbox 271 2649 408 2720; x_wconf 75' lang='grc' dir='ltr'>ᾅδου</span> <span class='ocrx_word' id='word_1_225' title='bbox 438 2648 628 2719; x_wconf 72' lang='grc' dir='ltr'>,ψυχῶν</span> <span class='ocrx_word' id='word_1_226' title='bbox 674 2634 861 2716; x_wconf 80' lang='grc' dir='ltr'>ἆθλον,</span> <span class='ocrx_word' id='word_1_227' title='bbox 913 2651 1028 2714; x_wconf 83' lang='grc' dir='ltr'><strong>πῶς</strong></span> <span class='ocrx_word' id='word_1_228' title='bbox 1067 2653 1165 2705; x_wconf 89' lang='grc' dir='ltr'><strong>οὐκ</strong></span> <span class='ocrx_word' id='word_1_229' title='bbox 1197 2651 1262 2707; x_wconf 83' lang='grc' dir='ltr'>ἂν</span> <span class='ocrx_word' id='word_1_230' title='bbox 1287 2653 1519 2723; x_wconf 83' lang='grc' dir='ltr'>εὐλόγως</span> <span class='ocrx_word' id='word_1_231' title='bbox 1553 2634 1758 2728; x_wconf 67' lang='grc' dir='ltr'>εἴποιμ’</span> 
     </span>
    </p>
   </div>
   <div class='ocr_carea' id='block_1_30' title="bbox 194 2741 1762 2817">
    <p class='ocr_par' dir='ltr' id='par_1_30' title="bbox 194 2741 1762 2817">
     <span class='ocr_line' id='line_1_30' title="bbox 194 2741 1762 2817; baseline 0.006 -24"><span class='ocrx_word' id='word_1_232' title='bbox 194 2760 213 2793; x_wconf 78' lang='grc' dir='ltr'><strong>ι</strong></span> <span class='ocrx_word' id='word_1_233' title='bbox 251 2743 381 2796; x_wconf 85' lang='grc' dir='ltr'><strong>Ὅτι</strong></span> <span class='ocrx_word' id='word_1_234' title='bbox 410 2741 588 2812; x_wconf 77' lang='grc' dir='ltr'>θλίψις</span> <span class='ocrx_word' id='word_1_235' title='bbox 626 2744 811 2812; x_wconf 77' lang='grc' dir='ltr'>ἐγγὺς,</span> <span class='ocrx_word' id='word_1_236' title='bbox 844 2744 938 2799; x_wconf 81' lang='grc' dir='ltr'>-ὅτι</span> <span class='ocrx_word' id='word_1_237' title='bbox 969 2745 1069 2798; x_wconf 91' lang='grc' dir='ltr'><strong>οὐκ</strong></span> <span class='ocrx_word' id='word_1_238' title='bbox 1114 2744 1258 2798; x_wconf 77' lang='grc' dir='ltr'>ἔστιν</span> <span class='ocrx_word' id='word_1_239' title='bbox 1290 2747 1318 2798; x_wconf 84' lang='grc' dir='ltr'>ὁ</span> <span class='ocrx_word' id='word_1_240' title='bbox 1349 2746 1590 2817; x_wconf 88' lang='grc' dir='ltr'>βοηθῶν;</span> <span class='ocrx_word' id='word_1_241' title='bbox 1623 2768 1642 2801; x_wconf 81' lang='grc' dir='ltr'><strong>ι</strong></span> <span class='ocrx_word' id='word_1_242' title='bbox 1690 2751 1762 2803; x_wconf 87' lang='grc' dir='ltr'><strong>Τὸ</strong></span> 
     </span>
    </p>
   </div>
   <div class='ocr_carea' id='block_1_31' title="bbox 192 2831 1759 2912">
    <p class='ocr_par' dir='ltr' id='par_1_31' title="bbox 192 2831 1759 2912">
     <span class='ocr_line' id='line_1_31' title="bbox 192 2831 1759 2912; baseline 0.004 -25"><span class='ocrx_word' id='word_1_243' title='bbox 192 2835 288 2906; x_wconf 81' lang='grc' dir='ltr'><strong>μὲν</strong></span> <span class='ocrx_word' id='word_1_244' title='bbox 336 2831 438 2889; x_wconf 76' lang='grc' dir='ltr'>οὖν</span> <span class='ocrx_word' id='word_1_245' title='bbox 474 2836 569 2900; x_wconf 75' lang='grc' dir='ltr'>τὰς</span> <span class='ocrx_word' id='word_1_246' title='bbox 602 2837 842 2909; x_wconf 77' lang='grc' dir='ltr'>πονηράς</span> <span class='ocrx_word' id='word_1_247' title='bbox 872 2838 965 2891; x_wconf 73' lang='grc' dir='ltr'>καὶ</span> <span class='ocrx_word' id='word_1_248' title='bbox 993 2837 1365 2908; x_wconf 77' lang='grc' dir='ltr'>ἀντικειμένας</span> <span class='ocrx_word' id='word_1_249' title='bbox 1401 2839 1657 2910; x_wconf 86' lang='grc' dir='ltr'>δυνάμεις</span> <span class='ocrx_word' id='word_1_250' title='bbox 1686 2842 1759 2912; x_wconf 85' lang='grc' dir='ltr'>μὴ</span> 
     </span>
    </p>
   </div>
   <div class='ocr_carea' id='block_1_32' title="bbox 189 2929 1761 3005">
    <p class='ocr_par' dir='ltr' id='par_1_32' title="bbox 189 2929 1761 3005">
     <span class='ocr_line' id='line_1_32' title="bbox 189 2929 1761 3005; baseline 0.004 -25"><span class='ocrx_word' id='word_1_251' title='bbox 189 2931 476 2999; x_wconf 79' lang='grc' dir='ltr'>συνεργεῖν</span> <span class='ocrx_word' id='word_1_252' title='bbox 508 2929 654 3001; x_wconf 83' lang='grc' dir='ltr'>αὐτῷ</span> <span class='ocrx_word' id='word_1_253' title='bbox 677 2930 808 3001; x_wconf 80' lang='grc' dir='ltr'>μηδὲ</span> <span class='ocrx_word' id='word_1_254' title='bbox 837 2929 1047 2999; x_wconf 81' lang='grc' dir='ltr'>βοηθεῖν</span> <span class='ocrx_word' id='word_1_255' title='bbox 1080 2931 1164 2983; x_wconf 82' lang='grc' dir='ltr'><strong>ἐπ’</strong></span> <span class='ocrx_word' id='word_1_256' title='bbox 1185 2930 1384 2999; x_wconf 81' lang='grc' dir='ltr'>ἀγαθὸν</span> <span class='ocrx_word' id='word_1_257' title='bbox 1405 2933 1571 3004; x_wconf 81' lang='grc' dir='ltr'>αὐτῷ,</span> <span class='ocrx_word' id='word_1_258' title='bbox 1610 2934 1761 3005; x_wconf 83' lang='grc' dir='ltr'>νομί-</span> 
     </span>
    </p>
   </div>
   <div class='ocr_carea' id='block_1_33' title="bbox 190 3018 1762 3096">
    <p class='ocr_par' dir='ltr' id='par_1_33' title="bbox 190 3018 1762 3096">
     <span class='ocr_line' id='line_1_33' title="bbox 190 3018 1762 3096; baseline 0.003 -23"><span class='ocrx_word' id='word_1_259' title='bbox 190 3018 382 3092; x_wconf 85' lang='grc' dir='ltr'>ζομεν,</span> <span class='ocrx_word' id='word_1_260' title='bbox 415 3022 497 3075; x_wconf 81' lang='grc' dir='ltr'>ὅτι</span> <span class='ocrx_word' id='word_1_261' title='bbox 528 3022 678 3075; x_wconf 85' lang='grc' dir='ltr'>οὐδὲν</span> <span class='ocrx_word' id='word_1_262' title='bbox 720 3019 788 3092; x_wconf 79' lang='grc' dir='ltr'>ἦν</span> <span class='ocrx_word' id='word_1_263' title='bbox 820 3021 1156 3093; x_wconf 76' lang='grc' dir='ltr'>θαυμαστόν·</span> <span class='ocrx_word' id='word_1_264' title='bbox 1189 3024 1249 3077; x_wconf 72' lang='grc' dir='ltr'><strong>τό</strong></span> <span class='ocrx_word' id='word_1_265' title='bbox 1272 3024 1573 3080; x_wconf 57' lang='lat' dir='ltr'><strong>ﬁsa-ivre»)</strong></span> <span class='ocrx_word' id='word_1_266' title='bbox 1609 3026 1762 3096; x_wconf 81' lang='grc' dir='ltr'>μέγι-</span> 
     </span>
    </p>
   </div>
   <div class='ocr_carea' id='block_1_34' title="bbox 1873 547 3431 629">
    <p class='ocr_par' dir='ltr' id='par_1_34' title="bbox 1873 547 3431 629">
     <span class='ocr_line' id='line_1_34' title="bbox 1873 547 3431 629; baseline 0.013 -29"><span class='ocrx_word' id='word_1_267' title='bbox 1873 547 2172 603; x_wconf 87' lang='lat' dir='ltr'><strong>ominosam</strong></span> <span class='ocrx_word' id='word_1_268' title='bbox 2201 560 2393 619; x_wconf 87' lang='lat' dir='ltr'><strong>putant</strong></span> <span class='ocrx_word' id='word_1_269' title='bbox 2424 568 2483 608; x_wconf 90' lang='lat' dir='ltr'><strong>se</strong></span> <span class='ocrx_word' id='word_1_270' title='bbox 2526 554 2741 619; x_wconf 89' lang='lat' dir='ltr'><strong>videre,</strong></span> <span class='ocrx_word' id='word_1_271' title='bbox 2788 574 2874 613; x_wconf 92' lang='lat' dir='ltr'><strong>me</strong></span> <span class='ocrx_word' id='word_1_272' title='bbox 2924 560 3431 629; x_wconf 86' lang='lat' dir='ltr'><strong>subsannavcrunt,</strong></span> 
     </span>
    </p>
   </div>
   <div class='ocr_carea' id='block_1_35' title="bbox 1873 639 3435 721">
    <p class='ocr_par' dir='ltr' id='par_1_35' title="bbox 1873 639 3435 721">
     <span class='ocr_line' id='line_1_35' title="bbox 1873 639 3435 721; baseline 0.012 -31"><span class='ocrx_word' id='word_1_273' title='bbox 1873 645 2078 692; x_wconf 87' lang='lat' dir='ltr'><strong>tantum</strong></span> <span class='ocrx_word' id='word_1_274' title='bbox 2100 639 2387 696; x_wconf 84' lang='lat' dir='ltr'><strong>adversum</strong></span> <span class='ocrx_word' id='word_1_275' title='bbox 2430 659 2515 699; x_wconf 86' lang='lat' dir='ltr'><strong>me</strong></span> <span class='ocrx_word' id='word_1_276' title='bbox 2557 645 2850 709; x_wconf 89' lang='lat' dir='ltr'><strong>irrisionis,</strong></span> <span class='ocrx_word' id='word_1_277' title='bbox 2889 658 3207 721; x_wconf 88' lang='lat' dir='ltr'><strong>tantmnque</strong></span> <span class='ocrx_word' id='word_1_278' title='bbox 3252 653 3435 709; x_wconf 72' lang='lat' dir='ltr'><strong>detra-</strong></span> 
     </span>
    </p>
   </div>
   <div class='ocr_carea' id='block_1_36' title="bbox 1871 730 3432 816">
    <p class='ocr_par' dir='ltr' id='par_1_36' title="bbox 1871 730 3432 816">
     <span class='ocr_line' id='line_1_36' title="bbox 1871 730 3432 816; baseline 0.013 -34"><span class='ocrx_word' id='word_1_279' title='bbox 1871 730 2382 799; x_wconf 86' lang='lat' dir='ltr'><strong>ctionisjactantes,</strong></span> <span class='ocrx_word' id='word_1_280' title='bbox 2417 744 2475 789; x_wconf 90' lang='lat' dir='ltr'><strong>ut</strong></span> <span class='ocrx_word' id='word_1_281' title='bbox 2513 737 2582 793; x_wconf 88' lang='lat' dir='ltr'><strong>de</strong></span> <span class='ocrx_word' id='word_1_282' title='bbox 2635 753 2721 793; x_wconf 88' lang='lat' dir='ltr'><strong>me</strong></span> <span class='ocrx_word' id='word_1_283' title='bbox 2751 756 2856 796; x_wconf 89' lang='lat' dir='ltr'><strong>non</strong></span> <span class='ocrx_word' id='word_1_284' title='bbox 2912 743 3073 797; x_wconf 92' lang='lat' dir='ltr'><strong>modo</strong></span> <span class='ocrx_word' id='word_1_285' title='bbox 3130 746 3432 816; x_wconf 72' lang='lat' dir='ltr'><strong>cogitantes</strong></span> 
     </span>
    </p>
   </div>
   <div class='ocr_carea' id='block_1_37' title="bbox 1869 825 3429 901">
    <p class='ocr_par' dir='ltr' id='par_1_37' title="bbox 1869 825 3429 901">
     <span class='ocr_line' id='line_1_37' title="bbox 1869 825 3429 901; baseline 0.012 -24"><span class='ocrx_word' id='word_1_286' title='bbox 1869 825 2328 881; x_wconf 86' lang='lat' dir='ltr'><strong>ratiocinarentur</strong></span> <span class='ocrx_word' id='word_1_287' title='bbox 2379 830 2668 900; x_wconf 86' lang='lat' dir='ltr'><strong>animoque</strong></span> <span class='ocrx_word' id='word_1_288' title='bbox 2700 844 2979 889; x_wconf 80' lang='lat' dir='ltr'><strong>versarent</strong></span> <span class='ocrx_word' id='word_1_289' title='bbox 3034 838 3242 891; x_wconf 76' lang='lat' dir='ltr'><strong>nefaria</strong></span> <span class='ocrx_word' id='word_1_290' title='bbox 3272 879 3287 901; x_wconf 83' lang='lat'><strong>.</strong></span> <span class='ocrx_word' id='word_1_291' title='bbox 3334 841 3429 895; x_wconf 88' lang='lat' dir='ltr'><strong>sed</strong></span> 
     </span>
    </p>
   </div>
   <div class='ocr_carea' id='block_1_38' title="bbox 1871 911 3428 994">
    <p class='ocr_par' dir='ltr' id='par_1_38' title="bbox 1871 911 3428 994">
     <span class='ocr_line' id='line_1_38' title="bbox 1871 911 3428 994; baseline 0.012 -29"><span class='ocrx_word' id='word_1_292' title='bbox 1871 911 2136 984; x_wconf 79' lang='lat' dir='ltr'><strong>intrepide</strong></span> <span class='ocrx_word' id='word_1_293' title='bbox 2153 931 2368 987; x_wconf 85' lang='lat' dir='ltr'><strong>quoque</strong></span> <span class='ocrx_word' id='word_1_294' title='bbox 2395 918 2747 989; x_wconf 88' lang='lat' dir='ltr'><strong>loquerentur</strong></span> <span class='ocrx_word' id='word_1_295' title='bbox 2767 929 2821 977; x_wconf 81' lang='lat' dir='ltr'><strong>et</strong></span> <span class='ocrx_word' id='word_1_296' title='bbox 2844 923 3018 993; x_wconf 84' lang='lat' dir='ltr'><strong>palam</strong></span> <span class='ocrx_word' id='word_1_297' title='bbox 3059 928 3428 994; x_wconf 81' lang='lat' dir='ltr'><strong>enuntiarent,</strong></span> 
     </span>
    </p>
   </div>
   <div class='ocr_carea' id='block_1_39' title="bbox 1873 1004 3428 1085">
    <p class='ocr_par' dir='ltr' id='par_1_39' title="bbox 1873 1004 3428 1085">
     <span class='ocr_line' id='line_1_39' title="bbox 1873 1004 3428 1085; baseline 0.014 -32"><span class='ocrx_word' id='word_1_298' title='bbox 1873 1020 1892 1053; x_wconf 81' lang='grc' dir='ltr'><strong>ι</strong></span> <span class='ocrx_word' id='word_1_299' title='bbox 1913 1004 2175 1073; x_wconf 83' lang='lat' dir='ltr'><strong>siquidem</strong></span> <span class='ocrx_word' id='word_1_300' title='bbox 2199 1008 2359 1061; x_wconf 92' lang='lat' dir='ltr'><strong>locuti</strong></span> <span class='ocrx_word' id='word_1_301' title='bbox 2377 1018 2501 1063; x_wconf 87' lang='lat' dir='ltr'><strong>sunt</strong></span> <span class='ocrx_word' id='word_1_302' title='bbox 2516 1011 2672 1066; x_wconf 88' lang='lat' dir='ltr'><strong>labiis</strong></span> <span class='ocrx_word' id='word_1_303' title='bbox 2685 1021 2738 1066; x_wconf 91' lang='lat' dir='ltr'><strong>et</strong></span> <span class='ocrx_word' id='word_1_304' title='bbox 2751 1022 3032 1069; x_wconf 87' lang='lat' dir='ltr'><strong>moverunt</strong></span> <span class='ocrx_word' id='word_1_305' title='bbox 3046 1026 3226 1085; x_wconf 86' lang='lat' dir='ltr'><strong>caput,</strong></span> <span class='ocrx_word' id='word_1_306' title='bbox 3245 1019 3428 1075; x_wconf 80' lang='lat' dir='ltr'><strong>dicen-</strong></span> 
     </span>
    </p>
   </div>
   <div class='ocr_carea' id='block_1_40' title="bbox 1868 1096 3429 1176">
    <p class='ocr_par' dir='ltr' id='par_1_40' title="bbox 1868 1096 3429 1176">
     <span class='ocr_line' id='line_1_40' title="bbox 1868 1096 3429 1176; baseline 0.012 -27"><span class='ocrx_word' id='word_1_307' title='bbox 1868 1102 1982 1150; x_wconf 83' lang='lat' dir='ltr'><strong>tes:</strong></span> <span class='ocrx_word' id='word_1_308' title='bbox 2010 1096 2164 1167; x_wconf 78' lang='lat'><strong>501</strong></span> <span class='ocrx_word' id='word_1_309' title='bbox 2190 1097 2432 1168; x_wconf 81' lang='lat' dir='ltr'><strong>Speravit</strong></span> <span class='ocrx_word' id='word_1_310' title='bbox 2450 1100 2762 1164; x_wconf 84' lang='lat' dir='ltr'><strong>inDomino,</strong></span> <span class='ocrx_word' id='word_1_311' title='bbox 2781 1104 2975 1176; x_wconf 81' lang='lat' dir='ltr'><strong>eripiat</strong></span> <span class='ocrx_word' id='word_1_312' title='bbox 2991 1121 3168 1169; x_wconf 70' lang='lat' dir='ltr'><strong>eum,»</strong></span> <span class='ocrx_word' id='word_1_313' title='bbox 3204 1117 3258 1163; x_wconf 93' lang='lat' dir='ltr'><strong>et</strong></span> <span class='ocrx_word' id='word_1_314' title='bbox 3286 1126 3429 1167; x_wconf 90' lang='lat' dir='ltr'><strong>nunc</strong></span> 
     </span>
    </p>
   </div>
   <div class='ocr_carea' id='block_1_41' title="bbox 1867 1186 3425 1263">
    <p class='ocr_par' dir='ltr' id='par_1_41' title="bbox 1867 1186 3425 1263">
     <span class='ocr_line' id='line_1_41' title="bbox 1867 1186 3425 1263; baseline 0.008 -23"><span class='ocrx_word' id='word_1_315' title='bbox 1867 1186 2052 1256; x_wconf 77' lang='lat' dir='ltr'><strong>igitur,</strong></span> <span class='ocrx_word' id='word_1_316' title='bbox 2084 1200 2141 1242; x_wconf 87' lang='lat' dir='ltr'><strong>ut</strong></span> <span class='ocrx_word' id='word_1_317' title='bbox 2173 1189 2439 1255; x_wconf 89' lang='lat' dir='ltr'><strong>dicebam,</strong></span> <span class='ocrx_word' id='word_1_318' title='bbox 2474 1207 2596 1246; x_wconf 87' lang='lat' dir='ltr'><strong>cum</strong></span> <span class='ocrx_word' id='word_1_319' title='bbox 2629 1194 2753 1248; x_wconf 88' lang='lat' dir='ltr'><strong>talia</strong></span> <span class='ocrx_word' id='word_1_320' title='bbox 2796 1210 2883 1250; x_wconf 92' lang='lat' dir='ltr'><strong>me</strong></span> <span class='ocrx_word' id='word_1_321' title='bbox 2925 1197 3425 1263; x_wconf 84' lang='lat' dir='ltr'><strong>ciremnsteterunt,</strong></span> 
     </span>
    </p>
   </div>
   <div class='ocr_carea' id='block_1_42' title="bbox 1867 1274 3429 1350">
    <p class='ocr_par' dir='ltr' id='par_1_42' title="bbox 1867 1274 3429 1350">
     <span class='ocr_line' id='line_1_42' title="bbox 1867 1274 3429 1350; baseline 0.01 -21"><span class='ocrx_word' id='word_1_322' title='bbox 1867 1285 1920 1329; x_wconf 90' lang='lat' dir='ltr'><strong>te</strong></span> <span class='ocrx_word' id='word_1_323' title='bbox 1946 1274 2159 1330; x_wconf 85' lang='lat' dir='ltr'><strong>Patrem</strong></span> <span class='ocrx_word' id='word_1_324' title='bbox 2192 1294 2390 1341; x_wconf 88' lang='lat' dir='ltr'><strong>meum,</strong></span> <span class='ocrx_word' id='word_1_325' title='bbox 2422 1281 2514 1349; x_wconf 86' lang='lat' dir='ltr'><strong>qui</strong></span> <span class='ocrx_word' id='word_1_326' title='bbox 2549 1284 2835 1337; x_wconf 74' lang='lat' dir='ltr'><strong>extruxisti</strong></span> <span class='ocrx_word' id='word_1_327' title='bbox 2864 1299 2949 1339; x_wconf 90' lang='lat' dir='ltr'><strong>me</strong></span> <span class='ocrx_word' id='word_1_328' title='bbox 2988 1284 3056 1341; x_wconf 89' lang='lat' dir='ltr'><strong>de</strong></span> <span class='ocrx_word' id='word_1_329' title='bbox 3081 1299 3269 1343; x_wconf 82' lang='lat' dir='ltr'><strong>ventre</strong></span> <span class='ocrx_word' id='word_1_330' title='bbox 3316 1306 3429 1350; x_wconf 49' lang='lat' dir='ltr'><strong>me!</strong></span> 
     </span>
    </p>
   </div>
   <div class='ocr_carea' id='block_1_43' title="bbox 1858 1367 3428 1450">
    <p class='ocr_par' dir='ltr' id='par_1_43' title="bbox 1858 1367 3428 1450">
     <span class='ocr_line' id='line_1_43' title="bbox 1858 1367 3428 1450; baseline 0.011 -31"><span class='ocrx_word' id='word_1_331' title='bbox 1858 1367 1966 1421; x_wconf 72' lang='lat' dir='ltr'><strong>tris</strong></span> <span class='ocrx_word' id='word_1_332' title='bbox 1996 1383 2145 1433; x_wconf 71' lang='lat' dir='ltr'><strong>meae,</strong></span> <span class='ocrx_word' id='word_1_333' title='bbox 2175 1369 2228 1423; x_wconf 92' lang='lat' dir='ltr'><strong>in</strong></span> <span class='ocrx_word' id='word_1_334' title='bbox 2260 1386 2420 1439; x_wconf 87' lang='lat' dir='ltr'><strong>quem</strong></span> <span class='ocrx_word' id='word_1_335' title='bbox 2446 1373 2728 1442; x_wconf 83' lang='lat' dir='ltr'><strong>projectus</strong></span> <span class='ocrx_word' id='word_1_336' title='bbox 2758 1391 2878 1431; x_wconf 87' lang='lat' dir='ltr'><strong>sum</strong></span> <span class='ocrx_word' id='word_1_337' title='bbox 2921 1392 2989 1432; x_wconf 80' lang='lat' dir='ltr'><strong>ex</strong></span> <span class='ocrx_word' id='word_1_338' title='bbox 3022 1385 3199 1438; x_wconf 82' lang='lat' dir='ltr'><strong>utere,</strong></span> <span class='ocrx_word' id='word_1_339' title='bbox 3232 1379 3288 1433; x_wconf 92' lang='lat' dir='ltr'><strong>in</strong></span> <span class='ocrx_word' id='word_1_340' title='bbox 3316 1396 3428 1450; x_wconf 81' lang='lat' dir='ltr'><strong>quo</strong></span> 
     </span>
    </p>
   </div>
   <div class='ocr_carea' id='block_1_44' title="bbox 1866 1460 3428 1534">
    <p class='ocr_par' dir='ltr' id='par_1_44' title="bbox 1866 1460 3428 1534">
     <span class='ocr_line' id='line_1_44' title="bbox 1866 1460 3428 1534; baseline 0.012 -23"><span class='ocrx_word' id='word_1_341' title='bbox 1866 1460 2081 1527; x_wconf 79' lang='lat' dir='ltr'><strong>speravi</strong></span> <span class='ocrx_word' id='word_1_342' title='bbox 2140 1461 2208 1515; x_wconf 93' lang='lat' dir='ltr'><strong>ab</strong></span> <span class='ocrx_word' id='word_1_343' title='bbox 2248 1462 2530 1529; x_wconf 86' lang='lat' dir='ltr'><strong>uberibus,</strong></span> <span class='ocrx_word' id='word_1_344' title='bbox 2573 1466 2668 1534; x_wconf 90' lang='lat' dir='ltr'><strong>qui</strong></span> <span class='ocrx_word' id='word_1_345' title='bbox 2712 1467 2873 1521; x_wconf 89' lang='lat' dir='ltr'><strong>etiam</strong></span> <span class='ocrx_word' id='word_1_346' title='bbox 2908 1469 2976 1524; x_wconf 87' lang='lat' dir='ltr'><strong>de</strong></span> <span class='ocrx_word' id='word_1_347' title='bbox 3012 1479 3205 1525; x_wconf 81' lang='lat' dir='ltr'><strong>ventre</strong></span> <span class='ocrx_word' id='word_1_348' title='bbox 3238 1474 3428 1529; x_wconf 77' lang='lat' dir='ltr'><strong>matris</strong></span> 
     </span>
    </p>
   </div>
   <div class='ocr_carea' id='block_1_45' title="bbox 1866 1548 3422 1631">
    <p class='ocr_par' dir='ltr' id='par_1_45' title="bbox 1866 1548 3422 1631">
     <span class='ocr_line' id='line_1_45' title="bbox 1866 1548 3422 1631; baseline 0.012 -28"><span class='ocrx_word' id='word_1_349' title='bbox 1866 1565 2000 1605; x_wconf 77' lang='lat' dir='ltr'><strong>mea:</strong></span> <span class='ocrx_word' id='word_1_350' title='bbox 2027 1552 2242 1620; x_wconf 81' lang='lat' dir='ltr'><strong>agnitus</strong></span> <span class='ocrx_word' id='word_1_351' title='bbox 2275 1570 2333 1609; x_wconf 83' lang='lat' dir='ltr'><strong>es</strong></span> <span class='ocrx_word' id='word_1_352' title='bbox 2365 1555 2517 1619; x_wconf 80' lang='lat' dir='ltr'><strong>mihi,</strong></span> <span class='ocrx_word' id='word_1_353' title='bbox 2554 1565 2606 1612; x_wconf 90' lang='lat' dir='ltr'><strong>et</strong></span> <span class='ocrx_word' id='word_1_354' title='bbox 2650 1556 2867 1613; x_wconf 88' lang='lat' dir='ltr'><strong>interim</strong></span> <span class='ocrx_word' id='word_1_355' title='bbox 2914 1563 3226 1631; x_wconf 77' lang='lat' dir='ltr'><strong>agnosceris</strong></span> <span class='ocrx_word' id='word_1_356' title='bbox 3257 1548 3422 1630; x_wconf 82' lang='lat' dir='ltr'><strong>Deus,</strong></span> 
     </span>
    </p>
   </div>
   <div class='ocr_carea' id='block_1_46' title="bbox 1865 1648 3427 1725">
    <p class='ocr_par' dir='ltr' id='par_1_46' title="bbox 1865 1648 3427 1725">
     <span class='ocr_line' id='line_1_46' title="bbox 1865 1648 3427 1725; baseline 0.008 -25"><span class='ocrx_word' id='word_1_357' title='bbox 1865 1648 2088 1714; x_wconf 80' lang='lat' dir='ltr'><strong>supplex</strong></span> <span class='ocrx_word' id='word_1_358' title='bbox 2119 1661 2214 1701; x_wconf 90' lang='lat' dir='ltr'><strong>oro</strong></span> <span class='ocrx_word' id='word_1_359' title='bbox 2241 1662 2305 1701; x_wconf 91' lang='lat' dir='ltr'><strong>ac</strong></span> <span class='ocrx_word' id='word_1_360' title='bbox 2337 1663 2528 1720; x_wconf 90' lang='lat' dir='ltr'><strong>precor</strong></span> <span class='ocrx_word' id='word_1_361' title='bbox 2567 1660 2679 1709; x_wconf 74' lang='lat' dir='ltr'><strong>tne</strong></span> <span class='ocrx_word' id='word_1_362' title='bbox 2708 1653 2929 1709; x_wconf 82' lang='lat' dir='ltr'><strong>recedas</strong></span> <span class='ocrx_word' id='word_1_363' title='bbox 2954 1668 2986 1707; x_wconf 89' lang='lat' dir='ltr'><strong>a</strong></span> <span class='ocrx_word' id='word_1_364' title='bbox 3027 1670 3131 1718; x_wconf 88' lang='lat' dir='ltr'><strong>me,</strong></span> <span class='ocrx_word' id='word_1_365' title='bbox 3168 1657 3427 1725; x_wconf 84' lang='lat' dir='ltr'><strong>quoniam</strong></span> 
     </span>
    </p>
   </div>
   <div class='ocr_carea' id='block_1_47' title="bbox 1866 1737 3427 1817">
    <p class='ocr_par' dir='ltr' id='par_1_47' title="bbox 1866 1737 3427 1817">
     <span class='ocr_line' id='line_1_47' title="bbox 1866 1737 3427 1817; baseline 0.011 -27"><span class='ocrx_word' id='word_1_366' title='bbox 1866 1737 1918 1790; x_wconf 91' lang='lat' dir='ltr'><strong>in</strong></span> <span class='ocrx_word' id='word_1_367' title='bbox 1960 1742 2205 1807; x_wconf 78' lang='lat' dir='ltr'><strong>proximo</strong></span> <span class='ocrx_word' id='word_1_368' title='bbox 2253 1750 2338 1797; x_wconf 88' lang='lat' dir='ltr'><strong>est</strong></span> <span class='ocrx_word' id='word_1_369' title='bbox 2368 1741 2640 1797; x_wconf 62' lang='lat' dir='ltr'><strong>adﬂictio.»</strong></span> <span class='ocrx_word' id='word_1_370' title='bbox 2695 1742 2857 1799; x_wconf 73' lang='lat' dir='ltr'><strong>Venit</strong></span> <span class='ocrx_word' id='word_1_371' title='bbox 2896 1746 3062 1811; x_wconf 89' lang='lat' dir='ltr'><strong>enim,</strong></span> <span class='ocrx_word' id='word_1_372' title='bbox 3119 1747 3317 1817; x_wconf 82' lang='lat' dir='ltr'><strong>inquit,</strong></span> <span class='ocrx_word' id='word_1_373' title='bbox 3366 1756 3427 1807; x_wconf 74' lang='lat' dir='ltr'><strong>et</strong></span> 
     </span>
    </p>
   </div>
   <div class='ocr_carea' id='block_1_48' title="bbox 1866 1830 3427 1906">
    <p class='ocr_par' dir='ltr' id='par_1_48' title="bbox 1866 1830 3427 1906">
     <span class='ocr_line' id='line_1_48' title="bbox 1866 1830 3427 1906; baseline 0.008 -27"><span class='ocrx_word' id='word_1_374' title='bbox 1866 1838 2069 1896; x_wconf 82' lang='lat' dir='ltr'><strong>quanta</strong></span> <span class='ocrx_word' id='word_1_375' title='bbox 2116 1830 2355 1884; x_wconf 88' lang='lat' dir='ltr'><strong>nondum</strong></span> <span class='ocrx_word' id='word_1_376' title='bbox 2402 1831 2651 1894; x_wconf 84' lang='lat' dir='ltr'><strong>antehac,</strong></span> <span class='ocrx_word' id='word_1_377' title='bbox 2716 1832 2874 1888; x_wconf 86' lang='lat' dir='ltr'><strong>adest</strong></span> <span class='ocrx_word' id='word_1_378' title='bbox 2920 1840 3085 1903; x_wconf 89' lang='lat' dir='ltr'><strong>atque</strong></span> <span class='ocrx_word' id='word_1_379' title='bbox 3133 1837 3427 1906; x_wconf 71' lang='lat' dir='ltr'><strong>appropin~</strong></span> 
     </span>
    </p>
   </div>
   <div class='ocr_carea' id='block_1_49' title="bbox 1853 1923 3426 1993">
    <p class='ocr_par' dir='ltr' id='par_1_49' title="bbox 1853 1923 3426 1993">
     <span class='ocr_line' id='line_1_49' title="bbox 1853 1923 3426 1993; baseline 0.006 -21"><span class='ocrx_word' id='word_1_380' title='bbox 1853 1928 2015 1990; x_wconf 73' lang='lat' dir='ltr'><strong>quat,</strong></span> <span class='ocrx_word' id='word_1_381' title='bbox 2046 1937 2167 1990; x_wconf 72' lang='lat' dir='ltr'><strong>the</strong></span> <span class='ocrx_word' id='word_1_382' title='bbox 2192 1923 2607 1992; x_wconf 86' lang='lat' dir='ltr'><strong>comprehendit</strong></span> <span class='ocrx_word' id='word_1_383' title='bbox 2640 1923 2775 1993; x_wconf 81' lang='lat' dir='ltr'><strong>jam,</strong></span> <span class='ocrx_word' id='word_1_384' title='bbox 2810 1935 2863 1979; x_wconf 89' lang='lat' dir='ltr'><strong>et</strong></span> <span class='ocrx_word' id='word_1_385' title='bbox 2889 1925 3020 1977; x_wconf 84' lang='lat' dir='ltr'><strong>mibi</strong></span> <span class='ocrx_word' id='word_1_386' title='bbox 3053 1926 3220 1980; x_wconf 80' lang='lat' dir='ltr'><strong>instat</strong></span> <span class='ocrx_word' id='word_1_387' title='bbox 3246 1934 3426 1982; x_wconf 78' lang='lat' dir='ltr'><strong>extre-</strong></span> 
     </span>
    </p>
   </div>
   <div class='ocr_carea' id='block_1_50' title="bbox 1867 2014 3421 2075">
    <p class='ocr_par' dir='ltr' id='par_1_50' title="bbox 1867 2014 3421 2075">
     <span class='ocr_line' id='line_1_50' title="bbox 1867 2014 3421 2075; baseline 0.006 -9"><span class='ocrx_word' id='word_1_388' title='bbox 1867 2027 1954 2066; x_wconf 89' lang='lat' dir='ltr'><strong>ma</strong></span> <span class='ocrx_word' id='word_1_389' title='bbox 2006 2014 2248 2067; x_wconf 88' lang='lat' dir='ltr'><strong>omnium</strong></span> <span class='ocrx_word' id='word_1_390' title='bbox 2305 2014 2611 2069; x_wconf 82' lang='lat' dir='ltr'><strong>immodicae</strong></span> <span class='ocrx_word' id='word_1_391' title='bbox 2670 2030 2805 2070; x_wconf 66' lang='lat' dir='ltr'><strong>mea!</strong></span> <span class='ocrx_word' id='word_1_392' title='bbox 2865 2015 3174 2072; x_wconf 83' lang='lat' dir='ltr'><strong>amictionis</strong></span> <span class='ocrx_word' id='word_1_393' title='bbox 3228 2021 3421 2075; x_wconf 88' lang='lat' dir='ltr'><strong>nubes.</strong></span> 
     </span>
    </p>
   </div>
   <div class='ocr_carea' id='block_1_51' title="bbox 1862 2101 3426 2177">
    <p class='ocr_par' dir='ltr' id='par_1_51' title="bbox 1862 2101 3426 2177">
     <span class='ocr_line' id='line_1_51' title="bbox 1862 2101 3426 2177; baseline 0.004 -20"><span class='ocrx_word' id='word_1_394' title='bbox 1862 2101 2048 2173; x_wconf 83' lang='lat' dir='ltr'><strong>Neque</strong></span> <span class='ocrx_word' id='word_1_395' title='bbox 2077 2105 2222 2159; x_wconf 92' lang='lat' dir='ltr'><strong>enim</strong></span> <span class='ocrx_word' id='word_1_396' title='bbox 2268 2121 2366 2177; x_wconf 74' lang='lat' dir='ltr'><strong>ego</strong></span> <span class='ocrx_word' id='word_1_397' title='bbox 2422 2122 2518 2176; x_wconf 84' lang='lat' dir='ltr'><strong>per</strong></span> <span class='ocrx_word' id='word_1_398' title='bbox 2562 2105 2905 2162; x_wconf 79' lang='lat' dir='ltr'><strong>amicttonem</strong></span> <span class='ocrx_word' id='word_1_399' title='bbox 2936 2108 3079 2163; x_wconf 86' lang='lat' dir='ltr'><strong>hanc</strong></span> <span class='ocrx_word' id='word_1_400' title='bbox 3129 2125 3249 2177; x_wconf 79' lang='lat' dir='ltr'><strong>quae</strong></span> <span class='ocrx_word' id='word_1_401' title='bbox 3281 2126 3426 2165; x_wconf 86' lang='lat' dir='ltr'><strong>nunc</strong></span> 
     </span>
    </p>
   </div>
   <div class='ocr_carea' id='block_1_52' title="bbox 1863 2193 3426 2270">
    <p class='ocr_par' dir='ltr' id='par_1_52' title="bbox 1863 2193 3426 2270">
     <span class='ocr_line' id='line_1_52' title="bbox 1863 2193 3426 2270; baseline 0.005 -25"><span class='ocrx_word' id='word_1_402' title='bbox 1863 2207 1950 2246; x_wconf 90' lang='lat' dir='ltr'><strong>me</strong></span> <span class='ocrx_word' id='word_1_403' title='bbox 2006 2193 2343 2257; x_wconf 84' lang='lat' dir='ltr'><strong>circumstat,</strong></span> <span class='ocrx_word' id='word_1_404' title='bbox 2399 2210 2617 2251; x_wconf 90' lang='lat' dir='ltr'><strong>crucem</strong></span> <span class='ocrx_word' id='word_1_405' title='bbox 2692 2198 2864 2267; x_wconf 87' lang='lat' dir='ltr'><strong>ipsam</strong></span> <span class='ocrx_word' id='word_1_406' title='bbox 2925 2197 3188 2267; x_wconf 67' lang='lat' dir='ltr'><strong>intelligo,</strong></span> <span class='ocrx_word' id='word_1_407' title='bbox 3240 2215 3426 2270; x_wconf 78' lang='lat' dir='ltr'><strong>neque</strong></span> 
     </span>
    </p>
   </div>
   <div class='ocr_carea' id='block_1_53' title="bbox 1864 2283 3424 2359">
    <p class='ocr_par' dir='ltr' id='par_1_53' title="bbox 1864 2283 3424 2359">
     <span class='ocr_line' id='line_1_53' title="bbox 1864 2283 3424 2359; baseline 0.006 -24"><span class='ocrx_word' id='word_1_408' title='bbox 1864 2283 2061 2352; x_wconf 78' lang='lat' dir='ltr'><strong>probra</strong></span> <span class='ocrx_word' id='word_1_409' title='bbox 2095 2300 2161 2339; x_wconf 76' lang='lat' dir='ltr'><strong>ex</strong></span> <span class='ocrx_word' id='word_1_410' title='bbox 2191 2285 2526 2355; x_wconf 85' lang='lat' dir='ltr'><strong>hominibus,</strong></span> <span class='ocrx_word' id='word_1_411' title='bbox 2567 2303 2745 2359; x_wconf 89' lang='lat' dir='ltr'><strong>neque</strong></span> <span class='ocrx_word' id='word_1_412' title='bbox 2790 2288 3044 2353; x_wconf 77' lang='lat' dir='ltr'><strong>ludibria,</strong></span> <span class='ocrx_word' id='word_1_413' title='bbox 3092 2305 3267 2359; x_wconf 88' lang='lat' dir='ltr'><strong>neque</strong></span> <span class='ocrx_word' id='word_1_414' title='bbox 3295 2306 3424 2344; x_wconf 86' lang='lat' dir='ltr'><strong>vero</strong></span> 
     </span>
    </p>
   </div>
   <div class='ocr_carea' id='block_1_54' title="bbox 1852 2378 3424 2450">
    <p class='ocr_par' dir='ltr' id='par_1_54' title="bbox 1852 2378 3424 2450">
     <span class='ocr_line' id='line_1_54' title="bbox 1852 2378 3424 2450; baseline 0 -19"><span class='ocrx_word' id='word_1_415' title='bbox 1852 2391 1926 2431; x_wconf 67' lang='lat' dir='ltr'><strong>ea</strong></span> <span class='ocrx_word' id='word_1_416' title='bbox 1954 2392 2074 2445; x_wconf 77' lang='lat' dir='ltr'><strong>quae</strong></span> <span class='ocrx_word' id='word_1_417' title='bbox 2099 2387 2222 2432; x_wconf 86' lang='lat' dir='ltr'><strong>ante</strong></span> <span class='ocrx_word' id='word_1_418' title='bbox 2244 2393 2462 2433; x_wconf 86' lang='lat' dir='ltr'><strong>crucem</strong></span> <span class='ocrx_word' id='word_1_419' title='bbox 2495 2378 2627 2432; x_wconf 81' lang='lat' dir='ltr'><strong>mihi</strong></span> <span class='ocrx_word' id='word_1_420' title='bbox 2657 2378 2994 2444; x_wconf 87' lang='lat' dir='ltr'><strong>acciderunt,</strong></span> <span class='ocrx_word' id='word_1_421' title='bbox 3020 2379 3249 2450; x_wconf 79' lang='lat' dir='ltr'><strong>ﬂagella,</strong></span> <span class='ocrx_word' id='word_1_422' title='bbox 3280 2397 3424 2436; x_wconf 57' lang='lat' dir='ltr'><strong>conp</strong></span> 
     </span>
    </p>
   </div>
   <div class='ocr_carea' id='block_1_55' title="bbox 1863 2469 3423 2539">
    <p class='ocr_par' dir='ltr' id='par_1_55' title="bbox 1863 2469 3423 2539">
     <span class='ocr_line' id='line_1_55' title="bbox 1863 2469 3423 2539; baseline 0.004 -19"><span class='ocrx_word' id='word_1_423' title='bbox 1863 2469 2114 2522; x_wconf 82' lang='lat' dir='ltr'><strong>tumelias</strong></span> <span class='ocrx_word' id='word_1_424' title='bbox 2144 2476 2198 2522; x_wconf 88' lang='lat' dir='ltr'><strong>et</strong></span> <span class='ocrx_word' id='word_1_425' title='bbox 2251 2469 2357 2522; x_wconf 87' lang='lat' dir='ltr'><strong>alia</strong></span> <span class='ocrx_word' id='word_1_426' title='bbox 2404 2484 2744 2539; x_wconf 64' lang='lat' dir='ltr'><strong>quaecunque</strong></span> <span class='ocrx_word' id='word_1_427' title='bbox 2790 2469 3107 2524; x_wconf 86' lang='lat' dir='ltr'><strong>debacchati</strong></span> <span class='ocrx_word' id='word_1_428' title='bbox 3134 2480 3260 2525; x_wconf 86' lang='lat' dir='ltr'><strong>sunt</strong></span> <span class='ocrx_word' id='word_1_429' title='bbox 3289 2487 3423 2527; x_wconf 56' lang='lat' dir='ltr'><strong>con:-</strong></span> 
     </span>
    </p>
   </div>
   <div class='ocr_carea' id='block_1_56' title="bbox 1864 2559 3422 2632">
    <p class='ocr_par' dir='ltr' id='par_1_56' title="bbox 1864 2559 3422 2632">
     <span class='ocr_line' id='line_1_56' title="bbox 1864 2559 3422 2632; baseline 0.003 -20"><span class='ocrx_word' id='word_1_430' title='bbox 1864 2568 1946 2612; x_wconf 84' lang='lat' dir='ltr'><strong>tra</strong></span> <span class='ocrx_word' id='word_1_431' title='bbox 1969 2575 2053 2613; x_wconf 88' lang='lat' dir='ltr'><strong>me</strong></span> <span class='ocrx_word' id='word_1_432' title='bbox 2090 2560 2181 2613; x_wconf 74' lang='lat' dir='ltr'><strong>filii</strong></span> <span class='ocrx_word' id='word_1_433' title='bbox 2226 2559 2529 2623; x_wconf 75' lang='lat' dir='ltr'><strong>benti-num,</strong></span> <span class='ocrx_word' id='word_1_434' title='bbox 2576 2561 2681 2616; x_wconf 83' lang='lat' dir='ltr'><strong>sed</strong></span> <span class='ocrx_word' id='word_1_435' title='bbox 2731 2562 2886 2616; x_wconf 86' lang='lat' dir='ltr'><strong>video</strong></span> <span class='ocrx_word' id='word_1_436' title='bbox 2927 2571 3048 2632; x_wconf 78' lang='lat' dir='ltr'><strong>post</strong></span> <span class='ocrx_word' id='word_1_437' title='bbox 3088 2564 3422 2623; x_wconf 75' lang='lat' dir='ltr'><strong>solutionem</strong></span> 
     </span>
    </p>
   </div>
   <div class='ocr_carea' id='block_1_57' title="bbox 1858 2630 3422 2723">
    <p class='ocr_par' dir='ltr' id='par_1_57' title="bbox 1858 2630 3422 2723">
     <span class='ocr_line' id='line_1_57' title="bbox 1858 2630 3422 2723; baseline 0.004 -23"><span class='ocrx_word' id='word_1_438' title='bbox 1858 2649 2107 2716; x_wconf 83' lang='lat' dir='ltr'><strong>corporis</strong></span> <span class='ocrx_word' id='word_1_439' title='bbox 2140 2650 2192 2701; x_wconf 94' lang='lat' dir='ltr'><strong>in</strong></span> <span class='ocrx_word' id='word_1_440' title='bbox 2216 2649 2339 2717; x_wconf 75' lang='lat' dir='ltr'><strong>ipsa</strong></span> <span class='ocrx_word' id='word_1_441' title='bbox 2368 2658 2542 2703; x_wconf 84' lang='lat' dir='ltr'><strong>morte</strong></span> <span class='ocrx_word' id='word_1_442' title='bbox 2588 2656 2644 2703; x_wconf 90' lang='lat' dir='ltr'><strong>et</strong></span> <span class='ocrx_word' id='word_1_443' title='bbox 2673 2649 2741 2703; x_wconf 90' lang='lat' dir='ltr'><strong>ad</strong></span> <span class='ocrx_word' id='word_1_444' title='bbox 2776 2630 2981 2706; x_wconf 81' lang='lat' dir='ltr'><strong>inferos</strong></span> <span class='ocrx_word' id='word_1_445' title='bbox 3013 2630 3280 2706; x_wconf 77' lang='lat' dir='ltr'><strong>descensu</strong></span> <span class='ocrx_word' id='word_1_446' title='bbox 3324 2668 3422 2723; x_wconf 76' lang='lat' dir='ltr'><strong>ap—</strong></span> 
     </span>
    </p>
   </div>
   <div class='ocr_carea' id='block_1_58' title="bbox 1860 2740 3423 2809">
    <p class='ocr_par' dir='ltr' id='par_1_58' title="bbox 1860 2740 3423 2809">
     <span class='ocr_line' id='line_1_58' title="bbox 1860 2740 3423 2809; baseline 0.005 -19"><span class='ocrx_word' id='word_1_447' title='bbox 1860 2740 2307 2809; x_wconf 79' lang='lat' dir='ltr'><strong>propinquantem</strong></span> <span class='ocrx_word' id='word_1_448' title='bbox 2361 2741 2795 2797; x_wconf 85' lang='lat' dir='ltr'><strong>adversariarum</strong></span> <span class='ocrx_word' id='word_1_449' title='bbox 2838 2753 2892 2797; x_wconf 87' lang='lat' dir='ltr'><strong>et</strong></span> <span class='ocrx_word' id='word_1_450' title='bbox 2922 2742 3267 2797; x_wconf 87' lang='lat' dir='ltr'><strong>inimiearum</strong></span> <span class='ocrx_word' id='word_1_451' title='bbox 3311 2743 3423 2798; x_wconf 81' lang='lat' dir='ltr'><strong>Deo</strong></span> 
     </span>
    </p>
   </div>
   <div class='ocr_carea' id='block_1_59' title="bbox 1863 2831 3421 2904">
    <p class='ocr_par' dir='ltr' id='par_1_59' title="bbox 1863 2831 3421 2904">
     <span class='ocr_line' id='line_1_59' title="bbox 1863 2831 3421 2904; baseline 0.004 -24"><span class='ocrx_word' id='word_1_452' title='bbox 1863 2837 2189 2897; x_wconf 80' lang='lat' dir='ltr'><strong>potestatum</strong></span> <span class='ocrx_word' id='word_1_453' title='bbox 2240 2831 2560 2886; x_wconf 85' lang='lat' dir='ltr'><strong>insolentem</strong></span> <span class='ocrx_word' id='word_1_454' title='bbox 2595 2832 2877 2902; x_wconf 82' lang='lat' dir='ltr'><strong>impetum.</strong></span> <span class='ocrx_word' id='word_1_455' title='bbox 2930 2831 3270 2904; x_wconf 83' lang='lat' dir='ltr'><strong>Quapropter</strong></span> <span class='ocrx_word' id='word_1_456' title='bbox 3298 2834 3421 2888; x_wconf 71' lang='lat' dir='ltr'><strong>dico</strong></span> 
     </span>
    </p>
   </div>
   <div class='ocr_carea' id='block_1_60' title="bbox 1857 2921 3422 2995">
    <p class='ocr_par' dir='ltr' id='par_1_60' title="bbox 1857 2921 3422 2995">
     <span class='ocr_line' id='line_1_60' title="bbox 1857 2921 3422 2995; baseline 0.004 -21"><span class='ocrx_word' id='word_1_457' title='bbox 1857 2921 2202 2976; x_wconf 69' lang='lat' dir='ltr'><strong>adiit-tionem</strong></span> <span class='ocrx_word' id='word_1_458' title='bbox 2249 2924 2302 2976; x_wconf 90' lang='lat' dir='ltr'><strong>in</strong></span> <span class='ocrx_word' id='word_1_459' title='bbox 2344 2924 2588 2990; x_wconf 81' lang='lat' dir='ltr'><strong>proximo</strong></span> <span class='ocrx_word' id='word_1_460' title='bbox 2620 2938 2764 2986; x_wconf 89' lang='lat' dir='ltr'><strong>esse,</strong></span> <span class='ocrx_word' id='word_1_461' title='bbox 2829 2942 2847 2974; x_wconf 84' lang='grc' dir='ltr'><strong>ι</strong></span> <span class='ocrx_word' id='word_1_462' title='bbox 2876 2927 3134 2995; x_wconf 86' lang='lat' dir='ltr'><strong>quoniam</strong></span> <span class='ocrx_word' id='word_1_463' title='bbox 3173 2942 3280 2980; x_wconf 78' lang='lat' dir='ltr'><strong>non</strong></span> <span class='ocrx_word' id='word_1_464' title='bbox 3334 2936 3422 2983; x_wconf 85' lang='lat' dir='ltr'><strong>est</strong></span> 
     </span>
    </p>
   </div>
   <div class='ocr_carea' id='block_1_61' title="bbox 1860 3012 3425 3089">
    <p class='ocr_par' dir='ltr' id='par_1_61' title="bbox 1860 3012 3425 3089">
     <span class='ocr_line' id='line_1_61' title="bbox 1860 3012 3425 3089; baseline 0.003 -23"><span class='ocrx_word' id='word_1_465' title='bbox 1860 3013 1952 3082; x_wconf 89' lang='lat' dir='ltr'><strong>qui</strong></span> <span class='ocrx_word' id='word_1_466' title='bbox 1995 3014 2229 3080; x_wconf 81' lang='lat' dir='ltr'><strong>adjuvet.</strong></span> <span class='ocrx_word' id='word_1_467' title='bbox 2265 3031 2284 3063; x_wconf 75' lang='grc' dir='ltr'><strong>ι</strong></span> <span class='ocrx_word' id='word_1_468' title='bbox 2310 3012 2416 3077; x_wconf 82' lang='lat' dir='ltr'><strong>Qui</strong></span> <span class='ocrx_word' id='word_1_469' title='bbox 2440 3016 2583 3070; x_wconf 73' lang='lat' dir='ltr'><strong>etiim</strong></span> <span class='ocrx_word' id='word_1_470' title='bbox 2617 3013 2729 3089; x_wconf 76' lang='lat' dir='ltr'><strong>lieri</strong></span> <span class='ocrx_word' id='word_1_471' title='bbox 2763 3022 2962 3084; x_wconf 84' lang='lat' dir='ltr'><strong>potest,</strong></span> <span class='ocrx_word' id='word_1_472' title='bbox 2995 3023 3054 3069; x_wconf 86' lang='lat' dir='ltr'><strong>ut</strong></span> <span class='ocrx_word' id='word_1_473' title='bbox 3083 3030 3190 3070; x_wconf 91' lang='lat' dir='ltr'><strong>non</strong></span> <span class='ocrx_word' id='word_1_474' title='bbox 3228 3016 3425 3073; x_wconf 69' lang='lat' dir='ltr'><strong>itnnw-</strong></span> 
     </span>
    </p>
   </div>
   <div class='ocr_carea' id='block_1_62' title="bbox 182 3101 1761 3204">
    <p class='ocr_par' dir='ltr' id='par_1_62' title="bbox 182 3112 1759 3186">
     <span class='ocr_line' id='line_1_62' title="bbox 182 3112 1759 3186; baseline 0.001 -19"><span class='ocrx_word' id='word_1_475' title='bbox 182 3126 313 3167; x_wconf 74' lang='grc' dir='ltr'>στον</span> <span class='ocrx_word' id='word_1_476' title='bbox 332 3112 447 3182; x_wconf 76' lang='grc' dir='ltr'>τῆς</span> <span class='ocrx_word' id='word_1_477' title='bbox 476 3113 703 3183; x_wconf 67' lang='grc' dir='ltr'>θλίψεως</span> <span class='ocrx_word' id='word_1_478' title='bbox 732 3112 829 3184; x_wconf 82' lang='grc' dir='ltr'><strong>τῆς</strong></span> <span class='ocrx_word' id='word_1_479' title='bbox 871 3113 1099 3183; x_wconf 79' lang='grc' dir='ltr'>μάλιστα</span> <span class='ocrx_word' id='word_1_480' title='bbox 1137 3115 1427 3186; x_wconf 76' lang='grc' dir='ltr'>πιεζούσης</span> <span class='ocrx_word' id='word_1_481' title='bbox 1464 3117 1625 3172; x_wconf 84' lang='grc' dir='ltr'>αὐτὸν</span> <span class='ocrx_word' id='word_1_482' title='bbox 1651 3117 1759 3169; x_wconf 83' lang='grc' dir='ltr'>τόδ’</span> 
     </span>
    </p>
   </div>
   <div class='ocr_carea' id='block_1_63' title="bbox 1861 3101 3421 3204">
    <p class='ocr_par' dir='ltr' id='par_1_63' title="bbox 1863 3101 3421 3178">
     <span class='ocr_line' id='line_1_63' title="bbox 1863 3101 3421 3178; baseline 0.004 -23"><span class='ocrx_word' id='word_1_483' title='bbox 1863 3101 1986 3155; x_wconf 88' lang='lat' dir='ltr'><strong>dica</strong></span> <span class='ocrx_word' id='word_1_484' title='bbox 2022 3111 2076 3155; x_wconf 87' lang='lat' dir='ltr'><strong>et</strong></span> <span class='ocrx_word' id='word_1_485' title='bbox 2126 3103 2357 3155; x_wconf 80' lang='lat' dir='ltr'><strong>maxima</strong></span> <span class='ocrx_word' id='word_1_486' title='bbox 2412 3104 2527 3170; x_wconf 82' lang='lat' dir='ltr'><strong>ipsa</strong></span> <span class='ocrx_word' id='word_1_487' title='bbox 2583 3105 2674 3158; x_wconf 88' lang='lat' dir='ltr'><strong>illa</strong></span> <span class='ocrx_word' id='word_1_488' title='bbox 2721 3104 2885 3161; x_wconf 80' lang='lat' dir='ltr'><strong>fuerit</strong></span> <span class='ocrx_word' id='word_1_489' title='bbox 2927 3107 3164 3169; x_wconf 85' lang='lat' dir='ltr'><strong>alllictio.</strong></span> <span class='ocrx_word' id='word_1_490' title='bbox 3217 3109 3271 3162; x_wconf 84' lang='lat' dir='ltr'><strong>in</strong></span> <span class='ocrx_word' id='word_1_491' title='bbox 3310 3123 3421 3178; x_wconf 77' lang='lat' dir='ltr'><strong>qua</strong></span> 
     </span>
    </p>
   </div>
   <div class='ocr_carea' id='block_1_64' title="bbox 184 3200 1759 3279">
    <p class='ocr_par' dir='ltr' id='par_1_64' title="bbox 184 3200 1759 3279">
     <span class='ocr_line' id='line_1_64' title="bbox 184 3200 1759 3279; baseline 0.003 -20"><span class='ocrx_word' id='word_1_492' title='bbox 184 3200 250 3279; x_wconf 58' lang='grc' dir='ltr'>ἦν</span> <span class='ocrx_word' id='word_1_493' title='bbox 270 3205 411 3277; x_wconf 77' lang='grc' dir='ltr'>ἄρα,</span> <span class='ocrx_word' id='word_1_494' title='bbox 432 3204 494 3258; x_wconf 75' lang='grc' dir='ltr'>τὸ</span> <span class='ocrx_word' id='word_1_495' title='bbox 523 3206 725 3276; x_wconf 81' lang='grc' dir='ltr'>μηδένα</span> <span class='ocrx_word' id='word_1_496' title='bbox 750 3205 881 3276; x_wconf 83' lang='grc' dir='ltr'>μηδὲ</span> <span class='ocrx_word' id='word_1_497' title='bbox 905 3206 1009 3259; x_wconf 88' lang='grc' dir='ltr'><strong>τῶν</strong></span> <span class='ocrx_word' id='word_1_498' title='bbox 1030 3209 1219 3261; x_wconf 88' lang='grc' dir='ltr'>αἰσίων</span> <span class='ocrx_word' id='word_1_499' title='bbox 1247 3210 1340 3262; x_wconf 79' lang='grc' dir='ltr'><strong>καὶ</strong></span> <span class='ocrx_word' id='word_1_500' title='bbox 1380 3208 1566 3272; x_wconf 82' lang='grc' dir='ltr'>δεξιῶν</span> <span class='ocrx_word' id='word_1_501' title='bbox 1595 3209 1759 3279; x_wconf 87' lang='grc' dir='ltr'>ἀγγέ-</span> 
     </span>
    </p>
   </div>
   <div class='ocr_carea' id='block_1_65' title="bbox 185 3297 1758 3372">
    <p class='ocr_par' dir='ltr' id='par_1_65' title="bbox 185 3297 1758 3372">
     <span class='ocr_line' id='line_1_65' title="bbox 185 3297 1758 3372; baseline 0.001 -20"><span class='ocrx_word' id='word_1_502' title='bbox 185 3297 312 3363; x_wconf 76' lang='grc' dir='ltr'>λων,</span> <span class='ocrx_word' id='word_1_503' title='bbox 384 3298 516 3369; x_wconf 81' lang='grc' dir='ltr'>μηδὲ</span> <span class='ocrx_word' id='word_1_504' title='bbox 569 3298 676 3369; x_wconf 86' lang='grc' dir='ltr'>μὴν</span> <span class='ocrx_word' id='word_1_505' title='bbox 726 3297 836 3351; x_wconf 82' lang='grc' dir='ltr'><strong>τῶν</strong></span> <span class='ocrx_word' id='word_1_506' title='bbox 873 3298 1030 3352; x_wconf 87' lang='grc' dir='ltr'>θείων</span> <span class='ocrx_word' id='word_1_507' title='bbox 1068 3299 1366 3370; x_wconf 87' lang='grc' dir='ltr'>δυνάμεων,</span> <span class='ocrx_word' id='word_1_508' title='bbox 1408 3301 1609 3372; x_wconf 77' lang='grc' dir='ltr'>τολμᾷν</span> <span class='ocrx_word' id='word_1_509' title='bbox 1638 3305 1758 3355; x_wconf 78' lang='grc' dir='ltr'>ἐπι-</span> 
     </span>
    </p>
   </div>
   <div class='ocr_carea' id='block_1_66' title="bbox 178 3386 1757 3462">
    <p class='ocr_par' dir='ltr' id='par_1_66' title="bbox 178 3386 1757 3462">
     <span class='ocr_line' id='line_1_66' title="bbox 178 3386 1757 3462; baseline 0.001 -21"><span class='ocrx_word' id='word_1_510' title='bbox 178 3388 397 3443; x_wconf 73' lang='grc' dir='ltr'>ιὸαίνειν</span> <span class='ocrx_word' id='word_1_511' title='bbox 428 3390 539 3451; x_wconf 89' lang='grc' dir='ltr'>τοῖς</span> <span class='ocrx_word' id='word_1_512' title='bbox 567 3386 661 3440; x_wconf 85' lang='grc' dir='ltr'>τοῦ</span> <span class='ocrx_word' id='word_1_513' title='bbox 698 3386 925 3441; x_wconf 83' lang='grc' dir='ltr'>θανάτου</span> <span class='ocrx_word' id='word_1_514' title='bbox 959 3387 1261 3458; x_wconf 86' lang='grc' dir='ltr'>βασιλείοις,</span> <span class='ocrx_word' id='word_1_515' title='bbox 1309 3390 1440 3460; x_wconf 87' lang='grc' dir='ltr'>μηδὲ</span> <span class='ocrx_word' id='word_1_516' title='bbox 1482 3394 1757 3462; x_wconf 86' lang='grc' dir='ltr'>συνεργεῖν</span> 
     </span>
    </p>
   </div>
   <div class='ocr_carea' id='block_1_67' title="bbox 184 3477 1758 3552">
    <p class='ocr_par' dir='ltr' id='par_1_67' title="bbox 184 3477 1758 3552">
     <span class='ocr_line' id='line_1_67' title="bbox 184 3477 1758 3552; baseline 0.002 -21"><span class='ocrx_word' id='word_1_517' title='bbox 184 3480 275 3533; x_wconf 65' lang='grc' dir='ltr'>ἐπὶ</span> <span class='ocrx_word' id='word_1_518' title='bbox 329 3477 559 3551; x_wconf 76' lang='grc' dir='ltr'>βοηθείᾳ</span> <span class='ocrx_word' id='word_1_519' title='bbox 604 3478 714 3533; x_wconf 82' lang='grc' dir='ltr'><strong>τῶν</strong></span> <span class='ocrx_word' id='word_1_520' title='bbox 763 3478 947 3532; x_wconf 89' lang='grc' dir='ltr'>αὐτόθι</span> <span class='ocrx_word' id='word_1_521' title='bbox 996 3479 1198 3550; x_wconf 76' lang='grc' dir='ltr'>ψυχῶν.</span> <span class='ocrx_word' id='word_1_522' title='bbox 1251 3481 1412 3551; x_wconf 83' lang='grc' dir='ltr'>Μόνῳ</span> <span class='ocrx_word' id='word_1_523' title='bbox 1460 3481 1567 3552; x_wconf 84' lang='grc' dir='ltr'><strong>γὰρ</strong></span> <span class='ocrx_word' id='word_1_524' title='bbox 1611 3481 1758 3552; x_wconf 80' lang='grc' dir='ltr'>αὐτῷ</span> 
     </span>
    </p>
   </div>
   <div class='ocr_carea' id='block_1_68' title="bbox 178 3566 1756 3643">
    <p class='ocr_par' dir='ltr' id='par_1_68' title="bbox 178 3566 1756 3643">
     <span class='ocr_line' id='line_1_68' title="bbox 178 3566 1756 3643; baseline 0.003 -21"><span class='ocrx_word' id='word_1_525' title='bbox 178 3569 329 3623; x_wconf 81' lang='grc' dir='ltr'>τοῦτ’</span> <span class='ocrx_word' id='word_1_526' title='bbox 362 3571 599 3643; x_wconf 84' lang='grc' dir='ltr'>ἀτρεμὲς</span> <span class='ocrx_word' id='word_1_527' title='bbox 623 3566 712 3643; x_wconf 82' lang='grc' dir='ltr'>ἦν,</span> <span class='ocrx_word' id='word_1_528' title='bbox 750 3570 869 3624; x_wconf 70' lang='grc' dir='ltr'>ἐπεὶ</span> <span class='ocrx_word' id='word_1_529' title='bbox 910 3572 1004 3625; x_wconf 74' lang='grc' dir='ltr'><strong>καὶ</strong></span> <span class='ocrx_word' id='word_1_530' title='bbox 1037 3572 1178 3643; x_wconf 80' lang='grc' dir='ltr'>μόνῳ</span> <span class='ocrx_word' id='word_1_531' title='bbox 1205 3571 1550 3643; x_wconf 79' lang='grc' dir='ltr'>ἠνεῴχθησαν</span> <span class='ocrx_word' id='word_1_532' title='bbox 1597 3573 1756 3627; x_wconf 77' lang='grc' dir='ltr'>πύλαι</span> 
     </span>
    </p>
   </div>
   <div class='ocr_carea' id='block_1_69' title="bbox 177 3660 1759 3735">
    <p class='ocr_par' dir='ltr' id='par_1_69' title="bbox 177 3660 1759 3735">
     <span class='ocr_line' id='line_1_69' title="bbox 177 3660 1759 3735; baseline 0.001 -20"><span class='ocrx_word' id='word_1_533' title='bbox 177 3660 447 3727; x_wconf 74' lang='grc' dir='ltr'>θανάτου,</span> <span class='ocrx_word' id='word_1_534' title='bbox 476 3664 569 3716; x_wconf 77' lang='grc' dir='ltr'><strong>καὶ</strong></span> <span class='ocrx_word' id='word_1_535' title='bbox 601 3662 757 3733; x_wconf 84' lang='grc' dir='ltr'>μόνον</span> <span class='ocrx_word' id='word_1_536' title='bbox 777 3663 938 3716; x_wconf 84' lang='grc' dir='ltr'>αὐτὸν</span> <span class='ocrx_word' id='word_1_537' title='bbox 960 3663 1195 3735; x_wconf 79' lang='grc' dir='ltr'>πυλωροὶ</span> <span class='ocrx_word' id='word_1_538' title='bbox 1223 3663 1350 3735; x_wconf 76' lang='grc' dir='ltr'>ᾅδου</span> <span class='ocrx_word' id='word_1_539' title='bbox 1379 3664 1572 3728; x_wconf 76' lang='grc' dir='ltr'>ἰδόντες</span> <span class='ocrx_word' id='word_1_540' title='bbox 1596 3665 1759 3735; x_wconf 75' lang='grc' dir='ltr'>ἔπτη-</span> 
     </span>
    </p>
   </div>
   <div class='ocr_carea' id='block_1_70' title="bbox 182 3749 1759 3824">
    <p class='ocr_par' dir='ltr' id='par_1_70' title="bbox 182 3749 1759 3824">
     <span class='ocr_line' id='line_1_70' title="bbox 182 3749 1759 3824; baseline 0.003 -21"><span class='ocrx_word' id='word_1_541' title='bbox 182 3749 301 3816; x_wconf 76' lang='grc' dir='ltr'>ξαν,</span> <span class='ocrx_word' id='word_1_542' title='bbox 339 3751 509 3815; x_wconf 84' lang='grc' dir='ltr'>αὐτός</span> <span class='ocrx_word' id='word_1_543' title='bbox 541 3769 601 3804; x_wconf 89' lang='grc' dir='ltr'><strong>τε</strong></span> <span class='ocrx_word' id='word_1_544' title='bbox 626 3755 654 3805; x_wconf 83' lang='grc' dir='ltr'>ὁ</span> <span class='ocrx_word' id='word_1_545' title='bbox 680 3752 741 3805; x_wconf 78' lang='grc' dir='ltr'><strong>τὸ</strong></span> <span class='ocrx_word' id='word_1_546' title='bbox 775 3753 973 3824; x_wconf 83' lang='grc' dir='ltr'>κράτος</span> <span class='ocrx_word' id='word_1_547' title='bbox 1014 3752 1150 3823; x_wconf 80' lang='grc' dir='ltr'>ἔχων</span> <span class='ocrx_word' id='word_1_548' title='bbox 1180 3753 1274 3807; x_wconf 82' lang='grc' dir='ltr'>τοῦ</span> <span class='ocrx_word' id='word_1_549' title='bbox 1311 3753 1558 3818; x_wconf 81' lang='grc' dir='ltr'>θανάτου,</span> <span class='ocrx_word' id='word_1_550' title='bbox 1591 3756 1759 3808; x_wconf 84' lang='grc' dir='ltr'>ὐπεκ-</span> 
     </span>
    </p>
   </div>
   <div class='ocr_carea' id='block_1_71' title="bbox 184 3839 1759 3914">
    <p class='ocr_par' dir='ltr' id='par_1_71' title="bbox 184 3839 1759 3914">
     <span class='ocr_line' id='line_1_71' title="bbox 184 3839 1759 3914; baseline 0.002 -21"><span class='ocrx_word' id='word_1_551' title='bbox 184 3842 317 3905; x_wconf 61' lang='grc' dir='ltr'>στὰς</span> <span class='ocrx_word' id='word_1_552' title='bbox 335 3839 453 3894; x_wconf 84' lang='grc' dir='ltr'><strong>τῶν</strong></span> <span class='ocrx_word' id='word_1_553' title='bbox 474 3841 755 3911; x_wconf 77' lang='grc' dir='ltr'>βασιλείων</span> <span class='ocrx_word' id='word_1_554' title='bbox 781 3842 1006 3914; x_wconf 86' lang='grc' dir='ltr'>θρόνων,</span> <span class='ocrx_word' id='word_1_555' title='bbox 1028 3841 1124 3896; x_wconf 85' lang='grc' dir='ltr'>ἆτε</span> <span class='ocrx_word' id='word_1_556' title='bbox 1149 3844 1305 3912; x_wconf 87' lang='grc' dir='ltr'>μόνον</span> <span class='ocrx_word' id='word_1_557' title='bbox 1326 3842 1486 3896; x_wconf 81' lang='grc' dir='ltr'>αὐτὸν</span> <span class='ocrx_word' id='word_1_558' title='bbox 1506 3844 1759 3911; x_wconf 74' lang='grc' dir='ltr'>ἐπιγνοὺς</span> 
     </span>
    </p>
   </div>
   <div class='ocr_carea' id='block_1_72' title="bbox 178 3930 1797 4005">
    <p class='ocr_par' dir='ltr' id='par_1_72' title="bbox 178 3930 1797 4005">
     <span class='ocr_line' id='line_1_72' title="bbox 178 3930 1797 4005; baseline 0 -19"><span class='ocrx_word' id='word_1_559' title='bbox 178 3932 391 3987; x_wconf 72' lang='grc' dir='ltr'>ιαυτοῦ</span> <span class='ocrx_word' id='word_1_560' title='bbox 422 3932 646 4002; x_wconf 82' lang='grc' dir='ltr'>Κύριον,</span> <span class='ocrx_word' id='word_1_561' title='bbox 691 3933 947 4004; x_wconf 77' lang='grc' dir='ltr'>ἐλάλησεν</span> <span class='ocrx_word' id='word_1_562' title='bbox 980 3932 1127 4003; x_wconf 81' lang='grc' dir='ltr'>αὐτῷ</span> <span class='ocrx_word' id='word_1_563' title='bbox 1164 3934 1343 4005; x_wconf 87' lang='grc' dir='ltr'>δεήσει</span> <span class='ocrx_word' id='word_1_564' title='bbox 1386 3934 1480 3986; x_wconf 80' lang='grc' dir='ltr'>καὶ</span> <span class='ocrx_word' id='word_1_565' title='bbox 1513 3930 1797 4005; x_wconf 74' lang='grc' dir='ltr'>ἱκετηρίᾳ’</span> 
     </span>
    </p>
   </div>
   <div class='ocr_carea' id='block_1_73' title="bbox 185 4024 1754 4098">
    <p class='ocr_par' dir='ltr' id='par_1_73' title="bbox 185 4024 1754 4098">
     <span class='ocr_line' id='line_1_73' title="bbox 185 4024 1754 4098; baseline 0 -19"><span class='ocrx_word' id='word_1_566' title='bbox 185 4025 474 4097; x_wconf 71' lang='grc' dir='ltr'>μαλακῶς,</span> <span class='ocrx_word' id='word_1_567' title='bbox 492 4024 710 4078; x_wconf 74' lang='grc' dir='ltr'>κατὰτὰ</span> <span class='ocrx_word' id='word_1_568' title='bbox 729 4025 1029 4098; x_wconf 78' lang='grc' dir='ltr'>δηλούμενα</span> <span class='ocrx_word' id='word_1_569' title='bbox 1058 4029 1116 4079; x_wconf 82' lang='grc' dir='ltr'>ὲν</span> <span class='ocrx_word' id='word_1_570' title='bbox 1134 4025 1211 4096; x_wconf 84' lang='grc' dir='ltr'>τῷ</span> <span class='ocrx_word' id='word_1_571' title='bbox 1245 4025 1365 4079; x_wconf 78' lang='grc' dir='ltr'><strong>Ἰὼϐ</strong></span> <span class='ocrx_word' id='word_1_572' title='bbox 1388 4026 1514 4097; x_wconf 76' lang='grc' dir='ltr'>περὶ</span> <span class='ocrx_word' id='word_1_573' title='bbox 1533 4024 1754 4079; x_wconf 78' lang='grc' dir='ltr'>τούτων.</span> 
     </span>
    </p>
   </div>
   <div class='ocr_carea' id='block_1_74' title="bbox 182 4115 1759 4189">
    <p class='ocr_par' dir='ltr' id='par_1_74' title="bbox 182 4115 1759 4189">
     <span class='ocr_line' id='line_1_74' title="bbox 182 4115 1759 4189; baseline 0 -19"><span class='ocrx_word' id='word_1_574' title='bbox 182 4116 336 4188; x_wconf 83' lang='grc' dir='ltr'>Πλὴν</span> <span class='ocrx_word' id='word_1_575' title='bbox 356 4115 505 4170; x_wconf 74' lang='grc' dir='ltr'>,ἀλλά</span> <span class='ocrx_word' id='word_1_576' title='bbox 533 4117 632 4188; x_wconf 82' lang='grc' dir='ltr'>τὴν</span> <span class='ocrx_word' id='word_1_577' title='bbox 664 4117 834 4188; x_wconf 76' lang='grc' dir='ltr'>ἀσεϐῆ</span> <span class='ocrx_word' id='word_1_578' title='bbox 876 4116 969 4171; x_wconf 84' lang='grc' dir='ltr'>τοῦ</span> <span class='ocrx_word' id='word_1_579' title='bbox 996 4117 1257 4189; x_wconf 87' lang='grc' dir='ltr'>τυράννου</span> <span class='ocrx_word' id='word_1_580' title='bbox 1302 4116 1759 4170; x_wconf 83' lang='grc' dir='ltr'>καταδυναστείαν</span> 
     </span>
    </p>
   </div>
   <div class='ocr_carea' id='block_1_75' title="bbox 179 4208 1759 4281">
    <p class='ocr_par' dir='ltr' id='par_1_75' title="bbox 179 4208 1759 4281">
     <span class='ocr_line' id='line_1_75' title="bbox 179 4208 1759 4281; baseline -0.001 -18"><span class='ocrx_word' id='word_1_581' title='bbox 179 4208 446 4264; x_wconf 84' lang='grc' dir='ltr'>τοσοῦτον</span> <span class='ocrx_word' id='word_1_582' title='bbox 487 4209 629 4280; x_wconf 83' lang='grc' dir='ltr'>ὀρῶν</span> <span class='ocrx_word' id='word_1_583' title='bbox 672 4209 974 4280; x_wconf 87' lang='grc' dir='ltr'>ἰσχύουσαν,</span> <span class='ocrx_word' id='word_1_584' title='bbox 1012 4210 1085 4273; x_wconf 86' lang='grc' dir='ltr'>ὡς</span> <span class='ocrx_word' id='word_1_585' title='bbox 1128 4210 1327 4281; x_wconf 79' lang='grc' dir='ltr'>μηδένα</span> <span class='ocrx_word' id='word_1_586' title='bbox 1368 4208 1526 4264; x_wconf 79' lang='grc' dir='ltr'>ἄλλον</span> <span class='ocrx_word' id='word_1_587' title='bbox 1556 4208 1759 4279; x_wconf 80' lang='grc' dir='ltr'>τολμᾷν</span> 
     </span>
    </p>
   </div>
   <div class='ocr_carea' id='block_1_76' title="bbox 172 4300 1759 4375">
    <p class='ocr_par' dir='ltr' id='par_1_76' title="bbox 172 4300 1759 4375">
     <span class='ocr_line' id='line_1_76' title="bbox 172 4300 1759 4375; baseline -0.001 -21"><span class='ocrx_word' id='word_1_588' title='bbox 172 4300 292 4354; x_wconf 71' lang='grc' dir='ltr'><strong>τῶν</strong></span> <span class='ocrx_word' id='word_1_589' title='bbox 320 4302 449 4356; x_wconf 81' lang='grc' dir='ltr'>κατ’</span> <span class='ocrx_word' id='word_1_590' title='bbox 474 4300 697 4371; x_wconf 80' lang='grc' dir='ltr'>οὐρανὸν</span> <span class='ocrx_word' id='word_1_591' title='bbox 726 4302 783 4354; x_wconf 78' lang='grc' dir='ltr'>ὲν</span> <span class='ocrx_word' id='word_1_592' title='bbox 804 4305 918 4364; x_wconf 85' lang='grc' dir='ltr'>τοῖς</span> <span class='ocrx_word' id='word_1_593' title='bbox 945 4301 1127 4355; x_wconf 81' lang='grc' dir='ltr'>αὐτόθι</span> <span class='ocrx_word' id='word_1_594' title='bbox 1154 4301 1370 4375; x_wconf 83' lang='grc' dir='ltr'>χωρίοις</span> <span class='ocrx_word' id='word_1_595' title='bbox 1395 4303 1759 4372; x_wconf 86' lang='grc' dir='ltr'>συμπαρεῖναι</span> 
     </span>
    </p>
   </div>
   <div class='ocr_carea' id='block_1_77' title="bbox 175 4391 1754 4467">
    <p class='ocr_par' dir='ltr' id='par_1_77' title="bbox 175 4391 1754 4467">
     <span class='ocr_line' id='line_1_77' title="bbox 175 4391 1754 4467; baseline -0.003 -19"><span class='ocrx_word' id='word_1_596' title='bbox 175 4394 360 4467; x_wconf 73' lang='grc' dir='ltr'>αὐτῷ,</span> <span class='ocrx_word' id='word_1_597' title='bbox 398 4395 492 4448; x_wconf 75' lang='grc' dir='ltr'>καὶ</span> <span class='ocrx_word' id='word_1_598' title='bbox 518 4397 585 4465; x_wconf 83' lang='grc' dir='ltr'>τῇ</span> <span class='ocrx_word' id='word_1_599' title='bbox 614 4393 722 4447; x_wconf 86' lang='grc' dir='ltr'><strong>τῶν</strong></span> <span class='ocrx_word' id='word_1_600' title='bbox 750 4394 934 4447; x_wconf 87' lang='grc' dir='ltr'>αὐτόθι</span> <span class='ocrx_word' id='word_1_601' title='bbox 964 4393 1147 4465; x_wconf 72' lang='grc' dir='ltr'>ψυχῶν</span> <span class='ocrx_word' id='word_1_602' title='bbox 1181 4395 1459 4465; x_wconf 86' lang='grc' dir='ltr'>συνεργεῖν</span> <span class='ocrx_word' id='word_1_603' title='bbox 1493 4391 1754 4463; x_wconf 86' lang='grc' dir='ltr'>σωτηρίᾳ,</span> 
     </span>
    </p>
   </div>
   <div class='ocr_carea' id='block_1_78' title="bbox 1862 3191 3422 3267">
    <p class='ocr_par' dir='ltr' id='par_1_78' title="bbox 1862 3191 3422 3267">
     <span class='ocr_line' id='line_1_78' title="bbox 1862 3191 3422 3267; baseline 0.006 -22"><span class='ocrx_word' id='word_1_604' title='bbox 1862 3208 1969 3245; x_wconf 79' lang='lat' dir='ltr'><strong>non</strong></span> <span class='ocrx_word' id='word_1_605' title='bbox 2003 3191 2165 3245; x_wconf 80' lang='lat' dir='ltr'><strong>fuerit</strong></span> <span class='ocrx_word' id='word_1_606' title='bbox 2201 3194 2292 3261; x_wconf 88' lang='lat' dir='ltr'><strong>qui</strong></span> <span class='ocrx_word' id='word_1_607' title='bbox 2331 3194 2660 3256; x_wconf 74' lang='lat' dir='ltr'><strong>adiuvaret?</strong></span> <span class='ocrx_word' id='word_1_608' title='bbox 2684 3196 2773 3251; x_wconf 91' lang='lat' dir='ltr'><strong>ille</strong></span> <span class='ocrx_word' id='word_1_609' title='bbox 2798 3198 2941 3252; x_wconf 86' lang='lat' dir='ltr'><strong>enim</strong></span> <span class='ocrx_word' id='word_1_610' title='bbox 2973 3213 3072 3267; x_wconf 89' lang='lat' dir='ltr'><strong>pro</strong></span> <span class='ocrx_word' id='word_1_611' title='bbox 3094 3214 3282 3254; x_wconf 80' lang='lat' dir='ltr'><strong>earum</strong></span> <span class='ocrx_word' id='word_1_612' title='bbox 3309 3201 3422 3254; x_wconf 82' lang='lat' dir='ltr'><strong>ani-</strong></span> 
     </span>
    </p>
   </div>
   <div class='ocr_carea' id='block_1_79' title="bbox 1859 3285 3417 3358">
    <p class='ocr_par' dir='ltr' id='par_1_79' title="bbox 1859 3285 3417 3358">
     <span class='ocr_line' id='line_1_79' title="bbox 1859 3285 3417 3358; baseline 0.006 -21"><span class='ocrx_word' id='word_1_613' title='bbox 1859 3299 2068 3337; x_wconf 83' lang='lat' dir='ltr'><strong>marum</strong></span> <span class='ocrx_word' id='word_1_614' title='bbox 2095 3285 2270 3339; x_wconf 82' lang='lat' dir='ltr'><strong>salute</strong></span> <span class='ocrx_word' id='word_1_615' title='bbox 2305 3286 2615 3349; x_wconf 74' lang='lat' dir='ltr'><strong>accedebat,</strong></span> <span class='ocrx_word' id='word_1_616' title='bbox 2648 3303 2768 3357; x_wconf 66' lang='lat' dir='ltr'><strong>qum</strong></span> <span class='ocrx_word' id='word_1_617' title='bbox 2793 3289 2937 3358; x_wconf 87' lang='lat' dir='ltr'><strong>apud</strong></span> <span class='ocrx_word' id='word_1_618' title='bbox 2971 3290 3175 3346; x_wconf 77' lang='lat' dir='ltr'><strong>inferos</strong></span> <span class='ocrx_word' id='word_1_619' title='bbox 3198 3308 3261 3348; x_wconf 68' lang='lat' dir='ltr'><strong>ex</strong></span> <span class='ocrx_word' id='word_1_620' title='bbox 3296 3293 3417 3347; x_wconf 84' lang='lat' dir='ltr'><strong>lon-</strong></span> 
     </span>
    </p>
   </div>
   <div class='ocr_carea' id='block_1_80' title="bbox 1856 3376 3423 3452">
    <p class='ocr_par' dir='ltr' id='par_1_80' title="bbox 1856 3376 3423 3452">
     <span class='ocr_line' id='line_1_80' title="bbox 1856 3376 3423 3452; baseline 0.005 -22"><span class='ocrx_word' id='word_1_621' title='bbox 1856 3376 2079 3446; x_wconf 68' lang='lat' dir='ltr'><strong>gissimo</strong></span> <span class='ocrx_word' id='word_1_622' title='bbox 2135 3386 2376 3447; x_wconf 81' lang='lat' dir='ltr'><strong>tempore</strong></span> <span class='ocrx_word' id='word_1_623' title='bbox 2428 3379 2717 3435; x_wconf 81' lang='lat' dir='ltr'><strong>adventum</strong></span> <span class='ocrx_word' id='word_1_624' title='bbox 2776 3380 2896 3449; x_wconf 85' lang='lat' dir='ltr'><strong>ejus</strong></span> <span class='ocrx_word' id='word_1_625' title='bbox 2925 3385 3330 3452; x_wconf 82' lang='lat' dir='ltr'><strong>exspectabant,</strong></span> <span class='ocrx_word' id='word_1_626' title='bbox 3363 3392 3423 3438; x_wconf 86' lang='lat' dir='ltr'><strong>et</strong></span> 
     </span>
    </p>
   </div>
   <div class='ocr_carea' id='block_1_81' title="bbox 1857 3468 3422 3538">
    <p class='ocr_par' dir='ltr' id='par_1_81' title="bbox 1857 3468 3422 3538">
     <span class='ocr_line' id='line_1_81' title="bbox 1857 3468 3422 3538; baseline 0.006 -18"><span class='ocrx_word' id='word_1_627' title='bbox 1857 3468 2220 3524; x_wconf 68' lang='lat' dir='ltr'><strong>descendebat</strong></span> <span class='ocrx_word' id='word_1_628' title='bbox 2279 3468 2424 3527; x_wconf 80' lang='lat' dir='ltr'><strong>fores</strong></span> <span class='ocrx_word' id='word_1_629' title='bbox 2475 3488 2646 3530; x_wconf 69' lang='lat' dir='ltr'><strong>aereas</strong></span> <span class='ocrx_word' id='word_1_630' title='bbox 2672 3473 3119 3538; x_wconf 78' lang='lat' dir='ltr'><strong>contriturus,et</strong></span> <span class='ocrx_word' id='word_1_631' title='bbox 3143 3484 3325 3530; x_wconf 82' lang='lat' dir='ltr'><strong>vectes</strong></span> <span class='ocrx_word' id='word_1_632' title='bbox 3346 3491 3422 3529; x_wconf 74' lang='lat' dir='ltr'><strong>aa-</strong></span> 
     </span>
    </p>
   </div>
   <div class='ocr_carea' id='block_1_82' title="bbox 1860 3561 3422 3636">
    <p class='ocr_par' dir='ltr' id='par_1_82' title="bbox 1860 3561 3422 3636">
     <span class='ocr_line' id='line_1_82' title="bbox 1860 3561 3422 3636; baseline 0.007 -25"><span class='ocrx_word' id='word_1_633' title='bbox 1860 3573 1982 3615; x_wconf 83' lang='lat' dir='ltr'><strong>reos</strong></span> <span class='ocrx_word' id='word_1_634' title='bbox 2009 3561 2412 3627; x_wconf 69' lang='lat' dir='ltr'><strong>contracturus,</strong></span> <span class='ocrx_word' id='word_1_635' title='bbox 2442 3574 2497 3619; x_wconf 86' lang='lat' dir='ltr'><strong>et</strong></span> <span class='ocrx_word' id='word_1_636' title='bbox 2520 3565 2750 3635; x_wconf 78' lang='lat' dir='ltr'><strong>eos,qui</strong></span> <span class='ocrx_word' id='word_1_637' title='bbox 2769 3573 2926 3619; x_wconf 89' lang='lat' dir='ltr'><strong>antea</strong></span> <span class='ocrx_word' id='word_1_638' title='bbox 2940 3567 3107 3621; x_wconf 79' lang='lat' dir='ltr'><strong>vincti</strong></span> <span class='ocrx_word' id='word_1_639' title='bbox 3123 3569 3264 3636; x_wconf 87' lang='lat' dir='ltr'><strong>apud</strong></span> <span class='ocrx_word' id='word_1_640' title='bbox 3289 3568 3422 3623; x_wconf 82' lang='lat' dir='ltr'><strong>infe-</strong></span> 
     </span>
    </p>
   </div>
   <div class='ocr_carea' id='block_1_83' title="bbox 1858 3654 3417 3727">
    <p class='ocr_par' dir='ltr' id='par_1_83' title="bbox 1858 3654 3417 3727">
     <span class='ocr_line' id='line_1_83' title="bbox 1858 3654 3417 3727; baseline 0.004 -21"><span class='ocrx_word' id='word_1_641' title='bbox 1858 3668 1949 3706; x_wconf 90' lang='lat' dir='ltr'><strong>ros</strong></span> <span class='ocrx_word' id='word_1_642' title='bbox 1977 3660 2152 3715; x_wconf 86' lang='lat' dir='ltr'><strong>erant,</strong></span> <span class='ocrx_word' id='word_1_643' title='bbox 2185 3654 2238 3706; x_wconf 90' lang='lat' dir='ltr'><strong>in</strong></span> <span class='ocrx_word' id='word_1_644' title='bbox 2272 3655 2571 3709; x_wconf 88' lang='lat' dir='ltr'><strong>libertatem</strong></span> <span class='ocrx_word' id='word_1_645' title='bbox 2612 3656 3009 3719; x_wconf 84' lang='lat' dir='ltr'><strong>vindicaturus,</strong></span> <span class='ocrx_word' id='word_1_646' title='bbox 3061 3657 3206 3726; x_wconf 85' lang='lat' dir='ltr'><strong>quod</strong></span> <span class='ocrx_word' id='word_1_647' title='bbox 3240 3658 3417 3727; x_wconf 88' lang='lat' dir='ltr'><strong>ipsum</strong></span> 
     </span>
    </p>
   </div>
   <div class='ocr_carea' id='block_1_84' title="bbox 1858 3745 3416 3818">
    <p class='ocr_par' dir='ltr' id='par_1_84' title="bbox 1858 3745 3416 3818">
     <span class='ocr_line' id='line_1_84' title="bbox 1858 3745 3416 3818; baseline 0.004 -19"><span class='ocrx_word' id='word_1_648' title='bbox 1858 3745 2019 3799; x_wconf 83' lang='lat' dir='ltr'><strong>etiam</strong></span> <span class='ocrx_word' id='word_1_649' title='bbox 2081 3747 2281 3800; x_wconf 76' lang='lat' dir='ltr'><strong>factum</strong></span> <span class='ocrx_word' id='word_1_650' title='bbox 2318 3755 2421 3810; x_wconf 89' lang='lat' dir='ltr'><strong>est,</strong></span> <span class='ocrx_word' id='word_1_651' title='bbox 2452 3747 2671 3817; x_wconf 80' lang='lat' dir='ltr'><strong>quando</strong></span> <span class='ocrx_word' id='word_1_652' title='bbox 2718 3748 2886 3801; x_wconf 84' lang='lat' dir='ltr'><strong>multa</strong></span> <span class='ocrx_word' id='word_1_653' title='bbox 2935 3763 3166 3818; x_wconf 85' lang='lat' dir='ltr'><strong>corpora</strong></span> <span class='ocrx_word' id='word_1_654' title='bbox 3224 3766 3416 3805; x_wconf 88' lang='lat' dir='ltr'><strong>eorum</strong></span> 
     </span>
    </p>
   </div>
   <div class='ocr_carea' id='block_1_85' title="bbox 1858 3833 3417 3908">
    <p class='ocr_par' dir='ltr' id='par_1_85' title="bbox 1858 3833 3417 3908">
     <span class='ocr_line' id='line_1_85' title="bbox 1858 3833 3417 3908; baseline 0.004 -17"><span class='ocrx_word' id='word_1_655' title='bbox 1858 3838 1949 3906; x_wconf 85' lang='lat' dir='ltr'><strong>qui</strong></span> <span class='ocrx_word' id='word_1_656' title='bbox 1998 3836 2333 3891; x_wconf 82' lang='lat' dir='ltr'><strong>dormierant</strong></span> <span class='ocrx_word' id='word_1_657' title='bbox 2385 3833 2701 3894; x_wconf 78' lang='lat' dir='ltr'><strong>sanctorum</strong></span> <span class='ocrx_word' id='word_1_658' title='bbox 2749 3841 3051 3908; x_wconf 78' lang='lat' dir='ltr'><strong>surgentia,</strong></span> <span class='ocrx_word' id='word_1_659' title='bbox 3091 3843 3247 3897; x_wconf 82' lang='lat' dir='ltr'><strong>simul</strong></span> <span class='ocrx_word' id='word_1_660' title='bbox 3291 3858 3417 3897; x_wconf 88' lang='lat' dir='ltr'><strong>cum</strong></span> 
     </span>
    </p>
   </div>
   <div class='ocr_carea' id='block_1_86' title="bbox 1858 3929 3416 3999">
    <p class='ocr_par' dir='ltr' id='par_1_86' title="bbox 1858 3929 3416 3999">
     <span class='ocr_line' id='line_1_86' title="bbox 1858 3929 3416 3999; baseline 0.003 -16"><span class='ocrx_word' id='word_1_661' title='bbox 1858 3945 1924 3983; x_wconf 92' lang='lat' dir='ltr'><strong>eo</strong></span> <span class='ocrx_word' id='word_1_662' title='bbox 1956 3930 2199 3998; x_wconf 80' lang='lat' dir='ltr'><strong>ingressa</strong></span> <span class='ocrx_word' id='word_1_663' title='bbox 2240 3937 2368 3985; x_wconf 87' lang='lat' dir='ltr'><strong>sunt</strong></span> <span class='ocrx_word' id='word_1_664' title='bbox 2419 3929 2475 3984; x_wconf 92' lang='lat' dir='ltr'><strong>in</strong></span> <span class='ocrx_word' id='word_1_665' title='bbox 2528 3947 2650 3985; x_wconf 84' lang='lat' dir='ltr'><strong>vere</strong></span> <span class='ocrx_word' id='word_1_666' title='bbox 2680 3939 2933 3987; x_wconf 85' lang='lat' dir='ltr'><strong>sanctam</strong></span> <span class='ocrx_word' id='word_1_667' title='bbox 2979 3931 3072 3987; x_wconf 89' lang='lat' dir='ltr'><strong>Dei</strong></span> <span class='ocrx_word' id='word_1_668' title='bbox 3118 3932 3416 3999; x_wconf 86' lang='lat' dir='ltr'><strong>civitatem,</strong></span> 
     </span>
    </p>
   </div>
   <div class='ocr_carea' id='block_1_87' title="bbox 1861 4022 3415 4092">
    <p class='ocr_par' dir='ltr' id='par_1_87' title="bbox 1861 4022 3415 4092">
     <span class='ocr_line' id='line_1_87' title="bbox 1861 4022 3415 4092; baseline 0.003 -18"><span class='ocrx_word' id='word_1_669' title='bbox 1861 4023 2212 4077; x_wconf 79' lang='lat' dir='ltr'><strong>adversantes</strong></span> <span class='ocrx_word' id='word_1_670' title='bbox 2241 4036 2367 4077; x_wconf 84' lang='lat' dir='ltr'><strong>vero</strong></span> <span class='ocrx_word' id='word_1_671' title='bbox 2390 4028 2686 4092; x_wconf 85' lang='lat' dir='ltr'><strong>potestates</strong></span> <span class='ocrx_word' id='word_1_672' title='bbox 2710 4030 2769 4078; x_wconf 87' lang='lat' dir='ltr'><strong>ut</strong></span> <span class='ocrx_word' id='word_1_673' title='bbox 2794 4022 3109 4079; x_wconf 83' lang='lat' dir='ltr'><strong>hominibus</strong></span> <span class='ocrx_word' id='word_1_674' title='bbox 3132 4031 3415 4087; x_wconf 88' lang='lat' dir='ltr'><strong>nocerent,</strong></span> 
     </span>
    </p>
   </div>
   <div class='ocr_carea' id='block_1_88' title="bbox 1857 4113 3416 4184">
    <p class='ocr_par' dir='ltr' id='par_1_88' title="bbox 1857 4113 3416 4184">
     <span class='ocr_line' id='line_1_88' title="bbox 1857 4113 3416 4184; baseline 0.001 -16"><span class='ocrx_word' id='word_1_675' title='bbox 1857 4124 2045 4168; x_wconf 89' lang='lat' dir='ltr'><strong>contra</strong></span> <span class='ocrx_word' id='word_1_676' title='bbox 2101 4115 2252 4167; x_wconf 89' lang='lat' dir='ltr'><strong>illum</strong></span> <span class='ocrx_word' id='word_1_677' title='bbox 2287 4114 2441 4184; x_wconf 88' lang='lat' dir='ltr'><strong>quasi</strong></span> <span class='ocrx_word' id='word_1_678' title='bbox 2498 4114 2551 4166; x_wconf 90' lang='lat' dir='ltr'><strong>in</strong></span> <span class='ocrx_word' id='word_1_679' title='bbox 2588 4113 2706 4169; x_wconf 85' lang='lat' dir='ltr'><strong>acie</strong></span> <span class='ocrx_word' id='word_1_680' title='bbox 2763 4114 3074 4180; x_wconf 81' lang='lat' dir='ltr'><strong>veniebant,</strong></span> <span class='ocrx_word' id='word_1_681' title='bbox 3123 4130 3416 4170; x_wconf 62' lang='lat' dir='ltr'><strong>maerorem</strong></span> 
     </span>
    </p>
   </div>
   <div class='ocr_carea' id='block_1_89' title="bbox 1858 4202 3420 4275">
    <p class='ocr_par' dir='ltr' id='par_1_89' title="bbox 1858 4202 3420 4275">
     <span class='ocr_line' id='line_1_89' title="bbox 1858 4202 3420 4275; baseline 0.001 -18"><span class='ocrx_word' id='word_1_682' title='bbox 1858 4213 1966 4257; x_wconf 86' lang='lat' dir='ltr'><strong>non</strong></span> <span class='ocrx_word' id='word_1_683' title='bbox 1995 4219 2217 4274; x_wconf 89' lang='lat' dir='ltr'><strong>parvum</strong></span> <span class='ocrx_word' id='word_1_684' title='bbox 2245 4212 2408 4273; x_wconf 82' lang='lat' dir='ltr'><strong>atque</strong></span> <span class='ocrx_word' id='word_1_685' title='bbox 2427 4202 2770 4256; x_wconf 77' lang='lat' dir='ltr'><strong>aﬂlietionem</strong></span> <span class='ocrx_word' id='word_1_686' title='bbox 2790 4203 2864 4256; x_wconf 91' lang='lat' dir='ltr'><strong>illi</strong></span> <span class='ocrx_word' id='word_1_687' title='bbox 2888 4203 3197 4267; x_wconf 78' lang='lat' dir='ltr'><strong>aﬂ‘erentes,</strong></span> <span class='ocrx_word' id='word_1_688' title='bbox 3218 4206 3420 4275; x_wconf 78' lang='lat' dir='ltr'><strong>quippe</strong></span> 
     </span>
    </p>
   </div>
   <div class='ocr_carea' id='block_1_90' title="bbox 1859 4289 3417 4363">
    <p class='ocr_par' dir='ltr' id='par_1_90' title="bbox 1859 4289 3417 4363">
     <span class='ocr_line' id='line_1_90' title="bbox 1859 4289 3417 4363; baseline -0.001 -18"><span class='ocrx_word' id='word_1_689' title='bbox 1859 4293 1951 4363; x_wconf 86' lang='lat' dir='ltr'><strong>qui</strong></span> <span class='ocrx_word' id='word_1_690' title='bbox 1991 4294 2154 4347; x_wconf 90' lang='lat' dir='ltr'><strong>etiam</strong></span> <span class='ocrx_word' id='word_1_691' title='bbox 2201 4292 2322 4346; x_wconf 81' lang='lat' dir='ltr'><strong>illas</strong></span> <span class='ocrx_word' id='word_1_692' title='bbox 2376 4292 2540 4345; x_wconf 83' lang='lat' dir='ltr'><strong>nimia</strong></span> <span class='ocrx_word' id='word_1_693' title='bbox 2582 4291 2824 4344; x_wconf 86' lang='lat' dir='ltr'><strong>bonitate</strong></span> <span class='ocrx_word' id='word_1_694' title='bbox 2859 4289 3099 4346; x_wconf 77' lang='lat' dir='ltr'><strong>deﬁeret.</strong></span> <span class='ocrx_word' id='word_1_695' title='bbox 3148 4289 3417 4345; x_wconf 65' lang='lat' dir='ltr'><strong>Caalerum</strong></span> 
     </span>
    </p>
   </div>
   <div class='ocr_carea' id='block_1_91' title="bbox 1849 4382 3418 4453">
    <p class='ocr_par' dir='ltr' id='par_1_91' title="bbox 1849 4382 3418 4453">
     <span class='ocr_line' id='line_1_91' title="bbox 1849 4382 3418 4453; baseline -0.003 -14"><span class='ocrx_word' id='word_1_696' title='bbox 1849 4386 2078 4440; x_wconf 83' lang='lat' dir='ltr'><strong>attende</strong></span> <span class='ocrx_word' id='word_1_697' title='bbox 2129 4398 2423 4453; x_wconf 86' lang='lat' dir='ltr'><strong>quemnam</strong></span> <span class='ocrx_word' id='word_1_698' title='bbox 2473 4384 2527 4437; x_wconf 91' lang='lat' dir='ltr'><strong>in</strong></span> <span class='ocrx_word' id='word_1_699' title='bbox 2575 4384 2795 4441; x_wconf 86' lang='lat' dir='ltr'><strong>modum</strong></span> <span class='ocrx_word' id='word_1_700' title='bbox 2858 4391 3057 4438; x_wconf 86' lang='lat' dir='ltr'><strong>cuncta</strong></span> <span class='ocrx_word' id='word_1_701' title='bbox 3114 4382 3228 4436; x_wconf 62' lang='lat' dir='ltr'><strong>haec</strong></span> <span class='ocrx_word' id='word_1_702' title='bbox 3271 4382 3418 4440; x_wconf 88' lang='lat' dir='ltr'><strong>dicta</strong></span> 
     </span>
    </p>
   </div>
   <div class='ocr_carea' id='block_1_92' title="bbox 182 4473 1761 4559">
    <p class='ocr_par' dir='ltr' id='par_1_92' title="bbox 182 4485 1756 4559">
     <span class='ocr_line' id='line_1_92' title="bbox 182 4485 1756 4559; baseline -0.002 -20"><span class='ocrx_word' id='word_1_703' title='bbox 182 4489 422 4551; x_wconf 74' lang='grc' dir='ltr'>εἰκότως</span> <span class='ocrx_word' id='word_1_704' title='bbox 456 4488 637 4559; x_wconf 79' lang='grc' dir='ltr'>φησίν’</span> <span class='ocrx_word' id='word_1_705' title='bbox 674 4506 695 4539; x_wconf 77' lang='grc' dir='ltr'><strong>ι</strong></span> <span class='ocrx_word' id='word_1_706' title='bbox 738 4488 858 4540; x_wconf 83' lang='grc' dir='ltr'>Ὅτι</span> <span class='ocrx_word' id='word_1_707' title='bbox 888 4486 1062 4556; x_wconf 71' lang='grc' dir='ltr'>θλίψις</span> <span class='ocrx_word' id='word_1_708' title='bbox 1088 4488 1272 4554; x_wconf 73' lang='grc' dir='ltr'>ἐγγὺς,</span> <span class='ocrx_word' id='word_1_709' title='bbox 1302 4487 1383 4539; x_wconf 86' lang='grc' dir='ltr'><strong>ὄτι</strong></span> <span class='ocrx_word' id='word_1_710' title='bbox 1417 4487 1516 4539; x_wconf 85' lang='grc' dir='ltr'><strong>οὐκ</strong></span> <span class='ocrx_word' id='word_1_711' title='bbox 1547 4485 1690 4538; x_wconf 77' lang='grc' dir='ltr'>ἔστιν</span> <span class='ocrx_word' id='word_1_712' title='bbox 1726 4486 1756 4536; x_wconf 84' lang='grc' dir='ltr'>ὁ</span> 
     </span>
    </p>
   </div>
   <div class='ocr_carea' id='block_1_93' title="bbox 1861 4473 3420 4559">
    <p class='ocr_par' dir='ltr' id='par_1_93' title="bbox 1861 4473 3420 4547">
     <span class='ocr_line' id='line_1_93' title="bbox 1861 4473 3420 4547; baseline -0.003 -15"><span class='ocrx_word' id='word_1_713' title='bbox 1861 4479 1991 4544; x_wconf 90' lang='lat' dir='ltr'><strong>sint,</strong></span> <span class='ocrx_word' id='word_1_714' title='bbox 2025 4477 2180 4547; x_wconf 88' lang='lat' dir='ltr'><strong>quasi</strong></span> <span class='ocrx_word' id='word_1_715' title='bbox 2208 4493 2273 4531; x_wconf 63' lang='lat' dir='ltr'><strong>ea</strong></span> <span class='ocrx_word' id='word_1_716' title='bbox 2314 4490 2543 4546; x_wconf 88' lang='lat' dir='ltr'><strong>persona</strong></span> <span class='ocrx_word' id='word_1_717' title='bbox 2575 4475 2695 4542; x_wconf 84' lang='lat' dir='ltr'><strong>ejus</strong></span> <span class='ocrx_word' id='word_1_718' title='bbox 2725 4473 2816 4544; x_wconf 90' lang='lat' dir='ltr'><strong>qui</strong></span> <span class='ocrx_word' id='word_1_719' title='bbox 2840 4476 2895 4528; x_wconf 91' lang='lat' dir='ltr'><strong>in</strong></span> <span class='ocrx_word' id='word_1_720' title='bbox 2915 4484 3085 4529; x_wconf 33' lang='lat' dir='ltr'><strong>tulero</strong></span> <span class='ocrx_word' id='word_1_721' title='bbox 3126 4475 3195 4528; x_wconf 91' lang='lat' dir='ltr'><strong>sit</strong></span> <span class='ocrx_word' id='word_1_722' title='bbox 3238 4482 3420 4543; x_wconf 79' lang='lat' dir='ltr'><strong>gesta-</strong></span> 
     </span>
    </p>
   </div>
   <div class='ocr_carea' id='block_1_94' title="bbox 118 4574 1757 4649">
    <p class='ocr_par' dir='ltr' id='par_1_94' title="bbox 118 4574 1757 4649">
     <span class='ocr_line' id='line_1_94' title="bbox 118 4574 1757 4649; baseline -0.004 -16"><span class='ocrx_word' id='word_1_723' title='bbox 118 4616 123 4621; x_wconf 95' lang='lat'><strong><em>-</em></strong></span> <span class='ocrx_word' id='word_1_724' title='bbox 184 4576 428 4649; x_wconf 83' lang='grc' dir='ltr'>βοηθῶν,</span> <span class='ocrx_word' id='word_1_725' title='bbox 450 4597 471 4629; x_wconf 73' lang='grc' dir='ltr'><strong>ι</strong></span> <span class='ocrx_word' id='word_1_726' title='bbox 496 4577 611 4641; x_wconf 77' lang='grc' dir='ltr'>ἐνὸς</span> <span class='ocrx_word' id='word_1_727' title='bbox 637 4577 797 4647; x_wconf 87' lang='grc' dir='ltr'>μόνου</span> <span class='ocrx_word' id='word_1_728' title='bbox 823 4575 916 4629; x_wconf 81' lang='grc' dir='ltr'>τοῦ</span> <span class='ocrx_word' id='word_1_729' title='bbox 943 4577 1159 4630; x_wconf 86' lang='grc' dir='ltr'>κάκεῖσε</span> <span class='ocrx_word' id='word_1_730' title='bbox 1195 4575 1405 4647; x_wconf 87' lang='grc' dir='ltr'>βοηθεῖν</span> <span class='ocrx_word' id='word_1_731' title='bbox 1428 4574 1574 4645; x_wconf 72' lang='grc' dir='ltr'>αὐτῷ</span> <span class='ocrx_word' id='word_1_732' title='bbox 1599 4575 1757 4628; x_wconf 84' lang='grc' dir='ltr'>δυνα-</span> 
     </span>
    </p>
   </div>
   <div class='ocr_carea' id='block_1_95' title="bbox 186 4667 1756 4741">
    <p class='ocr_par' dir='ltr' id='par_1_95' title="bbox 186 4667 1756 4741">
     <span class='ocr_line' id='line_1_95' title="bbox 186 4667 1756 4741; baseline -0.003 -17"><span class='ocrx_word' id='word_1_733' title='bbox 186 4671 381 4741; x_wconf 70' lang='grc' dir='ltr'>μένου,</span> <span class='ocrx_word' id='word_1_734' title='bbox 419 4668 860 4733; x_wconf 75' lang='grc' dir='ltr'>καταλελοιπότος</span> <span class='ocrx_word' id='word_1_735' title='bbox 887 4669 1067 4731; x_wconf 71' lang='grc' dir='ltr'>αὐτὸν,</span> <span class='ocrx_word' id='word_1_736' title='bbox 1099 4668 1173 4732; x_wconf 88' lang='grc' dir='ltr'>ὡς</span> <span class='ocrx_word' id='word_1_737' title='bbox 1195 4667 1259 4721; x_wconf 81' lang='grc' dir='ltr'><strong>ἂν</strong></span> <span class='ocrx_word' id='word_1_738' title='bbox 1281 4670 1358 4731; x_wconf 88' lang='grc' dir='ltr'><strong>εἰς</strong></span> <span class='ocrx_word' id='word_1_739' title='bbox 1389 4668 1594 4731; x_wconf 79' lang='grc' dir='ltr'>πάντας</span> <span class='ocrx_word' id='word_1_740' title='bbox 1623 4667 1756 4720; x_wconf 85' lang='grc' dir='ltr'>ἀνα-</span> 
     </span>
    </p>
   </div>
   <div class='ocr_carea' id='block_1_96' title="bbox 182 4757 1756 4834">
    <p class='ocr_par' dir='ltr' id='par_1_96' title="bbox 182 4757 1756 4834">
     <span class='ocr_line' id='line_1_96' title="bbox 182 4757 1756 4834; baseline -0.003 -20"><span class='ocrx_word' id='word_1_741' title='bbox 182 4759 493 4834; x_wconf 84' lang='grc' dir='ltr'>κηρυχθείη</span> <span class='ocrx_word' id='word_1_742' title='bbox 533 4760 593 4813; x_wconf 83' lang='grc' dir='ltr'>τὸ</span> <span class='ocrx_word' id='word_1_743' title='bbox 635 4760 881 4833; x_wconf 70' lang='grc' dir='ltr'>λαμπρὸν</span> <span class='ocrx_word' id='word_1_744' title='bbox 921 4760 1013 4814; x_wconf 79' lang='grc' dir='ltr'>καὶ</span> <span class='ocrx_word' id='word_1_745' title='bbox 1049 4757 1320 4832; x_wconf 75' lang='grc' dir='ltr'>ἐξαίρετον</span> <span class='ocrx_word' id='word_1_746' title='bbox 1351 4759 1448 4830; x_wconf 84' lang='grc' dir='ltr'>τῆς</span> <span class='ocrx_word' id='word_1_747' title='bbox 1482 4758 1618 4821; x_wconf 83' lang='grc' dir='ltr'>ἰδίας</span> <span class='ocrx_word' id='word_1_748' title='bbox 1658 4758 1756 4810; x_wconf 83' lang='grc' dir='ltr'>αὐ-</span> 
     </span>
    </p>
   </div>
   <div class='ocr_carea' id='block_1_97' title="bbox 179 4849 1758 4923">
    <p class='ocr_par' dir='ltr' id='par_1_97' title="bbox 179 4849 1758 4923">
     <span class='ocr_line' id='line_1_97' title="bbox 179 4849 1758 4923; baseline -0.002 -17"><span class='ocrx_word' id='word_1_749' title='bbox 179 4852 282 4906; x_wconf 83' lang='grc' dir='ltr'>τοῦ</span> <span class='ocrx_word' id='word_1_750' title='bbox 319 4852 710 4923; x_wconf 85' lang='grc' dir='ltr'>προαιρέσεως,</span> <span class='ocrx_word' id='word_1_751' title='bbox 756 4853 855 4922; x_wconf 82' lang='grc' dir='ltr'><strong>τῆς</strong></span> <span class='ocrx_word' id='word_1_752' title='bbox 900 4870 959 4906; x_wconf 90' lang='grc' dir='ltr'><strong>τε</strong></span> <span class='ocrx_word' id='word_1_753' title='bbox 1004 4852 1143 4906; x_wconf 84' lang='grc' dir='ltr'><strong>κατά</strong></span> <span class='ocrx_word' id='word_1_754' title='bbox 1192 4852 1406 4905; x_wconf 84' lang='grc' dir='ltr'>πάντων</span> <span class='ocrx_word' id='word_1_755' title='bbox 1445 4849 1618 4920; x_wconf 85' lang='grc' dir='ltr'>νίκης.</span> <span class='ocrx_word' id='word_1_756' title='bbox 1649 4851 1758 4904; x_wconf 77' lang='grc' dir='ltr'>Καὶ</span> 
     </span>
    </p>
   </div>
   <div class='ocr_carea' id='block_1_98' title="bbox 181 4941 1759 5013">
    <p class='ocr_par' dir='ltr' id='par_1_98' title="bbox 181 4941 1759 5013">
     <span class='ocr_line' id='line_1_98' title="bbox 181 4941 1759 5013; baseline -0.003 -16"><span class='ocrx_word' id='word_1_757' title='bbox 181 4944 493 5013; x_wconf 71' lang='grc' dir='ltr'>ἐπειδήπερ</span> <span class='ocrx_word' id='word_1_758' title='bbox 545 4944 574 4997; x_wconf 83' lang='grc' dir='ltr'><strong>ὀ</strong></span> <span class='ocrx_word' id='word_1_759' title='bbox 628 4942 785 5012; x_wconf 88' lang='grc' dir='ltr'>μόνος</span> <span class='ocrx_word' id='word_1_760' title='bbox 843 4941 990 5012; x_wconf 85' lang='grc' dir='ltr'>αὐτῷ</span> <span class='ocrx_word' id='word_1_761' title='bbox 1039 4941 1246 5013; x_wconf 84' lang='grc' dir='ltr'>βοηθεῖν</span> <span class='ocrx_word' id='word_1_762' title='bbox 1306 4941 1599 5011; x_wconf 89' lang='grc' dir='ltr'>δυνάμενος</span> <span class='ocrx_word' id='word_1_763' title='bbox 1660 4941 1759 4993; x_wconf 86' lang='grc' dir='ltr'><strong>οὐκ</strong></span> 
     </span>
    </p>
   </div>
   <div class='ocr_carea' id='block_1_99' title="bbox 181 5030 1756 5106">
    <p class='ocr_par' dir='ltr' id='par_1_99' title="bbox 181 5030 1756 5106">
     <span class='ocr_line' id='line_1_99' title="bbox 181 5030 1756 5106; baseline -0.003 -18"><span class='ocrx_word' id='word_1_764' title='bbox 181 5030 255 5106; x_wconf 74' lang='grc' dir='ltr'>ἦν</span> <span class='ocrx_word' id='word_1_765' title='bbox 296 5033 451 5106; x_wconf 80' lang='grc' dir='ltr'>αὐτῷ</span> <span class='ocrx_word' id='word_1_766' title='bbox 491 5034 609 5087; x_wconf 84' lang='grc' dir='ltr'>τότε</span> <span class='ocrx_word' id='word_1_767' title='bbox 657 5032 867 5105; x_wconf 82' lang='grc' dir='ltr'>βοηθὸς,</span> <span class='ocrx_word' id='word_1_768' title='bbox 910 5033 1131 5097; x_wconf 86' lang='grc' dir='ltr'>εἰκότως</span> <span class='ocrx_word' id='word_1_769' title='bbox 1163 5032 1461 5104; x_wconf 78' lang='grc' dir='ltr'>ἀρχόμενος</span> <span class='ocrx_word' id='word_1_770' title='bbox 1492 5030 1643 5099; x_wconf 73' lang='grc' dir='ltr'>ἔλεγε</span> <span class='ocrx_word' id='word_1_771' title='bbox 1675 5031 1756 5094; x_wconf 82' lang='grc' dir='ltr'><strong>τὸ,</strong></span> 
     </span>
    </p>
   </div>
   <div class='ocr_carea' id='block_1_100' title="bbox 188 5122 1753 5197">
    <p class='ocr_par' dir='ltr' id='par_1_100' title="bbox 188 5122 1753 5197">
     <span class='ocr_line' id='line_1_100' title="bbox 188 5122 1753 5197; baseline -0.001 -18"><span class='ocrx_word' id='word_1_772' title='bbox 188 5147 210 5179; x_wconf 73' lang='grc' dir='ltr'><strong>ι</strong></span> <span class='ocrx_word' id='word_1_773' title='bbox 235 5128 431 5188; x_wconf 69' lang='grc' dir='ltr'>Ἠλεὶ,</span> <span class='ocrx_word' id='word_1_774' title='bbox 497 5125 674 5190; x_wconf 77' lang='grc' dir='ltr'>Ἠλεὶ,</span> <span class='ocrx_word' id='word_1_775' title='bbox 733 5124 926 5197; x_wconf 85' lang='grc' dir='ltr'>λαμμᾶ</span> <span class='ocrx_word' id='word_1_776' title='bbox 983 5124 1277 5195; x_wconf 78' lang='grc' dir='ltr'>σαϐαχθανὶ</span> <span class='ocrx_word' id='word_1_777' title='bbox 1298 5164 1312 5188; x_wconf 92' lang='grc'><strong>,</strong></span> <span class='ocrx_word' id='word_1_778' title='bbox 1341 5143 1359 5174; x_wconf 78' lang='grc' dir='ltr'><strong>ι</strong></span> <span class='ocrx_word' id='word_1_779' title='bbox 1414 5122 1558 5178; x_wconf 82' lang='grc' dir='ltr'>τοῦτ’</span> <span class='ocrx_word' id='word_1_780' title='bbox 1608 5123 1753 5177; x_wconf 79' lang='grc' dir='ltr'>ἔστι·</span> 
     </span>
    </p>
   </div>
   <div class='ocr_carea' id='block_1_101' title="bbox 191 5215 1759 5291">
    <p class='ocr_par' dir='ltr' id='par_1_101' title="bbox 191 5215 1759 5291">
     <span class='ocr_line' id='line_1_101' title="bbox 191 5215 1759 5291; baseline -0.003 -17"><span class='ocrx_word' id='word_1_781' title='bbox 191 5240 214 5273; x_wconf 73' lang='grc' dir='ltr'><strong>ι</strong></span> <span class='ocrx_word' id='word_1_782' title='bbox 235 5221 348 5274; x_wconf 85' lang='grc' dir='ltr'>Θεέ</span> <span class='ocrx_word' id='word_1_783' title='bbox 381 5236 514 5291; x_wconf 85' lang='grc' dir='ltr'>μου,</span> <span class='ocrx_word' id='word_1_784' title='bbox 554 5218 656 5273; x_wconf 86' lang='grc' dir='ltr'><strong>Θεέ</strong></span> <span class='ocrx_word' id='word_1_785' title='bbox 686 5236 822 5290; x_wconf 87' lang='grc' dir='ltr'>μου,</span> <span class='ocrx_word' id='word_1_786' title='bbox 857 5219 944 5273; x_wconf 82' lang='grc' dir='ltr'>ἵνα</span> <span class='ocrx_word' id='word_1_787' title='bbox 968 5216 1018 5272; x_wconf 88' lang='grc' dir='ltr'><strong>τί</strong></span> <span class='ocrx_word' id='word_1_788' title='bbox 1051 5216 1403 5287; x_wconf 77' lang='grc' dir='ltr'>ἐγκατέλιπές</span> <span class='ocrx_word' id='word_1_789' title='bbox 1447 5233 1547 5287; x_wconf 86' lang='grc' dir='ltr'>με;</span> <span class='ocrx_word' id='word_1_790' title='bbox 1574 5236 1591 5267; x_wconf 78' lang='grc' dir='ltr'><strong>ι</strong></span> <span class='ocrx_word' id='word_1_791' title='bbox 1631 5215 1759 5270; x_wconf 83' lang='grc' dir='ltr'>συλ-</span> 
     </span>
    </p>
   </div>
   <div class='ocr_carea' id='block_1_102' title="bbox 185 5302 1758 5381">
    <p class='ocr_par' dir='ltr' id='par_1_102' title="bbox 185 5302 1758 5381">
     <span class='ocr_line' id='line_1_102' title="bbox 185 5302 1758 5381; baseline -0.003 -19"><span class='ocrx_word' id='word_1_792' title='bbox 185 5307 591 5381; x_wconf 75' lang='grc' dir='ltr'>λαμῦανομένῳ</span> <span class='ocrx_word' id='word_1_793' title='bbox 651 5308 750 5379; x_wconf 81' lang='grc' dir='ltr'><strong>μὲν</strong></span> <span class='ocrx_word' id='word_1_794' title='bbox 794 5302 887 5361; x_wconf 78' lang='grc' dir='ltr'><strong>οὖν</strong></span> <span class='ocrx_word' id='word_1_795' title='bbox 938 5306 1031 5361; x_wconf 68' lang='grc' dir='ltr'><strong>ιιιαί⁸</strong></span> <span class='ocrx_word' id='word_1_796' title='bbox 1073 5305 1489 5377; x_wconf 73' lang='grc' dir='ltr'>κυοφορουμένῳ</span> <span class='ocrx_word' id='word_1_797' title='bbox 1525 5307 1629 5360; x_wconf 74' lang='grc' dir='ltr'><strong>ὐπὸ</strong></span> <span class='ocrx_word' id='word_1_798' title='bbox 1658 5306 1758 5374; x_wconf 80' lang='grc' dir='ltr'>τῆς</span> 
     </span>
    </p>
   </div>
   <div class='ocr_carea' id='block_1_103' title="bbox 186 5397 1761 5474">
    <p class='ocr_par' dir='ltr' id='par_1_103' title="bbox 186 5397 1761 5474">
     <span class='ocr_line' id='line_1_103' title="bbox 186 5397 1761 5474; baseline -0.003 -19"><span class='ocrx_word' id='word_1_799' title='bbox 186 5402 363 5471; x_wconf 71' lang='grc' dir='ltr'>ἁγίας</span> <span class='ocrx_word' id='word_1_800' title='bbox 410 5400 685 5474; x_wconf 86' lang='grc' dir='ltr'>Παρθένου</span> <span class='ocrx_word' id='word_1_801' title='bbox 721 5398 800 5469; x_wconf 82' lang='grc' dir='ltr'>τῷ</span> <span class='ocrx_word' id='word_1_802' title='bbox 834 5399 1141 5470; x_wconf 82' lang='grc' dir='ltr'>δηλουμένῳ</span> <span class='ocrx_word' id='word_1_803' title='bbox 1178 5402 1211 5471; x_wconf 83' lang='grc' dir='ltr'><strong>ή</strong></span> <span class='ocrx_word' id='word_1_804' title='bbox 1265 5398 1502 5470; x_wconf 77' lang='grc' dir='ltr'>πατρικὴ</span> <span class='ocrx_word' id='word_1_805' title='bbox 1533 5397 1761 5469; x_wconf 84' lang='grc' dir='ltr'>δύναμις</span> 
     </span>
    </p>
   </div>
   <div class='ocr_carea' id='block_1_104' title="bbox 187 5488 1759 5562">
    <p class='ocr_par' dir='ltr' id='par_1_104' title="bbox 187 5488 1759 5562">
     <span class='ocr_line' id='line_1_104' title="bbox 187 5488 1759 5562; baseline -0.003 -17"><span class='ocrx_word' id='word_1_806' title='bbox 187 5494 369 5562; x_wconf 83' lang='grc' dir='ltr'>συνῆν</span> <span class='ocrx_word' id='word_1_807' title='bbox 390 5533 407 5557; x_wconf 91' lang='grc'><strong>,</strong></span> <span class='ocrx_word' id='word_1_808' title='bbox 456 5493 546 5546; x_wconf 84' lang='grc' dir='ltr'>ὅτε</span> <span class='ocrx_word' id='word_1_809' title='bbox 581 5489 806 5560; x_wconf 76' lang='grc' dir='ltr'>Πνεῦμα</span> <span class='ocrx_word' id='word_1_810' title='bbox 839 5490 991 5559; x_wconf 81' lang='grc' dir='ltr'>ἆγιον</span> <span class='ocrx_word' id='word_1_811' title='bbox 1018 5490 1219 5560; x_wconf 71' lang='grc' dir='ltr'>ἐπῆλθε</span> <span class='ocrx_word' id='word_1_812' title='bbox 1244 5492 1310 5561; x_wconf 81' lang='grc' dir='ltr'>τῇ</span> <span class='ocrx_word' id='word_1_813' title='bbox 1344 5488 1628 5561; x_wconf 81' lang='grc' dir='ltr'>Παρθένῳ,</span> <span class='ocrx_word' id='word_1_814' title='bbox 1667 5489 1759 5542; x_wconf 75' lang='grc' dir='ltr'><strong>καὶ</strong></span> 
     </span>
    </p>
   </div>
   <div class='ocr_carea' id='block_1_105' title="bbox 183 5580 1758 5658">
    <p class='ocr_par' dir='ltr' id='par_1_105' title="bbox 183 5580 1758 5658">
     <span class='ocr_line' id='line_1_105' title="bbox 183 5580 1758 5658; baseline -0.006 -18"><span class='ocrx_word' id='word_1_815' title='bbox 183 5583 425 5655; x_wconf 75' lang='grc' dir='ltr'>δύναμις</span> <span class='ocrx_word' id='word_1_816' title='bbox 466 5584 721 5658; x_wconf 66' lang='grc' dir='ltr'>Ὑψίσςτου</span> <span class='ocrx_word' id='word_1_817' title='bbox 753 5583 1074 5636; x_wconf 72' lang='grc' dir='ltr'>ἐπεσκίασεν</span> <span class='ocrx_word' id='word_1_818' title='bbox 1108 5582 1277 5652; x_wconf 80' lang='grc' dir='ltr'>αὐτῇ,</span> <span class='ocrx_word' id='word_1_819' title='bbox 1312 5580 1472 5645; x_wconf 82' lang='grc' dir='ltr'>αὐτός</span> <span class='ocrx_word' id='word_1_820' title='bbox 1499 5596 1555 5633; x_wconf 84' lang='grc' dir='ltr'><strong>τε</strong></span> <span class='ocrx_word' id='word_1_821' title='bbox 1592 5580 1624 5632; x_wconf 85' lang='grc' dir='ltr'>ὁ</span> <span class='ocrx_word' id='word_1_822' title='bbox 1646 5580 1758 5633; x_wconf 64' lang='grc' dir='ltr'>Παι-</span> 
     </span>
    </p>
   </div>
   <div class='ocr_carea' id='block_1_106' title="bbox 185 5670 1763 5751">
    <p class='ocr_par' dir='ltr' id='par_1_106' title="bbox 185 5670 1763 5751">
     <span class='ocr_line' id='line_1_106' title="bbox 185 5670 1763 5751; baseline -0.006 -19"><span class='ocrx_word' id='word_1_823' title='bbox 185 5679 305 5751; x_wconf 80' lang='grc' dir='ltr'>τὴρ</span> <span class='ocrx_word' id='word_1_824' title='bbox 335 5678 423 5731; x_wconf 80' lang='grc' dir='ltr'><strong>τδν</strong></span> <span class='ocrx_word' id='word_1_825' title='bbox 452 5677 786 5749; x_wconf 77' lang='grc' dir='ltr'>γεννώμενον</span> <span class='ocrx_word' id='word_1_826' title='bbox 806 5718 821 5741; x_wconf 87' lang='grc'><strong>,</strong></span> <span class='ocrx_word' id='word_1_827' title='bbox 854 5677 931 5741; x_wconf 80' lang='grc' dir='ltr'><strong>ὡς</strong></span> <span class='ocrx_word' id='word_1_828' title='bbox 975 5678 1004 5729; x_wconf 85' lang='grc' dir='ltr'><strong>ό</strong></span> <span class='ocrx_word' id='word_1_829' title='bbox 1045 5675 1198 5743; x_wconf 88' lang='grc' dir='ltr'>λόγος</span> <span class='ocrx_word' id='word_1_830' title='bbox 1238 5673 1572 5744; x_wconf 84' lang='grc' dir='ltr'>παρέστησεν</span> <span class='ocrx_word' id='word_1_831' title='bbox 1592 5713 1608 5731; x_wconf 81' lang='grc'><strong>,</strong></span> <span class='ocrx_word' id='word_1_832' title='bbox 1654 5670 1763 5723; x_wconf 79' lang='grc' dir='ltr'><strong>ἀπὸ</strong></span> 
     </span>
    </p>
   </div>
   <div class='ocr_carea' id='block_1_107' title="bbox 188 5758 1759 5841">
    <p class='ocr_par' dir='ltr' id='par_1_107' title="bbox 188 5758 1759 5841">
     <span class='ocr_line' id='line_1_107' title="bbox 188 5758 1759 5841; baseline -0.007 -15"><span class='ocrx_word' id='word_1_833' title='bbox 188 5772 296 5840; x_wconf 75' lang='grc' dir='ltr'>τῆς</span> <span class='ocrx_word' id='word_1_834' title='bbox 336 5770 568 5841; x_wconf 69' lang='grc' dir='ltr'>γαστρὸς</span> <span class='ocrx_word' id='word_1_835' title='bbox 601 5769 894 5835; x_wconf 75' lang='grc' dir='ltr'>ἐξέσπασεν</span> <span class='ocrx_word' id='word_1_836' title='bbox 918 5783 932 5797; x_wconf 74' lang='grc'><strong><em>⁸</em></strong></span> <span class='ocrx_word' id='word_1_837' title='bbox 994 5764 1354 5834; x_wconf 78' lang='grc' dir='ltr'>ἀποδυομένου</span> <span class='ocrx_word' id='word_1_838' title='bbox 1394 5761 1450 5811; x_wconf 68' lang='grc' dir='ltr'>δὲ</span> <span class='ocrx_word' id='word_1_839' title='bbox 1481 5758 1631 5831; x_wconf 76' lang='grc' dir='ltr'>παρὰ</span> <span class='ocrx_word' id='word_1_840' title='bbox 1668 5759 1759 5820; x_wconf 72' lang='grc' dir='ltr'>τὸν</span> 
     </span>
    </p>
   </div>
   <div class='ocr_carea' id='block_1_108' title="bbox 518 5864 1182 5928">
    <p class='ocr_par' dir='ltr' id='par_1_108' title="bbox 518 5864 1182 5928">
     <span class='ocr_line' id='line_1_108' title="bbox 518 5864 1182 5928; baseline -0.002 -1"><span class='ocrx_word' id='word_1_841' title='bbox 518 5870 783 5928; x_wconf 63' lang='lat' dir='ltr'><strong>Damon.</strong></span> <span class='ocrx_word' id='word_1_842' title='bbox 830 5866 944 5924; x_wconf 81' lang='lat' dir='ltr'><strong>Gn.</strong></span> <span class='ocrx_word' id='word_1_843' title='bbox 980 5864 1182 5926; x_wconf 77' lang='lat' dir='ltr'><strong>XX”.</strong></span> 
     </span>
    </p>
   </div>
   <div class='ocr_carea' id='block_1_109' title="bbox 1850 4565 3419 4636">
    <p class='ocr_par' dir='ltr' id='par_1_109' title="bbox 1850 4565 3419 4636">
     <span class='ocr_line' id='line_1_109' title="bbox 1850 4565 3419 4636; baseline -0.003 -13"><span class='ocrx_word' id='word_1_844' title='bbox 1850 4577 1966 4634; x_wconf 87' lang='lat' dir='ltr'><strong>tus,</strong></span> <span class='ocrx_word' id='word_1_845' title='bbox 2000 4576 2054 4624; x_wconf 92' lang='lat' dir='ltr'><strong>et</strong></span> <span class='ocrx_word' id='word_1_846' title='bbox 2076 4569 2142 4623; x_wconf 91' lang='lat' dir='ltr'><strong>de</strong></span> <span class='ocrx_word' id='word_1_847' title='bbox 2169 4575 2357 4622; x_wconf 83' lang='lat' dir='ltr'><strong>ventre</strong></span> <span class='ocrx_word' id='word_1_848' title='bbox 2389 4566 2578 4620; x_wconf 83' lang='lat' dir='ltr'><strong>matris</strong></span> <span class='ocrx_word' id='word_1_849' title='bbox 2606 4574 2787 4629; x_wconf 88' lang='lat' dir='ltr'><strong>natus,</strong></span> <span class='ocrx_word' id='word_1_850' title='bbox 2818 4575 2873 4620; x_wconf 91' lang='lat' dir='ltr'><strong>et</strong></span> <span class='ocrx_word' id='word_1_851' title='bbox 2905 4581 3066 4636; x_wconf 90' lang='lat' dir='ltr'><strong>quem</strong></span> <span class='ocrx_word' id='word_1_852' title='bbox 3099 4565 3419 4619; x_wconf 84' lang='lat' dir='ltr'><strong>dicebamus</strong></span> 
     </span>
    </p>
   </div>
   <div class='ocr_carea' id='block_1_110' title="bbox 1857 4656 3422 4729">
    <p class='ocr_par' dir='ltr' id='par_1_110' title="bbox 1857 4656 3422 4729">
     <span class='ocr_line' id='line_1_110' title="bbox 1857 4656 3422 4729; baseline -0.004 -13"><span class='ocrx_word' id='word_1_853' title='bbox 1857 4677 1980 4716; x_wconf 89' lang='lat' dir='ltr'><strong>esse</strong></span> <span class='ocrx_word' id='word_1_854' title='bbox 2029 4662 2239 4729; x_wconf 78' lang='lat' dir='ltr'><strong>Agnum</strong></span> <span class='ocrx_word' id='word_1_855' title='bbox 2293 4658 2405 4714; x_wconf 90' lang='lat' dir='ltr'><strong>Dei.</strong></span> <span class='ocrx_word' id='word_1_856' title='bbox 2464 4656 2602 4712; x_wconf 81' lang='lat' dir='ltr'><strong>Huic</strong></span> <span class='ocrx_word' id='word_1_857' title='bbox 2632 4660 2776 4713; x_wconf 89' lang='lat' dir='ltr'><strong>enim</strong></span> <span class='ocrx_word' id='word_1_858' title='bbox 2832 4658 2937 4728; x_wconf 87' lang='lat' dir='ltr'><strong>ipsi</strong></span> <span class='ocrx_word' id='word_1_859' title='bbox 2989 4658 3062 4711; x_wconf 78' lang='lat' dir='ltr'><strong>ita</strong></span> <span class='ocrx_word' id='word_1_860' title='bbox 3103 4657 3422 4713; x_wconf 86' lang='lat' dir='ltr'><strong>acciderunt</strong></span> 
     </span>
    </p>
   </div>
   <div class='ocr_carea' id='block_1_111' title="bbox 1858 4748 3423 4822">
    <p class='ocr_par' dir='ltr' id='par_1_111' title="bbox 1858 4748 3423 4822">
     <span class='ocr_line' id='line_1_111' title="bbox 1858 4748 3423 4822; baseline -0.003 -16"><span class='ocrx_word' id='word_1_861' title='bbox 1858 4767 1978 4821; x_wconf 69' lang='lat' dir='ltr'><strong>qure</strong></span> <span class='ocrx_word' id='word_1_862' title='bbox 2026 4753 2091 4805; x_wconf 91' lang='lat' dir='ltr'><strong>ad</strong></span> <span class='ocrx_word' id='word_1_863' title='bbox 2133 4751 2444 4822; x_wconf 86' lang='lat' dir='ltr'><strong>passionem</strong></span> <span class='ocrx_word' id='word_1_864' title='bbox 2487 4757 2758 4820; x_wconf 85' lang='lat' dir='ltr'><strong>spectant.</strong></span> <span class='ocrx_word' id='word_1_865' title='bbox 2801 4748 3258 4819; x_wconf 87' lang='lat' dir='ltr'><strong>quemadmodum</strong></span> <span class='ocrx_word' id='word_1_866' title='bbox 3299 4762 3423 4816; x_wconf 62' lang='lat' dir='ltr'><strong>quae</strong></span> 
     </span>
    </p>
   </div>
   <div class='ocr_carea' id='block_1_112' title="bbox 1860 4836 3415 4912">
    <p class='ocr_par' dir='ltr' id='par_1_112' title="bbox 1860 4836 3415 4912">
     <span class='ocr_line' id='line_1_112' title="bbox 1860 4836 3415 4912; baseline -0.005 -16"><span class='ocrx_word' id='word_1_867' title='bbox 1860 4843 1928 4896; x_wconf 86' lang='lat' dir='ltr'><strong>ad</strong></span> <span class='ocrx_word' id='word_1_868' title='bbox 1960 4850 2141 4897; x_wconf 85' lang='lat' dir='ltr'><strong>ortum</strong></span> <span class='ocrx_word' id='word_1_869' title='bbox 2175 4841 2229 4894; x_wconf 92' lang='lat' dir='ltr'><strong>in</strong></span> <span class='ocrx_word' id='word_1_870' title='bbox 2268 4855 2499 4912; x_wconf 88' lang='lat' dir='ltr'><strong>corpore</strong></span> <span class='ocrx_word' id='word_1_871' title='bbox 2529 4839 2960 4895; x_wconf 86' lang='lat' dir='ltr'><strong>conveniebant:</strong></span> <span class='ocrx_word' id='word_1_872' title='bbox 2997 4853 3123 4891; x_wconf 90' lang='lat' dir='ltr'><strong>nam</strong></span> <span class='ocrx_word' id='word_1_873' title='bbox 3152 4836 3295 4906; x_wconf 90' lang='lat' dir='ltr'><strong>quod</strong></span> <span class='ocrx_word' id='word_1_874' title='bbox 3320 4851 3415 4890; x_wconf 87' lang='lat' dir='ltr'><strong>or-</strong></span> 
     </span>
    </p>
   </div>
   <div class='ocr_carea' id='block_1_113' title="bbox 1852 4928 3420 5001">
    <p class='ocr_par' dir='ltr' id='par_1_113' title="bbox 1852 4928 3420 5001">
     <span class='ocr_line' id='line_1_113' title="bbox 1852 4928 3420 5001; baseline -0.004 -12"><span class='ocrx_word' id='word_1_875' title='bbox 1852 4944 1973 4990; x_wconf 84' lang='lat' dir='ltr'><strong>tum</strong></span> <span class='ocrx_word' id='word_1_876' title='bbox 2007 4942 2110 4997; x_wconf 90' lang='lat' dir='ltr'><strong>est,</strong></span> <span class='ocrx_word' id='word_1_877' title='bbox 2154 4932 2207 4987; x_wconf 91' lang='lat' dir='ltr'><strong>id</strong></span> <span class='ocrx_word' id='word_1_878' title='bbox 2237 4931 2400 4987; x_wconf 87' lang='lat' dir='ltr'><strong>etiam</strong></span> <span class='ocrx_word' id='word_1_879' title='bbox 2438 4932 2680 4998; x_wconf 83' lang='lat' dir='ltr'><strong>occidit;</strong></span> <span class='ocrx_word' id='word_1_880' title='bbox 2711 4929 2855 5001; x_wconf 86' lang='lat' dir='ltr'><strong>quod</strong></span> <span class='ocrx_word' id='word_1_881' title='bbox 2888 4944 3015 4985; x_wconf 88' lang='lat' dir='ltr'><strong>vero</strong></span> <span class='ocrx_word' id='word_1_882' title='bbox 3042 4928 3264 4991; x_wconf 90' lang='lat' dir='ltr'><strong>occidit,</strong></span> <span class='ocrx_word' id='word_1_883' title='bbox 3310 4942 3420 4982; x_wconf 91' lang='lat' dir='ltr'><strong>non</strong></span> 
     </span>
    </p>
   </div>
   <div class='ocr_carea' id='block_1_114' title="bbox 1852 5018 3419 5090">
    <p class='ocr_par' dir='ltr' id='par_1_114' title="bbox 1852 5018 3419 5090">
     <span class='ocr_line' id='line_1_114' title="bbox 1852 5018 3419 5090; baseline -0.005 -14"><span class='ocrx_word' id='word_1_884' title='bbox 1852 5023 1997 5077; x_wconf 87' lang='lat' dir='ltr'><strong>.alias</strong></span> <span class='ocrx_word' id='word_1_885' title='bbox 2027 5028 2257 5075; x_wconf 81' lang='lat' dir='ltr'><strong>mortem</strong></span> <span class='ocrx_word' id='word_1_886' title='bbox 2301 5021 2588 5090; x_wconf 78' lang='lat' dir='ltr'><strong>contingit,</strong></span> <span class='ocrx_word' id='word_1_887' title='bbox 2642 5034 2807 5090; x_wconf 84' lang='lat' dir='ltr'><strong>quam</strong></span> <span class='ocrx_word' id='word_1_888' title='bbox 2853 5019 2900 5077; x_wconf 88' lang='lat' dir='ltr'><strong>si</strong></span> <span class='ocrx_word' id='word_1_889' title='bbox 2932 5018 3085 5088; x_wconf 87' lang='lat' dir='ltr'><strong>prius</strong></span> <span class='ocrx_word' id='word_1_890' title='bbox 3114 5032 3209 5087; x_wconf 89' lang='lat' dir='ltr'><strong>per</strong></span> <span class='ocrx_word' id='word_1_891' title='bbox 3239 5024 3419 5077; x_wconf 85' lang='lat' dir='ltr'><strong>ortum</strong></span> 
     </span>
    </p>
   </div>
   <div class='ocr_carea' id='block_1_115' title="bbox 1854 5106 3421 5184">
    <p class='ocr_par' dir='ltr' id='par_1_115' title="bbox 1854 5106 3421 5184">
     <span class='ocr_line' id='line_1_115' title="bbox 1854 5106 3421 5184; baseline -0.005 -15"><span class='ocrx_word' id='word_1_892' title='bbox 1854 5112 2168 5184; x_wconf 79' lang='lat' dir='ltr'><strong>ingressum</strong></span> <span class='ocrx_word' id='word_1_893' title='bbox 2207 5113 2298 5168; x_wconf 89' lang='lat' dir='ltr'><strong>sit.</strong></span> <span class='ocrx_word' id='word_1_894' title='bbox 2347 5113 2471 5168; x_wconf 68' lang='lat' dir='ltr'><strong>llaec</strong></span> <span class='ocrx_word' id='word_1_895' title='bbox 2500 5113 2665 5184; x_wconf 77' lang='lat' dir='ltr'><strong>igitur</strong></span> <span class='ocrx_word' id='word_1_896' title='bbox 2695 5112 2919 5182; x_wconf 78' lang='lat' dir='ltr'><strong>exponit</strong></span> <span class='ocrx_word' id='word_1_897' title='bbox 2948 5112 3198 5165; x_wconf 83' lang='lat' dir='ltr'><strong>Salvator</strong></span> <span class='ocrx_word' id='word_1_898' title='bbox 3224 5123 3288 5163; x_wconf 90' lang='lat' dir='ltr'><strong>ac</strong></span> <span class='ocrx_word' id='word_1_899' title='bbox 3314 5106 3421 5161; x_wconf 82' lang='lat' dir='ltr'><strong>Do-</strong></span> 
     </span>
    </p>
   </div>
   <div class='ocr_carea' id='block_1_116' title="bbox 1859 5201 3422 5276">
    <p class='ocr_par' dir='ltr' id='par_1_116' title="bbox 1859 5201 3422 5276">
     <span class='ocr_line' id='line_1_116' title="bbox 1859 5201 3422 5276; baseline -0.006 -14"><span class='ocrx_word' id='word_1_900' title='bbox 1859 5209 2045 5263; x_wconf 78' lang='lat' dir='ltr'><strong>minus</strong></span> <span class='ocrx_word' id='word_1_901' title='bbox 2083 5216 2290 5270; x_wconf 90' lang='lat' dir='ltr'><strong>noster,</strong></span> <span class='ocrx_word' id='word_1_902' title='bbox 2327 5222 2435 5261; x_wconf 90' lang='lat' dir='ltr'><strong>non</strong></span> <span class='ocrx_word' id='word_1_903' title='bbox 2471 5216 2740 5276; x_wconf 79' lang='lat' dir='ltr'><strong>quatenus</strong></span> <span class='ocrx_word' id='word_1_904' title='bbox 2771 5210 2825 5259; x_wconf 87' lang='lat' dir='ltr'><strong>et</strong></span> <span class='ocrx_word' id='word_1_905' title='bbox 2855 5203 3038 5260; x_wconf 85' lang='lat' dir='ltr'><strong>carnis</strong></span> <span class='ocrx_word' id='word_1_906' title='bbox 3082 5209 3135 5256; x_wconf 89' lang='lat' dir='ltr'><strong>et</strong></span> <span class='ocrx_word' id='word_1_907' title='bbox 3175 5201 3422 5267; x_wconf 80' lang='lat' dir='ltr'><strong>corporis</strong></span> 
     </span>
    </p>
   </div>
   <div class='ocr_carea' id='block_1_117' title="bbox 1857 5291 3420 5370">
    <p class='ocr_par' dir='ltr' id='par_1_117' title="bbox 1857 5291 3420 5370">
     <span class='ocr_line' id='line_1_117' title="bbox 1857 5291 3420 5370; baseline -0.009 -14"><span class='ocrx_word' id='word_1_908' title='bbox 1857 5316 2054 5370; x_wconf 76' lang='lat' dir='ltr'><strong>expers</strong></span> <span class='ocrx_word' id='word_1_909' title='bbox 2090 5308 2219 5355; x_wconf 76' lang='lat' dir='ltr'><strong>erat</strong></span> <span class='ocrx_word' id='word_1_910' title='bbox 2270 5308 2488 5361; x_wconf 80' lang='lat' dir='ltr'><strong>natura,</strong></span> <span class='ocrx_word' id='word_1_911' title='bbox 2520 5315 2698 5369; x_wconf 85' lang='lat' dir='ltr'><strong>neque</strong></span> <span class='ocrx_word' id='word_1_912' title='bbox 2736 5305 3007 5368; x_wconf 87' lang='lat' dir='ltr'><strong>quatenus</strong></span> <span class='ocrx_word' id='word_1_913' title='bbox 3052 5293 3146 5349; x_wconf 88' lang='lat' dir='ltr'><strong>Dei</strong></span> <span class='ocrx_word' id='word_1_914' title='bbox 3184 5291 3420 5347; x_wconf 76' lang='lat' dir='ltr'><strong>Verbum</strong></span> 
     </span>
    </p>
   </div>
   <div class='ocr_carea' id='block_1_118' title="bbox 1863 5384 3446 5462">
    <p class='ocr_par' dir='ltr' id='par_1_118' title="bbox 1863 5384 3446 5462">
     <span class='ocr_line' id='line_1_118' title="bbox 1863 5384 3446 5462; baseline -0.007 -16"><span class='ocrx_word' id='word_1_915' title='bbox 1863 5392 2115 5462; x_wconf 77' lang='lat' dir='ltr'><strong>Deusque</strong></span> <span class='ocrx_word' id='word_1_916' title='bbox 2168 5392 2285 5460; x_wconf 79' lang='lat' dir='ltr'><strong>ipse</strong></span> <span class='ocrx_word' id='word_1_917' title='bbox 2341 5391 2676 5454; x_wconf 68' lang='lat' dir='ltr'><strong>intelligitur,</strong></span> <span class='ocrx_word' id='word_1_918' title='bbox 2720 5389 2814 5445; x_wconf 88' lang='lat' dir='ltr'><strong>sed</strong></span> <span class='ocrx_word' id='word_1_919' title='bbox 2873 5395 3145 5456; x_wconf 84' lang='lat' dir='ltr'><strong>quatenus</strong></span> <span class='ocrx_word' id='word_1_920' title='bbox 3188 5384 3446 5460; x_wconf 86' lang='lat' dir='ltr'><strong>idoneus_</strong></span> 
     </span>
    </p>
   </div>
   <div class='ocr_carea' id='block_1_119' title="bbox 1860 5474 3422 5551">
    <p class='ocr_par' dir='ltr' id='par_1_119' title="bbox 1860 5474 3422 5551">
     <span class='ocr_line' id='line_1_119' title="bbox 1860 5474 3422 5551; baseline -0.006 -15"><span class='ocrx_word' id='word_1_921' title='bbox 1860 5489 1980 5537; x_wconf 87' lang='lat' dir='ltr'><strong>erat</strong></span> <span class='ocrx_word' id='word_1_922' title='bbox 2008 5482 2061 5534; x_wconf 91' lang='lat' dir='ltr'><strong>in</strong></span> <span class='ocrx_word' id='word_1_923' title='bbox 2091 5482 2341 5535; x_wconf 81' lang='lat' dir='ltr'><strong>oratione</strong></span> <span class='ocrx_word' id='word_1_924' title='bbox 2363 5480 2429 5533; x_wconf 88' lang='lat' dir='ltr'><strong>ad</strong></span> <span class='ocrx_word' id='word_1_925' title='bbox 2457 5479 2668 5534; x_wconf 84' lang='lat' dir='ltr'><strong>Patrem</strong></span> <span class='ocrx_word' id='word_1_926' title='bbox 2698 5479 2908 5534; x_wconf 87' lang='lat' dir='ltr'><strong>dicere:</strong></span> <span class='ocrx_word' id='word_1_927' title='bbox 2929 5477 3087 5551; x_wconf 74' lang='lat'><strong>502</strong></span> <span class='ocrx_word' id='word_1_928' title='bbox 3110 5496 3126 5524; x_wconf 74' lang='grc' dir='ltr'><strong>ι</strong></span> <span class='ocrx_word' id='word_1_929' title='bbox 3154 5474 3422 5541; x_wconf 78' lang='lat' dir='ltr'><strong>Quoniam</strong></span> 
     </span>
    </p>
   </div>
   <div class='ocr_carea' id='block_1_120' title="bbox 1857 5572 3423 5645">
    <p class='ocr_par' dir='ltr' id='par_1_120' title="bbox 1857 5572 3423 5645">
     <span class='ocr_line' id='line_1_120' title="bbox 1857 5572 3423 5645; baseline -0.007 -16"><span class='ocrx_word' id='word_1_930' title='bbox 1857 5584 1920 5629; x_wconf 84' lang='lat' dir='ltr'><strong>tu</strong></span> <span class='ocrx_word' id='word_1_931' title='bbox 1979 5591 2042 5631; x_wconf 90' lang='lat' dir='ltr'><strong>es</strong></span> <span class='ocrx_word' id='word_1_932' title='bbox 2097 5576 2190 5645; x_wconf 80' lang='lat' dir='ltr'><strong>qui</strong></span> <span class='ocrx_word' id='word_1_933' title='bbox 2227 5574 2519 5629; x_wconf 82' lang='lat' dir='ltr'><strong>extraxisti</strong></span> <span class='ocrx_word' id='word_1_934' title='bbox 2551 5588 2659 5642; x_wconf 84' lang='lat' dir='ltr'><strong>me</strong></span> <span class='ocrx_word' id='word_1_935' title='bbox 2691 5572 2760 5627; x_wconf 88' lang='lat' dir='ltr'><strong>de</strong></span> <span class='ocrx_word' id='word_1_936' title='bbox 2786 5579 2998 5634; x_wconf 88' lang='lat' dir='ltr'><strong>ventre,</strong></span> <span class='ocrx_word' id='word_1_937' title='bbox 3031 5585 3158 5640; x_wconf 74' lang='lat' dir='ltr'><strong>spes</strong></span> <span class='ocrx_word' id='word_1_938' title='bbox 3206 5582 3326 5627; x_wconf 76' lang='lat' dir='ltr'><strong>mea</strong></span> <span class='ocrx_word' id='word_1_939' title='bbox 3355 5574 3423 5619; x_wconf 80' lang='lat' dir='ltr'><strong>an</strong></span> 
     </span>
    </p>
   </div>
   <div class='ocr_carea' id='block_1_121' title="bbox 1865 5661 3422 5733">
    <p class='ocr_par' dir='ltr' id='par_1_121' title="bbox 1865 5661 3422 5733">
     <span class='ocr_line' id='line_1_121' title="bbox 1865 5661 3422 5733; baseline -0.006 -13"><span class='ocrx_word' id='word_1_940' title='bbox 1865 5667 2126 5720; x_wconf 81' lang='lat' dir='ltr'><strong>uberibus</strong></span> <span class='ocrx_word' id='word_1_941' title='bbox 2183 5665 2375 5719; x_wconf 88' lang='lat' dir='ltr'><strong>matris</strong></span> <span class='ocrx_word' id='word_1_942' title='bbox 2434 5680 2588 5718; x_wconf 64' lang='lat' dir='ltr'><strong>mete.</strong></span> <span class='ocrx_word' id='word_1_943' title='bbox 2649 5661 2707 5717; x_wconf 92' lang='lat' dir='ltr'><strong>In</strong></span> <span class='ocrx_word' id='word_1_944' title='bbox 2762 5672 2815 5719; x_wconf 87' lang='lat' dir='ltr'><strong>te</strong></span> <span class='ocrx_word' id='word_1_945' title='bbox 2862 5663 3137 5733; x_wconf 71' lang='lat' dir='ltr'><strong>proiectus</strong></span> <span class='ocrx_word' id='word_1_946' title='bbox 3184 5675 3307 5714; x_wconf 83' lang='lat' dir='ltr'><strong>sum</strong></span> <span class='ocrx_word' id='word_1_947' title='bbox 3356 5673 3422 5713; x_wconf 79' lang='lat' dir='ltr'><strong>ex</strong></span> 
     </span>
    </p>
   </div>
   <div class='ocr_carea' id='block_1_122' title="bbox 1868 5754 3419 5813">
    <p class='ocr_par' dir='ltr' id='par_1_122' title="bbox 1868 5754 3419 5813">
     <span class='ocr_line' id='line_1_122' title="bbox 1868 5754 3419 5813; baseline -0.006 -2"><span class='ocrx_word' id='word_1_948' title='bbox 1868 5770 2038 5813; x_wconf 81' lang='lat' dir='ltr'><strong>utero.</strong></span> <span class='ocrx_word' id='word_1_949' title='bbox 2080 5756 2150 5809; x_wconf 68' lang='lat' dir='ltr'><strong>Ex</strong></span> <span class='ocrx_word' id='word_1_950' title='bbox 2190 5765 2374 5810; x_wconf 84' lang='lat' dir='ltr'><strong>ventre</strong></span> <span class='ocrx_word' id='word_1_951' title='bbox 2406 5756 2596 5810; x_wconf 87' lang='lat' dir='ltr'><strong>matris</strong></span> <span class='ocrx_word' id='word_1_952' title='bbox 2636 5771 2767 5810; x_wconf 64' lang='lat' dir='ltr'><strong>mea!</strong></span> <span class='ocrx_word' id='word_1_953' title='bbox 2814 5754 2956 5810; x_wconf 81' lang='lat' dir='ltr'><strong>Deus</strong></span> <span class='ocrx_word' id='word_1_954' title='bbox 3001 5770 3155 5807; x_wconf 79' lang='lat' dir='ltr'><strong>incus</strong></span> <span class='ocrx_word' id='word_1_955' title='bbox 3198 5767 3260 5809; x_wconf 81' lang='lat' dir='ltr'><strong>es</strong></span> <span class='ocrx_word' id='word_1_956' title='bbox 3304 5756 3419 5811; x_wconf 55' lang='lat' dir='ltr'><strong>tu.»</strong></span> 
     </span>
    </p>
   </div>
   <div class='ocr_carea' id='block_1_123' title="bbox 3077 5847 3151 5919">
    <p class='ocr_par' dir='ltr' id='par_1_123' title="bbox 3077 5847 3151 5919">
     <span class='ocr_line' id='line_1_123' title="bbox 3077 5847 3151 5919; baseline 0.027 -2"><span class='ocrx_word' id='word_1_957' title='bbox 3077 5847 3151 5919; x_wconf 64' lang='lat'><strong>25</strong></span> 
     </span>
    </p>
   </div>
  </div>
