3830 6260
486 382 589 441 ’Π9

1114 377 1376 433 EUSEBII
1405 377 1883 433 CxESARIENSlS
1921 376 2069 433 OPP.
2114 377 2291 432 PARS
2329 378 2393 432 Il.
2430 411 2496 422 ——
2525 379 3025 440 APOLOGETICA.

3587 390 3681 448 780

485 494 587 553 llic
616 496 780 567 igitur
811 496 938 547 dum
982 494 1046 545 in.
1093 492 1208 561 ipsa
1242 492 1496 562 passione
1535 502 1642 556 est,
1694 495 1921 564 supplex
1969 494 2032 548 ad

2141 495 2331 566 καιρὸν
2361 494 2453 548 τοῦ
2493 495 2697 561 πάθους
2734 499 2868 570 πρὸς
2900 500 2997 570 τὴν
3031 500 3168 555 κατὰ
3209 503 3301 557 τοῦ
3338 505 3563 560 θανάτου
3589 509 3680 564 πά-

487 587 699 643 Patrem
731 600 890 640 suum
947 597 1011 637 ea
1059 580 1211 645 dicit,
1249 598 1369 651 qua:
1422 588 1535 652 jam
1588 586 1836 655 exposita
1887 595 2037 642 sunt.

486 678 552 732 Et
600 692 724 731 cum
776 683 886 728 tam
941 673 1144 740 multae,
1190 674 1387 743 inquit,
1449 690 1535 730 me
1590 677 2041 732 circumventum:

485 768 595 824 sint
622 766 790 835 copiae
822 779 888 819 ex
925 764 1154 819 adverso
1182 765 1449 834 eilicaces,
1483 775 1536 821 et
1585 768 1782 836 impuri
1831 768 2037 822 daemo-

483 873 603 920 nes,
641 864 696 912 et
735 857 1041 927 spiritualia
1068 857 1340 927 nequitiae,
1373 867 1428 913 et
1455 858 1689 927 denique
1716 859 1761 913 is
1789 860 1883 928 qui
1918 874 2038 913 om-

483 952 633 1006 nium
672 952 943 1021 pessimus
981 959 1086 1013 est,
1119 953 1254 1022 ipse,
1288 952 1529 1022 inquam,
1575 952 1827 1022 princeps
1856 952 2040 1007 saeculi

484 1042 648 1112 bujus
691 1044 849 1112 (quos
873 1052 1093 1113 propter
1132 1044 1419 1106 malitiam,
1454 1042 1600 1100 feras
1640 1044 1906 1113 malignas
1936 1059 2037 1098 no-

483 1134 692 1188 minare
719 1148 815 1204 par
842 1142 948 1199 est,
985 1143 1039 1189 et
1078 1136 1161 1191 vel
1203 1144 1390 1189 tauros
1413 1142 1676 1205 agrestes.
1706 1136 1787 1190 vel
1818 1136 2036 1198 vitulos,

484 1226 568 1280 vel
611 1227 811 1291 leones,
845 1227 926 1281 vel
974 1228 1184 1293 canes),
1231 1235 1284 1281 et
1323 1241 1408 1281 me
1447 1234 1635 1279 contra
1673 1241 1861 1281 omnes
1889 1236 2039 1282 stare

483 1325 750 1389 oporteat,
780 1332 955 1386 neque
990 1316 1285 1387 quidquam
1319 1315 1444 1370 boni
1474 1315 1528 1369 in
1558 1331 1651 1370 eos
1677 1315 1778 1370 sim
1809 1317 2041 1369 collatu-

482 1427 601 1476 rus,
649 1420 934 1483 propterea
964 1410 1107 1482 quod
1151 1412 1255 1481 ipsi
1282 1418 1500 1482 propter
1538 1424 1850 1479 supremum
1881 1410 2065 1495 mali-.

483 1505 573 1560 tim
611 1504 876 1569 habitum,
912 1517 1158 1557 meorum
1193 1503 1461 1557 bonorum
1485 1517 1714 1573 capaces
1748 1517 1854 1555 non
1889 1508 2037 1563 sunt,

481 1610 660 1664 neque
703 1594 1009 1661 adjutorem
1059 1600 1155 1647 aut
1205 1593 1416 1648 socium
1453 1593 1681 1648 habeam
1730 1592 2039 1662 quempiam

482 1702 677 1743 eorum
713 1687 957 1755 ipsorum
993 1686 1089 1756 qui
1134 1686 1264 1740 dicti
1298 1692 1446 1749 sunt,
1494 1684 1549 1739 in
1583 1684 1879 1740 certamine
1908 1683 2039 1738 mihi

481 1793 579 1847 pro
610 1777 784 1831 salute
807 1776 1111 1832 animarum
1138 1776 1398 1843 ineundo,
1435 1791 1558 1846 quas
1584 1783 1711 1830 sunt
1735 1776 1876 1846 apud
1902 1775 2039 1831 infe-

478 1882 592 1930 ros,
620 1882 720 1922 cur
738 1868 959 1921 tandem
987 1882 1094 1921 non
1114 1867 1304 1921 merito
1329 1865 1555 1921 dixerim
1579 1882 1591 1917 :
1617 1884 1636 1917 ι
1659 1863 1815 1932 Quod
1830 1865 1883 1919 in
1907 1881 2037 1936 pro-

480 1958 629 2015 ximo
681 1961 753 2015 sit
804 1959 1043 2026 aﬂliotio,
1099 1968 1155 2014 et
1195 1959 1343 2029 quod
1388 1974 1496 2013 non
1539 1958 1611 2013 sit
1649 1958 1741 2028 qui
1783 1957 2037 2027 adjuvet?

483 2050 775 2107 «Caeterum
826 2051 1092 2121 malignas
1129 2050 1349 2121 quidem
1389 2060 1550 2119 atque
1598 2050 1856 2106 adversas
1884 2057 2037 2119 pote-

479 2152 646 2200 states
678 2159 788 2198 non
820 2142 997 2198 fuisse
1031 2142 1106 2196 illi
1136 2142 1361 2204 auxilio,
1396 2156 1572 2212 neque
1592 2140 1937 2196 succurrisse
1962 2139 2035 2194 ad

479 2240 678 2294 bonum
707 2240 1040 2311 properanti,
1068 2238 1252 2293 mirari
1278 2238 1411 2291 nihil
1450 2252 1675 2293 necesse
1713 2246 1816 2301 est,
1846 2249 2034 2289 verum

476 2334 623 2403 quod
650 2333 892 2387 omnium
926 2332 1228 2386 maximum
1262 2339 1366 2393 est,
1407 2343 1473 2385 ex
1500 2344 1564 2384 ea
1597 2327 1885 2383 amictione
1915 2340 2037 2396 qua:

478 2426 630 2479 illum
683 2425 917 2478 maxime
962 2423 1261 2493 premebat,
1294 2422 1348 2476 id
1392 2435 1523 2477 sane
1574 2420 1694 2484 iuit,
1736 2434 1804 2474 ne
1851 2418 2036 2472 faven-

476 2517 611 2571 tium
645 2515 861 2585 quidem
895 2528 961 2568 ac
990 2513 1345 2584 prOpitiorum
1361 2512 1683 2582 angelorum
1703 2510 2032 2581 quempiam,

477 2623 577 2662 nee
606 2606 910 2661 divinarum
942 2612 1278 2675 potestatum
1322 2618 1550 2673 prorsus
1602 2604 1789 2665 ullam,
1843 2616 2034 2657 ausam

475 2711 596 2750 esse
634 2696 808 2765 regias
847 2696 1038 2748 mortis
1068 2693 1259 2748 domos
1304 2692 1582 2755 invadere,
1613 2701 1779 2760 atque
1822 2690 1892 2743 ad
1929 2704 2031 2743 au-

477 2787 664 2839 silium
695 2788 1020 2849 animarum,
1051 2799 1172 2853 qua:
1222 2781 1333 2836 illic
1365 2788 1543 2845 erant,
1573 2783 1774 2836 sociam
1809 2796 1868 2836 se
1897 2795 2034 2850 prae—

478 2881 624 2935 bere.
676 2878 730 2934 Si
760 2879 977 2949 quidem
1003 2879 1096 2932 uni
1117 2878 1200 2932 illi
1240 2877 1343 2931 hoc
1372 2876 1663 2930 immotum
1690 2875 2031 2938 servabatur,

477 2972 914 3044 quandoquidem
962 2970 1055 3024 uni
1082 2970 1246 3025 etiam
1276 2977 1475 3037 apertae
1512 2976 1640 3023 sunt
1673 2975 1841 3036 porta:
1890 2981 2035 3019 mor-

476 3066 568 3130 tis,
597 3072 651 3119 et
684 3078 850 3117 unum
885 3064 1032 3117 illum
1063 3063 1176 3117 orci
1212 3062 1479 3132 janitores
1510 3058 1812 3128 conspicati
1847 3056 2035 3111 tormi—

2141 586 2270 657 λην,
2324 586 2505 639 οὐκέτι
2536 587 2725 658 βοηθὸς
2756 590 2901 661 αὐτῷ
2936 592 3131 663 παρῆν.
3201 594 3369 649 Τοῦτο
3396 597 3524 666 γοῦν
3554 601 3680 673 αὐτῷ

2144 679 2505 748 μαρτυροῦντι
2551 681 2825 736 πιστεύω’
2875 683 2935 734 τὸ
2989 685 3130 755 γὰρ,
3201 705 3219 738 ι
3265 689 3448 754 Ἠλεὶ,
3521 693 3678 755 Ἠλεὶ,

2139 768 2332 839 λαμμᾶ
2371 770 2668 841 σαϐαχθανλ¹
2691 813 2705 836 ,
2735 791 2753 824 ι
2796 775 3076 845 εἰρημένον
3114 778 3260 847 αὐτῷ
3291 781 3382 833 ἐπὶ
3409 781 3501 835 τοῦ
3538 800 3680 838 σταυ-

2142 860 2236 934 ροῦ
2260 899 2275 923 ,
2316 861 2409 914 καὶ
2441 862 2545 914 ὑπὸ
2589 861 2683 916 τοῦ
2715 863 2928 933 ψαλμοῦ
2959 869 3304 938 προφητικῶς
3344 872 3683 947 ἀναπεφωνη-

2144 949 2302 1019 μένον
2326 988 2340 1013 ,
2377 951 2506 1015 καὶ,
2566 970 2585 1002 ι
2610 950 2729 1005 Ὅτι
2768 952 2941 1023 θλίψις
2969 957 3164 1024 ἐγγὺς,
3220 959 3300 1011 ὅτι
3332 961 3430 1012 οὐκ
3475 962 3613 1015 ἔστιν
3658 967 3682 1019 ό

2143 1038 2382 1110 βοηθῶν,
2413 1061 2431 1093 ι
2491 1041 2542 1094 τί
2580 1041 2762 1113 ἕτερον
2794 1045 2980 1115 ἐδήλου
3023 1046 3055 1118 ἢ
3096 1048 3177 1100 ὅτι
3215 1047 3289 1111 ὡς
3332 1051 3501 1120 μέγας
3531 1053 3679 1127 ἀθλη-

2137 1130 2236 1201 τὴς
2272 1132 2383 1194 τοῖς
2434 1132 2702 1196 τοσούτοις
2757 1136 3070 1200 ἀντιπάλοις
3120 1138 3552 1212 προϐεϐλημένος
3606 1139 3680 1215 ἦν,

2139 1221 2594 1289 ἀγωνοθετοῦντος
2631 1226 2722 1279 καὶ
2755 1225 3104 1299 βραϐεύοντος
3133 1234 3243 1295 τοῖς
3272 1234 3573 1303 γινομένοις
3602 1236 3680 1291 τοῦ

2139 1313 2232 1366 ἐπὶ
2280 1315 2411 1368 πᾶσι
2449 1314 2623 1381 Θεοῦ;
2681 1317 2910 1389 Ἔφορον
2960 1319 3005 1373 δ’
3038 1316 3130 1375 οῦν
3172 1322 3280 1377 τῶν
3318 1327 3682 1396 πραττομένων

2141 1406 2437 1477 παρεκάλει
2472 1406 2562 1461 τὸν
2598 1407 2814 1480 Πατέρα
2845 1412 2939 1464 καὶ
2971 1412 3236 1484 πάρεδρον
3258 1458 3272 1479 ,
3328 1416 3404 1479 ὡς
3435 1416 3501 1470 ἂν
3529 1418 3682 1484 δεξιὸν

2140 1497 2434 1569 ἀλείπτην,
2490 1499 2638 1570 αὐτῷ
2690 1506 3050 1573 συμπαρεῖναι
3074 1542 3089 1565 ,
3128 1505 3299 1578 ταύτῃ
3355 1509 3580 1577 μάλιστα
3608 1512 3681 1565 ὅτε

2143 1587 2265 1658 μηδ’
2320 1587 2562 1659 ὑπῆρχεν
2612 1588 2761 1660 αὐτῷ
2806 1589 2995 1663 βοηθὸς
3055 1593 3300 1666 ἕτεροςῆ
3338 1596 3496 1665 μ’όνος
3543 1594 3621 1662 εἷς
3659 1602 3682 1651 ὀ

2140 1678 2442 1752 βραϐευτὴς
2491 1681 2597 1735 τῶν
2646 1683 2959 1753 γινομένων.
3036 1685 3128 1739 Διό
3178 1705 3339 1756 φησιν
3370 1690 3678 1760 εὐχόμενος

2144 1772 2279 1843 (Μὴ
2325 1772 2565 1844 ἀποστῇς
2609 1774 2704 1827 ἀπ’
2756 1775 2924 1846 ἐμοῦ,
2988 1777 3069 1829 ὃτι
3129 1776 3305 1848 θλίψις
3334 1781 3535 1848 ἐγγὺς,
3612 1782 3682 1836 ὅτι

2136 1861 2237 1913 οὐκ
2272 1859 2416 1913 ἐστιν
2444 1863 2473 1914 ό
2504 1861 2731 1933 βοηθῶν.
2763 1883 2781 1915 ι
2874 1865 3043 1936 Ὁρῶν
3073 1866 3129 1920 δὲ
3174 1868 3376 1933 ἐνθέοις
3427 1870 3677 1940 ὄμμασιν,

2137 1950 2217 2005 ἐτι
2247 1952 2339 2004 ἐπὶ
2369 1950 2462 2004 τοῦ
2496 1953 2671 2024 ίκρίου
2727 1957 3167 2026 προσηρτημένου
3198 1959 3345 2029 αὐτῷ
3378 1961 3472 2014 τοῦ
3518 1962 3679 2032 σώμα-

2135 2058 2226 2103 τος
2254 2079 2270 2104 ,
2327 2040 2425 2105 τάς
2484 2041 2680 2106 ἔξωθεν
2712 2046 2854 2114 ἀμφὶ
2897 2045 2989 2098 τὸν
3025 2047 3162 2118 ἀέρα
3212 2049 3399 2103 τοῦτον
3432 2052 3678 2123 ἀσάρκους

2137 2134 2230 2188 καὶ
2284 2134 2587 2206 ἀνθρώποις
2657 2137 2918 2208 ἀοράτους
2988 2138 3241 2210 δυνάμεις
3292 2141 3449 2214 δίκην
3501 2145 3679 2197 οἰωνῶν

2136 2226 2425 2299 ὼμοόόρων
2453 2229 2544 2281 καὶ
2567 2229 2763 2301 τρόπον
2791 2229 2992 2303 θηρίων
3030 2234 3157 2305 περὶ
3181 2235 3343 2290 αὑτὸν
3391 2237 3677 2309 ἰλυσπωμέ-

2136 2334 2232 2380 νας
2256 2355 2271 2380 ,
2312 2318 2405 2369 καὶ
2439 2318 2573 2388 πρὸς
2603 2319 2663 2371 τὸ
2702 2320 2890 2389 μέλλον
2915 2322 3038 2376 ὅσον
3064 2324 3215 2378 οῦπω
3251 2327 3445 2398 νεκρὸν
3487 2328 3678 2383 ἔσεσθαι

2134 2406 2297 2461 αὐτοῦ
2323 2407 2382 2460 τὸ
2404 2407 2564 2479 σῶμα
2581 2449 2596 2475 ,
2625 2411 2951 2481 πανταχόθεν
2970 2429 3028 2465 τε
3058 2414 3387 2485 συρρεούσας
3413 2418 3509 2481 τὰς
3529 2419 3676 2490 ἀρχὰς

2136 2500 2229 2553 καὶ
2256 2499 2498 2565 ἐξουσίας
2530 2500 2622 2553 τοῦ
2653 2502 2812 2573 ἀέρος
2835 2543 2849 2567 ,
2867 2502 2969 2556 τοῦ
2989 2505 3290 2576 πνεύματος
3321 2508 3414 2561 τοῦ
3443 2509 3534 2562 νῦν
3558 2512 3677 2582 ὲνερ-

2135 2591 2356 2661 γοῦντος
2380 2594 2436 2645 ὲν
2456 2595 2569 2654 τοίς
2590 2594 2721 2656 υἱοῖς
2743 2595 2840 2664 τῆς
2861 2594 3155 2660 ἀπειθείας,
3181 2596 3275 2651 καὶ
3302 2597 3383 2652 ἔτι
3412 2599 3535 2663 τοὺς
3557 2601 3672 2670 (ipsi

2134 2686 2231 2756 τὴν
2262 2686 2364 2762 γῆν
2396 2684 2778 2756 διιπταμένους
2810 2685 2931 2740 καθ’
2965 2686 3090 2757 ὅλης
3120 2687 3219 2758 τῆς
3252 2688 3360 2742 τῶν
3403 2690 3675 2761 ἀνθρώπων

2134 2778 2453 2850 οἰκουμένης
2479 2777 2734 2848 δαίμονας
2756 2793 2770 2807 ο
2825 2778 2971 2842 εἰκὸς
3000 2778 3042 2831 δ’
3067 2780 3149 2833 ὅτι
3178 2780 3272 2834 καλ⁵
3299 2782 3427 2845 τοὺς
3476 2781 3676 2853 ὑποχθο-

2134 2868 2279 2934 νίους
2307 2869 2405 2940 ἤδη
2427 2908 2442 2933 ,
2469 2869 2565 2923 καὶ
2588 2868 2714 2931 τοὺς
2741 2868 2797 2923 ὲν
2825 2869 2972 2940 αύτῷ
2998 2872 3251 2943 ταρτάρῳ
3278 2871 3452 2944 θῆρας
3480 2872 3673 2945 ἀγρίους

2134 2958 2227 3012 καὶ
2256 2957 2549 3030 φοϐεροὺς,
2586 2959 2712 3030 περὶ
2737 2952 2813 3011 ὧν
2851 2958 3073 3022 Ἡσαΐας
3105 2960 3239 3032 πρὸς
3285 2962 3375 3014 τὸν
3417 2963 3671 3015 ὲκπεπτω·

2135 3048 2266 3102 κότα
2321 3048 2415 3102 τοῦ
2452 3049 2681 3122 οὐρανοῦ
2764 3049 3066 3119 Ἑωσφόρον
3119 3052 3531 3123 ἀποτεινόμενος
3573 3052 3668 3105 ξλε-

476 3156 761 3219 daverunt,
796 3158 1020 3225 ipseque
1051 3155 1140 3207 ille
1157 3156 1250 3224 qui
1280 3153 1475 3207 mortis
1497 3150 1784 3222 imperium
1810 3151 2029 3216 habeat,

2136 3156 2261 3209 γεν⁸
2311 3159 2330 3192 ‹
2365 3141 2424 3194 '0
2444 3141 2575 3212 ᾅδης
2625 3139 2866 3194 κάτωθεν
2891 3140 3187 3212 ἐπικράνθη
3224 3144 3554 3214 συναντήσας
3584 3159 3665 3204 σοι,

477 3242 546 3298 de
578 3244 743 3314 regiis
776 3244 996 3297 sedibus
1042 3242 1261 3306 cedens,
1309 3249 1495 3310 utpote
1542 3243 1636 3310 qui
1680 3256 1847 3295 unum
1876 3241 2029 3295 illum

479 3347 634 3389 suum
664 3333 949 3387 Dominum
980 3342 1350 3405 cognosceret,
1385 3347 1509 3386 cum
1555 3331 1648 3384 iilo
1676 3338 1760 3386 est
1815 3331 2031 3385 locutus

486 3426 884 3498 leprecantium
922 3441 986 3481 ac
1037 3425 1460 3495 supplicantium
1512 3438 1665 3478 more
1698 3438 1804 3477 non
1849 3423 2031 3477 minus

492 3517 757 3587 gnaviter,
785 3528 949 3585 quam
985 3513 1126 3584 apud
1165 3512 1267 3568 Job
1297 3514 1364 3567 de
1395 3514 1480 3567 bis
1521 3513 1653 3582 ipsis
1695 3512 1858 3567 rebus
1895 3513 2033 3567 scri-

475 3616 623 3677 ptum
663 3616 783 3662 est:
831 3605 926 3660 sed
966 3614 1146 3660 tamen
1195 3603 1459 3659 nefariam
1504 3605 1651 3659 illius
1680 3605 1892 3675 tyranni
1926 3605 2030 3659 im-

474 3699 770 3769 potentiam
800 3711 973 3769 usque
1000 3697 1133 3751 adeo
1162 3710 1392 3751 cernens
1418 3694 1735 3760 invaluisse,
1769 3705 1827 3748 ut
1848 3694 2031 3748 nullus

475 3792 612 3847 alius
638 3791 940 3844 rmlestinm
966 3788 1159 3842 adesse
1194 3788 1273 3843 illi
1298 3788 1356 3842 in
1382 3788 1585 3843 talibus
1620 3788 1753 3841 locis
1785 3785 2029 3851 auderet,

474 3886 633 3946 atque
666 3881 731 3929 ad
771 3892 961 3931 earum
984 3878 1291 3933 animarum
1327 3880 1587 3941 salutem,
1620 3891 1741 3948 qum
1773 3875 1883 3929 illic
1933 3874 2031 3928 de-

475 3970 788 4024 tinebantur
807 3968 1021 4024 socium
1053 3986 1125 4025 se
1157 3972 1418 4042 praebere,
1454 3970 1652 4023 merito
1690 3967 1765 4021 ait
1788 3965 2032 4021 aﬂlictin-

398 4056 401 4059 ’
475 4074 600 4113 nem
632 4060 854 4130 propius
896 4061 1109 4126 adesse,
1143 4070 1428 4130 propterea
1467 4059 1614 4131 quod
1657 4074 1766 4113 non
1818 4058 1891 4112 sit
1937 4055 2031 4127 qui

474 4154 710 4223 adjuvet.
736 4155 935 4223 quippe
978 4169 1102 4209 cum
1138 4172 1279 4211 unus
1325 4157 1416 4210 ille
1440 4156 1530 4225 qui
1571 4154 1837 4225 potuisset
1867 4153 2030 4207 etiam

474 4244 671 4298 talibus
704 4244 759 4297 in
792 4246 924 4298 lacis
957 4246 1032 4299 illi
1061 4246 1335 4315 opitulari,
1372 4246 1549 4316 ipsum
1580 4244 1936 4307 deseruisset,
1970 4250 2029 4297 ut

473 4336 724 4390 videlicet
753 4336 965 4391 illustre
999 4338 1133 4391 illud
1158 4338 1527 4408 eximiumque
1552 4337 1875 4406 inemptum,
1909 4334 2030 4388 illa-

472 4443 578 4499 que
624 4428 917 4499 singularis
937 4429 1208 4485 adversus
1255 4444 1446 4485 omnes
1491 4430 1719 4484 victoria
1767 4437 2025 4499 tanquam

472 4521 691 4590 propria
746 4519 917 4591 ipsius
968 4520 1110 4590 apud
1149 4537 1337 4578 omnes
1378 4521 1781 4592 praedicaretur.
1837 4521 2023 4591 Itaque
2057 4543 2099 4598 ι)

470 4623 594 4663 cum
642 4608 736 4663 ille
782 4608 875 4677 qui
928 4623 1068 4665 unus
1100 4610 1202 4682 ipsi
1252 4611 1455 4664 auxilio
1480 4625 1602 4664 esse
1629 4616 1858 4680 poterat,
1890 4617 2025 4663 tunc

469 4700 573 4771 ipsi
593 4699 811 4769 adjutor
829 4715 938 4755 non
964 4709 1129 4765 esset,
1148 4702 1349 4758 merito
1373 4702 1426 4755 in
1452 4702 1569 4771 ipso
1587 4699 1741 4755 initio
1758 4701 1828 4755 ait
1853 4700 2019 4755 illud:

469 4789 628 4863 503
660 4809 677 4842 ι
700 4790 805 4853 Eli,
839 4791 944 4857 Eli,
981 4793 1179 4847 lamma
1212 4793 1595 4856 sabachtltani,
1626 4792 1729 4847 hoc
1756 4801 1861 4855 cst,
1882 4791 2025 4848 Deus

467 4898 640 4948 meus,
691 4883 834 4939 Deus
866 4899 1043 4950 meus,
1076 4899 1247 4954 quare
1268 4900 1357 4939 me
1385 4884 1796 4955 dereliquisti'?
1834 4903 1851 4935 ι
1886 4883 2023 4938 Nam

464 4973 752 5029 cumidem
782 4976 1182 5045 conciperetur,
1206 4986 1266 5031 et
1292 4978 1344 5029 in
1366 4983 1519 5031 utero
1535 4990 1566 5029 a
1599 4983 1787 5030 sancta
1806 4972 2025 5042 Virgine

465 5072 788 5136 (testaretur,
807 5077 936 5122 tunc
964 5066 1182 5137 quidem
1210 5075 1434 5137 paterna
1458 5067 1545 5120 vis
1577 5081 1699 5119 cum
1730 5066 1849 5133 ipso
1883 5070 2025 5127 erat,

464 5175 577 5229 quo
621 5169 865 5232 tempore
897 5159 1136 5229 Spiritus
1189 5167 1413 5215 sanctus
1453 5157 1656 5228 Virgini
1690 5156 2021 5225 supervenit,

460 5257 523 5306 et
549 5251 724 5306 virtus
752 5252 1020 5307 Altissimi
1058 5250 1409 5306 obumbravit
1438 5250 1540 5313 illi,
1603 5249 1826 5319 ipseque
1864 5247 2022 5302 Pater

462 5357 591 5397 eum
610 5344 703 5414 qui
732 5344 1073 5414 gignebatur,
1120 5342 1262 5399 sicut
1311 5341 1592 5397 oraculum
1625 5341 1903 5403 indicavit,
1953 5339 2022 5395 de

464 5442 655 5491 ventre
682 5436 873 5489 matris
897 5435 1150 5501 extraxit,
1180 5451 1302 5490 cum
1328 5442 1506 5490 autem
1545 5434 1647 5489 sub
1680 5433 1858 5503 ipsum
1889 5446 2019 5502 pas-

464 5524 636 5580 sionis
660 5535 872 5595 tempus
901 5526 967 5580 ad
1001 5527 1201 5581 luctam
1230 5528 1494 5583 adversus
1521 5535 1753 5581 mortem
1787 5540 2021 5581 exuere-

463 5617 575 5676 tur,
605 5629 713 5669 non
733 5613 861 5669 item
911 5614 985 5667 illi
1018 5623 1151 5670 tunc
1194 5623 1312 5669 erat
1371 5614 1606 5684 adjutar.
1635 5614 1747 5686 Ego
1778 5629 2020 5688 namque

534 5783 556 5818 '
589 5778 777 5840 Haurit.
815 5799 963 5839 »ατη
984 5823 1001 5849 ,
1035 5785 1121 5843 ιο.

2135 3229 2541 3303 συνηγέρθησάν
2568 3247 2649 3284 σοι
2671 3230 2869 3292 πάντες
2891 3231 2937 3282 οἱ
2963 3231 3212 3299 γίγαντες
3232 3246 3247 3261 ·
3274 3251 3292 3283 ι
3320 3231 3488 3285 ταῦτα
3513 3232 3570 3302 δὴ
3593 3226 3668 3285 οὖν

2134 3321 2345 3376 ἅπαντα
2383 3322 2619 3391 συνορῶν
2658 3318 2855 3386 ἔξωθεν
2891 3319 2949 3371 τὸ
2984 3319 3501 3392 ἀνεσκολοπισμένον
3536 3319 3667 3389 σῶμα

2126 3412 2451 3477 κυκλοῦντο,
2483 3413 2575 3466 καὶ
2605 3413 3126 3484 παρασκευαζόμενα
3154 3416 3272 3466 κατ’
3302 3413 3485 3477 αὐτοῦ,
3516 3414 3569 3467 τὸ
3597 3412 3661 3465 σύ·

2133 3519 2315 3574 στημα
2346 3503 2521 3557 αὐτῶν
2550 3503 2838 3575 διαγράφει
2872 3504 3094 3572 φάσκων
3123 3521 3137 3534 ο
3196 3523 3214 3554 ι
3242 3503 3659 3575 Περιεκύκὶωσάν

2132 3612 2200 3666 με
2233 3595 2419 3666 μόσχοι
2443 3595 2642 3659 πολλοὶ,
2668 3595 2856 3667 ταῦροι
2876 3597 3054 3659 πίονες
3081 3596 3364 3666 περιέσχον
3394 3614 3478 3666 με.
3506 3596 3658 3648 Ἥνοι-

2131 3686 2228 3753 ξαν
2261 3690 2345 3739 ἐπ’
2367 3687 2469 3757 ἐμὲ
2492 3687 2550 3741 τὸ
2578 3687 2750 3757 στόμα
2778 3687 2974 3750 αὐτῶν,
2998 3687 3073 3751 ὡς
3094 3686 3227 3741 λέων
3255 3690 3283 3739 ὁ
3312 3686 3562 3757 ἁρπάξων
3584 3686 3649 3739 καῖ

2130 3778 2454 3851 ὠρυόμενος,
2484 3801 2503 3832 ι
2536 3780 2725 3852 Ψυχὴν
2744 3780 2850 3852 γὰρ
2871 3823 2885 3846 ,
2916 3779 2990 3844 ὼς
3012 3780 3157 3843 εἰκὸς
3175 3818 3190 3842 ,
3213 3779 3656 3851 ἁνθρωπείαν,καὶ

2130 3874 2198 3943 τῇ
2235 3870 2341 3924 τῶν
2374 3871 2582 3925 πολλῶν
2610 3872 3027 3945 παραπλησίαν,
3068 3872 3232 3925 πλέον
3257 3872 3312 3926 δὲ
3345 3872 3492 3926 οὐδὲν
3519 3869 3651 3942 ἡγού-

2072 3980 2081 3989 ’
2135 3980 2283 4035 μενοι
2336 3960 2473 4019 εἶναι
2506 3965 2603 4036 τὴν
2632 3965 2693 4019 τὸ
2724 3965 2878 4035 σῶμα
2912 3962 3084 4035 Ἰησοῦ
3125 3965 3587 4036 κατασκηνοῦσαν,
3614 3961 3655 4030 ἦα

2131 4055 2310 4121 νοιξαν
2345 4058 2406 4111 τὸ
2445 4057 2616 4128 στόμα
2654 4059 2702 4111 oi
2740 4057 3120 4130 προειρημένοι
3150 4096 3165 4120 ,
3228 4058 3305 4121 ὡς
3342 4057 3533 4129 ὁμοίως
3560 4057 3653 4117 ταῖς

2129 4148 2316 4212 ἄλλαις
2340 4148 2446 4203 τῶν
2465 4148 2763 4221 ἀνθρώπων
2791 4150 2986 4220 ψυχαῖς
3006 4150 3099 4204 καὶ
3126 4149 3295 4220 αὐτὴν
3323 4148 3652 4219 καταπιοῦμε-

2131 4257 2242 4295 νοι’
2299 4240 2381 4295 διό
2413 4257 2573 4311 φησιν
2595 4257 2608 4271 ·
2649 4260 2668 4292 ι
2700 4242 2948 4306 Ἢνοιξαν
2979 4242 3063 4295 ἐπ’
3099 4241 3196 4312 ἐμὲ
3221 4242 3283 4294 τὸ
3310 4242 3482 4313 στόμα
3507 4238 3651 4294 αὐτῶν

2127 4332 2204 4399 ὡς
2249 4332 2383 4387 λέων
2414 4335 2442 4385 ὸ
2472 4330 2729 4404 ἁρπάζων
2760 4334 2854 4387 καὶ
2884 4333 3188 4405 ὼρυόμενος
3212 4348 3225 4362 ⁸
3248 4352 3268 4383 ι
3305 4326 3387 4397 οἷς
3417 4333 3532 4403 ἑξῆς
3559 4334 3652 4383 ἐπι-

2128 4423 2273 4494 λέγει
2291 4441 2305 4455 ’
2367 4443 2388 4476 ι
2407 4424 2550 4477 Ὠσεὶ
2580 4423 2721 4495 ὕδωρ
2749 4424 3032 4496 ἐξεχύθην*
3064 4445 3081 4476 ι
3119 4426 3258 4497 ὅπερ
3285 4425 3547 4497 αίσθητῶς
3575 4423 3649 4495 μὲν

2129 4512 2223 4567 καὶ
2243 4512 2382 4567 κατά
2401 4513 2495 4586 τὴν
2518 4515 2758 4585 ἱστορίαν
2776 4516 2913 4571 εἴποι
2936 4516 3002 4572 ἄν
3029 4534 3113 4580 τις
3144 4517 3557 4589 πεπληρῶσθαι,
3579 4518 3647 4571 ὅτι

2131 4600 2211 4670 εἷς
2237 4605 2344 4660 τῶν
2373 4609 2714 4679 στρατιωτῶν
2732 4649 2747 4673 ,
2805 4611 2945 4664 κατὰ
2971 4610 3062 4663 τὸν
3086 4611 3472 4684 εύαγγελιστὴν
3507 4613 3648 4666 Ἰωάνα

2130 4715 2255 4769 νην,
2291 4698 2383 4752 τοῦ
2412 4701 2582 4772 ἀμνοῦ
2622 4702 2715 4755 τοῦ
2744 4701 2876 4756 Θεοῦ
2908 4701 3071 4775 λόγχῃ
3107 4703 3206 4774 τὴν
3234 4704 3471 4778 πλευράν
3496 4703 3644 4769 ἔνυξε.

2131 4793 2223 4846 καὶ
2249 4792 2468 4864 ἐξῆλθεν
2498 4794 2659 4857 εὐθὺς
2687 4794 2829 4866 ὕδωρ
2861 4796 2954 4849 καὶ
2982 4792 3137 4866 αἷμα.
3171 4816 3189 4847 ι
3252 4797 3397 4869 Πλὴν
3426 4796 3552 4852 ἀλλά
3576 4795 3647 4848 καὶ

2128 4883 2225 4954 τὴν
2272 4884 2396 4955 ὃλην
2423 4887 2521 4957 τῆς
2548 4887 2915 4957 πνευματικῆς
2948 4888 3158 4956 φύσεως
3202 4889 3464 4961 νέκρωσιν
3489 4886 3646 4957 δηλοῦν

2127 4975 2269 5029 ἔοικε
2287 4975 2353 5029 δι’
2373 4973 2446 5030 ὧν
2468 4994 2626 5048 φησιν
2644 4994 2659 5008 ·
2685 4998 2701 5026 ι
2726 4978 2864 5031 Ὧσεὶ
2880 4978 3025 5053 ὕδωρ
3045 4978 3321 5050 ἐξεχύθην,
3345 4982 3436 5034 καὶ
3451 4979 3646 5046 διεσκορ-

2126 5065 2291 5137 πίσθη
2318 5067 2496 5121 πάντα
2527 5067 2592 5120 τὰ
2623 5068 2756 5120 ὀστᾶ
2808 5085 2929 5135 μου.
2983 5069 3243 5139 Ἐγενήθη
3290 5071 3323 5140 ἡ
3364 5068 3542 5141 καρδία
3564 5079 3639 5135 μου

2122 5155 2255 5209 ὡσεὶ
2306 5157 2472 5228 κηρὸς
2516 5157 2811 5228 τηκόμενος
2857 5159 2915 5212 ἐν
2973 5160 3120 5230 μέσῳ
3165 5159 3265 5229 τῆς
3320 5159 3513 5223 κοιλίας
3542 5169 3637 5227 μου·

2137 5246 2434 5318 Ἐξηράνθη
2468 5248 2542 5313 ὡς
2574 5248 2834 5321 ὄστρακον
2867 5251 2900 5321 ἡ
2930 5248 3081 5321 ἰσχύς
3120 5268 3252 5321 μου,
3278 5250 3370 5304 καὶ
3406 5241 3639 5320 ήγλώσσά

2122 5355 2229 5410 μου
2259 5339 2575 5410 κεκόλληται
2623 5340 2699 5411 τῷ
2729 5340 2957 5413 λάρυγγί
2987 5358 3107 5412 μου.
3138 5361 3156 5392 ι
3239 5343 3304 5396 Τί
3331 5342 3434 5414 γάρ
3459 5342 3518 5395 ἂν
3539 5333 3637 5392 ἀλλο

2127 5430 2297 5483 ταῦτα
2327 5431 2502 5487 πάντα
2530 5432 2777 5504 σημαίνοι
2823 5434 2856 5503 ἢ
2886 5432 3085 5503 νεκροῦ,
3111 5432 3361 5503 σώματος
3389 5432 3634 5487 σύστασινῖ

2138 5521 2419 5595 Ἐπιφέρει
2452 5522 2582 5590 γοῦν
2613 5524 2772 5589 εὐθὺς
2800 5522 2971 5593 λέγων
2991 5542 3008 5558 ’
3060 5544 3087 5577 ι
3108 5527 3218 5580 Καὶ
3249 5529 3328 5590 είς
3358 5524 3472 5597 χοῦν
3502 5518 3632 5575 θανά-

2123 5630 2218 5671 τοιυ
2236 5615 2548 5688 ,κατήγαγές
2574 5633 2670 5690 με.
2692 5636 2716 5669 ο
2748 5616 2929 5671 Ταῦτα
2955 5616 3057 5689 μὲν
3074 5617 3234 5674 οὕτω
3263 5619 3507 5690 γενόμενα
3528 5624 3629 5683 πρυ
