3830 6260
214 320 292 374 781
1031 316 1686 377 DEMONSTRATIONIS
1732 319 2185 375 EVASGELICE
2222 319 2353 374 LIB.
2399 321 2469 377 Χ..

3286 325 3394 381 ³⁸1δὲ

209 436 416 496 ϐλέπων,
466 434 535 495 ὡς
561 432 723 502 ἐγγὺς
753 433 806 486 δέ
841 435 930 486 καὶ
963 433 1182 504 πλησίον
1208 435 1309 504 ἤδη
1339 435 1547 490 ἑστῶτα
1566 477 1580 498 ,
1635 437 1721 489 καὶ

1829 436 1931 490 hoc
1963 439 2138 506 ipsum
2165 435 2242 488 illi
2297 435 2610 489 testilicanti
2639 435 2836 490 credo:
2873 451 2999 490 nam
3027 435 3159 490 illud
3192 449 3206 487 :
3244 452 3263 486 ι
3290 435 3391 497 Eli,

211 523 591 599 περικυκλοῦντα
622 524 777 578 αὐτὸν
800 567 813 587 ,
869 526 1068 594 ἔλεγεν.
1104 523 1266 590 Αὖθις
1292 527 1347 578 δέ
1379 525 1728 580 ἐπαναλαϐὼν

208 618 263 672 τὰ
287 615 375 688 ἢδη
408 616 863 691 προπεπραγμένα
899 619 976 681 εἰς
1007 617 1104 688 τὴν
1126 617 1231 670 τῶν
1265 617 1560 687 μελλόντων
1595 636 1729 690 συμ-

208 709 432 780 6ήσεσθαι
461 708 801 779 παραμυθίαν
824 751 838 773 ,
868 703 954 762 οἷα
988 710 1274 781 ὑπέμεινεν
1308 710 1724 776 ἐπιϐουλευθεὶς,

203 802 412 857 διδάσκει
441 799 628 868 λέγων·
668 819 686 851 ι
719 803 835 853 ’Ὁτι
872 801 1181 856 ἐκύκλωσαν
1225 821 1291 873 με
1330 804 1489 867 κύνες
1525 803 1725 867 πολλοὶ,

205 892 455 962 συναγωγὴ
484 893 916 962 πονηρευομένων
939 895 1220 965 περιέσχον
1244 912 1308 965 με
1329 914 1340 924 ·
1357 915 1374 947 ι
1398 895 1483 948 διὰ
1504 895 1724 960 τούτων,

201 987 263 1050 ὡς
285 985 416 1047 εἰκὸς
434 1025 447 1047 ,
469 983 637 1052 δηλῶν
663 983 793 1054 ὁμοῦ
822 986 919 1054 μὲν
947 987 1038 1039 καὶ
1061 989 1182 1050 τοὺς
1208 987 1536 1058 στρατιώτας
1557 1027 1570 1049 ,
1593 987 1725 1059 ὁμοῦ

199 1078 251 1132 δὲ
271 1077 353 1131 καὶ
382 1077 499 1138 τοὺς
527 1078 590 1128 ἐκ
623 1076 919 1147 περιτομῆς
954 1079 1356 1143 ἐπαναστάντας
1390 1077 1556 1148 αὐτῷ.
1626 1100 1643 1131 ι
1666 1080 1726 1133 Οί

200 1168 280 1239 μὲν
307 1168 406 1238 γὰρ
430 1167 747 1238 στρατιῶται
774 1169 863 1221 τοῦ
888 1169 1114 1224 Πιλάτου
1140 1211 1154 1234 ,
1208 1171 1609 1242 παραλαϐόντες
1636 1173 1726 1226 τὸν

207 1257 385 1330 Ἰησοῦν
410 1260 486 1322 είς
513 1259 572 1311 τὸ
602 1259 924 1331 πραιτώριον
940 1302 952 1324 ,
982 1263 1280 1332 συνήγαγον
1303 1263 1430 1334 ὅλην
1451 1263 1546 1335 τὴν
1572 1267 1724 1318 σπεῖ-

199 1368 277 1421 ραν
301 1350 377 1403 ἐπ’
403 1351 577 1404 αὐτόν.
629 1352 738 1405 Καὶ
766 1352 1081 1418 ἐκδύσαντες
1112 1355 1291 1419 αὑτὸν,
1320 1355 1564 1426 χλαμύδα
1597 1375 1725 1411 κοκ-

196 1442 326 1510 κίνην
351 1441 672 1513 περιέθηκαν
701 1442 864 1511 αὐτῷ.
931 1444 1038 1496 Καὶ
1073 1443 1360 1511 πλέξαντες
1387 1448 1640 1516 στέφανον
1668 1449 1726 1513 ἐξ

193 1533 409 1588 ἀκανθῶν
431 1533 699 1603 ἐπέθηκαν
729 1536 817 1588 ἐπὶ
841 1536 937 1604 τῆς
961 1536 1197 1604 κεᾳαλῆς
1226 1538 1386 1592 αὑτοῦ
1406 1579 1421 1603 ,
1453 1541 1546 1592 καὶ
1570 1540 1728 1594 κάλα-

193 1639 276 1693 μον
303 1625 355 1674 ἐν
379 1626 440 1694 τῇ
467 1626 609 1695 χειρὶ
637 1627 818 1684 αὑτοῦ,
893 1628 998 1680 Καὶ
1023 1631 1490 1700 γονυπετήσαντες
1521 1630 1726 1701 ἔμπρο-

191 1713 295 1772 σθεν
320 1717 381 1768 αὑ
394 1715 494 1780 τοῦ,
520 1717 798 1782 ἐνέπαιζον
851 1719 997 1790 αὑτῷ
1037 1719 1280 1789 λέγοντες
1306 1737 1318 1750 ·
1362 1723 1552 1792 Χαῖρε,
1577 1723 1604 1774 ὁ
1631 1722 1725 1793 βα-

189 1804 342 1865 σιλεὺς
372 1807 476 1861 τῶν
518 1809 804 1865 Ἰουδαίων.
884 1813 991 1864 Καὶ
1029 1812 1402 1880 ἐμπτύσαντες
1435 1817 1514 1879 είς
1540 1816 1721 1879 αὑτὸν,

188 1897 352 1953 ἔλαϐον
392 1899 478 1953 τὸν
508 1901 750 1973 κάλαμον
778 1943 794 1967 ,
851 1905 943 1957 καὶ
975 1904 1200 1959 ἔτυπτον
1235 1909 1312 1970 είς
1357 1908 1456 1980 τὴν
1487 1910 1723 1982 κεφαλὴν

186 1991 344 2045 αὑτοῦ.
406 1993 510 2047 Καὶ
563 1996 651 2048 ὅτε
688 1995 972 2064 ἐνέπαιξαν
1010 1999 1197 2070 αὑτῷ,
1258 2001 1511 2069 ἐξέδυσαν
1565 2006 1724 2058 αὑτὸν

185 2081 265 2152 τὴν
303 2084 536 2155 χλαμύδα
566 2126 583 2150 ,
619 2087 712 2139 καὶ
742 2088 992 2142 ἐνέδυσαν
1020 2091 1180 2144 αὑτὸν
1211 2091 1278 2145 τὰ
1309 2092 1496 2162 ἱμάτια
1520 2095 1681 2148 αὑτοῦ
1707 2115 1720 2127 ·

187 2175 262 2226 καί
295 2175 571 2245 ἀπήγαγον
611 2179 769 2232 αὑτὸν
807 2183 886 2244 είς
928 2181 988 2233 τὸ
1029 2183 1358 2255 σταυρῶσαιο
1393 2204 1409 2236 ι
1448 2190 1725 2258 μονονουχὶ

185 2263 308 2335 ἔργῳ
366 2267 695 2338 πληροῦντες
743 2271 801 2324 τὸ
826 2313 841 2337 ,
911 2292 929 2324 ι
959 2275 1079 2328 ’Ὁτι
1112 2275 1424 2330 ἐκύκλωσαν
1462 2296 1528 2348 με
1566 2279 1726 2344 κύνες

186 2355 342 2409 πολλοὶ
363 2396 376 2419 ,
412 2360 698 2430 συναγωγὴ
753 2367 1196 2435 πονηρευομένων
1228 2369 1510 2440 περιέσχον
1573 2388 1639 2441 με
1659 2388 1671 2400 ’
1701 2390 1719 2422 ι

185 2445 296 2498 ἀλλᾶ
329 2450 415 2502 καὶ
456 2450 538 2515 τὸ,
599 2470 618 2503 ι
645 2453 879 2524 Ὤρυξαν
912 2456 1098 2526 χεῖρας
1135 2476 1234 2528 μου
1272 2460 1364 2512 καὶ
1399 2461 1563 2525 πόδας
1600 2479 1722 2532 μου,

185 2535 523 2615 ἐξηρίθμησαν
587 2547 761 2600 πάντα
813 2546 882 2600 τὰ
935 2549 1067 2602 ὀστᾶ.
1120 2568 1255 2621 μου·
1296 2572 1312 2602 ι
1368 2553 1461 2606 καὶ
1517 2552 1594 2605 ἔτι.
1640 2555 1722 2619 τὺ,

190 2652 206 2684 ι
232 2635 376 2689 Δὺτοὶ
424 2639 479 2692 δὲ
525 2639 863 2711 κατενόησαν
913 2642 1004 2694 καὶ
1051 2643 1259 2696 ἐπεῖδόν
1302 2661 1368 2714 με
1386 2686 1401 2707 _,
1434 2664 1453 2696 ι
1505 2647 1598 2698 καὶ
1628 2646 1721 2708 τὸ,

190 2745 206 2778 ι
231 2731 603 2802 Διεμερίσαντο
645 2733 712 2785 τὰ
751 2735 943 2804 ἱμάτιά
975 2752 1073 2805 μου
1117 2738 1345 2800 ἑαυτοῖς,
1382 2737 1473 2789 καὶ
1511 2738 1604 2789 ἐπὶ
1633 2737 1724 2790 τὸν

184 2820 440 2892 ίματισμόν
468 2843 573 2896 μου
603 2825 790 2881 ἔϐαλον
815 2826 1033 2898 κλῆρον,
1059 2848 1077 2879 ι
1116 2825 1267 2892 αὖθις
1291 2829 1610 2900 ἐπληροῦτο,
1634 2831 1722 2883 ὅτε

181 2912 308 2982 ἥλοις
332 2916 491 2969 αὑτοῦ
528 2917 632 2981 τὰς
663 2921 849 2989 χεῖρας
888 2919 982 2974 καὶ
1019 2921 1144 2983 τοὺς
1180 2920 1341 2984 πόδας
1383 2920 1460 2990 τῷ
1505 2920 1723 2992 σταυρῷ

183 3006 503 3079 κατέπειραν,
549 3010 645 3063 καὶ
681 3010 915 3082 ὁπηνίκα
947 3010 1014 3064 τὰ
1045 3011 1234 3082 ἱμάτια
1271 3012 1436 3066 αὑτοῦ
1469 3012 1722 3076 λαϐόντες

181 3094 528 3168 διεμερίσαντο
595 3102 822 3164 ἑαυτοῖς.
897 3101 954 3154 Ὁ
1016 3101 1148 3169 γοῦν
1205 3102 1455 3172 Ἰωάννης
1517 3104 1719 3173 ἱστορεί

180 3185 352 3256 λέγων·
390 3208 407 3241 ι
439 3193 498 3243 Οἱ
537 3186 632 3244 οῦν
681 3190 1040 3263 στρατιῶται,
1091 3192 1180 3245 ὅτε
1229 3193 1578 3264 ἐσταύρωσαν
1628 3195 1719 3248 τὸν

188 3279 404 3348 Ἰησοῦν,
457 3281 650 3336 ἔλαϐον
698 3283 766 3337 τὰ
818 3284 1010 3354 ἱμάτια
1059 3283 1255 3347 αὑτοῦ,
1317 3286 1408 3346 καὶ
1461 3287 1721 3357 ἐποίησαν

179 3368 390 3443 τέσσαρα
421 3373 584 3445 μέρη,
614 3373 827 3446 ἑκάστῳ
857 3375 1160 3449 στρατιώτῃ
1187 3376 1367 3447 μέρος.
1391 3377 1492 3428 Τὸν
1522 3378 1721 3448 χιτῶνα

179 3459 242 3522 δὲ,
268 3463 341 3514 ὅτι
367 3465 614 3535 ἇρῤαφος
641 3461 729 3537 ἦν,
764 3467 828 3520 ἐκ
853 3466 958 3519 τῶν
986 3466 1189 3521 ἄνωθεν
1218 3469 1450 3537 ὑφαντὸς
1478 3468 1543 3520 δι’
1575 3469 1718 3535 ὅλου,

178 3546 310 3607 εἶπον
353 3557 486 3627 πρὸς
531 3556 792 3628 ἀλλήλους
817 3575 830 3587 ο
880 3557 969 3628 Μὴ
1019 3558 1290 3629 σχίσωμεν
1343 3559 1524 3622 αὑτὸν,
1586 3559 1720 3612 ἀλλὰ

178 3641 402 3716 λάχωμεν
446 3648 576 3721 περὶ
630 3648 792 3708 αὑτοῦ
839 3649 981 3712 τίνος
1005 3649 1187 3712 ἐσται,
1241 3651 1326 3709 ἵνα
1367 3649 1624 3721 πληρωθῇ
1686 3651 1718 3720 ἡ

176 3732 211 3785 Γ
211 3737 342 3809 ραφὴ
374 3739 404 3810 ἡ
430 3739 666 3808 λέγουσα
687 3757 700 3770 °
733 3742 1117 3813 Διεμερίσαντο
1143 3742 1210 3795 τὰ
1241 3743 1430 3812 ἱμάτιά
1461 3761 1560 3813 μου
1590 3745 1719 3796 ἐαυ-

172 3828 298 3889 τοῖς,
343 3830 432 3882 καὶ
476 3831 576 3883 ἐπὶ⁵
621 3829 712 3883 τὸν
755 3831 1047 3902 ἱματισμόν
1107 3848 1207 3901 μου
1265 3830 1451 3884 ἔϐαλον
1498 3831 1717 3902 κλῆρον.

173 3915 224 3969 0i
285 3920 379 3989 μὲν
443 3919 544 3976 οὖν
615 3923 939 3994 στρατιῶται
999 3922 1166 3977 ταῦτα
1227 3924 1463 3977 ἐποίουν.
1513 3943 1532 3974 ι
1613 3925 1722 3978 Καὶ

171 4005 425 4076 Ματθαϊος
467 4013 531 4066 δὲ
575 4017 686 4078 τοῖς
726 4014 1106 4085 γεγενημένοις
1153 4014 1340 4069 τοῦτον
1386 4017 1476 4070 τὸν
1523 4018 1720 4087 τρόπον

173 4107 422 4174 μαρτυρεῖ
450 4105 661 4173 λέγων’
713 4124 732 4156 ι
766 4105 1182 4178 Σταυρὼσαντες
1223 4107 1279 4168 δὲ
1317 4108 1497 4170 αὑτὸν,
1542 4108 1723 4180 διεμερ-

173 4191 372 4261 ρίσαντο
398 4195 467 4249 τὰ
507 4196 698 4266 ἱμάτια
723 4198 908 4261 αὑτοῦ,
939 4198 1186 4269 βαλόντες
1210 4199 1428 4272 κλῆρον,
1460 4201 1545 4253 ἵνα
1583 4201 1721 4272 πλη-

170 4277 300 4350 ρωθῇ
336 4281 395 4335 τὺ
428 4283 596 4354 ῥηθὲν
635 4283 720 4344 διὰ
754 4285 847 4338 τοῦ
885 4288 1162 4357 προφήτου
1184 4304 1196 4316 ’
1230 4290 1613 4362 Διεμερίσαντο
1655 4291 1724 4353 τὰ

171 4367 345 4437 ἱμάτιά
393 4391 496 4445 μου
547 4375 751 4440 ἐαυτοῖς
778 4415 792 4439 ,
853 4379 943 4430 καὶ
995 4380 1086 4433 ἐπὶ
1130 4382 1219 4440 τὸν
1275 4383 1565 4452 ἱματισμόν
1621 4401 1720 4453 μου

169 4459 340 4562 Ξΰαλον
388 4467 627 4539 κλῆρον’
679 4470 772 4528 καὶ
828 4470 1125 4542 καθήμενοι
1187 4475 1415 4545 ἐτήρουν
1459 4475 1640 4528 αὑτόν.
1698 4497 1716 4527 ι
1757 4509 1796 4562 υ

167 4552 326 4620 Κύνες
367 4558 425 4611 δέ
468 4555 612 4630 ἦσαν
663 4560 986 4626 κυκλοῦντες
1035 4564 1228 4626 αὑτὸν,
1282 4566 1377 4618 καὶ
1432 4565 1719 4644 συναγωγὴ

167 4649 621 4719 πονηρευομένων,
659 4652 706 4710 οἱ
739 4654 802 4706 ἐκ
829 4654 1128 4724 περιτομῆς
1155 4655 1414 4726 ἄρχοντες
1445 4659 1552 4712 τῶν
1593 4661 1720 4713 ’1ου-

162 4731 332 4801 δαίων,
375 4743 432 4794 οἵ
464 4759 526 4802 τε
565 4748 908 4814 γραμματεῖς
961 4749 1052 4798 καὶ
1099 4749 1147 4799 οἱ
1185 4748 1488 4820 ἀρχιερεῖς,
1534 4754 1625 4805 καὶ
1669 4755 1718 4806 οἱ

161 4822 452 4895 Φαρισαῖοι,
484 4834 534 4884 οἱ
568 4834 658 4885 καὶ
698 4835 758 4886 τὸ
788 4837 894 4888 πᾶν
936 4837 1314 4902 ἀνασείσαντες
1345 4839 1544 4910 πλῆθος
1575 4839 1715 4905 ἐξαι-

159 4919 414 4988 τήσασθαι
453 4928 517 4982 τὸ
545 4921 682 4995 αἷμα
712 4927 875 4982 αὑτοῦ
907 4930 1027 4983 καθ’
1051 4931 1255 4984 ἐαυτῶν
1295 4934 1387 4985 καὶ
1427 4933 1568 4995 κατὰ
1611 4935 1718 4993 τῶν

162 5003 297 5064 ἰδίων
332 5016 563 5072 τέκνων.
604 5020 792 5088 Σαφῶς
822 5020 951 5090 γοῦν
995 5024 1022 5075 ὀ
1051 5023 1278 5086 Ἡσαΐας
1325 5024 1490 5088 κύνας
1523 5026 1720 5089 αὑτοὺς

160 5099 415 5160 ἀποκαλεί
460 5111 720 5178 φάσκων·
779 5131 796 5163 ι
830 5115 1036 5178 Πάντες
1080 5115 1238 5179 κύνες
1279 5117 1440 5179 ἐινεοὶ,
1468 5118 1530 5172 οὑ
1556 5117 1716 5177 δυνάρ

162 5207 302 5260 μενοι
338 5199 610 5256 ὑλακτεῖν.
645 5222 662 5253 ι
705 5204 833 5257 Δέον
869 5206 976 5276 γὰρ
1015 5207 1231 5271 αὐτοὺς,
1265 5210 1313 5260 εί
1353 5210 1443 5262 καὶ
1474 5210 1547 5280 μὴ
1596 5227 1715 5264 ποι-

161 5282 326 5350 μένων
358 5291 561 5360 τρόπον
595 5294 970 5363 ἀνειλήφεσαν,
1010 5295 1142 5350 ἀλλὰ
1167 5297 1325 5369 δίκην
1349 5299 1477 5367 γοῦν
1494 5301 1714 5368 ἀγαθῶν

160 5376 346 5441 κυνῶν,
386 5381 492 5452 τὴν
532 5383 625 5436 τοῦ
669 5385 922 5440 δεσπότου
968 5387 1188 5458 λογικὴν
1233 5390 1466 5460 ποίμνην
1515 5394 1606 5445 καὶ
1649 5392 1718 5445 τὰ

158 5468 394 5536 πρόϐατα
418 5473 518 5528 τοῦ
549 5476 694 5538 οἰκου
732 5480 946 5551 Ἰσραὴλ
993 5481 1372 5549 φυλάττοντας,
1419 5487 1716 5556 ἐπιστημο-

158 5559 314 5623 νικὼς
346 5563 622 5634 ὑλακτεῖν,
665 5568 941 5636 φαίνοντας
982 5573 1078 5642 μὲν
1119 5575 1212 5628 καὶ
1254 5575 1716 5642 ἐπιγινώσκοντας

257 5738 300 5770 ⁸⁸
333 5740 498 5799 Joan.
533 5763 624 5802 xxx
647 5790 659 5812 ,
693 5748 780 5806 Si.

1833 525 1937 589 Eli,
1978 527 2175 580 lamma
2232 525 2607 586 sabacbthani,
2635 547 2651 577 ι
2690 529 2830 596 quod
2868 529 2935 582 ab
2973 530 3092 598 ipso
3141 529 3194 582 in
3227 543 3392 584 cruce

1830 616 2034 670 dictum
2068 625 2170 679 est,
2207 629 2417 669 necnon
2465 630 2495 669 a
2548 616 2756 684 psalmo
2786 619 3100 688 prophetico
3141 619 3394 680 enuntia-

1830 714 1963 769 tum,
1999 707 2232 775 itemque
2263 704 2407 774 quod
2437 703 2654 759 amictio
2681 722 2847 776 prope
2885 708 3122 776 adesset,
3154 718 3208 764 et
3246 709 3392 779 quod

1830 810 1938 850 non
1965 803 2108 851 esset
2140 795 2233 870 qui
2287 795 2567 864 adjuvaret
2599 834 2614 858 ,
2670 797 2799 866 quid
2830 800 3046 854 tandem
3105 800 3208 854 sibi
3246 802 3390 856 aliud

1828 887 2036 948 volunt,
2064 902 2224 956 quam
2257 887 2403 963 quod
2434 897 2688 956 tanquam
2734 904 2960 960 magnus
2989 898 3251 955 certator,
3282 901 3390 946 tatu

1828 979 2013 1034 multis
2070 979 2343 1047 tantisque
2396 981 2729 1039 adversariis
2784 983 2900 1053 ipse
2942 993 3088 1039 esset
3118 983 3391 1052 objectus,

1827 1072 2082 1142 praefecto
2105 1074 2222 1142 ejus
2238 1074 2558 1131 certaminis
2595 1082 2649 1129 et
2700 1076 2869 1130 totius
2897 1077 3094 1148 negotii
3123 1080 3389 1148 guberna-

1823 1169 1945 1217 tore
1978 1179 2233 1234 supremo
2258 1164 2504 1221 omnium
2531 1163 2680 1218 Deo?
2715 1164 3000 1232 praesidem
3032 1181 3159 1236 ergo
3209 1182 3389 1221 rerum

1830 1257 2188 1326 gerendarum
2229 1267 2388 1326 atque
2413 1270 2748 1312 assessorem
2799 1259 3126 1330 precabatur
3153 1257 3388 1320 Patrem,

1829 1354 1888 1400 ut
1943 1349 2098 1416 quasi
2153 1348 2522 1418 peritissimus
2570 1348 2774 1418 Aliptes
2831 1349 2934 1405 sibi
2994 1349 3212 1404 adesset
3263 1357 3394 1404 tunc

1828 1441 2082 1502 maxime,
2116 1456 2238 1494 cum
2270 1443 2408 1496 alius
2437 1442 2538 1512 ipsi
2568 1442 2786 1512 adjutor
2811 1443 3002 1497 adesse
3034 1450 3248 1514 poterat
3270 1443 3362 1496 nul
3382 1471 3394 1482 -

1825 1531 1933 1594 lus,
1957 1525 2167 1602 "praeter
2197 1550 2363 1587 unum
2390 1535 2565 1604 ipsum
2591 1535 2684 1603 qui
2703 1536 2869 1588 totius
2895 1535 3094 1604 negotii
3114 1542 3259 1590 esset
3289 1551 3392 1605 gu-

1825 1621 2102 1678 bernator.
2135 1621 2401 1689 Quocirca
2430 1625 2558 1679 dum
2587 1633 2727 1691 orat,
2762 1625 2840 1681 sic
2866 1627 2940 1679 ait
2968 1642 2981 1677 :
3016 1644 3034 1676 ι
3067 1624 3144 1681 Ne
3169 1625 3392 1686 recedas

1829 1728 1860 1768 a
1892 1731 1998 1780 me,
2035 1717 2292 1786 quoniam
2320 1717 2536 1773 aﬂlictio
2576 1734 2745 1794 prope
2793 1720 2968 1783 adest,
3000 1720 3257 1790 quoniam
3283 1736 3391 1774 non

1825 1817 1908 1863 est
1939 1809 2029 1879 qui
2068 1809 2303 1878 adjuvet.
2337 1830 2355 1861 ι
2391 1809 2599 1866 Divinis
2631 1821 2810 1866 autem
2864 1811 3104 1867 oraculis
3136 1827 3387 1872 cernens.

1820 1911 1949 1950 cum
1976 1897 2153 1951 adhuc
2184 1898 2258 1952 illi
2308 1913 2506 1969 corpus
2553 1900 2610 1954 in
2645 1900 2792 1970 ligno
2843 1909 2989 1956 esset
3039 1917 3388 1971 suspensum,

1825 1989 2168 2045 extrinsecus
2199 1991 2408 2044 circum
2458 1991 2604 2046 hunc
2639 2006 2819 2047 aerem
2875 2000 3159 2048 versantes
3205 1993 3392 2052 incor-

1826 2095 2018 2150 poreas
2045 2091 2097 2136 et
2127 2082 2440 2138 horninibus
2470 2083 2768 2139 invisibiles
2790 2092 3110 2155 potestates,
3133 2102 3252 2156 qum
3280 2087 3391 2140 cir-

1826 2188 1949 2227 cum
1981 2175 2158 2244 ipsum
2195 2177 2351 2246 quasi
2384 2175 2688 2231 crudivorze
2718 2194 2844 2234 aves
2872 2186 2925 2233 et
2961 2178 3085 2233 fera:
3133 2179 3389 2237 advolve-

1824 2262 2043 2326 bantur,
2067 2272 2120 2317 et
2148 2265 2212 2317 ad
2243 2272 2514 2318 mortuum
2546 2266 2655 2320 cito
2688 2266 2929 2321 futurum
2970 2267 3141 2337 ipsius
3168 2283 3388 2338 corpus,

1826 2355 2064 2424 undique
2096 2354 2430 2411 conﬂuentes
2463 2357 2800 2426 principatus
2835 2365 2887 2412 et
2920 2365 3216 2428 potestates
3249 2360 3391 2412 aeris

1827 2444 1988 2514 hujus
2026 2460 2087 2499 ac
2113 2447 2354 2516 spiritus,
2387 2447 2475 2516 qui
2495 2464 2638 2501 n-unc
2662 2447 2951 2503 emcaciam
2993 2464 3144 2506 suam
3175 2459 3390 2504 exercet

1824 2536 1880 2590 in
1913 2537 2037 2594 ﬁliis
2066 2542 2444 2598 contumaciae,
2475 2555 2571 2594 nec
2601 2555 2709 2594 non
2739 2541 2889 2594 circa
2923 2547 3126 2594 terram
3177 2555 3272 2610 per
3301 2546 3389 2593 to-

1825 2635 1939 2682 turn
1972 2629 2179 2691 orbem,
2212 2630 2302 2699 qui
2341 2630 2594 2685 incolitur
2639 2631 2708 2685 ab
2759 2631 3070 2687 hominibus
3103 2633 3390 2686 volitantes

1825 2719 2121 2783 daemones,
2149 2721 2408 2775 credibile
2435 2729 2614 2778 autem
2645 2730 2728 2778 est
2760 2723 2962 2778 vidisse
2992 2722 3234 2779 infernas
3263 2740 3389 2794 quo-

1825 2827 1933 2881 que
1971 2826 2033 2865 ac
2064 2819 2330 2866 tartareus
2357 2812 2565 2868 belluas
2600 2821 2843 2884 agrestes
2883 2823 3046 2884 atque
3066 2813 3390 2869 formidabi-

1823 2901 1924 2964 les,
1953 2901 2019 2956 de
2042 2903 2240 2972 quibus
2283 2902 2446 2957 lsaias
2466 2943 2480 2966 ,
2507 2902 2574 2956 ad
2603 2919 2724 2958 eum
2755 2905 2845 2974 qui
2871 2905 2936 2959 de
2958 2906 3098 2960 coelo
3121 2906 3392 2967 ceciderat

1824 2990 2135 3048 Luciferum
2185 3009 2493 3048 sermonem
2548 2994 2854 3058 intendens.
2899 2997 2972 3050 ita
3025 2997 3387 3068 loquebatur;

1829 3103 1848 3138 ι
1872 3083 2120 3141 lnl’ernus
2154 3084 2340 3140 subter
2379 3087 2736 3141 conturbatus
2773 3087 2931 3142 estin
2963 3102 3251 3144 occursum
3297 3091 3392 3143 ad,

1746 3166 1788 3222 C
1822 3188 2016 3234 ventus
2039 3178 2137 3240 tui,
2157 3177 2405 3234 suscitati
2431 3180 2666 3235 sunttibi
2696 3195 2889 3236 omnes
2918 3181 3164 3252 gigantes
3193 3201 3205 3236 :
3235 3201 3253 3234 ι
3276 3182 3391 3238 haec

1825 3272 2006 3340 itaque
2037 3273 2220 3326 omnia
2254 3272 2631 3343 conspiciens,
2665 3289 2821 3327 suum
2867 3274 3210 3329 extrinsecus
3240 3276 3389 3336 cruci

1825 3361 2037 3419 aliian
2060 3379 2260 3434 corpus
2288 3365 2340 3418 in
2379 3365 2562 3419 orbem
2594 3364 2895 3433 cingentia,
2930 3381 3097 3436 seque
3127 3365 3389 3422 adversus

1826 3455 2001 3523 ipsum
2033 3457 2406 3525 comparantia
2436 3457 2836 3510 multitudinem
2881 3472 3072 3511 eorum
3105 3458 3386 3519 collectam

1823 3546 2102 3611 describit,
2136 3549 2218 3602 sic
2244 3548 2476 3604 dicens:
2516 3567 2534 3598 ι
2575 3547 3070 3604 Circumdederunt
3115 3566 3202 3605 me
3235 3552 3389 3614 vituli

1823 3638 2004 3700 multi,
2036 3639 2178 3692 tauri
2220 3639 2452 3710 pingues
2506 3639 2839 3694 obsederunt
2887 3657 2991 3697 me.
3045 3642 3390 3713 Aperucruut

1823 3743 1987 3798 super
2008 3744 2092 3782 me
2113 3743 2173 3782 os
2202 3744 2382 3791 suum,
2409 3738 2466 3783 ut
2489 3731 2572 3784 leo
2604 3732 2823 3802 rapiens
2843 3740 2896 3787 et
2926 3734 3164 3804 rugiens.
3193 3757 3212 3789 ι

1824 3820 2031 3876 Etenim
2060 3821 2188 3877 dum
2218 3823 2474 3882 animam,
2506 3833 2564 3875 ut
2599 3838 2695 3892 par
2729 3831 2834 3884 est,
2870 3826 3160 3886 humanam
3198 3835 3250 3884 et
3287 3843 3391 3881 cae-

1823 3913 1954 3968 teris
1980 3913 2215 3967 similem
2252 3929 2351 3969 nec
2383 3916 2617 3985 amplius
2650 3925 2906 3984 prmterea
2944 3917 3236 3988 quidquam
3268 3936 3390 3976 esse

1823 4006 2178 4067 arbitrantur,
2209 4007 2352 4076 quod
2401 4008 2455 4061 in
2497 4023 2725 4076 corpore
2758 4006 2890 4066 .Jesu
2940 4010 3240 4077 habitabat,
3276 4013 3386 4068 bel-

1824 4097 2042 4160 lu:e,de
2073 4099 2273 4168 quibus
2329 4098 2590 4162 diximus,
2636 4111 2964 4170 aperuerunt
3004 4117 3066 4161 os
3117 4120 3300 4170 suum,
3332 4114 3385 4160 ut

1823 4191 2277 4262 quemadmodum
2307 4192 2443 4249 alias
2495 4193 2774 4248 hominum
2825 4197 3040 4254 animas
3094 4213 3386 4256 consueve-

1822 4289 1966 4347 rant,
2004 4285 2078 4336 ita
2127 4284 2288 4338 etiam
2336 4284 2479 4339 hanc
2533 4285 2879 4349 devorarent,
2933 4300 3261 4359 quapropter
3307 4292 3388 4346 sic

1825 4377 1900 4428 ait
1937 4395 1950 4429 :
1994 4395 2013 4428 ι
2050 4376 2393 4446 Aperucrunt
2448 4395 2614 4450 super
2669 4396 2756 4434 me
2795 4397 2856 4436 os
2916 4398 3095 4444 suum,
3129 4390 3385 4449 tanquam

1825 4465 1912 4522 leo
1940 4468 2156 4537 rapiens
2192 4475 2246 4522 et
2281 4471 2519 4540 rugiens,
2555 4489 2572 4520 ι
2631 4472 2829 4539 quibus
2885 4471 3142 4541 deinceps
3195 4472 3389 4541 adjune

1828 4559 1942 4629 git:
1979 4578 1996 4610 ‹
2039 4560 2204 4625 Quasi
2231 4576 2370 4630 aqua
2401 4561 2606 4616 eli‘usus
2638 4578 2778 4623 sum,
2821 4582 2837 4610 ›
2874 4562 3018 4631 quod
3061 4563 3277 4633 quidem
3301 4567 3387 4621 vel

1826 4655 1961 4726 ipsis
1991 4655 2239 4710 sensibus
2267 4656 2470 4724 percipi
2501 4655 2696 4724 pomit,
2727 4663 2888 4724 atque
2943 4654 3169 4710 historia
3229 4656 3385 4714 [idem

1826 4748 2055 4802 faciente
2077 4749 2404 4816 completum
2425 4756 2665 4812 est,cum
2684 4746 2933 4802 videlicet
2960 4763 3101 4802 unus
3129 4749 3384 4816 miiitum,

1828 4848 1887 4893 ιιι
1913 4847 1997 4895 est
2025 4839 2163 4909 apud
2195 4840 2580 4909 evangelistam
2608 4838 2896 4904 Joannem,
2937 4859 2956 4892 ι
2986 4840 3121 4910 Agni
3147 4839 3239 4896 Dei
3268 4853 3388 4901 lan-

1821 4947 1919 4986 cea
1950 4931 2091 4986 latus
2122 4929 2353 5000 aperuit,
2383 4941 2436 4984 et
2487 4929 2652 4984 exivit
2684 4929 2950 4985 continuo
3005 4947 3142 5001 aqua
3173 4938 3227 4986 et
3259 4945 3386 4984 san-

1825 5025 1948 5094 guis
1982 5023 2048 5086 ¹⁰,
2090 5042 2107 5073 ι
2144 5021 2239 5078 sed
2273 5029 2450 5076 tamen
2485 5031 2652 5074 totum
2676 5022 2979 5091 spiritualis
3002 5031 3208 5077 natura:
3237 5035 3378 5074 more

1825 5114 2174 5178 Iiticationem
2221 5112 2531 5184 signiﬁcare
2583 5113 2816 5176 videtur,
2851 5112 2941 5166 ubi
2999 5113 3119 5167 ait:
3161 5131 3178 5164 ι
3218 5111 3387 5176 Quasi

1825 5221 1965 5277 aqua
2007 5207 2212 5261 effusus
2261 5221 2402 5270 sum,
2437 5213 2492 5260 et
2537 5206 2784 5276 dispersa
2834 5211 2964 5260 sunt
3017 5207 3198 5264 omnia
3261 5218 3388 5258 ossa

1825 5312 1962 5352 mea.
2004 5295 2227 5350 Factum
2272 5307 2356 5351 est
2388 5311 2484 5351 cor
2522 5310 2698 5357 meum
2747 5304 3000 5363 tanquam
3045 5309 3168 5348 cera
3217 5293 3389 5361 lique—

1826 5406 1985 5446 scens
2022 5391 2076 5444 in
2111 5387 2290 5442 medio
2317 5387 2522 5446 ventris
2571 5387 2694 5441 mei.
2735 5386 2893 5439 Aruit
2938 5393 3195 5454 tanquam
3246 5391 3389 5448 testa

1821 5483 1999 5536 virtus
2029 5497 2164 5547 mea,
2192 5489 2247 5536 et
2275 5481 2459 5551 lingua
2486 5493 2608 5542 mea
2657 5477 2885 5532 adhaesit
2931 5478 3136 5549 gutturi
3181 5492 3321 5535 meo.
3363 5495 3384 5528 ι

1823 5575 1964 5642 Quid
2001 5574 2146 5634 enim
2179 5573 2329 5636 aliud
2380 5573 2601 5637 tandem
2634 5573 2883 5627 universa
2917 5571 3031 5637 haec
3059 5569 3385 5648 signiﬁcent,
