3830 6260
506 350 616 410 783
1161 350 1427 407 EUSEBH
1462 351 1941 409 CIESARIENSIS
1972 353 2122 410 OPP.
2164 355 2345 412 PARS
2388 358 2450 413 ΙΙ.
2484 391 2551 400 -—
2584 361 3081 420 APOLOGETICA.
3610 378 3691 435 784

502 487 668 545 quam
701 486 900 525 mortui
933 469 1180 539 corporis
1215 468 1621 524 conditionem?
1646 469 1871 540 proinde
1921 470 2024 525 illic

2125 473 2258 534 ιτὸν
2308 476 2515 529 ἑαυτῶν
2559 477 2823 550 δεσπότην
2877 481 2970 534 καὶ
3020 482 3414 555 ἀρχιποιμένα,
3476 489 3611 565 πάσῃ
3643 514 3690 550 τε

505 563 752 635 adjungit
781 561 912 615 illud
951 580 963 615 :
1006 579 1024 612 ι
1063 559 1128 614 Et
1156 562 1211 615 in
1237 562 1511 631 pulverem
1564 561 1757 617 mortis
1788 562 2018 617 deduxis

2167 567 2378 639 φυλακῇ
2426 569 2523 641 τὴν
2573 573 3006 645 πεπιστευμένην
3060 553 3257 640 αὐτοῖς
3292 577 3520 652 ποίμνην
3554 553 3690 655 φρου-

501 670 608 710 me.
646 673 665 705 ι
702 651 826 707 “(ne
856 652 1019 723 igitur
1043 652 1173 707 dum
1230 654 1478 722 providet
1534 654 1773 707 nondum
1816 653 1978 719 facta,
2005 671 2024 709 t

2165 658 2408 730 ροῦντας.
2437 662 2684 717 ὑλακτεῖν
2715 664 2793 729 δὲ,
2829 667 2878 718 εί
2903 666 3029 737 ἄρα,
3060 667 3199 720 κατὰ
3240 667 3351 722 τῶν
3379 651 3573 734 ἔξωθεν
3592 651 3689 732 επις

499 743 845 798 adventantia
879 751 1060 799 tamen
1085 743 1221 800 etde
1249 749 1495 813 proximo
1519 744 1879 807 imminentia,
1907 756 1961 801 et
1983 761 2024 801 St

2160 747 2523 806 ϐουλευόντων
2559 756 2625 825 τῇ
2655 753 2858 825 ποίμνῃ
2879 769 2895 785 ⁸
2930 755 2980 808 οἱ
3010 754 3065 808 δὲ
3108 755 3287 811 κυνῶν
3314 759 3505 830 τρόπον
3531 764 3689 831 ὲνεῶν,

497 835 674 906 ipsum
698 834 925 904 jamjam
977 835 1477 899 circumvenientia,
1508 833 1741 890 dicebat.
1790 834 1899 890 Sed
1939 852 2024 891 τοι

2159 843 2234 908 ὡς
2279 845 2493 916 ἀληθῶς
2525 848 2619 902 καὶ
2669 849 2982 920 μεμηνότων
3025 851 3150 915 τοὺς
3194 850 3464 924 ὑλαγμοὺς
3506 855 3687 930 ἔφερον,

494 941 592 982 sus
619 926 864 997 repetitis
893 926 963 981 iis
994 942 1121 996 quae
1142 925 1255 995 jam
1292 933 1452 979 antea
1504 933 1651 996 gesta
1708 934 1855 990 sunt,
1888 935 1945 982 ut
1974 942 2024 984 se

2157 935 2226 988 τὰ
2259 934 2500 1005 πρόϐατα
2534 937 2627 990 τοῦ
2664 938 2920 1008 ποιμένος
2969 937 3367 1011 ἐξαγριοῦντες,
3402 942 3535 997 ὥστε
3573 925 3690 1001 e126-

494 1019 673 1088 ipsum
706 1019 773 1074 de
807 1018 875 1075 iis
902 1033 1021 1089 qua:
1063 1026 1249 1088 postea
1303 1027 1561 1073 eventura
1590 1026 1766 1082 erant,
1801 1022 2059 1075 consola-

2156 1039 2263 1086 τως
2288 1025 2471 1087 αὐτοῖς
2503 1026 2761 1097 ἁρμόζειν
2785 1027 2876 1080 τό·
2934 1047 2951 1079 ι
2978 1028 3426 1100 Περιεκύκλωσάν
3456 1052 3519 1103 με
3556 1035 3689 1104 κύνες

494 1119 667 1172 retur,
701 1125 825 1181 qua:
853 1109 1415 1165 sustinueritinsidiis
1444 1110 1868 1175 circumventus,
1901 1112 2024 1167 doce

2153 1113 2373 1176 πολλοὶ,
2419 1117 2705 1188 συναγωγὴ
2751 1117 3199 1189 πονηρευομένων
3258 1121 3537 1193 περιέσχον
3574 1142 3647 1195 με.
3667 1147 3682 1178 ι

492 1202 579 1258 his
604 1202 784 1258 verbis
817 1220 829 1255 :
868 1219 886 1253 ι
927 1202 1191 1267 Quoniam
1239 1200 1714 1258 circumdederunt
1749 1218 1834 1257 me
1892 1217 2056 1259 canes

491 1295 668 1350 multi.
723 1293 1082 1365 Congregatio
1131 1292 1543 1363 malignantium
1603 1294 1816 1349 obsedit
1868 1310 1989 1350 me:
2029 1313 2049 1346 ι

489 1385 690 1456 quibus
719 1400 854 1441 sane
898 1386 1075 1440 verbis
1121 1391 1234 1438 tum
1291 1385 1441 1455 ipsos
1499 1384 1699 1440 milites
1747 1395 1860 1439 tmn
1889 1387 2053 1441 etiam

487 1478 704 1534 Judaeos
754 1480 847 1549 qui
916 1478 973 1532 in
1022 1477 1261 1547 seipsum
1308 1478 1775 1547 conspiraverant,
1823 1478 2052 1548 intelligi

489 1571 622 1625 vult.
664 1568 946 1640 Siquidem
985 1588 1004 1622 ι
1044 1570 1245 1625 milites
1269 1567 1429 1624 Pilati
1476 1570 1837 1639 suscipientes
1864 1568 2050 1626 Jesum

488 1662 544 1717 in
601 1661 873 1732 prmtorio,
908 1668 1378 1732 congregaverunt
1436 1662 1505 1715 ad
1553 1676 1677 1715 eum
1740 1661 2049 1716 universam

484 1756 783 1812 cohortem.
816 1755 883 1810 Et
913 1765 1174 1811 exuentes
1196 1770 1341 1819 eum,
1371 1755 1706 1827 chlamydem
1735 1753 2046 1809 coecineam

2154 1204 2263 1257 Καὶ
2298 1206 2498 1271 πάντες
2525 1207 2581 1261 δὲ
2614 1209 2664 1261 οἱ
2704 1211 2783 1273 είς
2821 1209 2979 1282 δεῦρο
3002 1209 3091 1264 τὸν
3126 1211 3308 1281 ὅμοιον
3345 1216 3540 1285 τρόπον
3572 1219 3689 1271 ὲκεί-

2151 1313 2262 1361 νοις
2283 1297 2748 1371 διαπραττόμενοι,
2782 1302 2841 1354 ὲν
2873 1300 2953 1372 τῷ
2983 1301 3319 1375 βλασφημεῖν
3350 1305 3442 1358 καὶ
3475 1306 3686 1361 ὑλακτεῖν

2151 1389 2240 1443 τὸν
2272 1391 2502 1461 Χριστὸν
2538 1391 2630 1444 τοῦ
2662 1392 2816 1455 Θεοῦ,
2845 1393 2946 1446 οὐκ
2989 1391 3054 1446 ἂν
3086 1392 3352 1466 ἀλλότριοι
3385 1396 3594 1450 ἐκείνων
3619 1397 3689 1451 λο-

2146 1478 2400 1547 γισθεῖεν.
2454 1480 2611 1534 Ἀλλά
2656 1482 2748 1535 καὶ
2787 1482 2835 1534 οἱ
2873 1481 3030 1553 δίκην
3074 1482 3182 1534 τῶν
3219 1484 3341 1535 τότε
3380 1483 3685 1538 ἀσεϐούντων

2146 1573 2494 1642 στρατιωτῶν
2539 1572 3000 1645 ἀνασταυροῦντες
3043 1573 3134 1627 τὸν
3158 1574 3284 1627 Υἱὸν
3315 1574 3410 1628 τοῦ
3438 1574 3566 1629 Θεοῦ
3610 1575 3687 1629 καὶ

2144 1663 2728 1734 παραδειγματίζοντες
2757 1666 2857 1719 οὐκ
2889 1666 2955 1720 ἂν
2983 1664 3085 1735 τῆς
3116 1665 3340 1720 ἐκείνων
3369 1666 3578 1737 μακρὰν
3607 1666 3661 1734 γέ

2149 1769 2319 1806 νοιντο
2352 1753 2660 1819 διαθέσεως.
2713 1756 2915 1820 Πάντες
2954 1751 3049 1809 οὖν
3091 1754 3257 1808 εἰσέτι
3311 1756 3407 1810 καὶ
3440 1755 3532 1808 νῦν
3561 1756 3604 1808 οἱ
3636 1756 3686 1808 τὸ

479 1850 959 1906 circumdederunt
987 1848 1059 1904 ei.
1110 1847 1176 1901 Et
1207 1848 1500 1919 plectentes
1533 1862 1789 1902 coronam
1840 1846 1906 1901 de
1934 1845 2016 1915 spi

2148 1841 2303 1912 σῶμα
2335 1842 2428 1896 τοῦ
2455 1843 2710 1914 Χριστοῦ,
2744 1845 2988 1897 τουτέστι
3023 1844 3123 1916 τὴν
3159 1844 3506 1915 Ἐκκλησίαν,
3530 1842 3685 1897 λωϐώ-

481 1940 591 2005 nis,
629 1941 1005 2010 imposuerunt
1034 1954 1196 2009 super
1237 1947 1401 2007 caput
1450 1937 1591 2007 ejus,
1637 1945 1692 1993 et
1723 1939 2044 1992 arundinem

482 2033 538 2087 in
569 2032 789 2088 dextera
818 2031 957 2101 ejus.
983 2029 1048 2083 Et
1078 2029 1305 2100 genibus
1334 2029 1488 2084 flexis
1506 2036 1636 2084 ante
1668 2046 1813 2091 eum,
1848 2029 2041 2084 illude-

482 2127 613 2181 bant
642 2125 691 2181 ei
714 2123 960 2179 dicentes
985 2142 997 2178 :
1026 2123 1158 2186 Ave,
1183 2118 1295 2176 Rex
1325 2120 1656 2178 Judaeorum.
1693 2120 1757 2175 Et
1774 2136 2044 2191 exspuen-

480 2227 563 2272 tes
597 2220 651 2272 in
679 2232 824 2280 eum,
857 2223 1184 2285 acceperunt
1217 2213 1560 2279 arundinem,
1583 2225 1636 2268 et
1662 2215 2041 2285 percutiebaut

476 2317 641 2381 caput
674 2310 815 2378 ejus.
870 2307 935 2363 Et
985 2316 1271 2378 postquam
1315 2306 1605 2362 illuserunt
1653 2307 1726 2370 ei,
1773 2313 2040 2361 exuerunt

475 2418 599 2456 cum
652 2398 1033 2472 chlamydem,
1107 2406 1162 2453 et
1217 2399 1511 2453 induerunt
1568 2412 1693 2452 eum
1740 2403 2037 2451 vestimen-

474 2501 546 2555 tis
595 2499 712 2554 suis
743 2516 755 2552 :
785 2504 840 2553 et
893 2496 1236 2552 abduxerunt
1262 2511 1385 2551 eum
1415 2502 1474 2549 ut
1502 2492 1881 2562 cruciﬁgerent
1903 2490 1977 2556 ¹’¹;
2010 2511 2030 2544 ι

473 2589 865 2662 propemodum
917 2603 977 2643 re
1028 2589 1146 2658 ipsa
1190 2591 1523 2657 complentes
1583 2585 1714 2639 illud
1769 2604 1782 2639 :
1824 2604 1843 2636 ι
1882 2583 2033 2651 Quo-

468 2684 620 2738 niam
693 2682 1169 2738 circumdederunt
1227 2696 1312 2735 me
1377 2694 1541 2735 canes
1612 2678 1765 2732 multi
1831 2697 1844 2732 :
1899 2693 2036 2732 con-

464 2777 656 2831 cilium
704 2776 1113 2846 malignantium
1162 2770 1376 2826 obsedit
1428 2785 1532 2825 me.
1592 2789 1610 2821 ι
1670 2767 1829 2839 505
1891 2769 2034 2835 Quin

472 2867 605 2923 illud
655 2868 817 2922 etiam
863 2886 876 2921 :
924 2884 943 2916 ι
994 2863 1271 2919 Foderunt
1314 2876 1508 2916 manus
1551 2876 1702 2915 meas
1750 2869 1804 2915 et
1860 2860 2029 2931 pedes

472 2971 660 3021 meos,
690 2955 1170 3009 dinumeraverunt
1217 2951 1399 3005 omnia
1462 2966 1586 3006 ossa
1639 2964 1780 3005 mea.
1838 2969 1856 3002 ι
1898 2949 2031 3004 Item

471 3049 605 3103 illud
652 3066 665 3102 :
714 3065 737 3098 1
780 3045 894 3116 Ipsi
931 3053 1109 3099 autem
1158 3043 1645 3098 consideraverunt
1684 3049 1738 3098 et
1781 3042 2031 3111 inspexe-

467 3148 597 3197 runt
640 3140 695 3194 in
735 3154 851 3201 me,
886 3157 905 3191 ι
940 3145 995 3193 et
1050 3136 1182 3191 illud
1229 3155 1242 3190 :
1280 3155 1300 3188 ι
1345 3134 1657 3191 Diviserunt
1707 3135 2027 3191 vestimenta

467 3246 588 3288 mea
641 3230 767 3294 sibi,
821 3236 876 3285 et
909 3243 1074 3298 super
1100 3239 1303 3283 vestem
1356 3242 1535 3281 meam
1589 3231 1855 3281 miserunt
1908 3241 2027 3281 sor-

466 3334 597 3377 tem.
633 3313 653 3374 ὸ
691 3319 834 3384 Haec,
872 3319 1116 3389 inquam,
1146 3319 1329 3373 omnia
1377 3325 1508 3371 tunc
1553 3319 1821 3389 completa
1873 3324 2024 3383 sunt,

463 3428 588 3467 cum
622 3413 676 3468 in
701 3427 864 3467 cruce
895 3419 1166 3465 ctmanus
1201 3410 1346 3464 illius
1372 3417 1422 3464 el
1448 3409 1631 3479 pedes,
1661 3411 1829 3465 clavis
1854 3417 2028 3466 trans-

466 3507 721 3571 lixerunt,
772 3513 826 3559 et
859 3518 982 3558 cum
1018 3504 1165 3558 illius
1194 3503 1517 3558 vestimenta
1563 3502 1916 3571 accipientes,
1961 3518 2023 3559 ea

463 3600 603 3646 mter
635 3607 694 3647 se
716 3590 1040 3646 diviserunt.
1073 3589 1204 3643 Nam
1228 3605 1347 3650 eam
1376 3606 1488 3645 rem
1534 3589 1773 3647 Joannes
1801 3593 2025 3662 exponit

461 3686 546 3741 his
573 3685 753 3741 verbis
783 3702 797 3739 :
834 3703 854 3734 ι
893 3683 1090 3737 Milites
1130 3683 1305 3752 igitur
1338 3698 1460 3737 cum
1495 3684 1898 3740 ενυιτίίῑχὶεεεηι
1928 3682 2021 3740 Je-

457 3792 604 3838 sum,
633 3781 960 3846 acceperunt
983 3774 1303 3829 vesﬁmenla
1345 3774 1486 3841 ejus,
1524 3782 1579 3829 et
1613 3773 1858 3830 fecerunt
1886 3792 2023 3846 qua-

454 3875 583 3921 tuor
614 3875 816 3937 partes,
844 3866 1139 3936 unicuique
1159 3864 1315 3919 militi
1343 3872 1550 3936 partem
1599 3884 1612 3919 :
1651 3867 1836 3921 tunica
1869 3882 2016 3931 vero,

454 3957 582 4026 quia
608 3949 722 4011 erat
747 3955 1091 4011 inconsutilis
1122 3970 1150 4007 a
1170 3970 1389 4010 summo
1417 3963 1670 4009 contexta
1698 3973 1792 4026 per
1819 3964 2016 4025 totum,

452 4049 709 4103 dixerunt
735 4050 875 4104 inter
910 4063 969 4103 se
1001 4067 1012 4102 :
1051 4047 1128 4102 Ne
1159 4047 1475 4102 scindamus
1507 4062 1649 4108 eam.
1672 4050 1777 4104 sed
1824 4052 2018 4105 sortia-

452 4157 575 4195 mur
606 4141 673 4196 de
702 4143 792 4195 illa
821 4143 980 4210 cujus
1022 4141 1113 4204 sit,
1147 4148 1208 4194 ut
1239 4139 1870 4211 impleretur'Scriptura
1899 4160 2018 4214 qua:

449 4231 626 4286 dicit':
663 4230 859 4285 Partlti
884 4240 1031 4287 'sunt
1084 4231 1406 4286 vestimenta
1458 4245 1574 4285 mea
1605 4231 1822 4295 sibi,'et
1853 4249 2017 4303 super

449 4332 652 4378 vestem
673 4339 855 4378 meam
889 4324 1155 4378 miserunt
1201 4332 1405 4377 sortem
1439 4341 1453 4376 :
1487 4333 1540 4378 et
1566 4325 1766 4381 milites
1794 4325 2012 4395 quidem

447 4416 563 4470 hzrc
593 4415 839 4471 fecerunt
860 4417 933 4471 ·¹¹.
985 4434 1003 4466 ι
1044 4413 1331 4469 Matthaeus
1361 4430 1492 4469 vero
1518 4416 1708 4471 iisdem
1734 4418 1900 4473 rebus
1922 4434 2014 4489 ge-

2147 1949 2293 2003 μενοι
2328 1937 2514 2004 χεῖρας
2546 1934 2710 1988 αὐτοῦ
2754 1937 2845 1988 καὶ
2878 1936 3040 2000 πόδας
3082 1936 3174 1989 καὶ
3207 1936 3431 2008 προσέτι
3460 1936 3528 1990 τὰ
3549 1935 3684 1990 όστία

2141 2024 2593 2099 διαχειρίζονται,
2643 2028 2707 2081 -εῐ
2750 2045 2812 2098 γε
2862 2029 3062 2093 πάντες
3113 2028 3170 2082 ἒν
3228 2029 3388 2101 σῶμά
3436 2032 3593 2102 ἐσμεν
3636 2030 3684 2083 ἐν

2142 2118 2381 2189 Χριστῷ,
2433 2121 2461 2171 ὁ
2508 2119 2565 2172 δὲ
2614 2120 2808 2186 καθεῖς
2849 2121 3093 2193 ἀλλήλων
3140 2123 3297 2195 μέλη.
3359 2124 3471 2177 Καὶ
3503 2125 3595 2178 οὐκ
3630 2121 3684 2176 ἂν

2140 2208 2280 2261 εἴποι
2313 2211 2346 2279 ἡ
2376 2209 2583 2282 κεφαλὴ
2612 2213 2723 2273 τοῖς
2758 2212 2915 2265 ποσίθ
2956 2212 3188 2285 (Χρείαν
3222 2212 3377 2283 ὑμῶν
3401 2214 3505 2267 οὐκ
3531 2214 3643 2283 ἔχω,
3663 2231 3679 2264 ι

2138 2299 2213 2364 ὡς
2246 2300 2364 2353 οὐδὲ
2404 2304 2522 2365 ταῖς
2557 2303 2743 2374 χερσὶν
2797 2304 2846 2356 οἱ
2884 2303 3166 2375 ὀφθαλμοί.
3216 2304 3374 2358 Κατὰ
3415 2305 3545 2374 γοῦν
3576 2307 3682 2368 τοὺς

2140 2395 2364 2463 καιροὺς
2388 2393 2495 2446 τῶν
2524 2394 2797 2463 διωγμῶν,
2828 2395 2880 2448 εἴ
2904 2397 3033 2449 ’ποτέ
3064 2413 3183 2450 τινα
3210 2397 3352 2451 κατὰ
3378 2398 3490 2451 τῶν
3533 2396 3683 2469 μελῶν

2136 2483 2230 2536 τοῦ
2257 2484 2488 2555 Χριστοῦ
2527 2486 2663 2557 πρὸς
2695 2487 2803 2541 τῶν
2853 2486 3060 2560 ἐχθρῶν
3105 2488 3522 2560 καὶ“πολεμίων
3554 2490 3683 2559 ἐνερ-

2137 2579 2303 2644 γοίτο,
2351 2575 2492 2629 εἴποι
2542 2576 2608 2630 ἂν
2647 2578 2741 2631 καὶ
2792 2581 2919 2650 περὶ
2960 2578 3144 2633 αὐτῶν
3185 2580 3284 2634 οὐκ
3333 2581 3577 2653 ἀκαίρως
3612 2577 3680 2640 τὸ,

2142 2685 2161 2720 ε
2196 2669 2428 2739 Ὠρυξαν
2488 2672 2675 2742 χεῖράς
2737 2689 2867 2743 μου,
2929 2669 3023 2727 καὶ
3088 2673 3250 2737 πόδας
3310 2691 3412 2745 μου
3442 2715 3457 2739 ,
3518 2673 3679 2745 ἐξηρί-

2136 2758 2350 2830 θμησαν
2401 2762 2576 2816 πάντα
2621 2765 2691 2819 τὰ
2736 2766 2873 2818 ὀστᾶ
2913 2782 3034 2837 μου.
3083 2766 3245 2819 Αὐτοὶ
3272 2764 3329 2818 δὲ
3366 2765 3682 2836 κατενόησαν

2133 2854 2228 2906 καὶ
2271 2854 2478 2908 ἐπεῖδόν
2535 2872 2620 2927 με.
2646 2876 2673 2908 τ
2729 2857 2861 2911 Τότε
2917 2858 2975 2910 δὲ
3028 2859 3120 2912 καὶ
3182 2856 3582 2929 διαμερίζονται
3622 2855 3680 2908 τὰ

2134 2944 2326 3014 ἱμάτια
2357 2944 2519 2998 αὐτοῦ
2548 2947 2778 3010 ἑαυτοῖς,
2816 2947 2910 3000 καὶ
2946 2948 3037 3000 ἐπὶ
3056 2947 3147 3001 τὸν
3195 2947 3484 3019 ἱματισμὸν
3533 2945 3678 3001 αὑτοῦ

2133 3033 2380 3105 βάλλουσι
2433 3039 2662 3111 κλῆρον,
2705 3040 2793 3093 ὅτε
2832 3041 2929 3093 τὸν
2955 3039 3050 3092 τοῦ
3084 3039 3251 3110 ⁸λόγου
3298 3042 3533 3112 κόσμον,
3575 3041 3677 3111 ἦτοι

2128 3128 2227 3192 τὰς
2253 3127 2422 3194 λέξεις
2445 3129 2553 3183 τῶν
2588 3131 2746 3184 θείων
2774 3131 3021 3203 Γραφῶν,
3061 3132 3250 3186 ἄλλοτε
3272 3132 3445 3198 ἄλλως
3466 3134 3680 3194 ἕκαστος

2128 3221 2451 3294 διαφθείρων
2487 3225 2802 3289 ἐπισπᾶται,
2830 3227 2929 3280 καὶ
2955 3226 3042 3278 ὅτε
3071 3224 3171 3289 τὰς
3198 3229 3325 3298 περὶ
3350 3220 3510 3282 αὑτοῦ
3535 3226 3677 3291 δόξας

2119 3309 2467 3385 διαστρόφοις
2524 3314 2893 3380 διδασκαλίαις
2955 3315 3463 3388 ἀπολαμϐάνουσιν,
3531 3320 3676 3373 ὁποῖα

2120 3405 2355 3478 σύνηθες
2395 3411 2507 3471 τοῖς
2546 3407 2725 3471 ἀθέοις
2758 3407 3096 3480 αἰρεσιώταις
3145 3413 3337 3462 ποιεῖν.
3390 3410 3509 3464 Ἐπὶ
3556 3412 3674 3464 πᾶσι

2123 3496 2331 3561 τούτοις
2378 3499 2512 3570 πρὸς
2557 3498 2648 3552 τὸν
2694 3498 2888 3551 ἑαυτοῦ
2917 3499 3056 3553 θεὸν
3101 3501 3193 3553 καὶ
3217 3501 3419 3572 Κύριον
3446 3502 3544 3555 καὶ
3573 3502 3678 3555 Πα-

2123 3589 2256 3660 τέρα
2298 3590 2395 3661 τὴν
2425 3591 2589 3661 εὐχὴν
2632 3590 2949 3654 ἀποτείνας,
2994 3591 3248 3663 ἐπιφέρει
3303 3592 3472 3662 λέγων
3498 3610 3510 3623 ·
3559 3612 3576 3644 ι
3605 3592 3668 3645 Σὺ

2121 3679 2199 3744 δὲ,
2238 3680 2440 3752 Κύριε,
2491 3683 2564 3752 μὴ
2602 3681 2884 3755 μακρύνῃς
2927 3682 3026 3754 τὴν
3063 3683 3315 3753 βοήθειάν
3361 3702 3478 3755 μου.
3520 3705 3538 3737 ι
3590 3683 3670 3747 Ὡς·

2121 3771 2229 3843 γὰρ
2274 3775 2353 3837 είς
2400 3772 2572 3845 βραχὺ
2608 3773 2985 3843 καταλειφθεὶς
3021 3774 3157 3846 πρὸς
3199 3775 3296 3847 τὴν
3332 3775 3429 3830 τοῦ
3479 3776 3667 3846 ἀγῶνος

2120 3863 2396 3931 ἐπίδειξιν,
2446 3865 2540 3918 καὶ
2585 3866 2743 3936 μόνος
2777 3865 2897 3936 δίχα
2933 3865 3125 3936 βοηθοῦ
3159 3868 3294 3939 πρὸς
3329 3871 3422 3924 τὸν
3461 3871 3666 3923 θάνατον

2120 3956 2544 4027 ἀποδυσάμενος,
2582 3954 2640 4010 εὖ
2675 3958 2830 4023 εἰδὼς
2865 3958 2964 4030 τὴν
2997 3959 3249 4033 βοήθειαν
3280 3963 3381 4035 τὴν
3412 3965 3551 4036 παρά
3576 3962 3662 4015 τοῦ

2118 4049 2327 4120 Πατρὺς
2368 4050 2474 4102 οὐκ
2516 4049 2689 4114 ἄλλως
2733 4050 2881 4122 αὐτῷ
2924 4052 3246 4129 γενήσεσθαι
3292 4054 3324 4125 ἢ
3360 4055 3448 4108 διὰ
3482 4056 3569 4125 τῆς
3601 4055 3663 4108 ἐκ

2117 4141 2324 4213 νεκρῶν
2398 4143 2744 4207 ἀναστάσεως
2770 4184 2785 4207 ,
2849 4143 3071 4206 εἰκότως
3135 4136 3225 4198 ἐπὶ
3254 4145 3349 4199 τοῦ
3422 4147 3660 4219 παρόντος

2115 4232 2328 4303 εὔχεται
2368 4233 2598 4300 διεξόδου
2644 4238 2826 4303 τυχεῖν
2870 4236 2968 4306 τῆς
3006 4234 3114 4288 τῶν
3158 4237 3466 4291 ἀντιπάλων
3505 4253 3659 4309 παρα-

2113 4323 2336 4389 τάξεως.
2382 4324 2470 4377 Διό
2498 4340 2656 4396 φησι·
2689 4327 2793 4379 (Σὺ
2823 4325 2899 4390 δὲ,
2929 4324 3120 4396 Κύριε,
3155 4327 3229 4397 μὴ
3267 4327 3539 4401 μακρόνῃς
3569 4328 3655 4398 τὴν

2116 4413 2362 4486 βοήθειάν
2412 4431 2545 4484 μου,
2598 4416 2680 4477 εἰς
2722 4415 2820 4487 τὴν
2861 4415 3145 4487 ἀντίληψίν
3200 4433 3301 4487 μου
3358 4418 3590 4490 πρόσχες.
3629 4433 3649 4465 ι

445 4510 547 4565 stis
594 4511 649 4564 in
683 4511 829 4565 hunc
870 4510 1090 4566 modum
1122 4509 1280 4564 fidem
1312 4507 1440 4562 facit
1475 4528 1488 4563 :
1524 4527 1542 4559 ι
1583 4509 1876 4579 Postquam
1908 4524 2007 4564 au-

2125 4506 2210 4560 ⁵ιά
2243 4505 2351 4577 γὰρ
2392 4507 2491 4577 τῆς
2536 4506 2639 4577 σῆς
2678 4505 2938 4577 βοηθείας
2983 4509 3017 4579 ἡ
3047 4507 3327 4580 ἀντίληψις
3381 4528 3470 4582 μοι
3517 4508 3653 4578 γενὴ·

441 4610 549 4657 ιειη
579 4602 971 4657 crucittxeruut
999 4617 1144 4663 eum,
1176 4601 1481 4656 diviserunt
1507 4602 1830 4683 vestimenta
1866 4601 2007 4672 ejus,

441 4699 642 4746 sortem
692 4693 989 4757 mittentes,
1021 4699 1081 4746 ut
1128 4693 1444 4761 irnpieretur
1490 4691 1637 4762 quod
1682 4692 1887 4746 dictum
1922 4702 2009 4747 est

438 4797 538 4852 per
572 4783 884 4855 prophetam
930 4803 955 4838 .:
1009 4782 1318 4839 Diviserunt
1351 4786 1672 4840 vestimenta
1719 4799 1835 4839 mea
1876 4784 2003 4850 sibi,

435 4882 490 4929 et
516 4889 682 4945 super
701 4886 909 4931 vestem
942 4891 1116 4931 meam
1139 4877 1407 4931 miserunt
1438 4884 1637 4932 sortem
1671 4894 1685 4932 :
1718 4884 1773 4932 et
1813 4877 2007 4932 seden~~

434 4973 518 5021 tes
550 4967 842 5021 servabant
881 4983 1005 5024 eum
1028 4968 1092 5021 ⁸³.
1126 4987 1152 5020 ν»
1199 4966 1376 5023 Canes
1400 4976 1579 5024 autem
1612 4975 1767 5022 erant
1795 4968 1886 5038 qui
1937 4968 2004 5022 il-

434 5057 548 5113 lum
568 5057 1066 5121 circumdederant,
1110 5064 1164 5113 et
1198 5065 1515 5114 conventus
1562 5058 1999 5128 malignantium,

432 5145 538 5214 ipsi
570 5146 637 5201 ad
664 5147 1139 5202 circumcisionem
1162 5147 1497 5217 pertinentes
1526 5147 1879 5217 magistratus
1908 5145 2000 5200 Ju-

430 5235 695 5300 daei-um,
720 5245 773 5292 et
793 5235 1002 5293 Scriba;
1030 5246 1083 5294 et
1097 5238 1383 5309 principes
1409 5237 1756 5293 sacerdotum
1779 5246 1834 5292 et.
1855 5236 1998 5293 Pha-

430 5329 597 5392 risaei,
643 5328 740 5399 qui
770 5330 933 5385 etiam
963 5328 1279 5386 universam
1312 5330 1719 5385 multitudinem
1768 5345 1998 5401 compu-

429 5415 628 5480 lerunt,
665 5426 726 5472 ut
754 5420 1075 5491 sanguinem
1110 5420 1259 5477 illius
1280 5428 1334 5476 et
1364 5421 1656 5477 adversum
1689 5422 1920 5493 {seipsos
1943 5433 1997 5478 et

429 5507 717 5562 adversum
743 5511 880 5565 lilios
909 5525 1041 5566 suos
1072 5521 1337 5582 peterent.
1368 5508 1799 5569 Proinde-Isaias
1827 5514 1993 5584 plane

425 5594 548 5649 illos
575 5612 737 5655 canes
768 5607 945 5666 vocat,
978 5602 1105 5657 dum
1132 5603 1265 5659 dicit
1296 5621 1309 5658 :
1352 5621 1371 5655 ι
1412 5601 1614 5660 Omnes
1664 5618 1828 5661 canes
1867 5613 1989 5661 stu-

495 5774 541 5807 "
580 5774 765 5833 Matth.
800 5795 985 5844 xxvii,
1020 5782 1208 5840 27—31.

2114 4613 2287 4659 σεται,
2326 4596 2393 4649 δι⁴
2415 4597 2479 4668 ἣν
2502 4596 2780 4665 ἀντίληψιν
2805 4598 2834 4649 ό
2862 4599 2968 4662 πᾶς
2999 4597 3224 4662 εἰκότως
3268 4600 3650 4671 προγέγραπται

2112 4686 2321 4757 eam;
2352 4687 2491 4758 ὑπὲρ
2512 4688 2610 4759 τῆς
2633 4688 2860 4759 ἑωθινῆς
2902 4689 3252 4762 ἀντιλήψεως.
3276 4691 3372 4755 Εἰς
3404 4694 3500 4765 τὴν
3527 4686 3648 4745 ἀντί-

2110 4777 2269 4852 ληψιν
2313 4780 2600 4853 τοιγαροῦν
2650 4781 2886 4852 πρόσχες
2910 4823 2924 4846 ,
2975 4792 3230 4855 παρέχων
3280 4802 3372 4856 μοι
3416 4788 3511 4858 τὴν
3547 4786 3644 4838 ὅσον

2106 4871 2257 4925 οὔπω
2281 4872 2420 4925 κατά
2442 4873 2539 4944 τὴν
2572 4871 2645 4925 ἕω
2670 4875 2733 4926 ὲκ
2759 4875 2966 4946 νεκρῶν
2992 4876 3342 4941 ἀναστάσεως
3374 4877 3638 4949 ἀντίληψινν

2103 4957 2170 5034 ἦς
2217 4960 2418 5027 ἐλπίζω
2479 4962 2803 5029 τεύξεσθαι,
2864 4966 3049 5028 ἐπὰν,
3113 4965 3186 5038 μὴ
3242 4968 3518 5039 μακρύνας
3563 4981 3638 5036 μου

2103 5052 2297 5123 αὐτὴν,
2345 5055 2537 5125 «ερύσῃ
2589 5053 2697 5106 ἀπὸ
2746 5056 3015 5126 ῥομφαίας
3066 5058 3166 5129 τὴν
3206 5057 3386 5130 ψυχήν
3428 5077 3539 5129 μου,
3569 5054 3638 5109 καὶ

2101 5147 2167 5197 ὲκ
2212 5142 2392 5215 χειρὸς
2441 5141 2603 5207 κυνὸς
2643 5143 2746 5213 τὴν
2802 5145 3060 5216 μονογενῆ
3112 5162 3212 5217 μου
3232 5163 3248 5177 ·
3309 5148 3446 5201 ὲπάν
3490 5145 3637 5215 σῴσῃς

2103 5251 2170 5306 με
2252 5235 2319 5289 ὲκ
2391 5236 2658 5305 στὸματος
2743 5234 2954 5300 λέοντος
2975 5276 2994 5301 ,
3074 5238 3171 5292 καὶ⁸
3236 5238 3347 5292 ἀπὸ
3424 5237 3633 5309 κεράτων

2102 5328 2486 5401 μονοκερώτων
2515 5328 2618 5399 τὴν
2641 5327 2967 5383 ταπείνωσίν
2999 5345 3101 5401 μου
3121 5346 3135 5359 ·
3168 5348 3188 5381 ι
3225 5331 3304 5383 Δι’
3331 5323 3405 5384 ὧν
3431 5327 3631 5401 ἠγοῦμαι

2097 5421 2258 5476 αὐτὸν
2287 5420 2385 5484 τάς
2418 5418 2800 5490 καταχθονίους
2837 5419 3169 5475 αἰνίττεσθαι
3195 5419 3466 5493 δυνάμεις,
3492 5414 3557 5472 ὧν
3580 5417 3629 5471 οὐ

2097 5512 2215 5567 καθ’
2244 5514 2392 5583 ἡμᾶς
2442 5511 2509 5566 ἂν
2561 5511 2646 5582 εἴη
2700 5512 2818 5564 κατ’
2851 5507 2985 5576 εἶδος
3036 5511 3435 5567 διαστείλασθαι
3460 5509 3542 5566 καὶ
3567 5505 3625 5561 δι-

2095 5606 2253 5671 ελεῖν,
2271 5605 2416 5668 ὅπως
2445 5604 2478 5673 ἡ
2503 5602 2602 5673 μέν
2627 5619 2709 5665 τις
2732 5601 2908 5658 αὐτῶν
2938 5602 3179 5674 ῥομφαία
3207 5600 3341 5660 οὖσα
3362 5601 3632 5659 ἀνετείνετῡ

1288 5785 1329 5818 ¹²
1367 5783 1526 5840 Joan.
1562 5801 1689 5856 ιιι,
1723 5787 1911 5857 23,2}.
1990 5788 2033 5821 "
2072 5786 2120 5843 ll
2160 5788 2257 5843 tth.
2301 5799 2486 5853 χιιι-ιι,
2520 5785 2707 5853 35,36.
