3830 6260
206 288 293 346 785

998 320 1005 328 .
1064 269 1715 329 DEMONSTRATIONIS
1752 266 2208 326 EVANGELICIE
2239 270 2366 326 LIB.
2406 269 2474 326 Χ.

3298 269 3393 325 786

204 396 321 457 κατὰ
350 393 438 465 τῆς
470 388 635 461 ψυχῆς
665 387 762 441 τοῦ
793 387 1039 459 Σωτῆρος
1071 388 1230 459 ἡμῶν
1249 405 1263 421 ο
1305 391 1339 459 ἡ
1373 388 1430 443 δέ
1458 405 1541 452 τις
1580 386 1726 440 κύων

1838 382 1964 455 pidi,
1986 384 2079 455 qui
2111 395 2390 456 nequeunt
2419 387 2619 442 latrare
2641 386 2704 441 “.
2739 407 2757 439 ι
2790 378 2925 440 Cum
2955 385 3100 441 enim
3123 400 3217 441 eos
3238 401 3396 456 ορατ-

203 487 314 547 οὑσα
351 483 568 550 θανάτῳ,
602 479 700 551 τὴν
742 478 1111 551 θανατηφόρον
1140 482 1298 552 χεῖρα
1343 479 1726 553 προύϐάλλετο,

203 584 269 643 εἰς
306 576 358 631 τὴ
400 568 731 638 καθάψασθαι
778 568 965 639 αὐτῆς.
1014 568 1105 622 Διό
1150 584 1313 639 φησι·
1352 566 1579 621 ιῬὖσαι
1624 565 1730 619 ἀπὸ

204 668 442 746 ῥομφαίας
488 661 580 733 τὴν
622 660 796 731 ψυχήν
843 677 968 731 μου,
996 660 1089 714 καὶ
1120 662 1183 713 ἐκ
1209 660 1389 733 χειρὸς
1433 658 1591 721 κυνὸς
1634 656 1730 727 τὴν

202 756 430 835 μονογενῆ
463 771 560 825 μου
579 769 592 783 ·
628 772 646 804 ι
685 751 815 821 ἄλλη
848 751 905 804 δέ
934 769 1016 815 τις
1052 751 1262 823 πονηρά
1293 752 1385 805 καὶ
1418 749 1523 803 τῶν
1553 752 1727 803 ἐκεῖσε

201 850 373 924 θηρίων
418 845 689 919 ἡγουμένη
739 843 987 915 δύναμις,
1016 843 1151 897 λέων
1195 840 1726 914 προσαγορευομένη,

200 941 249 996 τὸ
280 937 431 992 πλατὺ
472 934 561 988 καὶ
592 932 789 1003 ἀχανὲς
820 933 911 985 τού
943 932 1172 987 θανάτου
1192 933 1376 1010 ’στόμα
1400 931 1727 997 ὃιανοίξασα,

200 1029 314 1104 μετά
335 1027 434 1081 τῶν
464 1025 635 1080 ἄλλων
660 1024 769 1077 τῶν
795 1026 875 1087 είς
909 1024 1033 1096 ᾅδου
1069 1024 1364 1077 κατιόντων
1389 1023 1482 1077 καὶ
1505 1022 1601 1093 τὴν
1634 1023 1730 1075 αύ-

197 1123 273 1178 τοῦ
300 1120 460 1191 ψυχὴν
487 1120 771 1172 καταπιεῖν
800 1116 1046 1189 ὥρμητο,
1073 1116 1352 1189 ιῦσπεροῦν
1393 1115 1557 1169 πάλαι
1600 1115 1731 1186 πρό-

194 1214 327 1286 τερον
350 1211 602 1265 κατέπιεν
628 1212 656 1263 ὁ
679 1209 904 1271 θάνατος
940 1208 1183 1279 ἰσχύσας,
1206 1209 1302 1278 οὐχ
1330 1207 1516 1278 ἔτερος
1541 1205 1614 1260 ὢν
1635 1207 1728 1261 τοῦ

194 1303 393 1360 ἐνταῦθα
429 1300 662 1365 λέοντος,
694 1299 787 1354 τοῦ
832 1299 894 1353 τὸ
940 1299 1113 1369 στόμα
1157 1298 1296 1352 κατά
1343 1298 1434 1352 τοῦ
1482 1298 1729 1369 Σωτῆρας

193 1394 327 1467 ἡμῶν
354 1390 698 1463 άνεῴξαντος,
733 1391 825 1460 ἀφ’
850 1384 909 1445 οὗ
940 1391 1033 1443 καὶ
1061 1390 1222 1443 αὑτοῦ
1254 1390 1488 1461 σωθῆναι
1514 1389 1602 1443 τὸν
1628 1390 1731 1442 Πα-

194 1485 303 1558 τέρα
347 1483 645 1558 παρακαλεῖ
694 1481 866 1550 λέγων
886 1498 899 1516 ο
959 1500 977 1532 ι
1007 1480 1185 1535 Σῶσόν
1235 1498 1301 1552 με
1350 1484 1413 1534 ὲκ
1466 1480 1730 1550 στόματος

191 1576 391 1642 λέοντος.
423 1596 440 1627 ι
473 1571 598 1629 Εἶεν
630 1574 674 1628 δ’
697 1573 763 1628 ἂν
786 1575 878 1627 καὶ
902 1572 1055 1628 ἄλλαι
1079 1572 1222 1636 τινὲς
1244 1573 1475 1643 πονηραὶ
1506 1572 1599 1626 καὶ
1623 1570 1731 1624 θεό-

195 1684 332 1739 μαχοι
371 1664 645 1734 δυνάμεις,
688 1662 766 1734 τῷ
813 1663 1136 1734 μονοκέρωτι
1156 1660 1247 1714 τοῦ
1271 1660 1403 1714 Θεοῦ
1436 1659 1730 1730 ἀντιπράτ-

188 1775 352 1814 τουσαι
396 1757 487 1812 καὶ
528 1754 987 1827 ἀντιπαρεξάγειν
1012 1750 1176 1807 αὑτοῦ
1211 1755 1454 1826 ἐπιχειρο
1493 1769 1601 1815 σαι,
1638 1752 1728 1820 ἀφ’
1762 1741 1803 1801 Β

189 1846 252 1906 ὧν
277 1851 361 1904 καὶ
389 1848 563 1902 αὐτῶν
594 1849 622 1901 ό
652 1846 744 1900 τοῦ
765 1846 898 1902 Θεοῦ
934 1845 1260 1917 μονόκερως,
1287 1844 1446 1908 αὐτὸς
1470 1841 1498 1893 ὁ
1526 1844 1730 1915 Κύριος

189 1943 341 2015 ἡμῶν,
361 1942 511 2013 μόνον
538 1938 635 1992 τὸν
662 1938 882 2009 Πατέρα
910 1936 1075 2008 κέρας
1105 1934 1261 2006 ἔχων,
1293 1932 1390 2005 τὴν
1423 1932 1612 1986 ἑαυτοῦ
1644 1949 1733 1985 τα-

189 2032 415 2087 πείνωσιν
449 2029 713 2103 ρυσθῆναι
741 2027 900 2093 ἀξιοῖ,
930 2026 1100 2093 λέγων
1119 2042 1132 2056 ο
1167 2044 1186 2076 ι
1220 2026 1329 2078 Καὶ
1357 2023 1462 2076 ἀπὸ
1487 2023 1730 2094 κεράτων

189 2120 539 2196 μονοκερώτων
581 2122 669 2192 τὴν
708 2118 1031 2174 ταπείνωσίν
1069 2134 1188 2184 μου.
1219 2135 1237 2168 ι
1273 2116 1437 2169 Ποίαν
1465 2114 1520 2168 δὲ
1540 2115 1729 2169 ταπεί-

187 2233 325 2271 νωσιν
370 2216 404 2287 ἢ
452 2215 660 2286 ταύτην
709 2212 896 2283 αὐτὴν,
933 2211 1052 2265 καθ’
1084 2210 1149 2281 ῆν
1208 2227 1225 2260 ι
1257 2210 1314 2261 ὲν
1366 2211 1543 2279 μορφῇ
1596 2206 1730 2261 Θεοῦ

186 2308 416 2380 ὑπάρχων
441 2307 808 2361 ἐταπείνωσεν
836 2302 1023 2358 ἑαυτὸν
1045 2303 1137 2356 καὶ
1164 2301 1418 2364 ὲκένωσε,
1444 2300 1732 2370 γενόμενος

188 2401 396 2474 ὑπήκοος
429 2400 594 2472 μέχρι
625 2397 876 2461 θανάτου,
905 2394 1128 2448 θανάτου
1159 2393 1214 2446 δὲ
1240 2391 1505 2464 σταυροῦς
1545 2411 1562 2444 ι
1596 2391 1730 2445 ἀλλὰ

185 2493 277 2565 γάρ
306 2493 393 2546 ἐπὶ
424 2490 682 2546 τοσοῦτον
726 2485 1019 2551 κατελθὼν,
1052 2486 1143 2539 καί
1189 2485 1347 2556 μέχρι
1378 2482 1567 2537 τούτου
1593 2482 1731 2553 φθά-

187 2600 287 2647 σας,
312 2583 448 2653 λέγω
477 2584 539 2655 δὴ
575 2584 736 2655 μέχρι
758 2583 856 2653 τῆς
880 2583 936 2634 ἐν
964 2579 1040 2651 τῷ
1070 2578 1170 2651 ᾄδῃ
1198 2578 1488 2650 ῥομφαίας,
1516 2578 1609 2631 καὶ
1634 2577 1735 2647 τῆς.

184 2675 342 2749 χειρὸς
364 2675 452 2729 τοῦ
491 2674 683 2729 αὐτόθι
706 2672 995 2743 λεγομένου
1030 2672 1189 2737 κυνὸς
1227 2670 1365 2741 (ὅθεν
1406 2671 1499 2723 καὶ
1536 2669 1731 2730 παῖδας

193 2766 433 2838 Ἑλλήνων
447 2766 614 2831 εἰκὼς
630 2766 647 2837 (
664 2766 706 2837 I)
737 2764 972 2819 τοιοῦτόν
988 2780 1106 2817 τινα
1121 2761 1569 2833 παρακούσαντας
1596 2760 1730 2814 κύνα

185 2857 409 2923 θανάτου,
436 2860 530 2915 καὶ
566 2857 754 2912 τοῦτον
785 2854 1104 2929 τρικέφαλον
1128 2855 1533 2926 άναζωγραφεῐν
1550 2853 1590 2920 ),
1637 2855 1731 2906 καὶ

186 2953 325 3028 μέχρι
353 2952 407 3007 δὲ
431 2954 538 3007 τῶν
575 2951 869 3024 φαρύγγων
898 2947 991 3002 τοῦ
1019 2947 1485 3022 προδεδηλωμένου
1520 2944 1728 3009 λέοντος

1832 485 1991 542 teret,
2022 478 2235 533 tametsi
2284 488 2567 549 pastorum
2628 493 2837 534 morem
2876 493 2982 534 non
3013 489 3391 548 susceperant,

1832 575 2068 624 attamen
2100 570 2367 624 bonorum
2402 585 2599 624 canum
2634 570 2827 635 instar,
2865 568 3077 625 Domini
3108 570 3189 625 sui
3226 570 3394 622 ratiu-

1833 662 2009 717 nalem
2043 678 2261 732 gregem
2292 668 2455 730 atque
2480 677 2608 716 oves
2644 660 2840 716 domus
2881 662 3044 717 Israel
3079 662 3395 715 custodien-

1834 763 1936 816 tes,
1969 753 2128 809 docte
2155 768 2219 807 ac
2248 756 2541 824 prudenter
2563 756 2783 815 latrare,
2810 755 3204 826 Dmnitmmque
3234 770 3390 809 suum

1832 859 1896 898 ac
1919 851 2195 914 pastorum
2226 844 2519 914 principem
2546 846 2856 901 demulcere
2888 855 3048 915 atque
3073 861 3389 916 agnoscere,

1830 939 2087 1006 omnique
2132 936 2377 991 custodia
2412 937 2679 992 creditum
2720 938 2821 993 sibi
2852 954 3065 1009 gregem
3097 953 3393 994 conserva-

1832 1043 1913 1091 re,
1944 1031 2145 1082 latrare
2171 1035 2349 1082 autem
2381 1026 2427 1080 Si
2465 1026 2603 1081 forte
2639 1029 2895 1083 acerbius
2925 1028 3145 1089 vellent,
3199 1038 3393 1082 contra
3430 1086 3437 1093 ,

1831 1136 1928 1176 eos
1961 1120 2017 1175 id
2052 1119 2250 1184 facere,
2282 1120 2372 1189 qui
2401 1120 2749 1174 extrinsecus
2787 1120 2938 1189 gregi
2977 1118 3390 1180 insidiarentur,

1833 1213 1937 1283 ipsi
1971 1222 2186 1275 contra,
2229 1226 2427 1265 canum
2484 1210 2827 1281 stupidorum
2879 1225 3051 1279 reque
3080 1225 3205 1264 vera
3246 1210 3395 1263 insa-

1832 1304 2098 1358 nientium
2131 1304 2322 1368 instar,
2368 1304 2600 1357 latratus
2626 1317 2757 1357 suos
2785 1301 3105 1365 emiserunt,
3159 1308 3213 1355 et
3264 1314 3395 1356 oves

1831 1396 2070 1466 pastoris
2104 1394 2420 1459 eﬂ‘erarunt,
2452 1403 2511 1448 ut
2540 1394 2734 1448 merito
2765 1392 3055 1447 conveniat
3090 1391 3172 1447 eis
3209 1392 3340 1445 illud
3376 1410 3391 1445 :

1837 1507 1855 1539 ι
1902 1487 2393 1544 Circumdederunt
2425 1502 2508 1540 me
2540 1500 2707 1540 canes
2740 1486 2919 1551 multi,
2950 1484 3243 1539 concilium
3280 1499 3396 1538 nia-

1833 1578 2157 1648 Iignantium
2205 1577 2420 1632 obsedit
2450 1592 2556 1632 me.
2597 1596 2616 1628 ι
2654 1575 2815 1649 506
2839 1575 2981 1642 Quin
3012 1577 3179 1630 etiam
3206 1588 3396 1628 omnes

1834 1668 2144 1739 quicunque
2176 1668 2230 1722 in
2260 1669 2406 1722 hunc
2436 1683 2612 1737 usque
2657 1667 2802 1721 diem
2852 1666 3037 1721 itidem
3069 1674 3130 1720 ut
3166 1666 3246 1719 illi
3280 1680 3397 1734 per-

1834 1767 1968 1831 gunt
1998 1761 2321 1815 maledicere
2343 1774 2408 1813 ac
2436 1759 2638 1814 latrare
2667 1757 2930 1815 adversus
2956 1758 3236 1813 Christum
3274 1756 3393 1817 Dei.

1833 1852 1903 1908 ab
1933 1852 2042 1909 illis
2064 1852 2263 1907 diversi
2300 1851 2526 1922 putandi
2551 1865 2659 1905 non
2691 1858 2840 1906 sunt.
2877 1849 2986 1905 Nec
3017 1850 3198 1905 minus
3224 1848 3280 1912 ii,
3301 1848 3396 1917 qni

1833 1951 1964 1998 tunc
2000 1943 2054 1997 in
2090 1944 2242 1998 illum
2277 1943 2441 2014 impie
2488 1942 2857 2013 grassantium
2909 1941 3143 1995 militum
3203 1940 3395 2003 instar,

1833 2052 1981 2093 nunc
2018 2036 2215 2092 Filium
2253 2036 2348 2092 Dei
2388 2038 2583 2093 iterum
2634 2036 2786 2091 cruci
2832 2034 3076 2106 alligunt,
3112 2035 3399 2105 palamque

1831 2128 2129 2198 ignominia
2180 2127 2441 2192 alliciunt,
2494 2144 2601 2183 non
2648 2128 2808 2197 longe
2853 2127 3145 2182 admodum
3179 2127 3250 2181 ab
3278 2128 3400 2181 illo-

1832 2237 1953 2275 rum
2004 2221 2212 2276 nefaria
2245 2222 2527 2277 voluntate
2575 2223 2870 2287 recedunt;
2922 2234 3116 2275 omnes
3164 2235 3295 2274 vero
3341 2219 3398 2274 hi

1835 2320 1983 2374 sunt,
2014 2310 2106 2381 qui
2148 2312 2309 2365 etiam
2352 2326 2499 2366 nunc
2523 2310 2726 2365 Christi
2755 2324 2977 2378 corpus,
3008 2307 3109 2361 hoc
3152 2313 3255 2372 est,
3293 2304 3397 2358 Ec-

1832 2405 2057 2460 clesiam
2084 2403 2472 2473 suscipientes,
2498 2418 2696 2457 manus
2725 2403 2873 2456 illius
2901 2407 2954 2455 et
2990 2400 3155 2470 pedes
3186 2407 3243 2454 et
3268 2412 3396 2453 ossa

1834 2503 2095 2567 praeterea
2137 2494 2430 2563 dissipant,
2476 2493 2521 2548 si
2564 2492 2726 2546 modo
2774 2506 2964 2545 omnes
2997 2505 3164 2544 unum
3197 2501 3397 2557 corpus

1836 2602 2031 2643 sumus
2051 2586 2105 2640 in
2139 2585 2360 2643 Christo
2388 2583 2539 2643 Jesu,
2584 2583 2780 2654 singuli
2827 2590 3005 2637 autem
3052 2580 3394 2650 singulorum

1833 2677 2065 2736 invicem
2120 2677 2382 2733 membra.
2433 2693 2451 2725 ι
2493 2673 2678 2744 Neque
2705 2689 2835 2729 vero
2862 2680 3026 2744 caput
3056 2673 3284 2744 pedibus
3312 2670 3398 2726 di-

1836 2769 1996 2830 xerit,
2033 2782 2195 2837 opera
2219 2775 2396 2821 vestra
2431 2782 2538 2820 non
2568 2766 2806 2837 indigeo,
2841 2766 2985 2821 sicut
3009 2780 3109 2820 nec
3143 2764 3397 2818 manibus

1835 2858 2054 2928 quidem
2090 2858 2234 2913 oculi
2264 2859 2328 2913 ¹⁵.
2375 2877 2393 2909 ι
2423 2856 2534 2913 Illis
2562 2873 2691 2927 ergo
2719 2858 3060 2928 temporibus
3089 2856 3287 2926 quibus
3315 2856 3400 2908 in-

1833 2947 2168 3007 sectationes
2215 2956 2557 3017 grassantur,
2595 2949 2640 3002 si
2683 2964 2791 3018 qua
2830 2949 2968 3002 forte
2995 2947 3195 3002 Christi
3228 2959 3399 3000 mem-

182 3044 348 3110 ἐλθὼν,
378 3047 470 3101 καὶ
489 3045 593 3117 τὴν
620 3043 941 3097 ταπείνωσιν
972 3039 1135 3095 αὑτοῦ
1162 3043 1272 3105 τοῖς
1298 3039 1607 3102 ἀντιπάλοις
1636 3037 1731 3090 καὶ

1838 3040 1933 3095 bra
1964 3041 2032 3095 ab
2063 3039 2301 3096 inimicis
2346 3050 2507 3111 atque
2546 3039 2799 3096 hostibus
2844 3049 3129 3103 vexentur,
3176 3053 3285 3092 non
3315 3038 3400 3091 in-

184 3136 443 3209 θεομάχοις
470 3134 836 3209 μονοκέρωσιν
863 3132 1235 3204 ὑποστρώσας,
1267 3131 1360 3184 καὶ
1380 3131 1471 3184 ἐπὶ
1496 3129 1649 3183 τοῦτό
1668 3146 1731 3197 γε

182 3226 310 3292 τέλος
337 3229 432 3299 τὴν
465 3230 650 3282 πᾶσαν
679 3223 985 3294 οἰκονομίαν
1016 3222 1116 3292 τῆς
1141 3220 1332 3274 ἑαυτοῦ
1367 3218 1644 3282 κενώσεως
1673 3235 1731 3272 τε

182 3320 261 3373 καὶ
282 3320 662 3384 ταπεινώσεως
689 3320 912 3389 στήσας,
930 3317 1160 3371 κᾶπειτα
1185 3314 1479 3385 εὐξάμενος
1501 3313 1600 3385 ἤδη
1628 3311 1734 3367 λοι-

179 3409 264 3462 πὸν
291 3414 465 3482 τυχεῖν
503 3412 611 3482 τῆς
654 3408 904 3480 βοηθείας
943 3408 1035 3460 καὶ
1066 3405 1165 3474 τῆς
1203 3405 1351 3477 ποιρά
1387 3403 1480 3457 τοῦ
1526 3402 1735 3475 Πατρός

179 3498 511 3569 ἀντιλήψεως,
540 3497 818 3566 ἐπιλέγει·
867 3515 885 3548 ι
917 3497 987 3549 Σὺ
1011 3495 1087 3559 δὲ,
1114 3493 1307 3565 Κύριε,
1346 3492 1421 3565 μὴ
1454 3492 1735 3565 μακρύνῃς

178 3588 260 3660 τὴν
286 3588 536 3663 βοήθειάν
586 3607 711 3662 μου,
736 3592 815 3654 εἰς
841 3588 938 3660 τὴν
968 3586 1248 3659 άντίληψίν
1281 3604 1383 3657 μου
1424 3586 1675 3658 πρόσχες.
1711 3605 1742 3642 ι.

178 3678 272 3733 Καὶ
292 3680 431 3734 τοῦτ’
462 3683 638 3735 εἰπὼν
666 3682 767 3734 οὐκ
795 3682 874 3744 είς
908 3679 1122 3750 μακρὰν
1150 3677 1386 3747 ἐπηκόου
1407 3676 1500 3730 τοῦ
1528 3665 1738 3745 Πατρὸς

175 3771 430 3841 τυγχάνει,
485 3773 563 3844 μὴ
621 3769 1020 3843 μακρυνθέντος
1042 3808 1056 3832 ,
1106 3768 1238 3839 μηδὲ
1290 3766 1351 3819 τὸ
1405 3764 1736 3838 βραχύτατον

175 3859 553 3932 ὑπερθεμένου,
583 3861 766 3923 αὑτοῖς
807 3858 864 3912 δὲ
918 3858 1098 3930 ἔργοις
1153 3858 1441 3929 μονονουχὶ.
1472 3859 1738 3927 φήσαντος

174 3947 339 4019 αύτῷο
381 3951 537 4004 «Ἔτι
582 3948 868 4013 λαλοῦντός
914 3966 1028 4012 σου,
1063 3948 1203 4020 ἐρῶ·
1244 3947 1373 4001 Ἰδοὺ
1420 3946 1668 4019 πάρειμι.
1714 3965 1733 3998 ι

174 4039 271 4093 Καὶ
295 4040 356 4113 δὴ
379 4042 527 4095 τοῦτ’
564 4041 906 4113 αίσθόμενος,
940 4041 1037 4117 τῆς
1065 4057 1127 4095 τε
1160 4039 1429 4112 πατρικῆς
1468 4037 1737 4109 βοηθείας,

175 4131 411 4207 καθάπερ
449 4134 679 4207 ηὔξατο,
707 4132 904 4206 τυχὼν,
935 4131 1181 4187 ἐντεῦθεν
1226 4131 1408 4192 λοιπὸν
1445 4130 1741 4203 ἀπέρχεται

171 4224 254 4277 τοῦ
294 4227 564 4281 ὲπινικίου
604 4225 793 4298 ὕμνου,
823 4226 961 4296 ὑπὲρ
1001 4226 1099 4296 τῆς
1139 4224 1365 4295 ἑωθινῆς
1409 4223 1742 4293 ἀντιλήψεως

171 4315 253 4371 τὸν
272 4317 484 4390 ψαλμὸν
519 4317 863 4389 ποιούμενος,
886 4318 943 4369 ὲν
974 4311 1055 4381 οἷς
1084 4333 1244 4388 φησι·
1280 4334 1298 4366 ι
1325 4318 1662 4388 Διηγήσομαι
1680 4315 1742 4369 τὸ

1837 3132 2157 3202 tempestive
2189 3130 2257 3187 de
2280 3132 2389 3187 illis
2423 3143 2534 3188 tum
2558 3149 2775 3206 quoque
2803 3131 3034 3188 dixerit:
3067 3150 3085 3182 ι
3126 3130 3401 3186 Foderunt

1836 3237 2034 3279 manus
2057 3237 2205 3278 meas
2236 3231 2289 3276 et
2311 3224 2476 3292 pelles
2501 3240 2670 3287 meos,
2698 3225 3185 3278 dinumeraverunt
3218 3222 3400 3274 omnia

1836 3328 1962 3369 ossa
1997 3328 2140 3368 mea.
2174 3310 2279 3382 Ipsi
2309 3324 2487 3367 autem
2512 3316 3021 3376 consideraverunt,
3057 3323 3111 3368 et
3149 3315 3401 3381 inspexe-

1836 3411 1966 3459 runt
1996 3404 2048 3457 in
2076 3418 2181 3458 me.
2216 3421 2234 3454 ι
2265 3402 2421 3457 Tunc
2451 3405 2616 3460 etiam
2648 3406 2898 3462 dividunt
2929 3406 3050 3476 ejus
3078 3406 3401 3461 vestimenta

1838 3494 1963 3556 sibi,
2001 3503 2057 3548 et
2086 3494 2138 3546 in
2168 3501 2367 3548 vestem
2398 3494 2519 3564 ejus
2545 3505 2746 3551 sortem
2776 3499 2995 3549 mittunt
3033 3513 3046 3548 :
3075 3510 3199 3547 cum
3228 3494 3401 3562 ipsius

1838 3585 1987 3641 verbi
2040 3594 2317 3643 ornatum.
2366 3586 2471 3643 hoc
2511 3597 2616 3653 est,
2645 3588 2957 3643 divinarum
2987 3585 3401 3655 Scripturarum

1838 3693 2002 3733 voces
2053 3678 2188 3733 alias
2236 3679 2393 3733 aliter
2430 3682 2809 3751 unusquisque
2841 3678 3145 3747 corrumpit
3176 3686 3230 3732 et
3257 3678 3404 3731 laec—

1839 3778 1946 3834 rat,
1999 3770 2127 3825 item
2184 3785 2307 3824 cum
2356 3773 2642 3842 Opiniones
2669 3772 2736 3826 de
2770 3772 2863 3825 illo
2917 3769 3188 3840 perversis
3231 3768 3403 3822 docu-

1839 3864 2040 3918 mentis
2073 3861 2374 3931 excipiunt,
2406 3863 2712 3932 cujusmodi
2745 3871 2893 3924 sunt,
2935 3876 3055 3931 quae
3080 3859 3271 3913 nefarii
3294 3857 3404 3912 hae-

1840 3956 1995 4009 retici
2025 3955 2204 4011 facere
2233 3956 2426 4011 solent.
2451 3953 2580 4009 Post
2598 3954 2778 4008 omnia
2808 3953 2920 4006 haec
2949 3951 3017 4006 ad
3050 3965 3210 4006 suum
3235 3947 3404 4001 Deum

1842 4055 1896 4101 et
1929 4045 2217 4101 Dominum
2248 4056 2300 4100 et
2334 4044 2549 4099 Patrem
2583 4045 2882 4099 orationem
2914 4041 3200 4097 intendens
3233 4037 3405 4106 subji-

1843 4139 1918 4193 cit
1954 4139 2086 4197 illud
2116 4157 2130 4193 :
2167 4156 2185 4189 ι
2233 4136 2315 4193 Tu
2343 4146 2545 4200 autem,
2570 4135 2817 4199 Domine,
2850 4149 2918 4188 ne
2940 4133 3128 4204 procul
3152 4145 3406 4185 amoveas

1845 4232 2106 4286 auxilium
2131 4247 2333 4286 meum.
2369 4251 2386 4282 ι
2425 4228 2705 4299 Siquidem
2744 4236 3002 4298 tanquam
3032 4227 3084 4280 in
3114 4236 3406 4294 anguswm

1845 4321 2103 4375 redactus
2134 4320 2200 4374 ad
2227 4322 2400 4390 ipsam
2425 4320 2740 4376 certaminis
2761 4318 3202 4379 ostentationem,
3235 4324 3289 4369 et
3318 4327 3407 4369 sos

169 4408 328 4482 δνομά
375 4429 473 4466 σου
522 4416 640 4477 τοῖς
684 4413 930 4482 ἀδελφοῖς
962 4426 1096 4489 μουσ
1127 4414 1185 4464 ὲν
1230 4410 1379 4482 μέσῳ
1420 4408 1739 4479 Ἐκκλησίας

1847 4413 1935 4469 lus
1966 4413 2173 4483 absque
2198 4414 2447 4483 adjutore
2467 4415 2729 4467 adversus
2757 4419 2985 4465 mortem
3007 4411 3261 4471 mutatus,
3282 4423 3406 4462 cum

172 4502 383 4576 ὑμνήσω
414 4522 498 4559 σε.
535 4524 555 4555 ι
594 4502 837 4575 Πρώτοις
873 4503 969 4577 μὲν
990 4499 1082 4556 οὖν
1110 4505 1221 4567 τοῖς
1254 4500 1451 4559 ἑαυτοῦ,
1473 4500 1739 4571 μαθηταῖς

170 4593 256 4646 καὶ
278 4596 605 4663 ἀποστόλοις
625 4595 1019 4665 ἐπαγγέλλεται
1051 4594 1118 4648 τά
1159 4594 1256 4665 τῆς
1284 4594 1368 4652 ἐπ’
1394 4590 1541 4663 αὐτῷ
1567 4593 1742 4662 χαρᾶς

170 4685 256 4739 καὶ
305 4688 690 4756 ἀγαλλιάσεως
728 4685 1192 4755 εὑαγγελίσεσθαι,
1237 4682 1498 4753 ἀδελφοὺς
1545 4683 1742 4747 αὑτοὺς

164 4779 438 4850 ὀνομάζων
465 4799 480 4813 θ
529 4777 613 4847 οἷς
657 4779 921 4837 ἀκόλουθα
967 4778 1060 4832 καὶ
1109 4778 1137 4830 ὁ
1181 4775 1458 4840 Ματθαῖος
1504 4775 1742 4828 διδάσκει

166 4868 360 4941 λέγων·
396 4895 415 4927 ι
443 4876 565 4929 Καὶ
597 4874 704 4932 ἰδοὺ
738 4872 767 4924 ὁ
807 4854 1012 4942 Ἰησοῦς
1036 4871 1345 4941 ἀπήντησεν
1370 4869 1577 4933 αὑταῖς,
1608 4888 1627 4918 ›
1652 4868 1745 4938 δη-

164 4959 330 5019 λονότι
359 4972 485 5032 ταῖς
535 4966 680 5038 ἀμφὶ
723 4964 820 5036 τὴν
868 4961 1229 5033 Μαγδαληνὴν
1258 4961 1496 5030 Μαρίαν,
1531 4960 1702 5029 λέγων
1724 4976 1737 4990 ο

171 5072 192 5106 ι
220 5056 478 5131 Χαίρετε.
512 5078 533 5109 ι
589 5059 653 5111 Αἱ
689 5057 747 5110 δὲ
793 5053 1183 5128 προσελθοῦσαι
1222 5052 1529 5124 ἐκράτησαν
1578 5051 1742 5105 αὑτοῦ

166 5148 284 5213 τοὺς
318 5151 514 5215 πόδας,
548 5151 642 5203 καὶ
674 5146 1084 5222 προσεκύνησαν
1113 5144 1280 5215 αὑτῷ.
1309 5144 1441 5197 Τότε
1473 5143 1619 5213 λέγει
1648 5146 1745 5197 αύ-

166 5242 278 5307 ταίς
306 5243 335 5294 ό
380 5241 630 5314 Ἰησοῦς·
673 5259 691 5293 ι
725 5241 816 5311 Μὴ
857 5236 1129 5308 φοϐεῖσθε.
1149 5235 1436 5305 Ὑπάγετε,
1474 5237 1741 5306 ἀπαγγεί-

166 5330 285 5386 λατε
311 5336 428 5398 τοῖς
460 5333 717 5404 ἀδελφοῖς
760 5349 881 5403 μου,
911 5331 996 5384 ἵνα
1031 5329 1334 5383 ἀπέλθωσιν
1359 5332 1438 5393 είς
1467 5329 1564 5401 τὴν
1592 5330 1746 5385 Γαλι-

167 5425 339 5493 λαίαν,
365 5429 537 5481 κάκεῖ
574 5442 641 5497 με
681 5424 918 5494 ὄψονται.
951 5440 970 5473 ι
1004 5422 1060 5475 Ὀ
1099 5421 1347 5493 Ἰωάννης
1382 5422 1437 5475 δὲ
1485 5423 1620 5493 μετὰ
1644 5425 1743 5497 τὴν

167 5518 227 5571 ἐκ
264 5520 478 5595 νεκρῶν
515 5520 813 5574 ἀνάστασιν
843 5517 1050 5586 εἰσάγει
1091 5515 1185 5570 καὶ
1212 5517 1373 5579 αὐτὸς
1414 5516 1502 5570 τὸν
1541 5518 1750 5591 Ἰησοῦν⁴

237 5612 278 5644 ⁸⁸
318 5614 428 5669 Isa.
470 5628 601 5677 ινι,
640 5614 725 5668 I0.
805 5611 849 5644 "
887 5611 905 5666 I
940 5612 1067 5665 Cor.
1107 5625 1193 5674 xu,
1232 5608 1321 5662 Ἦ.

235 5707 311 5776 (1)
348 5704 565 5771 Εικώς.
601 5703 736 5775 Lege
764 5707 923 5767 εἰκός.
957 5701 1114 5758 Eun.

1846 4507 2008 4578 plane
2062 4516 2404 4578 compertum
2455 4506 2700 4568 haberet,
2748 4504 3011 4559 auxilium
3058 4502 3163 4558 sibi
3191 4516 3220 4554 a
3251 4501 3408 4552 l’atre

1844 4614 1956 4653 non
1989 4599 2149 4652 aliter
2180 4598 2346 4655 aifore
2383 4613 2545 4666 quam
2576 4612 2672 4667 per
2701 4595 3106 4651 restitutionem
3157 4607 3186 4645 a
3236 4598 3408 4645 Illm‘lt.’

1846 4690 1913 4744 ad
1945 4689 2143 4754 vitam,
2171 4690 2367 4748 merito
2398 4691 2452 4742 in
2484 4687 2772 4759 praesentia
2807 4693 2929 4741 orat
2966 4701 3032 4739 ex
3079 4684 3197 4738 acie
3218 4683 3407 4736 adver-

1846 4784 2117 4837 sariorum
2147 4782 2395 4838 evadere.
2432 4779 2701 4847 Quocirca
2747 4779 2827 4834 sic
2873 4780 2949 4832 ait
2981 4796 2995 4832 :
3033 4795 3053 4828 ι
3095 4776 3177 4829 Tu
3205 4783 3407 4836 autem,

1847 4873 2093 4939 Domine,
2122 4889 2190 4929 ne
2222 4873 2411 4943 procul
2468 4886 2723 4927 amoveas
2768 4870 3032 4925 auxilium
3085 4883 3263 4922 meum
3299 4883 3312 4919 :
3345 4865 3409 4919 ad

1850 4966 2249 5037 susceptionem
2279 4980 2453 5019 meam
2508 4964 2740 5038 respice.
2792 4982 2811 5014 ι
2864 4961 3074 5017 Etenim
3105 4961 3174 5015 ab
3209 4958 3410 5013 auxilio

1850 5067 1946 5115 tuo
1976 5059 2253 5130 susceptio
2283 5057 2413 5115 mihi
2435 5057 2634 5121 veniet,
2666 5062 2888 5125 propter
2918 5068 3082 5124 quam
3108 5049 3407 5120 susceptio-

1849 5166 1976 5206 nem
2031 5160 2179 5205 totus
2226 5150 2469 5221 psalmus
2522 5149 2716 5201 merito
2764 5144 3064 5214 inscriptus
3115 5150 3221 5201 est.
3257 5160 3277 5192 ι
3316 5154 3409 5210 pre

1850 5244 2198 5313 susceptione
2222 5243 2508 5299 matutina.
2542 5260 2561 5292 ι
2596 5240 2675 5295 Ad
2705 5239 3110 5308 susceptionem
3141 5235 3307 5305 igitur
3330 5250 3392 5287 re

1849 5336 2018 5406 spice,
2042 5343 2306 5405 praestans
2324 5334 2456 5393 mihi
2481 5348 2644 5404 quam
2678 5332 2960 5386 celerrime
2985 5328 3088 5385 sub
3119 5329 3291 5398 ipsum
3314 5340 3402 5379 au-

1850 5442 2029 5487 roram
2063 5418 2390 5484 reversionis
2425 5441 2454 5481 a
2513 5425 2742 5479 mortuis
2791 5421 3217 5488 susceptionem,
3248 5432 3409 5489 quam

1851 5534 1981 5577 $3118
2010 5534 2170 5590 spero
2204 5535 2288 5575 me
2319 5526 2762 5574 οοῐιεοςυιιιιοιιιη.
2794 5530 2918 5571 cum
2943 5528 3060 5569 eam
3084 5527 3194 5568 non
3217 5509 3406 5583 procul
