3830 6260
413 332 517 393 787

1045 331 1313 388 EUSEBH
1347 319 1829 385 οΑῑδΑΒιεΝδιδ
1866 326 1979 384 ΟΡΙ

2081 326 2226 382 ’ABS
2253 326 2316 383 11.
2354 357 2423 367 --
2450 324 2940 381 ΑΡοιοσετιιῖΑ.

3541 332 3636 388 788

413 471 444 510 ι
490 469 576 510 me
626 452 914 516 amoveris,
948 460 1001 506 et
1028 449 1289 521 eripueris
1330 468 1349 500 ι
1391 465 1421 503 a
1472 448 1672 504 framea
1714 448 1969 513 animam,

2081 440 2295 514 λέγοντα
2323 444 2456 515 πρὸς
2480 444 2575 515 τὴν
2615 443 2868 515 Μαριάμ*
2903 461 2921 493 ι
2948 443 3037 515 Μή
3096 460 3195 514 μου
3254 443 3444 498 ἀπτου·
3494 447 3640 502 οῦπω

412 559 467 603 et
544 562 609 601 ex
675 561 836 599 manu
898 543 1052 598 canis
1136 542 1353 598 unicam
1413 552 1632 603 meam,
1676 558 1694 591 ι
1742 551 1796 593 et
1851 548 1976 591 cum

415 636 718 693 servaveris
782 653 799 687 ι
862 650 949 691 me
999 648 1067 690 ex
1111 648 1206 690 ore
1263 631 1477 695 leonis,
1540 636 1593 686 et
1646 646 1674 683 a
1717 630 1979 684 cornibus

415 727 572 798 507
615 726 957 781 unicornium
1023 723 1384 779 humilitatem
1439 737 1656 776 meam:
1700 736 1721 773 ν
1780 719 1976 790 quibus

416 818 595 871 verbis
623 817 776 871 illum
806 812 1043 872 arbitror
1066 816 1372 886 significare.
1397 814 1637 870 infernas
1656 819 1971 881 potestates,

412 922 549 975 quas
584 921 713 962 sane
743 918 853 963 non
878 916 1128 962 nostrum
1158 906 1321 960 fuerit
1348 905 1625 975 speciatim
1644 904 1976 972 distinguere

411 1014 475 1053 ac
506 998 778 1059 dividere.
826 998 1280 1069 quemadmodum
1326 1013 1393 1051 ex
1434 997 1513 1052 eis
1567 997 1669 1049 alia
1723 993 1974 1064 quidem,

412 1105 533 1157 quae
572 1088 773 1145 framea
799 1090 891 1155 sit,
923 1090 1131 1145 intenta
1162 1090 1233 1144 sit
1286 1090 1340 1142 in
1389 1088 1622 1141 animam
1677 1084 1979 1140 Salvatoris

413 1184 629 1250 nostri;
662 1183 765 1236 alia
789 1197 936 1248 vero,
966 1198 1086 1254 quae
1116 1182 1217 1252 ipsi
1252 1180 1408 1233 morti
1462 1180 1530 1235 sit
1564 1179 1752 1239 canis,
1788 1177 1977 1231 morti-

414 1273 584 1327 feram
633 1288 852 1326 manum
910 1272 1233 1342 porrexerit,
1267 1274 1327 1324 ut
1359 1270 1506 1322 illam
1537 1270 1857 1339 attingeret,
1911 1282 1978 1321 ex

413 1377 523 1433 quo
553 1364 627 1417 ait
662 1381 675 1416 :
713 1379 734 1413 ε
768 1360 928 1431 Eripe
958 1376 991 1415 α
1028 1360 1233 1415 framea
1258 1360 1491 1413 animam
1527 1375 1740 1421 meam,
1800 1364 1854 1411 et
1912 1357 1979 1412 de

413 1470 576 1508 manu
612 1454 764 1509 canis
816 1453 1055 1507 animam
1098 1468 1314 1519 meam;
1366 1472 1385 1505 ι
1425 1452 1529 1505 alia
1566 1452 1689 1505 item
1741 1449 1981 1519 maligna

413 1546 660 1615 quaedam
686 1553 946 1616 potestas,
987 1546 1230 1600 omnium
1282 1545 1391 1601 illic
1422 1545 1655 1600 ferarum
1688 1543 1977 1613 princeps,

414 1653 535 1709 qua:
563 1638 646 1692 leo
680 1636 1021 1707 appelletur,
1073 1635 1164 1691 ubi
1218 1635 1384 1690 latum
1433 1648 1707 1705 supraque
1761 1648 1979 1688 omnem

414 1728 634 1783 modum
668 1727 825 1781 hians
855 1727 1045 1782 mortis
1066 1741 1128 1782 os
1156 1724 1445 1791 diduxerit,
1481 1738 1588 1779 una
1616 1739 1739 1779 cum
1767 1723 1981 1778 caeteris

413 1835 535 1889 qua:
566 1817 632 1872 ad
666 1819 870 1875 inferos
897 1819 1263 1881 descendunt,
1294 1816 1441 1873 illius
1485 1830 1701 1887 quoque
1738 1817 1974 1870 animam

410 1913 677 1967 devorare
705 1920 899 1965 conata
925 1913 1016 1975 sit,
1042 1925 1152 1964 non
1178 1909 1335 1963 aliter
1366 1923 1501 1963 sane
1523 1922 1688 1980 quam
1715 1906 1978 1978 quemad«

413 2002 634 2057 modum
662 2003 790 2057 olim
818 2003 970 2073 prius
986 2003 1275 2057 devoverat
1305 2014 1454 2056 mors
1483 2000 1983 2070 invalescens,quar

412 2098 629 2167 quidem
656 2113 802 2153 mors
829 2113 934 2151 non
967 2096 1071 2150 alia
1104 2094 1267 2151 fuerit
1297 2110 1455 2165 quam
1478 2094 1567 2165 qui
1603 2094 1705 2149 hoc
1738 2094 1857 2147 loco
1895 2093 1979 2146 leo

415 2191 747 2253 nominatur,
773 2198 829 2244 et
863 2188 953 2258 qui
1002 2204 1063 2244 os
1100 2198 1290 2243 contra
1338 2186 1671 2243 Salvatorcm
1729 2193 1979 2242 nostrum

415 2283 647 2353 aperuit,
682 2298 710 2336 a
738 2298 847 2352 quo
876 2282 991 2351 ipse
1013 2296 1072 2336 se
1094 2282 1302 2335 salvum
1328 2280 1557 2335 evadere
1587 2272 1981 2334 Patremsuum

415 2384 571 2437 orat,
618 2373 846 2428 dicens:
888 2390 909 2422 ι
949 2373 1105 2426 Salva
1154 2387 1241 2428 me
1282 2388 1347 2426 ex
1387 2386 1482 2426 ore
1534 2371 1727 2426 leonis.
1767 2390 1786 2422 ι
1834 2368 1981 2431 Fieri

413 2467 575 2518 etiam
608 2470 784 2536 potest
811 2473 869 2519 ut
896 2466 1014 2520 alia:
1042 2475 1299 2535 praeterea
1322 2464 1431 2519 sint
1457 2464 1700 2539 quaedam
1730 2462 1981 2532 maligna

415 2572 479 2611 ac
509 2555 620 2611 Deo
648 2557 872 2614 rebelles
900 2565 1192 2628 potestates
1216 2555 1477 2611 adversus
1521 2555 1613 2611 Dei
1660 2556 1978 2609 unicoruem

415 2649 671 2715 nitentes,
701 2660 935 2720 eumque
969 2650 1021 2704 in
1046 2649 1351 2703 contrarias
1382 2657 1564 2719 partes
1593 2647 1865 2702 abducere
1886 2660 1980 2701 co-

415 2748 644 2804 nantes,
674 2756 705 2794 a
732 2740 934 2810 quibus
969 2741 1117 2803 item,
1146 2738 1241 2794 Dei
1274 2739 1554 2794 unicornis
1581 2778 1597 2804 ,
1644 2739 1760 2808 ipse
1794 2737 1978 2793 Domi-

413 2844 522 2887 nus
559 2841 763 2896 noster,
790 2832 964 2885 solum
995 2829 1210 2886 Patrem
1238 2845 1409 2886 cornu
1452 2830 1656 2885 habens
1675 2868 1690 2893 ,
1715 2845 1870 2883 suam
1915 2829 1980 2882 li-

413 2923 593 2977 berari
624 2922 979 2977 humilitatem
1010 2923 1280 2992 postulat,
1315 2921 1502 2977 dicens
1530 2940 1543 2976 :
1585 2939 1604 2973 ι
1652 2920 1718 2973 Et
1743 2935 1773 2973 a
1800 2917 1982 2974 cornia

413 3014 518 3069 bus
563 3012 904 3066 unicornium
948 3011 1307 3065 humilitatem
1363 3025 1558 3064 meam.
1591 3028 1610 3062 ι
1665 3008 1772 3064 Sed
1817 3024 1978 3079 quam

416 3103 635 3159 tandem
675 3103 1065 3164 humilitatem,
1126 3102 1232 3157 nisi
1278 3102 1417 3157 hanc
1463 3102 1635 3173 ipsam
1685 3101 1978 3157 secundam

414 3210 599 3266 quam,
634 3209 656 3247 ‹
695 3211 819 3249 cum
871 3195 924 3249 in
976 3195 1148 3249 forma
1183 3194 1275 3250 Dei
1304 3201 1471 3261 esset,
1502 3194 1807 3250 humiliavit
1839 3195 1981 3265 seip-

416 3304 538 3344 sum
587 3296 640 3341 et
677 3287 960 3342 evacuavit
990 3286 1166 3342 factus
1199 3287 1463 3342 obediens
1508 3302 1681 3356 usque
1723 3286 1790 3340 ad
1836 3301 1983 3341 mor-

415 3390 547 3442 tem,
580 3388 810 3434 mortem
842 3389 1019 3433 autem
1045 3381 1225 3435 erucis
1255 3380 1337 3433 “?
1376 3399 1394 3431 ι
1429 3378 1695 3434 Caeterum
1727 3379 1773 3433 is
1797 3381 1888 3449 qui
1915 3377 1982 3431 ad

415 3475 624 3522 tantam
648 3467 1006 3523 limnilita‘tem
1034 3468 1316 3523 descendit
1365 3482 1419 3524 et
1459 3469 1742 3540 hucusque
1787 3485 1982 3540 perve-

414 3562 520 3622 nit,
546 3561 649 3617 hoc
687 3570 771 3616 cst
812 3577 983 3631 usque
1031 3560 1099 3615 ad
1132 3563 1245 3616 orci
1282 3561 1540 3618 frameam
1605 3570 1658 3617 et
1707 3579 1879 3633 usque
1913 3561 1982 3617 ad

417 3667 635 3708 manum
670 3654 811 3724 eius,
842 3656 933 3725 qui
985 3656 1113 3711 illuc
1143 3657 1343 3711 dicitur
1378 3657 1528 3712 canis
1558 3657 1640 3728 (ex
1676 3673 1787 3728 quo
1819 3657 1983 3713 etiam

418 3746 714 3818 scriptores
751 3744 1061 3803 Graecorum
1090 3764 1187 3818 par
1217 3758 1301 3806 est
1344 3766 1466 3804 cum
1493 3751 1559 3806 de
1597 3751 1689 3804 tali
1720 3766 1856 3806 cane
1883 3768 1984 3804 ειη-ι

417 3835 705 3899 divissent,
742 3851 850 3905 quo
881 3852 1011 3892 orco
1039 3838 1344 3901 inserviret,
1380 3838 1528 3893 hunc
1558 3838 1734 3907 ipsum
1767 3839 1979 3910 tricipi-

416 3933 523 3979 tem
548 3925 832 3997 pinxisse),
862 3927 986 3982 item
1016 3929 1107 3998 qui
1142 3945 1312 4000 usque
1334 3931 1400 3983 ad
1434 3930 1616 3986 fauces
1634 3932 1774 4002 ejus,
1793 3931 1859 3988 de
1876 3948 1986 4002 quo

411 4018 525 4087 jam
547 4018 755 4072 dictum
777 4027 878 4085 est,
901 4020 1073 4075 leonis
1099 4024 1352 4089 perrexit,
1375 4036 1428 4079 et
1450 4025 1805 4079 humilitatem
1827 4039 1981 4079 suam

419 4108 751 4166 adversariis
780 4117 832 4165 et
863 4112 971 4167 Deo
1000 4113 1234 4169 inimicis
1268 4116 1620 4172 unicornibus
1661 4116 1979 4181 substravit,

418 4208 472 4253 et
502 4200 811 4269 huiusmodi
859 4203 965 4259 line
1000 4220 1218 4259 omnem
1263 4223 1375 4262 suae
1406 4209 1775 4264 ctacuationis
1794 4218 1849 4264 et
1881 4211 1979 4264 hu-

419 4285 664 4342 militatis
719 4289 1177 4360 dispensationem
1251 4295 1600 4363 terminavit,
1662 4314 1725 4353 ac
1786 4299 1983 4354 deinde

422 4387 673 4447 precatus
698 4390 806 4448 est,
842 4384 986 4452 quod
1011 4385 1121 4453 jam
1149 4387 1415 4457 reliquum
1442 4398 1587 4453 erat.
1618 4406 1677 4447 se
1705 4398 1757 4447 et
1795 4393 1980 4447 auxilii

2078 535 2185 608 γὰρ
2220 533 2533 604 ἀναϐέϐηκα
2577 533 2712 605 πρὸς
2760 533 2849 587 τὸν
2892 533 3109 605 Πατέρα
3148 551 3280 605 μου·
3309 535 3541 608 πορεύου
3583 536 3639 593 δὲ

2083 627 2216 699 πρὸς
2234 627 2357 690 τοὺς
2388 622 2646 696 ἀδελφούς
2684 643 2804 696 μου,
2829 626 2922 680 καὶ
2953 627 3070 679 εἰπὲ
3099 626 3305 691 αὐτοῖς’
3347 627 3641 685 Ἀναϐαίνω

2081 721 2217 791 πρὸς
2247 721 2338 773 τὸν
2370 721 2587 792 Πατέρα
2634 736 2733 791 μου
2768 720 2860 773 καὶ
2905 718 3121 791 Πατέρα
3165 721 3339 793 ὑμῶν,
3370 724 3466 776 καὶ
3512 722 3642 778 Θεόν

2082 829 2179 883 μου
2208 813 2298 865 καὶ
2324 810 2454 865 Θεὸν
2483 811 2653 882 ὑμῶν.
2678 830 2696 862 ι
2731 811 2973 883 Πρώτοις
3001 813 3096 883 μὲν
3122 808 3214 867 οὖν
3258 817 3368 878 τοῖς
3411 814 3642 870 ἀποστό·

2079 905 2189 969 λοις
2229 904 2414 969 αὐτοῦ,
2443 905 2533 970 οὓς
2580 905 2739 970 ἰδίους
2785 898 3043 976 ἀδελφοὺς
3082 908 3350 978 ὀνομάζει,
3381 908 3441 961 τὸ
3478 908 3643 979 δνομα

2078 996 2170 1049 τοῦ
2196 996 2407 1068 Πατρδς
2428 995 2778 1069 διηγήσεσθαί
2818 1015 2983 1069 φησι·
3023 999 3158 1069 μετά
3193 999 3249 1052 δὲ
3281 999 3520 1063 ἐκείνους
3545 999 3643 1053 τά-

2082 1087 2158 1153 ξει
2186 1088 2277 1143 καὶ
2306 1087 2593 1158 ἀκολουθίᾳ
2624 1083 2721 1161 τὴν
2748 1089 2866 1143 καθ’
2893 1090 3020 1160 ὅλης
3052 1089 3151 1160 τῆς
3194 1091 3512 1163 οἰκουμένης
3550 1092 3644 1148 ἐπὶ

2078 1179 2155 1250 τῷ
2190 1180 2408 1251 ὀνόματι
2445 1179 2608 1233 αὑτοῦ
2640 1183 2909 1235 συστᾶσαν
2947 1176 3266 1253 Ἐκκλησίαν
3297 1182 3526 1249 διδάξειν
3551 1181 3644 1237 τὸν

2080 1278 2342 1348 πατρικὸν
2373 1276 2540 1348 ὕμνον
2568 1277 3191 1350 ὲπαγγέλλεται.Ὥσπερ
3214 1278 3322 1350 γάρ
3369 1278 3424 1332 εί
3462 1296 3547 1342 τις
3587 1280 3643 1331 ὲν

2082 1369 2231 1440 μέσῳ
2268 1369 2521 1441 μαθητῶν
2547 1368 2829 1434 διεξοδεύοι
2860 1370 3047 1440 λόγους
3072 1366 3164 1424 ἐπὶ
3210 1370 3368 1441 σοφία
3413 1370 3641 1443 διαπρέ-

2080 1480 2198 1517 πων
2246 1462 2587 1528 διδάσκαλος,
2638 1462 2776 1534 ὑπὲρ
2824 1461 2916 1515 τοῦ
2969 1461 3251 1525 κάκείνους
3306 1461 3644 1525 ἀκούσαντας

2079 1554 2554 1626 προσυπακοῦσαιε
2600 1555 2690 1609 τὸν
2735 1550 2894 1608 αὐτον
2933 1553 3129 1626 τρόπον
3174 1555 3267 1607 καὶ
3314 1553 3496 1618 αὐτὸς,
3530 1574 3549 1605 ι
3584 1555 3641 1607 ὲν

2085 1648 2232 1718 μέσῳ
2269 1646 2608 1717 Ἑκκλησίας,
2647 1666 2665 1697 ι
2698 1646 2881 1717 φησὶν,
2907 1664 2925 1696 ι
2959 1645 3184 1716 ὑμνήσω
3218 1662 3297 1708 σε,
3330 1664 3347 1696 ι
3382 1645 3522 1717 ὑπὲρ
3548 1645 3641 1699 τοῦ

2086 1738 2361 1810 μαθοῦσαν
2406 1739 2503 1809 τὴν
2545 1734 2865 1810 Ἐκκλησίαν
2907 1734 3001 1790 καὶ
3048 1732 3353 1791 ἀκούσασαν
3389 1738 3520 1811 παρ’
3551 1738 3644 1790 αὖ·

2079 1830 2192 1893 τοῦ,
2223 1830 2281 1884 ὃν
2336 1826 2597 1902 προσήκει
2649 1829 2869 1901 τρόπον,
2915 1822 3103 1900 μηκέθ’
3128 1828 3201 1892 ὠς
3246 1828 3306 1882 τὸ
3348 1829 3479 1899 πρὶν
3525 1831 3644 1890 τοὺς

2076 1923 2355 1993 δαίμονας,
2385 1920 2500 1973 ἀλλ’
2529 1920 2691 1973 αὐτὸν
2723 1920 2879 1993 μόνον
2905 1919 2995 1972 τὸν
3020 1919 3231 1973 πάντων
3263 1918 3417 1982 Θεὸν,
3442 1917 3532 1972 διὰ
3556 1918 3642 1972 τοῦ

2078 2006 2524 2081 καταγγείλαντος
2557 2011 2715 2065 αὐτὸν
2754 2011 3027 2081 ἁνυμνεῖν.
3061 2008 3241 2063 Ταῦτα
3266 2009 3498 2078 πράξειν
3547 2010 3643 2063 ὑπ-

2080 2102 2257 2172 ισχνοῦ
2267 2118 2441 2172 μενος,
2463 2099 2659 2172 σφόδρα
2677 2096 2979 2164 ἀκολούθως
2994 2099 3236 2179 ἐντεῦθεν
3258 2096 3355 2171 ἤδη
3387 2098 3646 2172 προστάτ-

2078 2211 2158 2246 τει
2192 2195 2255 2263 τῇ
2298 2192 2589 2263 Ἐκκλησία
2620 2192 2713 2246 καὶ
2745 2193 2856 2255 τοῖς
2883 2191 3045 2244 αὑτοῦ
3071 2190 3313 2261 ἀδελφοῖς
3341 2186 3535 2261 ὑμνεῖν
3560 2190 3644 2244 τὸν

2079 2276 2320 2356 Πατέρα.
2348 2284 2440 2336 Διό
2481 2300 2668 2355 φησιν’
2696 2302 2712 2335 ι
2735 2284 2797 2337 Οἱ
2826 2281 3147 2352 φοϐούμενοι
3176 2283 3264 2335 τὸν
3301 2281 3526 2353 Κύριον.
3563 2283 3643 2336 al-

2079 2376 2267 2429 νέσατε
2318 2375 2508 2428 αὐτόν’
2574 2375 2715 2428 ἅπαν
2761 2374 2823 2427 τὸ
2875 2374 3096 2446 σπέρμα
3142 2371 3333 2427 Ἰακὼό
3384 2370 3643 2439 δοξάσατε

2079 2466 2239 2520 αὑτὸν
2269 2484 2283 2497 ·
2346 2487 2365 2519 ι
2423 2467 2533 2530 καὶ,
2592 2487 2610 2518 ι
2667 2465 3063 2538 Φοδηθήτωσαν
3135 2466 3226 2519 ἀπ’
3271 2464 3434 2519 αὐτοῦ
3503 2463 3644 2518 ἅπαν

2078 2560 2138 2613 τὸ
2162 2561 2384 2631 σπέρμα
2425 2557 2661 2630 Ἰσραὴλ,
2688 2559 2768 2612 ὅτι
2798 2558 2897 2611 οὐκ
2924 2556 3294 2621 ὲξουδένωσεν,
3324 2554 3445 2607 οὐδὲ
3474 2570 3643 2625 προσ-

2078 2649 2277 2722 ώχθισε
2326 2653 2392 2724 τῇ
2436 2651 2614 2721 δεήσει
2654 2649 2745 2703 τοῦ
2795 2648 3035 2721 πτωχοῦ,
3064 2648 3182 2702 οὐδὲ
3230 2644 3544 2717 ἀπέστρεψε
3589 2645 3645 2699 τὸ

2079 2744 2365 2814 πρόσωπον
2397 2741 2558 2795 αὑτοῦ
2591 2743 2683 2795 ἀπ’
2713 2740 2866 2812 ἐμοῦ,
2896 2740 2989 2794 καὶ
3022 2742 3079 2794 ὲν
3113 2740 3191 2811 τῷ
3219 2741 3549 2812 κεκραγέναι
3580 2753 3642 2809 με

2080 2832 2215 2903 πρὸς
2254 2831 2414 2885 αὑτὸν
2461 2832 2745 2903 εἰσήκουσέ
2780 2846 2919 2902 μου’
2972 2849 2991 2882 ι
3037 2822 3103 2885 δι⁴
3134 2824 3207 2884 ὧν
3264 2830 3448 2899 σαφῶς
3503 2845 3641 2901 παρ·

2079 2925 2275 2996 έστησε
2304 2924 2411 2977 τῶν
2440 2918 2940 2996 προωνομασμένων
2971 2923 3152 2978 κακῶν
3178 2923 3243 2994 τὴ
3260 2942 3277 2975 .·
3302 2922 3640 2993 ἀπαλλαγήν.

2080 3018 2144 3071 Εἰ
2178 3017 2285 3088 γάρ
2312 3019 2370 3070 ὲν
2396 3016 2472 3087 τῷ
2504 3016 2830 3088 κεκραγέναι
2852 3016 2989 3089 πρὸς
3020 3015 3176 3068 αὐτὸν
3206 3016 3522 3085 εἰσήκουσεν
3552 3014 3644 3066 αὖα

2080 3107 2194 3170 τοῦ,
2227 3105 2431 3178 ηὔξατο
2457 3108 2511 3160 δὲ
2549 3107 2807 3179 ρυσθῆναι
2834 3107 2940 3161 ἀπὸ
2977 3106 3074 3177 μὲν
3123 3099 3391 3179 ῥομφαίας
3413 3104 3514 3175 τὴν
3543 3104 3640 3175 ψυ-

2082 3201 2185 3271 χὴν
2210 3200 2395 3262 αὑτοῦ,
2432 3200 2495 3253 ἐκ
2522 3199 2577 3252 δὲ
2612 3199 2768 3263 κυνὸς
2799 3199 2895 3271 τὴν
2932 3198 3192 3269 μονογενῆ
3222 3196 3408 3260 αὑτοῦ,
3439 3197 3536 3249 καὶ
3569 3195 3643 3248 ἔτι

2082 3290 2146 3341 ἐκ
2174 3285 2435 3358 στόματος
2465 3286 2695 3352 λέοντος,
2729 3290 2823 3342 καὶ
2851 3288 2956 3341 ἀπὸ
2986 3286 3235 3357 κεράτων
3263 3284 3641 3356 μονοκερώτων

2079 3381 2183 3452 τὴν
2221 3380 2540 3433 ταπείνωσιν
2572 3378 2756 3446 αὐτοῦ,
2803 3378 3090 3434 ἀκόλουθόν
3126 3379 3242 3431 ἐστι
3274 3380 3414 3430 νοεῖν
3439 3376 3640 3430 τούτων

2082 3473 2394 3545 ἀπαλλαγὴν
2444 3472 2694 3543 εὑρέσθαι
2742 3466 2833 3525 τδν
2882 3473 3147 3542 φήσαντα,
3182 3472 3263 3524 ὅτι
3310 3488 3329 3521 ι
3359 3470 3433 3541 μὴ
3478 3485 3642 3541 προσ.

2080 3567 2312 3638 ὠχθιτβν
2340 3569 2367 3620 ὁ
2398 3560 2529 3628 Θεὸς
2558 3562 2623 3637 τῇ
2657 3564 2833 3635 δεήσει
2882 3562 3066 3627 αὑτοῦ,
3095 3561 3227 3633 μηδὲ
3254 3555 3314 3615 τὸ
3355 3560 3640 3632 πρόσωπον

2081 3657 2418 3729 ἀπέστρεψεν
2434 3657 2526 3710 ἀπ’
2559 3654 2742 3719 αὐτοῦ,
2778 3654 2891 3707 ἀλλ’
2936 3654 2993 3706 ὲν
3037 3653 3114 3725 τῷ
3160 3645 3484 3725 κεκραγέναι
3537 3655 3641 3707 εἱσ-

2081 3752 2310 3822 ήκουσεν
2340 3741 2520 3800 αὑτοῦ.
2540 3765 2557 3796 ι
2587 3744 2676 3798 Διὸ
2701 3739 2792 3798 καί
2816 3742 3051 3815 ὑπῆρξεν
3085 3743 3228 3815 αὐτῷ
3261 3742 3507 3815 ῥυσθέντι
3538 3742 3639 3796 τῶν

2082 3836 2366 3899 τοσούτων,
2400 3836 2493 3887 καὶ
2518 3835 2583 3887 ὲκ
2611 3833 2705 3886 τοῦ
2741 3831 2967 3886 θανάτου
2999 3832 3308 3902 διαφυγόντι
3348 3831 3640 3904 συνδιατρί-

2083 3928 2197 3981 ϐειν
2240 3930 2348 3990 τοῖς
2387 3923 2577 3978 ἑαυτοῦ
2633 3922 2899 3995 μαθηταῖς
2942 3923 3075 3994 ὁμοῦ
3126 3924 3218 3975 καὶ
3257 3922 3523 3991 ἀδελφοῖς,
3553 3922 3639 3976 καὶ

2084 4021 2270 4091 ὑμνεῖν
2312 4019 2371 4071 ὲν
2416 4017 2564 4088 μέσῳ
2608 4014 2932 4085 Ἐκκλησίας
2962 4014 3053 4068 τὸν
3094 4014 3332 4085 Πατέρα.
3381 4014 3547 4085 Τήρει
3586 4012 3638 4067 δὲ

2085 4110 2243 4164 πάλιν
2271 4109 2345 4171 ὡς
2388 4107 2600 4178 πτωχὸν
2631 4102 2783 4169 αὖθις
2824 4106 3013 4159 ἑαυτὸν
3046 4104 3309 4158 ἀποκαλεῖ
3347 4101 3638 4175 συμφώνως

2082 4206 2200 4266 ταῖς
2225 4201 2484 4273 πρότερον
2513 4198 2931 4271 παρατεθείσαις
2956 4196 3329 4270 προφητείαις,
3354 4195 3420 4249 δι’
3446 4189 3520 4249 ὧν
3550 4194 3638 4248 πέ-

2082 4314 2180 4366 νης
2212 4296 2304 4348 καὶ
2341 4292 2551 4363 πτωχὸς
2578 4291 2904 4362 ὠνομάζετο.
2946 4290 3082 4342 Ἀλλ’
3115 4288 3237 4342 ἐπεὶ
3270 4288 3361 4341 καὶ
3389 4288 3485 4357 τὴν
3511 4287 3637 4341 ἀνά-

2086 4405 2273 4442 στασιν
2304 4384 2468 4439 αὑτοῦ
2498 4385 2584 4438 διά
2610 4384 2811 4437 τούτων
2840 4382 3197 4453 παρέστησεν,
3223 4376 3376 4443 αὖθις
3401 4379 3532 4452 πρὸς
3554 4378 3637 4431 τὸν

417 4476 472 4524 et
496 4472 859 4541 susceptionis
882 4490 910 4529 a
938 4475 1096 4531 Patre
1124 4486 1425 4548 compotem
1453 4479 1591 4545 ﬁeri,
1619 4482 1751 4537 illud
1781 4483 1979 4552 adjun-

2085 4480 2299 4550 Πατέρα
2343 4476 2682 4547 ἐπιστρέφων
2715 4475 2805 4529 τὸν
2850 4475 3039 4542 λόγον’
3076 4492 3096 4524 ο
3127 4471 3283 4544 Παρά
3317 4471 3432 4535 σοῦ,
3476 4489 3496 4523 ι
3543 4487 3637 4540 φη-

418 4564 496 4632 git
522 4581 536 4619 :
574 4578 593 4615 ι
622 4563 702 4619 Tu
726 4577 929 4632 autem,
957 4567 1202 4633 Domine,
1234 4588 1300 4627 ne
1327 4575 1511 4641 procul
1546 4586 1798 4630 amoveas
1824 4576 1983 4630 anxio

420 4657 551 4709 lium
584 4672 785 4721 meum,
815 4669 868 4715 et
894 4664 1289 4732 susceptionem
1317 4680 1490 4720 meam
1521 4667 1748 4736 respice.
1775 4686 1793 4718 ι
1824 4665 1985 4732 Quod

420 4760 553 4803 sane
579 4749 666 4803 ubi
693 4750 849 4816 dixit,
873 4766 984 4808 non
1012 4754 1101 4808 diu
1134 4763 1375 4810 moratus
1396 4770 1425 4808 a
1453 4754 1612 4811 Patre
1633 4772 1733 4811 suo
1766 4765 1850 4812 est
1883 4772 1978 4811 auo

419 4841 587 4907 ditus,-
607 4842 699 4912 qui
724 4844 938 4912 quidem
973 4863 1146 4917 neque
1177 4855 1462 4902 cunctatus
1491 4858 1601 4913 est,
1622 4847 1785 4919 508
1805 4865 1979 4919 neque

419 4933 503 4987 vel
538 4934 859 4990 brevissimo
900 4945 1143 5008 tempore
1175 4940 1512 5008 supersedit,
1569 4943 1825 5011 operibus
1852 4957 1984 4997 vero

420 5027 799 5082 tantummodo
826 5029 963 5099 ipsis
1009 5028 1074 5083 ad
1112 5046 1233 5085 eum
1263 5033 1580 5102 respondit:
1616 5049 1636 5084 ι
1677 5033 1868 5089 Adhuc
1900 5036 1980 5090 lo-

420 5127 617 5188 quente
645 5126 717 5183 te,
741 5120 936 5187 dicam,
961 5137 1087 5177 ecce
1113 5122 1302 5178 adsum
1334 5125 1396 5177 ¹⁷.
1430 5143 1449 5175 ι
1478 5123 1661 5195 Itaque
1684 5124 1730 5180 is
1755 5127 1844 5196 qui
1878 5126 1981 5182 hoc

420 5211 597 5279 ipsum
616 5209 726 5279 jam
751 5220 1017 5277 senserat,
1040 5220 1093 5267 et
1122 5214 1331 5283 paterni
1381 5215 1605 5281 auxilii,
1643 5217 1986 5286 quemadmo-

420 5315 545 5353 cum
576 5301 995 5370 supplicaverat,
1031 5317 1255 5372 compos
1286 5304 1461 5360 factus
1492 5314 1631 5366 erat,
1664 5314 1777 5359 tum
1825 5304 1981 5361 deni-s

420 5405 526 5461 que
557 5391 707 5446 illine
731 5393 991 5464 hymnum
1021 5394 1088 5448 ad
1130 5396 1410 5450 victoriam
1458 5396 1693 5465 inchoat,
1719 5397 1846 5452 dum
1881 5412 1980 5468 pro

420 5483 687 5538 matutina
746 5485 1092 5556 susceptione
1146 5487 1415 5557 psalmum
1469 5487 1638 5553 facit,
1712 5487 1803 5543 ubi
1861 5491 1975 5542 ait:

428 5589 446 5622 ι
481 5570 726 5627 Narrabo
754 5588 950 5630 nomen
982 5584 1134 5631 tuum
1179 5576 1438 5635 fratribus
1486 5577 1623 5634 meis
1651 5598 1663 5634 :
1693 5578 1747 5633 in
1805 5579 1983 5635 medio

499 5754 541 5784 “
580 5750 812 5825 Philipp.
855 5765 927 5820 ιι,
963 5756 1078 5822 6,7.
1150 5759 1197 5789 ν
1238 5757 1343 5814 lsa.
1421 5775 1588 5826 Lvm,
1622 5759 1677 5814 9.

2088 4575 2190 4635 civ,
2236 4591 2252 4621 ι
2310 4572 2338 4624 ὁ
2383 4568 2600 4632 ἔπαινός
2641 4585 2740 4639 μου
2782 4570 2839 4620 ὲν
2877 4566 3170 4636 Ἐκκλησία
3208 4564 3441 4636 μεγάλῃ,
3483 4582 3501 4614 ι
3544 4561 3636 4632 τῆς

2084 4666 2170 4719 ἐπ’
2199 4665 2421 4735 ὀνόματι
2452 4662 2617 4716 αὑτοῦ
2651 4660 2922 4731 συστάσης
2945 4659 3003 4726 ἐξ
3035 4658 3201 4712 ἐθνῶν
3231 4656 3353 4711 καθ’
3386 4658 3512 4729 ὅλης
3546 4654 3635 4725 τῆς

2083 4759 2403 4831 οἰκουμένης
2444 4756 2763 4827 Ἐκκλησίας
2791 4752 3157 4825 μνημονεύων,
3188 4753 3244 4804 ὲν
3343 4753 3372 4805 ὁ
3399 4749 3522 4822 περὶ
3548 4747 3634 4801 τοῦ

2085 4852 2334 4923 Σωτῆρος
2378 4849 2531 4922 ἡμῶν
2573 4850 2789 4911 ἔπαινος
2825 4846 2912 4900 διὰ
2943 4845 3141 4909 παντὸς
3177 4844 3380 4916 ᾄδεται,
3424 4844 3632 4914 νεύματι

2082 4943 2174 4996 τοῦ
2205 4942 2412 5014 Πατρὸς
2444 4940 2607 4995 αὑτοῦ
2643 4941 2735 4994 καὶ
2773 4939 3028 5011 συνεργίᾳ
3054 4955 3067 4968 ·
3113 4937 3191 4990 διό
3236 4952 3403 5007 φησι·
3442 4955 3460 4988 ι
3490 4934 3633 5006 Παρά

2086 5034 2177 5089 σοῦ
2204 5035 2232 5087 ὁ
2264 5034 2479 5097 ἔπαινός
2522 5051 2621 5104 μου
2662 5033 2717 5084 ὲν
2757 5030 3047 5102 Ἐκκλησία
3078 5029 3293 5104 μεγάλῃ
3313 5040 3328 5060 ⁴
3381 5049 3403 5081 ι
3438 5026 3629 5101 μεγάλη

2083 5127 2190 5198 γὰρ
2214 5128 2289 5190 ὡς
2320 5126 2534 5198 ἀληθῶς
2562 5124 2597 5195 ἡ
2643 5124 2933 5194 Ἐκκλησία
2956 5120 3115 5193 αὕτη,
3143 5122 3206 5174 ὲκ
3238 5122 3437 5185 παντὸς
3461 5120 3631 5189 γένους

2084 5218 2383 5290 ἀνθρώπων
2428 5215 2925 5289 συγκεκροτημένη,
2968 5213 3087 5267 οὐδὲ
3131 5212 3511 5282 συγκρίνεσθαι
3548 5207 3630 5262 διὰ

2084 5308 2144 5361 ab
2178 5308 2372 5379 σεμνὸν
2414 5309 2508 5361 καί
2540 5306 2812 5378 ὑπερφυὲς
2849 5304 2942 5359 τοῦ
2988 5303 3122 5374 βίου,
3171 5306 3265 5357 καὶ
3304 5303 3392 5358 διὰ
3429 5304 3487 5357 τὸ
3529 5299 3627 5353 τῶν

2086 5397 2365 5468 δογμάτων
2414 5397 2657 5469 μέγεθος,
2692 5395 2816 5462 ἀξία
2855 5395 2931 5467 τῷ
2972 5395 3237 5450 Ἰουδαίων
3268 5393 3409 5448 ἔθνει
3453 5393 3537 5448 καὶ
3563 5392 3623 5461 τῇ

2087 5488 2196 5541 τῶν
2243 5490 2306 5542 ὲκ
2338 5490 2636 5561 περιτομῆς
2680 5491 2985 5559 συναγωγῇ,
3020 5487 3167 5559 πάσῃ
3204 5485 3441 5557 πτωχείᾳ
3481 5482 3624 5549 λόγου

2090 5581 2181 5633 καὶ
2215 5578 2349 5649 βίου,
2384 5582 2476 5634 καὶ
2507 5581 2865 5653 φρονήματος,
2908 5580 2999 5635 καὶ
3028 5579 3125 5650 τῆς
3160 5577 3326 5650 ἄλλης
3356 5576 3475 5649 πρὶ
3499 5568 3625 5627 Θεοῦ
