3830 6260
212 243 315 303 ’189

1058 242 1709 301 DEMONSTRATIONIS
1744 243 2198 303 EVANGELICE
2236 247 2367 307 LIB.
2407 248 2475 305 Χ.

3341 256 3440 313 790

210 360 361 432 δόξης
405 363 843 434 ὲσμικρυμμένῃ,
890 357 999 416 Εἶτ’
1052 363 1325 430 ἐπιλέγει·
1389 380 1408 413 ι
1458 361 1571 425 Τὰς
1614 362 1779 431 εὐχάς

1885 361 2138 421 Ecclesiae
2166 366 2394 422 laudabo
2437 378 2507 424 te.
2553 387 2572 421 ι
2612 367 2809 426 Primis
2844 371 2990 427 enim
3016 372 3132 428 suis
3159 371 3438 445 discipulis

213 472 311 527 μου
330 455 411 525 τῷ
440 456 629 526 Κυρίῳ
660 453 923 510 ἀποδώσω
948 454 1174 509 ἐνώπιον
1206 454 1421 509 πάντων
1446 454 1555 508 τῶν
1582 454 1775 524 φοϐου-

213 546 386 620 μένων
412 546 570 601 αὐτόν
588 563 601 576 ·
617 567 635 600 ι
660 546 1018 618 φοϐουμένους
1037 547 1197 601 αὐτὸν
1218 546 1505 601 ἀποκαλῶν
1524 547 1621 618 τὴν
1652 547 1776 618 πρό-

207 655 363 711 τερον
395 638 781 710 ὀνομασθεῖσαν
815 640 1136 711 Ἐκκλησίαν
1170 640 1428 712 μεγάλην,
1455 635 1537 705 οἷς
1563 640 1771 708 ἔλεγεν

212 751 233 786 ι
266 733 333 787 Οἱ
354 730 672 802 φοϐούμενοι
690 732 778 785 τὸν
806 731 1027 804 Κύριον,
1058 732 1307 786 αἰνέσατε
1334 733 1514 787 αὐτόν.
1562 751 1581 784 δ
1611 733 1777 798 Ποίας

206 822 260 879 ἃ
294 823 465 894 εὐχὰς
497 823 793 878 ἀποδώσειν
828 825 1010 895 φησὶν,
1040 824 1072 896 ἦ
1099 824 1165 888 εις
1193 826 1587 897 ἐπηγγείλατο;
1619 826 1776 891 ποίας

207 914 259 970 δέ
294 914 660 986 ἐπηγγείλατο
688 916 720 988 ἦ
760 916 989 981 ἐκείνας,
1013 916 1078 970 δι’
1109 911 1183 970 ὧν
1215 918 1382 990 ἔφησε
1402 936 1413 948 ·
1456 937 1475 969 ι
1513 920 1777 991 Διηγήσο-

211 1023 304 1077 μαι
346 1004 410 1060 τὸ
440 1005 608 1077 δνομά
652 1023 744 1060 σου
781 1010 891 1071 τοῖς
926 1008 1172 1077 ἀδελφοῖς
1206 1026 1333 1079 μου·
1372 1011 1430 1062 ἐν
1466 1009 1615 1081 μέσῳ
1657 1011 1778 1065 Ἐκ·-

206 1094 439 1165 κλησίας
469 1096 693 1167 ὑμνήσω
724 1114 804 1161 σε,
830 1117 849 1151 ι
878 1098 1033 1169 εύχαὶ
1070 1100 1163 1172 (ἀρ
1188 1102 1322 1153 εἰσιν
1351 1102 1404 1153 αἱ
1433 1100 1775 1169 ἐπαγγελίαι,

205 1189 271 1253 ἃς
305 1188 771 1260 ἐπαγγειλάμενος
815 1189 1005 1244 δώσειν
1049 1199 1106 1245 ἐν
1147 1192 1295 1264 μέσῳ
1338 1193 1658 1264 Ἐκκλησίας
1698 1193 1778 1247 δι-

206 1280 540 1336 εϐεϐαιοῦτο.
574 1281 792 1346 Τούτοις
817 1280 940 1353 ἑξῆς
962 1282 1235 1352 ἐπιλέγει·
1272 1304 1289 1335 ι
1313 1284 1577 1353 Φάγονται
1612 1285 1778 1355 πένη-

206 1392 298 1436 τες
345 1375 440 1428 καὶ
482 1373 980 1446 ἐμπλησθήσονται,
1027 1376 1120 1429 καὶ
1169 1375 1438 1430 αίνέσουσι
1483 1375 1683 1447 Κύριον
1730 1377 1777 1430 οἱ

209 1463 569 1537 ἐπιζητοῦντες
607 1466 787 1520 αὐτόν.
829 1468 1091 1537 Ζήσονται
1140 1467 1197 1519 αἱ
1230 1465 1448 1538 καρδίαι
1494 1466 1671 1520 αὐτῶν
1703 1468 1781 1530 είς

208 1554 386 1608 αίῶνα
439 1554 648 1618 αἰῶνος.
693 1554 1106 1627 Μνησθήσονται
1148 1556 1239 1609 καὶ
1286 1556 1782 1628 ἐπιστραφήσονται

208 1644 351 1718 πρὸς
381 1644 587 1718 Κύριον
626 1645 803 1699 πάντα
842 1645 908 1698 τὰ
946 1647 1156 1718 πέρατα
1197 1647 1296 1718 τῆς
1326 1647 1451 1718 γῆς,
1484 1648 1577 1701 καὶ
1611 1662 1779 1719 προσ-

1875 466 1929 512 et
1957 460 2216 529 apostolis
2253 477 2372 531 qua:
2414 462 2481 516 ad
2514 476 2668 517 suam
2705 463 2946 518 laetitiam
3008 473 3061 520 et
3116 467 3438 521 exsultatio-

1873 562 1995 602 nem
2027 548 2332 618 pertinent,
2383 550 2669 621 pollicetur
2696 566 2754 607 se
2802 553 3200 621 nuntiaturum,
3234 571 3328 613 eos
3358 558 3437 611 in-

1874 639 2031 696 terim
2067 641 2355 696 nominans
2390 641 2584 698 fratres
2611 661 2625 698 :
2657 645 2855 714 quibus
2883 645 3044 700 etiam
3075 658 3439 705 consentanea

1874 731 2158 788 Mattheus
2191 733 2437 803 exponit,
2468 735 2594 789 dum
2625 736 2756 789 dicit
2786 756 2798 790 :
2830 755 2849 788 ‹
2915 737 2977 792 lit
3002 753 3128 795 ecce
3154 738 3314 796 Jesus
3344 756 3439 797 oc-

1876 825 2050 879 currit
2094 826 2221 890 illis,
2259 846 2278 878 »
2329 826 2416 882 ubi
2451 827 2573 881 illas
2611 828 2900 899 intelligit,
2937 847 3058 901 qua!
3091 848 3215 887 cum
3271 833 3439 889 Maria

1877 910 2190 983 Magdalene
2222 924 2379 976 erant
2399 954 2414 979 ,
2450 933 2468 965 ι
2498 914 2690 973 dicens
2715 937 2727 971 :
2760 916 2992 976 Salvete.
3020 920 3127 975 Illae
3151 931 3330 977 autem
3355 939 3442 981 ac-

1876 1012 2159 1061 cesserunt
2186 1014 2239 1062 et
2271 1015 2561 1062 tenuerunt
2589 1009 2708 1077 ejus
2736 1011 2899 1079 pedes
2919 1050 2934 1074 ,
2984 1019 3039 1067 et
3081 1013 3441 1070 adoraverunt

1876 1112 2023 1153 eum.
2060 1096 2212 1152 Tunc
2238 1101 2314 1153 ait
2347 1099 2452 1156 illis
2475 1098 2675 1156 Iesus;
2719 1100 2897 1157 Nolite
2932 1104 3139 1159 timere.
3190 1105 3298 1170 Ite,
3342 1123 3441 1162 an-

1878 1186 2127 1242 nuntiate
2154 1187 2415 1245 fratribus
2451 1190 2606 1253 meis,
2637 1199 2693 1245 ut
2724 1191 2921 1247 abeant
2951 1195 3004 1247 in
3039 1192 3345 1257 Galilaeam.
3388 1207 3442 1252 et

1880 1281 1953 1336 ibi
1986 1296 2072 1337 me
2101 1281 2361 1337 videbunt
2390 1283 2451 1336 ³⁸.
2487 1303 2507 1337 ι
2550 1283 2619 1338 At
2643 1300 2774 1340 vero
2803 1284 3042 1341 Joannes
3069 1295 3190 1357 post
3221 1288 3446 1343 reditio-

1881 1386 2001 1425 nem
2035 1387 2065 1426 a
2093 1374 2320 1445 mortuis
2344 1374 2461 1445 ipse
2489 1391 2702 1446 quoque
2726 1375 2933 1431 inducit
2958 1376 3141 1433 Jesum
3171 1378 3441 1434 dicentem

1881 1462 1947 1517 ad
1990 1462 2162 1534 ipsam
2212 1463 2481 1521 Mariam:
2533 1485 2552 1518 ι
2602 1466 2722 1523 Noli
2756 1484 2839 1523 me
2889 1476 3149 1539 tangere:
3202 1471 3441 1526 nondum

1880 1554 2023 1609 enim
2054 1556 2275 1611 ascendi
2325 1556 2393 1615 ad
2439 1556 2655 1613 Patrem
2691 1575 2892 1614 meum.
2961 1558 3108 1615 Vade
3158 1568 3339 1617 autem
3373 1563 3441 1617 ad

1882 1642 2076 1701 fratres
2104 1661 2274 1709 meos,
2304 1655 2355 1701 et
2381 1646 2469 1702 dic
2496 1649 2575 1702 eis
2607 1668 2620 1702 :
2654 1647 2902 1704 Ascendo
2931 1650 2995 1704 ad
3019 1649 3230 1705 Patrem
3263 1667 3442 1706 meum

207 1738 540 1809 κυνήσουσιν
592 1734 817 1789 ἐνώπιον
865 1735 1026 1790 αὐτοῦ
1081 1738 1247 1790 πᾶσαι
1300 1740 1353 1790 αἱ
1416 1738 1639 1810 πατριαὶ
1675 1737 1781 1791 τῶν

1885 1742 1937 1790 et
1966 1734 2183 1791 Patrem
2214 1744 2455 1791 vestrum
2479 1778 2494 1801 ,
2552 1746 2605 1793 et
2636 1737 2803 1793 Deum
2855 1754 3032 1794 meum
3069 1749 3124 1794 et
3156 1739 3322 1794 Deum
3348 1755 3443 1795 ve-

208 1827 412 1882 ἐθνῶν·
448 1828 528 1881 ὅτι
552 1826 644 1881 τοῦ
680 1827 883 1897 Κυρίου
915 1830 947 1899 ὴ
979 1828 1241 1898 βασιλεία,
1270 1829 1362 1881 καὶ
1395 1829 1555 1892 αὐτὸς
1587 1829 1777 1882 δεσπό-

208 1919 289 1986 ζει
323 1916 442 1975 τῶν
473 1918 659 1974 ἐθνῶν.
699 1939 717 1972 ι
753 1920 830 1972 Δι’
865 1913 940 1974 ὧν
971 1920 1174 1992 σφόδρα
1208 1919 1513 1985 ἀκολούθως
1544 1920 1614 1974 τὰ
1648 1921 1785 1993 μετά

207 2012 309 2083 τὴν
340 2012 639 2067 ἀνάστασιν
671 2010 834 2065 αὐτοῦ
868 2010 1264 2083 κατορθώματα
1308 2013 1595 2081 ἀναφωνεῖ,
1623 2012 1658 2067 ἃ
1690 2014 1784 2067 καὶ

208 2102 572 2174 πεπλήρωται
596 2100 681 2155 διὰ
707 2102 808 2172 τῆς
835 2101 893 2169 ἐξ
921 2101 1170 2155 ἀπάντων
1195 2101 1301 2156 τῶν
1327 2101 1491 2157 ἐθνῶν
1519 2102 1782 2175 κλήσεως,

205 2194 295 2248 διά
324 2210 391 2247 τε
420 2193 522 2265 τῆς
550 2194 606 2246 ἐν
629 2196 743 2257 τοῖς
770 2192 967 2264 πέρασι
999 2193 1097 2265 τῆς
1129 2195 1275 2247 οίκου
1283 2195 1450 2267 μένης
1486 2195 1783 2268 ἀνθρώπων

207 2283 472 2354 ἐκλογῆς,
522 2277 597 2336 ὧν
644 2285 700 2337 αἱ
756 2283 1010 2348 ἐκϐάσεις
1066 2284 1362 2355 ὀφθαλμοῖς
1419 2284 1783 2358 θεωρούμεναι

207 2378 436 2431 πάντων
469 2374 534 2429 ἂν
576 2376 813 2445 γένοιντο
838 2375 945 2429 τῶν
987 2376 1074 2431 διὰ
1109 2377 1203 2431 τοῦ
1235 2377 1450 2449 ψαλμοῦ
1482 2378 1784 2451 λεγομένων

210 2470 645 2541 παραστατικαί.
695 2470 933 2543 Πένητες
979 2471 1035 2525 δὲ
1082 2472 1243 2527 πάλιν
1291 2476 1473 2545 ἡμεῖς,
1519 2472 1610 2537 οὒς
1647 2474 1785 2528 κατά

209 2559 345 2615 Θεὸν
382 2561 761 2631 πτωχεύοντας
808 2563 1086 2636 ἐκτρέφων
1136 2566 1165 2617 ὁ
1209 2564 1472 2636 σωτήριος
1498 2563 1668 2634 Λόγος
1706 2564 1785 2635 τῷ

210 2652 392 2724 νοητῷ
424 2654 517 2707 καὶ
549 2652 748 2724 λογικῷ
789 2654 936 2728 ἄρτῳ
965 2657 1083 2720 ταῖς
1128 2655 1407 2720 ζωοποιοῖς
1453 2655 1560 2709 τῶν
1601 2655 1785 2727 ψυχῶν

207 2747 465 2816 τροφαῖς,
503 2744 599 2816 τὴν
630 2743 846 2801 αἰώνιον
875 2748 1004 2817 ἡμῖν
1045 2748 1271 2818 παρέχει
1306 2747 1467 2820 ζωήν.
1503 2748 1590 2801 Διό
1623 2765 1785 2818 φησιν

208 2840 235 2891 ὁ
262 2837 491 2908 ψαλμός
508 2854 522 2868 ⁸
588 2857 606 2891 ι
640 2840 904 2909 Φάγονται
931 2840 1161 2912 πένητες
1181 2841 1273 2893 καὶ
1297 2840 1785 2913 ὲμπλησθήσονται,

208 2931 306 2985 καὶ
340 2931 618 2984 αἰνέσουσι
648 2932 850 3004 Κύριον
886 2933 936 2987 ot
973 2931 1324 3004 ἐκζητοῦντες
1372 2932 1552 2987 αὐτόν.
1591 2933 1787 3003 Ζήσον-

208 3037 301 3076 ται
332 3023 397 3075 αἱ
428 3022 643 3093 καρδίαι
675 3024 854 3079 αὐτῶν
882 3025 962 3088 είς
986 3023 1156 3078 αἰῶνα
1176 3023 1388 3087 αἰῶνος.
1427 3042 1445 3075 ι
1482 3024 1592 3078 Kal
1615 3026 1644 3077 ὁ
1671 3023 1789 3077 ἐπί.-

207 3109 378 3182 λογος
398 3112 457 3166 δὲ
482 3115 580 3185 τῆς
605 3102 731 3188 ὅλης
756 3115 1088 3189 προφητείας
1122 3114 1259 3186 μετὰ
1282 3115 1459 3169 πάντα
1484 3115 1783 3188 ἐπιφέρων

215 3224 232 3256 ι
285 3196 754 3278 Ἀναγγελήσεται
775 3207 850 3277 τῷ
882 3207 1072 3278 Κυρίῳ
1099 3205 1263 3275 γενεά
1290 3208 1324 3277 ἡ
1358 3204 1643 3277 ἐρχομένη.
1675 3205 1786 3258 Καὶ

206 3295 577 3366 ἀναγγελοῦσι
599 3297 698 3369 τὴν
726 3296 1067 3369 δικαιοσύνην
1098 3298 1261 3351 αὐτοῦ
1292 3296 1406 3368 λαῷ
1427 3298 1503 3368 τῷ
1529 3296 1788 3367 τεχθησο·

211 3389 391 3460 μένῳ,
445 3387 503 3442 δν
554 3389 807 3460 ἐποίησεν
843 3390 872 3442 ὁ
929 3389 1158 3461 Κύριοςο
1204 3409 1223 3441 ι
1262 3388 1517 3459 ἄντικρυς
1562 3387 1652 3441 τὸν
1727 3385 1786 3452 ἐξ
1828 3388 1841 3397 ’

207 3481 392 3535 ἐθνῶν
424 3480 775 3554 προθεσπίζει
803 3480 950 3545 λαὸν,
1003 3482 1094 3535 καὶ
1125 3482 1223 3553 τὴν
1272 3479 1359 3533 διὰ
1397 3479 1488 3532 τοῦ
1540 3479 1788 3549 Σωτῆρος

208 3568 379 3640 ἡμῶν
421 3568 593 3640 Ἰησοῦ
623 3568 856 3641 Χριστοῦ
892 3572 1169 3624 συστᾶσαν
1195 3570 1285 3623 ἐπὶ
1317 3569 1413 3639 τῆς
1441 3569 1543 3639 γῆς
1574 3569 1782 3636 γενεάν.

206 3662 310 3725 Τίς
337 3658 451 3733 γὰρ
478 3661 543 3714 ἂν
566 3661 650 3732 εἴη
682 3663 711 3715 ὁ
749 3663 884 3733 μετά
910 3663 1082 3717 ταῦτα
1120 3661 1470 3733 τεχθήσεσθαι
1502 3660 1788 3731 λεγόμενος

206 3752 290 3823 τῷ
322 3751 450 3823 Θεῷ
476 3751 623 3817 λαὸς,
655 3752 818 3808 πάλαι
853 3754 927 3825 μὴ
954 3753 1049 3821 ὢν,
1078 3753 1196 3825 μηδ’
1223 3750 1466 3822 ὑφεστὼς
1504 3755 1560 3806 ἐν
1592 3752 1790 3824 ἀνθρώ-

208 3862 363 3909 ποις,
402 3843 624 3916 ῦστερον
655 3845 713 3898 δὲ
744 3844 1014 3915 γεγονώς;
1061 3845 1145 3910 τίς
1187 3863 1246 3899 τε
1286 3845 1346 3897 οὐ
1384 3847 1457 3917 μὴ
1488 3842 1622 3898 οὖσα
1645 3844 1786 3908 τότε,

206 3935 488 4006 λεγομένη
510 3935 568 3989 δέ
597 3935 907 3991 ἐλεύσεσθαι
931 3937 1112 4007 γενεὰ,
1148 3938 1196 3990 εἰ
1223 3937 1296 4009 μὴ
1351 3937 1484 4008 αὕτη
1512 3940 1545 4008 ή
1572 3937 1658 3991 διά
1694 3936 1788 3990 τοῦ

206 4028 475 4099 Σωτῆρος
504 4027 658 4098 ἡμῶν
686 4030 744 4081 ἐν
777 4030 937 4083 παντὶ
973 4028 1050 4099 τῷ
1077 4030 1266 4100 κόσμῳ
1289 4032 1531 4083 συστᾶσα
1566 4028 1792 4097 Ἐκκλη-

207 4118 339 4185 σία;
375 4119 473 4172 καὶ
498 4122 526 4172 ὀ
547 4120 665 4184 νέος
693 4119 751 4185 ἐξ
775 4120 943 4175 ἐθνῶν
973 4121 1121 4185 λαὸς,
1156 4123 1242 4191 ἐφ’
1271 4116 1315 4191 ᾧ
1337 4122 1431 4176 xal
1458 4122 1545 4175 διά
1574 4121 1789 4175 Ἡσαΐου

204 4213 269 4267 τὺ
319 4210 556 4283 Πνεῦμα
582 4214 642 4267 τὸ
689 4214 840 4282 ἅγιον
872 4214 1259 4285 θαυμαστικῶς
1289 4211 1664 4282 ἀπεφθέγξατο
1691 4214 1793 4284 φῆ-

208 4323 314 4360 σαν
341 4323 356 4337 υ
402 4324 420 4356 ι
467 4305 562 4369 Τίς
582 4307 777 4378 ἤκουσε
809 4309 1051 4374 τοιαῦτα,
1082 4310 1175 4364 καὶ
1200 4309 1283 4372 τίς
1315 4308 1557 4380 ἑώρακεν
1580 4305 1790 4372 οὖτως;

1883 1834 2056 1882 strum
2092 1829 2156 1885 ".
2200 1849 2218 1881 ι
2255 1828 2449 1884 Primis
2478 1843 2606 1901 ergo
2636 1831 2899 1901 apostolis
2949 1831 3094 1894 suis,
3131 1848 3268 1901 quos
3313 1847 3445 1888 suos

1883 1917 2080 1976 fratres
2105 1922 2367 1986 nominat,
2403 1937 2599 1977 nomen
2643 1938 2701 1978 se
2731 1921 2909 1979 Patris
2955 1924 3039 1979 sui
3094 1933 3442 1979 narraturum

1883 2013 1979 2066 ait.
2009 2011 2139 2068 Post
2169 2013 2291 2070 illos
2325 2022 2502 2069 autem
2525 2055 2540 2079 ,
2592 2014 2712 2085 ipso
2743 2015 2934 2072 ordine
2986 2017 3212 2088 ipsaque
3249 2032 3443 2072 censeo

1882 2107 2081 2177 quendi
2115 2106 2326 2162 ratione
2348 2106 2621 2174 Ecclesiae,
2656 2124 2774 2179 quae
2804 2124 2898 2179 per
2921 2115 3092 2163 totum
3128 2110 3314 2165 orbem
3338 2116 3447 2165 ter-

1881 2211 2066 2251 rarum
2115 2197 2168 2251 in
2204 2198 2422 2254 nomine
2477 2200 2649 2269 ipsius
2706 2198 2928 2255 fundata
2988 2207 3105 2266 est,
3162 2180 3457 2271 paternum,

1883 2286 2143 2359 hymnum
2179 2304 2237 2343 se
2265 2290 2634 2360 expositurum
2667 2292 2950 2362 promittit.
2978 2291 3446 2358 Quemadmodum

1882 2378 2024 2433 enim
2066 2377 2113 2433 si
2161 2378 2284 2448 quis
2325 2380 2597 2435 excellens
2627 2380 2890 2451 sapientia
2920 2389 3219 2451 praeceptor
3249 2383 3302 2435 in
3334 2397 3448 2439 me-

1883 2468 1989 2525 diis
2020 2470 2136 2524 suis
2167 2468 2452 2540 discipulis
2483 2470 2647 2526 verba
2680 2479 2996 2542 percurrat,
3061 2480 3121 2527 ut
3173 2469 3279 2545 ipsi
3309 2487 3448 2541 quo-

1883 2575 1990 2629 que
2018 2558 2298 2615 audientes
2330 2561 2660 2625 auscultent,
2693 2562 2766 2616 ita
2799 2562 2962 2617 etiam
3008 2563 3099 2616 ille
3131 2580 3150 2612 ι
3189 2562 3241 2615 in
3270 2562 3447 2617 medio

1885 2649 2160 2715 Ecclesiae,
2191 2651 2387 2721 inquit,
2420 2652 2653 2708 laudabo
2685 2659 2758 2717 te,
2797 2674 2816 2706 ι
2875 2660 2933 2708 ut
2965 2669 3089 2708 cum
3130 2653 3231 2709 hoc
3258 2652 3448 2710 Eccle-

1886 2747 1967 2803 sia
1994 2747 2262 2815 didicerit,
2290 2748 2419 2802 dum
2453 2749 2521 2803 ab
2556 2751 2675 2819 ipso
2707 2750 2895 2814 audit,
2952 2764 3060 2805 non
3093 2750 3231 2802 ultra
3261 2756 3320 2803 ut
3350 2763 3448 2805 a1-

1886 2848 1974 2895 tea
2004 2839 2308 2904 daemonas,
2361 2840 2490 2903 sed,
2538 2849 2598 2894 ut
2654 2857 2747 2912 par
2802 2849 2926 2904 est,
2975 2841 3151 2911 ipsum
3211 2840 3447 2896 universi

1887 2925 2055 2984 Deum
2089 2944 2183 2999 per
2203 2944 2346 2993 eum,
2379 2930 2471 3000 qui
2502 2930 2653 2984 illum
2684 2930 3004 2996 denuntiat,
3063 2931 3276 3003 hymnis
3313 2945 3450 2984 con-

1888 3019 2141 3076 celebret.
2168 3019 2293 3076 Hasc
2321 3022 2412 3078 ubi
2440 3037 2501 3077 se
2535 3020 2804 3077 facturum
2835 3023 3081 3094 promisit
3112 3062 3128 3087 ,
3186 3031 3300 3075 tum
3350 3020 3448 3075 ad-

1889 3112 2108 3166 modum
2133 3116 2519 3170 convenienter
2543 3122 2707 3185 atque
2750 3124 2872 3186 apte
2921 3115 3032 3184 jam
3065 3113 3188 3168 inde
3221 3113 3450 3183 imperat

1891 3204 2145 3261 Ecclesiae
2174 3220 2237 3260 ac
2280 3206 2396 3261 suis
2441 3204 2736 3271 fratribus,
2793 3214 2852 3261 ut
2906 3206 3124 3278 hymnis
3177 3203 3451 3259 celrbrcnt

1885 3294 2122 3361 Patrem,
2167 3297 2260 3351 ubi
2292 3297 2405 3351 ait:
2440 3316 2460 3347 ‹
2501 3295 2605 3364 Qui
2657 3297 2860 3351 timetis
2894 3295 3201 3359 Dominum,
3235 3293 3450 3349 laudate

1887 3404 2030 3444 eum.
2088 3386 2258 3443 Omne
2307 3403 2491 3444 semen
2529 3388 2721 3451 Jacob,
2756 3388 3052 3460 glorificate
3092 3403 3236 3444 eum.
3273 3385 3338 3440 Et
3382 3387 3451 3441 ti-

1886 3491 2069 3537 meant
2091 3480 2160 3535 ab
2181 3495 2246 3535 eo
2268 3494 2427 3535 omne
2452 3494 2637 3535 semen
2666 3478 2829 3533 Israel
2849 3518 2863 3541 ,
2889 3479 3144 3548 quoniam
3175 3492 3281 3530 non
3307 3490 3450 3546 spre-

1886 3574 1983 3635 vit,
2034 3587 2210 3642 neque
2257 3570 2484 3626 moleste
2532 3571 2654 3624 tulit
2679 3570 3113 3641 deprecationem
3160 3567 3450 3639 pauperis,

1890 3665 2051 3737 509
2092 3681 2267 3736 neque
2313 3664 2510 3719 avertit
2552 3664 2743 3719 faciem
2789 3679 2945 3719 suam
2996 3678 3026 3717 a
3068 3677 3188 3724 me,
3227 3670 3281 3716 et
3326 3675 3451 3715 cum

1888 3759 2180 3812 clamarem
2228 3755 2294 3810 ad
2325 3772 2448 3811 eum
2473 3797 2488 3821 ,
2523 3756 2798 3811 exaudivit
2830 3771 2935 3810 me.
2975 3774 2993 3805 ι
3024 3753 3233 3820 Quibus
3273 3751 3452 3807 verbis

1891 3850 2052 3921 plane
2094 3850 2333 3905 ostendit
2373 3866 2432 3905 se
2476 3850 2546 3904 ab
2594 3849 2704 3903 illis
2750 3864 2873 3903 esse
2919 3848 3207 3902 liberatum
3261 3844 3450 3905 malis.

1892 3956 2013 4011 qua:
2039 3942 2294 4011 superius
2324 3941 2469 3996 dicta
2499 3948 2648 3996 sunt.
2681 3939 2736 3995 Si
2769 3940 2911 3995 enim
2947 3955 3070 3993 cum
3098 3938 3357 3993 clamaret
3385 3934 3453 3989 ad

1889 4034 2076 4099 illum,
2109 4034 2179 4089 ab
2207 4034 2299 4089 illo
2332 4034 2622 4090 exauditus
2652 4044 2736 4089 est
2758 4075 2773 4099 ,
2821 4040 2875 4088 et
2915 4032 3161 4087 clamans
3201 4036 3455 4100 precatus

1891 4133 2007 4190 est,
2041 4134 2098 4180 ut
2127 4127 2361 4198 eriperet
2392 4141 2421 4180 a
2457 4124 2661 4180 framea
2691 4124 2910 4195 quidem
2941 4125 3175 4179 animam
3206 4137 3391 4184 suam,
3423 4137 3454 4175 a

1891 4233 2028 4272 cane
2068 4226 2245 4272 autem
2293 4218 2506 4272 unicam
2552 4232 2707 4272 suam
2731 4256 2747 4280 ,
2782 4232 2883 4272 nec
2922 4232 3029 4272 non
3065 4217 3132 4271 ab
3163 4231 3257 4270 ore
3287 4215 3456 4270 leonis

1891 4316 1947 4365 et
1987 4323 2018 4362 a
2063 4309 2323 4364 cornibus
2362 4308 2709 4364 uuicornium
2752 4307 3110 4362 humilitatem
3144 4321 3334 4368 suam,
3364 4320 3455 4359 se.

205 4400 257 4451 εί
288 4397 456 4451 nam
483 4398 552 4469 γῆ
576 4398 635 4450 ἐν
674 4397 854 4471 ἡμέρᾳ
889 4401 1006 4471 μιᾷ,
1042 4400 1138 4454 καὶ
1169 4400 1216 4452 εί
1249 4399 1439 4470 ἐτέχθη
1476 4398 1624 4462 ἔθνος
1680 4399 1783 4450 εἱσ-

1896 4401 2083 4469 quitur
2113 4409 2168 4455 ut
2212 4401 2576 4471 intelligamus
2608 4399 2759 4453 illum
2792 4397 3164 4452 liberationem
3195 4412 3225 4449 a
3256 4394 3456 4449 talibus

206 4487 389 4556 ἅπαξ.
430 4507 457 4542 ι,
479 4488 663 4544 Ταῦτα
687 4491 782 4560 μὲν
812 4486 905 4545 οὖν
935 4492 1116 4562 ἡμεῖς,
1143 4492 1226 4560 ἐφ’
1252 4490 1415 4564 ἓτερα
1446 4489 1789 4544 συνελαύνον-

202 4598 305 4646 τος
336 4580 437 4636 τοῦ
481 4582 698 4654 καιροῦ,
743 4583 1127 4657 διαδραμόντες
1178 4582 1483 4654 ἀκροθιγῶς
1527 4582 1794 4655 διεξήλθο-

207 4690 342 4743 μεν,
378 4672 489 4745 ὅτῳ
525 4673 570 4727 δ’
604 4673 669 4728 ἂν
698 4674 846 4746 μέλοι
884 4675 984 4744 τῆς
1009 4673 1102 4727 τοῦ
1150 4674 1398 4745 Σωτῆρος
1429 4673 1584 4745 ἡμῶν
1615 4691 1793 4745 παραγ

204 4765 541 4829 κελεύσεως,
573 4764 866 4837 [φήσαντος
889 4783 901 4797 ·
941 4786 958 4818 ι
1007 4765 1293 4837 Ἐρευνᾶτε
1327 4765 1425 4828 τὰς
1450 4766 1672 4837 Γραφάς
1692 4783 1704 4795 ·
1732 4768 1791 4819 ἐν

205 4851 306 4920 αἷς
339 4855 550 4910 δοκεῖτε
589 4854 734 4928 ζωὴν
777 4857 992 4911 αἰώνιον
1028 4854 1195 4927 ἔχειν,
1221 4857 1315 4910 καὶ
1360 4855 1529 4909 αύταίῖ
1559 4857 1696 4909 εἰσιν
1734 4858 1789 4910 αἱ

207 4949 599 5023 μαρτυροῦσαι
642 4950 769 5022 περὶ
814 4948 966 5021 ἐμοῦ.
1013 4969 1033 5000 ι
1080 4949 1315 5019 Ἐκάστῃ
1348 4946 1493 5011 λέξει
1523 4946 1617 5001 τοῦ
1658 4947 1793 5016 ψαλ-

208 5040 324 5112 μοῦ
356 5041 451 5094 τὸν
483 5041 606 5095 νοῦν
628 5040 956 5113 ἐμϐαθύνας,
982 5041 1080 5111 τὴν
1108 5040 1307 5111 ἀκριϐῆ
1336 5039 1573 5093 διάνοιαν
1602 5039 1794 5113 θηρεύ-

206 5147 308 5185 σαι
343 5131 412 5185 ἂν
434 5133 534 5204 τῆς
554 5135 613 5186 ἐν
644 5137 757 5199 τοῖς
787 5134 1095 5206 εἰρημένοις
1124 5133 1379 5204 ἀληθείας
1410 5131 1535 5205 (1).]

1894 4490 2054 4544 malis
2082 4498 2475 4552 consecutum,
2509 4488 2729 4566 quippei
2748 4488 2839 4557 qui
2877 4486 3075 4541 dixerit
3098 4524 3112 4548 ,
3148 4484 3316 4539 Deum
3347 4498 3455 4538 non

1895 4584 2123 4637 moleste
2144 4582 2338 4637 tulisse
2364 4580 2799 4650 deprecationem
2831 4593 2985 4634 suam
3005 4617 3021 4640 ,
3054 4590 3232 4645 neque
3260 4574 3454 4629 faciem

1893 4691 2045 4731 suam
2076 4676 2341 4731 avertisse
2363 4674 2432 4728 ab
2459 4674 2596 4742 ipso,
2622 4671 2717 4728 sed
2741 4671 3064 4725 clamantem
3093 4669 3268 4739 ipsum
3293 4681 3456 4722 exau-

1896 4766 2116 4823 divisse.
2162 4766 2432 4833 Quocirca
2461 4765 2633 4820 eidem
2662 4764 2729 4819 de
2759 4763 2923 4818 tantis
2955 4762 3112 4818 malis
3153 4769 3371 4831 erepto,
3404 4767 3457 4815 et

1897 4859 1999 4930 ipsi
2041 4858 2107 4913 de
2148 4866 2323 4912 morte
2363 4857 2548 4928 elapso
2579 4854 2793 4910 abunde
2820 4854 3087 4924 contingit
3118 4869 3223 4908 una
3248 4852 3457 4906 versari

1898 4964 1961 5004 ac
1989 4949 2184 5018 degere
2209 4964 2333 5004 cum
2366 4948 2482 5005 suis
2508 4952 2563 5003 et
2586 4946 2871 5017 discipulis
2910 4956 2964 5001 et
2994 4946 3274 5009 fratribus,
3313 4952 3368 5000 et
3401 4945 3456 5000 in

1897 5039 2074 5093 media
2100 5039 2342 5095 Ecclesia
2369 5047 2575 5109 patrem
2600 5039 2841 5094 laudare.
2870 5037 2974 5094 Sed
2996 5037 3216 5093 attende
3241 5049 3455 5101 rursus,

1900 5141 1960 5187 ut
1994 5147 2286 5203 pauperem
2321 5132 2559 5202 seipsum
2591 5132 2786 5186 iterum
2826 5139 3006 5195 vocat,
3053 5133 3200 5185 ineo
3226 5143 3457 5184 concor-

200 5227 360 5283 dans
386 5241 511 5279 cum
540 5232 666 5281 ante
692 5226 956 5296 expositis
978 5226 1312 5297 pr0phetiis,
1340 5225 1398 5279 in
1457 5224 1658 5294 quibus
1714 5239 1920 5294 pauper
1964 5231 2019 5280 et
2063 5240 2269 5293 egenus
2309 5231 2393 5278 est
2438 5224 2792 5291 nominatus;
2836 5223 2933 5279 sed
2974 5223 3101 5294 quia
3163 5236 3324 5278 suum
3391 5219 3456 5273 ad

203 5321 387 5376 vitam
431 5320 666 5376 reditum
707 5321 763 5376 in
803 5321 892 5376 bis
932 5320 1228 5385 indicavit,
1262 5335 1454 5377 rursus
1484 5335 1790 5376 sermonem
1832 5328 2161 5375 convertens
2189 5319 2256 5372 ad
2286 5318 2500 5374 Patrem
2522 5358 2537 5384 ,
2571 5337 2590 5370 ι
2622 5334 2652 5373 a
2679 5325 2766 5381 te,
2800 5317 3011 5387 inquit,
3075 5315 3196 5372 laus
3257 5328 3377 5371 mea
3402 5311 3457 5369 in

204 5415 469 5471 Ecclesia
501 5431 694 5487 magna
718 5457 736 5483 ,
761 5435 784 5469 ι
840 5415 894 5473 in
924 5416 1127 5488 quibus
1156 5432 1287 5473 sane
1316 5416 1499 5472 verbis
1557 5416 1861 5472 Ecclesiam
1899 5418 1956 5470 tn
1989 5416 2212 5470 nomine
2242 5414 2420 5485 ipsius
2445 5430 2510 5469 ex
2540 5413 2794 5485 gentibus
2820 5411 3104 5468 collectam
3126 5450 3141 5475 ,
3174 5418 3229 5467 es
3256 5422 3315 5467 3t
3340 5420 3452 5466 ωις

286 5571 340 5605 ⁸⁸
374 5570 562 5627 Matth.
599 5587 774 5627 xxvru
798 5570 989 5635 ,9,iO.
1069 5572 1112 5603 ¹⁹
1152 5567 1315 5626 Joan.
1351 5586 1456 5635 xx,
1493 5570 1580 5625 17.

286 5692 370 5763 (Ι)
407 5693 582 5749 Uncis
619 5694 875 5752 (.onclusa
916 5692 1187 5763 supplerit
1232 5690 1533 5748 Fabricius.
1561 5690 1697 5748 Vide
1748 5689 2168 5745 Admonitionem
2219 5687 2375 5744 initio
2428 5683 2735 5743 voluminis.
