3830 6260
160 344 247 401 793

825 326 1470 386 DEMONSTRATlONlS
1495 323 1949 382 EVANGELlC/E
1988 322 2244 379 FRAGM.
2289 321 2378 377 EX
2417 322 2546 379 LIB.
2588 319 2706 377 XV.

3243 319 3351 379 ’196

162 471 239 518 νας
261 454 314 505 ὲν
337 445 788 514 πεντεκαιδεκάτῳ
814 444 963 516 τόμῳ
988 443 1084 514 τῆς
1098 441 1502 514 Εὐαγγελικῆς
1531 443 1577 497 Ἀ
1586 457 1682 497 πο.

1793 438 2259 494 Demonstratiom's
2288 434 2616 507 Evangeliw
2644 434 2786 490 libro
2821 441 3054 490 exstant.
3079 431 3129 490 Is
3155 450 3350 506 nempe

161 544 395 608 δείξεωςυ
424 534 573 602 οὗτος
598 536 706 608 γάρ
734 536 912 590 πᾶσαν
940 534 1226 606 ἐκθέμενος
1256 535 1355 607 τὴν
1376 536 1562 607 ὅρασιν
1590 532 1683 588 οῦ-

159 654 249 700 ςως
295 631 445 703 φησί·
481 650 499 681 ι
550 628 813 699 Ἦγοῦμαι
857 627 1025 682 ταῦτα
1076 628 1238 698 μηδὲν
1280 627 1549 700 διαφέρειν
1588 628 1684 697 τῆς

161 724 402 799 προφήτου
445 720 703 792 θεωρίαςο
744 720 819 783 ὡς
871 719 977 791 γὰρ
1014 722 1043 773 6
1084 721 1365 791 προφήτης
1417 718 1685 772 θάλασσαν

159 817 281 888 ἐώρα
307 813 554 885 μεγάλην,
576 811 746 874 οὕτως
763 814 790 864 6
812 810 1060 880 βασιλεὺς
1087 813 1269 867 εἰκόνα
1303 812 1500 882 πολλήν
1520 852 1532 865 .
1578 812 1684 865 Καὶ

161 908 294 964 πάλιν
334 906 404 969 ὡς
446 906 474 957 6
523 905 804 974 προφήτης
843 903 986 976 ἐώρα
1030 904 1069 957 δ’
1115 904 1296 976 θηρία,
1338 905 1477 973 ἅπερ
1515 906 1685 974 ἑρμη-

158 999 300 1056 νεύων
336 995 619 1068 μετέϐαλεν
657 998 734 1059 εἰς
773 995 812 1048 δ’
852 995 1144 1064 βασιλείας,
1176 994 1346 1058 οὕτως
1372 997 1399 1047 6
1438 995 1687 1065 βασιλεὺς

158 1093 237 1157 τὰς
258 1092 337 1145 διὰ
355 1089 444 1142 τοῦ
471 1091 671 1161 χρυσοῦ
710 1090 801 1143 καὶ
830 1089 1069 1161 ἀργύρου
1100 1089 1192 1143 καὶ
1222 1086 1419 1158 χαλκοῦ
1463 1089 1553 1140 καὶ
1602 1104 1683 1140 σι-

158 1187 315 1256 δήρου,
338 1181 601 1253 τέσσαρας
631 1179 900 1251 βασιλείας
931 1181 1201 1251 ᾐνίττετο·
1250 1182 1343 1233 καὶ
1370 1176 1524 1243 αὖθις
1552 1180 1626 1242 ὡς
1654 1178 1683 1230 ὀ

160 1276 409 1347 προφήτης
455 1274 565 1327 τῶν
609 1272 704 1326 τοῦ
750 1272 979 1326 ὑστάτου
1026 1271 1220 1343 θηρίου
1265 1273 1507 1343 κεράτων
1552 1272 1681 1325 δέκα

159 1365 381 1436 διαίρεσιν
402 1362 563 1434 ἑώρα,
598 1364 691 1415 καὶ
720 1362 844 1433 τρία
893 1361 1095 1433 κέρατα
1134 1361 1223 1429 ὑφ’
1256 1359 1370 1423 ἐνὸς
1410 1358 1684 1425 συντριϐό-

163 1474 296 1528 μενα·
333 1456 421 1509 καὶ
448 1457 475 1509 6
504 1453 753 1524 βασιλεὺς
796 1451 1053 1515 ὡσαύτως
1082 1452 1173 1503 ἐπὶ
1215 1449 1320 1503 τῶν
1365 1449 1694 1502 τελευταίων

160 1546 242 1616 τῆς
266 1544 456 1607 είκὸνος
488 1543 651 1613 μέρος
680 1558 733 1593 τι
774 1539 1023 1611 σιδηροῦν
1062 1538 1152 1593 καὶ
1184 1537 1345 1609 μέρος
1371 1535 1693 1606 ὀστράκινονν

160 1636 379 1708 ἐθεώρειο
411 1636 501 1688 καὶ
530 1634 624 1686 ἐπὶ
665 1632 890 1695 τούτοις,
917 1632 992 1694 ὡς
1027 1633 1056 1685 ὁ
1097 1630 1381 1701 προφήτης
1417 1629 1554 1697 μετὰ
1585 1628 1686 1699 τὴν

159 1730 247 1783 τῶν
284 1726 549 1798 τεσσάρων
597 1723 880 1795 βασιλειῶν
916 1725 1102 1795 ὅρασιν
1138 1721 1284 1793 ἐώρα
1322 1720 1434 1774 υἱὸν
1481 1719 1688 1792 ἀνθρὼ-

1784 536 2096 591 universum
2167 535 2340 589 visum
2397 535 2676 604 expticans
2733 532 2814 587 sic
2865 531 2987 586 ait:
3025 550 3045 584 ι
3080 529 3349 589 Existimo

1784 627 1885 681 hoc
1910 628 2082 682 visum
2117 625 2339 679 minime
2364 622 2582 678 dilTerre
2629 623 2699 677 ab
2743 622 2915 693 ipsius
2956 622 3229 692 prophetae
3264 621 3346 677 vi—

1784 722 1953 776 sione.
1989 718 2141 772 Sicut
2161 717 2304 771 enim
2332 715 2590 785 propheta
2621 713 2749 767 vidit
2790 729 2937 769 mare
2971 729 3245 785 maguum,
3265 713 3346 769 sic

1785 826 1876 864 rex
1908 811 2178 879 ingentem
2214 815 2471 864 statuam.
2500 809 2817 876 ltursnSque
2847 815 2903 859 ut
2928 807 3184 877 propheta
3212 807 3347 861 vidit

1787 902 1929 959 feras
1956 912 2212 972 quatuor,
2266 914 2404 968 cpias
2441 900 2805 969 interpretans
2832 899 2885 953 in
2918 908 3153 967 quatuor
3182 913 3345 969 regna

1784 996 2048 1048 convertit
2069 1009 2082 1056 ;
2102 993 2171 1045 ita
2196 1006 2287 1047 rex
2308 1004 2461 1052 auro,
2484 998 2728 1059 argento,
2747 1004 2853 1047 tere
2873 998 2926 1042 et
2946 990 3087 1043 ferro
3113 1000 3348 1059 quatuor

1785 1100 1949 1154 regna
2010 1085 2368 1153 signitirabat.
2409 1081 2698 1148 Denuoque
2732 1088 2791 1133 ut
2848 1080 3104 1149 propheta
3160 1084 3212 1131 in
3248 1093 3346 1149 po-

1784 1184 1982 1228 strema
2015 1174 2190 1228 bellua
2218 1187 2422 1226 cornua
2453 1172 2639 1224 decem
2669 1169 2838 1222 divisa
2864 1169 3097 1230 videbat,
3134 1169 3350 1237 triaque

1785 1282 1987 1321 cornua
2030 1268 2097 1320 ah
2154 1280 2263 1319 uno
2296 1263 2559 1319 contrita:
2614 1262 2864 1317 similiter
2908 1275 2999 1315 rex
3050 1260 3101 1314 in
3153 1270 3351 1315 statua}

1784 1360 2218 1413 extremitatibus
2287 1369 2495 1427 partem
2565 1353 2691 1409 ferri
2754 1350 2969 1407 videbat
3030 1362 3354 1423 partemque

1787 1458 1955 1504 testw.
1978 1452 2223 1518 Insuper,
2246 1458 2305 1502 ut
2338 1447 2595 1518 prrpheta
2631 1453 2752 1516 post
2790 1454 3023 1515 quatuor
3058 1458 3349 1514 regnorum

1783 1540 2065 1600 visionem,
2100 1539 2267 1593 tilium
2298 1537 2534 1593 hominis
2566 1536 2774 1606 aspexit
2799 1551 3010 1591 suumio
3038 1535 3261 1604 imperio
3282 1548 3354 1588 ae

1786 1640 2053 1704 potestate
2081 1645 2355 1701 regnoque
2388 1628 2714 1698 potientem;
2745 1629 2817 1679 ita
2844 1640 2935 1681 rex
2965 1624 3192 1695 lapidem
3227 1638 3353 1678 cer-

1788 1741 1916 1779 nere
1950 1724 2050 1779 sibi
2080 1722 2383 1783 videbatur,
2419 1719 2509 1789 qui
2555 1720 2863 1772 universam
2897 1723 3201 1771 contereret
3235 1724 3349 1769 sta-

160 1839 244 1873 που
269 1820 355 1890 τὴν
384 1797 519 1872 κατὰ
559 1815 774 1869 πάντων
805 1816 975 1885 ἀρχὴν
1004 1814 1096 1868 καὶ
1134 1813 1380 1879 ἐξουσίαν
1408 1808 1498 1866 καλ¹
1532 1810 1686 1881 βασι-

1793 1825 1935 1870 tuam
1973 1815 2228 1881 ﬁeretque
2257 1827 2416 1867 mons
2448 1826 2697 1881 magnus,
2723 1809 2796 1863 ita
2827 1817 2885 1863 ut
2912 1824 3059 1863 mare
3084 1808 3347 1877 oppleret.

159 1911 285 1965 λείαν
312 1908 672 1981 παρειληφότα
690 1925 704 1938 ·
736 1907 907 1970 οὕτως
943 1907 1033 1959 καὶ
1057 1906 1085 1957 6
1115 1904 1363 1974 βασιλεὺς
1388 1903 1531 1956 λίθον
1564 1919 1697 1955 συν-μ

157 2007 377 2080 τίίϐοντα
407 2007 503 2077 τὴν
534 2005 719 2059 εἰκόνα
767 2005 946 2056 πᾶσαν
990 2001 1081 2054 καλ⁸
1122 1999 1407 2070 γινομένην
1436 2000 1515 2057 εἰς
1563 1996 1688 2068 ὅρος

161 2099 277 2169 μέγα
313 2094 399 2151 καὶ
438 2098 544 2167 πλη
557 2096 687 2168 ροῦν·
709 2093 979 2148 θάλασσαν
1023 2089 1198 2144 ἐδόκει
1224 2092 1385 2161 ὁρᾷνο
1418 2088 1513 2143 καὶ
1547 2088 1674 2141 εἰκό-

157 2203 267 2250 τως·
297 2186 489 2256 έπρεπε
524 2184 638 2256 γὰρ
681 2183 757 2254 τῷ
797 2179 892 2254 μὲν
933 2179 1267 2252 ὴπατημὲνῳ
1308 2179 1435 2250 περὶ
1472 2178 1568 2248 τὴν
1593 2176 1686 2230 τοῦ

160 2271 253 2343 βίου
286 2268 574 2337 φαντασίαν
607 2271 831 2341 βασιλεῖ,
868 2271 960 2323 καὶ
1013 2269 1107 2340 τὴν
1141 2268 1248 2322 τῶν
1292 2267 1560 2337 αἰσθητῶν
1602 2262 1688 2320 οἷα

158 2365 423 2437 χρωμάτων
448 2363 776 2436 ὡραιότητα.
811 2360 1118 2431 ἐπιγραφῆς
1165 2358 1524 2428 ἀνακειμένης
1562 2356 1691 2411 θαυ-

162 2455 367 2528 μάζοντι,
400 2454 569 2509 εἰκόνι
598 2452 804 2524 μεγάλῃ
846 2451 935 2504 τὸν
970 2450 1180 2504 πάντων
1209 2447 1505 2520 ἀνθρώπιον
1536 2448 1690 2501 ἀπεο-

158 2548 315 2612 κάζειν
342 2547 479 2617 βίονο
510 2546 608 2599 τὸν
636 2544 690 2597 δὲ
718 2543 1023 2614 προφήτην.
1065 2540 1154 2593 τὸν
1185 2539 1347 2593 πολὺν
1385 2540 1477 2592 καὶ
1521 2538 1690 2609 μέγαν

160 2642 291 2700 σάλον
337 2639 426 2694 τοῦ
469 2639 592 2710 βίου
633 2637 845 2710 μεγάλῃ
884 2635 1126 2707 θαλάσσῃ
1157 2632 1553 2705 παραϐάλλειν
1599 2631 1693 2685 καῖ

158 2732 221 2803 τῷ
243 2734 327 2802 μὲν
358 2731 585 2802 βασιλεῖ.
612 2729 710 2793 τάς
738 2728 887 2799 παρά
902 2726 1203 2797 ἀνθρώποις
1231 2724 1534 2788 πολυτελεῖς
1563 2723 1693 2788 ὔλας

159 2822 329 2894 χρυσοῦ
368 2823 454 2875 καὶ
485 2819 729 2893 ἀργύρου
767 2816 967 2888 χαλκοῦ
996 2834 1054 2869 τε
1085 2817 1179 2869 καὶ
1222 2816 1438 2886 σιδήρου
1482 2814 1692 2884 θαυμά-

159 2913 299 2978 ζοντι,
323 2916 414 2978 τάς
453 2912 600 2967 κατὰ
628 2913 850 2983 κρόνους
892 2911 948 2962 ὲν
987 2908 1063 2979 τῷ
1113 2907 1210 2979 βίῳ
1255 2906 1362 2960 τῶν
1397 2904 1692 2978 ἀνθρώπων

160 3008 434 3079 ἐπικρατεῖς
465 3002 766 3076 βασιλείας,
791 3001 1008 3063 ταύταις
1045 2998 1334 3069 ἀφομοιοῦν
1360 2999 1477 3060 ταῖς
1504 2996 1654 3060 ὕλαις
1678 3013 1701 3027 ο

158 3098 285 3167 τῷδὲ
313 3099 557 3171 προφήτῃ
604 3097 662 3147 ὲν
706 3095 939 3166 μορφαῖς
969 3090 1171 3162 θηρίων
1200 3090 1298 3153 τὰς
1340 3089 1508 3152 αὑτάς
1539 3087 1695 3157 βασι-

158 3189 283 3254 λείας
300 3190 640 3261 καταλλήλως
662 3188 738 3259 τῷ
753 3187 850 3257 τῆς
875 3185 1047 3258 ἀρχῆς
1071 3183 1253 3255 τρόπῳ
1267 3181 1657 3253 διαγράφεσθαι
1675 3197 1690 3210 ·

159 3284 237 3335 καὶ
264 3283 409 3336 πάλιν
432 3282 508 3353 τῷ
541 3280 644 3352 μὲν
679 3278 884 3350 βασιλεῖ
913 3278 1073 3349 μέγα,
1107 3278 1181 3337 ὡς
1215 3275 1376 3339 είκὺς,
1405 3274 1488 3343 ἐφ’
1519 3272 1694 3343 ἑαυτῷ

161 3373 430 3445 φρονοῦντι,
474 3375 572 3428 καί
594 3369 1031 3440 ἀλαζονευομένῳ
1071 3368 1162 3421 ἐπὶ
1191 3370 1256 3438 τῇ
1285 3366 1391 3419 τῶν
1420 3364 1696 3437 προγόνων

162 3466 449 3539 βασιλείῃ-η
480 3467 594 3521 τῶν
624 3464 960 3535 πραγμάτων
992 3459 1256 3532 μεταϐολὴ
1285 3459 1572 3519 δείκνυται,
1604 3455 1697 3508 καὶ

159 3558 250 3611 τῶν
272 3561 354 3613 ἐπὶ
386 3561 487 3630 γῆς
518 3557 807 3630 βασιλειῶν
832 3557 892 3609 τὸ
919 3554 1069 3617 τέλος
1090 3569 1102 3583 ·
1145 3554 1223 3615 είς
1265 3550 1579 3621 καθαίρεσιν
1602 3546 1695 3601 τοῦ

161 3649 209 3703 ἐν
230 3650 363 3721 αὑτῷ
378 3650 571 3721 τύφου,
602 3650 695 3703 καὶ
732 3650 811 3712 είς
836 3647 896 3700 τὸ
926 3644 1089 3717 μηδὲν
1116 3641 1364 3714 ἡγεῖσθαι
1405 3639 1615 3710 βέϐαιον
1638 3634 1699 3690 τδ

161 3741 210 3795 ἐν
233 3743 539 3815 ἀνθρώποις,
577 3741 609 3814 ἢ
640 3742 796 3813 μόνον
825 3739 885 3792 τὸ
924 3739 1017 3791 ἐπὶ
1049 3737 1262 3790 πάντων
1295 3732 1445 3796 τέλος
1470 3731 1570 3802 τῆς
1605 3730 1697 3784 τοῦ

158 3837 273 3891 Θεοῦ
298 3838 562 3908 βασιλείας
582 3853 596 3866 ⁸
629 3833 845 3888 ἔσεσθαι
874 3829 981 3902 γὰρ
1017 3826 1152 3900 μετὰ
1190 3826 1287 3897 τὴν
1312 3823 1532 3896 πρώτην
1577 3823 1698 3874 Ἀσ-

163 3931 335 4001 συρίων
371 3931 565 4003 ἀρχὴν,
611 3927 676 3997 ἣν
719 3927 745 3978 ὁ
788 3922 983 3995 χρυσὸς
1028 3920 1262 3990 ᾐνίξατο,
1306 3914 1561 3987 δευτέραν
1600 3914 1699 3985 τὴν

160 4019 251 4073 τῶν
293 4002 532 4093 Περσῶν,
585 4019 683 4089 τὴν
726 4014 814 4070 διὰ
867 4006 961 4066 τοῦ
1014 4008 1250 4083 ἀργύρου
1299 4002 1696 4078 δεδηλωμένηνο

161 4109 319 4167 ἔπειτα
341 4113 523 4185 τρίτην
550 4110 652 4181 τὴν
683 4105 1021 4167 Μακεδόνων,
1048 4103 1114 4173 ἢν
1143 4102 1170 4154 6
1198 4098 1394 4171 χαλκὸς
1422 4098 1664 4168 ἐσέγμανε
1684 4108 1701 4125 ⁸

164 4199 263 4271 μεθ’
301 4204 364 4274 ἢν
393 4203 664 4275 τετάρτην
696 4195 1035 4264 διαδέξασθαι
1083 4193 1190 4247 τῶν
1228 4190 1532 4261 Ῥωμαίων,
1570 4204 1706 4260 κρα-

160 4292 432 4363 ταιωτέραν
457 4287 628 4345 οὖσαν
648 4288 755 4342 τῶν
779 4287 883 4359 πρὸ
906 4285 1071 4354 αὐτῆς
1088 4300 1102 4314 ο
1129 4283 1209 4335 διδ
1242 4280 1333 4334 καὶ
1370 4278 1568 4350 σιδήρῳ
1609 4292 1707 4329 πα-

1786 1909 1922 1978 Apte
1970 1906 2020 1959 id
2060 1904 2297 1977 quidem.
2326 1903 2439 1958 Rex
2488 1904 2706 1972 quippe.
2758 1902 2884 1955 vitae
2915 1900 3051 1955 fastu
3083 1900 3346 1963 inclitus.

1788 1999 2230 2068 sensibiliumque
2258 2010 2435 2051 rerum
2487 1992 2939 2064 pulchritudinem
2969 2000 3223 2060 tanquam
3254 2003 3348 2045 co-

1789 2092 1977 2145 loriam
2012 2090 2248 2144 tabulam
2290 2086 2461 2142 titulis
2492 2085 2688 2153 adjecti
2758 2084 2995 2144 mirans,
3051 2095 3348 2152 congruum

1787 2192 1924 2243 erat,
1957 2189 2013 2234 ut
2041 2195 2249 2251 magnae
2282 2187 2474 2236 statuae
2507 2184 2828 2232 cunctorum
2874 2173 3150 2228 hominum
3187 2173 3349 2225 vitam

1788 2280 2128 2343 compararet
2173 2292 2186 2327 :
2231 2271 2547 2342 prophetam
2597 2275 2776 2321 autem
2831 2266 3086 2325 decebat,
3127 2265 3350 2318 multam

1791 2366 1931 2421 hanc
1968 2374 2022 2419 et
2046 2380 2293 2434 magnam
2325 2365 2449 2417 vita:
2490 2359 2920 2420 ﬂuctuationem,
2978 2357 3085 2410 lato
3116 2358 3248 2409 mari
3277 2358 3354 2411 si-

1790 2456 1969 2512 milem
1994 2456 2189 2510 dicere.
2223 2453 2445 2525 Regem,
2475 2452 2721 2522 inquam,
2753 2463 2853 2519 par
2887 2460 3001 2503 erat
3034 2447 3267 2517 pretiosa
3298 2446 3351 2500 in

1790 2544 2067 2598 hominum
2102 2544 2455 2597 aestimatione
2478 2542 2689 2595 metalla
2708 2555 2925 2603 aurum,
2953 2546 3260 2606 argentum,
3278 2552 3354 2591 aes

1792 2635 2101 2703 ferrumque
2127 2634 2532 2703 suspicientem,
2570 2631 2821 2686 conferre
2845 2643 2965 2682 cum
2995 2628 3079 2681 his
3113 2627 3355 2683 materiis

1791 2736 2146 2799 praepotentes
2199 2726 2360 2780 rariis
2413 2725 2749 2793 temporibus
2790 2721 2929 2774 inter
2973 2718 3219 2773 homines
3254 2716 3355 2789 dy-

1792 2817 2043 2872 nastias:
2092 2816 2410 2885 prophetam
2455 2827 2587 2867 vero
2635 2826 2740 2865 non
2788 2809 3059 2873 dedecuit,
3119 2808 3356 2862 ferarum

1795 2909 1980 2979 ﬁguris
2008 2907 2194 2961 eadem
2246 2919 2409 2974 regna
2441 2904 2751 2973 designare,
2794 2907 3156 2969 congruenter
3200 2898 3361 2953 nimio

1796 3016 1913 3056 rum
1941 2999 2290 3070 imperiorum
2336 2997 2600 3051 moribus.
2636 2993 2873 3062 Denique
2902 2992 3035 3063 regi,
3069 3002 3124 3045 ut
3156 2989 3233 3057 iit,
3265 3005 3360 3046 su-

1799 3092 1963 3163 perbo
2007 3099 2061 3146 et
2103 3089 2367 3158 majorum
2427 3102 2650 3142 suorum
2713 3084 2927 3138 diutina
2988 3080 3361 3137 dominatione

1794 3187 1969 3249 elato,
2017 3196 2199 3238 rerum
2254 3178 2539 3235 conversio
2582 3177 2914 3237 ostenditur,
2964 3186 3363 3245 regnorumque

1795 3275 2136 3331 terrestrium
2172 3271 2296 3325 ﬁnis
2324 3285 2339 3321 :
2367 3270 2576 3325 scilicet
2615 3268 2685 3322 ob
2706 3267 2824 3336 ejus
2854 3264 3021 3319 animi
3065 3263 3361 3316 curandam

1795 3366 2178 3425 tumiditatem,
2211 3371 2377 3432 atque
2405 3370 2462 3415 ut
2494 3360 2540 3415 is
2567 3358 2699 3413 nihil
2735 3359 2788 3411 in
2823 3354 3136 3432 hominibus
3165 3352 3363 3408 stabile

1792 3458 2080 3528 judicaret.
2112 3466 2306 3526 printer
2331 3452 2498 3508 divini
2530 3465 2692 3520 super
2722 3463 2911 3502 omnes
2933 3428 3188 3501 mortales
3212 3443 3362 3513 regni

1796 3548 2342 3605 consummationem.
2375 3543 2510 3598 Nam
2549 3542 2776 3612 primam
2807 3539 3155 3609 Assyriorum
3187 3535 3346 3589 domi-

1798 3643 2097 3701 nationem,
2137 3654 2300 3710 quam
2344 3651 2537 3691 aurum
2576 3631 2954 3705 portendebat,
3005 3636 3362 3697 excepturum

1797 3743 1914 3790 erat
1944 3733 2187 3788 secundo
2215 3732 2335 3784 loco
2367 3728 2652 3782 Persarum
2682 3723 2970 3792 imperium
3020 3725 3244 3788 argento
3272 3715 3361 3770 de-

1800 3832 2186 3882 monstratum.
2220 3819 2425 3876 Deinde
2465 3817 2685 3871 tertium
2732 3812 3085 3867 Macedonum
3115 3819 3363 3876 regnum,

1800 3916 1944 3990 quod
1998 3931 2103 3971 agre
2147 3911 2575 3984 signiﬁcabatur.
2630 3904 2762 3960 Post
2808 3901 2953 3973 quod
3003 3899 3364 3952 Batauorum

1800 4017 2077 4082 quartum,
2115 4004 2328 4073 caeteris
2352 4016 2472 4072 quae
2508 3998 2901 4070 prmcesseraut
2930 3991 3125 4046 fortius
3154 4008 3167 4044 :
3199 4001 3371 4057 quare

1802 4112 1852 4158 et
1898 4100 2042 4155 ferro
2101 4102 2446 4166 comparatur
2503 4090 2812 4158 diciturque
2848 4085 2915 4140 de
2954 4099 3019 4139 eo
3062 4087 3369 4152 :quartum

1803 4189 1908 4245 erit
1938 4199 2161 4257 regnum
2192 4183 2430 4238 validum
2466 4178 2595 4235 ferri
2630 4178 2822 4232 instar.
2856 4174 2932 4228 Ac
2977 4172 3141 4226 veluti
3168 4169 3370 4223 ferrum

1806 4276 1985 4333 omnia
2024 4282 2281 4332 extenuat
2324 4274 2640 4341 domatque,
2680 4270 2753 4322 ita
2797 4267 2901 4321 hoc
2937 4278 3161 4335 regnum
3191 4259 3373 4315 omnia

162 4352 422 4453 ρεϐἁλλετο
439 4402 451 4415 ·
479 4385 663 4456 εἴρητο
693 4352 934 4450 γοῦν-καὶ
960 4352 1085 4448 περὶ
1113 4372 1300 4443 αὐτῆς.
1325 4368 1432 4425 Καὶ
1466 4368 1694 4441 βασιλεία

1807 4372 2267 4427 comminuturum
2304 4381 2367 4420 ac
2396 4365 2835 4433 suhjugaturum.
2876 4355 3007 4411 Post
3053 4355 3165 4408 haec
3193 4352 3375 4406 omnia

161 4450 367 4560 τετάρτη
398 4450 547 4530 ἒσταί
592 4450 792 4545 *ἰσχυρά
838 4468 913 4533 ὡς
957 4467 1201 4537 σίδηρος*
1250 4460 1307 4518 ὃν
1338 4462 1535 4535 τρόπον
1562 4462 1590 4514 6
1626 4459 1694 4513 σί-

1809 4461 1902 4521 Dei
1949 4477 2173 4533 regnum
2218 4460 2272 4513 in
2323 4457 2499 4527 lapide
2548 4464 2715 4509 totam
2773 4458 3008 4506 statuam
3063 4450 3376 4500 contercnte

158 4532 300 4638 δηρδς
332 4568 580 4622 λεπτύνει
625 4566 719 4619 καὶ
769 4561 999 4634 δαμάζει
1050 4560 1261 4621 πάντα,
1302 4554 1474 4619 οὕτως
1531 4554 1694 4608 πάντα

1811 4532 2103 4626 agnoscere
2127 4557 2229 4606 est.
2256 4547 2393 4601 Tum
2424 4556 2477 4600 et
2509 4544 2767 4614 propheta
2795 4540 2878 4594 his
2908 4550 3239 4594 consonans,
3262 4532 3376 4587 uui-

160 4621 388 4714 λεπτυνεῖ
414 4663 508 4715 καὶ
543 4658 775 4729 δαμάσει
794 4673 807 4685 ·
839 4621 941 4707 καὶ⁷
964 4651 1099 4724 μετὰ
1125 4649 1221 4713 τὰς
1244 4647 1535 4720 είρημένας
1563 4645 1694 4700 άπά-

1809 4621 2021 4701 versale
2055 4642 2144 4696 Dei
2188 4648 2470 4710 postremo
2507 4636 2626 4688 luco
2680 4634 2916 4696 futurum
2965 4643 3191 4698 regnum
3235 4621 3378 4678 haud

162 4766 263 4815 σας,
285 4752 377 4825 τὴν
397 4752 489 4807 τοῦ
514 4749 650 4805 Θεοῦ
682 4747 973 4820 βασιλείαν,
992 4744 1078 4797 διὰ
1104 4742 1197 4796 τοῦ
1217 4739 1585 4811 συντρίϐοντος
1611 4737 1694 4807 sip

1812 4744 1937 4792 ante
1954 4735 2120 4795 videt,
2139 4745 2299 4802 quam
2326 4727 2594 4798 praealit'tze
2612 4734 2843 4795 quatuor
2859 4720 3123 4790 dynastis!
3142 4723 3379 4786 quatuor

1810 4829 2108 4885 belluarum
2138 4825 2322 4896 tignris
2351 4834 2621 4890 expresme
2644 4834 2694 4871 ιιι
2728 4828 2978 4870 sermone
3010 4812 3241 4865 inierunt.
3275 4806 3371 4863 Ho-

1810 4939 1929 4977 rum
1948 4935 2076 4989 ergo
2089 4927 2320 4987 quatuor
2333 4926 2618 4983 regnorum
2636 4904 3027 4962 tantummodo.
3052 4911 3101 4957 et
3125 4916 3229 4954 non
3248 4899 3379 4951 alio-

1815 5027 1957 5073 rum,
1992 5012 2230 5066 arbitror
2258 5007 2622 5061 visionestum
2652 4999 2760 5069 regi
2794 5008 2905 5051 tum
2934 4995 3080 5066 prep’
3107 5000 3204 5044 ene
3228 4989 3380 5041 obla-

1814 5114 1900 5161 tas
1934 5103 2121 5165 fuisse,
2152 5101 2279 5170 quia
2331 5096 2585 5151 nimirum
2618 5093 2684 5146 ab
2734 5091 2818 5144 his
2855 5086 3035 5155 regnis
3066 5080 3380 5136 .Iudteorum

1816 5199 2049 5270 populus
2078 5169 2300 5250 servitio
2324 5190 2423 5246 luit
2449 5201 2767 5259 oppressus,
2802 5188 2959 5251 capto
2988 5192 3019 5232 a
3043 5169 3382 5245 temporibus

1814 5290 2090 5361 prophetae
2118 5285 2292 5341 initio.
2322 5301 2341 5336 ι

163 4845 319 4898 πᾶσαν
344 4844 526 4899 εἰκόνα
566 4842 711 4896 λίθου
760 4836 1165 4908 παρισταμένην
1189 4848 1202 4863 ’
1240 4831 1334 4886 και
1368 4833 1396 4884 6
1426 4829 1712 4900 προφήτης

161 4935 338 4991 τούτων
369 4934 696 4996 ἀκολούθως,
726 4932 825 5002 τὴν
859 4929 952 4982 ἐπὶ
975 4926 1114 4981 τέλει
1150 4923 1258 4976 τῶν
1285 4921 1419 4975 ὅλων
1449 4919 1581 4973 Θεοῦ
1613 4917 1709 4987 βα-

166 5027 363 5089 σιλείαν,
390 5029 451 5081 ού
481 5027 745 5099 πρότερον
768 5022 978 5093 θεωρεῖ,
1006 5019 1039 5090 ἢ
1070 5020 1167 5080 τὰς
1194 5013 1485 5085 εἰρημένας
1513 5010 1708 5064 τέσσαω

168 5134 247 5187 ρας
269 5118 577 5183 δυναστείας
602 5115 897 5189 διαγράψαι
941 5113 1029 5166 τὸν
1056 5107 1231 5177 λόγον.
1254 5106 1352 5160 Διὰ
1377 5105 1483 5158 τῶν
1520 5100 1711 5156 τεσσά-

167 5228 259 5281 ριυν
282 5215 448 5286 μόνων
475 5214 571 5269 καὶ
592 5213 710 5267 οὐδὲ
747 5209 944 5280 ἑτέρων
973 5202 1209 5276 ἠγοῦμαι
1239 5200 1336 5264 τὰς
1371 5198 1588 5269 ὁράσεις
1617 5192 1713 5249 καὶ

162 5303 232 5373 τῷ
256 5305 454 5376 βασιλεῖ
474 5306 571 5360 καὶ
594 5303 672 5375 τῷ
699 5301 950 5374 προφήτῃ
977 5291 1258 5361 δεδεῖχθαι,
1289 5290 1375 5344 διά
1398 5288 1460 5343 τὸ
1485 5286 1712 5350 ταύταις

164 5397 614 5468 καταὼυλωθῆναι
668 5399 731 5449 τὸ
795 5390 1062 5447 Ἰουδαίων
1109 5387 1260 5451 ἔθνος
1303 5383 1412 5440 άπὸ
1457 5381 1566 5436 τῶν
1615 5377 1711 5434 τοῦ

168 5486 422 5558 προφήτου
446 5486 624 5559 χρόνω
632 5506 673 5539 ν.
721 5502 740 5535 ι

1582 5647 1880 5664 ω
