3830 6260
242 239 336 297 815

1342 219 1542 282 LIBER
1584 224 1864 282 CONTRA
1904 216 2321 283 HiE-ROCLEM.

3373 228 3479 291 8N

241 351 593 430 υρσυόμενος,
619 346 818 417 ἄριστα
838 345 1251 415 γιγνωσκόντων
1289 362 1348 397 τε
1389 347 1484 399 καὶ
1520 348 1788 418 πραττόν-

1901 347 2249 402 animantium
2282 346 2386 402 sibi
2431 345 2793 417 comparavit.
2827 338 2885 401 ld
2924 361 3058 402 vero
3093 347 3309 411 didicit,
3346 352 3476 408 dum

239 466 335 505 των
358 442 480 501 αὐτό
670 438 827 491 Ἔστι
860 437 970 507 γὰρ
996 435 1104 490 τῶν
1142 436 1412 509 ’Δραϐίων
1452 438 1667 491 κύκνων
1694 439 1791 511 ἤδη

241 538 323 596 καὶ
362 530 578 605 ὀρνίθων
616 526 725 599 (69)
775 527 1195 599 μαντευομένων
1236 526 1495 593 ἀκούειν,
1530 527 1706 581 ὁπόσα
1746 529 1793 583 οἱ

240 623 477 703 χρησμοί.
507 619 915 691 Ξυμϐάλλονται
957 618 1014 673 δὲ
1057 619 1164 671 τῶν
1192 618 1434 687 ἀλόγων,
1490 620 1793 691 σιτούμενοι

237 721 333 776 τῶν
349 714 643 794 δρακόντων
666 714 714 765 ot
748 712 847 782 μὲν
877 713 1126 784 καρδίαν,
1170 713 1354 781 φασιν,
1381 712 1431 764 οἱ
1465 711 1522 764 δὲ
1568 707 1740 783 ἧπαρ.
1768 731 1788 763 ι

250 808 493 867 Ἐνταῦθα
526 805 743 869 πάντως
772 823 873 859 που
900 806 1206 876 δρακόντων
1234 804 1459 876 καρδίας
1485 802 1657 874 δήπου
1698 804 1793 856 καὶ

235 907 421 976 ἥπατος
451 896 541 952 τὸν
585 898 985 969 Πυθαγόρειον,
1038 898 1296 969 ἐμψύχων
1330 915 1392 951 τε
1431 899 1636 969 τροφῆς
1685 900 1793 953 ἁπ-

236 995 490 1066 εχόμενον,
514 990 607 1043 καὶ
629 990 761 1061 μηδὲ
793 991 939 1044 θύειν
955 991 1200 1061 δαίμοσιν
1225 988 1617 1060 ὲπιτολμῶντα,
1644 990 1794 1054 είκὸς

233 1084 293 1160 ἦν
313 1082 728 1153 ἀπογεύσασθαι,
765 1083 841 1146 ὡς
865 1082 930 1136 ἂν
977 1084 1069 1135 καὶ
1105 1083 1203 1153 τῆς
1240 1080 1391 1152 παρὰ
1427 1080 1639 1144 τούτοις
1682 1098 1794 1135 κοι-

233 1182 438 1250 νωνήσοι
470 1174 679 1244 σοφίας.
708 1175 853 1245 Πρὸς
878 1174 987 1245 γὰρ
1010 1173 1228 1227 τοιῶνδε
1252 1172 1651 1242 διδασκομένων
1677 1172 1793 1236 πῶς

231 1274 289 1329 ἂν
319 1272 502 1334 ἄλλως,
538 1269 611 1341 μὴ
638 1269 759 1339 ούχὶ
803 1268 872 1321 τὰ
908 1269 1070 1339 ὃμοια
1101 1270 1214 1331 τοῖς
1242 1265 1581 1329 διδασκάλοις
1616 1264 1784 1336 ζηλώ-

232 1382 387 1427 σαντι,
413 1361 762 1433 κατωρθοῦτο
801 1361 863 1414 τὸ
899 1360 1273 1431 ὲπιτήδευμας
1325 1359 1561 1429 Ἔχομεν
1602 1357 1666 1428 δὴ
1699 1354 1791 1411 οὖν

231 1454 353 1529 πρὸς
407 1458 517 1519 τοῖς
566 1453 1052 1525 καταλελεγμένοις
1091 1451 1200 1523 (70)
1251 1453 1344 1506 καὶ
1380 1453 1507 1515 τοὺς
1539 1451 1783 1522 Ἀράϐων

230 1549 408 1620 σοφοὺς
435 1547 786 1611 διδασκάλους
816 1549 917 1619 τῆς
968 1548 1111 1601 κατὰ
1154 1547 1253 1619 τὴν
1296 1547 1638 1618 οίωνιστικὴν
1665 1548 1793 1600 τάν-

227 1641 337 1716 δρὸς
358 1641 664 1713 ἐπιστήμης
684 1658 696 1671 ·
722 1641 815 1711 ἀφ’
849 1636 917 1712 ἦς
946 1640 1169 1704 εἰκότως
1197 1638 1540 1711 ὁρμώμενος,
1567 1638 1791 1711 ὕστερόν

229 1751 345 1788 ποτε
374 1730 461 1812 τδν
486 1732 764 1804 στρουθὸν,
791 1734 822 1787 ὅ
849 1750 902 1785 τι
926 1734 1022 1787 καὶ
1049 1732 1310 1803 βούλοιτο,
1352 1729 1637 1799 ξυγκαλῶν
1666 1731 1792 1795 τοὺς

227 1827 456 1899 ιταίρους
506 1827 602 1879 ἐπὶ
648 1827 877 1898 τροφὴν,
939 1824 1262 1897 προειπὼν,
1306 1824 1491 1896 θαῦμα
1540 1824 1793 1895 μέγιστον

228 1920 468 1992 παρέχειν
494 1917 642 1985 ἔδοξε
668 1922 779 1981 τοῖς
796 1917 1061 1990 παροῦσι.
1091 1916 1277 1990 Ταύτῃ
1305 1917 1369 1989 δὴ
1403 1918 1497 1971 καὶ
1534 1916 1633 1988 τὴν
1678 1917 1786 1969 άπ-

230 2011 560 2082 εσφαγμένην
586 2013 712 2065 ὅσον
737 2010 890 2065 οὔπω
915 2011 1130 2064 λέαιναν
1154 2011 1270 2080 ἅμα
1310 2013 1423 2073 τοῖς
1461 2008 1606 2063 ὀκτὼ
1651 2008 1784 2063 σκύ-

230 2118 368 2172 μνοις
392 2100 531 2154 κατὰ
562 2102 665 2174 τὴν
702 2102 1001 2173 Ἀσσυρίων
1027 2101 1145 2154 ὁδὸν
1181 2100 1542 2171 θεασάμενος,
1569 2100 1790 2164 αὐτίκα,

225 2193 293 2262 τῷ
323 2194 596 2266 μαθήματι
628 2193 949 2266 ξυμϐαλὼν,
989 2194 1089 2265 τῆς
1128 2194 1392 2264 ἐσομένης
1440 2191 1590 2263 αὐτῷ
1640 2193 1789 2264 παρὰ

226 2284 444 2357 Πέρσαις
469 2286 752 2359 διατριϐῆς
776 2285 867 2340 τὸν
898 2285 1086 2358 χρόνον
1116 2284 1505 2357 ἐμαντεύσατο.

1898 454 1994 509 per
2028 439 2163 492 istos
2188 437 2411 491 Arabiae
2438 438 2671 508 populos
2701 438 2804 492 iter
2834 437 3061 504 faceret,
3094 441 3190 511 qui
3223 450 3277 496 et
3308 444 3482 498 scien-

1896 536 1967 586 tia
2008 538 2185 585 etusu
2213 529 2334 599 ejus
2360 531 2436 583 rei
2479 531 2714 586 maxime
2738 531 3034 600 poliebant.
3070 532 3166 589 Est
3194 536 3341 589 enim
3378 536 3481 601 hoc

1893 625 2157 687 Arabum,
2192 631 2252 679 ut
2301 639 2506 695 cycnos
2545 623 2872 689 bodienum,
2918 627 3169 697 aliasque
3225 626 3479 683 fatidicas

1894 732 2025 773 aves
2046 718 2399 773 scisoitentur
2427 716 2655 781 perinde
2687 727 2851 789 atque
2881 721 3126 774 oracula.
3160 720 3479 791 Conjiciuut

1893 825 2025 865 vero
2065 811 2256 864 brutas
2296 824 2459 864 voces
2496 809 2795 864 draconum
2832 812 2997 882 pasti,
3032 822 3092 866 ut
3125 812 3217 866 alii
3260 821 3475 882 putant,

1894 902 2081 965 corde,
2130 910 2192 956 ut
2225 902 2339 965 alii,
2379 902 2597 972 hepate.
2637 922 2656 954 ι
2697 902 2798 957 Hic
2840 921 3039 975 nempe
3066 905 3296 960 omnino
3348 907 3478 961 dra-

1893 1008 2117 1055 conum,
2158 992 2275 1047 sive
2298 1008 2414 1055 cor,
2442 994 2555 1047 sive
2579 992 2747 1063 hepar
2769 993 3193 1066 Pythagoricum
3240 997 3419 1063 illum,
3443 1012 3477 1051 a

1894 1085 2044 1137 victu
2070 1084 2454 1139 abhorrentem
2497 1084 2881 1148 animantium,
2917 1094 2972 1141 et
3011 1102 3079 1141 ne
3110 1087 3218 1142 diis
3248 1087 3473 1158 quidem

1895 1179 2162 1247 sanguine
2191 1193 2305 1232 rem
2373 1193 2588 1233 sacram
2632 1177 2814 1233 facere
2848 1180 3235 1246 sustinentem,
3267 1182 3479 1238 verosi-

1894 1272 2022 1326 mile
2054 1279 2139 1327 est
2166 1271 2496 1333 comedisse,
2530 1286 2638 1339 quo
2668 1272 2880 1327 scilicet
2899 1272 2955 1326 in
2990 1273 3274 1342 sapientia;
3297 1275 3477 1344 gentis

1896 1358 2056 1415 istius
2090 1370 2275 1430 partes
2316 1361 2433 1430 ipse
2462 1375 2680 1430 quoque
2714 1362 2945 1417 veniret.
2982 1360 3141 1433 Apud
3181 1365 3478 1434 magistros

1893 1452 2037 1505 enim
2079 1452 2374 1520 ejusmodi,
2416 1466 2524 1521 qua
2567 1452 2672 1505 alia
2707 1452 2939 1515 ratione,
2987 1454 3091 1508 nisi
3136 1455 3324 1510 eadem
3357 1470 3478 1525 quas

1893 1553 2253 1613 praeceptores
2305 1542 2605 1613 sequendo.
2656 1544 2710 1597 in
2763 1544 3018 1599 instituto
3063 1561 3164 1600 suo
3207 1546 3477 1618 proﬁcere

1894 1637 2195 1706 potuisset?
2238 1636 2513 1693 Tenemus
2545 1639 2710 1708 igitur
2739 1640 2881 1695 inter
2920 1638 3198 1710 Apollonii
3233 1652 3475 1708 pralccptt

1894 1735 2063 1793 tores,
2100 1744 2335 1799 quorum
2370 1732 2682 1802 catalogum
2722 1730 2996 1798 dedimus,
3036 1731 3279 1785 Arabum
3307 1731 3476 1786 etiam

1897 1821 2195 1890 sapientes,
2225 1821 2361 1877 artis
2395 1824 2693 1892 auguralis,
2727 1839 2835 1892 qua
2860 1824 2977 1893 ipse
3022 1824 3344 1894 praestabat,
3375 1821 3477 1876 dc~

1891 1919 2075 1968 ctorcs
2104 1929 2119 1964 :
2150 1914 2331 1982 cujus,
2364 1925 2424 1969 ut
2444 1915 2755 1970 verosimile
2779 1922 2885 1978 est,
2915 1916 3253 1983 adjumento,
3285 1923 3474 1985 postea

1892 2006 2187 2077 aliquando
2217 2005 2285 2061 de
2309 2007 2628 2075 passerculo
2649 2008 2714 2070 ιδ,
2747 2006 2879 2076 quid
2902 2006 3008 2063 sibi
3047 2008 3197 2071 velit,
3232 2007 3361 2062 dum
3384 2023 3476 2063 so-

1892 2099 2009 2154 cios
2046 2098 2115 2153 ad
2146 2105 2364 2168 pastum
2396 2098 2676 2163 invitaret,
2706 2098 3065 2162 vaticinatus,
3093 2114 3209 2153 rem
3237 2099 3475 2153 maxime

1891 2190 2201 2245 mirandam
2236 2198 2498 2260 prmstare
2521 2190 2884 2260 prasentibus
2907 2191 3165 2246 omnibus
3187 2198 3272 2247 est
3292 2205 3471 2245 Visus.-

1897 2281 2183 2348 Similiter,
2217 2300 2416 2340 caesam
2449 2286 2611 2341 modo
2639 2286 2891 2349 leamam,
2916 2301 3029 2340 una
3068 2301 3198 2340 cum
3223 2294 3352 2341 octo
3382 2299 3478 2339 ca-

225 2382 361 2445 tulis,
392 2382 445 2436 in
485 2384 684 2438 itinere
713 2398 810 2453 per
850 2383 1136 2453 Assyriam
1186 2382 1574 2451 conspicatus,
1609 2379 1780 2445 illico,
1822 2395 1889 2435 ex
1923 2383 2031 2437 isto
2052 2381 2426 2451 conjecturam
2487 2380 2765 2436 faciens"
2803 2380 3159 2446 documento,
3213 2378 3478 2435 faciendae

225 2477 316 2532 tibi
342 2479 477 2548 apud
504 2476 706 2534 Persas
737 2492 903 2533 mora:
929 2487 1144 2549 tempus
1176 2478 1451 2548 praedixit.

728 2599 1126 2655 ΚΕΦΑΛΛῙΟΝ
1168 2600 1271 2654 IA'.

295 2690 577 2746 ’Ᾱκόλουθα
632 2694 689 2746 δὲ
732 2695 798 2764 τῇ
861 2692 1011 2764 παρὰ
1055 2696 1166 2756 τοῖς
1220 2691 1496 2764 Ἀραϐίοις
1548 2691 1791 2763 φοιτήσει

225 2780 475 2856 ἔγχειρεῖν
506 2786 674 2839 αὑτὸν
704 2787 798 2839 καὶ
832 2785 983 2858 παρὰ
1016 2786 1257 2857 Πέρσαις
1293 2786 1322 2837 ὁ
1355 2784 1518 2850 αὐτὸς
1553 2784 1794 2856 ξυγγρα-

227 2874 345 2941 φεὺς
377 2876 596 2946 ἱστορεῖ.
631 2875 721 2947 Τῷ
752 2876 859 2946 γάρ
883 2888 965 2929 τοι
1005 2876 1219 2947 Δάμιδι,
1248 2876 1307 2941 ὃς
1336 2877 1494 2947 μόνος
1532 2877 1792 2947 φοιτητὴς

2383 2584 2548 2657 519
2581 2585 2809 2643 carm
2845 2576 2934 2643 xi.

1967 2685 2347 2742 Cohscntanea
2374 2692 2554 2740 autem
2574 2684 2876 2755 disciplinae
2902 2683 3045 2754 apud
3063 2681 3294 2749 Arabes,
3326 2672 3473 2754 apud

1896 2776 2096 2834 Persas
2125 2792 2343 2848 quoque
2376 2792 2696 2848 aggressum
2724 2791 2847 2831 eum
2878 2776 3069 2839 fuisse,
3114 2776 3256 2831 idem
3283 2784 3477 2831 auctor

1898 2879 2310 2924 commemorat.
2348 2866 2629 2923 Damidem
2675 2867 2846 2932 enim,
2879 2868 2973 2938 qui
3028 2867 3180 2923 solus
3227 2867 3330 2938 ipsi
3358 2878 3477 2923 erat

221 2955 282 3032 ἦν
307 2963 447 3034 αὐτῷ
486 2968 581 3019 καὶ
631 2967 865 3038 ἑταῖρος,
896 2967 1282 3038 ἀπαγορεύσας
1320 2968 1431 3040 (71)
1481 2968 1631 3041 παρὰ
1664 2968 1791 3031 τοὺς

1901 2961 2199 3031 discipulus
2214 2961 2528 3031 sociusque,
2545 2959 2842 3030 prohibens
2870 2961 2937 3014 ad
2962 2974 3151 3029 magos
3165 2960 3473 3021 accessu",

225 3057 415 3124 μάγους
451 3059 608 3123 ἰέναι,
639 3059 795 3130 μόνος
818 3060 1000 3125 αὐτὸς,
1030 3061 1104 3125 ὡς
1140 3060 1205 3115 ἂν
1230 3062 1305 3133 μὴ
1340 3063 1454 3133 μετ’
1478 3059 1790 3132 ἀγνώμονος

1901 3054 2043 3109 solus
2070 3053 2205 3122 ipSe,
2236 3052 2376 3124 (eam
2399 3052 2470 3107 ob
2498 3066 2721 3107 causam
2754 3052 2983 3115 scilicet,
3016 3068 3084 3107 ne
3113 3052 3286 3115 illum,
3311 3060 3476 3122 quem

222 3144 404 3222 δηλαδὴ
434 3152 502 3205 τὰ
522 3153 625 3224 τῆς
656 3152 887 3223 μαγείας
918 3153 1209 3224 μανθάνοι,
1243 3153 1585 3225 μεσημϐρίας
1606 3168 1685 3215 τε,
1715 3153 1789 3217 ὡς

219 3240 351 3310 ἀμφὶ
380 3243 550 3313 μέσας
578 3243 803 3308 νύκτας,
828 3244 927 3308 τὰς
958 3244 1073 3315 μετ’
1103 3245 1278 3298 αὐτῶν
1310 3246 1544 3297 ἐποιεῖτο
1574 3244 1788 3316 σχολάς.

137 3348 143 3353 '
222 3326 334 3384 ’Ἔτι
359 3332 413 3386 δὲ
441 3333 728 3407 Οὐαρδάνῃ
761 3333 1088 3405 Βαϐυλωνίῳ
1126 3335 1184 3397 ἐς
1217 3333 1408 3402 λόγους
1441 3332 1658 3386 ἐλθόντα
1693 3333 1790 3404 βα-

222 3422 365 3486 σιλεῖ,
386 3417 488 3479 ὧδέ
515 3444 636 3491 πως
664 3426 841 3495 λέγειν
871 3426 1035 3479 αὐτὸν
1073 3425 1427 3498 παρατίθεται
1447 3432 1460 3455 δ
1495 3444 1513 3475 ι
1542 3425 1710 3495 Σοφία
1734 3425 1791 3478 δέ

223 3531 304 3586 μοι
352 3518 715 3590 Πυθαγόρου,
757 3518 961 3590 Σαμίου
1028 3517 1253 3589 ἀνδρὸς,
1316 3517 1376 3583 ὃς
1428 3513 1583 3581 θεοὺς
1634 3517 1795 3590 θερα-

221 3605 393 3661 πεύειν
418 3608 532 3682 (72)
572 3604 678 3664 ὧδέ
713 3626 779 3681 με
811 3608 1109 3675 ἐδιδάξατο,
1136 3607 1212 3672 ὡς
1236 3606 1348 3679 (75)
1381 3605 1616 3672 ξυνιέναι
1643 3606 1793 3676 σφῶν
1830 3688 1833 3691 Ι

217 3698 498 3771 δρωμένων
527 3720 591 3756 τε
639 3703 732 3756 καὶ
754 3703 852 3773 οὐχ
896 3701 1187 3773 ὁρωμένων
1207 3717 1221 3730 ο
1272 3701 1460 3771 φοιτᾷν
1501 3717 1559 3752 τε
1589 3701 1647 3763 ὲς
1679 3700 1796 3753 δια-

222 3785 379 3855 λέξεις
406 3791 568 3847 θεῶν.
601 3813 620 3845 ι
642 3793 739 3857 Τίς
770 3793 814 3845 δ’
841 3793 988 3865 αύτῴ
1026 3793 1197 3845 ταῦτα
1224 3789 1661 3863 ξυγχωρήσειεν;
1704 3794 1793 3846 ὅτε

222 3877 502 3956 Πυθαγόρᾳ
564 3885 662 3956 μὲν
712 3877 939 3955 οὐδεμία
975 3888 1059 3949 τίς
1110 3884 1331 3955 τοιαύτη
1378 3880 1794 3941 καταλέλειπται

222 3972 413 4044 γραφὴ,
430 3975 539 4028 οὐδ’
564 3976 853 4047 ἀπόρρητά
872 3993 994 4030 τινα
1017 3975 1421 4048 ξυγγράμματα
1440 3974 1574 4047 (74),
1591 3977 1667 4040 ὡς
1691 3977 1795 4031 κᾶν

220 4061 506 4136 ὑπονοῆσαι
539 4066 705 4121 αὑτὸν
729 4067 789 4131 ἐξ
813 4067 1034 4120 ἐκείνων
1060 4068 1332 4137 ὁρμᾶσθαι
1352 4086 1365 4099 ο
1393 4070 1421 4122 ὁ
1458 4068 1516 4121 δέ
1566 4086 1630 4138 γε
1654 4069 1795 4123 διδά-

225 4155 409 4221 σκαλος
436 4159 587 4231 αὐτῷ
611 4160 709 4231 τῆς
748 4159 889 4213 κατὰ
921 4158 1246 4232 Πυθαγόραν
1290 4162 1611 4232 φιλοσοφίας
1646 4161 1797 4215 ούδέν

221 4262 272 4300 τι
296 4248 569 4324 διαφέρειν
606 4251 715 4305 τῶν
767 4253 1154 4324 Ἐπικουρείων
1197 4254 1335 4326 πρὸς
1372 4254 1536 4309 αὐτοῦ
1585 4269 1799 4327 μεμαρ-

1892 3146 2212 3216 planissime
2245 3145 2487 3215 liquebat
2516 3159 2702 3199 rerum
2737 3130 3072 3215 magicarum
3107 3145 3325 3215 penitus
3352 3159 3478 3200 esse

1893 3235 2672 3307 imperitum,condiscipulum
2694 3235 2968 3307 haberet,)
2997 3236 3146 3290 circa
3169 3235 3475 3299 meridiem,

1892 3330 1971 3384 uti
2001 3337 2055 3385 et
2084 3330 2230 3383 circa
2273 3324 2483 3384 medias
2532 3335 2747 3394 noctes,
2780 3344 2975 3385 eorum
3028 3330 3255 3385 scholas
3281 3329 3474 3386 obivit.

1892 3420 2268 3490 Praetereaque
2292 3419 2360 3473 ad
2380 3419 2646 3474 Bardanis
2677 3420 2963 3492 Babylonii
2997 3424 3143 3493 regis
3175 3423 3478 3478 admissum

1894 3512 2250 3582 colloquium,
2282 3510 2369 3565 his
2400 3510 2516 3565 fere
2562 3511 2746 3566 verbis
2776 3528 2939 3567 usum
2971 3528 3097 3567 eum
3123 3512 3295 3570 fuisse
3324 3512 3479 3586 [Phi—

1893 3603 2175 3676 lostratus]
2203 3601 2375 3657 refert
2396 3603 2441 3634 "
2474 3622 2487 3658 :
2522 3621 2543 3655 ι
2581 3604 2919 3675 Sapientiam
2960 3613 3143 3660 autem
3177 3608 3479 3677 amplector

1894 3694 2215 3768 Pythagora:
2245 3694 2439 3759 Samii,
2469 3698 2560 3767 qui
2592 3707 2648 3752 et
2675 3697 2857 3752 colere
2891 3696 3024 3753 deos
3053 3714 3141 3754 me
3166 3699 3239 3754 ita
3267 3700 3477 3770 docuit,

1896 3797 2153 3845 utmente
2180 3805 2276 3845 eos
2306 3791 2664 3859 complectar,
2691 3790 2806 3845 sive
2825 3790 3091 3846 videndos
3121 3808 3179 3848 se
3201 3788 3479 3863 praebeant

1897 3883 2015 3939 sive
2046 3884 2251 3947 minus,
2299 3883 2529 3952 pariter,
2578 3889 2745 3953 atque
2797 3881 2856 3936 in
2895 3883 3167 3954 colloquia
3199 3897 3325 3939 cum
3370 3886 3479 3941 diis

1898 3972 2245 4030 descendam.
2286 3992 2304 4024 ι
2334 3971 2440 4027 Sed
2472 3973 2617 4027 enim
2657 3973 2782 4043 quis
2817 3973 2923 4028 hoc
2972 3973 3056 4028 illi
3097 3976 3480 4034 concesserit!

1897 4066 2037 4122 Cum
2077 4064 2417 4137 Pythagoras
2461 4065 2583 4134 ejus
2627 4066 2846 4135 generis
2889 4067 3156 4137 scriptum
3194 4069 3480 4139 reliquerit

1898 4160 2131 4224 nullum,
2166 4174 2343 4233 neque
2373 4157 2593 4228 aliquod
2628 4159 2897 4229 scriptum
2928 4158 3051 4229 ejus
3099 4167 3280 4218 exstet
3316 4177 3480 4217 arca-

1900 4269 2030 4308 num
2049 4252 2245 4324 magis,
2280 4262 2341 4307 ut
2369 4252 2456 4307 vel
2485 4250 2759 4322 suspicari
2787 4251 2949 4306 liceat
2972 4254 3174 4313 talibus
3202 4264 3325 4311 eum
3347 4255 3482 4311 subd

289 4411 334 4443 “
366 4412 460 4471 lib.
502 4433 594 4481 ιν,
631 4430 680 4471 c.
714 4416 770 4472 2.
847 4418 896 4449 ⁸³
932 4417 1027 4472 lib.
1072 4435 1120 4481 ι,
1160 4434 1212 4473 c.
1248 4418 1339 4473 22.
1419 4419 1464 4451 ¹⁶
1504 4420 1597 4474 lib.
1632 4434 1685 4484 ι,
1719 4434 1771 4475 c.

1972 4420 2019 4452 ¹⁷
2056 4419 2155 4476 lib.
2196 4435 2253 4485 ι,
2294 4419 2387 4475 52.

288 4567 397 4641 (68)
426 4573 728 4647 I’trrwmc.
779 4589 847 4647 fre
892 4572 991 4647 καὶ
1032 4579 1239 4647 apart.
1290 4575 1455 4630 αὑτό.
1506 4574 1790 4639 Philostr.,

1901 4576 2042 4633 hanc
2090 4576 2382 4632 lectionem
2414 4578 2698 4647 sequentia
2739 4591 2756 4629 :

220 4644 631 4719 γιγνωσκόντων
641 4661 712 4719 τε
734 4644 866 4698 αὐτὸ
892 4645 985 4699 καὶ
1008 4646 1375 4716 πραττόντων,
1406 4646 1552 4718 quod
1573 4648 1795 4719 elegans

222 4714 391 4769 magis
433 4715 571 4768 mihi
604 4714 840 4769 videtur.

291 4727 303 4762 ι
346 4727 391 4765 IS
433 4727 571 4768 mini
604 4727 840 4769 vnaetur.

291 4727 398 4858 (ἓν)
431 4785 687 4858 Κᾴκνων
717 4784 835 4854 ἤδη
875 4785 973 4839 καὶ
995 4785 1179 4853 ὀρνίθ.
1212 4784 1495 4858 Ρὲιίιοειυ
1545 4788 1643 4858 ἤδη
1663 4804 1795 4858 ,κοι-

225 4849 330 4915 νὺν,
360 4849 616 4924 ὀρνίθων,
652 4849 787 4919 θιρξ,
822 4849 970 4925 quod
1002 4849 1322 4925 magismihi
1350 4849 1643 4928 probatur:
1662 4856 1794 4909 Nam

221 4930 275 4996 ct
301 4934 423 4991 post
445 4928 685 4995 speciem
727 4941 899 4996 genus
933 4928 1205 4981 nominari
1235 4943 1343 4981 non
1386 4930 1523 4983 adeo
1576 4937 1794 4982 came—

228 4990 491 5068 niens,et
506 4998 666 5068 cycni
701 4990 844 5051 inter
870 4999 1159 5067 augurales
1187 5013 1316 5052 aves
1340 5014 1448 5054 non
1478 4998 1614 5052 adeo
1649 4998 1791 5053 cele-

226 5058 521 5137 hres,'imo
542 5058 832 5121 'corvorum
869 5058 1026 5137 eafin
1058 5084 1116 5123 re
1148 5068 1415 5123 celebrior
1459 5082 1622 5137 opera
1656 5068 1799 5137 apud

224 5130 448 5258 :ra‘las,
484 5144 545 5191 ut
570 5138 917 5194 observatum
948 5136 1251 5211 Porphyrio
1281 5139 1356 5193 De
1382 5130 1547 5206 alni,
1575 5138 1671 5194 lib.
1691 5130 1798 5205 'm,

295 5270 404 5342 (70)
437 5278 696 5348 Ἕχομεν
737 5279 806 5349 δὴ
859 5276 976 5336 οὖν
1007 5292 1106 5350 πρ.
1152 5297 1206 5334 τ.
1242 5281 1524 5336 uitali-:1.
1568 5278 1694 5335 Haec
1733 5295 1801 5336 eo

226 5351 675 5423 spectan_t,4quod
704 5353 813 5423 ista
846 5352 914 5405 de
943 5352 1213 5405 Arabibus
1245 5355 1559 5407 narratione
1586 5359 1802 5405 contra-

229 5413 374 5492 dicat
412 5420 518 5492 sibi
547 5413 672 5492 'ipsi
704 5421 1092 5482 Philostratus,
1138 5436 1264 5475 cum
1310 5423 1436 5477 alibi
1476 5423 1798 5492 sapientiam

225 5480 496 5564 Apollonii
518 5480 897 5546 αὐτοδίδακτον
921 5507 1044 5547 esse
1064 5480 1289 5548 statuat.
1314 5493 1468 5560 Quod
1494 5480 1655 5564 paulo
1674 5500 1801 5547 ante

228 5560 279 5609 ei
309 5560 723 5627 exprobratum,
748 5577 799 5617 c.
827 5564 882 5619 9.

300 5625 413 5705 (Π)
446 5625 911 5705 ,Ἀπατορειξσαᾳ
944 5633 1021 5688 Ita
1050 5631 1340 5705 legendum
1369 5649 1493 5691 esse
1525 5634 1640 5690 sole
1677 5633 1796 5689 cla-

232 5694 345 5753 rius
367 5694 463 5767 {si
529 5694 710 5759 locum
758 5694 1074 5762 Philostrati
1105 5694 1421 5775 “conferas,
1468 5705 1795 5776 ﬁrmantque

2802 4577 2881 4641 ὡς
2923 4576 2991 4632 ἂν
3042 4578 3116 4649 μὴ
3148 4579 3279 4649 im“
3306 4570 3484 4649 ἀγνώί

1905 4658 2064 4717 μονος
2088 4657 2194 4702 etc.
2228 4647 2473 4713 Quorum
2507 4649 2695 4704 nullus
2725 4663 2851 4704 esse
2878 4647 3059 4717 potest
3088 4647 3306 4712 sensus,
3334 4647 3383 4705 si
3404 4666 3485 4705 rc-

1900 4721 2175 4790 tineamus
2202 4718 2506 4790 lectionem
2545 4717 2900 4790 depravatam
2943 4719 3215 4774 editorum
3260 4722 3355 4790 qui
3384 4721 3485 4775 ha-

1899 4788 2050 4860 bent
2064 4787 2524 4860 ἀπαγορεύσαντι.

1971 4858 2083 4932 (72)
2117 4857 2300 4924 Θεοϋς
2331 4859 2697 4932 θεραπεύειν.
2730 4857 3099 4932 Philostratus
3129 4860 3487 4932 omittitgpar-

1896 4928 2122 4984 ticulam
2164 4945 2226 4982 τε
2264 4944 2427 4999 quam
2465 4930 2558 4984 hic
2591 4932 2851 4985 insertam
2888 4931 3090 4985 habent
3130 4930 3275 4985 edita
3314 4928 3486 4988 Ense-

1897 5000 2084 5063 biana,
2113 5001 2308 5055 melius
2339 5014 2459 5055 eam
2483 5015 2592 5071 ego
2620 5015 2838 5071 quoque
2871 5002 3049 5055 omitti
3080 5012 3286 5070 putem,
3313 5003 3390 5056 illi
3420 5019 3485 5056 τε

1904 5072 2049 5124 enim
2086 5070 2220 5125 nihil
2262 5069 2577 5139 respondet.
2612 5069 2667 5126 et
2718 5069 3001 5141 sequentia
3053 5069 3167 5126 duo
3192 5071 3311 5126 cola
3342 5073 3486 5128 inter

1906 5156 1966 5195 se
1997 5141 2203 5212 rectius
2232 5141 2322 5194 illa
2358 5142 2625 5211 particula
2657 5143 2981 5212 junguntur,
3014 5148 3274 5212 tanquam
3302 5153 3485 5211 partes

1905 5211 2243 5266 continentia
2292 5219 2495 5276 cultus,
2540 5228 2700 5282 quem
2748 5211 2782 5266 τι
2843 5211 3165 5283 Pythagora
3215 5212 3484 5283 sapientia

1907 5296 1967 5336 se
1989 5285 2266 5352 accepisse
2300 5283 2399 5352 ait.

1979 5352 2092 5422 (75)
2122 5350 2260 5418 "ac.
2294 5351 2553 5407 Philostr.
2587 5350 2753 5406 habet
2780 5352 2896 5422 καί.

1981 5422 2096 5494 (74)
2124 5422 2470 5494 ,Ἁπόῤῥητά
2486 5439 2620 5476 τινα
2649 5421 3089 5494 ξυγγράμματα.
3111 5422 3241 5479 Ile.
3277 5423 3485 5494 scripta

1905 5495 2074 5549 variis
2120 5493 2419 5547 involucris
2458 5508 2679 5549 sensum
2723 5493 3080 5559 involventia,
3120 5502 3182 5548 ut
3232 5493 3488 5550 solebant

1908 5563 2172 5635 symbolis
2201 5564 2424 5635 suisuti
2468 5564 2535 5619 ad
2562 5563 3179 5635 tegendasreconditas
3207 5564 3489 5620 doctrinas

1904 5633 2398 5709 il'li_phi_losophi,_
2437 5634 2793 5706 symbolicam
2851 5633 3050 5691 imitati
3101 5634 3488 5709 Egyption

1890 5704 2224 5793 sapientiam
2253 5704 2503 5775 passim.‘
