3830 6260
204 443 294 499 817
1293 433 1495 488 LIBER
1533 432 1812 488 CONTRA
1852 430 2270 488 HIEROCLEM.

3323 435 3444 493 818

202 560 295 613 νεῖν
319 554 501 612 ἔπεισι,
533 549 623 603 κα)¹
658 548 755 620 τὴν
788 548 916 620 περὶ
943 548 1130 603 τούτου
1161 549 1343 604 πίστιν
1388 553 1580 616 αἰτεῖν,
1615 553 1733 606 οὑδὲ

1844 561 1963 607 etro
2001 551 2356 620 "inquirere,
2391 551 2616 621 ejusque
2648 558 2964 621 argumenta
2999 559 3057 606 ut
3083 551 3209 607 edat
3237 564 3429 622 postu-

201 649 292 704 τῶν
330 643 448 715 παρ’
477 641 621 712 αὑτῷ
658 640 870 694 κύκνων
902 642 1000 706 τὰς
1043 643 1362 710 ἀποδείξεις,
1394 643 1486 708 οὓς
1515 645 1738 714 γελοίως

200 747 453 794 τίκτουσαν
479 733 636 788 αὑτὸν
661 733 757 804 τὴν
787 735 1000 806 μητέρα
1023 735 1118 789 καὶ
1140 737 1465 807 περιστῆσαι
1489 736 1618 807 (85),
1647 739 1740 790 καὶ

203 827 456 903 μαιοῦσθαι
481 827 700 897 ἱστορεῖ.
745 825 883 878 Ἀλλ’
916 827 1037 880 οὑδὲ
1070 827 1197 899 περὶ
1229 828 1321 881 τοῦ
1353 829 1598 901 σκηπτοῦ
1628 829 1738 901 (84)

202 919 492 993 μυθολογίας
518 918 608 971 τὸν
645 918 895 989 μάρτυρα
937 917 1198 990 παρέχειν
1243 919 1397 984 ἀξιῶ.
1433 920 1506 974 Οὑ
1537 921 1642 994 γὰρ
1675 921 1739 990 δὴ

198 1011 277 1063 καὶ
303 1009 514 1070 τούτων,
548 1007 621 1069 ώς
650 1005 774 1078 ἔφη,
812 1007 985 1078 Δάμις
1014 1010 1146 1079 ἡμῖν
1193 1007 1457 1080 ξυνίστωρ
1485 1009 1594 1079 (85)
1639 1011 1741 1079 ἀφ-

199 1100 361 1168 ίξεται,
391 1097 578 1170 μακρῷ
596 1097 819 1168 ὕστερον
848 1099 904 1149 ἐν
933 1096 1079 1168 Νίνῳ
1104 1098 1200 1168 τῆς
1240 1098 1525 1170 Ἀσσυρίας
1555 1097 1741 1170 τάνδρὶ

197 1191 426 1260 ξυνάψας.
475 1187 614 1258 Ἐγὼ
652 1189 749 1259 μὲν
781 1184 874 1242 οὖν
908 1185 965 1242 εὖ
1006 1189 1149 1261 μάλα
1196 1189 1490 1262 προθύμως
1521 1194 1634 1253 τοῖς
1666 1192 1742 1242 εί-

195 1283 296 1336 κόσι
319 1299 372 1336 τε
414 1282 503 1334 καὶ
536 1280 793 1350 ἀληθείας
841 1281 1122 1352 ἐχομένοις
1166 1280 1506 1351 πειθόμενος,
1555 1281 1603 1333 εί
1648 1281 1743 1334 καὶ

197 1374 392 1448 μείζονά
415 1392 532 1428 τινα
559 1374 681 1428 καθ’
717 1373 1016 1445 ὑπερϐολὴν
1044 1376 1101 1438 ἐς
1127 1373 1347 1427 ἔπαινον
1380 1375 1572 1446 ἀνδρὸς
1608 1377 1744 1444 ἀγα-

194 1467 272 1522 θοῦ
323 1468 512 1535 λέγοιτ’
553 1467 638 1533 ἂν,
697 1467 863 1519 πιστά
918 1468 1011 1520 καὶ
1072 1467 1416 1538 παραδεκτέα
1463 1463 1599 1520 εἷναί
1654 1485 1742 1538 μοι

191 1559 330 1621 δοκῶ,
361 1560 436 1612 ὅτι
483 1559 557 1630 μὴ
611 1557 744 1629 μόνα
785 1557 853 1611 τά
902 1556 1178 1630 τερατώδη
1225 1560 1319 1614 καὶ
1368 1559 1534 1629 λήρου
1581 1557 1739 1614 πλέα.

191 1650 373 1705 Οὔκουν
412 1649 682 1722 φθονείην,
729 1651 782 1704 ετ
821 1667 983 1721 φησιν
1030 1650 1059 1702 ό
1101 1649 1445 1722 ξυγγραφεὺς
1476 1650 1634 1719 γένος
1682 1666 1742 1702 τε

190 1745 405 1813 ἀρχαῖον,
431 1742 520 1795 καὶ
552 1742 660 1796 τῶν
687 1743 940 1796 οἰκιστῶν
970 1742 1281 1814 ἀνημμένον
1313 1740 1390 1812 τῷ
1410 1741 1564 1814 ἀνδρὶ
1593 1759 1745 1810 γεγο-

189 1834 315 1886 νέναι
334 1851 346 1864 ·
373 1834 464 1888 καὶ
489 1833 738 1887 πλουτῶν
762 1835 812 1887 εί
838 1833 1010 1898 οὑτως
1042 1833 1230 1904 ἔτυχεν
1256 1835 1395 1905 ὑπὲρ
1424 1834 1549 1898 τοὺς
1577 1835 1744 1905 ἐγχω-

1846 643 1981 705 lare,
2017 651 2074 696 ut
2102 645 2254 706 item,
2287 643 2354 698 de
2376 644 2568 713 cycnis
2591 659 2712 712 qua:
2747 643 2908 697 habet
2940 645 3006 709 ὀ,
3033 645 3259 714 probet,
3289 661 3428 715 quos

1842 735 2074 789 ridicule
2107 743 2336 788 matrem
2384 734 2527 803 ejus.
2586 735 2763 804 ipsum
2802 734 2913 804 jam
2963 737 3284 806 parientem.
3317 737 3428 794 ci—r-o

1845 826 2217 887 cumstetisse,
2243 827 2401 896 eique
2447 825 2821 880 obstetriciam
2857 829 3176 896 praestitisse
3200 844 3422 899 operam

1844 926 2052 970 narrat.
2109 915 2224 970 lmo
2254 932 2431 987 neque
2485 924 2542 970 ut
2579 916 2775 971 fabula:
2802 919 2845 949 ἰ
2882 917 2947 973 de
2980 920 3206 974 fulmine
3227 928 3421 976 testem

1844 1007 2114 1077 producat
2135 1015 2351 1076 expeto.
2396 1005 2584 1078 Neque
2627 1009 2771 1062 enim
2817 1007 3042 1061 istorum
3075 1011 3235 1063 etiam
3290 1026 3424 1065 con-

1845 1098 1995 1153 scius
2025 1097 2232 1160 Damis,
2263 1097 2329 1151 ad
2375 1113 2536 1168 quem
2595 1100 2934 1170 provocavit,
2969 1099 3127 1154 nobis
3163 1101 3421 1171 prodibit,

1843 1190 1936 1260 qui
1969 1191 2062 1245 diu
2110 1199 2234 1262 post
2287 1190 2505 1246 demum
2564 1190 2711 1256 Nini,
2744 1191 2981 1264 Assyria:
3011 1194 3164 1257 urbe,
3218 1195 3335 1249 viro
3363 1211 3423 1250 se

1844 1282 2116 1351 adjunxit.
2153 1282 2359 1353 Nempe
2401 1298 2502 1353 ego
2525 1283 2742 1354 quidem
2773 1285 3148 1339 lubentissime
3170 1287 3425 1355 probabi-

1843 1374 1986 1429 libus
2007 1375 2188 1438 rebus,
2209 1383 2264 1430 et
2291 1375 2355 1429 ad
2392 1391 2578 1431 verum
2598 1376 2824 1446 propius
2853 1376 3238 1432 accedentibus
3266 1378 3420 1432 [idem

1845 1466 2074 1529 habens,
2105 1467 2231 1520 licet
2277 1467 2439 1521 etiam
2493 1467 2737 1538 quaedam
2788 1468 3073 1538 magnifice
3103 1469 3297 1540 magis,
3325 1486 3423 1541 per

1845 1557 2346 1628 exaggerationem,
2381 1559 2444 1613 ad
2479 1560 3012 1614 commendationem
3051 1561 3148 1614 viri
3185 1561 3310 1616 boui
3340 1561 3424 1614 af-

1846 1646 2113 1712 ferantur,
2170 1663 2233 1703 ea
2295 1648 2567 1703 credenda
2603 1665 2725 1703 esse
2773 1650 3256 1720 amplectendaque
3288 1651 3419 1704 mihi

1847 1737 2170 1807 persuadeo,
2205 1740 2366 1794 modo
2387 1755 2456 1794 ne
2500 1751 2807 1794 monstrosa
2844 1742 2955 1794 sint
3014 1742 3193 1812 plane,
3227 1751 3279 1795 ct
3310 1749 3424 1795 sto-

1846 1830 1970 1886 lidis
2005 1832 2276 1903 ﬁgmentis
2316 1831 2537 1888 referta.
2573 1830 2757 1902 Neque
2788 1833 2922 1886 adeo
2952 1832 3242 1896 invideam,
3274 1833 3418 1903 quod

187 1926 316 1998 ρίους
344 1926 585 1992 ἅπαντας
609 1944 622 1957 °
655 1927 991 1980 διδασκάλων
1025 1945 1104 1993 τε,
1155 1927 1271 1981 νέον
1305 1927 1452 1991 ὄντα,
1491 1927 1550 1980 οὑ
1584 1928 1733 1998 μόνον

1844 1923 1990 1976 dicat
2029 1923 2344 1987 historicus,
2401 1940 2574 1996 genus
2633 1940 2754 1980 esse
2802 1925 2920 1978 viro
2947 1926 3332 1994 antiquum",
3367 1935 3420 1977 et

183 2017 275 2071 τῶν
317 2018 695 2090 δεδηλωμένων
750 2023 952 2090 τυχεῖν,
1001 2019 1135 2083 ἀλλ’,
1181 2021 1229 2072 εἰ
1272 2019 1436 2083 δοκεῖ,
1469 2019 1564 2072 καὶ
1612 2017 1736 2071 τού-

183 2126 273 2163 των
299 2109 399 2180 (86)
429 2111 589 2165 αὑτὸν
618 2111 935 2164 διδάσκαλον
963 2113 1055 2164 καὶ
1091 2109 1407 2183 καθηγητὴν
1436 2097 1732 2179 γεγονέναι.

187 2202 343 2256 Ἔστω
373 2204 416 2256 δ’
448 2205 541 2256 ἐπὶ
575 2202 788 2266 τούτοις
832 2205 1090 2275 ἐντρεχὴς
1117 2205 1208 2257 καὶ
1240 2203 1307 2256 τά
1341 2203 1516 2267 κοινὰ,
1547 2202 1621 2266 ὼς
1647 2202 1738 2254 τὸν

181 2293 232 2358 ἐς
272 2294 584 2368 Ἀσκληπιοῦ
617 2295 913 2369 θεραπείας
946 2296 1104 2366 χάριν
1135 2297 1460 2367 ἀφιγμένον,
1494 2296 1582 2349 διὰ
1598 2294 1738 2364 γνώ-

184 2401 276 2454 μης
320 2385 541 2458 ἀρίστης
590 2385 901 2453 ἀπαλλάξαι
950 2386 1052 2455 τῆς
1097 2387 1424 2458 ἀρρωστίας.
1476 2384 1737 2440 Νοσοῦντι

180 2475 344 2547 γάρῗδὴ
377 2476 564 2549 ὑδέρου
615 2476 800 2539 πάθει,
849 2475 1184 2545 κατάλληλον
1233 2477 1575 2548 ἐγκρατείας·
1611 2477 1737 2528 ὑπο-

180 2566 341 2621 θέσθαι
379 2568 584 2623 δίαιταν
631 2567 710 2640 τῷ
738 2569 1020 2641 κάμνοντι,
1053 2569 1145 2622 καὶ
1192 2568 1364 2641 ταύτῃ
1407 2569 1568 2623 αὑτὸν
1610 2570 1738 2637 ὑγιᾶ

179 2661 510 2731 καταστῆσαι,
539 2661 636 2716 καὶ
675 2661 849 2732 τούτῳ
876 2679 939 2731 γε
972 2663 1068 2732 τῆς
1100 2663 1412 2733 φρονήσεως
1443 2662 1736 2717 ἀποδεκτὸν

176 2749 228 2806 τὸ
258 2753 550 2827 μειράκιον.
571 2754 683 2809 Καὶ
715 2753 790 2819 ὡς
817 2755 908 2807 τὸν
938 2753 1244 2816 πολυτελῶς
1270 2754 1380 2824 (87)
1427 2753 1574 2808 θύειν
1597 2773 1738 2827 παρ-

181 2845 556 2917 εσκευασμένον
595 2839 793 2917 εἶρξεν,
825 2841 911 2897 οἷα
944 2844 1088 2908 εἰκὸς
1127 2845 1219 2897 ἐπὶ
1250 2845 1416 2916 κακίᾳ
1455 2845 1737 2917 διαϐεϐοη-

180 2936 318 3005 μένον
341 2956 354 2970 ·
411 2937 503 2990 καὶ
555 2937 668 3007 γάρ
712 2937 775 3008 δὴ
831 2940 922 2990 καὶ
979 2937 1087 2990 τῶν
1143 2936 1424 3006 ἐγχωρίων
1480 2935 1734 2990 ἁπάντων

178 3022 551 3078 πλουσιώτατόν
576 3025 688 3088 (88)
722 3042 781 3078 τε
815 3025 908 3078 καὶ
941 3024 1403 3096 περιφανέστατον
1429 3026 1590 3078 αὑτὸν
1614 3027 1738 3079 ὑπο-

175 3113 375 3170 τίθεται.
409 3118 520 3170 Καὶ
560 3119 618 3169 ἐν
661 3115 902 3188 σώφροσι
929 3118 972 3170 δ’
1007 3116 1168 3169 αὑτὸν
1196 3115 1389 3185 φθόνος
1418 3119 1591 3181 οὐδεὶς
1613 3119 1738 3172 ἀνα-

173 3207 401 3277 γράφειν,
429 3210 510 3261 ὂτι
546 3227 606 3263 τε
639 3209 772 3281 πρδς
804 3209 894 3261 τὸν
920 3208 1173 3279 ἐραστὴν,
1203 3209 1538 3281 πειρώμενον
1568 3208 1732 3264 αὑτοῦ

172 3299 256 3368 τῆς
280 3299 442 3371 ὥρας,
481 3301 938 3371 διελοιδορήσατο,
980 3300 1076 3353 καὶ
1099 3302 1414 3370 γυναικείας
1447 3301 1527 3354 ὅτι
1561 3301 1732 3355 καθα·
1761 3285 1804 3343 C

182 3392 258 3462 ρὸν
297 3394 480 3447 ἑαυτὸν
519 3395 720 3466 μίξεως
763 3394 851 3448 διὰ
897 3394 1103 3459 τέλους,
1154 3395 1230 3458 ὼς
1272 3396 1299 3447 ὁ
1345 3395 1502 3464 λόγος
1547 3397 1732 3466 φησιν,

176 3485 348 3555 ἤγαγε.
373 3487 546 3540 Πιστά
583 3488 632 3540 δ’
672 3487 811 3540 ἔστω
852 3488 948 3540 καὶ
985 3487 1052 3541 τὰ
1082 3487 1184 3558 τῆς
1229 3487 1555 3551 πενταετοῦς
1592 3490 1734 3544 κατά

175 3576 472 3650 Πυθαγόραν
504 3581 720 3650 σιωπῆς
751 3579 938 3642 αὐτοῦ,
967 3580 1061 3632 καὶ
1101 3580 1188 3642 τά,
1235 3581 1384 3644 ὅπως
1409 3579 1611 3652 ταύτην
1647 3581 1730 3635 δι-

171 3669 366 3737 ήνυσεν,
397 3671 624 3724 ἐπαίνου
657 3670 801 3735 ἄξια.
836 3669 1022 3724 Ταῦτα
1037 3670 1120 3741 δὴ,
1140 3671 1234 3723 καὶ
1268 3670 1370 3723 ὅσα
1398 3670 1622 3724 τοιαῦτα
1643 3674 1735 3726 ἀν-

171 3757 413 3830 θρώπινα,
447 3764 544 3816 καὶ
567 3764 645 3825 ὡς
669 3763 884 3833 ἀληθῶς
913 3761 1229 3831 φιλοσοφίας
1260 3763 1352 3816 καὶ
1386 3761 1641 3833 ἀληθείας
1671 3765 1731 3817 οὑ

168 3853 358 3926 πόρρω,
387 3855 595 3928 δέχοιμ’
626 3856 714 3918 ἂν,
753 3857 880 3927 περὶ
920 3854 1114 3908 πολλοῦ
1148 3855 1208 3907 τὸ
1231 3854 1510 3926 εὖγνωμόν
1539 3873 1598 3908 τε
1641 3856 1732 3909 καὶ

169 3943 435 4018 φιλάληθες
467 3949 797 4020 τιμώμενος.
841 3947 912 3999 Τό
937 3947 1001 4015 γέ
1029 3965 1110 4000 τοι
1157 3949 1404 4019 κρεῖττον
1443 3946 1729 4019 ἀνθρώπου

165 4034 249 4106 τὴν
273 4039 426 4108 φύσιν
467 4039 841 4102 ὑποτίθεσθαι,
875 4041 968 4093 καὶ
1014 4038 1162 4109 παρά
1203 4039 1367 4102 πόδας
1414 4039 1523 4108 (89)
1570 4041 1727 4094 ἐναν-

165 4128 420 4200 τιολογεῖν,
469 4133 571 4199 τῆς
620 4149 680 4184 τε
736 4130 983 4202 δοθείσης
1021 4132 1351 4202 ἀμνημονεῖν
1398 4130 1726 4198 ὑποθέσεως,

165 4218 289 4290 ἔχειν
312 4225 476 4294 ψόγον
508 4226 598 4289 ἂν,
633 4225 728 4278 καὶ
767 4224 1016 4296 διαϐολὴν
1048 4224 1193 4296 αὑτῷ
1233 4243 1293 4278 τε
1333 4224 1410 4296 τῷ
1441 4226 1724 4298 γράφοντι,

166 4311 245 4364 καὶ
275 4314 404 4370 πολὺ
437 4317 707 4388 πρότερον
746 4314 825 4386 τῷ
855 4316 1205 4388 γραφομένῳ,
1243 4314 1528 4387 περιάψειν
1562 4315 1722 4388 ἡγοῦ-

167 4417 272 4469 μαι.

1841 2015 1985 2085 quod
2021 2015 2075 2068 in
2122 2016 2330 2084 primos
2388 2015 2703 2071 conditores
2735 2015 2968 2089 [patriae]
2995 2017 3226 2072 desinat.
3260 2017 3416 2082 Quod

1846 2107 1972 2160 item
2003 2106 2203 2160 civium
2240 2107 2483 2161 omnium
2513 2107 2844 2163 ditissimum
2880 2108 3014 2162 licet
3045 2108 3245 2163 fuisse:
3279 2123 3419 2178 prte-

1839 2206 2199 2270 ceptoresque
2228 2201 2274 2232 "
2313 2200 2716 2255 adolescentem
2758 2216 2864 2255 non
2921 2201 3259 2257 clarissimos
3299 2212 3420 2256 tan-

1838 2299 1952 2344 tum
2003 2306 2125 2346 esse
2179 2301 2426 2355 nactum,
2481 2307 2670 2347 verum
2709 2294 2896 2355 etiam.
2959 2295 3003 2350 si
3055 2295 3129 2348 ila
3182 2296 3414 2366 placeat,

1837 2399 2024 2438 eorum
2051 2385 2227 2454 ipsum
2254 2386 2576 2456 magistrum
2617 2387 2896 2441 exstitisse
2931 2394 3092 2456 atque
3115 2387 3411 2448 doctorem.

1839 2479 1969 2534 Esto
1992 2490 2170 2534 autem
2203 2491 2485 2550 praeterea,
2522 2483 2683 2536 etiam
2718 2482 2771 2538 in
2810 2483 2970 2537 rebus
2993 2482 3308 2555 [ordinariis
3337 2479 3415 2554 et]

1838 2572 2152 2642 vulgaribus
2187 2589 2350 2643 sagax
2387 2591 2398 2625 :
2433 2573 2507 2627 ita
2547 2581 2605 2627 ut
2638 2573 2705 2628 ad
2767 2574 3108 2645 Asclepieum
3133 2559 3416 2631 medicina:

1840 2678 2008 2718 causa
2042 2665 2387 2719 accedentem
2428 2667 2496 2730 “,
2525 2667 2731 2736 optimo
2755 2669 2984 2724 consilio
3009 2669 3076 2722 ab
3095 2669 3417 2739 aegritudine

1839 2755 2082 2810 liberarit
2133 2756 2323 2827 (Aquae
2371 2756 2655 2814 intercutis
2702 2759 2847 2813 enim
2900 2761 3090 2816 morbo
3121 2760 3412 2823 laboranti,

1837 2846 2253 2901 convenientem
2313 2864 2461 2919 aegro
2491 2848 2548 2904 in
2607 2850 2752 2906 victu
2802 2854 3218 2923 temperantiam
3268 2851 3417 2923 quod

1836 2939 2174 3006 praeceperit,
2229 2956 2464 3012 eumque
2516 2943 2652 2997 adeo
2702 2945 3004 2998 restituerit
3041 2945 3286 3008 sanitati,
3344 2946 3416 3001 ob

1837 3028 1940 3084 boc
1993 3046 2211 3100 quoque
2266 3035 2571 3104 prudentia:
2615 3034 3045 3110 [argumentum]
3107 3038 3415 3094 laudandus

1835 3124 2201 3196 adolescens);
2256 3127 2328 3178 ita
2363 3125 2550 3198 [porro
2599 3129 2656 3183 in
2710 3129 2874 3184 rebus
2903 3131 3220 3201 vulgaribus
3247 3147 3416 3203 sagax

1837 3215 1929 3288 sit]
1979 3225 2050 3270 vut
2079 3227 2133 3272 et
2178 3219 2464 3289 magniﬁce
2500 3221 2674 3276 sacris
2719 3231 3034 3292 operantem
3081 3223 3321 3294 abegerit
3343 3224 3412 3290 ³⁸,

1836 3311 2038 3382 quippe
2066 3310 2268 3366 affatim
2301 3313 2371 3366 ob
2388 3313 2520 3367 vitia
2549 3313 2814 3370 famosum
2860 3315 3078 3387 (nempe
3135 3316 3413 3372 hominem

1837 3411 1897 3456 ut
1954 3404 2193 3474 regionis
2245 3404 2392 3460 illius
2455 3407 2689 3461 maxime
2739 3407 2959 3461 divitem
3020 3415 3412 3477 repraesentat,

1836 3494 2180 3564 maximeque
2201 3495 2616 3567 conspicuum);
2644 3513 2821 3568 neque
2838 3497 3109 3552 invideam
3141 3499 3195 3553 in
3217 3499 3416 3555 castis-

1835 3586 1990 3643 simis
2018 3602 2143 3642 eum
2184 3588 2420 3652 censeri,
2484 3589 2740 3659 quodque
2795 3596 3064 3644 amantem
3097 3591 3163 3652 “,
3197 3597 3410 3645 aetatem

1837 3677 1958 3747 ejus
1985 3692 2339 3748 corrumpere
2369 3685 2696 3746 tentantem,
2735 3679 3086 3750 objurgatum
3118 3679 3408 3749 repulerit;

1835 3768 1982 3838 quod
2021 3769 2146 3822 item
2177 3783 2208 3821 a
2249 3768 2498 3823 muliebri
2558 3770 2893 3824 commercio
2916 3795 2920 3800 ι
2945 3785 3138 3840 puram
3170 3786 3407 3842 semper,

1837 3865 1896 3911 ut
1925 3858 2156 3913 historia
2182 3857 2349 3911 refert
2372 3858 2440 3920 ³⁷,
2473 3859 2638 3914 vitam
2671 3861 2882 3931 .egerit.
2917 3859 3102 3916 Fidem
3124 3861 3289 3916 etiam
3325 3863 3410 3917 in—

1835 3950 2075 4012 veniant,
2109 3965 2229 4020 quae
2255 3951 2320 4003 ad
2343 3948 2734 4025 [observatum]
2775 3953 2877 4023 ipsi
2900 3953 3054 4021 juxta
3085 3951 3410 4025 Pythagorae

1844 4043 2089 4097 instituta
2112 4045 2485 4114 quinquennio
2519 4045 2790 4099 silentium
2820 4057 3066 4115 spectant
3086 4048 3151 4110 ³⁸,
3175 4054 3229 4100 et
3257 4047 3408 4116 quid-

1843 4129 1995 4199 quid,
2028 4130 2155 4184 dum
2188 4131 2315 4185 illud
2341 4132 2530 4197 obivit,
2550 4132 2708 4188 laude
2739 4122 2863 4188 fecit
2882 4134 3126 4206 dignum.
3149 4133 3292 4204 Haec,
3321 4137 3407 4190 in-

1843 4236 2026 4290 quam,
2045 4229 2099 4275 et
2116 4222 2376 4292 quidquid
2400 4223 2518 4291 ejus
2543 4235 2626 4278 est
2645 4226 2878 4294 generis,
2897 4226 3188 4281 humanam
3207 4237 3405 4284 sortem

1842 4331 1951 4370 non
1991 4315 2307 4371 excedentia
2331 4357 2345 4380 ,
2381 4315 2537 4386 521
2587 4325 2642 4370 et
2691 4332 2832 4372 verae
2888 4317 3247 4387 philosophiae
3281 4333 3410 4373 con-

1836 4417 2120 4474 sentanea,
2155 4425 2333 4479 neque
2371 4411 2537 4465 nimis
2569 4410 2639 4466 ab
2667 4411 2782 4481 ipsa
2805 4411 3032 4465 veritate
3061 4411 3259 4474 aliena,
3296 4427 3407 4466 non

164 4492 349 4553 invitus
381 4499 742 4566 admiserim;
779 4498 961 4569 magni
997 4513 1128 4554 sane
1162 4496 1454 4553 candorem
1490 4497 1722 4563 faciens,
1763 4509 1817 4556 et
1853 4502 2092 4555 studium
2130 4501 2398 4557 veritatis.
2427 4500 2494 4553 At
2514 4515 2642 4555 vero
2670 4501 2908 4556 hominis
2968 4501 3115 4556 illius
3171 4501 3406 4556 indolem

162 4585 381 4648 humana
423 4596 690 4664 majorem
725 4593 947 4666 lingere,
981 4595 1276 4665 statimque
1305 4596 1410 4652 sibi
1441 4595 1546 4667 ipsi
1581 4598 1981 4664 contradicere,
2011 4605 2065 4652 et
2128 4612 2320 4668 parum
2350 4611 2646 4652 memorem
2689 4613 2813 4652 esse
2868 4608 3026 4652 antea
3083 4597 3407 4666 positorum,

223 4745 388 4818 'f_|ih.
425 4766 474 4812 ι,
511 4766 564 4803 c.
597 4750 653 4804 4.
731 4751 778 4782 ὀ
818 4750 911 4804 lib.
954 4753 1093 4812 n‘,c.
1131 4749 1184 4804 5.
1263 4750 1455 4804 “ibid.
1532 4752 1577 4786 ’³
1617 4753 1710 4807 ΠΙ)-

1843 4768 1891 4807 c.
1933 4753 1989 4806 4.
2065 4753 2112 4784 ³³
2150 4753 2244 4808 lib.
2276 4768 2329 4818 ι,
2366 4767 2415 4807 c.
2449 4753 2502 4807 5.

2597 4753 2643 4784 “
2693 4753 2784 4808 lib.
2828 4769 2876 4817 ι,
2921 4767 2970 4806 c.
3004 4751 3057 4807 9.
3134 4753 3179 4785 "
3219 4751 3315 4807 lib.
3351 4764 3406 4818 l,

161 4827 206 4868 c.
238 4815 316 4872 ιο.
390 4821 437 4851 ³⁸
475 4821 574 4876 lib.
613 4837 666 4884 ι,
701 4836 751 4876 c.
788 4820 874 4875 12.
953 4823 996 4853 ²⁷
1036 4823 1128 4877 lib.
1171 4839 1216 4884 ι,
1251 4838 1301 4875 c.
1338 4823 1423 4877 l5.
1500 4823 1544 4854 ”
1585 4823 1677 4878 lib.
1715 4839 1730 4877 ι

1842 4844 1865 4876 τ.
1903 4823 1967 4878 14
1991 4831 2046 4878 et
2080 4822 2168 4878 l6.

215 4970 326 5052 .(85)
362 4973 753 5052 Περιστῇσαι.
774 4974 1138 5052 _Rest_i_tuenda
1173 4993 1240 5033 ex
1273 4975 1604 5035 Philostrato
1623 4995 1724 5034 vox

161 5039 269 5102 fuit.
298 5060 417 5112 qua
438 5039 733 5099 exciderat
772 5047 829 5100 in
859 5048 1039 5102 editis.

220 5113 324 5189 (84)
360 5116 470 5170 Τοῦ
518 5117 814 5189 σκηπτοῦ.
866 5116 1177 5189 Legendum
1228 5118 1321 5172 τοῦ
1368 5119 1632 5189 σκηπτοῦ,
1667 5131 1725 5174 ιιι

161 5195 216 5255 ex
248 5181 373 5255 Reg.
414 5202 517 5240 ms.
552 5181 989 5242 et‘Philoslrat'o
1031 5189 1400 5246 eniendaram.
1447 5181 1720 5246 HOLSrsN.

160 5250 358 5340 Nempe,
379 5255 433 5310 in
479 5256 702 5312 Eusebii
732 5258 895 5313 editis
935 5259 1114 5330 inepte
1156 5261 1418 5330 scriptum
1443 5270 1559 5315 erat
1595 5264 1724 5335 περὶ

158 5337 270 5380 τους
299 5337 528 5380 κήπους.

219 5327 690 5480 (θίξῖήέιῖϊοῗᾶτωρ.
724 5398 1238 5480 ξυνίστωρτεροειιξ
1269 5416 1366 5470 pro
1401 5399 1508 5480 ξὺν.
1555 5401 1721 5480 ἴστρῳ

157 5459 315 5544 (quod
331 5476 449 5544 erat
477 5468 532 5521 in
578 5459 852 5537 prioribus
892 5459 1244 5542 editionibus)
1269 5459 1544 5526 sententia
1577 5459 1724 5544 ﬂagi-

157 5539 293 5588 tante
345 5537 622 5592 HOLSTEN.

219 5604 328 5684 (86)
365 5609 619 5684 Τούτωις.
660 5607 749 5684 Sic
775 5611 996 5684 restitui
1015 5626 1128 5684 pro
1165 5611 1373 5684 τοῦτον,
1413 5615 1723 5684 postulante

219 5627 328 5675 (ου)
365 5627 619 5662 ιουτων.
660 5627 749 5664 me
786 5627 996 5665 resutm
1013 5627 1128 5735 lpro
1165 5627 1373 5676 τουτον,
1413 5627 1720 5684 postulante

157 5678 435 5751 sententia,
474 5688 532 5732 et
583 5679 699 5749 ipsa
736 5681 962 5751 historia
1056 5682 1328 5736 hilostrati
1373 5685 1720 5751 concinente,

157 5746 240 5825 qui
273 5745 894 5825 Euxeno,_magistr_oin
926 5750 1285 5825 Pythagorica
1307 5756 1571 5825 sapientia
1596 5745 1718 5819 suo,

361 5812 700 5889 superiorem
759 5821 928 5878 fuisse
971 5812 1316 5894 discipulum
1371 5812 1719 5895 hpollomuni

1756 5021 1805 5081 υ

1903 4979 2012 5051 (87)
2050 4984 2161 5038 Καὶ
2190 4985 2270 5050 ὼς
2312 4984 2420 5038 τὸν
2460 4986 2670 5036 uolut.
2707 4979 3071 5052 Suspenditur
3101 4979 3287 5052 oratio
3310 4997 3407 5052 per

1829 5049 2150 5120 particulam
2201 5049 2276 5118 ὡς
2327 5071 2357 5110 a
2397 5053 2790 5120 superioribus,
2818 5049 2958 5105 ἓστω
2984 5049 3028 5102 δ’
3061 5051 3153 5104 ἐπὶ
3199 5049 3405 5118 τούτοις
3451 5053 3458 5062 ’

1830 5122 2085 5194 ἐντρεχὴς
2112 5125 2203 5177 καὶ
2228 5125 2296 5179 τά
2340 5120 2512 5183 κοινά,
2558 5124 2655 5176 ὩΣ
2678 5123 2768 5176 τὸν
2812 5120 3149 5194 Ἀσκληπιοῦ
3166 5121 3408 5194 ἀφιγμέ-

1828 5208 1917 5274 νον
1963 5192 2267 5274 ἀπαλλάξαι
2309 5197 2407 5268 τῆς
2460 5195 2772 5266 ἀρρωστίας
2918 5193 3011 5246 καὶ
3056 5192 3155 5244 ὨΣ
3178 5193 3269 5246 τὸν
3303 5192 3405 5248 πο-

1829 5273 1943 5315 Λυτ.
1975 5273 2082 5320 etc.

1899 5333 2006 5404 (88)
2035 5338 2144 5390 Καὶ
2166 5336 2292 5404 τηδ.
2311 5334 2411 5404 καὶ
2448 5353 2499 5387 τ.
2531 5335 2738 5402 ἐγχωρ.
2757 5334 2861 5388 ἀπ.
2889 5335 3110 5388 πλουσ.
3149 5330 3403 5399 Qualium

1829 5406 2034 5476 scelera
2077 5403 2288 5460 facilius
2311 5403 2367 5476 in
2391 5405 2584 5476 vulgus
2609 5420 2864 5476 emanare
2900 5405 3098 5476 solent,
3155 5412 3214 5457 ut
3269 5407 3406 5476 adeo

1826 5475 2147 5544 Apollonius
2190 5477 2306 5532 sine
2341 5473 2529 5544 divina
2577 5475 2826 5542 scientia,
2857 5490 2924 5530 ex
2973 5473 3137 5538 fama,
3169 5488 3292 5544 quae
3335 5475 3403 5529 ad

1831 5544 2103 5615 hominem
2139 5548 2300 5602 istum
2333 5543 2672 5615 spectabant.
2705 5546 2943 5615 potuerit
2971 5543 3290 5600 resciscere.

1900 5614 2012 5685 (89)
2044 5617 2207 5685 Παρὰ
2230 5611 2435 5682 πόδας.
2468 5611 2723 5687 lta__Regf
2750 5616 2878 5687 cod.
2912 5631 3010 5685 pro
3047 5615 3196 5670 edito
3227 5632 3404 5687 παρα-

1828 5682 2008 5751 δόσας,
2035 5682 2179 5754 quod
2205 5687 2364 5741 nauci
2402 5693 2506 5740 est.
2539 5682 2813 5743 Hetsreu.
2847 5682 3000 5741 lianc
3030 5682 3318 5754 lectionem
3348 5694 3403 5740 et

1831 5752 2140 5829 ipseprobo
2167 5772 2181 5819 ;
2206 5758 2519 5827 suspicatus
2568 5755 2696 5810 olim
2739 5757 2968 5824 fueram,
2993 5752 3308 5829 παραδόξως
3335 5758 3400 5811 ιο-

1828 5826 2060 5898 gendum
2098 5842 2237 5883 esse.
