3830 6260
401 447 521 514 819

1036 443 1305 503 EUSEBII
1344 448 1824 505 CASSARIENSIS
1860 450 2011 507 OPP.
2053 451 2252 508 PARS.
2298 451 2362 509 ll.
2403 484 2472 497 -—
2509 455 3009 516 APOLOGETICA.
3527 465 3615 521 8‘20

401 567 453 620 id
484 563 960 635 reprehensionem
1008 564 1229 630 mereri,
1261 574 1424 637 atque
1453 574 1569 622 tum
1630 567 1732 638 ipsi
1788 569 2043 639 scriptori
2085 580 2199 627 tum
2223 575 2393 629 multo
2407 574 2570 630 etiam
2618 577 2792 647 magis
2835 576 2905 643 ei,
2941 575 3008 631 de
3028 590 3137 646 quo
3166 576 3374 643 scribit,
3405 580 3611 650 turpitu-

399 658 580 721 dinem
614 655 813 717 afferre
827 655 1088 719 arbitror.

994 771 1226 829 CAPUT
1253 772 1393 831 XIII.

470 867 649 937 Atque
665 865 781 921 haae
806 865 1024 938 quidem
1054 875 1204 932 sunt,
1231 884 1351 938 quae
1379 883 1444 923 ex
1480 868 1656 939 primo
1685 867 1826 923 libro
1850 864 1974 945 [ob-

400 959 670 1015 servanda
698 957 899 1032 fuere].
940 957 1337 1015 Percurramus
1363 976 1424 1016 ea
1448 961 1614 1015 etiam
1639 977 1762 1035 quae
1797 963 1851 1015 in
1888 977 1976 1017 se-

398 1052 577 1107 eundo
629 1061 953 1108 occurrunt.
989 1056 1033 1086 "
1064 1052 1260 1113 Itinere
1288 1071 1354 1114 ex
1390 1054 1613 1109 Perside
1665 1054 1718 1109 in
1768 1052 1973 1110 Indiam

395 1160 519 1199 eum
571 1160 738 1216 porro
798 1154 1089 1216 prosecuta
1146 1145 1428 1220 [historia].
1477 1147 1718 1203 deducit.
1772 1146 1976 1203 Deinde

396 1252 519 1290 cum
581 1237 787 1307 aliquid
839 1238 888 1294 ei
938 1239 1250 1294 obvenisset
1322 1240 1481 1310 plane
1526 1241 1818 1304 absonum,
1871 1240 1975 1293 hoc

394 1340 478 1384 est
514 1331 1048 1395 insulitum,daamon
1086 1332 1295 1387 scilicet
1324 1331 1543 1401 aliquis,
1578 1347 1738 1400 quem
1773 1330 1975 1399 Empu-

396 1437 512 1476 sam
546 1438 765 1492 quoque
799 1422 1134 1493 appellat”:
1185 1438 1309 1477 eum
1332 1422 1388 1476 in
1425 1422 1510 1476 via
1544 1422 1633 1477 ubi
1665 1432 1810 1478 esset
1841 1436 1973 1475 con-

396 1512 661 1593 spicatus,
693 1514 957 1569 conviciis
976 1513 1134 1584 juxta
1164 1529 1288 1569 cum
1337 1515 1504 1571 sociis
1534 1515 1802 1583 abegisse,
1844 1529 1972 1567 nar-

396 1613 506 1663 rat.
554 1604 942 1667 Auimantibus
991 1622 1120 1661 vero
1169 1608 1273 1673 eis,
1330 1606 1532 1678 quibus
1588 1615 1967 1671 vescerentur,

395 1702 675 1769 oblatis",
719 1702 788 1767 ad
818 1702 1009 1761 Damin
1043 1704 1270 1769 dixisse,
1301 1720 1360 1760 se
1398 1703 1618 1775 quidem
1652 1702 1756 1773 ipsi
1793 1710 1848 1758 et
1880 1717 1971 1758 so—

395 1792 498 1852 ciis
531 1792 835 1849 concedere
882 1809 995 1853 non
1034 1794 1310 1850 illibenter
1344 1803 1404 1849 ut
1455 1795 1714 1849 carnibus
1746 1809 1970 1849 vescan-

393 1893 516 1943 tur:
557 1885 946 1943 abstinentiam
995 1887 1140 1947 enim
1173 1888 1241 1942 ab
1284 1888 1355 1942 iis
1398 1888 1466 1943 ad
1518 1889 1723 1942 nullam
1778 1902 1968 1942 eorum

392 1984 642 2046 spectare
675 1976 967 2031 utilitatem
996 1997 1009 2032 :
1059 1978 1164 2034 sibi
1198 1986 1380 2035 autem
1414 1979 1518 2034 hoc
1556 1978 1867 2033 conducere
1896 1977 1964 2031 ad

390 2076 602 2135 votum,
633 2069 781 2139 quod
811 2084 945 2138 puer
974 2068 1163 2124 fecerit
1194 2071 1574 2141 phil050phize.
1616 2071 1685 2127 At
1718 2086 1847 2126 vero
1875 2068 1965 2125 cui

2004 780 2051 838 Α

2602 777 3001 830 ΚΕΦΔΛΑΙΟΝ
3031 776 3127 834 1Γ’.

2151 865 2260 917 Καὶ
2306 864 2477 919 ταῦτα
2518 866 2616 937 μὲν
2657 867 2764 920 ἀπὸ
2805 868 2898 922 τοῦ
2951 866 3167 939 πρώτου
3201 868 3614 945 ξυγγράμματος.

2091 956 2366 1028 Ἐπίωμεν
2408 958 2465 1013 δὲ
2508 959 2575 1013 τὰ
2622 962 2686 1014 ἐκ
2736 960 2829 1014 τοῦ
2883 962 3154 1036 δευτέρου.
3201 968 3311 1039 Τὴν
3357 967 3459 1023 ἀπὸ
3494 971 3618 1046 Περ-

2081 1048 2225 1113 σίδος
2274 1053 2359 1104 ἐπ’
2415 1050 2607 1117 Ἰνδοὺς
2659 1054 2883 1125 πορείαν
2930 1057 3051 1124 ἄγει
3100 1059 3428 1130 παραλαϐὼν
3481 1064 3619 1121 αὐτὸν

2077 1142 2107 1193 6
2153 1141 2328 1211 λόγος.
2377 1140 2511 1199 Εἶτά
2549 1163 2603 1199 τι
2649 1147 2933 1201 πεπονθότ’
2983 1150 3360 1222 ἀπειρόκαλον,
3408 1156 3534 1229 ὅπερ
3572 1176 3622 1214 τι

2079 1233 2401 1306 παράδοξον,
2433 1235 2710 1308 δαιμόνιόν
2730 1255 2803 1302 τι,
2830 1239 2858 1291 ὃ
2889 1240 2981 1294 καὶ
3015 1242 3335 1312 Ἔμπουσαν
3372 1247 3619 1319 ὀνομάζει,

2077 1324 2218 1379 κατὰ
2247 1326 2345 1397 τὴν
2383 1326 2500 1381 ὁδὸν
2534 1328 2730 1390 ἰδόντα,
2764 1329 3052 1402 λοιδορίαις
3084 1334 3199 1404 ἅμα
3238 1339 3349 1401 τοῖς
3380 1338 3506 1409 ἀμφ’
3534 1342 3619 1394 αὖ·

2075 1420 2166 1471 τὸν
2200 1419 2467 1475 ἀπελάσαι
2513 1421 2664 1491 φησί.
2712 1424 2821 1476 Καὶ
2850 1422 3005 1487 ζώων
3040 1425 3096 1478 δὲ
3131 1427 3315 1493 αὐτοῖς
3356 1432 3413 1495 ἐς
3441 1437 3623 1505 τροφὴν

2075 1511 2509 1583 προσαχθέντων,
2543 1515 2823 1587 εἰρηκέναι
2859 1517 3018 1571 αὐτὸν
3048 1518 3127 1590 τῷ
3168 1520 3382 1591 Δάμιδι,
3426 1524 3496 1589 ὡς
3529 1525 3623 1597 ἄρα

2074 1602 2380 1678 ξυγχωροίη
2430 1607 2578 1678 αὐτῷ
2606 1626 2665 1661 τε
2706 1610 2937 1673 καὶτοῖς
2974 1612 3210 1683 ἑταίροις
3237 1613 3347 1684 (90)
3388 1616 3624 1674 σιτεῖσθαι

2071 1698 2178 1751 τῶν
2204 1697 2381 1770 κρεῶν
2400 1716 2413 1729 ’
2450 1700 2510 1753 τὸ
2535 1700 2642 1773 γὰρ
2685 1701 2983 1772 ἀπέχεσθαι
3025 1704 3224 1771 αὐτῶν,
3260 1706 3442 1770 αὐτοῖς
3464 1707 3552 1778 μὲν
3574 1710 3622 1773 ὲς

2070 1792 2220 1846 οὐδὲν
2247 1794 2379 1866 όρᾷν
2412 1796 2704 1866 προϐαῖνον
2735 1794 2867 1867 (9i),
2911 1795 3087 1867 ἑαυτῷ
3116 1796 3173 1849 δὲ
3213 1799 3271 1862 ἐς
3302 1798 3340 1853 ὃ.
3367 1798 3622 1874 ὡμολόγη-

2070 1903 2156 1938 ται
2195 1886 2331 1955 πρὸς
2375 1886 2692 1956 φιλοσοφίαν
2731 1887 2797 1941 ἐκ
2840 1888 3048 1953 παιδός.
3096 1889 3287 1944 Καίτοι
3331 1893 3413 1956 τίς
3439 1893 3529 1947 οὐκ
3566 1894 3622 1947 ἃν

2070 1979 2420 2048 ἀπορήσειεν,
2452 1978 2533 2032 ὅτι
2572 1979 2693 2050 μηδ’
2720 1980 2903 2047 αὐτὸν,
2926 1981 2985 2035 ὃν
3021 1981 3177 2053 μόνον
3208 1983 3382 2037 ἐδόκει
3411 1984 3497 2039 τοῦ
3525 1984 3623 2056 βίον

2070 2069 2316 2141 ζηλωτὴν
2346 2070 2665 2143 κεκτῆσθαι,
2699 2074 2793 2126 καὶ
2817 2072 3158 2145 προῦτρεπεν
3190 2077 3281 2129 ἐπὶ
3313 2076 3622 2147 φιλοσοφίαν,

390 2158 712 2223 incredibile
766 2175 875 2220 non
918 2160 1187 2226 videatur,
1232 2161 1379 2231 quod
1426 2177 1493 2217 ne
1539 2177 1664 2217 eum
1720 2162 1959 2231 quidem,

2072 2155 2217 2233 εἷργέ
2238 2177 2318 2222 τε,
2346 2155 2435 2214 οἷα
2475 2160 2747 2231 φίλτατον,
2775 2163 2871 2234 τῆς
2908 2162 3016 2219 τῶν
3052 2165 3333 2236 ἐμψύχων,
3360 2167 3434 2231 ὡς
3462 2167 3523 2220 ἂν
3543 2168 3623 2239 οὐχ

389 2266 551 2321 quem
575 2266 746 2306 unum
777 2251 979 2307 habere
1010 2253 1133 2311 vita:
1167 2254 1519 2322 imitatorem,
1568 2258 1967 2326 praeceptisque

388 2345 747 2417 philosophia:
801 2362 964 2417 quem
1028 2346 1373 2410 instituebat,
1429 2362 1538 2402 non
1599 2349 1962 2418 prohibuerit,

386 2440 902 2511 coniunctissimum
939 2442 1084 2508 licet,
1124 2442 1269 2496 victu
1321 2442 1706 2507 animantium,
1762 2443 1965 2513 quippe

2070 2253 2241 2318 ὁσίας,
2275 2253 2414 2307 κατὰ
2444 2253 2783 2326 Πυθαγόραν,
2810 2256 3032 2327 τροιρῆς.
3069 2256 3126 2309 '0
3145 2256 3210 2322 δ’,
3233 2257 3337 2311 οὐκ
3356 2253 3450 2310 οἷδ’
3477 2260 3623 2328 ὁποίῳ

2070 2348 2232 2419 λόγῳ,
2273 2348 2419 2418 λέγει
2452 2347 2560 2419 (92)
2599 2349 2695 2418 μὲν
2729 2348 2789 2402 οὐ
2832 2348 3097 2415 ξυνοίσειν
3136 2351 3345 2422 ἑαυτῷ·
3380 2349 3623 2415 κείνοις-δ’

2070 2441 2221 2495 οὐδὲν
2242 2442 2374 2513 όρᾷν
2405 2441 2513 2494 ἀπὸ
2535 2442 2636 2513 τῆς
2655 2440 2867 2512 ἀποχῆς
2899 2442 3185 2515 προϐαῖνον
3214 2444 3501 2516 ὡμολόγει.

385 2536 635 2606 impurus
696 2536 790 2606 qui
872 2542 1018 2591 esset
1062 2536 1219 2605 juxta
1267 2534 1591 2606 Pythagorae
1640 2536 1913 2595 instituta.
1974 2537 2041 2589 At
2082 2537 2217 2607 ipse,
2260 2534 2447 2592 nescio
2486 2552 2592 2605 qua
2628 2536 2838 2591 ratione
2887 2538 3108 2603 ductus,
3164 2540 3267 2595 sibi
3319 2542 3531 2611 quidem
3577 2539 3622 2595 id

384 2628 567 2690 minus
616 2628 872 2699 expedire
929 2630 1006 2683 ait
1058 2648 1071 2684 :

384 2736 494 2779 non
528 2721 716 2785 videre
744 2722 967 2779 fatetur.

985 2840 1216 2897 CAPUT
1256 2841 1398 2898 XIV.

455 2932 588 2989 Post
634 2934 751 2988 haec
800 2932 1191 2999 Philostratus,
1233 2936 1325 3006 qui
1360 2936 1606 2993 veritatis
1648 2936 1962 2992 amantissi—

383 3041 545 3080 musc
569 3024 887 3081 Philaletlue
910 3047 930 3079 ι
952 3027 1268 3081 testimonio
1299 3029 1636 3099 perhibetur,
1669 3045 1792 3100 quae
1821 3029 1964 3084 veri-

384 3117 516 3172 tatis
543 3116 845 3187 specimina
874 3116 1023 3181 edat,
1059 3117 1375 3176 considera.
1418 3118 1501 3173 Ad
1529 3120 1694 3176 Indos
1720 3120 1959 3176 delatum

381 3210 736 3279 Apollonium
793 3208 1147 3278 interpretem
1193 3211 1299 3265 sibi
1336 3213 1414 3265 ait
1460 3211 1726 3267 ascivisse
1756 3212 1835 3277 ",
1875 3220 1959 3266 at—

380 3316 491 3357 aue
533 3315 645 3370 per
673 3314 800 3355 eum
845 3300 1179 3354 collocutura
1224 3316 1350 3357 esse
1406 3318 1531 3357 cum
1586 3303 1849 3370 Phraota,
1902 3304 1958 3358 id

378 3389 529 3455 enim
573 3388 741 3445 Indiae
783 3390 902 3461 regi
955 3405 1156 3445 nomen
1191 3390 1383 3447 fuisse.
1434 3391 1643 3464 Nempe
1673 3396 1766 3467 qui
1795 3395 1958 3466 paulo

381 3490 532 3549 ante,
588 3483 890 3539 secundum
944 3482 1442 3550 Philostratum",
1495 3487 1806 3557 linguarum
1839 3501 1959 3541 om-.

379 3576 538 3634 nium
567 3583 688 3637 erat
718 3576 1169 3642 callentissimus,
1195 3578 1308 3648 jam
1326 3580 1484 3649 juxta
1513 3579 1764 3634 eumdem
1790 3579 1960 3634 iuter-
1986 3560 2028 3617 ο

379 3677 534 3739 prete
573 3668 743 3725 habet
792 3686 951 3741 opus.
1007 3669 1072 3724 Et
1108 3687 1329 3726 rursum
1377 3672 1470 3742 qui
1508 3687 1574 3728 ea
1617 3671 1789 3738 novit,
1837 3686 1959 3741 quae

381 3760 567 3815 animo
590 3760 841 3817 homines
869 3769 1126 3832 premunt
1150 3769 1205 3817 et
1233 3767 1447 3816 tantum
1482 3776 1594 3816 non
1631 3768 1691 3815 ut
1724 3759 1868 3816 Deus
1894 3760 1960 3814 il-

380 3856 585 3920 lorum,

457 3968 599 4029 Huti
626 3976 706 4024 est
739 3971 1034 4038 concipiens
1057 3971 1295 4024 animum
1327 3986 1610 4041 sensusque
1638 3971 1881 4031 tacentis,

372 4082 488 4152 jam
535 4097 635 4152 per
664 4083 1041 4156 interpretem,
1078 4098 1188 4154 quo
1218 4085 1368 4139 victu
1393 4100 1489 4149 rex
1536 4091 1743 4148 utatur,
1780 4084 1952 4139 inter-

1138 2630 1249 2684 illis
1310 2638 1490 2685 tamen
1535 2628 1667 2701 quid
1714 2646 1779 2685 ex
1824 2630 2156 2689 abstinentia
2223 2631 2293 2685 ab
2351 2629 2724 2686 animantibus
2776 2631 3047 2691 commodi
3090 2634 3385 2709 provenire
3445 2635 3614 2706 possit,

2584 2840 2976 2894 ΚΕΦΑΛΑΙΟΝ
3016 2842 3113 2895 IA'.

2149 2930 2271 2984 Ἐπὶ
2342 2930 2553 2995 τούτοις
2599 2933 2629 2984 6
2673 2930 3068 3004 Φιλόστρατος,
3126 2933 3155 2985 6
3193 2931 3429 3005 τάληθὲς
3477 2934 3621 3004 τιμᾷν

2065 3021 2202 3093 πρὸς
2236 3020 2330 3075 τοῦ
2370 3040 2389 3073 ι
2419 3022 2753 3094 Φιλαλήθους
2787 3042 2805 3074 ι
2862 3023 3361 3095 μεμαρτυρημένοις
3386 3024 3515 3097 (95),
3536 3026 3621 3094 ὅρα

2062 3114 2164 3185 τῆς
2195 3114 2453 3187 ἀληθείας
2487 3116 2650 3168 ὁποῖα
2678 3114 2952 3183 δείγματα
2996 3116 3321 3188 παρίστησι.
3356 3118 3622 3187 Γενόμενον

2065 3210 2194 3280 παρ’
2232 3208 2413 3273 Ἰνδοῖς
2454 3209 2546 3262 τὸν
2592 3207 2944 3261 Ἀπολλώνιον
2986 3210 3440 3281 παραστήσασθαι
3481 3226 3622 3280 φησιν

2064 3301 2307 3373 ἑρμηνέα
2330 3342 2345 3366 ,
2385 3302 2480 3355 καὶ
2521 3301 2588 3355 δι’
2638 3300 2802 3354 αὐτοῦ
2839 3300 3328 3371 προσδιαλέγεσθαι
3381 3301 3621 3373 Φραώτῃ.

2063 3392 2222 3447 τοῦτο
2258 3393 2302 3447 δ’
2345 3390 2484 3447 εἶναι
2530 3392 2608 3464 τῷ
2643 3391 2852 3463 βασιλεῖ
2874 3392 2983 3446 τῶν
3019 3390 3191 3445 Ἰνδῶν
3230 3393 3426 3464 δνομα.
3469 3393 3568 3447 Καὶ
3598 3393 3623 3445 6

2068 3486 2247 3558 μικρῷ
2277 3485 2529 3558 πρόσθεν,
2562 3489 2679 3539 κατ’
2707 3486 2889 3549 αὐτὸν,
2922 3484 3112 3539 πασῶν
3145 3486 3409 3553 γλωττῶν
3447 3486 3621 3554 ξυνεὶς,

2062 3580 2156 3633 νῦν
2185 3576 2275 3644 αὖ,
2298 3579 2439 3633 κατὰ
2469 3579 2560 3632 τὸν
2595 3578 2776 3644 αὐτὸν,
2802 3577 3085 3651 ἑρμηνέως
3114 3578 3305 3633 δεῖται.
3345 3580 3456 3634 Καὶ
3484 3577 3624 3631 πάλιν

2060 3671 2089 3723 6
2119 3670 2189 3725 τὰ
2219 3669 2361 3727 κατὰ
2400 3669 2633 3734 διανοίας
2667 3669 2776 3741 (94)
2807 3668 3107 3741 ἀνθρώπων
3130 3669 3314 3737 εἰδὼς,
3342 3672 3434 3725 καὶ
3463 3687 3624 3742 μονον-

2062 3765 2181 3835 ουχὶ
2214 3763 2357 3819 κατὰ
2379 3763 2471 3817 τὸν
2504 3763 2634 3836 παρ’
2665 3764 2849 3826 αὐτοῖς
2877 3761 3006 3816 Θεὸν
3042 3762 3177 3836 (95),

2116 3964 2328 4034 Κωφοῦ
2366 3982 2431 4019 τε
2459 3963 2703 4031 ξυνιεὶς,
2744 3964 2839 4017 καί
2874 3967 2945 4018 οὐ
2976 3964 3318 4032 λαλοῦντος
3343 3962 3595 4026 ἀκούων,

2061 4081 2224 4134 ὁποία
2247 4081 2332 4144 τίς
2364 4079 2452 4150 εἴη
2485 4078 2562 4150 τῷ
2596 4078 2805 4158 βασιλεῖ
2833 4078 2897 4132 δι’
2925 4077 3207 4150 ἑρμηνέως
3234 4079 3417 4149 ἐρωτᾷ
3444 4077 3620 4139 δίαιτα,

446 4236 495 4272 ’⁸
532 4238 626 4293 lib.
662 4251 726 4293 lt.
799 4237 846 4270 ³⁸
885 4239 978 4296 lib.
1017 4254 1079 4306 tl,
1122 4254 1176 4295 c.
1212 4240 1269 4293 4.
1345 4240 1389 4271 ³¹
1433 4238 1527 4294 lib.
1563 4253 1634 4303 ιι,
1670 4254 1722 4293 c.
1758 4239 1812 4293 7.
1888 4239 1934 4270 ³⁸

2108 4254 2182 4304 ιι,
2215 4254 2265 4293 c.
2300 4237 2391 4292 26.
2466 4238 2512 4270 ³³
2548 4237 2644 4293 lib.
2683 4254 2732 4304 ι,
2768 4253 2819 4296 c.
2858 4237 2944 4293 19.

398 4374 403 4379 ’
448 4397 561 4479 (θθ)
609 4396 911 4479 Ἑξαίροις.
944 4394 1024 4450 lta
1072 4396 1244 4451 malui
1307 4410 1471 4467 quam
1530 4395 1759 4467 ἑτέροις,
1809 4394 1958 4466 quod

373 4476 492 4524 erat
530 4469 581 4521 in
621 4466 803 4525 editis.
1334 4466 1337 4467 ⁷
1626 4466 1631 4467 “

448 4537 575 4610 (91),
608 4539 706 4610 Ἐς
738 4536 920 4610 οὐδὲν
948 4541 1034 4605 ὁρ.
1078 4537 1420 4605 προὸαῒνον,
1461 4534 1600 4610 Male
1637 4534 1957 4592 Philostrati

2067 4402 2123 4450 et
2154 4393 2275 4467 θεόν
2303 4395 2433 4467 ipse
2477 4393 2632 4450 Plato
2683 4395 2997 4467 frequenter
3033 4395 3289 4466 appellat.
3329 4394 3398 4450 Et
3432 4391 3620 4467 Appleij

2066 4467 2135 4520 de
2163 4466 2264 4521 deo
2297 4461 2540 4520 socratis
2582 4467 2718 4520 liber
2749 4461 2947 4529 eislat,
2982 4461 3206 4520 hoé'est
3246 4468 3398 4535 Περὶ
3419 4461 3621 4535 ratirati

2066 4535 2417 4605 Σωκράτους
2429 4535 2757 4607 δαιμονίου,
2774 4547 2827 4590 ιιι
2845 4536 3171 4591 Plutarchus
3182 4545 3235 4590 et
3255 4534 3519 4591 Maximus
3532 4534 3622 4605 Ty-

372 4607 507 4698 ειὶξιί
540 4607 626 4672 ’ὡς
671 4609 946 4663 habebant
974 4623 1072 4678 pro
1106 4610 1266 4698 ég,.et
1296 4607 1958 4698 _1rpoa6aivovhpr0lgtpo-‘-

2072 4607 2183 4687 rius
2220 4621 2351 4698 suos
2373 4608 2735 4690 inscripsere.
2777 4607 2851 4661 Et‘
2878 4607 3022 4661 hunc
3061 4609 3178 4698 sJive
3217 4607 3381 4661 deum
3415 4608 3525 4662 sive
3549 4621 3620 4675 ge-

374 4681 580 4741 ϐαῖνον,
631 4694 794 4749 quam
851 4677 1141 4748 utramque
1186 4677 1474 4735 lectionem
1527 4694 1595 4734 ex
1645 4677 1881 4733 Eusebio
1904 4684 1961 4733 et

374 4767 511 4807 mss.
537 4751 831 4820 rejecimus
847 4763 960 4820 _s_uo
986 4749 1126 4806 loco.

445 4821 558 4893 (θεοὶ)
582 4816 791 4889 ,λέγω
846 4816 1158 4893 verissima
1197 4820 1385 4884 lectio,
1423 4833 1589 4890 quam
1624 4819 1959 4893 solatamen

372 4889 890 4963 conjecturaiducti
920 4891 1289 4963 Arestituimus
1327 4910 1351 4963 ι
1392 4889 1520 4945 nam
1570 4890 1703 4945 editi
1759 4889 1962 4943 habent

370 4961 536 5035 λόγῳ,
574 4962 725 5035 (ιιιοᾴ
756 4961 969 5035 incuria
997 4962 1393 5035 ‘anianuensis
1417 4968 1608 5015 natum
1655 4976 1724 5035 οῖς
1758 4975 1960 5035 praece-

371 5028 535 5089 dente
567 5028 824 5104 proximo
845 5031 964 5104 loco
996 5030 1161 5104 λόγῳ.
1196 5031 1635 5104 Undeiteratum
1666 5028 1809 5101 λόγῳ
1839 5028 1959 5083 fru~

372 5112 489 5161 stra
512 5100 636 5161 esse
659 5104 750 5157 alii
776 5102 1067 5171 suspicati,
1087 5100 1246 5171 plane
1263 5102 1521 5163 omisere,
1543 5100 1960 5171 indeque’porro

373 5174 606 5229 formam
635 5169 907 5243 inﬁnitain
945 5173 1000 5243 in
1032 5169 1422 5241 subjunctivam
1452 5169 1756 5243 mutavere,
1787 5169 1959 5235 ξυνοί-

374 5261 520 5298 σειεν
565 5241 815 5316 legentes
837 5258 936 5313 pro
970 5241 1257 5308 ξυνοίσειν,
1301 5259 1422 5314 quae
1460 5244 1573 5313 jam
1608 5242 1734 5298 inde
1763 5257 1957 5297 corru-

373 5317 531 5389 ptela;
575 5315 841 5389 lliilstenii
877 5323 1478 5389 teglumioceupavere.

443 5387 560 5510 (93;
595 5387 752 5456 Πρὸς
807 5402 859 5440 τ.
916 5387 1128 5440 Φιλαλ.
1183 5381 1510 5456 μεμαρτυρ,
1589 5381 1726 5440 Vide
1784 5398 1952 5454 supra

443 5471 491 5510 ι).
565 5496 579 5510 .

371 5471 491 5525 cap.
524 5471 579 5510 z.

445 5526 557 5591 (9i)
609 5529 665 5580 Ὀ
700 5527 772 5581 τὰ
805 5526 955 5581 κατὰ
986 5527 1275 5594 διανοίας.
1317 5526 1513 5581 Verior
1550 5526 1665 5581 hate
1693 5524 1951 5580 editionis

372 5592 741 5653 linisteniana:
771 5599 932 5652 lectio
957 5608 1061 5654 est.
1096 5592 1241 5653 Nam
1264 5598 1438 5653 Aldus
1465 5606 1520 5653 et
1549 5597 1807 5653 Morellus
1839 5595 1954 5652 edi-

370 5664 565 5722 derant
585 5669 615 5719 6
638 5669 780 5722 κατὰ
803 5668 1059 5721 διάνοιαν.

444 5738 556 5810 (95)
596 5738 771 5810 Κατὰ,
788 5737 892 5791 τόν
923 5742 1061 5810 παρ’
1086 5739 1290 5806 αὐτοῖς
1314 5738 1481 5793 Θεόν.
1507 5736 1756 5810 Verterat
1786 5738 1953 5810 inter-

369 5808 709 5879 pres,’quasi
745 5808 887 5861 Deus
916 5809 1025 5861 illis
1051 5810 1263 5873 insitus,
1296 5825 1359 5863 ac
1392 5811 1435 5865 si
1460 5808 1679 5879 genium
1702 5808 1949 5879 homini-

369 5878 472 5942 bus
504 5877 736 5949 singulis
777 5879 1115 5946 adjunctum,
1163 5877 1521 5948 μυπαγωγὸν
1558 5878 1651 5932 τοῦ
1689 5878 1802 6004 ρίου
1840 5877 1950 5931 Eu-

371 5950 557 6004 sebius
582 5949 974 6004 intellexisset:
1002 5963 1162 6004 quem
1187 5964 1300 6004 non
1327 5950 1599 6004 δαιμόνιον
1622 5964 1685 6004 so
1710 5964 1824 6004 um.
1852 5948 1945 6004 sed

371 5950 557 6019 sebius
582 5948 974 6017 intellexisset;
1002 5963 1162 6016 quem
1187 5964 1300 6017 non
1327 5950 1599 6020 δαιμόνιον
1622 5948 1824 6019 solum,
1852 5948 1945 6011 sed

2065 4677 2232 4739 nium,
2266 4677 2525 4730 arbitrum
2574 4680 2805 4731 omnium
2847 4695 2950 4731 non
2981 4678 3132 4731 modo
3167 4688 3432 4740 acturum,
3467 4691 3619 4731 rerum

2062 4751 2228 4803 etiam
2260 4748 2639 4817 cogitationum
2680 4749 2943 4818 Apuleius
2985 4756 3163 4809 vocat,
3207 4764 3375 4817 quem
3410 4749 3463 4802 in
3504 4744 3620 4818 ipsis

2065 4816 2407 4888 penitissimis
2435 4819 2693 4872 mentibus
2723 4816 2829 4873 uice
2853 4820 3186 4878 conscientia:
3210 4816 3474 4873 diversari
3496 4816 3621 4871 allir-

2065 4898 2199 4953 mat,
2241 4905 2401 4960 quem
2432 4889 2779 4960 domesticum
2819 4892 3223 4959 speculatorem,
3269 4890 3620 4960 intimumfo-

2063 4955 2342 5030 gnitorem,
2376 4959 2705 5014 individuum
2734 4955 2991 5014 arbitrum
3024 4960 3279 5030 appellat.
3306 4957 3505 5015 Verum
3522 4955 3617 5030 Etl-

2058 5028 2249 5086 ‘Sebius
2275 5031 2377 5085 hoc
2405 5031 2525 5085 loco
2547 5047 2650 5085 non
2673 5032 2901 5101 genium,
2926 5032 3019 5086 sed
3043 5028 3350 5101 Apollinth
3371 5028 3617 5101 intelligit,

2061 5103 2223 5170 cuius
2254 5102 2358 5156 hoc
2387 5102 2533 5170 quod
2555 5098 2804 5171 sequitur
2832 5098 3112 5156 oraculum
3135 5100 3277 5170 apud
3308 5098 3616 5171 Herodotum

2061 5166 2157 5225 lib.
2186 5188 2226 5239 ι,
2264 5189 2318 5243 p.
2353 5166 2531 5243 “Ade
2581 5166 2702 5243 ipso
2754 5173 2996 5243 Apolline
3047 5166 3617 5243 proferturtiMeminit

2058 5243 2182 5311 ejus
2213 5238 2387 5298 etiam
2421 5238 2811 5298 Tertul'lianus'
2836 5244 2931 5297 lib.
2966 5238 3239 5308 De'orat.,
3263 5256 3315 5297 c.
3349 5241 3455 5295 15:
3493 5238 3613 5292 Dm

2061 5324 2238 5368 autem
2267 5330 2369 5367 non
2400 5315 2538 5368 vocis
2571 5313 2662 5368 sed
2697 5315 2871 5369 cordis
2905 5314 3118 5367 auditor
3145 5323 3223 5368 est
3252 5312 3392 5365 sicut
3419 5322 3612 5376 conspe-

2058 5394 2195 5441 cwr.
2230 5384 2565 5438 Harmoniam
2603 5386 2808 5438 oraculi
2845 5384 3029 5455 Pythii
3058 5392 3112 5455 et
3143 5391 3359 5439 mutum
3398 5378 3615 5455 intelligo

2058 5464 2113 5509 et
2135 5471 2247 5509 non
2280 5456 2588 5524 loquentem
2612 5455 2811 5519 audio,
2856 5450 3042 5522 inquit.
3083 5453 3255 5523 Cujus
3311 5450 3613 5524 auctoritate

2058 5540 2276 5580 versum
2310 5517 2455 5579 hunc
2495 5527 2568 5580 ita
2613 5517 2848 5591 reddidi,
2888 5517 3029 5578 Muli
3054 5517 3373 5593 concipiens,
3402 5530 3504 5578 etc.
3528 5517 3615 5571 ln—

2056 5602 2271 5666 terpres
2305 5615 2319 5651 :
2355 5593 2515 5650 Surdi
2545 5599 2839 5665 concipiens
2868 5597 3104 5649 animum
3129 5596 3430 5666 pariterque
3460 5602 3610 5644 tacen-

2059 5664 2399 5759 tisi'luferiuls
2430 5666 2570 5759 (cap.
2603 5664 2714 5754 fit);
2736 5667 2877 5759 idlqu
2911 5667 3193 5759 repetitur.
3228 5664 3500 5759 "passes;

2127 5737 2331 5808 Nempe
2351 5739 2380 5791 6
2404 5732 2533 5808 παρ¹⁵
2560 5732 2742 5802 αὐτοῖς
2764 5738 2896 5820 Θεός
2915 5732 3019 5798 est,
3044 5736 3295 5818 quiapud
3318 5737 3455 5817 ipsos
3479 5732 3614 5857 (ﬁen-

2127 5825 2184 5857 es
2214 5824 2429 5857 nemne-
2464 5817 2518 5857 et
2553 5810 2900 5857 adversarios
2930 5807 3151 5857 Eusebii
3181 5821 3470 5857 immunis.
3544 5814 3611 5856 te-

2056 5807 2184 5866 tiles
2213 5806 2429 5877 nempe,
2464 5806 2518 5863 et
2553 5810 2900 5871 adversarios
2930 5807 3151 5877 Eusebii
3181 5806 3470 5877 imprimis,
3501 5806 3611 5857 Hie-

2057 5881 2287 5949 roclem,
2322 5875 2618 5936 Eusebium
2650 5889 2705 5936 et
2728 5879 3012 5951 reliquos),
3043 5875 3274 5932 habetur
3288 5875 3451 5935 Deus.
