3830 6260
272 407 358 467 83!
1328 416 1335 429 ι
1367 382 1569 439 LIBER
1604 379 1883 439 CONTRA
1920 371 2337 433 HIEROCLEM.
3369 367 3472 423 ω

270 516 490 595 ἡγεμόνα
529 527 586 565 τε
618 509 758 578 ἀξιοῖ
789 507 886 579 τῆς
927 507 984 570 ὲς
1015 502 1612 595 Βραχμᾶναςῌπορείας
1655 498 1796 569 γενέ-

1910 503 2084 567 rogat.
2139 492 2342 548 Ducem
2391 490 2520 545 item
2568 487 2803 558 aliquem
2844 485 2947 542 viae
2994 484 3063 541 ad
3102 483 3468 541 Brachmanas

273 573 380 669 ἓθαί
408 606 504 662 τιν’
534 573 698 672 αὐτῷ.
739 573 856 655 Καὶ.
889 573 1088 671 μεταξῖ)
1122 573 1280 667 όῃμὲν
1311 593 1417 647 τῶν
1456 592 1628 647 Ἰνδῶν
1655 591 1796 661 βασι-

1910 585 2012 640 sibi
2040 584 2159 639 dari
2183 597 2293 638 non
2317 579 2500 635 renuit
2524 577 2588 631 “.
2622 575 2832 632 Interea
2864 574 3119 632 Indorum
3144 590 3239 631 rex
3261 575 3328 638 ⁸⁸,
3352 573 3472 629 bar-

269 666 403 766 λεῦς,
448 699 538 752 καὶ
574 666 746 748 ταθτα
794 666 1065 763 βάρϐαρος
1110 666 1193 741 ὢν
1230 686 1326 758 τὴν
1363 684 1545 753 φύσιν,
1577 683 1668 737 τὸν
1710 684 1796 755 ὲρ-

1913 678 2084 733 barus
2117 675 2247 730 licet
2277 671 2575 733 natalibus,
2616 669 2915 739 interprete
2955 668 3137 723 subito
3192 666 3466 731 submoto,

271 758 427 866 μηνέα
483 786 721 842 ἐκποδὼν
778 758 1278 856 μεταστησάμενος,
1342 777 1551 832 Ἑλλάδι
1611 777 1796 848 χρῆται

1910 767 2093 823 Graece
2120 782 2245 822 cum
2272 765 2393 836 ipso
2430 765 2693 835 loquitur,
2720 762 2985 818 doctrinae
3009 769 3174 830 atque
3202 758 3469 813 eruditio-

269 848 387 958 ἓιρδς
432 880 587 937 αὑτὸν
632 881 699 949 τῇ
744 848 950 947 ὁμιλία,
998 848 1242 927 παιδείαν
1292 869 1386 923 καὶ
1440 867 1796 939 πολυμάθειαι

1910 861 1997 916 nis
2030 860 2199 915 edens
2228 864 2570 928 argumenta.
2625 853 2946 924 Apollonius
2989 866 3120 907 vero
3145 864 3215 905 ne
3240 849 3321 904 sic
3347 848 3469 917 qui-

268 936 644 1043 ένδείκνύμενος
733 936 856 1023 δ’δὲ
892 936 999 1020 ουδ’
1036 968 1145 1032 ὣς,
1170 966 1253 1018 ὅτι
1285 964 1348 1034 δὴ
1383 963 1475 1016 καὶ⁵
1515 936 1677 1024 αὐτὸς
1706 959 1796 1029 τῆς

1910 950 2050 1014 dem,
2086 957 2146 1003 ut
2173 953 2247 1019 jse
2276 962 2493 1019 quoque
2524 945 2762 1001 vicissim
2805 944 2999 1014 linguae
3031 956 3152 1013 quae
3205 938 3346 1012 apud
3380 936 3467 991 ln-

267 1072 381 1144 mp‘
411 1036 588 1129 αὐτοῖς
611 1065 709 1119 οὐκ
743 1061 967 1135 ἀμαθῶς
1005 1060 1117 1132 εχοι
1151 1059 1353 1130 φωνῆς,
1384 1057 1501 1111 δέον
1534 1053 1796 1124 ἀντεφιλο-

1910 1041 2007 1097 dos
2037 1040 2324 1103 obtineret.
2367 1040 2603 1109 peritum
2660 1036 2994 1099 ostenderet,
3024 1041 3237 1098 contra,
3266 1038 3327 1087 ut
3369 1044 3468 1100 par

262 1129 514 1234 τιμήσατο
564 1154 693 1229 (96).
785 1129 797 1135 ”
1034 1129 1065 1132 ”
1292 1129 1295 1130 ί

1910 1138 2044 1195 erat,
2077 1129 2381 1186 contendit.

731 1264 1124 1321 ΚΕΦΑΛΑΙΟΝ
1178 1263 1278 1317 1Ε’.

2188 1258 2193 1263 ι
2403 1236 2563 1307 522
2597 1230 2826 1290 CAPUT
2865 1228 2980 1286 xv.

334 1383 484 1438 Ἀλλά
530 1384 622 1436 καὶ
668 1380 953 1442 λαλοῦντος
992 1375 1198 1431 Ἐλλάδι
1235 1373 1446 1445 γλώττῃ
1485 1371 1578 1426 τοῦ
1618 1370 1804 1435 Ἰνδοῦ,

258 1475 630 1546 δκπλήττεται,
744 1488 906 1544 φησιν
944 1471 973 1524 ό
1002 1469 1381 1538 Φιλόστρατος,
1420 1465 1705 1529 ἀκόλουθα,
1733 1467 1807 1529 ὡς

257 1572 435 1635 ἔοικεν,
468 1566 645 1638 ἐαυτῷ
673 1566 920 1637 γράφων.
952 1564 1076 1627 Πῶς
1118 1561 1227 1633 γὰρ
1271 1559 1336 1615 ἂν
1378 1558 1682 1631 ἐξεπλάγη,
1732 1559 1805 1629 μὴ

256 1661 363 1731 οὐχὶ
391 1656 664 1733 βάρϐαρον
705 1655 928 1727 οἰηθεὶς,
961 1658 1053 1708 κα)⁵
1101 1654 1384 1723 θαυμάσας
1418 1651 1530 1720 (9T)
1557 1668 1571 1715 ;
1606 1650 1700 1703 καὶ
1728 1649 1807 1701 ὅτι

254 1750 311 1820 δὴ
332 1748 416 1803 τὸν
446 1748 686 1802 τοιοῦτον
716 1744 776 1799 οὗ
811 1743 926 1797 ποτ’
950 1744 1015 1797 ἂν
1047 1742 1349 1812 Έλληνίσαι
1375 1738 1805 1812 προσεδόκησενς

254 1836 364 1903 εἶθ’,
404 1838 593 1910 ὥσπερ
629 1854 682 1889 τι
718 1834 1009 1905 παραδόντι
1063 1830 1361 1903 παράδοξον
1402 1829 1804 1897 καταπλαγεὶς,

253 1931 418 1986 καὶτὸ
443 1929 637 1983 τούτου
668 1927 747 1981 ἔτι
792 1927 901 1999 (98)
947 1924 1154 1994 ἀγνοῶν
1208 1924 1397 1985 αἴτιον,
1433 1942 1452 1975 ι
1496 1922 1629 1976 Εἰπέ
1676 1938 1800 1992 μοι,

250 2025 343 2095 ἔφη
372 2026 400 2078 ό
432 2020 807 2084 Ἀπολλώνιος,
872 2014 917 2072 ὦ
980 2016 1220 2089 βασιλεῦ,
1257 2015 1419 2070 πόθεν
1450 2014 1622 2080 οὕτως
1662 2016 1803 2085 ἔχεις

250 2113 420 2183 φωνῆς
472 2112 762 2175 Ἐλλάδος·;
820 2110 1104 2179 Φιλοσοφία
1157 2125 1217 2161 τε
1275 2109 1308 2180 ή
1354 2108 1479 2179 περὶ
1530 2108 1588 2160 σὲ
1642 2108 1804 2162 πόθεν

251 2202 501 2267 ὲνταῦθα;
537 2203 661 2255 οὐδὲ
692 2202 799 2271 γάρ
840 2203 899 2262 ὲς
930 2199 1312 2261 διδασκάλους,
1364 2194 1515 2269 οἶμαί
1550 2214 1635 2266 γε,
1676 2200 1804 2252 ἀνα-

247 2292 451 2363 φέρεις,
484 2293 611 2344 ἐπεὶ
644 2294 717 2364 μὴ
748 2288 886 2344 εἶναι
930 2290 1108 2353 Ἰνδοῖς
1138 2289 1285 2352 είκὸς
1308 2289 1420 2359 (99)
1457 2288 1804 2353 διδασκάλους

244 2384 441 2438 τούτου.
473 2405 492 2438 ι
542 2379 712 2439 Αὗται
752 2385 808 2437 αἱ
853 2381 1140 2455 παράδοξοι
1173 2380 1266 2434 τοῦ
1297 2380 1473 2435 πάντα
1499 2377 1803 2452 προγνώσει

243 2475 569 2547 διειληφότος
615 2476 809 2546 φωναὶ,
857 2475 924 2539 ἃς
955 2476 983 2528 ό
1018 2472 1268 2544 βασιλεὺς
1302 2470 1676 2543 ἀμειδόμενος.
1722 2471 1801 2523 ὅτι

243 2582 297 2619 τε
326 2567 475 2638 σχοίη
516 2550 891 2629 διδασκάλους,
929 2564 1022 2617 καὶ
1062 2564 1254 2626 οἵτινες
1304 2558 1468 2627 οὗτοι,
1510 2561 1716 2615 ἕκαστά
1740 2577 1801 2614 τε

216 2656 498 2729 ’πατρόθεν
527 2656 639 2711 τῶν
674 2658 799 2728 περὶ
835 2656 995 2712 αὐτὸν
1035 2654 1450 2729 ξυμϐεϐηκότων
1479 2654 1691 2728 φράζει.

356 3023 361 3029 φ
744 2950 1135 3003 ΚΕΦΑΛΑΙΟΝ
1176 2950 1290 3017 ις’.

299 3029 434 3091 Εἶτα
458 3040 558 3093 καί
583 3057 690 3093 τισι
715 3039 809 3093 τοῦ
840 3039 1001 3094 Ἰνδοῦ
1027 3038 1334 3105 δικάζοντος
1366 3037 1494 3110 περί
1525 3037 1798 3110 θησαυροῦ

1977 1352 2075 1409 Ast
2100 1362 2153 1409 et
2183 1351 2315 1407 Indo
2344 1349 2528 1407 Graece
2566 1352 2822 1422 loquente
2864 1348 3167 1420 obstupuit,
3197 1355 3257 1402 ut
3281 1346 3467 1401 Philo-

1907 1450 2111 1499 stratus
2148 1450 2399 1506 testatur,
2432 1441 2639 1497 scilicet
2661 1448 3026 1495 consentanea
3055 1436 3157 1492 sibi
3191 1435 3293 1506 ipsi
3322 1435 3463 1489 scri-

1906 1536 2058 1591 bens.
2095 1536 2233 1603 Quid
2264 1536 2407 1590 enim
2451 1534 2752 1604 obstupuit,
2785 1533 2831 1586 si
2866 1530 3157 1586 barbarum
3203 1541 3310 1581 non
3342 1540 3466 1580 esse

1909 1627 2148 1696 putavit,
2181 1626 2344 1697 idque
2375 1626 2445 1681 ob
2476 1626 2653 1697 ipsum
2683 1621 2966 1693 suspexit?
2994 1618 3059 1673 Et
3098 1632 3200 1673 cur
3225 1630 3465 1686 quacun-

1908 1736 2014 1791 que
2046 1736 2104 1775 re
2134 1728 2343 1774 tantum
2372 1718 2548 1774 virum
2572 1716 2791 1772 Graecos
2834 1713 3167 1769 imitaturum
3198 1724 3319 1765 esse
3355 1721 3464 1762 non

1908 1813 2240 1883 exspectavit
2269 1811 2486 1883 potius?
2535 1808 2727 1872 Porro,
2757 1806 2914 1877 quasi
2952 1818 3041 1858 res
3084 1803 3243 1873 plane
3264 1799 3465 1867 singu-

1910 1904 2039 1959 laris
2071 1904 2138 1959 ab
2180 1918 2246 1958 eo
2283 1902 2386 1957 sibi
2429 1900 2611 1955 oblata
2658 1908 2826 1967 esset,
2867 1897 3093 1967 ejusque
3152 1889 3463 1946 adhucdum

1904 1999 2162 2070 ignorans
2194 2004 2415 2051 causam
2435 2013 2484 2060 ι,
2535 1992 2703 2059 Cedo,
2767 2007 2800 2046 ο
2847 2005 2962 2056 rex,
3012 1987 3190 2057 inquit
3241 1983 3466 2053 Apollo—

1903 2089 2110 2153 nius“,
2145 2087 2289 2143 unde
2320 2102 2383 2143 ea
2424 2086 2520 2141 tibi
2570 2086 2642 2140 sit
2693 2081 2895 2138 Graecas
2942 2082 3139 2151 lingua:
3191 2075 3467 2131 facultas?

1903 2178 2252 2248 PhiloSOphia
2284 2178 2434 2242 item,
2468 2190 2574 2246 qua
2623 2174 2863 2229 imbutus
2892 2187 2972 2236 es,
3002 2170 3143 2225 unde
3173 2167 3259 2222 his
3286 2167 3468 2238 regio-

1905 2272 2069 2326 nibus
2109 2269 2300 2324 venit?
2341 2283 2519 2339 neque
2563 2266 2729 2329 enim,
2763 2274 2823 2319 ut
2857 2272 3011 2336 puto,
3042 2260 3319 2333 magistris
3344 2272 3463 2314 eam

1903 2364 1960 2418 in
1987 2362 2225 2433 acceptis
2275 2361 2406 2428 fers,
2442 2375 2567 2414 nam
2616 2359 2893 2431 probabile
2932 2356 3077 2411 haud
3116 2365 3199 2411 est
3236 2354 3354 2423 ejus
3384 2353 3464 2408 rei

1902 2454 2195 2524 magistros
2226 2468 2348 2509 esse
2389 2451 2590 2506 Indis.»
2641 2449 2766 2504 Haec
2792 2448 3039 2503 miranda
3069 2456 3196 2504 sunt
3229 2446 3286 2500 in
3319 2446 3459 2509 viro,

1903 2542 2243 2615 praescientia
2277 2543 2458 2596 onmia
2516 2540 2819 2611 complexo,
2875 2538 3069 2593 verba:
3117 2536 3318 2606 quibus
3370 2549 3462 2588 re-

1901 2633 2178 2704 spondens
2231 2647 2361 2695 rex,
2389 2631 2532 2700 quod
2580 2637 2635 2686 et
2668 2635 3030 2700 praeceptores
3074 2626 3347 2690 habuerit,
3406 2632 3462 2681 et

1901 2727 2126 2798 quinam
2176 2726 2254 2781 illi
2310 2724 2510 2779 fuerint
2543 2719 2891 2795 [exponens,]
2940 2721 3118 2775 omnia
3160 2718 3461 2789 sigillatim,

1899 2834 2021 2889 qua
2058 2816 2159 2890 ipsi
2199 2831 2230 2872 a
2258 2812 2529 2871 natalibus
2559 2814 2685 2869 inde
2711 2813 3034 2886 obtigerant,
3068 2810 3288 2882 exponit
3309 2810 3380 2869 ³¹.

2484 2947 2711 3006 CAPUT
2742 2946 2884 3014 XVI,

1972 3045 2101 3103 lnde
2128 3060 2290 3117 porro
2323 3058 2448 3099 cum
2476 3043 2568 3113 jus
2627 3038 2955 3113 quibusdam
3000 3036 3207 3093 diceret
3232 3033 3398 3091 Indus
3419 3033 3463 3067 ³⁸

238 3129 577 3200 φωραθέντος
609 3132 666 3184 ὲν
708 3131 883 3204 ἀγρῷ,
930 3132 1131 3202 πότερα
1162 3130 1240 3202 τῷ
1269 3130 1553 3203 πριαμένῳ
1574 3168 1589 3193 ,
1638 3128 1671 3201 ἢ
1722 3128 1796 3200 τῷ

1910 3141 1969 3195 de
2002 3139 2259 3194 thesauro
2298 3136 2353 3191 in
2396 3150 2528 3206 agro
2560 3140 2797 3205 reperto,
2834 3148 2903 3186 an
2936 3130 3169 3200 emptori
3213 3144 3283 3183 an
3332 3143 3465 3183 ven-

236 3216 292 3267 τὸ
324 3220 522 3291 χωρίον
557 3220 889 3293 ἀποδομένῳ,
925 3221 1041 3275 δέον
1069 3217 1220 3293 οἶμαι
1246 3222 1323 3293 (l)
1351 3220 1559 3284 τοῦτον,
1608 3223 1636 3275 ὁ
1663 3220 1796 3274 πάν-

1910 3230 2063 3287 ditori
2103 3230 2219 3301 agri
2265 3243 2389 3284 eum
2430 3204 2658 3281 reddere
2706 3240 2803 3293 par
2856 3224 2968 3290 sit;
3009 3220 3353 3292 Apollonius,
3407 3219 3463 3271 in

231 3319 335 3370 τως
370 3308 682 3378 φιλόσοφος,
719 3312 811 3363 καὶ¹
844 3311 984 3375 θεοῖς
1016 3310 1437 3382 κεχαρισμένος,
1483 3307 1795 3381 ἐρωτηθεὶς,

233 3396 496 3472 ἐπικρίνει
526 3401 607 3473 τῷ
640 3403 944 3474 πριαμένῳ,
978 3403 1234 3475 λογισμὸν
1263 3403 1325 3474 δὴ
1352 3404 1531 3467 αὐτοῖς
1565 3404 1799 3475 ῥήμασιν

231 3492 502 3545 ίπειπὼψ
538 3513 559 3546 ι
595 3494 682 3559 Ὠς
728 3496 829 3549 οὐκ
870 3494 935 3548 ἂν
976 3498 1024 3549 οἱ
1059 3495 1170 3548 θεοὶ
1206 3495 1296 3548 τὸν
1325 3496 1421 3566 μὲν
1454 3495 1673 3564 ἀφεῖλον
1706 3496 1800 3548 καὶ

232 3582 368 3636 κατὰ
398 3584 501 3656 τὴν
547 3584 650 3655 γῆν
691 3585 798 3653 (2),
853 3585 903 3638 εί
949 3585 1023 3657 μὴ
1065 3584 1265 3655 φαῦλος
1301 3581 1404 3657 ἦν,
1435 3584 1513 3656 τῷ
1552 3584 1596 3638 δ’
1626 3580 1694 3637 αὖ
1723 3584 1797 3655 (5)

231 3677 319 3729 καὶ
346 3677 416 3730 τά
440 3677 552 3731 ὑπὸ
590 3678 693 3748 γῆν
728 3676 945 3741 δοῦναι,
981 3680 1029 3731 εί
1065 3678 1139 3750 μὴ
1174 3678 1397 3749 βελτίων
1427 3673 1495 3749 ἧν
1526 3676 1622 3731 τοῦ
1662 3678 1798 3732 άπο-

228 3765 450 3836 δομένου
478 3808 491 3820 .
521 3787 541 3820 ι
583 3768 670 3832 Ὦς
708 3769 826 3821 κατ’
858 3768 1018 3822 αὐτὸν
1045 3768 1108 3840 δὴ
1150 3767 1507 3838 ξυνάγεσθαι,
1539 3769 1664 3832 τοὺς
1700 3768 1799 3838 μὲν

228 3856 493 3929 εὐπόρους
529 3859 626 3912 καὶ
654 3858 867 3931 πλούτῳ
898 3860 1250 3931 διαφέροντας
1270 3902 1286 3926 ,
1325 3859 1427 3914 κᾶν
1460 3858 1800 3931 αίσχρότατοι

229 3948 318 3999 καὶ
361 3948 768 4002 πανωλέστατοι
820 3951 1173 4021 τυγχάνοιεν,
1217 3949 1663 4022 τρισευδαίμονας
1708 3948 1800 4001 καὶ

227 4035 494 4107 θεοφιλεῖς
540 4040 808 4109 ἡγεῖσθαι,
858 4039 1052 4110 μόνους
1084 4039 1127 4092 δ’
1159 4041 1267 4111 ἄρα
1312 4038 1708 4109 κακοδαίμονάς
1739 4056 1798 4092 τε

227 4127 317 4179 καὶ
360 4128 583 4191 ἀθλίους
627 4129 752 4193 τοὺς
789 4132 1179 4193 πενεστάτους,
1214 4129 1315 4184 κᾶν
1339 4129 1655 4202 Σωκράτης,
1696 4130 1799 4184 κᾶν

226 4220 521 4291 Διογένης,
570 4219 671 4274 κᾶν
713 4221 873 4285 αὐτὸς
913 4222 1118 4285 ἐκεῖνος
1154 4221 1477 4293 Πυθαγόρας
1521 4221 1797 4296 τυγχάνῃ,

227 4307 331 4363 κᾶν
364 4311 549 4376 ἄλλος,
592 4312 645 4365 οἱ
684 4313 898 4366 πάντων
916 4313 1124 4385 ἀνδρῶν
1154 4313 1583 4386 σωφρονέστατοι
1614 4329 1674 4365 τε
1707 4313 1801 4366 καὶ

224 4402 645 4457 ἐπιεικέστατοι.
677 4406 834 4458 Εἴποι
875 4405 981 4476 γάρ
1017 4405 1082 4459 άν
1125 4423 1209 4469 τις
1248 4406 1513 4477 ἑπόμενος
1550 4406 1628 4476 τῷ
1660 4405 1802 4477 λόγῳ

227 4492 301 4563 μὴ
351 4492 420 4547 ἂν
471 4495 595 4547 κατ’
624 4495 784 4547 αὐτὸν
833 4496 959 4558 τοὺς
1008 4494 1162 4558 θεοὺς
1208 4495 1332 4559 τοὺς
1381 4495 1482 4566 μὲν
1541 4495 1798 4566 πένητας,

1901 3318 2155 3375 omnibus
2180 3315 2487 3389 phil050phi
2534 3328 2666 3369 usus
2697 3311 2971 3374 acumine,
3007 3309 3222 3379 diisque
3252 3307 3467 3362 charis-

1901 3413 2092 3478 simus,
2130 3409 2456 3466 sententiam
2496 3406 2587 3461 ubi
2617 3413 2763 3460 esset
2790 3404 3182 3472 interrogatus,
3214 3399 3453 3470 emptori

1900 3520 2024 3559 eum
2049 3502 2278 3565 addixit,
2312 3499 2524 3553 ratione
2547 3497 2613 3552 ad
2648 3495 2871 3551 verbum
2896 3494 2999 3547 hac
3020 3492 3237 3547 addita:
3275 3491 3460 3556 «Quod

1899 3589 1975 3643 dii
2007 3586 2263 3643 vendenti
2332 3584 2751 3654 haudquaquam
2797 3580 3027 3651 agellum
3053 3579 3220 3634 etiam
3258 3578 3462 3633 fuerint
3510 3622 3515 3629 .

1899 3677 2225 3747 adempturi,
2261 3675 2543 3745 improbus
2586 3673 2691 3727 nisi
2734 3673 2825 3738 sit,
2864 3671 3096 3740 emptori
3123 3684 3256 3724 vero
3286 3670 3455 3725 vicis-

1898 3767 2004 3825 sim
2033 3766 2256 3821 latentia
2289 3765 2452 3821 etiam
2491 3764 2595 3821 sub
2623 3771 2766 3818 terra
2798 3762 2938 3816 bona
2972 3761 3309 3825 concessuri,
3353 3760 3460 3815 nisi

1898 3859 2170 3915 vendente
2202 3857 2274 3913 sit
2305 3858 2461 3928 longe
2486 3856 2732 3911 melior.)
2774 3852 2843 3908 Ut
2872 3852 3027 3921 juxta
3060 3852 3210 3906 illum
3237 3852 3462 3906 conclu-

1899 3950 2143 4006 dendum
2198 3950 2291 4013 sit,
2335 3963 2430 4003 eos
2463 3947 2556 4018 qui
2589 3946 2783 4016 opibus
2813 3943 3062 4011 afﬂuunt,
3097 3950 3465 4013 praestantqne

1899 4041 2127 4106 divitiis,
2159 4055 2471 4111 quanquam
2504 4037 2791 4094 fmdissimi
2823 4038 2933 4093 sint
2989 4042 3043 4091 et
3089 4036 3462 4106 perditissimi,

1899 4150 1999 4204 pro
2057 4142 2138 4188 ter
2169 4134 2342 4189 beatis
2390 4143 2594 4200 tamen,
2645 4130 2866 4201 Deoque
2919 4130 3296 4187 dilectissimis
3339 4143 3467 4184 esse

1902 4224 2209 4281 habendos:
2265 4224 2510 4280 infelices
2546 4229 2726 4278 autem
2780 4224 3126 4293 miserosque
3162 4221 3311 4277 solos
3344 4234 3467 4275 esse

1901 4331 2017 4380 eos,
2074 4315 2168 4387 qui
2216 4331 2341 4370 cum
2395 4322 2713 4386 paupertate
2770 4316 3007 4370 maxime
3059 4312 3464 4373 conflictentur,

1902 4408 2029 4461 licet
2064 4405 2345 4461 Socratem
2387 4407 2567 4476 ipsum
2621 4404 2707 4460 vel
2757 4405 3013 4472 maxime,
3050 4419 3114 4458 ac
3149 4402 3463 4472 Diogenem,
3569 4437 3577 4447 .

1906 4498 2195 4569 ipsumque
2224 4499 2390 4552 etiam
2417 4496 2781 4569 Pythagoram
2807 4495 2862 4550 in
2902 4496 2990 4550 his
3014 4509 3137 4550 esse
3159 4495 3463 4562 contingat,

221 4584 446 4650 τούτους
490 4585 554 4657 δὴ
599 4587 827 4651 αὐτοὺς,
870 4588 918 4639 οἳ
953 4587 1094 4640 κατὰ
1139 4586 1453 4656 φιλοσοφίαν
1489 4587 1796 4658 διήνεγκαν,

1910 4596 1959 4643 et
2003 4602 2385 4659 quemcunque
2432 4603 2643 4655 eorum,
2697 4587 2791 4656 qui
2840 4583 3198 4656 frugalissimi
3231 4583 3359 4648 viri,
3414 4593 3469 4638 et

222 4676 523 4745 ἀφελέσθαι
563 4679 655 4731 καὶ
703 4676 771 4731 τὰ
813 4680 946 4750 πρὸς
988 4680 1084 4750 τὴν
1128 4679 1430 4747 ἀναγκαίαν
1460 4679 1685 4751 τροφὴν,
1721 4679 1796 4751 μὴ

1902 4679 2133 4751 egregiae
2210 4679 2495 4751 probitatm
2555 4685 2867 4735 censentur.
2918 4676 3075 4732 Dicat
3126 4675 3275 4730 enim
3317 4674 3462 4745 quis.

290 4830 338 4864 "
377 4831 480 4886 lib.
518 4847 593 4898 ιι,
624 4846 675 4888 c.
702 4832 792 4888 4t).
869 4833 914 4865 ³⁸
954 4834 1049 4891 lib.
1085 4850 1158 4899 ιι,
1192 4852 1243 4891 c.
1275 4837 1364 4892 l7.
1395 4835 1796 4910 “lib.tt,cap.i

1910 4839 1943 4873 ι’
1978 4838 2074 4895 lib.
2110 4852 2187 4903 ιι,
2219 4852 2270 4892 c.
2304 4837 2392 4892 51.
2468 4834 2515 4867 ³⁸
2554 4835 2649 4889 lib.
2684 4852 2759 4901 ιι,
2791 4850 2844 4893 c.
2874 4835 2965 4890 '59.

288 4984 407 5066 (96)
464 4986 1103 5068 Aweycﬁongﬁo'._8ic
1140 5006 1203 5068 ex
1246 4993 1563 5068 coniectura
1591 4994 1792 5049 rescri-

218 5058 663 5133 psilngunlesset
692 5059 743 5133 i_n
768 5058 938 5133 editis
970 5058 1485 5133 ἀπεφιλοτιμήσατο.

252 5122 406 5205 ,(97)
447 5127 547 5205 Μὴ
563 5127 721 5205 ⁸οὐχὶ
744 5122 1102 5205 ,βάρρᾏοίηθξ
1123 5132 1219 5183 καὶ
1247 5122 1504 5205 ὸαὴμάσ.
1526 5131 1603 5188 Eo
1620 5133 1794 5205 respi-

217 5196 314 5260 cit,
359 5197 512 5266 quod
550 5196 837 5267 Apollonio
881 5196 1241 5255 Philostratus
1288 5196 1594 5272 φιλοσοφεῖν
1643 5196 1792 5267 δόξαι

217 5263 492 5340 Φραώτην
519 5275 773 5340 testatur,
807 5268 902 5323 lib.
949 5284 1010 5332 ιι,
1047 5285 1167 5339 cap.
1196 5269 1287 5337 26,
1317 5272 1493 5326 initio.
1527 5272 1793 5340 Quodque

758 5308 773 5331 ν
807 5308 902 5323 IIII.
950 5308 1010 5332 II,
1047 5308 1167 5337 νῦν,
1200 5308 1287 5337 αν,
1317 5308 1493 5326 ιιιιιινο

218 5290 492 5389 νὲιιωτην
519 5290 773 5350 tessatui‘,
807 5290 902 5323 HD.
949 5290 1010 5332 ιι,
1047 5290 1167 5339 cap.
1196 5290 1287 5353 ξι),
1317 5290 1493 5353 ιιιιιιο.
1527 5290 1793 5344 υιιοαιιιιο

218 5349 249 5386 a
289 5350 358 5389 eo
389 5337 639 5392 moribus
670 5354 851 5393 nnnus
890 5340 1154 5394 barbarus
1189 5356 1239 5396 et
1283 5357 1429 5398 Visus
1462 5343 1553 5399 sit.
1594 5342 1793 5398 Vereor

218 5413 443 5488 autem,
481 5422 548 5462 ne
590 5423 751 5488 suum
798 5409 887 5463 hic
926 5408 1219 5488 Eusebium
1251 5413 1510 5488 destituat
1535 5428 1793 5488 acumen;

218 5488 320 5553 cur
352 5478 506 5529 enim
541 5478 729 5553 mirari
763 5493 870 5553 non
910 5481 1147 5549 potuerit
1176 5479 1519 5552 Apollonius,
1554 5478 1793 5553 linguam

218 5542 544 5621 graecorum
574 5549 774 5621 callere
805 5542 1114 5621 Phraatem,
1144 5542 1303 5621 quem
1341 5542 1582 5610 moribus
1614 5542 1796 5607 minus

220 5611 527 5670 barbarum
558 5617 625 5673 de
666 5619 1005 5681 rehenderat,
1031 5611 1141 5675 non
1160 5611 1341 5678 'video.

293 5684 416 5740 (98)
460 5686 599 5739 Ἔτι.
630 5634 710 5740 ῗιει
747 5690 1091 5740 scribendum
1131 5706 1254 5740 esse
1289 5709 1341 5740 se

293 5684 416 5766 (98'!
443 5686 599 5766 :lsjq.
625 5684 710 5766 ita
747 5690 1091 5766 scribendum
1131 5706 1254 5747 esse
1289 5694 1557 5749 sententia
1599 5693 1796 5750 suade-

221 5751 336 5806 bat.
373 5752 520 5807 Editi
552 5757 825 5813 habebant
852 5760 968 5815 εἴτ’.

296 5823 414 5895 (99)
474 5825 681 5901 Ἰνδοῖς
701 5830 878 5895 εἰκός.
906 5829 1109 5887 Saltem
1142 5833 1542 5895 restituendum
1571 5851 1638 5891 ex
1666 5832 1795 5890 Phi-

1899 4994 2128 5050 lostrato
2161 4994 2326 5058 εἰκός,
2352 4993 2499 5063 quod
2528 4992 2807 5063 exciderat
2839 4993 2981 5063 apud
3007 4990 3325 5047 Eusebium.
3358 4990 3469 5063 Cae-

1898 5073 2016 5118 tera
2048 5064 2190 5134 apud
2218 5080 2341 5119 eum
2371 5059 2549 5134 totum
2575 5064 2677 5117 hoc
2699 5059 2979 5117 κῶλονῚιιι
3010 5063 3173 5117 habet
3201 5081 3215 5117 :
3240 5063 3322 5134 ⁸Οὐ
3354 5059 3468 5134 γὰρ

1898 5137 1952 5197 ἐς
1986 5127 2340 5198 διδασκάλους
2372 5152 2435 5204 γε
2467 5130 2627 5205 οἶμαι
2650 5133 2961 5205 ἀναφέρειν,
2996 5134 3117 5205 επεὶ
3158 5131 3291 5204 μηδὲ
3327 5127 3467 5184 εἷναί

1897 5221 2049 5268 τινας
2085 5208 2141 5257 ὲν
2191 5204 2369 5268 Ἰνδοῖς
2386 5202 2539 5268 εἰκὸς
2561 5202 2908 5268 διδασκάλους
2936 5202 3146 5256 τούτου.

1972 5275 2047 5345 (ί)
2092 5271 2279 5344 οἶμαι.
2318 5273 2517 5345 Ριξιιιω
2543 5282 2909 5345 opportunum
2950 5274 3041 5328 isti
3064 5275 3187 5345 loco
3219 5269 3353 5325 mihi
3384 5269 3467 5345 vi-_-

1898 5339 2059 5426 detur
2083 5339 2513 5426 vei-humabat,
2540 5339 2722 5425 malim
2747 5344 3075 5400 substituere
3095 5342 3298 5406 δοῦναι,
3320 5339 3469 5411 quod

1902 5415 2064 5470 etiam
2101 5415 2156 5468 in
2187 5414 2438 5484 versione
2468 5414 2729 5484 expressi.

1969 5484 2045 5556 (2)
2084 5485 2195 5565 Kal
2231 5483 2348 5552 τὴν
2371 5483 2506 5565 τῆν.
2538 5479 2682 5564 Ἐόὶιί
2708 5483 2803 5565 καὶ
2826 5481 2966 5537 κατά
2992 5482 3091 5556 τὴν
3103 5481 3236 5565 γῆν.
3263 5479 3468 5565 (ξωξεὶ-

1898 5549 2022 5610 mus
2056 5554 2220 5619 κατά,
2252 5549 2396 5623 quod
2418 5549 2600 5608 natum
2634 5554 2848 5623 videtur
2877 5569 2944 5608 ex
2970 5549 3199 5623 repetito
3222 5550 3335 5623 καί,
3359 5549 3469 5623 for-

1898 5639 1986 5678 ma
2035 5620 2309 5679 scribendi
2343 5625 2674 5680 abbreviata.
2720 5621 2997 5679 Omissum
3032 5620 3183 5677 ’κατά
3210 5622 3375 5676 etiam
3410 5620 3468 5675 in

1897 5701 2048 5749 textu
2080 5693 2414 5749 Philostrati.

1969 5764 2047 5834 (5)
2093 5764 2175 5827 Τῷ
2203 5763 2254 5816 δ’
2285 5760 2386 5819 αὖ.
2415 5763 2649 5818 Omnino
2675 5778 2744 5834 ex
2770 5761 3029 5834 Philostr.
3059 5761 3459 5821 restituendum

1898 5828 1964 5889 αὖ
1982 5828 2099 5911 pro
2128 5834 2192 5888 ἄν
2221 5834 2367 5907 quod
2396 5841 2512 5892 erat
2539 5835 2595 5892 in
2620 5833 2784 5891 editis
2810 5833 3047 5891 Eusebii.
