3830 6260
387 356 495 417 815

1029 357 1298 415 EUSEBII
1331 354 1808 414 CESARIENSIS
1839 354 1988 412 OPP.
2024 353 2205 411 PARS
2242 352 2307 408 II.
2347 381 2419 393 —
2457 346 2961 407 APOLOGETICA.
3498 342 3585 397 82‘

389 475 551 530 istam
595 474 860 529 rationem
900 488 1154 543 sequens,
1226 472 1546 542 neutiquam
1601 469 1759 540 juxta
1825 485 1936 524 eam

2047 468 2166 539 οὐχὶ
2208 468 2424 530 πάντως
2463 465 2696 534 φαύλους
2724 462 2883 525 ὄντας
2931 459 3021 513 τὸν
3060 459 3254 530 τρόπον
3273 474 3287 487 ο
3329 460 3436 522 τοῖς
3464 458 3515 512 δὲ
3538 460 3590 512 τὸ

384 564 840 622 deoshominibus
856 564 961 619 illis
977 565 1345 635 pauperculis,
1364 564 1451 619 his
1468 563 1624 633 ipsis,
1651 559 1946 634 [inquam,]

385 655 477 726 qui
497 654 835 726 philosophia
852 662 1176 725 praestantes
1198 652 1371 718 fuere,
1396 654 1513 723 ipsa
1534 667 1752 723 quoque
1778 650 1844 705 ad
1864 649 1949 703 vi-

382 755 531 801 ctum
562 748 868 817 spectantia
908 747 1292 802 subtracturos
1322 745 1512 811 fuisse,
1558 744 1664 799 nisi
1693 742 1949 814 pessimis

381 836 462 893 illi
487 839 731 894 moribus
751 839 1126 896 exstitissent:
1161 854 1338 910 neque
1357 839 1489 903 illis,
1514 834 1609 909 qui
1628 834 1792 892 soluti
1820 843 1949 889 sunt

2054 554 2185 629 ἦθος
2234 555 2678 627 ἀκολαστοτέροις
2723 550 2928 621 ἄφθονα
2978 549 3071 603 καὶ
3116 546 3185 601 τὰ
3231 546 3302 619 μὴ
3345 546 3590 615 ἀναγκαῖα

2055 649 2376 718 παρασχεῖν,
2412 647 2461 698 εί
2497 645 2570 716 μὴ
2600 641 2837 713 βελτίους
2870 636 3160 710 ἐτύγχανον
3188 633 3294 688 τῶν
3313 634 3589 706 προτέρων.

2067 739 2157 805 Ἐξ
2190 733 2264 794 ὧν
2299 738 2461 794 παντί
2493 754 2556 807 γε
2596 734 2911 806 καταφανὴς
2951 734 2984 804 ἠ
3023 730 3115 785 τοῦ
3159 727 3591 802 ξυμπράσματος

2053 833 2271 887 ἀτοπία.

382 931 650 997 moribus,
683 932 888 989 affatim
933 936 1096 991 etiam
1119 935 1301 989 minus
1337 933 1644 989 necessaria
1667 931 2029 1004 praestituros,
2059 929 2164 985 nisi
2210 929 2485 1000 prioribus
2513 925 2854 984 exstitissent
2897 921 3169 977 meliores.
3201 915 3356 973 Unde
3407 912 3589 969 nemini

381 1024 616 1081 obscura
641 1025 802 1085 istius
829 1029 1202 1084 conclusionis
1234 1037 1318 1083 est
1347 1028 1676 1083 absurditas.

861 1116 1020 1188 523
1061 1115 1287 1183 CAPUT
1328 1114 1487 1170 xv".

448 1204 613 1264 Hisce
642 1222 709 1263 ex
738 1208 980 1264 secundo
1007 1208 1148 1263 libro
1178 1209 1442 1278 eXpositis
1472 1209 1539 1265 ad
1569 1209 1787 1265 tertium
1824 1220 1949 1276 per-

378 1298 1010 1368 gemus,consideraturi
1059 1313 1180 1369 quae
1230 1299 1297 1354 ad
1346 1297 1752 1364 Brachmanas,
1803 1293 1945 1349 fama

378 1388 517 1445 adeo
539 1390 862 1455 celebratos,
887 1391 1159 1462 pertinent
1189 1391 1232 1424 ³⁸
1262 1411 1274 1447 :
1308 1407 1413 1462 qua
1447 1399 1600 1462 parte
1634 1388 1805 1459 magis
1846 1400 1945 1439 oc-

378 1490 609 1538 currunt
658 1482 1014 1548 incredibilia,
1046 1499 1208 1554 quam
1253 1484 1322 1540 de
1375 1483 1550 1538 Thule
1610 1480 1942 1537 referuntur.

379 1570 493 1628 Imo
530 1573 575 1630 si
611 1574 740 1644 quid
779 1575 927 1630 aliud
982 1590 1222 1647 unquam
1279 1575 1640 1647 scriptoribus
1685 1570 1949 1628 fabulosis

378 1673 751 1722 monstrosum
775 1667 1139 1739 excogitatum
1175 1668 1309 1733 fuit,
1366 1669 1421 1725 id
1452 1683 1613 1725 omne
1640 1665 1944 1724 verisimile

377 1758 556 1823 valde,
589 1759 698 1813 imo
725 1760 1089 1827 verissimum,
1116 1762 1163 1816 si
1184 1776 1307 1815 cum
1327 1762 1447 1817 istis
1473 1774 1779 1832 compares,
1799 1758 1943 1813 vide-

2568 1104 2957 1162 ΚΕΦΑΛΑΙΟΝ
2989 1106 3088 1159 IZ'.

2119 1205 2301 1261 Ταῦτα
2331 1204 2426 1259 καὶ
2455 1202 2563 1258 ἀπὸ
2604 1202 2697 1257 τοῦ
2729 1200 2979 1271 δευτέρου
3030 1194 3411 1269 παραθέμενοι,
3444 1194 3591 1266 ἴωμεν

2048 1298 2143 1354 ἐπὶ
2173 1298 2234 1351 τὺ
2263 1297 2463 1368 τρίτον,
2504 1294 2573 1348 τά
2605 1292 2747 1347 κατὰ
2775 1294 2901 1354 τοὺς
2943 1288 3301 1361 βεϐοημένους
3345 1287 3592 1360 ἐποψόμε-

2048 1410 2130 1448 νοι
2162 1391 2528 1464 Βραχμᾶνας·
2578 1386 2709 1442 ἔνθα
2752 1382 2913 1456 δὴτά
2957 1382 3099 1454 ὑπὲρ
3138 1380 3343 1452 Θούλην
3389 1381 3590 1438 ἄπιστα.

2052 1486 2161 1538 Καὶ
2193 1483 2247 1536 εί
2269 1482 2323 1536 τί
2350 1499 2454 1553 περ
2484 1480 2610 1535 ἄλλο
2636 1476 2937 1551 τερατῶδές
2973 1492 3103 1529 ποτε
3137 1473 3449 1546 μυθολόγοις
3470 1472 3594 1526 τισὶν

2050 1574 2490 1637 ἀναπέπλασται,
2521 1569 2581 1625 εὖ
2632 1570 2774 1642 μάλα
2817 1567 2984 1622 πιστά
3014 1566 3109 1622 καὶ
3151 1565 3502 1637 ἀληθέστατα,
3530 1565 3595 1629 ὡς

2050 1669 2107 1721 ὲν
2137 1666 2433 1739 παραθέσει
2455 1663 2678 1728 τούτων,
2701 1663 3097 1730 ἀναφανήσεται
3114 1675 3130 1690 ο
3160 1655 3241 1723 οἷς
3268 1659 3365 1712 καὶ
3384 1656 3471 1710 τὸν
3487 1657 3594 1711 νοῦν

2050 1759 2337 1831 ἐπιστῆσαι
2361 1756 2508 1824 ἄξιον
2534 1756 2633 1827 τῆς
2661 1753 2756 1809 τοῦ
2784 1773 2802 1805 ι
2835 1751 3161 1824 Φιλαλήθους
3191 1770 3209 1801 ι
3245 1750 3427 1803 ἕνεκεν
3450 1749 3596 1803 αὐθα-

379 1849 548 1905 lJitur.
569 1850 776 1916 Quibus
793 1851 1016 1907 omnino
1030 1860 1261 1908 mentem
1280 1851 1561 1908 advertere
1580 1852 1742 1907 etiam
1760 1864 1936 1921 operae

2046 1850 2209 1915 δείας,
2242 1852 2372 1921 ἡμῖν
2413 1848 2511 1920 μὲν
2566 1846 2846 1918 εὐχέρειαν
2889 1843 2964 1916 (4)
3012 1846 3107 1898 καὶ
3148 1842 3452 1914 κουφότητα
3489 1841 3595 1913 τρό-

377 1941 610 2011 pretium
662 1950 746 1998 est
801 1952 1023 2013 propter
1075 1960 1094 1994 ι
1140 1941 1457 2000 Ριιίιιιιειιιιε
1500 1964 1520 1996 ι
1583 1943 1940 2015 jactantiam,

375 2033 535 2089 nobis
562 2033 938 2091 credulitatem
967 2051 1287 2109 morumque
1320 2037 1591 2094 levitatem
1622 2037 1939 2102 tribuentis,

376 2125 480 2181 sibi
512 2141 641 2183 vero
686 2143 752 2185 ac
793 2129 878 2185 sui
921 2130 1193 2188 similibus
1225 2141 1541 2187 accuratum
1575 2131 1940 2201 solidumque,

375 2231 440 2271 ac
470 2215 699 2272 scientia
736 2217 921 2273 nixum
953 2219 1244 2290 judicium.
1290 2218 1426 2276 Vide
1455 2220 1620 2292 igitur
1647 2220 1848 2290 quibus
1882 2236 1943 2276 se

371 2307 539 2376 jactet
569 2311 859 2380 portentis,
889 2313 1096 2368 sanctis
1126 2312 1475 2384 evangelistis
1519 2311 1943 2383 nostris,Pbilo-

375 2405 607 2455 stratum
638 2406 1009 2471 anteponens,
1066 2410 1126 2458 ut
1167 2404 1261 2475 qui
1296 2403 1604 2460 eruditione
1635 2418 1747 2458 non
1778 2403 1941 2459 modo

373 2491 666 2562 profecerit
690 2494 943 2562 maxime,
975 2497 1071 2553 sed
1118 2498 1361 2554 veritatis
1384 2498 1549 2553 etiam
1599 2498 1672 2555 sit
1704 2498 1942 2555 maxime

374 2582 675 2642 studiosus.

922 2698 1151 2757 CAPUT
1192 2700 1381 2759 XVIII.

441 2787 689 2846 Primum
731 2790 897 2863 igitur
930 2793 1149 2864 quidem
1186 2794 1241 2849 in
1272 2794 1467 2850 itinere
1500 2795 1771 2866 Apollonii
1801 2794 1846 2831 ⁸ο
1871 2796 1940 2852 ad

372 2875 742 2937 Brachmanas
769 2880 967 2936 femina
998 2882 1245 2954 quaedam
1291 2885 1360 2939 ab
1395 2901 1460 2940 eo
1490 2886 1675 2941 colore
1722 2886 1939 2941 induci-

374 2979 486 3040 tur,
517 2989 548 3029 a
581 2977 757 3045 capite
784 2975 850 3031 ad
884 2976 1060 3031 femur
1087 2992 1261 3047 usque
1302 2978 1711 3043 candidissima,
1736 2979 1941 3047 reliqua

371 3080 504 3120 vero
536 3067 780 3136 corporis
802 3075 956 3138 parte
984 3069 1159 3140 nigra.
1193 3069 1404 3126 Montes
1435 3086 1621 3141 porro,
1663 3072 1940 3151 pe‘rgenti-

2046 1959 2147 1997 που
2183 1941 2594 2013 περιάπτοντος,
2627 1937 2774 2008 αὐτῷ
2801 1937 2858 1992 δὲ
2885 1936 2979 1991 καὶ
3006 1939 3119 2000 τοῖς
3150 1933 3300 2005 αὐτῷ
3330 1932 3595 2006 παραπλη-

2046 2034 2179 2099 σίοις
2209 2033 2309 2107 τὴν
2339 2031 2538 2103 ἀκριϐῆ
2575 2032 2670 2085 καὶ
2698 2029 2918 2100 βεϐαίαν
2952 2027 3089 2100 μετά
3119 2026 3384 2093 ξυνέσεως
3413 2024 3591 2097 κρίσιν.

2044 2128 2188 2199 Ὅρα
2226 2124 2353 2196 γοῦν
2380 2127 2462 2196 ἐφ’
2493 2120 2573 2189 οἷς
2610 2123 2926 2194 σεμνύνεται
2974 2120 3313 2193 παραδόξοις,
3346 2117 3452 2172 τῶν
3477 2118 3594 2189 ἡμε-

2041 2217 2215 2290 τέρων
2248 2217 2406 2272 θείων
2439 2214 2832 2285 εύαγγελιστῶν
2865 2213 3171 2285 προκρίνων
3201 2211 3296 2265 τὸν
3325 2210 3592 2280 Φιλόστρα-

2040 2326 2151 2376 τον,
2181 2309 2256 2375 ὼς
2287 2311 2360 2383 μὴ
2396 2310 2552 2382 μόνον
2583 2309 2831 2372 παιδείας
2850 2308 2942 2362 ἐπὶ
2964 2307 3206 2361 πλεῖστον
3225 2305 3449 2377 ἥκοντα,
3478 2300 3595 2359 ἀλλὰ

2042 2403 2135 2456 καὶ
2162 2403 2417 2476 ἀληθείας
2440 2400 2926 2475 ἐπιμεμελημένον.

2558 2700 2947 2755 ΚΕΦΑΛΑῙΟΝ
2985 2699 3087 2754 IH'.

2110 2796 2310 2870 Πρῶτα
2341 2796 2437 2868 μὲν
2466 2791 2559 2850 οὖν
2612 2796 2670 2849 ὲν
2697 2798 2763 2867 τῇ
2809 2794 2945 2866 πρὸς
2990 2795 3117 2857 τοὺς
3147 2793 3476 2866 Βραχμᾶνας
3511 2809 3592 2846 πο-

2046 2891 2166 2964 ρείᾳ
2213 2890 2306 2943 τοῦ
2348 2889 2699 2944 Ἀπολλωνίου
2740 2890 2876 2960 γυνή
2941 2905 3029 2952 τις
3067 2887 3214 2958 αύτῷ
3256 2888 3360 2959 τὴν
3404 2885 3591 2959 χροιὰν,

2040 2985 2316 3053 εἰσάγεται
2353 2983 2459 3039 ἀπὸ
2490 2982 2591 3053 τῆς
2620 2981 2859 3054 κεφαλῆς
2889 2984 2946 3045 ἐς
2980 2982 3149 3051 ὀσφὺν
3179 2980 3476 3051 λευκοτάτη
3508 2977 3590 3051 (5),

2040 3076 2102 3129 τὸ
2146 3075 2204 3129 δὲ
2241 3076 2423 3147 ἓτερον
2458 3075 2620 3148 μέρος
2649 3074 2742 3128 τοῦ
2790 3073 3039 3147 σώματος
3093 3073 3322 3145 μέλαινα
3343 3090 3357 3104 ο
3410 3072 3477 3127 τά
3523 3071 3590 3135 δὲ,

374 3158 478 3214 bus
507 3158 563 3213 in
587 3160 783 3217 itinere
814 3162 879 3217 ad
911 3161 1279 3219 Brachmanas
1312 3162 1550 3236 [oblati],
1592 3164 1776 3235 pipere
1809 3179 1936 3219 con-

2046 3168 2336 3239 προῖόντων
2363 3168 2460 3240 τῆς
2491 3169 2582 3222 ἐπὶ
2610 3169 2737 3232 τοὺς
2768 3168 3096 3241 Βραχμᾶνας
3125 3166 3265 3232 ὁδοῦ,
3291 3167 3412 3239 δρη,
3446 3180 3589 3220 κατα-

375 3251 466 3310 siti
499 3250 565 3318 “,
590 3252 817 3326 ejusque
844 3255 1022 3310 coloni
1070 3256 1274 3320 simiae,
1318 3257 1691 3328 draconesque
1717 3255 1938 3327 quidam

373 3343 750 3415 magnitudine
777 3348 1041 3417 stupenda
1068 3348 1135 3417 δ’,
1156 3349 1222 3405 de
1244 3364 1476 3419 quorum
1505 3346 1772 3418 capitibus
1799 3347 1940 3418 ignis

374 3435 602 3493 ﬂamma;
630 3438 950 3505 scintillent,
979 3458 1118 3512 quos
1143 3443 1190 3497 si
1224 3443 1348 3512 quis
1381 3442 1630 3513 perimat,
1665 3441 1717 3494 in
1749 3456 1937 3496 eorum

374 3530 550 3602 capite
579 3533 855 3590 mirabiles
885 3534 1121 3590 inveniat
1153 3535 1386 3606 lapillos,
1416 3535 1577 3607 Gygae
1607 3533 1805 3604 lapidi,
1840 3549 1939 3588 cu-

370 3625 461 3699 jus
486 3625 628 3697 apud
661 3624 939 3682 Platonem
972 3612 1194 3691 mentio,
1221 3628 1444 3685 similes.
1480 3627 1544 3681 Et
1582 3627 1697 3682 haec
1720 3627 1937 3698 quidem

375 3728 504 3775 sunt
555 3735 718 3790 quae,
757 3728 1047 3792 antequam
1112 3719 1180 3775 ad
1221 3720 1619 3776 Brachmanum
1670 3720 1936 3776 tumulum

375 3813 741 3881 perveniatur,
773 3822 1086 3868 occurrunt.
1124 3811 1195 3868 Ut
1241 3829 1370 3869 vero
1404 3814 1550 3869 hunc
1576 3828 1793 3884 quoque
1822 3812 1939 3866 atti-

373 3911 568 3975 gerunt
599 3902 666 3969 δ’,
701 3902 1133 3959 Sandaracinum
1183 3905 1295 3960 illic
1345 3915 1565 3976 puteum
1596 3905 1800 3962 vidisse
1826 3905 1935 3971 ait,

374 4010 529 4066 aquae.
576 3996 735 4066 plane
765 3995 1070 4052 mirabilis:
1105 3996 1370 4067 juxtaque
1402 4005 1701 4063 craterem,
1759 3998 1937 4069 ignem

375 4086 765 4148 continentem.
796 4102 864 4143 ex
891 4104 1000 4159 quo
1034 4088 1268 4158 plumbei
1300 4090 1499 4146 coloris
1546 4089 1763 4144 ﬂamma
1808 4106 1937 4145 sur-

376 4190 498 4232 sum
528 4176 734 4231 tendat.
765 4175 906 4234 Tum
934 4185 988 4234 et
1021 4178 1164 4233 dolia
1208 4178 1316 4233 duo
1351 4180 1547 4249 lapidis
1579 4180 1899 4250 nigricantis
1919 4218 1936 4244 ,

373 4267 603 4322 alterum
653 4266 946 4336 imbrium,
999 4269 1336 4341 alterumque
1396 4279 1681 4327 ventorum
1710 4311 1726 4335 ,
1793 4271 1939 4327 unde

372 4356 738 4415 Brachmanes
768 4360 836 4416 iis
868 4360 1069 4432 quibus
1097 4359 1314 4418 faveant
1338 4361 1610 4434 indigenis
1639 4360 1852 4436 [ventos
1874 4378 1938 4418 ac

372 4446 633 4522 pluviam]
651 4449 1047 4521 impertiantur.
1065 4451 1205 4520 Quin
1226 4461 1436 4510 statuas
1453 4468 1669 4525 quoque
1681 4453 1824 4524 apud
1840 4469 1935 4510 eos

370 4556 494 4597 esse
527 4559 549 4594 «
589 4541 825 4599 Poliadis
862 4564 882 4597 ι
924 4543 1197 4613 Minervae,
1226 4544 1515 4619 Pythiique
1552 4546 1850 4618 Apollinis,
1882 4553 1936 4601 et
1968 4527 2013 4582 D

371 4627 590 4694 Bacchi,
619 4631 957 4704 aliorumque
972 4634 1331 4707 quorumdam
1362 4636 1610 4703 deorum,
1639 4649 1761 4706 quas
1786 4633 1933 4690 Grae-

371 4722 419 4777 ci
449 4706 653 4776 colunt.
686 4721 932 4778 larebam
966 4706 1144 4780 autem
1181 4724 1250 4791 “,
1282 4726 1377 4798 qui
1422 4727 1676 4783 omnibus
1706 4730 1931 4796 praesit,

371 4813 630 4882 appellari
654 4831 673 4866 ι
708 4810 1062 4883 magistrum:
1088 4834 1107 4868 ι
1136 4832 1298 4886 quem
1317 4816 1511 4874 viderit
1530 4818 1929 4882 considentem,

369 4903 558 4959 habitu
615 4906 750 4960 adeo
786 4921 816 4960 a
860 4906 1235 4978 philosophica
1265 4909 1596 4975 dissidente,
1646 4918 1707 4965 ut
1739 4919 1930 4968 satra-

368 5013 494 5071 pam
530 4999 778 5056 retulerit
820 5003 1036 5071 potius,
1061 5002 1129 5058 'in
1166 5003 1386 5062 sublimi
1416 5005 1714 5063 collocatus
1768 5008 1926 5064 solio.

2042 3262 2420 3334 πεφυτευμένα
2460 3261 2520 3315 τὸ
2566 3261 2785 3334 πέπερι,
2821 3261 2914 3316 καὶ
2959 3259 3148 3313 τούτου
3190 3259 3412 3332 πίθηκοι
3437 3272 3589 3327 γεωρ-

2038 3354 2146 3423 γοὶ,
2181 3355 2273 3408 καὶ
2316 3351 2603 3426 παράδοξοί
2631 3368 2776 3415 τινες
2830 3350 2892 3405 τὸ
2924 3351 3148 3422 μέγεθος
3190 3351 3497 3423 δράκοντες,
3526 3340 3589 3400 ὧν

2038 3445 2146 3500 ἀπὸ
2168 3445 2405 3517 κεφαλῆς
2432 3443 2712 3515 λαμπάδες
2738 3443 3199 3515 άπορῤιπτοῦνται
3222 3440 3414 3515 πυρὸς,
3439 3439 3524 3503 οὓς
3550 3436 3592 3490 εἴ

2035 3553 2121 3600 τις
2145 3536 2341 3601 ἀνέλοι,
2360 3536 2508 3609 εὖροι
2529 3537 2616 3599 ἂν,
2645 3537 2794 3609 φησὶ,
2827 3533 3162 3606 παραδόξους
3185 3533 3366 3598 λίθους
3392 3531 3478 3586 ἐπὶ
3504 3530 3588 3601 τῆς

2038 3627 2298 3699 κεφαλῆς,
2319 3628 2395 3700 τῷ
2423 3629 2515 3682 τοῦ
2542 3630 2733 3699 Γύγου,
2754 3627 2847 3680 τοῦ
2864 3628 3014 3699 παρὰ
3040 3625 3117 3697 τῷ
3137 3625 3408 3688 Πλάτωνι,
3435 3640 3569 3695 παρα

2040 3718 2316 3791 πλησίους.
2337 3721 2447 3773 Καὶ
2470 3720 2638 3776 ταῦτα
2671 3719 2767 3792 μὲν
2794 3718 2863 3772 τά
2884 3718 2989 3790 πρὸ
3017 3719 3110 3771 τοῦ
3143 3718 3250 3772 τῶν
3276 3716 3588 3788 Βραχμάνων
3629 3775 3635 3783 ν

2037 3811 2223 3882 λόφου.
2264 3812 2352 3877 Ὦς
2382 3813 2438 3867 δὲ
2481 3813 2575 3867 καὶ
2618 3815 2696 3877 είς
2727 3812 2885 3866 αὑτὸν
2924 3811 3195 3881 ἀφίκοντο,
3232 3809 3587 3881 Σανδαρίκινον

2038 3905 2271 3960 ἐνταῦθα
2297 3907 2471 3978 φρέαρ
2514 3905 2705 3969 ὓδατος
2771 3905 2897 3958 ἰδεῖν
2954 3903 3281 3975 παραδόξου,
3334 3903 3427 3956 καὶ
3470 3915 3585 3970 κρα-

2036 3995 2179 4066 τῆρα
2214 3995 2436 4066 πλησίον
2457 3995 2647 4066 πυρὸς,
2671 3989 2732 4048 οὗ
2754 3993 2923 4063 φλόγα
2955 3992 3376 4064 ἀναπέμπεσθαι
3408 3986 3585 4063 μολυϐ-

2036 4085 2197 4157 δὼδη·
2229 4086 2323 4143 δύο
2352 4103 2411 4140 τε
2437 4086 2622 4148 πίθους
2644 4085 2790 4138 λίθου
2831 4085 3074 4156 μέλανος·
3107 4084 3198 4137 τὸν
3229 4083 3330 4154 μὲν
3364 4080 3584 4152 δμδρων,

2036 4178 2126 4231 τὸν
2146 4178 2203 4231 δὲ
2220 4177 2452 4247 ἀνέμων,
2471 4177 2560 4244 ἀφ’
2574 4169 2647 4229 ὧν
2670 4177 2794 4238 τοὺς
2806 4175 3150 4245 Βραχμᾶνας,
3167 4167 3249 4236 οἷς
3275 4171 3342 4226 ἂν
3357 4168 3459 4224 εἷεν
3478 4168 3586 4237 ast.»

2037 4269 2132 4339 τῆς
2160 4267 2360 4341 χώρας,
2409 4271 2680 4340 χορηγεῖν.
2730 4266 2889 4321 Ἀλλά
2913 4284 2976 4336 γε
3025 4267 3117 4319 καὶ
3148 4266 3437 4337 ἀγάλματα
3472 4258 3584 4332 παρ’

2043 4363 2226 4425 αὐτοῖς
2267 4362 2493 4433 Ἀθηνᾶς
2521 4381 2537 4411 ι
2571 4360 2835 4424 Πολιάδος
2866 4381 2884 4411 ι
2913 4361 3006 4412 καὶ
3022 4358 3352 4419 ’Λπόλλωνος
3383 4353 3582 4419 Πυθίου,

2038 4459 2133 4512 καὶ
2160 4455 2407 4509 Διονύσου
2438 4455 2534 4526 (6),
2565 4456 2658 4508 καὶ
2682 4455 2853 4509 ἄλλων
2889 4452 3049 4507 τινῶν
3088 4451 3411 4522 Ἑλληνικῶν
3443 4447 3581 4501 θεῶν.

2050 4552 2261 4622 Ίάρχαν
2291 4549 2366 4611 δὲ,
2396 4548 2487 4600 τὸν
2530 4548 2622 4601 ἐπὶ
2667 4548 2901 4610 πάντων,
2956 4565 2974 4596 ι
3012 4544 3328 4601 διδάσκαλον
3364 4563 3382 4595 ι
3419 4539 3582 4596 καλεῖ⁸

2039 4641 2161 4694 σθαι
2184 4657 2198 4671 ·
2228 4639 2287 4693 ὃν
2326 4639 2419 4693 καὶ
2455 4638 2580 4691 ἰδεῖν
2615 4636 2991 4708 καθεζόμενον,
3024 4635 3216 4689 πολλοῦ
3248 4652 3312 4703 γε
3335 4634 3415 4688 δεῖ
3454 4631 3580 4703 φιλο-

2037 4732 2292 4803 σοφικῶς,
2329 4730 2647 4802 σατραπικῷ
2679 4728 2757 4800 (7)
2803 4729 2846 4782 δ’
2882 4729 2945 4783 ἂν
2978 4729 3171 4800 μᾶλλον
3217 4728 3468 4799 σχήματι,
3506 4722 3580 4793 ἐφ’

2035 4823 2368 4893 ὑψηλοτάτου
2405 4822 2613 4894 δίφρου.
2662 4819 2876 4874 Χαλκοῦ
2926 4819 2982 4874 δὲ
3034 4819 3258 4890 μέλανος
3306 4815 3457 4881 οὗτος
3500 4810 3577 4885 ἦν,

2034 4915 2130 4970 καὶ
2183 4913 2493 4968 πεποίκιλτο
2528 4911 2776 4987 χρυσέοις
2825 4910 3149 4984 ἀγάλμασιν,
3200 4909 3285 4965 οἷα
3324 4911 3389 4982 δὴ
3429 4906 3575 4969 εἰκὸς,

2036 5006 2378 5079 τεχνουργῶν
2418 5005 2696 5078 βαναύσων
2726 5005 2945 5079 τρόπον,
2974 5022 3044 5058 πυ
3053 5005 3107 5076 pi.
3152 5003 3246 5058 καὶ
3270 5004 3464 5075 σιδήρῳ
3495 5015 3577 5070 μο-

437 5152 484 5186 ³⁸
520 5153 615 5210 lib.
647 5169 730 5210 ιιι.
802 5153 850 5189 ⁸⁸
887 5154 983 5212 lib.
1017 5173 1112 5223 ιιι,
1144 5172 1194 5212 c.
1226 5158 1280 5212 5.
1356 5159 1397 5192 δι
1438 5159 1534 5216 lib.
1568 5175 1662 5225 ιιι,
1695 5175 1745 5218 c.
1778 5161 1833 5218 4.
1908 5126 1936 5194 ά

2046 5177 2086 5218 3.
2121 5178 2218 5227 ιιι,
2251 5178 2301 5218 c.
2334 5161 2389 5218 8.
2465 5161 2513 5193 ⁸³
2550 5160 2644 5216 lib.
2678 5176 2761 5223 ιιι,
2794 5174 2845 5216 c.
2881 5159 2965 5213 Η.
3040 5157 3087 5190 ⁸⁸
3123 5158 3220 5214 lib.
3251 5174 3347 5224 ιιι,
3377 5172 3423 5212 c.
3458 5154 3533 5210 ιθ.

438 5304 518 5449 ἱιῖ
566 5306 730 5378 Ἡμῖν
753 5308 870 5380 μὲν
895 5310 1222 5381 εὐχέρειαν,
1254 5317 1358 5365 etc.
1400 5311 1531 5368 Vide
1554 5329 1717 5385 supra
1744 5329 1794 5371 c.
1826 5314 1881 5370 2.

461 5375 495 5449 5
553 5379 685 5433 Ἀπὸ
713 5398 764 5434 τ.
796 5397 929 5448 κερ.
964 5385 1029 5447 ἐς
1061 5382 1201 5449 day.
1231 5385 1400 5437 λευκ.
1436 5381 1513 5437 Ex
1544 5385 1805 5440 memoria
1835 5402 1881 5441 st

461 5375 518 5457 ζὶ)
553 5375 685 5433 Ἀπὸ
713 5375 767 5434 τξ
796 5375 1400 5457 πελείῃ-,ἔας’όσφηλιιιυθι⁸
1436 5381 1513 5437 Ex
1544 5375 1805 5457 tne-moria
1835 5401 1933 5441 sua

366 5450 553 5515 potius
573 5465 732 5518 quam
756 5465 824 5505 ex
846 5450 1180 5506 Philostrato
1206 5451 1320 5507 haec
1348 5452 1617 5519 depromit
1641 5453 1930 5519 Eusebius,

409 5530 488 5570 uae
518 5525 697 5595 tamen
711 5535 842 5595 eum
866 5520 956 5576 hic
975 5520 1238 5595 destituit.
1270 5520 1403 5576 Nam
1426 5522 1788 5595 Philostratus
1811 5527 1934 5595 qui-

407 5600 490 5667 em
525 5587 671 5667 illam
706 5588 964 5667 [ominatur
1010 5606 1041 5645 a
1083 5593 1260 5661 capite
1305 5608 1481 5667 usque
1529 5587 1929 5667 ad_mamnias,

369 5659 603 5731 nigram,
635 5659 760 5731 inde
791 5661 1000 5731 reliquo
1024 5659 1251 5731 corpore
1280 5659 1568 5717 candidam
1599 5664 1769 5721 fuisse
1798 5667 1892 5720 ait.

440 5725 533 5807 (6j_
690 5725 1002 5807 Διονύσου.
1021 5725 1264 5807 lncditis
1285 5731 1526 5787 additum
1548 5734 1761 5807 Δηλίου,
1784 5736 1928 5807 quod

370 5795 591 5857 Eusebii
620 5813 744 5856 esse
774 5800 983 5872 nequit,
1015 5801 1106 5873 qui
1131 5801 1383 5874 ignorare
1411 5817 1520 5859 non
1548 5795 1764 5876 poterat
1789 5795 1927 5864 Delii

2034 5330 2333 5387 cognomen
2366 5314 2424 5387 in
2466 5314 2745 5387 Bacchicis
2774 5314 2917 5370 haud
2949 5330 3090 5387 esse.
3138 5313 3275 5387 Puto
3309 5329 3408 5387 ego
3432 5313 3571 5367 docta

2034 5384 2197 5457 manu
2237 5386 2470 5457 quadarn
2498 5384 2690 5457 Δηλίου
2722 5386 2776 5439 in
2808 5386 3053 5454 margine
3074 5386 3253 5457 primo
3277 5385 3568 5439 adnotatum

2035 5402 2197 5440 manu
2237 5402 2470 5456 quanam
2498 5402 2690 5457 ΔηΛιου
2722 5402 2776 5439 ιιι
2808 5402 3053 5454 margine
3071 5402 3253 5509 Brimo
3277 5402 3568 5439 aunomum

2035 5456 2224 5519 fuisse,
2256 5463 2314 5510 ut
2347 5456 2556 5510 scilicet
2587 5464 2866 5511 notaretur
2892 5458 3034 5525 apud
3117 5457 3454 5510 hilostratum
3484 5463 3568 5521 pro

2046 5526 2374 5593 Ἀπόλλωνος
2404 5526 2607 5597 Πυθίου
2638 5525 2763 5596 legi,
2806 5527 3134 5590 Ἀπόλλωνος
3159 5526 3349 5597 Δηλίου
3384 5542 3397 5578 :
3425 5524 3567 5597 idque

2034 5605 2225 5677 postea
2240 5592 2525 5677 indoctum
2557 5592 2837 5651 librarium
2870 5598 2925 5650 in
2955 5605 3157 5652 textum
3185 5592 3307 5666 post
3333 5592 3561 5649 Διονύσον

2034 5667 2283 5734 imperite
2309 5668 2620 5736 intrusisse.

2105 5736 2182 5808 (7,)
2224 5735 2585 5808 Σατραπικῷο
2623 5735 3002 5808 Ιιειίιεεειιᾶιιιιι
3023 5736 3243 5793 omnino
3262 5750 3362 5808 pro
3384 5747 3562 5802 σατρα·

2036 5806 2211 5874 πικῶς
2237 5807 2382 5879 quod
2413 5813 2530 5867 erat
2567 5808 2622 5864 in
2654 5807 2837 5866 editis.
