3830 6260
169 397 257 456 ω
1254 378 1458 438 LIBER
1494 380 1773 440 CONTRA
1814 382 2236 443 HIEROCLEM.
3269 391 3374 448 828

168 506 395 585 χθοῦνιας
423 497 547 562 τοὺς
582 494 901 566 φιλοσόφους
939 499 1308 569 τεχνουργεῖν,
1339 497 1373 568 ἢ
1414 497 1529 565 καὶ,
1565 497 1680 552 θαυ¹

1862 509 1933 555 rat
1964 508 2142 557 autem
2171 501 2302 557 illud
2330 517 2395 558 ex
2435 515 2542 559 aere
2582 501 2760 575 nigro,
2791 501 3081 575 aurelsque
3121 514 3374 562 ornatum

169 593 439 676 ματοποιῶν
467 590 639 661 δίκην,
683 588 986 659 αὐτόματον
1028 589 1308 643 ἀποτελεῖν
1347 591 1409 643 τὸ
1447 589 1680 662 δημιούρ

1865 596 2024 659 atuis,
2064 595 2255 666 quales
2279 595 2510 662 scilicet,
2543 594 2824 652 fabrorum
2865 612 3019 654 more
3066 599 3377 655 verosimile

165 707 311 765 γημα.
342 687 404 741 Oi
444 684 500 738 δὲ
537 682 644 736 τῶν
676 681 850 737 ἄλλων
881 681 990 735 τῶν
1031 681 1149 753 μετ’
1181 681 1342 736 αὑτὸν
1385 682 1677 737 διδάσκαλο⁴

1859 689 2224 760 tsapientes,
2266 688 2378 758 igni
2425 686 2681 758 ferroque
2730 688 3011 755 adhibito,
3065 687 3371 758 fabricare;

163 785 311 854 δίφροι
344 776 527 850 χαλκοῖ
558 775 676 846 μὲν,
706 773 892 845 φησιν,
917 773 1120 845 ἄσημοι
1148 774 1193 828 δ’
1224 770 1385 847 ἦσαν,
1413 776 1508 829 καὶ
1540 770 1675 848 ἧττα

1863 778 1933 833 ιίιι
1954 787 2009 834 et
2033 779 2492 851 praastigiatorum
2534 779 2645 834 ritu
2691 779 2765 834 ita
2791 795 2927 850 opus
2958 780 3262 845 instruere,
3312 787 3375 838 ut

163 869 342 945 ὑψηλοί.
390 867 533 922 Ἔδει
575 866 683 938 γάρ
730 883 831 920 που
880 865 1142 937 τυράννου
1195 868 1413 932 πάντως
1457 868 1674 939 σχήματ

1864 877 1997 926 ιοιιιε
2041 886 2141 926 sua
2176 878 2478 927 moveatur.
2510 870 2840 927 Caeterarum
2875 879 3077 936 autem,
3109 873 3202 944 qui
3234 873 3376 930 assi-

164 960 423 1035 προνομίας
445 958 543 1029 τῆς
571 957 626 1010 ὲν
652 955 950 1028 ἀγάλμασι,
978 957 1072 1012 καὶ
1098 958 1284 1031 χρυσῷ
1313 959 1405 1013 τὸν
1429 958 1527 1030 τῆς
1548 957 1676 1019 θείας

1862 960 2011 1017 ebant
2038 961 2332 1033 magistro,
2366 962 2548 1027 sedes,
2569 976 2723 1017 aerea:
2751 961 3000 1033 quidem,
3033 965 3111 1019 uti
3170 965 3374 1028 ait,si-

162 1051 438 1123 φιλοσοφίας
458 1048 771 1104 διδάσκαλον
803 1049 1102 1115 ἀξιοῦσθαι.

1858 1054 1925 1110 Iis
1955 1062 2136 1110 tamen
2164 1069 2369 1110 ornata:
2418 1070 2528 1110 non
2554 1062 2734 1120 erant,
2773 1055 3064 1127 minusque
3091 1058 3370 1117 sublimes.

161 1144 331 1215 Nempe
354 1150 465 1200 erat
500 1144 830 1200 conveniens
868 1145 1091 1200 omnino
1131 1146 1279 1217 regio
1307 1147 1523 1202 ornatui
1559 1150 1948 1221 praerogativa,
1996 1150 2053 1206 in
2101 1153 2300 1208 statuis
2330 1151 2438 1207 illis
2475 1148 3164 1221 consistens,[conveniens
3195 1151 3346 1228 item]

158 1253 271 1296 auro
293 1239 551 1295 honorare
578 1237 773 1293 divina:
793 1239 1147 1311 philosophia;
1172 1243 1518 1314 magistrum.

636 1336 1033 1391 ΚΕΦΑΛΑΙΟΝ
1072 1338 1171 1392 18'.

2275 1331 2436 1405 52:.
2470 1332 2698 1391 CAPUT
2735 1328 2877 1390 XIX.

212 1428 411 1502 Πρῶτον
452 1427 508 1482 δὲ
549 1427 641 1482 τὸν
686 1429 900 1501 Ἰάρχαν
945 1430 1137 1497 ἰδόντα,
1167 1434 1317 1505 φησὶ,
1366 1434 1458 1489 τὸν
1499 1437 1691 1493 Ἀπολ-

1868 1428 2118 1486 larcham
2164 1438 2345 1484 autem
2371 1467 2386 1493 ,
2416 1429 2507 1484 ubi
2558 1429 2793 1498 primum
2866 1427 3211 1500 Apollonium
3242 1447 3376 1486 con-

155 1516 333 1584 λώνιον,
374 1518 431 1585 ἐξ
473 1518 736 1591 ὀνόματός
777 1538 837 1574 τε
881 1527 1206 1594 ,προσειπεῖν
1246 1525 1321 1597 (8)
1367 1526 1576 1582 Ἐλλάδι
1621 1532 1667 1601 τῇ

1863 1521 2065 1578 exisset
2085 1560 2099 1583 ,
2119 1519 2443 1574 nominatim
2477 1534 2602 1575 eum
2634 1520 2900 1575 salutasse
2954 1520 3028 1574 ait
3059 1519 3243 1575 Graeca
3279 1521 3375 1575 lin-

156 1614 299 1684 φωνῇ,
327 1611 415 1667 καὶ
444 1614 508 1684 ἢν
531 1611 681 1683 αύτῷ
708 1612 860 1684 παρὰ
885 1613 1139 1686 Φραὼτου
1165 1617 1377 1688 κομίζει
1402 1619 1668 1693 ὲπισαρεολ.)Τ

1861 1628 1923 1677 ιιι,
1953 1610 2212 1681 reddique
2245 1610 2348 1666 sibi
2377 1610 2663 1681 epistolam
2686 1650 2701 1675 ,
2744 1626 2908 1682 quam
2942 1625 2973 1665 a
3001 1609 3235 1667 Phraota
3270 1612 3373 1682 ipsi

155 1706 359 1776 αἰτῆσαι,
404 1703 544 1759 κατὰ
592 1706 899 1778 πρόγνωσιν
946 1707 1045 1779 ἤδη
1095 1708 1254 1763 τοῦτο
1299 1711 1667 1783 προειληφότα

1860 1704 2092 1768 ferebat,
2128 1703 2441 1776 postulasse
2466 1743 2479 1767 ,
2507 1710 2690 1759 mente
2722 1718 2966 1775 praesaga
2998 1718 3063 1759 ea
3091 1704 3158 1759 de
3183 1703 3372 1773 rejam

162 1793 489 1859 Ἐνδείξασθαί
514 1811 575 1848 τε
618 1796 679 1849 τὸ
726 1795 904 1851 ἔνθεον
949 1799 1049 1869 τῆς
1081 1799 1456 1872 προγνώσεως,
1506 1821 1674 1876 προει-

1860 1806 1957 1853 utea
1979 1796 2256 1853 edoctum.
2311 1793 2516 1865 Nempe
2541 1795 2948 1849 demonstrasse
2972 1793 3234 1850 divinitus
3266 1793 3372 1850 sibi

154 1886 343 1959 ρηκότα,
369 1887 442 1950 ὡς
482 1886 588 1957 ἄρα
621 1889 699 1943 ἑνὶ
722 1888 1029 1962 γράμματι,
1068 1892 1146 1964 τῷ
1183 1911 1201 1943 ι
1237 1893 1427 1958 Δέλτα,
1468 1914 1488 1947 ι
1521 1894 1666 1950 λείπο

1856 1904 1881 1944 s
1909 1895 2069 1944 antea
2108 1894 2425 1958 perspectas
2467 1901 2611 1949 esse,
2639 1885 2984 1956 praedicendo
3026 1901 3132 1941 una
3165 1885 3368 1951 littera,

149 1978 460 2052 ήὲπιστολή.
502 1981 805 2051 Ἀρξασθαί
852 2001 911 2036 τε
952 1984 1328 2057 ἀπειροκάλως
1372 1986 1534 2052 εὐθὺς
1584 1990 1661 2041 ἀπ

1858 1979 2021 2046 Delta,
2044 2000 2076 2049 ,ι
2107 1980 2337 2036 deﬁcere
2368 1979 2675 2049 epistolam.
2697 1980 2943 2050 Cmpisse
2967 1989 3146 2035 autem
3180 1993 3370 2050 parum

151 2075 341 2146 πρώτης
368 2073 604 2144 ὁμιλίας,
650 2076 1079 2149 ἀπειροπλούτου
1120 2078 1297 2152 δίκην,
1338 2080 1663 2135 ὲνεπιδείκνυ

1858 2074 2039 2131 adeste
2062 2075 2236 2145 prima
2269 2073 2457 2129 statim
2511 2074 2961 2134 conversatione,
3002 2088 3156 2129 more
3181 2086 3370 2128 eorum

151 2162 252 2217 σθαι
279 2164 335 2218 τὸ
372 2166 470 2237 τῆς
521 2168 885 2240 προγνώσεως
929 2172 1329 2244 πλεονέκτημα,
1361 2174 1570 2246 πατέρα
1598 2193 1663 2228 κα

1857 2169 1881 2222 li
1915 2169 2085 2224 vastis
2116 2167 2323 2223 divitiis
2349 2166 2654 2228 abundant,
2699 2165 3143 2220 absconditarum
3187 2180 3369 2221 rerum

151 2256 332 2328 μητέρα
366 2258 729 2328 καταλέγοντα
773 2260 866 2315 τοῦ
908 2263 1285 2328 Ἀπολλωνίου,
1321 2266 1475 2335 γένος
1506 2284 1565 2319 τε
1600 2285 1663 2322 κα

1862 2268 1998 2316 :tare
2029 2261 2336 2323 scientiam,
2376 2267 2584 2331 patrem
2628 2259 2968 2314 recensendo
2996 2259 3266 2329 Apollonii
3318 2264 3374 2315 et

146 2348 341 2421 τροφὴν,
371 2350 462 2404 καὶ
489 2352 763 2418 παιδείαν,
805 2353 900 2408 καὶ
926 2355 1025 2419 τὰς
1052 2356 1196 2410 κατὰ
1231 2357 1456 2429 χρόνους
1487 2359 1657 2432 ἀποδη

1859 2361 2042 2419 mtrem,
2071 2362 2123 2409 et
2151 2368 2324 2425 genus
2363 2368 2547 2415 omne,
2571 2351 3063 2422 educationemque
3093 2361 3170 2421 ,et
3214 2352 3371 2406 insti-

151 2439 274 2509 μίας,
302 2442 389 2494 καὶ
417 2443 513 2514 τὴν
553 2446 612 2509 ἐς
655 2445 816 2499 αὐτὸν
863 2446 1107 2517 πορείαν,
1139 2450 1234 2502 καὶ
1275 2449 1346 2502 τὰ
1377 2452 1496 2504 κατ’
1524 2452 1659 2524 αύτὴ

1860 2443 2075 2512 tionem,
2096 2444 2374 2514 variisque
2419 2444 2761 2514 temporibus
2812 2452 3098 2513 susceptas
3126 2441 3372 2514 peregri-

146 2533 472 2604 πεπραγμένα
524 2534 675 2607 αὐτῷ
728 2537 823 2590 καὶ
863 2537 1205 2609 ὼμιλημένα.
1240 2534 1374 2593 Εἶτα
1422 2540 1479 2594 δέ
1528 2559 1658 2613 φησι

1865 2535 2062 2596 tiones,
2094 2542 2147 2590 et
2176 2534 2322 2605 quod
2351 2535 2417 2589 ad
2442 2534 2622 2605 ipsum
2651 2535 2964 2591 instituerat
2987 2535 3109 2599 iter,
3143 2548 3373 2604 quaeque

145 2612 272 2687 οὗτος
309 2625 337 2677 ὁ
385 2625 688 2698 θαυμάσιος
745 2631 1114 2702 συγγραφεὺς,
1166 2632 1292 2694 τοὺς
1341 2612 1657 2704 Βραχμᾶνας

1859 2627 1894 2683 si
1922 2627 1976 2682 in
2006 2642 2072 2683 eo
2101 2634 2252 2699 gesta
2287 2626 2502 2682 dictave
2551 2626 2787 2683 fuerant.
2830 2626 2961 2682 Inde
3001 2641 3165 2697 porro
3219 2641 3371 2696 egre-

146 2716 242 2786 ἆμα
286 2717 361 2789 τῷ
398 2720 759 2794 Ἀπολλωνίῳ,
807 2722 1173 2795 χρισαμένους
1223 2723 1524 2796 ἠλεκτρίνῳ
1557 2742 1658 2796 φαρ

1857 2737 1912 2778 us
1939 2721 2031 2776 ille
2063 2721 2298 2791 scriptor
2324 2727 2516 2775 narrat
2547 2719 2616 2786 ”,
2645 2719 2912 2775 electrino
2957 2728 3235 2790 unguento
3265 2734 3369 2773 un-

148 2807 296 2879 μὰκῳ,
320 2810 609 2867 λούσασθαι
634 2829 648 2843 ·
681 2815 776 2868 καὶ
820 2816 1182 2887 περιστάντας
1209 2816 1286 2880 ὼς
1317 2817 1375 2869 ἐν
1411 2816 1561 2890 χορῷ
1592 2819 1659 2890 τὴ

1857 2831 1910 2871 οε
1934 2813 2306 2870 Brachmanas
2334 2829 2461 2869 cum
2482 2810 2756 2885 Tyanensi
2778 2855 2793 2879 ,
2825 2813 3023 2868 balneo
3052 2828 3185 2868 usos
3214 2827 3334 2867 esse
3355 2851 3369 2869 .

143 2897 229 2969 γῆν
255 2901 408 2973 τύψαι
449 2909 570 2972 ταῖς
621 2906 869 2979 ράϐδοις’
898 2906 995 2980 τὴν
1041 2907 1098 2960 δὲ
1148 2908 1518 2981 κυρτωθεῖσαν
1563 2910 1655 2965 ἁνσ

1864 2920 2023 2974 mque
2051 2905 2390 2968 ambientes,
2425 2905 2596 2960 choro
2621 2904 2813 2974 quasi,
2869 2910 3074 2959 terram
3119 2906 3376 2975 scipioni-

145 2991 328 3063 πέμψαι
359 2998 552 3064 αὐτοὺς
577 3001 639 3065 ἐς
684 2999 883 3071 δίπηχυ
917 2999 1010 3054 τοῦ
1043 3000 1225 3073 ἀέρος,
1255 3001 1476 3055 ἑστάναι
1514 3018 1573 3055 τε
1602 3002 1657 3056 αἰ

1867 3013 1893 3051 s
1915 2994 2161 3060 fcriisse;
2193 3010 2314 3049 eam
2346 3009 2478 3049 vero
2510 2993 2565 3047 in
2601 2994 2826 3065 gibbum
2857 2995 3217 3059 resilientem,
3250 2998 3375 3051 alti-

142 3086 245 3150 τοὺς
270 3083 567 3164 μετεώρους
595 3095 653 3145 ὲν
674 3093 821 3164 αὐτῷ
843 3092 962 3165 ἀέρι
985 3092 1077 3146 ἐπί
1098 3111 1150 3146 τι
1177 3094 1370 3166 χρόνου
1396 3094 1654 3166 διάστημα

1859 3088 1979 3144 dine
2011 3086 2293 3143 bicubitali
2323 3102 2419 3143 eos
2444 3089 2498 3141 in
2546 3102 2733 3143 aerem
2790 3088 3075 3154 extulisse,
3106 3091 3371 3160 pensiles-

144 3175 292 3234 ἕλκειν
315 3181 370 3235 δὲ
400 3185 492 3237 καὶ
532 3184 646 3256 πῦρ
680 3184 787 3239 ἀπὸ
813 3184 908 3238 τοῦ
951 3185 1125 3257 ἡλίου,
1162 3187 1251 3239 ὅτε
1278 3185 1570 3256 βούλοιντο,
1598 3187 1656 3240 au!

1866 3196 1897 3236 e
1922 3178 2241 3249 aliquandiu
2273 3180 2328 3234 in
2361 3181 2480 3250 ipso
2524 3195 2651 3235 aere
2689 3180 2813 3236 illos
2839 3181 3173 3237 substitisse.
3220 3180 3375 3237 Deri-

142 3271 375 3339 τομάτως.
404 3275 629 3340 Τούτοις
659 3276 703 3328 δ’
733 3276 984 3349 ἐπιφέρει
1018 3276 1316 3349 παράδοξον
1345 3281 1373 3332 ὁ
1410 3277 1654 3350 θαυματο

1862 3286 1919 3325 re
1950 3271 2080 3325 item
2101 3284 2197 3325 eos
2220 3269 2315 3324 ubi
2347 3270 2641 3334 voluerint,
2669 3284 2736 3324 ex
2766 3270 2880 3325 sole
2908 3270 3087 3340 ignem
3110 3309 3126 3336 ,
3180 3279 3374 3341 sponte

143 3356 299 3429 λόγος·
329 3364 401 3429 ὡς
431 3367 539 3440 ἄρα
567 3367 822 3440 τρίποδες
854 3370 1080 3424 Πυθικοὶ
1101 3370 1358 3440 τέτταρες
1390 3370 1653 3443 ὲξεκυκλή

1862 3369 2130 3433 quentem.
2174 3362 2351 3432 Atque
2382 3360 2505 3417 istis
2529 3362 2786 3417 omnibus
2816 3377 2930 3417 rem
2959 3363 3118 3432 plane
3147 3366 3374 3434 stupen-

144 3450 288 3525 θησαν
314 3457 407 3529 (9),
440 3460 740 3531 αὐτόματοι
781 3461 1101 3531 φοιτῶντες
1139 3463 1232 3517 καὶ
1265 3463 1472 3527 εἰκάζει
1498 3462 1561 3533 δὴ
1592 3459 1651 3517 οὗ

1862 3470 1914 3508 m
1950 3462 2303 3525 portentosus
2332 3453 2423 3508 ille
2449 3454 2688 3523 scriptor
2710 3453 2894 3525 jungit
2924 3454 3004 3521 “;
3037 3462 3097 3510 ut
3129 3456 3373 3527 tripodes

144 3545 310 3613 αὐτοὺς
344 3554 456 3617 τοῖς
497 3552 806 3626 Ὀμηρείοις
825 3573 838 3586 ι
879 3555 1148 3626 οἰνοχόους
1188 3556 1237 3607 τ’
1267 3556 1359 3608 ἐπὶ
1385 3554 1594 3620 τούτοις
1623 3557 1656 3608 έτ

1860 3562 2008 3617 ειηρε,
2034 3544 2246 3618 Pythiis
2278 3546 2515 3611 similes,
2569 3552 2824 3615 quatuor,
2856 3553 3051 3616 sponte
3100 3563 3200 3603 sua
3252 3564 3372 3604 mo-

143 3637 316 3707 χαλκοῦ
355 3642 637 3710 διακόνους
687 3647 787 3718 τὴν
838 3645 970 3719 ὕλην
1014 3647 1123 3719 (10)
1168 3648 1346 3719 ἵστησι
1397 3648 1655 3721 τέτταρας

1863 3647 2005 3703 ntes,
2038 3639 2092 3693 in
2120 3638 2358 3693 medium
2383 3638 2791 3707 processerint;
2826 3653 3032 3708 eosque
3065 3638 3372 3697 Homericis

153 3729 389 3803 Ἐπιλέγει
410 3736 466 3790 δὲ
498 3738 575 3803 ὡς
608 3738 735 3811 ἆραι
756 3740 849 3793 καὶ
878 3741 912 3811 ὴ
938 3739 1006 3810 γῆ
1028 3739 1347 3810 αὐτομάτως
1376 3739 1665 3811 ὑπεστρών·

1860 3731 2002 3787 niles
2027 3746 2151 3787 esse
2200 3731 2294 3784 ait.
2340 3728 2639 3785 Pincernas
2691 3737 2874 3784 autem
2906 3730 2973 3786 iis
3022 3746 3090 3786 ex
3144 3745 3292 3795 iere,
3323 3733 3372 3788 si

141 3837 245 3878 νυτο
279 3828 455 3894 αὐτοῖς
488 3832 647 3895 πόας.
679 3831 801 3885 Τῶν
839 3831 896 3885 δὲ
927 3831 1196 3904 τριπόδων
1233 3832 1283 3885 οἱ
1319 3832 1416 3902 μὲν
1443 3830 1556 3896 δύο,
1588 3849 1653 3904 φη

1859 3820 2078 3878 ateriam
2126 3829 2365 3892 spectes,
2394 3821 2486 3892 qui
2524 3820 2935 3889 ministrarent,
2985 3823 3178 3895 statuit
3233 3840 3371 3895 qua-

144 3915 231 3981 σὶν,
266 3918 401 3975 οἴνου
432 3920 727 3997 ἀπέρρεον,
772 3927 819 3979 oi
858 3925 915 3978 δὲ
958 3924 1134 3994 ἕτεροι
1169 3925 1282 3988 δύο,
1311 3926 1340 3977 ὁ
1374 3925 1472 3996 μὲν
1500 3924 1656 3980 ῦδατο

1862 3930 1941 3970 or.
1974 3913 2139 3969 Addit
2166 3914 2333 3969 etiam
2357 3954 2373 3981 ,
2412 3919 2474 3968 ut
2522 3922 2666 3970 terra
2715 3919 2909 3983 sponte
2952 3913 3201 3984 gramina
3242 3915 3374 3971 sub-

142 4003 316 4081 θερμοῦ
364 4019 561 4088 κρᾶσιν
606 4021 888 4090 παρεῖχεν,
933 4021 962 4072 ὁ
1002 4018 1049 4072 δ’
1087 4013 1153 4071 αὖ
1190 4017 1418 4090 ψυχροῦ.
1462 4018 1654 4083 Τοὺςὸ

1858 4007 2075 4064 raverit.
2099 4006 2399 4078 Tripodum
2424 4015 2603 4062 autem
2630 4005 2791 4061 binos
2821 4006 2898 4060 ait
2924 4008 3052 4061 vino
3084 4021 3370 4072 manasse,

139 4102 376 4176 (οἰνοχόους
424 4113 554 4176 τοὺς
587 4110 824 4183 χαλκοῦς
872 4109 1136 4183 ἀρύεσθαι
1188 4110 1467 4184 εύμέτρως
1508 4109 1602 4164 τοῦ
1629 4128 1651 4164 ⁸1

1863 4101 2132 4172 liquorum
2190 4115 2323 4156 vero
2379 4101 2610 4155 alterum
2656 4100 2847 4155 calida:
2895 4098 3261 4156 admiscenda
3288 4117 3375 4157 co-

139 4191 259 4250 οἷνου
307 4201 525 4257 καὶτοῦ
580 4203 771 4268 ὓδατος
790 4220 804 4233 ·
852 4203 1224 4275 περιελαύνειν
1265 4221 1327 4274 γε
1371 4204 1554 4277 κύκλῳ
1594 4204 1651 4258 τὰ

1860 4209 1936 4248 am
1964 4193 2181 4260 fecisse,
2215 4194 2444 4249 alterum
2487 4192 2733 4264 frigidae;
2774 4209 3055 4264 aereosque
3083 4194 3372 4265 pincernas

141 4286 359 4359 κύλικας,
389 4295 581 4371 ὥσπερ
601 4298 658 4350 έν
680 4300 793 4362 τοῖς
816 4297 999 4361 πότοις
1026 4297 1158 4373 (11).

1857 4301 1979 4341 num
2014 4287 2218 4358 pariter
2250 4293 2305 4341 et
2352 4300 2550 4357 aquam
2595 4288 2745 4358 larga
2797 4286 3050 4344 hausisse
3083 4302 3369 4353 mensura;

1792 4380 1992 4434 calices
2020 4378 2171 4435 enim
2201 4379 2556 4435 circumlatos
2589 4394 2732 4444 esse,
2767 4386 2829 4434 ut
2861 4379 2975 4434 tleri
3009 4380 3067 4434 in
3096 4389 3375 4450 compota-

1793 4471 2036 4527 tionibus
2066 4470 2290 4528 assolet.

644 4566 824 4618 ΚΕΦᾹ
833 4566 1041 4618 ΛΑΙΟΝ
1077 4567 1162 4619 K'.

2292 4560 2451 4633 525
2487 4561 2715 4619 CAPUT
2752 4560 2869 4615 xx.

197 4647 367 4706 Ταῦτα
410 4656 688 4728 Ἱεροκλεῖ,
715 4656 785 4711 τὰ
806 4657 1067 4711 ἀνωτάτω
1097 4656 1207 4728 (12)
1235 4658 1329 4711 καὶ
1373 4657 1601 4713 καθόλου
1624 4659 1698 4713 δι-

1868 4653 1973 4711 lsta
2018 4652 2293 4720 Hierocli,
2341 4652 2614 4724 supremis
2662 4653 2718 4706 in
2769 4650 3372 4722 provinciis—praefecto

140 4745 382 4818 καπήρια
446 4751 885 4822 πεπιστευμένῳ,
935 4749 1074 4822 μετὰ
1133 4749 1332 4821 πολλῆς
1390 4750 1652 4806 ἀνετάσειι

1861 4749 2127 4814 casteriis,
2166 4750 2336 4803 multa
2362 4745 2612 4801 instituta
2647 4744 3067 4815 disquisitione,
3093 4758 3221 4798 vera
3251 4759 3373 4801 esse

206 4934 249 4970 ⁵⁸
283 4938 375 4996 lib.
410 4957 496 5009 ιιι,
528 4959 581 4998 c.
616 4942 706 4997 17.
782 4943 827 4976 ⁸⁸
865 4944 962 5000 lib.
1002 4960 1094 5010 ιιι,
1129 4959 1180 5000 c.
1216 4945 1309 5002 27.

199 5092 268 5170 (8)
304 5102 681 5170 Hpoo'eursi’r.
734 5101 814 5157 lta
840 5118 908 5158 ex
934 5101 1267 5156 Philostrato
1302 5098 1689 5168 scribendum;
1725 5110 1769 5166 ι)
1799 5098 1972 5154 invito
1997 5098 2195 5170 linguae
2214 5098 2396 5169 genio,
2420 5111 2540 5152 eam
2564 5098 2751 5170 itaque
2771 5095 2948 5154 omitti
2974 5094 3136 5168 plane
3160 5095 3369 5162 malim,

140 5169 262 5244 male
283 5169 422 5244 enim
454 5175 511 5229 in
542 5174 706 5230 editis
733 5173 954 5244 Eusebii
981 5181 1064 5228 est
1095 5174 1395 5244 προειπεῖν.
1462 5241 1472 5244 _
1644 5242 1652 5244 _

982 5181 1064 5228 est
1095 5174 1395 5244 προειπεῖν.
1462 5241 1472 5244 _
1644 5242 1656 5244 _
1797 5169 2110 5244 nihilenim
2133 5184 2195 5223 ea
2226 5178 2494 5244 est_opus_.

193 5236 269 5316 _(9)
317 5241 868 5314 Ἐξεκυκλήθησαν.
895 5241 1013 5316 Vox
1044 5244 1097 5296 in
1133 5236 1363 5298 theatris
1392 5241 1590 5316 usitata
1625 5242 1696 5297 de

1872 5240 1983 5316 (11)
2023 5240 2253 5316 Πότοις.
2288 5236 2426 5316 Male
2466 5239 2522 5294 in
2554 5240 2719 5316 editis
2749 5237 3054 5316 habebatur
3083 5240 3368 5316 ποταμοῖς,

140 5303 258 5382 illis,
276 5303 684 5381 quae'machin'is
709 5303 947 5370 'orcultis
973 5314 1027 5368 in
1057 5329 1279 5369 scenam
1315 5313 1694 5382 provehebau-
1797 5303 1942 5382 quod
1966 5303 2164 5367 secure
2188 5303 2350 5367 nimis
2373 5319 2598 5366 secutus
2622 5312 2725 5366 fuit
2751 5310 3032 5382 Accioius,
3055 5309 3147 5379 qui
3170 5303 3335 5382 vertit
3356 5324 3369 5340 υ

140 5378 443 5453 tltr;utitur
468 5386 681 5448 eadem,
715 5385 807 5440 ubi
840 5386 908 5439 de
936 5385 1021 5441 his
1051 5378 1450 5453 Brachmahum
1485 5384 1695 5440 artibus
1800 5378 1905 5438 Sed
1936 5391 1987 5453 et
2017 5381 2216 5453 calices
2238 5392 2385 5437 actos
2412 5382 2467 5434 in
2486 5398 2675 5452 gyrum
2696 5381 2850 5453 quasi
2873 5378 3130 5453 vorticoso
3155 5378 3375 5453 ﬂumine

141 5442 382 5527 loquitur,
399 5453 442 5508 Τ
448 5442 740 5527 hespesion
766 5456 1209 5527 gymnosophista
1225 5454 1378 5527 apud
1394 5452 1696 5508 Philostra-
1797 5451 2158 5527 impellebagt.
2173 5451 2255 5527 Eo
2277 5453 2449 5527 tutius
2472 5442 2651 5527 autem
2677 5442 2861 5527 πότοις
2883 5442 3206 5527 substituas,
3224 5451 3370 5527 quod

141 5520 463 5595 ιιιιιι-Ιίοένι,
491 5520 565 5582 ῡέ
605 5529 713 5581 vita
744 5520 1048 5594 Apollonii,
1068 5541 1187 5595 cap.
1214 5520 1308 5595 10.
1334 5523 1479 5579 Loco
1508 5532 1694 5595 autem
1799 5520 1917 5593 ipsa
1956 5525 2046 5577 hic
2089 5521 2406 5595 Philostrati
2461 5523 2626 5595 verba
2666 5522 2957 5595 retinuerit
2991 5520 3371 5595 Eusebius._in

142 5586 354 5668 abibam
390 5586 704 5668 referuntur
741 5586 962 5667 proprio
998 5586 1224 5651 verbum
1263 5593 1654 5668 ὲξεπορεύθησσ

1858 5596 1963 5663 tjus
1992 5600 2164 5668 t_extu_
2182 5593 2365 5668 πότοις
2401 5593 2663 5668 codicum
2685 5592 2955 5668 omnium
2987 5606 3260 5647 consensu
3294 5592 3370 5668 le-

141 5649 381 5735 Pbilostr.
418 5649 693 5722 adhibuit.—
743 5649 765 5665 τ
817 5649 889 5667 τ
942 5649 952 5651 ἡ
1305 5649 1323 5661 ’
1386 5649 1442 5735 ς
1804 5649 1970 5735 αἰίιιιι.
1998 5662 2258 5735 Eamdem
2291 5649 2575 5735 lectionem
2608 5662 2936 5718 Salmasium
2966 5677 3183 5734 quoque
3203 5662 3371 5717 reSti‘

205 5728 307 5811 (10)
344 5737 586 5811 Χαρῖκοῦ
615 5736 934 5811 διακόνους
977 5736 1093 5811 τὴν
1131 5735 1310 5811 ὕλην.
1357 5733 1528 5806 Ᾱζενθ
1560 5734 1692 5790 mihi

1041 5754 1093 5808 ιν
1131 5735 1310 5811 ὕλην.
1357 5733 1528 5806 Ᾱζειδο
1560 5734 1692 5790 mihi
1802 5728 1998 5811 fuisse,
2025 5733 2553 5811 postanimadverti.

122 5793 263 5879 facit
291 5793 393 5861 τοι
420 5806 701 5879 διακόνους
731 5793 1053 5879 interposita
1097 5793 1555 5879 vocibus_nat'nra
1589 5821 1634 5879 st

1871 5793 1995 5876 (12)
2025 5793 2104 5861 Τὰ
2132 5803 2429 5879 ἀνωτάτω,
2459 5812 2567 5862 etc.
2605 5803 2805 5861 Eadem
2839 5802 3020 5864 verbis
3050 5801 3246 5863 iisdem
3276 5801 3374 5858 ba—

142 5870 542 5948 conjungendis,
572 5870 754 5951 neque
789 5870 894 5935 hac
925 5881 1137 5935 ratione
1182 5876 1529 5943 divellendis,
1578 5875 1688 5931 nisi
1797 5870 1895 5933 bes
1928 5870 2116 5947 supra,
2149 5889 2267 5946 cap.
2302 5874 2354 5930 5.
