3830 6260
209 439 293 500 829
315 462 321 470 ·
1294 436 1497 493 LIBER
1535 433 1815 492 CONTRA
1852 429 2272 490 HlEltOCLEM.

3301 421 3408 477 830

206 554 463 628 Πυγμαίων
496 550 685 613 ἄλλων,
735 550 830 605 καὶ
866 552 1179 606 ..κιαπόδων
1223 554 1489 626 ἀνερωτᾷ.
1538 555 1649 609 Καὶ
1685 571 1710 607 ε

1836 552 1995 607 nem!
2026 549 2401 620 Interrogasse
2425 546 2553 603 item
2582 545 2651 602 de
2673 542 2987 599 hominibus
3018 541 3409 596 subterraneae

204 651 403 720 γίγνοιτο
421 645 543 717 ⁸παρ’
569 643 750 708 αὐτοῖς
777 642 915 708 ζὼον
939 647 1260 718 τετράπουν,
1291 635 1320 702 ὃ
1342 647 1557 716 λέγεται
1582 649 1734 702 Μαν-

201 739 358 812 τιχόρα
383 736 507 808 (l9),
529 736 557 790 ὃ
582 736 679 808 τὴν
703 737 941 810 κεφαλὴν
961 738 1233 812 ἀνθρώπῳ
1255 739 1528 807 είκάσθαι,
1558 740 1731 794 λέοντι

198 832 245 887 δὲ
282 826 571 901 ὡμοιῶσθαι
607 826 669 880 τὸ
721 827 970 898 μέγεθος,
1020 828 1119 901 τὴν
1158 830 1215 883 δὲ
1256 828 1423 902 οὐρὰν
1480 828 1731 899 ἐκφέρειν

196 920 432 993 πηχυαίας
462 918 553 971 καὶ
593 917 922 984 ἀκανθώδεις
961 919 1061 984 τὰς
1106 921 1298 992 τρίχας
1326 919 1435 991 (20)
1462 961 1478 985 ,
1503 920 1569 982 ἃς
1610 918 1733 989 βάλ-

192 1015 284 1067 λειν
302 1011 473 1081 ὥσπερ
490 1010 793 1082 τοξεύματα
820 1014 877 1075 ἐς
897 1014 1022 1077 τοὺς
1045 1011 1346 1084 θηρῶντας.
1371 1012 1480 1066 Καὶ
1504 1011 1730 1066 τοιαῦτα

191 1103 274 1177 μὲν
310 1103 393 1157 τὸν
439 1101 788 1157 ’Δπολλώνιον
830 1105 1106 1176 ἀνερωτᾷν
1128 1120 1145 1136 ⁸
1178 1106 1270 1159 τὸν
1308 1105 1365 1158 δὲ
1412 1107 1630 1177 Ἰάρχαν
1657 1106 1730 1159 δι-

186 1194 373 1251 δάσκειν
416 1194 574 1249 αὐτὸν
603 1197 732 1267 περὶ
762 1196 860 1267 μὲν
896 1197 1004 1250 τῶν
1036 1197 1353 1269 Πυγμαίων,
1385 1197 1460 1262 ὼς
1487 1197 1594 1270 ἄρα
1618 1192 1727 1250 εἷεν

185 1286 425 1350 οἰκοῦντες
448 1284 544 1358 μὲν
577 1287 840 1356 ὑπόγειοι,
864 1287 1229 1360 διατρίὸοντες
1255 1290 1312 1342 δὲ
1338 1290 1443 1343 ὑπὸ
1468 1290 1557 1343 τὸν
1586 1290 1728 1357 Γάγ-

182 1396 267 1449 γην
293 1378 525 1449 ποταμὸν
569 1376 771 1444 ζῶντες
794 1397 807 1411 ’
842 1381 969 1453 περὶ
1007 1382 1064 1436 δὲ
1120 1382 1229 1438 τῶν
1267 1382 1472 1447 ἄλλων,
1514 1383 1590 1447 ὡς
1632 1383 1726 1436 ἁν-

122 1470 125 1471 ⁷
182 1469 403 1540 ύπαρκτα
433 1468 539 1542 εἴη.

128 1760 134 1767 ε
650 1690 1047 1743 κεφΑΑΑιυΝ
1087 1691 1212 1744 Kl".

234 1781 402 1852 Ἔριον
435 1780 528 1832 ἐπὶ
575 1780 789 1847 τούτοις
841 1784 1106 1855 φυόμενον
1151 1786 1335 1849 αὐτοῖς
1372 1786 1481 1838 ἀπὸ
1514 1786 1618 1858 γῆς
1663 1787 1719 1850 ἐς

173 1870 370 1943 ἐσθῆτος
400 1871 527 1943 ὓλην
555 1874 583 1926 ό
615 1873 969 1947 Φιλόστρατος
1001 1864 1328 1947 ἀναγράφει,
1364 1877 1581 1941 πάντως
1626 1877 1721 1949 δή-
1751 1901 1793 1956 Β

170 1980 255 2017 που
296 1963 397 2017 τῶν
442 1964 749 2035 φιλοσόφων
795 1968 938 2021 ἱστὸν
988 1970 1378 2040 ἐποιχομένων,
1413 1970 1506 2023 καὶ
1553 1968 1717 2024 ταλα-

166 2056 437 2127 σιουργίαις
480 2058 538 2121 ἐς
584 2058 814 2129 ἐσθῆτος
879 2061 1243 2133 κατεργασίαν
1306 2062 1717 2132 ὲκπονουμένων

167 2148 288 2217 (οὐδὲ
318 2148 421 2221 γὰρ
453 2150 705 2221 εἰσῆκται
746 2152 856 2223 (ει)
891 2154 1018 2224 παρ’
1057 2154 1240 2218 αὐτοῖς
1282 2157 1589 2223 γυναικεῖον
1617 2154 1717 2223 φῦ-

166 2241 286 2307 λον),
312 2242 358 2294 ει
391 2240 464 2312 μὴ
507 2243 608 2295 καὶ
634 2243 792 2297 τοῦτο
824 2246 1046 2316 φήσειεν
1076 2247 1382 2317 αὐτόματον
1408 2248 1589 2311 αὐτοῖς
1612 2264 1715 2301 πα-

164 2331 373 2401 ραδόξως
423 2332 489 2386 δι’
542 2334 728 2406 ἱερέας
773 2337 887 2407 (22)
936 2339 996 2401 ἐς
1061 2337 1265 2409 ἐσθῆτα
1319 2338 1711 2410 μεταφύεσθαι.

161 2421 327 2495 Φέρειν
352 2423 395 2478 δ’
416 2426 646 2481 ἕκαστον
672 2428 852 2482 αὐτῶν
875 2429 1069 2500 ῥάϐδον
1093 2431 1187 2483 καὶ
1215 2429 1517 2495 δακτύλιον,
1550 2430 1716 2503 ἀπόρ-

163 2519 301 2588 ρητον
330 2516 519 2588 ἔχοντα
570 2522 747 2593 ἰσχύν.
788 2519 924 2576 Εἶτα
958 2521 1400 2593 παραδοξοποιίαι
1445 2522 1539 2576 τοῦ
1578 2523 1714 2595 Βρα-

160 2610 358 2677 χμᾶνος,
391 2610 464 2674 ὡς
493 2612 835 2685 δαιμονῶντα
879 2614 946 2668 δι’
971 2616 1259 2687 ἐπιστολῆς
1303 2615 1708 2682 ἀνακαλέσοιτο,

159 2698 222 2760 ὠς
245 2700 536 2770 χωλεύοντα
573 2705 892 2778 καταψήσας
920 2707 1011 2761 τὸν
1038 2707 1263 2777 γλουτὸν
1305 2707 1709 2779 θεραπεύσειεν,

157 2789 221 2854 ὡς
260 2794 433 2866 τυφλῷ
470 2797 533 2850 τὸ
576 2796 819 2867 βλέπειν,
850 2801 946 2854 καὶ
991 2799 1212 2870 ἁδρανεῖ
1254 2818 1363 2855 τινι
1408 2801 1508 2871 τὴν
1554 2803 1713 2871 χεῖρα

159 2880 282 2937 σώαν
312 2887 604 2960 χαρίζοιτο.

638 3184 1033 3237 ΚΕΦΑΛΑΙΟΝ
1066 3184 1157 3237 ΚΔ
1177 3225 1191 3238 .

1836 644 2088 714 regiones
2127 639 2527 703 incolentibus,
2563 637 2686 693 aliis
2736 638 2866 692 item
2916 635 3010 707 qui
3044 634 3269 706 pygmaai
3320 632 3407 687 di-

1833 743 2051 802 cantur,
2083 742 2137 789 et
2173 731 2540 802 umbripedes.
2572 731 2658 784 An
2684 731 2810 786 item
2845 729 2989 800 apud
3021 743 3117 783 eos
3164 726 3406 797 quadm—

1832 842 1928 897 pes
1951 828 2170 882 obvium
2200 828 2273 882 sit
2304 823 2529 887 animal,
2562 820 2918 885 Mantichora,
2949 820 3096 891 quod
3126 819 3403 873 hominem

1831 921 2011 990 capite
2043 918 2264 979 referat.
2296 916 2441 971 mole
2473 914 2725 985 corporis
2755 913 2964 968 leonem
2992 917 3256 981 exazquet,
3282 923 3407 964 cau-

1828 1012 2018 1083 daeque
2054 1013 2176 1067 loco
2213 1010 2494 1080 promittat
2529 1006 2795 1062 cubitales
2843 1012 3021 1069 setas,
3051 1002 3301 1056 acanthis
3329 1002 3403 1054 ai-

1828 1104 2008 1166 miles,
2038 1119 2177 1174 quas
2211 1102 2377 1157 veluti
2416 1100 2645 1171 sagittas
2684 1098 2739 1151 in
2786 1105 3074 1151 venatores
3108 1094 3402 1164 jacnletur.

1825 1195 2003 1266 Atque
2028 1195 2143 1251 haec
2173 1192 2526 1265 Apollonium
2571 1189 2790 1261 quidem
2832 1186 2954 1259 {ait}
2998 1188 3401 1256 interrogasse,

1837 1286 2081 1342 larcham
2114 1295 2295 1341 autem
2319 1288 2387 1340 de
2409 1283 2668 1356 pygmaeis
2694 1281 2917 1351 quidem
2952 1295 3076 1334 eum
3111 1279 3365 1333 domuisse
3383 1319 3400 1341 ,

1827 1381 2210 1435 subterraneas
2234 1393 2431 1448 specus
2452 1393 2549 1433 eos
2583 1377 2850 1441 habitare,
2878 1373 2982 1429 sub
3018 1372 3206 1441 Gange
3238 1370 3403 1423 ﬂuvio

1824 1473 1990 1527 vitam
2049 1473 2341 1543 degentes;
2403 1471 2472 1528 de
2524 1472 2739 1525 caeteris
2791 1481 2920 1522 vero
2943 1509 2969 1547 ,_
3022 1465 3275 1534 nuspiam
3336 1477 3401 1517 ea

1823 1567 2109 1622 exsistere.

2272 1653 2435 1725 526
2470 1646 2696 1705 CAPUT
2734 1644 2922 1701 xxm.

1893 1748 2162 1804 Praeterea
2204 1748 2385 1825 lanam
2435 1755 2828 1801 commemorat
2876 1739 3243 1795 Philostratus
3290 1731 3337 1763 "
3369 1746 3403 1788 ο

1821 1852 1968 1896 terra
1993 1841 2103 1895 illis
2126 1839 2557 1910 provenientem,
2592 1847 2652 1890 ut
2685 1835 2931 1890 vestibus
2953 1836 3235 1889 materiam
3262 1847 3396 1903 pra:-

1822 1936 1981 2000 beat;
2016 1933 2358 2004 philosophis
2386 1946 2581 2000 nempe
2617 1928 2835 2000 pectine
2862 1928 3000 1981 telas
3022 1926 3245 1980 omnino
3273 1940 3398 1994 per-

1816 2025 2188 2091 currentibus,
2235 2033 2289 2079 et
2324 2022 2624 2077 laniﬁcium
2668 2023 2735 2074 ad
2778 2028 2959 2074 vestes
3000 2015 3400 2087 comparandas

1814 2118 2195 2173 exercentibus
2242 2116 2442 2186 (neque
2486 2115 2632 2170 enim
2682 2113 2967 2168 muliebris
3010 2126 3175 2166 sexus
3206 2118 3402 2163 contu-

1814 2210 2007 2266 bcrnio
2040 2210 2183 2280 apud
2216 2225 2311 2265 eos
2356 2208 2731 2280 admittitur),
2779 2206 2887 2261 nisi
2931 2212 2985 2260 et
3026 2205 3205 2257 lanam
3252 2202 3404 2256 dicat

1814 2313 2008 2375 sponte
2025 2319 2123 2359 sua
2147 2303 2291 2375 apud
2317 2318 2412 2357 eos
2435 2302 2701 2357 miraculo
2714 2300 2950 2372 quodam
2978 2301 3029 2353 in
3054 2296 3398 2352 sacerdotum

1814 2397 2048 2468 gratiam
2120 2394 2505 2450 transformari
2574 2394 2632 2448 in
2688 2400 2890 2449 vestes.
2957 2389 3183 2446 Gestare
3237 2403 3400 2459 porro

1812 2489 2064 2561 quemvis
2099 2503 2287 2544 eorum
2326 2486 2585 2542 baculum
2610 2484 2781 2541 refert
2804 2496 2855 2540 et
2882 2484 3165 2549 annulum,
3198 2494 3398 2535 arcana

1812 2589 2162 2652 praestantem
2207 2580 2428 2635 virtute.
2493 2575 2811 2651 Sequuntur
2860 2575 2987 2630 inde
3040 2573 3399 2629 Brachmanis

1815 2674 2103 2753 miracula,
2144 2680 2204 2727 ut
2241 2673 2486 2727 daemone
2533 2671 2675 2724 malo
2707 2676 3018 2738 correptum
3066 2666 3236 2721 missa
3282 2665 3399 2735 epi-

1813 2764 1953 2818 stola
2001 2752 2308 2818 restituerit
2340 2760 2409 2827 ⁸⁸,
2448 2766 2509 2813 υι
2544 2760 2671 2812 item
2710 2758 2830 2812 solo
2870 2764 3075 2810 attactu
3111 2770 3265 2818 eum,
3301 2752 3397 2823 qui

1812 2857 2053 2911 lunatam
2088 2855 2325 2910 habebat
2373 2852 2677 2924 apophysin
2710 2851 2857 2907 ossis
2890 2849 3117 2918 majoris
3148 2846 3395 2913 femoris,

1711 2936 1717 2943 ’
1811 2949 2089 3006 sanaverit
2126 2949 2172 2980 ⁸⁸
2207 2967 2221 3002 :
2254 2955 2313 3002 ut
2350 2947 2526 3001 oculis
2552 2945 2680 3000 item
2736 2954 2897 3014 capto
2952 2941 3131 2996 visum
3158 2984 3172 3005 ,
3230 2947 3396 3009 atque

1810 3057 1978 3096 manu
2007 3040 2299 3107 laboranti,
2332 3039 2599 3110 integram
2632 3051 2753 3091 eam
2781 3032 3083 3090 restituerit
3114 3032 3180 3083 ⁸⁸.

2376 3168 2606 3225 CAPUT
2648 3165 2838 3221 XXIV.

211 3274 373 3331 Πολλὰ
390 3276 613 3347 κάγαθὰ
631 3277 838 3347 γένοιτο
860 3279 1201 3350 πραγμάτων
1219 3279 1367 3349 ἡμᾶς
1387 3276 1712 3330 ἀπολύσαντι

1885 3267 2032 3323 Bene
2079 3268 2298 3324 eveniat
2334 3265 2568 3328 auctori,
2617 3265 2712 3334 qui
2755 3279 2857 3318 nos
2903 3276 3072 3332 opera
3121 3260 3394 3316 sublevat.

151 3362 249 3434 (23)
278 3367 351 3439 τῷ
386 3372 717 3440 συγγραφεῖ.
777 3369 922 3440 Δῆλα
952 3369 1061 3442 γὰρ
1086 3369 1166 3433 ὡς
1195 3368 1368 3440 ἀληθῆ
1403 3367 1711 3431 καὶταῦτα,

149 3452 224 3507 ὅτε
254 3455 472 3527 βροντάς
508 3477 572 3513 τε
613 3458 707 3512 καὶ
746 3459 982 3530 ἀνέμους
1014 3460 1072 3514 ὲν
1107 3458 1317 3523 πίθοις,
1365 3457 1621 3530 τρίποδάς
1652 3474 1714 3510 τε

148 3543 203 3597 ὲκ
227 3544 363 3601 λίθου
402 3549 704 3618 φοιτῶντας
742 3550 1063 3620 αὐτομάτως
1092 3589 1107 3612 ,
1170 3550 1265 3601 καὶ
1300 3549 1568 3620 οἰνοχόους
1606 3548 1714 3601 ἀπὸ

147 3634 324 3704 χαλχοῦ
355 3639 733 3712 περιελαύνειν
764 3642 821 3693 ὲν
860 3639 1043 3709 κύκλῳ
1074 3637 1173 3702 τὰς
1205 3637 1430 3701 κύλικας
1462 3641 1714 3709 προϊστο-

148 3728 316 3798 ρήσας,
342 3730 429 3784 διὰ
454 3733 555 3803 τῆς
586 3733 714 3804 περὶ
736 3731 936 3786 τούτων
957 3772 971 3794 ,
1002 3732 1077 3795 ὡς
1103 3729 1319 3802 ἀληθῶν
1337 3772 1351 3793 ,
1381 3731 1709 3801 ἀφηγήσεως

144 3818 225 3871 καὶ
249 3819 351 3875 τῶν
371 3822 577 3876 λοιπῶν
598 3808 850 3878 ἁπάντων
884 3822 1108 3895 ἐξέφηνέ
1138 3840 1197 3875 τε
1226 3823 1320 3876 καὶ
1346 3821 1590 3894 ὄιήλεγξε
1610 3822 1709 3894 τὴν

145 3909 472 3981 μυθολογίαν.

626 4006 1023 4059 ΚΕΦΑΛΑΙΟΝ
1069 4007 1199 4062 KE'.

201 4091 484 4165 Είρηκέναι
513 4096 574 4149 δέ
601 4113 764 4167 φησιν
792 4099 820 4151 ό
843 4097 1200 4167 Φιλόστρατος
1226 4097 1317 4152 τὸν
1343 4097 1514 4169 Δάμιν
1539 4140 1553 4163 ,
1583 4096 1706 4168 δίχα

138 4182 225 4252 τῆς
253 4187 412 4241 αὑτοῦ
446 4188 750 4261 παρουσίας
775 4190 870 4242 καὶ
894 4190 973 4261 τῷ
1014 4191 1198 4263 Ἰάρχᾳ
1246 4190 1709 4261 συμφιλοσοφῆσαι

137 4273 218 4327 τὸν
246 4277 597 4333 Ἀπολλώνιον
618 4320 633 4344 ,
656 4279 931 4351 εἰληφέναι
958 4297 1019 4333 τε
1053 4283 1181 4352 παρ’
1205 4279 1367 4333 αὐτοῦ
1392 4280 1712 4342 δακτυλίους

225 4438 270 4470 ⁸³
305 4439 400 4495 lib.
438 4458 526 4509 ιιι,
551 4457 603 4496 c.
637 4444 723 4499 l5.
826 4444 875 4476 “
912 4444 1009 4499 lib.
1041 4459 1133 4509 ιιι,
1164 4458 1216 4497 c.
1248 4444 1340 4499 58.

134 4520 181 4562 c.
206 4508 292 4565 27.
367 4514 415 4545 ⁸⁸
447 4514 545 4570 lib.
578 4529 673 4580 ιιι,
705 4530 757 4568 c.
789 4515 880 4569 41.

131 4800 225 4879 bus
243 4800 453 4879 gratio,
489 4800 630 4879 quas
661 4800 727 4864 ex
766 4809 1099 4865 Philostrato
1133 4812 1357 4879 proinde
1395 4814 1692 4868 restituen-

126 4871 219 4996 ﬁs
241 4871 476 4999 l‘éu'sebio
498 4871 829 4952 putavimus,
862 4882 1066 4953 pariter
1089 4871 1153 4937 ac
1179 4882 1425 4936 voculam
1452 4884 1546 4937 καί
1570 4892 1698 4941 ante

196 4962 256 4997 αν
290 4966 474 4999 ωοεις.

163 4960 474 5014 κανυωοεις.

195 5014 299 5088 (21)
340 5020 656 5093 Εἰσῆκται.
684 5019 803 5075 Vox
833 5020 1055 5077 Eusebii
1083 5030 1242 5077 aetate
1264 5024 1319 5078 in
1348 5023 1452 5078 hoc
1476 5024 1701 5093 nogotio

128 5080 589 5171 frequeiitjssiii}_a,
624 5092 756 5171 i_nde_
795 5093 1134 5171 συνείσακτοι
1164 5094 1320 5171 dictae
1335 5080 1582 5156 feminae:
1606 5109 1703 5146 va-

127 5162 219 5235 riis
250 5162 576 5217 ministeriis
600 5163 924 5235 destinatae,
978 5174 1031 5218 et
1064 5165 1118 5218 in
1152 5165 1499 5227 clericorum,
1546 5180 1702 5219 seve-

128 5233 317 5284 riorem
360 5235 529 5286 etiam
560 5233 726 5286 vitam
777 5234 1171 5303 professorum,
1221 5235 1581 5290 contubernio
1614 5234 1700 5289 vi-

128 5306 328 5374 ventes,
373 5304 444 5357 de
465 5304 691 5374 _quibus
737 5305 907 5358 multa
954 5305 1009 5359 in
1052 5305 1289 5374 antiquis
1330 5305 1697 5361 Ecclesiarum

124 5372 441 5453 ςτιιῐιιιιιίιιιιεἶ
464 5371 803 5453 Epiphanius
827 5376 975 5453 ham.
994 5390 1125 5428 unt
1153 5371 1220 5431 de
1247 5376 1483 5446 quodam
1501 5378 1564 5453 in
1588 5376 1700 5453 Pa-

124 5436 325 5523 laestina
342 5436 642 5523 episcopo,
668 5446 762 5523 qui
788 5460 818 5499 e
841 5444 1219 5523 confessornm
1245 5436 1475 5501 numero
1496 5447 1693 5523 fuerit:

56 5530 72 5563 r.
132 5507 455 5591 ’ξὶσχηκότος
553 5507 826 5591 ’τοιαύτας
839 5516 1698 5591 γυναῖκας,λέξυπηρξζουμένας

50 5592 59 5621 1
122 5584 284 5653 αυτῷ,
304 5584 468 5653 ,φημὶ
487 5584 547 5636 δὲ
572 5585 1032 5653 συνεισάκτους.
1080 5586 1224 5641 idem
1256 5588 1324 5641 de
1356 5584 1645 5642 Hierdcitis
1673 5606 1692 5642 :

123 5646 482 5735 ξλευάζονται
499 5654 809 5735 τελειότατα
908 5656 974 5735 ας
991 5646 1287 5735 κέκτῃνται
1307 5657 1533 5722 ἕκαστος
1553 5674 1697 5711 συν-

120 5725 436 5798 εισάκζοιξς
484 5725 886 5798 γυναῖκας,-Αᾷι”
930 5727 996 5789 ἃς
1032 5725 1256 5798 εἰώθασι
1306 5728 1702 5798 φιλοτιμεῖσθαι

123 5784 258 5873 ἔχειν
271 5791 350 5854 εἷς
363 5784 902 5873 ῠᾶττιρεᾳίακξνὶιιεε
923 5784 1308 5873 σιῖνεισακτους
1319 5784 1429 5852 ’(1ὶεί
1445 5784 1704 5853 niulieres

126 5857 262 5926 illas,
284 5877 408 5934 quae
439 5857 718 5922 ministerii
746 5882 912 5925 causa
946 5884 1070 5925 cum
1106 5867 1231 5925 istis
1262 5857 1577 5926 hominibus
1619 5868 1702 5923 vi-

345 4738 461 4804 Τὰς
487 4740 718 4806 τρίχας.
749 4739 936 4794 Manca
970 4742 1194 4794 omnino
1231 4741 1350 4796 sine
1385 4738 1506 4797 istis
1544 4738 1692 4797 voci-

1437 4445 1486 4477 ³⁸
1526 4446 1621 4501 lib.
1658 4462 1755 4511 ιιι,
1803 4461 1854 4501 c.
1899 4444 1989 4501 39.

1816 3357 2020 3427 Nempe
2049 3372 2214 3425 quam
2242 3371 2368 3411 vera
2397 3357 2501 3410 ista
2544 3355 2655 3410 sint
2680 3353 2845 3407 etiam
2901 3350 3253 3406 manifestum
3286 3357 3391 3411 est,

1814 3449 2035 3523 quando
2065 3450 2307 3504 tonitrua
2337 3457 2642 3518 ventosque
2678 3446 2733 3500 in
2767 3446 2932 3499 doliis
2957 3445 3025 3507 ⁸⁷,
3067 3451 3121 3497 et
3148 3444 3396 3513 tripodas

1813 3560 1879 3601 ex
1906 3558 2041 3600 saxo
2079 3542 2304 3614 proprio
2355 3548 2506 3594 motu
2563 3538 2986 3591 obambulantes
3009 3534 3075 3598 ⁵⁸,
3105 3548 3395 3604 teneosque

1814 3637 2133 3707 pincemas,
2187 3635 2389 3688 calices
2421 3632 2477 3685 in
2509 3631 2697 3684 orbem
2731 3627 3206 3689 circumferentes,
3245 3640 3396 3681 com-

1817 3740 2130 3780 memorans
2157 3725 2417 3794 primum,
2452 3722 2567 3774 haec
2603 3720 2719 3788 ipsa
2753 3717 2910 3787 quasi
2935 3729 3061 3769 vera
3096 3713 3391 3776 narrando,

1816 3819 2024 3889 reliqua
2048 3817 2212 3871 etiam
2243 3814 2428 3869 omnia
2469 3827 2653 3868 meras
2690 3810 2903 3865 fabulas
2935 3822 3059 3863 esse
3090 3804 3273 3876 prodit
3300 3814 3386 3858 at-

1814 3926 1920 3981 que
1946 3908 2145 3981 arguit.

2375 3997 2606 4054 CAPUT
2658 3994 2824 4050 XXV.

1884 4092 2074 4149 Refert
2106 4099 2288 4147 autem
2327 4090 2694 4147 Philostratus
2716 4089 2762 4121 δ’
2791 4088 2956 4142 etiam
2992 4083 3184 4138 Damin
3218 4083 3393 4139 dixis-

1817 4202 1897 4249 se,
1932 4202 1991 4241 se
2028 4200 2136 4238 non
2174 4192 2446 4254 praesente
2488 4197 2707 4254 quoque
2751 4195 2874 4234 cum
2926 4178 3115 4231 larcha
3163 4175 3387 4247 Apollo~

1818 4280 1970 4334 nium
2005 4276 2452 4349 philos0pbatum
2488 4292 2630 4343 esse,
2666 4286 2975 4342 munusque
3016 4272 3085 4323 ah
3102 4282 3168 4324 eo
3200 4269 3393 4324 tulisse

3062 4435 3108 4466 ⁸⁸
3148 4434 3242 4488 lib.
3288 4451 3344 4488 ιιι
3366 4473 3382 4498 ,

2096 4445 2147 4478 ⁸⁵
2186 4445 2319 4500 ibid.
2433 4443 2476 4475 ⁸⁷
2518 4444 2616 4498 lib.
2649 4459 2740 4507 ιιι,
2774 4458 2823 4496 c.
2859 4439 2945 4493 H.

220 4662 301 4803 ἑθζ
337 4669 703 4738 Μαντιχόρα.
745 4668 900 4738 Apud
935 4667 1194 4752 Philostr.
1238 4678 1322 4751 e_st
1358 4654 1698 4754 Μαρτιχὸρα.

248 4736 279 4790 0
345 4738 461 4803 Τὰς
487 4740 718 4803 τρίχας.
749 4739 936 4794 Manca
970 4757 1194 4794 omnino
1231 4756 1350 4796 sine
1385 4751 1506 4797 lSllS
1544 4744 1692 4797 voci-

1821 4682 1957 4735 rant,
1983 4670 2163 4742 γάμου
2194 4674 2288 4723 καὶ
2318 4673 2601 4733 συνουσίας
2632 4670 2821 4741 χωρίς,
2872 4678 2930 4723 ιιι
2962 4667 3387 4740 Chrysostomus

1821 4752 1930 4797 .rat.
1947 4746 2046 4803 Είς
2068 4741 2470 4803 τοὺς-ἔχοντας
2482 4739 2832 4793 συνεισάκτ.
2848 4739 3029 4801 docet,
3045 4751 3083 4793 t.
3100 4757 3173 4800 v1,
3192 4756 3241 4803 p.
3257 4739 3384 4800 2H,

1793 4752 1930 4799 orat.
1947 4739 2046 4808 Είς
2065 4739 2207 4807 τοὺς
2217 4743 2470 4809 ἔχοντας
2482 4739 2832 4793 συνεισάχτ.
2848 4739 3029 4801 docet,
3045 4739 3087 4793 ι.
3100 4757 3173 4800 νι,
3192 4756 3241 4809 p.
3257 4739 3384 4800 2H,

1799 4815 1932 4869 edit.
1992 4811 2162 4866 Savil.
2223 4811 2358 4866 Vide
2409 4812 2564 4879 plura
2608 4811 2675 4865 de
2730 4812 2817 4865 his
2860 4810 3004 4881 apud
3054 4809 3387 4865 Cotelerium

1799 4886 1866 4941 ad
1897 4883 2108 4938 Hermae
2136 4882 2240 4937 vis.
2275 4899 2324 4945 ι,
2354 4890 2470 4934 ιιοι.
2508 4881 2559 4943 l,
2590 4890 2645 4935 et
2686 4881 2753 4934 ad
2797 4882 2900 4936 vis.
2953 4896 3013 4943 ιι,
3064 4891 3178 4935 ιιοι.
3215 4881 3303 4940 15,
3332 4889 3387 4935 et

1801 4958 2056 5023 Bevereg.
2085 4954 2139 5006 in
2161 4968 2284 5007 can.
2315 4967 2373 5005 ιιι
2397 4952 2617 5023 concilii
2662 4949 2867 5023 Nicaani
2892 4968 2929 5005 ι.
2951 4951 3387 5023 ΗιιιολΕιιδθιιιιιε

1801 5035 1927 5098 apte
1964 5021 2505 5098 voceinslca'tyeaea:
2528 5037 2594 5076 ex
2616 5038 2719 5098 usu
2750 5022 2896 5098 illius
2925 5023 3023 5076 ιιινί
3055 5021 3293 5098 adhibet,
3319 5021 3388 5098 de

1807 5093 2127 5152 mulieribus
2158 5094 2409 5163 loquens,
2449 5108 2570 5163 quae
2603 5093 3052 5163 philosophorum
3097 5093 3142 5146 si
3180 5107 3290 5147 non
3320 5093 3389 5145 li-

1809 5167 2004 5228 bidini,
2037 5164 2361 5221 ministeriis
2386 5167 2601 5232 saltem,
2632 5164 2699 5219 de
2727 5164 2929 5235 quibus
2951 5163 3041 5217 hic
3061 5177 3267 5229 sermo,
3292 5177 3387 5216 va-

1811 5253 1939 5293 care
1961 5235 2251 5291 debebant.

1880 5307 1993 5377 (22)
2021 5308 2101 5360 Δι’
2125 5306 2337 5374 ἱερέας.
2374 5304 2498 5360 Haec
2539 5304 2838 5377 adduntur,
2867 5305 2935 5359 ad
2976 5302 3381 5377 exprimendam

1805 5373 2123 5433 Philostrati
2161 5373 2487 5431 sententiam
2528 5375 2686 5429 τούτο
2733 5374 2885 5446 ἱερὰν
2940 5373 3383 5446 ὲσθῆταλποιοῦν-

1802 5467 1913 5513 ται,
1941 5463 2135 5518 nempe
2168 5462 2275 5501 non
2308 5446 2743 5518 ordinariusille
2782 5444 3037 5514 vestitus,
3066 5444 3164 5500 Sed
3191 5460 3380 5499 eorum

1802 5522 1894 5590 qui
1928 5516 2290 5590 sacerdotalia
2323 5519 2541 5590 obirent
2573 5516 2765 5590 ollicia.

1872 5590 1984 5660 (ἓὸ)
2013 5586 2376 5659 Πραςςαάτων
2413 5585 2570 5657 ἡμᾶς
2599 5586 3001 5660 φτολιᾷσιξγτμ
3053 5584 3257 5653 Nempe
3307 5582 3377 5636 ita

1801 5656 2022 5715 strenue
2062 5656 2121 5712 et
2148 5656 2355 5726 aperte
2394 5656 2612 5711 mentiri
2640 5656 2820 5711 innuit
2858 5656 3269 5726 Philostratum,
3313 5662 3377 5706 ut

1802 5732 2003 5785 fabulis
2038 5728 2347 5784 manifestis
2377 5736 2631 5798 suspecta
2661 5726 2872 5795 reliqua
2900 5727 3064 5782 etiam
3092 5725 3289 5798 faciat;
3314 5730 3376 5798 ut

1803 5803 1939 5855 adeo
1969 5799 2315 5857 refutationis
2349 5790 2509 5867 opera
2546 5790 2863 5854 sublevetur
2908 5798 3043 5867 ipse,
3075 5790 3374 5852 mentiendi

1801 5888 1857 5925 ιιι
1889 5888 1920 5926 a
1960 5871 2206 5926 versario
2242 5869 2596 5940 impudentia.
