3830 6260
397 336 493 431 est

1073 376 1338 433 EUSEBII
1376 377 1864 450 CAESARlENSlS
1905 377 2057 435 OPP.
2095 376 2275 433 PARS
2312 378 2381 431 ll.
2418 407 2484 418 -
2524 372 3027 430 APOLOGET'CA.

3517 371 3610 439 833

397 496 630 551 annulos
655 502 881 567 septem,
914 495 1256 566 planetarum
1281 497 1595 553 nominibus
1629 498 1951 569 insignitos:

2069 496 2198 550 ἑπτὰ
2217 538 2233 561 ,
2256 494 2575 567 ἐπωνύμους
2594 494 2837 565 ἀστέρων
2854 531 2868 555 ,
2889 491 2982 556 οὓς
3002 490 3094 545 καὶ
3116 491 3299 563 φορεῖν
3320 488 3481 543 αὐτὸν
3500 488 3616 542 καθ.

396 603 536 658 quos
569 588 732 643 etiam
785 589 1101 659 gestaverit,
1136 604 1304 644 unum
1339 598 1464 661 post
1516 592 1708 656 alium,
1742 606 1841 663 pro
1870 606 1953 645 ra-

397 681 545 733 tione
576 678 860 733 nominum
914 678 1111 735 diebus
1165 680 1567 751 impositorum.
1612 681 1738 738 Haec
1782 692 1961 737 tamen

397 770 503 826 isto
526 770 746 840 quidem
778 771 899 826 loco
948 771 1215 839 referens,
1249 775 1342 844 qui
1393 775 1638 831 veritatis
1683 775 1962 832 studiosus

398 861 708 918 Philalethaa
743 863 951 933 judicio
982 873 1087 929 est,
1126 866 1232 922 alio
1269 867 1456 937 scripti
1483 868 1631 922 illius
1649 868 1964 939 loco,quasi

393 953 663 1010 damnans
694 953 1094 1010 Brachmanum
1125 957 1551 1023 incantamenta,
1596 967 1765 1028 utque
1797 958 1866 1013 ab
1895 957 1963 1013 iis

397 1045 690 1102 immunem
735 1056 956 1118 praestet
1004 1048 1350 1121 Apollonium
1385 1066 1531 1106 curae
1572 1050 1802 1113 habens,
1833 1050 1963 1104 sub-

391 1136 569 1208 jungit
595 1139 925 1196 verbotenus
955 1142 1056 1197 ista
1089 1143 1172 1198 ‘°:
1210 1162 1229 1195 ι
1272 1142 1473 1199 Videns
1509 1152 1687 1199 autem
1719 1143 1963 1213 tripodas

395 1227 538 1298 apud
572 1226 754 1295 Indos,
791 1230 1211 1302 piuternasque.
1235 1238 1288 1288 et
1317 1247 1655 1303 quaecunque
1690 1248 1791 1287 suo
1814 1240 1963 1286 motu

395 1328 514 1374 acta
565 1321 864 1391 procedere
913 1323 1045 1386 dixi,
1093 1339 1271 1395 neque
1314 1325 1671 1396 interrogavit
1709 1340 1814 1395 qua
1846 1332 1964 1379 arte

394 1410 640 1467 confecta
670 1412 787 1468 haec
829 1413 961 1479 sint,
998 1431 1177 1486 neque
1216 1415 1469 1471 discendi
1501 1431 1564 1471 ea
1605 1416 1785 1486 ipsum
1810 1414 1965 1470 volu-

395 1512 516 1573 ptas
550 1504 797 1561 incessit.
845 1505 1042 1561 Verum
1089 1508 1334 1562 laudavit
1366 1508 1610 1579 quidem,
1644 1507 1844 1562 imitari
1880 1514 1964 1561 ta-

393 1611 515 1649 men
561 1594 818 1667 dignatus
854 1597 998 1652 haud
1044 1596 1166 1651 fuit.
1221 1617 1241 1650 ι
1292 1598 1458 1654 lllene
1498 1612 1628 1652 vero
1660 1595 1787 1669 [hoc
1817 1596 1964 1651 fece-

391 1687 466 1741 rit
483 1686 526 1759 ?]
556 1688 647 1757 qui
682 1688 904 1746 Damide
928 1691 1184 1747 submoto
1214 1706 1338 1746 cum
1361 1693 1428 1746 iis
1448 1690 1762 1747 conversari
1783 1689 1963 1761 magni

392 1775 650 1843 faciebat,
699 1786 864 1848 atque
910 1779 1154 1835 sodalem
1204 1782 1452 1846 unicum,
1503 1777 1771 1850 quidquid
1803 1777 1963 1833 etiam

2063 587 2161 640 ἕνα
2190 587 2325 659 πρὸς
2349 587 2416 639 τὰ
2443 586 2680 656 όνόματα
2707 582 2813 637 τῶν
2841 579 3080 654 ἠμερῶν.
3138 577 3320 633 Ταῦτα
3346 578 3405 630 δὲ
3431 576 3521 631 νῦν
3545 577 3613 630 εί-

2062 678 2179 732 πὼν
2203 719 2217 744 ,
2260 679 2288 731 ὅ
2319 680 2367 730 τ’
2395 676 2591 750 ἀληθὲς
2626 677 2789 748 τιμᾷν
2820 673 2972 746 παρὰ
3002 672 3077 743 τῷ
3115 689 3133 722 ι
3154 669 3438 740 Φιλαλήθει
3463 689 3480 721 ι

2062 770 2444 844 νενομισμένος
2461 810 2477 835 ,
2510 768 2626 840 μεθ’
2650 767 2812 837 ἕτερα
2834 765 2933 837 τῆς
2952 762 3167 836 γραφῆς
3186 801 3200 826 ,
3225 761 3300 824 ὡς
3328 761 3395 814 ἂν
3414 759 3475 832 δὴ
3499 774 3616 831 γοη-

2060 864 2210 918 τείαν
2246 863 2352 916 τῶν
2390 860 2727 934 Βραχμάνων
2755 859 3054 926 καταγνοὺς
3075 896 3090 920 ,
3129 854 3221 909 καὶ
3248 852 3453 922 ταύτης
3481 851 3618 906 ἐλεύ-

2063 956 2219 1025 θερον
2247 952 2582 1023 καταστῆσαι
2609 950 2701 1004 τὸν
2750 946 3100 1001 Ἀπολλώνιον
3132 943 3423 1017 φροντίσας
3447 980 3462 1006 ,
3508 943 3615 994 ἐπι-

2064 1045 2256 1117 φέρει,
2295 1046 2517 1114 φάσκων
2554 1041 2694 1095 κατὰ
2748 1038 2891 1105 λέξιν
2914 1053 2929 1069 ·
2997 1055 3015 1087 t
3056 1034 3198 1089 Ἰδὼν
3234 1033 3292 1086 δὲ
3332 1032 3485 1104 παρὰ
3518 1035 3645 1105 ’τοῖς⁹

2076 1136 2255 1199 Ἰνδοῖς
2282 1136 2406 1198 τοὺς
2433 1132 2691 1205 τρίποδας
2713 1173 2727 1195 ,
2766 1131 2861 1185 καὶ
2890 1129 3017 1193 τοὺς
3047 1126 3314 1199 οἰνοχόους
3338 1166 3353 1191 ,
3408 1125 3501 1179 καὶ
3530 1125 3618 1179 ὅσα

2064 1229 2346 1300 αὐτόματα
2399 1226 2654 1297 ἐσφοιτᾷν
2697 1222 2808 1295 (25)
2849 1217 3028 1288 εἷπον,
3112 1217 3224 1273 οὗθ’
3279 1220 3431 1283 ὅπως
3480 1219 3618 1288 σοφί-

2064 1321 2237 1386 ζοιντο
2267 1320 2403 1375 αὐτὰ
2428 1360 2443 1384 ,
2483 1320 2644 1391 ἤρετο
2682 1316 2793 1389 (26)
2819 1356 2833 1380 ,
2873 1314 2995 1369 οὔτε
3031 1314 3223 1386 ἐδεήθη
3255 1312 3478 1385 μαθεῖν’
3517 1312 3616 1367 ἀλλ’

2063 1415 2250 1487 ἐπῄνει
2287 1413 2386 1486 μὲν
2409 1454 2424 1477 ,
2473 1410 2666 1484 ζηλοῦν
2714 1412 2772 1466 δὲ
2816 1411 2916 1465 οὐκ
2947 1409 3119 1480 ἠξίου.
3148 1428 3166 1461 ι
3256 1409 3371 1463 Καὶ
3404 1407 3550 1473 πῶς,
3580 1401 3621 1462 ὦ

2063 1503 2216 1572 οὗτος
2238 1549 2254 1573 ,
2289 1508 2388 1562 οὐκ
2421 1507 2571 1577 ἠξίου
2608 1504 2839 1577 ζηλοῦν;
2873 1506 2902 1557 ό
2937 1503 3058 1573 δίχα
3094 1501 3188 1555 τοῦ
3222 1499 3457 1573 Δάμιδος
3481 1517 3622 1553 σπου-

2062 1601 2159 1674 δὴν
2228 1600 2548 1672 ποιούμενος
2615 1596 3036 1669 συμφιλοσοφεῖν
3090 1595 3274 1658 αὐτοῖς
3295 1635 3311 1657 ,
3394 1594 3489 1646 καὶ
3541 1592 3620 1646 τὸν

2068 1693 2260 1765 μόνον,
2322 1694 2351 1747 ὅ
2398 1710 2451 1746 τι
2497 1692 2590 1745 καὶ
2643 1690 2905 1762 πράττοι,
2958 1687 3241 1742 λανθάνειν
3273 1685 3395 1740 δέον
3426 1686 3619 1756 ἑταῖρον

2065 1784 2383 1857 ἡγούμενος.
2440 1782 2566 1845 Πῶς
2611 1781 2667 1835 δέ
2696 1782 2796 1835 οὐκ
2827 1780 2979 1850 ἠξίου
3028 1777 3264 1851 ζηλοῦνς
3320 1778 3351 1830 ὁ
3377 1777 3503 1840 τοὺς
3527 1775 3619 1829 τῶν

390 1874 497 1931 est,
527 1866 675 1940 [cum
712 1868 803 1941 iis]
828 1871 974 1940 quod
1005 1870 1136 1942 egit,
1184 1872 1440 1941 ignorare
1488 1881 1743 1941 oportere
1774 1884 1963 1924 cense-

2069 1880 2310 1949 ἀστέρων
2342 1876 2659 1946 ἐπωνύμους
2691 1871 3121 1945 καταδεχόμενος
3151 1869 3473 1933 δακτυλίους
3494 1908 3508 1931 ,
3540 1868 3621 1922 καὶ

390 1960 524 2015 bat?
555 1960 657 2029 Qui
686 1978 817 2017 vero
844 1963 1047 2018 imitari
1076 1964 1334 2034 dignatus
1358 1962 1503 2017 haud
1527 1963 1632 2018 sit?
1665 1961 1757 2032 qui
1787 1961 1967 2032 plane-

389 2058 572 2106 tarum
592 2053 906 2109 nominibus
939 2054 1229 2124 insignitos
1253 2054 1487 2110 annulos
1517 2053 1728 2124 accepit
1750 2054 1813 2115 “,
1838 2067 1965 2108 eos-

389 2158 500 2213 que
542 2159 638 2214 per
671 2159 888 2199 omnem
951 2145 1122 2198 vitam
1174 2154 1388 2215 gestare
1438 2145 1808 2201 necessarium
1860 2144 1963 2199 subi

389 2234 564 2299 duxit,
600 2242 762 2306 prout
810 2235 1015 2292 ferrent
1043 2237 1262 2290 nomina
1295 2237 1541 2306 cujusvis
1568 2236 1677 2292 diei
1710 2254 1722 2289 :
1751 2244 1806 2292 et
1836 2238 1962 2307 qui-

389 2327 511 2384 dem
550 2343 615 2383 eo
649 2328 797 2398 quod
829 2343 1053 2393 arcana,
1081 2328 1158 2383 uti
1201 2329 1317 2399 ipse
1353 2329 1458 2392 ais,
1498 2328 1702 2384 virtute
1732 2337 1961 2399 praesta-

389 2428 532 2477 rent.
571 2419 643 2475 Ut
668 2436 797 2476 vero
825 2421 1195 2477 concedamus
1221 2421 1408 2485 etiam,
1444 2422 1648 2476 imitari
1679 2422 1784 2477 ista
1830 2438 1959 2477 eum

389 2513 655 2577 noluisse,
692 2524 980 2585 propterea
1012 2520 1160 2569 certe
1192 2528 1300 2568 non
1329 2513 1598 2567 imitatum
1631 2529 1754 2568 esse
1787 2512 1962 2567 mani-

389 2602 590 2658 festum
620 2604 747 2667 erit,
779 2604 926 2674 quod
958 2615 1105 2659 recle
1138 2603 1244 2659 sibi
1276 2603 1424 2656 haud
1480 2601 1661 2658 facere
1713 2603 1962 2659 videren-

390 2700 499 2750 tur.
534 2693 818 2761 Quomodo
849 2696 1016 2767 igitur
1045 2696 1115 2750 ob
1144 2710 1208 2749 ea
1235 2693 1501 2756 laudavit,
1552 2710 1673 2765 quae
1719 2710 1830 2749 non
1875 2695 1960 2751 di-

390 2793 651 2855 gnaretur
699 2784 936 2840 imitari?
962 2785 1049 2850 Et,
1085 2785 1130 2840 si
1179 2794 1438 2855 tanquam
1470 2793 1588 2841 arte
1615 2786 1798 2840 divina
1830 2802 1961 2856 ope-

391 2885 576 2935 rantes
608 2879 958 2941 collaudavit,
994 2894 1094 2934 cur
1134 2878 1382 2934 imitatus
1418 2878 1562 2932 haud
1591 2886 1695 2941 est,
1744 2880 1960 2935 laudem

388 2984 509 3039 quae
548 2971 928 3026 mererentur?
966 2969 1139 3024 Porro
1186 2983 1317 3024 vero
1367 2975 1488 3039 post
1554 2982 1763 3022 moram
1818 2969 1960 3041 apud

391 3060 491 3116 hos
524 3059 745 3125 factam,
777 3061 1124 3132 Apollonium
1159 3076 1268 3116 una
1301 3075 1428 3114 cum
1457 3060 1576 3115 suis
1597 3071 1959 3117 revertentem

2064 1967 2284 2031 τούτους
2336 1967 2629 2035 ἀναγκαῖον
2666 1963 2949 2035 τιθέμενος
2998 1960 3087 2016 διὰ
3142 1958 3350 2023 παντὸς
3379 1958 3472 2011 τοῦ
3521 1956 3618 2027 βίου

2065 2062 2250 2133 φέρειν
2305 2058 2441 2129 πρὸς
2495 2057 2564 2111 τὰ
2609 2056 2850 2128 ὀνόματα
2896 2054 3005 2108 τῶν
3054 2052 3311 2126 ἡμερῶν·
3374 2050 3618 2119 καίτοιγε,

2064 2153 2375 2225 ἀπόρρητον
2401 2191 2416 2215 ,
2467 2151 2541 2215 ὡς
2590 2151 2695 2221 φῂς
2747 2148 2943 2212 αὐτὸς,
2979 2146 3197 2218 ἔχοντας
3229 2142 3407 2215 ἰσχύν.
3468 2142 3528 2195 Εἰ
3571 2140 3619 2193 δὲ

2066 2244 2163 2298 καὶ
2217 2242 2395 2316 δοθείη
2430 2243 2489 2296 τὺ
2545 2241 2618 2314 μὴ
2651 2239 2847 2309 ζηλοῦν
2877 2237 3168 2309 ἠξιωκέναι
3200 2235 3367 2290 αὑτὸν
3389 2275 3405 2298 ,
3456 2232 3526 2296 ὡς
3556 2229 3619 2302 μή

2064 2332 2123 2390 εὖ
2160 2335 2493 2408 πράττοντας
2534 2335 2632 2387 οὑκ
2676 2332 2864 2404 ἐζήλου
2908 2329 3165 2402 δηλονότι.
3223 2327 3354 2391 Πῶς
3403 2320 3492 2379 οὖν
3538 2326 3621 2376 ἐπ-

2064 2426 2200 2498 ῄνει,
2231 2428 2314 2497 ἐφ’
2345 2420 2426 2489 οἷς
2460 2425 2532 2497 μὴ
2559 2424 2709 2495 ἠξίου
2744 2419 2938 2495 ζηλοῦν
2963 2437 2977 2485 ;
3034 2422 3098 2474 Ei
3125 2420 3169 2473 δ’
3198 2417 3275 2483 ὡς
3304 2417 3466 2481 θείως
3489 2417 3619 2486 ἐνερ-

2064 2519 2294 2591 γοῦντας
2338 2519 2558 2591 ἐπῄνει,
2607 2517 2724 2581 πῶς
2764 2517 2862 2570 οὐκ
2892 2514 3081 2587 ἐζήλου
3111 2512 3181 2566 τὰ
3206 2511 3448 2565 ἐπαίνων
3473 2508 3617 2573 ἄξιας

2078 2610 2238 2664 Ἀλλὰ
2267 2608 2376 2680 γάρ
2426 2610 2563 2681 μετὰ
2593 2609 2692 2681 τὴν
2722 2607 2872 2680 παρὰ
2903 2606 3111 2668 τούτοις
3161 2603 3448 2675 διατριϐὴν
3468 2643 3483 2667 ,
3531 2615 3621 2651 πα-

2065 2702 2407 2757 λινοστοῦντα
2433 2702 2593 2755 αὐτὸν
2615 2700 2730 2772 ἅμα
2752 2702 2862 2763 τοῖς
2891 2698 3128 2770 ἑταίροις
3143 2737 3157 2762 ,
3181 2694 3497 2768 ἐληλυθέναι
3529 2708 3619 2760 φη-

2068 2796 2152 2848 σὶν
2185 2797 2243 2859 ἐς
2266 2795 2363 2866 τήν
2391 2794 2497 2849 τῶν
2531 2793 2754 2866 Ὠριτῶν
2777 2792 2886 2864 (27)
2920 2790 3123 2863 χώραν,
3156 2788 3285 2842 ἔνθα
3318 2786 3513 2858 χαλκαῖ
3538 2782 3619 2855 μὲν

2063 2887 2244 2950 αὐτοῖς
2261 2889 2316 2941 αἱ
2338 2887 2555 2960 πέτραι,
2579 2887 2752 2959 χαλκῆ
2772 2886 2825 2940 δὲ
2842 2889 2875 2957 ἡ
2891 2884 3133 2956 ψάμμος,
3152 2880 3359 2953 χαλκοῦ
3377 2880 3435 2932 δὲ
3446 2878 3620 2948 ψῆγμα

2061 2978 2111 3030 οἱ
2139 2978 2373 3049 ποταμοὶ
2400 2980 2611 3047 ἄγουσι.
2647 2979 2757 3031 Καὶ
2785 2977 3023 3032 τοσαῦτα
3056 2975 3155 3046 μὲν
3181 2973 3251 3028 τὰ
3279 2972 3426 3027 κατὰ
3446 2970 3504 3024 τὸ
3526 2968 3620 3040 τρί-

2060 3084 2151 3121 τον
2187 3069 2545 3143 σύγγραμμα.

389 3153 457 3207 ad
483 3152 760 3208 Oritarum
808 3156 885 3209 ait
908 3156 952 3186 “
981 3156 1200 3210 venisse
1250 3154 1549 3224 regionem,
1580 3155 1673 3209 ubi
1713 3172 1854 3211 aerea
1893 3173 2045 3220 saxa,
2085 3177 2358 3234 arenaque
2383 3181 2544 3230 aerea,
2575 3164 2809 3236 aerisque
2844 3169 3089 3220 ramenta
3119 3159 3267 3216 fluvii
3302 3156 3524 3213 vehunt.
3539 3152 3620 3207 Δι-

389 3264 497 3320 que
522 3249 628 3304 ista
650 3258 799 3317 sunt,
833 3266 954 3322 qua:
984 3250 1039 3305 in
1081 3250 1244 3305 tertio
1275 3250 1417 3305 libro
1446 3252 1816 3307 continentur.

851 3364 1013 3437 527
1047 3361 1276 3420 CAPUT
1314 3360 1503 3418 xxvr.

465 3472 760 3547 S'equentia
788 3477 901 3547 jam
934 3491 1374 3547 percenseamus.
1420 3476 1496 3532 Ex
1544 3476 1695 3533 India
1736 3478 1789 3532 in
1816 3476 1968 3533 Grae-

391 3567 538 3624 ciam
565 3569 823 3624 reducem
853 3568 899 3601 ⁶⁸
934 3569 1003 3624 ab
1055 3569 1191 3640 ipsis
1227 3570 1334 3626 diis
1365 3570 1534 3626 refert
1592 3570 1800 3626 socium
1836 3570 1967 3626 deo-

389 3676 513 3716 rum
548 3677 672 3716 eum
699 3676 823 3716 esse
853 3658 1190 3715 declaratum
1222 3661 1347 3732 :qui
1383 3669 1437 3716 et
1462 3666 1696 3732 mgrotos
1726 3666 1791 3715 ad
1815 3674 1962 3723 eum,

391 3752 645 3808 sanitatis
676 3752 1068 3822 recuperandae
1096 3767 1288 3818 causa,
1333 3753 1686 3809 remiserunt.
1737 3749 1968 3821 Jamque

391 3845 547 3915 quasi
578 3844 649 3899 ab
698 3842 992 3909 Arabibus,
1037 3847 1321 3916 magisque
1349 3854 1405 3900 et
1442 3844 1588 3900 Indis
1637 3840 1965 3912 stupendum

390 3937 570 3990 virum
599 3942 653 3992 et
684 3936 841 4006 plane
875 3936 1120 3990 divinum
1151 3936 1448 4001 advehens,
1482 3936 1652 3991 miras
1679 3935 1807 3989 inde
1838 3948 1967 3988 nar-

390 4026 637 4082 rationes
669 4025 932 4082 instituit.
966 4026 1134 4096 Atqui
1180 4043 1290 4083 non
1345 4027 1623 4082 immerito
1668 4027 1815 4083 dicat
1865 4026 1967 4080 ali-

392 4120 537 4190 quis,
593 4120 740 4191 quod
794 4121 840 4175 si
884 4120 995 4191 jam
1034 4121 1164 4175 olim
1205 4121 1635 4184 excellentioris,
1684 4135 1850 4189 quam
1880 4125 1966 4173 est

393 4212 655 4278 humana,
685 4214 990 4270 exstitisset
1028 4223 1259 4278 naturae,
1297 4229 1408 4269 non
1450 4214 1564 4284 jam
1593 4214 1836 4279 demum,
1868 4210 1965 4267 sed

391 4303 577 4374 potius
608 4313 900 4375 antequam
951 4305 1189 4361 aliorum
1235 4304 1560 4377 profecisset
1596 4304 1964 4368 institutione,

390 4396 783 4451 miraculorum
816 4396 1210 4467 patrandorum
1244 4397 1462 4452 initium
1494 4413 1620 4452 eum
1655 4395 1835 4451 facere
1864 4411 1965 4466 par

391 4498 526 4543 erat.
557 4487 824 4544 Praeterea
856 4489 1248 4560 superforanea
1302 4487 1481 4543 futura
1539 4487 1755 4552 fuisset,
1799 4502 1966 4558 quam

391 4579 683 4641 Arabibus,
719 4580 1001 4652 magisque
1051 4588 1105 4635 et
1156 4580 1305 4637 Indis
1333 4581 1515 4637 studio
1548 4581 1651 4636 sibi
1687 4579 1969 4649 conquisi~

391 4672 489 4736 vit,
518 4671 793 4735 doctrina,
827 4673 874 4728 si
905 4673 1030 4737 quis
1056 4689 1181 4728 eum
1207 4673 1365 4743 juxta
1394 4688 1479 4731 ea.
1516 4688 1638 4744 quae
1670 4670 1968 4727 Philostra-

2551 3368 2945 3424 ΚΕΦΑΛΑΙΟΝ
2999 3370 3141 3437 Kq'.

2148 3482 2418 3554 Ἐπίωμεν
2449 3482 2493 3535 δ’
2521 3481 2622 3553 ἤδη
2654 3482 2724 3535 τὰ
2757 3480 2904 3552 ἑξῆς.
2975 3479 3405 3545 Ἐπανελθόντα,
3455 3476 3618 3549 φησιν.

2066 3574 2227 3630 αὐτὸν
2254 3575 2352 3645 τῆς
2394 3572 2568 3630 Ἰνδῶν
2591 3572 2774 3646 χώρας
2799 3573 2892 3627 ἐπὶ
2918 3574 3017 3645 τὴν
3070 3570 3296 3626 Ἐλλάδα
3322 3612 3339 3634 ,
3393 3567 3619 3625 κοινωνὸν

2065 3666 2174 3722 τῶν
2204 3665 2341 3721 θεῶν
2373 3665 2507 3738 πρὸς
2538 3664 2717 3719 αὐτῶν
2744 3664 2852 3718 τῶν
2900 3663 3037 3718 θεῶν
3068 3664 3312 3734 ἀνακεκη
3324 3661 3511 3733 ρύχθαι
3531 3702 3544 3723 ,
3577 3656 3618 3712 οἶ

2065 3760 2159 3813 καὶ
2188 3760 2315 3822 τοὺς
2342 3757 2647 3829 κάμνοντας
2668 3756 2744 3822 ὡς
2775 3756 2935 3811 αὐτὸν
2965 3757 3049 3826 ἐφ’
3072 3755 3231 3826 ὑγεία
3253 3755 3616 3827 παρέπεμπον.

2065 3852 2176 3906 Καὶ
2222 3851 2358 3922 δῆτα
2396 3851 2472 3914 ὼς
2501 3849 2560 3915 ἐξ
2606 3849 2851 3921 Ἀράϐων
2876 3889 2890 3914 ,
2926 3848 3020 3902 καί
3055 3848 3281 3919 μάγων,
3337 3847 3431 3901 καὶ
3470 3842 3618 3898 Ἰνδῶν

2067 3941 2368 4015 παράδοξόν
2394 3958 2517 3997 τινα
2545 3942 2640 3995 καὶ
2669 3941 2810 3995 θεῖον
2827 3939 2989 3995 αὐτὸν
3011 3941 3140 4011 ἡμῖν
3170 3939 3399 4008 ἀγαγὼν
3421 3978 3436 4002 ,
3468 3952 3619 4008 παρα-

2063 4034 2227 4102 δόξων
2251 4034 2498 4089 ἐντεῦθεν
2526 4033 2901 4106 άφηγημάτων
2930 4032 3403 4104 κατάρχεται.Καὶ
3419 4030 3477 4084 τὸ
3503 4029 3617 4095 (27')

2064 4127 2130 4181 ἄν
2150 4144 2232 4191 τις
2257 4127 2398 4193 εἴποι
2426 4126 2678 4196 εὐλόγως,
2701 4126 2782 4179 ὅτι
2797 4125 2882 4195 δὴ,
2903 4127 2951 4179 εί
2972 4124 3248 4196 θειοτέρας
3263 4122 3295 4195 ἢ
3312 4121 3618 4192 κατ’άνθρω-

2065 4236 2165 4273 πον
2198 4216 2411 4288 φύσεως
2438 4213 2505 4289 ἦν
2537 4217 2702 4271 πάλαι
2728 4256 2742 4280 ,
2790 4215 2903 4270 ἀλλ’
2931 4215 2992 4268 ού
3020 4213 3114 4268 νῦν
3141 4213 3246 4267 ἔδει
3266 4254 3281 4277 ,
3332 4212 3439 4285 πρὸ
3462 4210 3551 4280 τῆς
3570 4205 3615 4260 δὲ

2065 4310 2267 4382 ἐτέρων
2314 4309 2665 4381 μεταλήψεως
2721 4308 2829 4362 τῶν
2883 4307 3199 4379 θαυμασίων
3247 4300 3613 4376 κατάρχεσθαι.

2065 4401 2301 4473 Περιττὴ
2350 4401 2395 4454 δ’
2425 4400 2490 4454 ἂν
2531 4400 2625 4454 καὶ
2656 4402 2689 4470 ἡ
2740 4399 2799 4466 ἐξ
2845 4397 3086 4470 Ἀράὸων
3115 4394 3263 4466 αύτῷ
3286 4436 3302 4460 ,
3361 4395 3539 4466 μάγων
3564 4404 3613 4441 τε

2067 4492 2160 4546 καὶ
2199 4489 2395 4555 Ἰνδῶν,
2425 4489 2514 4544 διὰ
2537 4490 2771 4561 σπουδῆς
2795 4490 3131 4561 ἐπεχειρεῖτο
3187 4487 3546 4558 πολυμάθεια,
3575 4481 3613 4532 εἰ

2065 4585 2129 4656 δή
2163 4601 2248 4648 τις
2302 4583 2445 4638 κατὰ
2501 4584 2599 4655 τὴν
2631 4583 2875 4637 δοθεῖσαν
2910 4582 3119 4654 ὑπῆρεν
3178 4579 3454 4634 ὑπόθεσιν.
3494 4572 3612 4628 Ἀλλ’

2067 4668 2242 4741 οὗτος,
2269 4674 2412 4731 κατὰ
2434 4675 2525 4729 τὸν
2548 4674 2723 4748 ἀληθῆ
2749 4675 3070 4747 συγγραφέα
3113 4672 3245 4745 (‘28),
3266 4672 3363 4726 νῦν
3388 4671 3448 4742 δὴ
3496 4668 3613 4739 πάρ-

392 4772 481 4819 tus
505 4764 675 4833 ponit,
711 4764 1079 4820 extollendum
1104 4772 1276 4835 putet.
1311 4763 1418 4819 Sed
1442 4772 1626 4820 tamen
1656 4765 1767 4829 ille,
1792 4751 1952 4833 juxta

2069 4788 2199 4834 εστι,
2227 4768 2362 4840 μετὰ
2384 4767 3028 4834 τοσούτουςδιδασκάλους
3040 4766 3139 4838 τήν
3161 4765 3353 4836 σοφίαν
3372 4758 3611 4820 ἐνδεικνύ-

392 4855 804 4911 νιιιιιιεὶεείιηιιιιι
827 4855 995 4911 istum
1023 4857 1370 4926 scriptorem,
1398 4856 1507 4926 jam
1532 4856 1752 4912 demum
1783 4854 1961 4920 adest,

391 4947 673 5017 sapientiae
690 4955 1019 5018 argumenta
1057 4948 1273 5018 publice
1297 4948 1583 5004 exhibens.

2072 4881 2251 4936 μενος.

462 5039 509 5072 ⁸ο
548 5038 643 5093 lib.
679 5054 748 5103 v,
781 5054 834 5097 ο.
872 5038 958 5093 ιε.
1036 5040 1079 5071 ⁶¹
1122 5038 1216 5094 lib.
1261 5053 1357 5103 ιιι,
1399 5053 1449 5093 c.
1491 5038 1580 5093 15.
1657 5038 1702 5070 θ’
1742 5037 1840 5095 lib.
1884 5053 1945 5093 tn

2069 5085 2070 5092 η
2104 5042 2195 5098 54.
2271 5041 2316 5073 ⁸³
2354 5040 2448 5093 lib.
2483 5054 2570 5102 tv,
2604 5053 2655 5092 c.
2690 5037 2743 5091 Ι.

462 5130 577 5198 (24)
613 5130 781 5200 Παρὰ
810 5130 892 5197 τῷ
920 5128 1265 5200 Φιλαλήθει.
1296 5128 1471 5200 Supra
1501 5146 1552 5186 c.
1587 5131 1642 5184 2.

463 5201 576 5273 (25)
608 5199 966 5273 γἘσφοιτᾷν.
996 5201 1079 5273 lta
1108 5199 1341 5273 Philost.
1368 5199 1531 5258 habet
1553 5210 1608 5257 et
1637 5200 1836 5257 Euseb.
1865 5200 1962 5257 inf.

393 5286 442 5329 c.
476 5272 565 5343 50.
605 5272 890 5343 Ἐκφοιτᾷν
921 5272 1189 5343 habebant
1217 5272 1370 5343 editi.

464 5342 576 5413 (26)
609 5340 846 5410 Ἥρὲτοί
874 5343 1019 5396 Editi
1070 5340 1195 5395 οὔτε
1247 5342 1430 5412 ἠρετο.
1465 5340 1581 5413 Hoc
1624 5341 1749 5395 οὔτε
1783 5348 1965 5397 tamen

395 5411 752 5482 omittendum
780 5414 1156 5482 putavi;nam,
1190 5422 1251 5466 ut
1272 5411 1505 5467 taceam
1552 5411 1961 5477 Philostratum,

395 5481 593 5551 ipseid
624 5481 825 5537 omittit
858 5482 1132 5537 Eusebius
1165 5482 1290 5545 inf.,
1325 5498 1375 5537 c.
1412 5482 1502 5538 50.

2072 5134 2189 5189 bina
2223 5133 2422 5188 insula.
2454 5131 2715 5186 Similiter
2739 5128 2884 5201 apud
2916 5127 3308 5185 Philostratum
3357 5128 3605 5196 peccatum

2074 5214 2176 5260 est.
2212 5205 2484 5259 Honsrsu.

2122 5276 2258 5346 (ΞΤ)
2284 5273 2394 5329 Καὶ
2417 5273 2508 5346 τό.
2536 5271 2696 5346 Forte
2721 5268 3009 5346 legendum
3045 5266 3242 5346 καίτοι.
3260 5263 3422 5346 Eutr.

2145 5333 2256 5417 (28)
2303 5345 2465 5400 Κατὰ
2510 5333 2858 5417 τὸνηάζιῃδθῆ
2908 5354 3119 5409 συγ-γρ.
3160 5336 3369 5417 Dictum
3410 5333 3603 5417 εξρςυξιςη

2071 5406 2206 5480 κῶς,
2235 5406 2427 5484 nempe
2443 5429 2542 5484 pro
2568 5413 2663 5485 tali
2695 5406 3082 5485 Ph‘iloslratuin
3102 5406 3602 5485 vendideratllieroj

2068 5474 2204 5552 cies,
2228 5474 2393 5556 supra
2417 5474 2466 5539 οἶ
2493 5483 2711 5556 n._Male
2739 5482 2902 5552 igitur
2931 5479 3185 5556 Acciolus
3360 5474 3422 5556 ad
3451 5474 3599 5556 ipsutl}

465 5549 580 5623 (27)
614 5551 870 5623 Ὠριτῷν.
909 5554 985 5606 Ita
1024 5551 1219 5608 Indicae
1246 5538 1425 5622 gentis
1462 5568 1660 5608 nomen
1708 5555 1968 5609 scriben~
2075 5538 2391 5611 iii'ééo'ciém'
2431 5538 2709 5613 retulerat,
2734 5538 2788 5607 εἶ
2833 5557 3022 5606 contra
3055 5547 3227 5603 Graeci
3260 5555 3443 5623 textus
3469 5538 3602 5623 “fit!”

395 5619 525 5694 dum
561 5619 746 5694 ’monet
793 5622 1123 5694 Stephanus,
1154 5619 1475 5694 Eustathius
1520 5623 1586 5694 ad
1634 5623 1969 5694 Dionysium,

400 5690 602 5764 aliique
643 5688 774 5760 [non
825 5688 1076 5764 Ὠρειτῶν
1131 5703 1190 5746 ut
1222 5692 1621 5764 Eusebiiuediti
1655 5688 1968 5764 habebant].

321 5804 324 5809 .
410 5758 662 5830 Ὠρὲίτης
688 5769 862 5816 autem
887 5758 1114 5814 ’ἐθνικδν
1156 5761 1248 5815 τοῦ
1300 5760 1485 5832 Ὠρεοῦ
1521 5764 1727 5833 oppidi,
1753 5764 1808 5819 in
1862 5758 1970 5819 Eti-

2072 5634 2338 5683 verterat:
2357 5624 2649 5680 Philaletlze
2662 5632 2839 5677 tamen
2862 5630 3099 5682 auctore,
3111 5618 3320 5674 nonnisi
3338 5624 3403 5671 tot
3431 5613 3600 5668 ιεΙιαιο

2072 5701 2168 5754 stis
2198 5698 2464 5767 magistris
2489 5694 2802 5764 sapientiam
2834 5690 3100 5762 patefecit.
