3830 6260
183 277 266 332 835
1257 257 1455 312 LIBER
1494 255 1775 312 CONTRA
1814 252 2238 311 HIEROCLEM.

1725 387 1772 443 A

632 379 1024 436 ΚΕΦΑΛΛΙΟΝ
1080 379 1182 431 KZ’
1193 420 1204 431 .

233 483 325 538 Καὶ
354 478 531 551 πρῶτα
567 477 666 548 μὲν
691 517 705 539 ,
737 470 825 529 οἷα
843 475 902 541 ἐξ
935 473 1176 546 Ἀράϐων
1202 473 1312 544 (29)
1337 475 1429 526 καὶ
1452 473 1551 544 τῆς
1577 473 1705 544 παρ’

177 577 326 636 αὐτοῖς
343 567 668 638 οἰωνιστικῆς
688 565 1003 639 ὁρμώμενος
1029 603 1044 628 ,
1072 565 1165 617 τὸν
1189 563 1443 636 στρουθὸν
1465 563 1492 616 ὂ
1520 579 1571 615 τι
1594 562 1709 631 βού-

177 669 320 728 λοιτο,
348 664 462 725 τοὺς
489 660 700 729 ἐτέρους
722 659 815 712 ἐπὶ
840 657 1045 731 τροφὴν
1076 657 1409 728 παρακαλῶν
1436 696 1449 717 ,
1475 657 1710 728 ὲφερμη-

177 761 293 815 νεύει
317 760 418 818 τοῖς
440 753 726 824 παροῦσιν·
757 748 870 804 εἶτα
915 751 973 804 δὲ
993 792 1007 815 ,
1037 749 1225 821 λοιμοῦ
1259 749 1705 822 προαισθόμενος,

178 849 560 925 προμαντεύεται
588 851 694 910 τοῖς
719 849 978 913 πολίταις.
1011 848 1121 919 Τὴν
1140 847 1183 898 δ’
1201 847 1379 901 αίτίαν
1407 845 1499 898 καὶ
1520 843 1707 897 τούτου

177 949 223 999 ἐν
246 948 300 1016 τῇ
335 943 456 1015 πρὸς
488 940 809 1012 Δομετιανὸν
839 941 1104 1011 ἀπολογίᾳ
1134 939 1294 1002 αὐτὸς
1327 937 1706 1009 παρατίθεται.

185 1036 434 1109 Ἐρομένου
449 1034 643 1103 γάρτοι
659 1034 840 1098 αὐτὸν,
861 1034 1053 1087 ὁπόθεν
1073 1030 1388 1104 ὁρμώμενος
1405 1029 1561 1083 τοῦτο
1579 1045 1711 1099 προ-

175 1128 308 1192 είποι,
335 1124 682 1196 «Λεπτοτέρᾳ,
705 1124 830 1195 ἔφη,
853 1125 1152 1196 χρώμενος,
1179 1117 1223 1176 ῶ
1245 1121 1484 1193 βασιλεῦ,
1506 1121 1704 1194 διαίτῃ,

172 1219 352 1290 πρῶτος
380 1215 468 1269 τοῦ
524 1216 696 1270 δεινοῦ
747 1217 991 1289 ᾐσθόμην
1017 1234 1030 1247 ·
1073 1236 1089 1268 ι
1139 1217 1231 1269 καὶ
1260 1215 1440 1286 τρίτον
1479 1213 1523 1266 δ’
1559 1212 1708 1283 αύτῷ

173 1310 324 1379 θαῦμα
358 1308 567 1377 γεγονὸς
609 1309 809 1379 ἱστορεῖ
832 1349 846 1371 ,
886 1309 960 1372 ὡς
993 1308 1054 1380 δὴ
1089 1307 1449 1378 ἀλεξήσαντος
1481 1306 1572 1359 τὸν
1607 1305 1709 1358 λοι.

172 1401 250 1472 μόν
293 1402 410 1471 (30).
462 1402 634 1472 Ὅπερ
686 1403 735 1454 εί
781 1400 846 1454 τὰ
890 1401 1120 1472 μάλιστα
1165 1401 1222 1452 ὲν
1265 1402 1386 1461 ταῖς
1436 1399 1528 1450 ὲ.πὶ
1564 1397 1706 1450 τέλει

167 1496 264 1549 κατ’
300 1493 450 1547 αὐτοῦ
505 1493 858 1565 κατηγορίαις
888 1493 949 1546 οὐ
981 1491 1226 1546 τέθεικεν
1268 1493 1296 1544 ὁ
1333 1489 1705 1561 συγγραφεὺς,

164 1587 231 1638 ὃτι
255 1583 318 1655 μὴ
350 1585 540 1655 παρῆν,
577 1585 652 1648 ὡς
681 1586 846 1648 εἰκὸς,
883 1583 1031 1654 αὑτῷ
1063 1583 1132 1637 δι’
1167 1581 1465 1650 ἀπολογίας
1507 1576 1709 1634 ἀπολύ-

3282 251 3386 308 836

2342 369 2574 427 CAPUT
2611 369 2827 426 XXVII.

1881 467 1959 520 Ac
1983 467 2163 538 primo
2191 465 2412 536 quidem
2441 464 2505 530 “,
2530 465 2698 519 veluti
2733 463 2801 517 ab
2828 460 3101 518 Arabibus
3129 467 3185 516 et
3217 475 3388 530 augu-

1810 561 1909 614 rali
1937 574 2127 615 eorum
2159 558 2346 613 schola
2377 557 2702 621 adventans,
2734 555 3091 627 passerculus
3120 554 3252 626 quid
3282 554 3385 608 sibi

1811 653 1992 719 vellet,
2038 651 2106 705 ad
2157 661 2375 721 pastum
2409 660 2637 704 czeteros
2669 649 2764 719 qui
2799 648 3086 712 invitabat,
3117 646 3385 701 auditori-

1808 745 1913 798 bus
1949 744 2361 813 interpretatur.
2393 740 2533 796 Tum
2558 740 2602 773 ⁶⁸
2634 750 2978 812 appetentem
3013 739 3385 810 pestilentiam

1813 845 1939 891 ante
1963 838 2225 899 sentiens,
2284 835 2498 890 civibus
2529 834 2676 887 illam
2711 834 2981 903 praedicit.
3034 832 3276 901 Ejusque
3306 829 3386 884 rci

1810 930 2076 984 rationem
2128 927 2268 998 apud
2327 926 2698 981 Domitianum
2749 927 2864 995 ipse
2928 939 3144 994 quoque
3194 922 3383 978 edidit.

1811 1021 2057 1092 Rogante
2109 1021 2253 1074 enim
2324 1034 2450 1073 eum
2512 1017 2844 1079 Domitiano,
2907 1031 3018 1086 quo
3075 1014 3128 1069 id
3185 1012 3386 1084 pra'di-

1810 1113 1983 1168 xisset
2039 1111 2326 1176 instinctu,
2383 1128 2402 1160 ι
2465 1107 2665 1172 Dia:ta,
2721 1107 2917 1176 inquit,
2971 1106 3383 1175 o_imperator,

1810 1206 1986 1275 magis
2058 1205 2216 1260 tenui
2282 1218 2458 1277 usus,
2528 1201 2739 1272 primus
2811 1200 3057 1254 omnium
3136 1195 3386 1268 persensi

1810 1303 2035 1354 malum.
2104 1317 2122 1349 ›
2194 1296 2440 1351 Tertium
2499 1294 2629 1350 inde
2702 1301 3046 1364 patratorum
3107 1292 3158 1348 ei
3216 1292 3386 1347 mira-

1809 1393 2058 1446 culorum
2114 1390 2338 1461 exponit
2407 1390 2496 1452 “,
2561 1395 2622 1442 ut
2685 1395 2893 1457 pestem
2967 1401 3162 1455 nempe
3216 1385 3388 1456 depu-

1809 1485 1952 1538 lerit.
1977 1483 2129 1550 Quod
2164 1483 2383 1539 tametsi
2406 1498 2528 1537 cum
2548 1481 2782 1534 maxime
2805 1479 3040 1548 scriptor
3068 1478 3124 1532 in
3152 1477 3239 1541 iis,
3265 1493 3388 1547 qua:

1810 1576 1914 1632 sub
1954 1575 2115 1631 finem
2159 1575 2454 1640 habentur,
2507 1573 2953 1628 accusationibus
2992 1586 3102 1625 non
3146 1584 3389 1624 comme-

166 1676 327 1729 σασθαι
351 1675 453 1746 (5i)
479 1675 539 1726 τὸ
572 1675 843 1747 ἔγκλημα,
862 1676 992 1746 φέρε
1021 1674 1083 1744 δὴ
1113 1669 1204 1726 οὖν
1239 1674 1408 1742 ὅμως,
1431 1672 1583 1724 αὐτοὶ
1608 1671 1701 1742 τὴν

1812 1669 2125 1731 moraverit,
2176 1667 2458 1738 quoniam,
2498 1675 2558 1720 ut
2613 1664 2930 1720 verosimile
2970 1669 3078 1728 est,
3134 1661 3387 1732 apologia

163 1770 368 1842 ἱστορίαν
396 1770 452 1832 ἐς
484 1769 716 1842 φανερὸν
750 1767 1098 1838 ὑποθῶμεθα,
1129 1766 1270 1820 οὓτω
1294 1765 1358 1836 δὴ
1394 1765 1485 1818 καὶ
1509 1764 1701 1834 ταύτην

1814 1762 1948 1818 illud
1979 1762 2188 1816 crimen
2235 1775 2346 1814 non
2385 1767 2599 1829 poterat
2628 1755 2874 1821 diluere;
2911 1754 3272 1808 nihilominus
3305 1762 3388 1807 ta-

165 1861 456 1923 εὺθύνοντες.
494 1861 560 1914 Εἴ
607 1878 713 1914 τινι
765 1860 874 1931 γὰρ
922 1861 1022 1914 οὐκ
1069 1859 1134 1913 ἂν
1182 1858 1266 1930 εἴη
1307 1858 1492 1926 σαφὲς,
1531 1859 1612 1910 ὅτι
1644 1859 1701 1931 δὴ

1812 1872 1934 1911 men
1966 1870 2091 1918 nos,
2122 1869 2244 1923 age,
2274 1852 2437 1906 istam
2481 1850 2767 1906 historiam
2805 1850 2861 1903 in
2901 1849 3077 1903 lucem
3113 1849 3385 1918 produca-

160 1951 270 2005 πολὺ
295 1951 352 2005 τὸ
383 1951 622 2022 πλάσμα,
653 1953 746 2006 καὶ
779 1950 1076 2021 ἀπατηλὸν,
1103 1950 1362 2020 γοητείας
1393 1965 1452 2001 τε
1479 1949 1552 2012 ὡς
1579 1948 1701 2020 ἀλη-

1812 1958 1954 2006 mus,
1977 1957 2096 1997 eam
2127 1955 2347 2012 quoque
2377 1939 2452 1992 ita
2481 1938 2865 1994 examinaturi.
2898 1935 2954 1991 Si
2983 1937 3074 1991 cui
3106 1939 3251 1992 enim
3283 1939 3386 1993 mi-

158 2043 246 2107 θῶς
264 2044 497 2116 ἔμπλεον,
514 2043 676 2108 αὐτὸς
707 2046 736 2098 ὁ
762 2044 960 2116 τρόπος
986 2043 1279 2113 ἀπελέγχει
1306 2043 1407 2112 τῆς
1439 2043 1701 2114 ἱστορίας.

1812 2049 1914 2087 nus
1950 2033 2087 2088 alias
2121 2040 2398 2088 constaret
2429 2029 2658 2100 liquido,
2689 2030 2929 2098 spissum
2952 2027 3056 2084 hoc
3081 2044 3205 2085 esse
3232 2043 3386 2083 men-

156 2136 242 2188 Τὸν
265 2135 360 2207 γάρ
382 2151 458 2188 τοι
490 2136 678 2208 λοιμὸν
713 2135 1024 2189 ὑποτίθεται
1049 2138 1107 2188 ὲν
1140 2135 1268 2188 εῖδει
1304 2133 1695 2204 πτωχεύοντος,

1815 2127 2121 2191 dacium,et
2154 2124 2360 2194 magica
2398 2139 2581 2178 revera
2611 2121 2774 2191 528
2799 2121 3182 2190 superstitione
3215 2118 3384 2174 refer-

156 2228 230 2280 κα).
269 2229 476 2299 ῥάκεσιν
522 2230 905 2300 ὴμφιεσμένου
957 2227 1264 2300 πρεσϐύτου
1302 2227 1494 2298 ἀνδρὸς
1527 2229 1701 2298 ἐωρᾶ-

1817 2228 1953 2281 tum,
1979 2219 2092 2287 ipsa
2117 2217 2442 2270 narrationis
2472 2215 2612 2268 ratio
2637 2215 2689 2268 id
2722 2224 2865 2268 esset
2892 2214 3150 2268 eviclura.
3173 2211 3381 2265 Pestem

155 2319 279 2373 σθαι’
316 2321 370 2373 ὃν
402 2321 718 2375 καταλεύειν
768 2319 1261 2391 ἐπικελευσαμένου
1302 2319 1394 2371 τοῦ
1430 2317 1701 2370 Ἀπολλωτ

1817 2313 1962 2366 enim
1988 2309 2175 2363 statuit
2210 2308 2467 2372 mendici,
2505 2306 2805 2376 pannisque
2847 2306 3038 2360 laceris
3082 2302 3255 2357 induti
3299 2318 3385 2356 se-

153 2406 262 2469 νίου,
294 2409 544 2480 πρότερον
581 2411 681 2479 μὲν
714 2409 826 2482 πῦρ
868 2409 1082 2480 βάλλειν
1113 2407 1222 2460 τῶν
1256 2407 1574 2479 ὀφθαλμῶν,
1603 2403 1701 2460 εἶθ’

1819 2404 1906 2458 nis
1953 2403 2138 2456 habitu
2186 2401 2522 2469 apparuisse.
2561 2399 2728 2464 Quem
2755 2413 2878 2452 cum
2918 2396 3184 2466 lapidibus
3227 2391 3383 2448 obrui

153 2497 344 2568 ὕστερον
393 2499 657 2572 βληθέντα
681 2481 869 2565 λίθοις,
906 2499 1041 2554 κύνα
1095 2500 1574 2572 συντετριμμένον,
1611 2497 1701 2551 καὶ

1812 2492 2060 2560 iussisset
2083 2489 2430 2560 Apollonius,
2467 2487 2702 2558 primum
2731 2486 2805 2538 ait
2838 2483 3108 2537 flammam
3133 2481 3386 2536 emisisse

153 2593 503 2664 παραπτύοντα
547 2594 740 2666 ἀφρὸν,
775 2595 849 2657 ὡς
877 2596 924 2647 οἱ
959 2593 1278 2659 λυττῶντες,
1315 2593 1588 2663 φανῆναι·
1625 2593 1701 2644 εί-

1812 2584 1978 2638 ocuiis
2008 2603 2020 2637 :
2050 2590 2164 2636 tum
2196 2596 2326 2636 vero
2357 2579 2630 2651 lapidibus
2675 2579 2930 2632 obrutum
2982 2593 3172 2632 canem
3209 2577 3382 2630 obtri-

153 2682 348 2751 ρηκέναι
378 2683 419 2736 δ’
450 2684 614 2736 αὐτὸν
648 2685 777 2758 περ).
809 2683 1000 2737 τούτου
1050 2683 1142 2737 καὶ
1173 2685 1230 2736 ἐν
1264 2686 1330 2754 τῇ
1373 2683 1508 2756 πρὸς
1542 2682 1698 2736 αὐτον

1812 2685 1914 2730 tum
1937 2684 1991 2728 et
2019 2691 2113 2730 ore
2148 2681 2515 2744 spumantem,
2547 2671 2863 2725 rabidorum
2897 2685 3068 2732 more,
3101 2669 3387 2739 apparuis-

151 2771 361 2843 γράτορα
410 2774 734 2844 Δομετιανὸν
787 2773 1050 2844 ἀπολογίᾳ
1088 2771 1263 2826 ταῦτα
1295 2772 1517 2844 γράφει·
1562 2794 1579 2821 ι
1627 2771 1700 2823 Τὸ

1812 2782 1882 2820 se.
1914 2764 2098 2834 Ipsum
2151 2773 2331 2818 autem
2380 2763 2446 2817 de
2481 2777 2546 2816 eo
2572 2763 2735 2814 etiam
2783 2761 3156 2830 Apollonium,
3194 2762 3249 2814 in
3285 2775 3384 2815 sua

151 2863 239 2933 γὰρ
265 2865 443 2936 λοιμοῦ
477 2863 640 2929 εἶδος,
679 2864 900 2935 πτωχῷ,
939 2859 1041 2918 ῶδε
1071 2867 1343 2936 ἀγείροντι
1378 2864 1509 2935 (52),
1547 2863 1699 2916 είκα-

1812 2859 1867 2912 id
1900 2857 2269 2912 Domitianum
2301 2857 2686 2926 imperatorem
2737 2853 3009 2924 apologia,
3038 2853 3111 2906 ita
3140 2854 3386 2908 locutum

151 2971 255 3009 στιν
302 2959 390 3012 καὶ
437 2955 600 3022 εἶδον,
633 2959 726 3011 καὶ
782 2957 925 3022 ἰδὼν,
960 2953 1122 3021 εἷλον,
1159 2958 1220 3010 οὐ
1276 2956 1489 3018 παύσας
1522 2955 1694 3018 νόσον,

1812 2967 1922 3006 esse
1954 2950 2147 3005 scribit
2178 2968 2191 3004 :
2235 2967 2252 2999 ι
2288 2947 2626 3011 Pestilentia:
2652 2946 2797 3000 enim
2827 2943 3001 2998 forma
3030 2943 3302 3006 mendico,
3322 2958 3388 2996 eo

147 3047 242 3100 ἀλλ’
285 3048 490 3118 ἐξελών.
536 3073 555 3104 ι
597 3053 692 3114 Τίς
725 3051 788 3122 δὴ
823 3047 915 3105 οὖν
949 3051 1040 3104 ἐπὶ
1071 3050 1281 3112 τούτοις
1329 3050 1390 3102 οὐ
1429 3049 1570 3119 μέγα
1599 3046 1697 3118 τὴν

1812 3045 1991 3098 habitu
2027 3040 2481 3118 circumvaganti,
2512 3038 2955 3094 assimilabatur:
2989 3051 3221 3106 eamque
3253 3034 3384 3099 vidi,

145 3139 222 3193 τοῦ
251 3141 642 3214 θαυματοποιοῦ
671 3145 960 3214 γελάσεται
1002 3140 1455 3214 παραδοξοποιίαν
1481 3157 1494 3204 ;
1540 3139 1699 3202 ζώων

1812 3138 2088 3207 visamque
2131 3135 2259 3198 vici,
2289 3150 2396 3188 non
2445 3141 2508 3187 ut
2555 3139 2798 3187 cessaret
2843 3131 2961 3185 lues
3000 3128 3259 3191 eﬂiciens,
3291 3130 3387 3184 sed

145 3233 429 3306 ὀφθαλμοῖς,
464 3239 558 3291 καὶ
589 3237 752 3290 λίθων
783 3236 1155 3290 ὑποπίπτοντα
1191 3234 1392 3304 βολαῖς,
1423 3230 1701 3303 ξυντριδό⁴

1812 3231 1960 3300 plane
1992 3245 2022 3282 e
2041 3228 2219 3283 medio
2241 3241 2362 3281 eam
2394 3225 2612 3279 tollens.
2639 3243 2655 3274 ι
2677 3223 2814 3289 Quis
2837 3237 2988 3286 vero,
3012 3221 3144 3274 talia
3179 3221 3388 3291 legens,

147 3327 281 3386 μενόν
311 3345 368 3380 τε
402 3329 539 3401 πρὸς
587 3326 909 3398 ἀνθρώπων,
946 3327 1037 3381 καὶ
1071 3325 1242 3397 ἀφρὸν
1286 3324 1700 3396 παραπτύοντα,

1812 3321 2220 3392 praestigiatoris
2260 3333 2459 3388 magno
2499 3317 2615 3371 risu
2671 3331 2782 3371 non
2825 3312 3392 3384 excipiatportenta?

144 3418 226 3488 τὴν
269 3421 356 3474 τοῦ
410 3421 600 3491 λοιμοῦ
653 3423 812 3494 φύσιν
860 3422 1093 3486 ἀκούων,
1123 3421 1197 3484 ὡς
1231 3420 1340 3473 οὐδ’
1382 3419 1496 3473 ἀλλ’
1524 3418 1703 3473 ὁτιοῦν

143 3512 368 3581 ’τυγχάνει
409 3514 443 3586 ἢ
489 3515 688 3588 φθορὰ,
745 3517 840 3570 καὶ
891 3514 1134 3576 κάκωσις
1181 3512 1366 3583 ἀέρος,
1401 3513 1493 3564 ἐπὶ
1527 3512 1588 3565 τὸ
1615 3529 1704 3564 νο-

145 3599 285 3666 σῶδες
329 3609 684 3678 τρεπομένου,
729 3606 826 3661 τοῦ
859 3605 1222 3679 περιέχοντος,
1259 3605 1322 3657 ὲκ
1353 3603 1602 3676 πονηρῶν
1633 3620 1696 3656 τε

142 3697 220 3748 καὶ
261 3699 472 3767 φαύλων
514 3702 955 3774 ἀναθυμιάσεων,
1041 3698 1195 3766 λόγος
1227 3695 1468 3767 ἰατρικὸς
1514 3712 1696 3768 παρα-

140 3784 315 3856 δίδωσι,
355 3793 771 3866 ξυνισταμένου.
820 3794 930 3847 Καὶ
971 3792 1144 3853 ἄλλως
1175 3789 1286 3860 (55)
1309 3790 1352 3842 δ’
1387 3788 1452 3842 ἂν
1493 3789 1554 3842 τὸ
1599 3790 1705 3859 φά-

141 3901 234 3952 σμα
259 3891 363 3960 (54)
393 3886 750 3958 διευθυνθείη,
771 3886 1002 3966 ἐπείπερ
1034 3882 1170 3956 μόνῃ
1203 3885 1268 3954 τῇ
1303 3880 1410 3934 τῶν
1442 3881 1704 3950 Ἐφεσίων

139 3981 288 4044 πόλει,
317 3983 427 4037 ἀλλ’
462 3983 586 4055 οὐχὶ
617 3979 708 4034 καὶ
739 3982 854 4042 τοῖς
883 3978 1103 4050 ὁμόροις
1123 3976 1215 4029 τὸν
1249 3974 1435 4044 λοιμὸν
1471 3973 1699 4043 ἐπισκῆ-

137 4068 218 4138 ψαί
272 4090 430 4143 φησιν
478 4077 507 4127 ὁ
559 4073 715 4141 λόγος
738 4088 752 4100 ·
787 4071 923 4140 ὅπερ
955 4069 1054 4122 οὐκ
1089 4067 1155 4120 ἂν
1193 4066 1424 4135 γεγόνοι,
1454 4066 1698 4118 κάκωσιν

136 4161 215 4214 τοῦ
244 4167 588 4238 περιέχοντος
646 4161 1004 4225 πεπονθότος·
1041 4161 1100 4212 οὐ
1145 4159 1252 4228 γὰρ
1296 4159 1379 4229 δὴ,
1409 4155 1700 4211 κατακλει-

140 4252 264 4321 σθὲν,
283 4261 426 4330 μόνῳ
457 4260 524 4314 ἂν
543 4258 845 4330 ὲφήδρευσε
875 4255 952 4326 τῷ
969 4252 1097 4324 περὶ
1115 4253 1214 4324 τὴν
1231 4252 1462 4319 Ἔφεσον
1494 4249 1616 4321 ἀέρι
1638 4248 1700 4302 τὸ

138 4346 344 4421 νόσημα.

1805 3411 2160 3488 [monstrum]
2199 3410 2377 3466 oculis
2425 3409 2747 3473 viventium,
2794 3414 2849 3462 et
2909 3405 3186 3476 lapidibus
3239 3404 3293 3458 in
3332 3419 3392 3458 se

1802 3505 2069 3575 conjectis
2099 3502 2419 3561 obnoxium,
2453 3501 2522 3554 ab
2569 3499 2886 3553 hominibus
2930 3513 3062 3552 vero
3095 3497 3386 3556 obtritum.

1806 3608 1861 3653 et
1905 3612 2000 3651 ore
2047 3608 2308 3664 spumans
2344 3611 2356 3644 :
2393 3592 2562 3660 pestis
2621 3597 2875 3644 naturam
2913 3589 3003 3658 qui
3039 3589 3200 3651 sciat,
3238 3587 3390 3656 quod

1809 3695 1955 3750 aliud
2007 3695 2080 3750 sit
2127 3693 2262 3747 nihil
2298 3706 2464 3760 quam
2524 3687 2834 3757 corruptela
2885 3692 2941 3740 et
2971 3682 3163 3737 vitium
3220 3679 3387 3742 aeris,

1810 3796 2024 3843 nosmet
2049 3784 2365 3844 ambientis,
2392 3789 2557 3851 atque
2586 3783 2640 3834 in
2675 3779 2898 3832 noxium
2937 3773 3081 3829 versi
3115 3771 3386 3831 habitum,

1812 3886 1867 3932 et
1900 3875 2150 3946 malignis
2179 3889 2243 3928 ac
2275 3870 2587 3941 depravatis
2623 3867 3085 3929 exhalationibus,
3118 3873 3176 3917 ut
3212 3860 3390 3916 medi-

1813 3983 2003 4025 corum
2051 3967 2216 4021 tradit
2271 3963 2544 4027 doctrina,
2581 3959 2884 4030 inspissati.
2934 3956 3048 4011 lmo
3099 3962 3154 4010 et
3202 3951 3388 4006 habita

1805 4070 2124 4118 caterarum
2174 4055 2715 4112 circumstantiarum
2747 4049 2962 4104 ratione
3003 4049 3173 4102 hocce
3201 4043 3388 4114 explo~

1807 4155 1937 4210 dere
1989 4153 2150 4207 liceat
2202 4157 2501 4220 spectrum,
2547 4145 2803 4217 quoniam
2852 4155 3048 4208 nempe
3110 4137 3211 4194 soli
3267 4137 3388 4189 urbi

1808 4244 2075 4315 Ephesiae,
2108 4256 2216 4296 non
2257 4255 2385 4294 vero
2435 4236 2683 4292 finitimis
2716 4234 2882 4289 etiam
2921 4238 3129 4302 pestem
3168 4240 3386 4298 gravem

1810 4335 2132 4392 incubuisse
2162 4339 2351 4387 narrat
2394 4331 2572 4385 oratio
2607 4346 2622 4382 ι
2659 4327 2803 4397 quod
2831 4325 3034 4379 factum
3062 4329 3210 4376 certe
3242 4316 3386 4374 haud

136 4452 281 4503 esset,
309 4441 356 4498 si
392 4443 589 4497 vitium
641 4443 710 4497 ab
759 4455 884 4496 aere
948 4438 1226 4492 ambiente
1272 4431 1472 4491 fuisset
1529 4441 1922 4488 contractum:
1959 4427 2185 4482 minime
2249 4425 2418 4488 enim,
2477 4421 2748 4491 angustiis
2803 4418 3136 4479 conclusus,
3206 4413 3384 4468 solum

137 4529 407 4604 Ephesium
441 4551 625 4592 aerem
656 4537 884 4591 morbus
915 4531 1169 4588 obsidere
1197 4530 1489 4601 potuisset.

195 4630 238 4663 “
275 4632 364 4688 lib.
399 4649 489 4696 iv,
524 4649 576 4687 c.
609 4632 663 4688 3.

135 4785 456 4867 οἰωνιστικῆς
489 4785 760 4867 magistri.
792 4785 1206 4867 'Vide_nostrum
1238 4802 1408 4867 supra
1441 4801 1560 4856 cap.
1598 4785 1692 4867 μθ.

205 4865 306 4931 (50)
344 4856 613 4936 ΛὸἷμόνῘ
637 4865 840 4936 Vitium
886 4863 1094 4916 Aldina:
1122 4858 1408 4936 editionis,_
1445 4871 1565 4926 quae
1598 4856 1697 4936 ha-

137 4928 279 4990 bebat
327 4928 611 5008 λογισμόν,
688 4935 1072 5008 Morellianain_
1109 4944 1325 5008 quoque
1365 4928 1692 5008 _invaser_at,

135 5011 365 5074 quamvis
401 4997 503 5063 ’νεί
556 4997 761 5061 Αόοἱοιὶ
816 5005 992 5059 versio
1025 4997 1307 5074 Mgorellu’m
1348 4997 1415 5052 de
1446 5011 1581 5074 vera
1605 4997 1695 5048 le—

139 5065 299 5133 ctione
325 5081 627 5134 admonere
652 5077 938 5134 potuisset.
978 5075 1034 5128 ln
1065 5069 1421 5128 Holsteniana
1453 5065 1695 5122 editione

139 5094 299 5133 ctione
325 5094 627 5134 admonere
689 5094 938 5130 mutsset.
979 5094 1034 5128 ιιι
1066 5094 1138 5128 no

136 5149 370 5204 mendum
399 5151 552 5205 istud
584 5094 857 5203 SuBIatum
883 5145 1138 5200 observo.

198 5219 465 5292 (δίλίότι
499 5219 588 5290 μὴ
622 5233 762 5292 παρ.
796 5218 875 5292 ᾡς
901 5219 1009 5270 six.
1047 5216 1179 5292 at’gt.
1205 5209 1302 5292 ρι’
1331 5211 1526 5292 daal.”
1553 5206 1700 5292 ἀπο-

132 5277 517 5347 λύὸκἮεεοὶό
554 5277 624 5344 an
667 5277 961 5343 Eusebium
1013 5285 1154 5338 ratio
1205 5282 1293 5335 hic
1341 5296 1450 5334 nou
1503 5277 1694 5346 fugiat.

133 5360 253 5413 Cum
284 5365 451 5426 enim,
491 5363 639 5431 quod
678 5361 794 5429 ipse
824 5357 986 5428 paulo
1012 5363 1135 5431 post
1164 5353 1439 5431 observat.
1478 5347 1698 5428 Apollo-

132 5435 245 5485 nius
295 5419 449 5503 apud'
493 5419 900 5503 Dounitianum_
930 5419 1112 5481 ea'de
1163 5439 1222 5503 re
1270 5421 1480 5503 prolixi?
1516 5419 1698 5499 θεῖεξθ

131 5489 388 5568 narretur,
440 5504 634 5558 nescio
683 5519 748 5556 an
785 5499 1116 5552 Philostrato
1167 5489 1484 5568 ista—“tribui
1523 5489 1698 5568 possit

133 5559 514 5635 praevaricatio.
545 5574 679 5628 V'ide
734 5573 839 5625 huc
873 5569 1197 5638 spectantia,
1263 5565 1355 5618 lib.
1400 5559 1530 5625 vm,
1555 5575 1606 5613 c.
1643 5559 1693 5623 7,

132 5651 252 5696 sect.
289 5645 340 5699 9.

192 5714 298 5783 (52)
331 5720 529 5784 Πτωχ.
563 5707 677 5767 ὧδε
727 5710 1037 5784 ἀγείροντι.
1075 5702 1390 5784 Holstenius
1419 5717 1484 5756 ex
1511 5699 1698 5754 Philo-

131 5776 310 5850 ιιι-διο,
361 5776 733 5858 ὦδεῗίέροντι,
765 5776 1050 5851 legendum
1085 5784 1258 5853 putat.
1290 5776 1358 5831 At
1392 5787 1568 5844 neque
1597 5787 1690 5833 τη.

742 4631 786 4664 ⁸³
829 4631 923 4686 lib.
963 4644 1050 4692 iv,
1085 4624 1224 4682 c.-4.
1305 4623 1350 4655 ⁸⁸
1391 4622 1489 4676 lib.
1525 4635 1622 4683 ιιι,
1653 4635 1704 4673 c.
1747 4615 1836 4670 lt).

198 4722 300 4794 (29)
335 4721 440 4779 οἵα
479 4725 551 4789 ἐξ
595 4723 889 4794 Ἀράϐων.
908 4723 1114 4789 Nempe
1145 4716 1449 4776 doctissimi
1486 4713 1565 4768 illi
1599 4713 1696 4794 τῇς
1730 4721 1772 4776 ι)
1801 4703 1904 4761 ὦδε

1951 4703 2185 4776 γέροντι,
2231 4700 2323 4756 sed
2375 4692 2896 4776 ροιὶυεπτωχῷ
2928 4689 3386 4776 γέροντιιιοξίιιιι-

1803 4759 1945 4848 apud
1963 4759 2391 4848 'P'liilostratum:
2425 4767 2548 4848 Nec
2571 4767 2625 4820 in
2672 4759 2898 4848 proclivi
2931 4759 3384 4848 est'eanlect'i'oiie

1802 4829 2082 4903 obtinente
2116 4841 2441 4913 particulam
2476 4832 2577 4891 ὦδε
2606 4829 2890 4891 commode
2915 4831 3218 4913 implicare.
3245 4829 3382 4913 Hinc

1800 4901 1869 4973 ἐξ
1898 4901 2134 4970 Eusebio
2167 4912 2580 4972 Philostratum,
2614 4921 2778 4976 quam
2812 4920 2878 4959 ex
2911 4901 3245 4957 Philostrato
3273 4901 3383 4956 Eu-

1801 4990 2012 5046 sebium
2046 4986 2153 5039 isto
2185 4986 2304 5036 loco
2337 4981 2520 5033 malim
2543 4975 2846 5033 emendari.

1874 5058 1986 5130 (373)
2021 5055 2132 5130 Kal
2156 5052 2378 5117 ἄλλως.
2411 5051 2560 5130 ll.e.
2592 5049 2723 5130 licet
2756 5060 2883 5130 vero
2921 5044 3084 5130 etiam
3115 5042 3378 5130 conceda-

1801 5115 1892 5185 tur
1919 5115 2158 5182 fabulam
2191 5139 2313 5178 esse
2334 5115 2542 5176 tradita
2575 5119 2644 5174 de
2665 5125 2818 5187 peste
2850 5117 2998 5171 senis
3033 5115 3208 5168 forma
3231 5128 3354 5187 _c_on

1801 5183 2014 5271 spicua,
2045 5205 2100 5252 et
2129 5203 2323 5271 caetera
2363 5209 2429 5247 eo
2464 5183 2790 5271 pertinentia
2839 5193 3171 5271 nugamenta
3225 5183 3381 5238 fabu-

1799 5255 1917 5327 losa
1943 5255 2100 5335 esse;
2123 5280 2222 5320 nec
2246 5255 2536 5335 sic__tanfeu
2560 5255 3234 5335 etiamacquiescendum;
3254 5269 3380 5308 nam

1799 5325 2023 5397 omnino
2066 5325 2271 5409 pestem
2319 5333 2633 5409 Ephesiain,
2665 5325 2845 5409 etiaui
2875 5329 2994 5409 sine
3019 5325 3162 5409 istis
3209 5339 3382 5394 nuga-

1800 5413 2000 5468 mentis
2023 5397 2344 5478 spectatam,
2366 5397 2468 5458 ’καὶ
2493 5403 2688 5478 ἄλλως,
2714 5401 2925 5453 ratione
2948 5397 3128 5478 habita
3157 5405 3384 5478 caetera-

1798 5465 1920 5537 illi].
1947 5465 2510 5536 circ-uinstantiarum,
2537 5473 2842 5526 fabulosam
2875 5485 2997 5524 esse
3024 5465 3379 5537 deprehendi.

1877 5553 1991 5624 (54)
2026 5549 2258 5617 Φάσμα.
2294 5545 2621 5624 “mirabor:
2655 5544 2773 5624 loco
2819 5538 3078 5624 nil_aliud
3112 5536 3383 5624 sigpificat

1803 5606 1988 5694 quam,
2023 5606 2205 5694 t'ucujn
2255 5606 2431 5694 oculis
2458 5615 2789 5694 obstipa-litin
2827 5631 2838 5665 :
2873 5612 2953 5692 sic
2979 5609 3168 5694 μήτε.
3194 5606 3382 5694 55.:le

1802 5674 1992 5749 eadem
2027 5707 2104 5754 re,
2139 5689 2259 5742 Ὅτι
2282 5687 2469 5757 φάσμα
2499 5674 2778 5739 καὶόύδέν
2807 5698 2860 5734 τι
2893 5679 3051 5734 πλέον
3083 5674 3172 5750 ἦν,
3192 5676 3382 5750 προδέξ-

1802 5764 2054 5817 δήλωται.

1799 5767 2054 5839 δήλωται.
