3830 6260
457 244 568 307 835

980 358 1155 415 (ΞΑΡῦ
1172 357 1207 413 Γ
1247 358 1485 414 XXVI".

528 484 713 552 Quarti
760 476 1010 535 miraculi
1045 476 1167 529 loco
1196 474 1425 529 Achillis
1455 474 1707 544 producit
1739 487 1927 527 manes
1956 471 2021 536 ",

460 580 689 649 primum
731 572 949 645 quidem
1006 572 1062 626 in
1107 571 1390 641 chlamyde
1444 568 1685 638 quinque
1735 564 2022 628 cubitales,

460 669 583 723 inde
614 665 899 721 duodecim
958 661 1268 716 cubitorum
1323 656 1697 727 magnitudine
1749 655 1816 709 ad
1842 652 2024 723 sepul-

459 774 609 816 crum
666 757 839 827 ipsius
870 754 1155 825 Apollonio
1205 757 1550 820 conspectos,
1576 755 1629 803 et
1650 746 1718 801 de
1749 744 2027 799 Thessalis

456 855 873 919 conquerentes,
907 844 1054 915 quod
1085 844 1188 899 sibi
1213 842 1459 905 inferias,
1493 847 1553 894 ut
1602 853 1751 892 more
1794 844 1912 891 erat
1939 851 2027 890 re-

455 951 694 1012 ceptum,
726 953 836 994 non
867 938 1139 992 solverent
1169 955 1182 990 :
1211 934 1466 1003 Trojauis
1518 942 1781 1003 praeterea
1831 931 2021 994 iratos.

453 1035 524 1089 ob
552 1050 616 1090 ea
647 1049 769 1105 qua:
817 1033 873 1086 in
923 1047 1047 1087 eum
1079 1028 1478 1099 peccavissent,
1513 1037 1676 1095 atque
1716 1023 2023 1095 Apollonio,

453 1136 514 1181 ut
542 1111 781 1197 quinque
804 1131 1129 1195 proponeret
1150 1120 1498 1191 quaestiones,
1534 1134 1674 1188 quas
1698 1118 1858 1172 vellet
1888 1117 2023 1186 ipse,

453 1231 507 1276 et
541 1219 725 1275 Parca:
785 1216 1013 1288 proponi
1071 1221 1405 1286 paterentur,
1456 1210 1853 1282 permittentes.
1898 1206 2028 1262 lude

453 1316 537 1369 vir
557 1314 667 1377 ille,
700 1327 883 1366 rerum
918 1308 1161 1364 omnium
1203 1306 1398 1367 solers,
1423 1313 1478 1359 et
1505 1296 1691 1357 futura
1718 1309 1877 1357 antea
1922 1301 2026 1356 sibi

455 1408 800 1462 innotescere
847 1402 1138 1473 gloriatus,
1171 1398 1351 1452 adhuc
1379 1395 1509 1450 dum
1549 1396 1783 1467 ignorat,
1809 1394 2029 1448 funera-

378 1541 382 1545 .
456 1505 617 1553 tusne
659 1498 910 1568 sepulcro
938 1494 1175 1548 Achilles
1234 1492 1415 1555 fuerit,
1441 1488 1805 1560 Musaqueilli
1829 1503 1893 1543 ac
1923 1484 2029 1541 Ne-

452 1591 634 1647 reides
687 1606 758 1644 an
806 1590 1046 1643 lamenta
1096 1585 1462 1657 profuderint,
1497 1584 1673 1654 deque
1730 1583 1816 1637 his
1876 1582 2028 1636 illum

454 1682 619 1737 rebus
642 1686 1069 1751 percunctatur:
1099 1692 1277 1747 neque
1333 1675 1517 1729 minus
1553 1689 1622 1728 an
1661 1672 1931 1743 Polyxena
1959 1671 2025 1724 il-

1130 241 1399 297 EUSEBII
1428 234 1915 296 CASSARIENSIS
1949 234 2102 292 OPP.
2138 230 2336 287 PARS.
2379 224 3056 285 IL—APOLOGETICA.
3583 226 3667 280 838

2054 355 2105 410 Α.

2631 367 3026 422 ΚΕΦΑΛΑΙΟΝ
3077 361 3212 419 KH’.

2195 486 2464 558 Τέταρτον
2489 482 2637 553 αὐτῷ
2671 480 2970 554 παράδοξον
2987 478 3270 552 Ἀχιλλέως
3290 473 3358 548 ἦν
3379 472 3536 549 ψυχὴ,
3560 479 3669 550 πρό-

2125 595 2284 648 τερον
2315 577 2412 648 μὲν
2443 576 2502 627 ὲν
2523 574 2754 647 χλαμύδι
2787 574 3153 643 πεντάπηχυς,
3176 566 3291 624 εἶτα
3322 569 3668 641 δωδεκάπηχυς

2124 671 2187 724 τὸ
2219 670 2470 741 μέγεθος,
2502 669 2655 740 παρὰ
2676 666 2754 737 τῷ
2778 667 2895 737 ἰδίῳ
2928 664 3090 719 αὐτοῦ
3119 664 3359 734 μνήματι
3384 663 3667 735 φαινομένη,

2126 761 2426 825 Θετταλούς
2468 778 2529 814 τε
2577 759 3002 828 καταιτιωμένη,
3037 757 3118 808 ὅτι
3157 754 3222 827 δὴ
3266 755 3333 808 τὰ
3370 754 3672 825 ἐναγίσματα

2125 854 2293 926 αὐτῷ,
2326 854 2401 916 ὡς
2456 852 2574 915 ἔθος
2609 847 2697 922 ἦν,
2731 852 2830 903 οὒκ
2864 848 3147 902 ἐπετέλουν
3168 864 3182 878 ’
3228 845 3472 918 μηνιῶσά
3497 863 3551 900 τε
3578 850 3669 901 εἰσ-

2128 947 2233 999 έτι.
2318 945 2499 1013 Τρωσὶ
2530 944 2638 999 τῶν
2694 946 2751 1008 ἐς
2796 942 2956 997 αὐτὸν
3004 939 3557 1011 πεπλημμελημένων,
3598 939 3673 993 καὶ

2128 1040 2536 1111 προστάττουσα
2567 1037 2645 1109 τῷ
2678 1036 3019 1107 Ἀπολλωνίῳ
3074 1035 3235 1088 πέντε
3279 1033 3486 1102 λόγους,
3514 1030 3596 1095 οὒς
3622 1032 3674 1086 ἂν

2128 1133 2291 1196 αὐτός
2333 1148 2394 1184 τε
2440 1129 2701 1199 βούλοιτο,
2738 1128 2837 1182 καὶ
2869 1130 2924 1181 αἱ
2957 1129 3136 1197 μοῖραι
3164 1123 3484 1193 ξυγχωρείεν
3514 1123 3673 1194 ἀνέρε-

2129 1224 2273 1279 σθαι.
2322 1219 2437 1277 Εἴθ’
2476 1224 2506 1275 ό
2558 1222 2735 1275 πάντα
2766 1218 2944 1284 εἰδὼς,
2977 1216 3209 1272 καὶτῶν
3252 1214 3546 1286 μελλόντων
3564 1213 3674 1285 πρό-

2126 1333 2326 1385 γνωσιν
2374 1315 2577 1386 αὐχῶν,
2605 1314 2685 1367 ἔτι
2715 1314 2901 1383 ἀγνοεῖ
2936 1313 2984 1365 εἰ
3014 1310 3189 1380 τάφου
3218 1308 3374 1379 τύχοι
3418 1305 3672 1378 Ἀχιλλεὺς.

2127 1410 2221 1462 καὶ
2247 1411 2295 1462 εί
2321 1408 2551 1462 Μουσῶν
2579 1407 2790 1480 θρῆνοι,
2819 1406 2912 1460 καὶ
2941 1403 3232 1477 Νηρηίδων
3271 1402 3361 1454 ἐπ’
3386 1399 3527 1470 αὐτῷ
3546 1398 3676 1468 γεγό-

2127 1518 2271 1565 νασι,
2304 1499 2398 1555 καὶ
2427 1499 2554 1571 περὶ
2587 1498 2793 1552 τούτων
2838 1497 3002 1553 αὑτὸν
3048 1496 3315 1566 ἁνερωτᾷ,
3351 1494 3444 1548 καὶ
3490 1494 3677 1547 διαπυν-
3708 1552 3713 1563 _

2128 1594 2369 1658 θάνεται,
2397 1596 2447 1646 εί
2471 1590 2742 1665 Πολυξένη
2779 1591 3066 1660 ἐπεσφάγη
3115 1588 3284 1659 αὐτῷ,
3322 1588 3420 1641 καί⁹
3442 1588 3493 1645 εί
3516 1584 3673 1656 Ἑλένη

2130 1689 2189 1752 ἐς
2221 1687 2421 1760 Τροίαν
2449 1686 2718 1759 ἐληλύθει.
2764 1686 2851 1749 Ὦς
2885 1684 3060 1755 σεμνά
3089 1700 3175 1751 γε,
3203 1683 3300 1736 καὶ
3324 1678 3677 1746 κατεπείγοντα

452 1776 560 1829 lius
593 1774 659 1828 ad
700 1772 973 1827 tumulum
1011 1784 1152 1825 caesa
1185 1769 1350 1823 fuerit
1391 1768 1711 1836 interrogat,
1736 1763 2024 1833 Trojamve

2133 1783 2185 1845 ἐς
2209 1781 2303 1834 τὸν
2340 1780 2626 1849 φιλόσοφον
2655 1779 2765 1850 βίον
2809 1775 2903 1831 τοῦ
2937 1777 3050 1831 δίου
3083 1775 3192 1847 (55)
3221 1774 3293 1828 τά
3322 1772 3549 1841 σπουδῆς
3575 1769 3678 1834 ἄξια

454 1866 656 1921 Helena
692 1880 761 1919 an
791 1862 1120 1935 pervenerit.
1168 1860 1470 1914 Pracclaras
1499 1874 1652 1918 vero.
1685 1859 2025 1926 multumque

453 1960 520 2013 ad
548 1958 982 2029 philosophicam
1024 1955 1194 2010 divini
1229 1955 1374 2008 illius
1404 1952 1507 2007 viri
1529 1952 1694 2006 vitam
1731 1949 2024 2005 conferen-

451 2056 571 2112 tes,
605 2048 860 2119 serioque
914 2045 1143 2118 proinde
1194 2045 1381 2101 studio
1426 2043 1619 2115 dignas
1668 2043 2023 2113 quaestiones.

454 2156 682 2211 Miratur
716 2156 844 2210 item
889 2163 1171 2224 prmterea,
1198 2150 1341 2221 quod
1372 2158 1451 2203 tot
1478 2150 1672 2204 heroes
1706 2148 1849 2202 inter
1880 2144 2022 2201 Grae-

454 2262 549 2301 cos
574 2252 730 2302 aetate
760 2243 949 2300 eadem
981 2258 1103 2298 esse
1135 2242 1433 2312 potuerint,
1466 2248 1521 2296 et
1541 2240 1686 2311 quod
1709 2239 1776 2294 ad
1807 2238 2028 2308 Trojam

456 2336 769 2392 Palamedes
801 2335 963 2390 fuerit
988 2350 1244 2405 praesens.
1266 2331 1454 2387 Virum
1476 2338 1655 2387 autem
1684 2350 1704 2382 ι
1736 2347 1857 2386 cum
1876 2331 1982 2386 diis
2005 2350 2023 2381 ι

454 2428 799 2483 familiariter
824 2436 1127 2491 versatum,
1170 2444 1187 2477 ι
1225 2425 1342 2480 sive
1369 2423 1545 2477 forma
1582 2423 1961 2493 apparentium
1983 2422 2028 2453 ⁸⁸

452 2522 675 2584 visibili,
707 2521 830 2576 sive
861 2537 971 2574 non
1014 2519 1375 2573 obnoxiorum
1426 2516 1623 2578 oculis,
1660 2535 1679 2567 ›
1713 2515 1843 2569 talia
1874 2515 2031 2586 igno-

453 2631 597 2678 rare,
629 2621 684 2669 et
731 2614 798 2669 de
830 2612 1101 2681 ejusmodi
1150 2612 1488 2680 interrogare
1523 2610 1711 2675 rebus,
1753 2609 2030 2679 quomodo

454 2705 831 2773 turpissimum
859 2720 963 2757 non
983 2703 1302 2757 censeatur?
1318 2702 1431 2755 Nisi
1458 2701 1615 2766 forte,
1631 2700 1757 2770 quia
1777 2708 2021 2756 mortuos

454 2791 796 2863 interrogans
835 2794 1137 2853 inducitur,
1170 2791 1333 2862 529
1376 2791 1499 2847 ideo
1539 2790 1843 2861 frigidiores
1879 2802 2028 2859 quae-

459 2886 762 2940 stiunculas
806 2894 995 2939 auctor
1025 2884 1196 2954 tingit,
1234 2894 1292 2939 ut
1323 2884 1472 2938 tollat
1497 2884 1883 2952 suspicionem,
1916 2897 2023 2951 qua

458 2980 548 3034 ille
587 2980 726 3033 ultra
773 2994 935 3047 quam
985 2993 1082 3047 par
1125 2986 1209 3031 est
1251 2978 1506 3033 curiosus
1542 2978 1815 3031 exstitisse
1852 2976 2025 3033 videri

453 3078 682 3140 p0tcrat.
734 3067 877 3123 Sane
905 3069 1049 3123 cnim
1089 3077 1144 3123 et
1185 3068 1435 3140 apologia
1486 3085 1648 3125 usum
1684 3070 1844 3124 nobis
1880 3072 2027 3127 sistit

451 3160 797 3231 Apollonium
827 3162 894 3226 ",
923 3162 1067 3231 quod
1091 3176 1156 3216 eo
1184 3162 1368 3226 modo,
1401 3177 1511 3232 quo
1539 3162 1591 3216 in
1614 3161 2023 3233 Necyomantiis

453 3251 569 3307 ﬁeri
616 3254 775 3317 solet,
806 3254 906 3323 ipsi
941 3257 1057 3308 visa
1087 3254 1270 3308 oblata
1312 3254 1457 3309 haud
1493 3254 1739 3311 fuerint:
1771 3274 1790 3308 ι
1834 3256 2021 3329 Neque

452 3351 621 3413 cnim,
666 3349 862 3420 inquit,
894 3357 952 3403 ut
977 3349 1200 3420 Ulysscs
1238 3349 1430 3405 scrobe
1465 3349 1881 3424 ellossa,neque
1916 3369 2018 3408 cae-

453 3441 530 3495 sis
558 3441 714 3511 agnis
745 3441 997 3497 manibus
1031 3442 1281 3512 placatis,
1316 3442 1371 3496 in
1424 3442 1655 3499 Achillis
1686 3445 2021 3516 colloquium

2127 1870 2488 1942 ἐρωτήματαῐ
2544 1868 2811 1939 θαυμάζει
2859 1867 2903 1920 δ’
2953 1866 3046 1919 ἐπὶ
3081 1864 3315 1927 τούτοις,
3375 1864 3423 1915 εί
3473 1857 3677 1912 τοσοῦτοι

2124 1962 2301 2032 ἥρωες
2349 1961 2497 2032 παρὰ
2549 1959 2659 2023 τοῖς
2687 1958 2941 2029 Ἕλλησιν
2973 1957 3053 2011 ἐνὶ
3083 1956 3261 2028 χρόνῳ
3307 1952 3573 2022 γεγόνασι,
3601 1948 3677 2004 καὶ

2127 2054 2176 2105 εἰ
2194 2050 2439 2120 ἀφίκοιτο
2465 2054 2522 2114 ὲς
2545 2050 2741 2122 Τροίαν
2765 2048 3119 2120 Παλαμήδης.
3137 2042 3240 2099 Τὸν
3265 2045 3332 2117 δὴ
3365 2063 3384 2095 ι
3419 2042 3547 2097 θεῶν
3576 2044 3681 2114 oper

2132 2147 2307 2217 μένων
2360 2162 2418 2198 τε
2476 2146 2569 2198 καὶ
2616 2145 2713 2215 οὐχ
2764 2143 3064 2215 ὁρωμένων
3121 2161 3139 2192 ι
3178 2139 3449 2212 ὁμιλητὴν
3493 2134 3680 2191 τοιαῦτα

2129 2241 2360 2308 ἀγνοεῖν,
2391 2241 2484 2294 καὶ
2527 2257 2592 2291 πε
2603 2239 2653 2311 pi.
2697 2238 2902 2291 τούτων
2933 2236 3232 2309 άνερωτᾷν,
3263 2234 3428 2296 ποίας
3472 2230 3580 2301 οὐχὶ
3606 2228 3680 2297 γέ-

2127 2333 2255 2387 νοιτ’
2288 2333 2352 2387 ἂν
2377 2332 2669 2403 αἰσχύνης;
2704 2332 2752 2383 εἰ
2790 2331 2864 2402 μὴ
2897 2329 3005 2402 ἄρ’,
3047 2326 3233 2399 ἐπειδὴ
3268 2326 3488 2397 νεκροῖς
3509 2319 3681 2394 ὁμιλῶν

2132 2424 2407 2495 εἰσῆκται,
2443 2424 2535 2476 ἐπὶ
2585 2423 2647 2477 τὸ
2690 2422 3021 2494 ψυχρότερον
3058 2421 3349 2493 μεταποιεῖ
3372 2419 3469 2478 τὰς
3499 2414 3682 2475 πεύσεις

2129 2517 2158 2568 ὀ
2191 2515 2555 2588 ξυγγραφεὺς,
2597 2514 2674 2579 ὡς
2724 2516 2791 2569 ἂν
2841 2512 3120 2584 ὑπεκλύσῃ
3165 2512 3269 2584 τὴν
3331 2508 3575 2563 ὑπόνοιαν
3607 2502 3682 2558 τοῦ

2137 2608 2281 2680 πέρα
2329 2608 2437 2660 τῶν
2487 2607 2870 2680 προσηκόντων
2931 2604 3093 2659 αὐτὸν
3148 2600 3561 2675 περιειργάσθαι
3595 2597 3682 2668 (56)

2132 2698 2332 2754 δοκεῖν.
2387 2700 2497 2754 Καὶ
2535 2699 2646 2771 γὰρ
2693 2700 2758 2772 δὴ
2791 2699 2887 2753 καὶ
2932 2696 3373 2768 ἀπολογούμενον
3404 2694 3555 2749 αὐτὸν
3579 2692 3685 2744 ὑπο-

2133 2792 2356 2864 γράφει,
2395 2792 2478 2845 ὅτι
2515 2791 2588 2863 μὴ
2622 2790 2762 2845 κατὰ
2805 2787 3227 2861 νεκρομαντείαν
3279 2789 3311 2841 ὁ
3343 2787 3540 2859 τρόπος
3567 2780 3686 2850 αὐτῷ

2123 2883 2226 2954 τῆς
2241 2883 2502 2954 φανείσης
2517 2882 2693 2952 ὅψεως
2704 2881 2927 2949 γένοιτο·
2951 2899 2970 2931 ι
2990 2879 3128 2934 Οὔτε
3160 2879 3271 2951 γὰρ
3300 2876 3512 2949 βόθρον,
3544 2869 3683 2934 εἶπεν,

2146 2973 2442 3036 Ὀδυσσέως
2455 2973 2808 3047 ὀρυξάμενος,
2834 2970 3137 3045 οὐδ’άρνῶν
3176 2971 3377 3041 αἵμασι
3401 2965 3686 3038 ψυχαγωγήε

2136 3079 2257 3128 σας,
2275 3066 2330 3127 ἐς
2348 3062 2577 3127 διάλεξιν
2603 3061 2697 3116 τοῦ
2714 3061 2999 3133 ’Λχιλλέως
3017 3058 3178 3133 ἦλθον
3205 3058 3344 3129 (57),
3368 3055 3686 3125 άλλέὐξάμε·

2128 3172 2217 3219 νος
2231 3155 2402 3209 ὁπόσα
2424 3160 2535 3220 τοῖς
2558 3157 2764 3230 ἥρωσιν
2789 3154 2941 3209 Ἰνδοί
2958 3172 3119 3223 φασιν
3134 3151 3398 3217 εὔξασθαι
3414 3150 3538 3204 δεῖν.
3564 3167 3581 3200 ι
3598 3146 3684 3198 Καὶ

2132 3246 2307 3300 ταῦτα
2339 3246 2434 3301 νῦν
2468 3247 2604 3319 πρὸς
2631 3249 2721 3301 τὸν
2754 3249 2966 3319 ἑταῖρον
3000 3245 3463 3316 ἀποσεμνύνεται,
3495 3242 3523 3293 ὁ
3555 3237 3688 3311 μηδὲν

2138 3339 2328 3410 μαθεῖν
2344 3340 2474 3411 παρ’
2505 3339 2701 3404 Ἰνδῶν,
2730 3340 2863 3413 μηδὲ
2892 3339 3130 3410 ζηλῶσαι
3155 3336 3268 3408 (58)
3287 3336 3390 3407 τὴν
3407 3336 3528 3406 παρ’
3540 3331 3689 3390 αὐτοῖς

2136 3432 2351 3501 σοφίαν,
2396 3435 2532 3503 πρὸς
2593 3431 2687 3487 τοῦ
2734 3431 3090 3502 ξυγγραφέως
3144 3427 3641 3501 μεμαρτυρημένος·

373 3542 379 3549 '
450 3532 596 3597 veni,
639 3534 732 3588 sed
767 3533 1023 3603 precibus
1054 3533 1215 3595 fusis,
1245 3549 1384 3604 quas
1421 3533 1536 3589 lndi
1573 3544 1801 3591 censent
1841 3537 2099 3596 heroibus
2138 3540 2291 3596 fundi
2328 3552 2604 3614 oportere.
2650 3564 2669 3596 ι
2703 3543 2879 3614 Atque
2948 3544 3016 3598 de
3081 3543 3203 3599 istis
3260 3543 3382 3614 jam
3437 3538 3570 3612 apud
3613 3551 3685 3590 so-

450 3622 626 3681 dalem
647 3628 933 3698 gloriatur,
963 3628 1055 3698 qui
1079 3628 1215 3681 nihil
1248 3628 1316 3682 ab
1340 3626 1486 3683 Indis
1514 3630 1815 3700 accepisse,
1851 3646 2028 3703 neque
2064 3649 2255 3689 eorum
2281 3636 2527 3693 imitatus
2555 3636 2882 3708 sapientiam
2912 3650 3037 3692 esse
3101 3634 3235 3690 alibi
3298 3634 3436 3690 huic
3468 3617 3687 3701 scriptori

451 3722 773 3792 perhibetur
802 3723 871 3776 "°.

1012 3860 1240 3917 CAPUT
1265 3859 1457 3918 XXIX.

524 3973 651 4038 Sed,
675 3974 840 4029 heus!
866 3975 1007 4029 bone
1032 3975 1134 4039 vir,
1166 3976 1271 4030 nisi
1300 3975 1623 4032 damnabilis
1652 3976 1744 4032 illa
1760 3984 1880 4033 erat
1910 3992 2028 4032 ma-

451 4069 559 4139 gia,
585 4068 714 4138 quid
765 4075 850 4122 est
902 4067 1050 4137 quod
1097 4068 1181 4123 vel
1227 4068 1448 4122 unicum
1500 4069 1599 4123 tibi
1658 4069 2025 4126 familiarissi-

2638 3868 3026 3924 ΚΕΦΑΛΑΙΟΝ
3057 3872 3162 3926 ΚΘ¹
3173 3905 3194 3924 .

2201 3981 2268 4034 Τί
2279 3981 2390 4054 δῆτ’
2404 3976 2516 4046 οὗν,
2552 3975 2598 4035 ὦ
2630 3937 2870 4047 οὗτος,έί
2891 3984 2963 4054 μή
2983 4000 3067 4045 τις
3083 3977 3152 4054 ἦν
3179 3981 3467 4053 κακοήθης
3495 3992 3681 4050 περιερέ

2129 4074 2245 4144 γία,
2277 4074 2411 4146 μηδὲ
2440 4074 2532 4127 τὸν
2558 4073 2653 4127 ἕνα
2679 4090 2783 4139 σοι,
2813 4073 2906 4126 καὶ
2922 4075 3164 4143 γνήσιον,
3184 4073 3278 4126 καί¹
3304 4072 3469 4143 μόνον
3485 4072 3685 4141 ἑταῖρον.

450 4172 642 4225 mum,
712 4174 947 4230 eumque
1024 4160 1237 4226 solum,
1311 4159 1589 4215 Damidem
1624 4201 1641 4227 ,
1714 4161 2023 4218 admirandi

2133 4168 2322 4238 Δάμιν,
2341 4166 2518 4220 κοινὸν
2547 4166 2731 4219 ἐποιοῦ
2762 4166 2863 4237 τῆς
2897 4165 3216 4237 θαυμαστῆς
3239 4164 3447 4236 ταύτης
3465 4160 3622 4232 δψεὼς
3636 4174 3682 4209 τε

450 4253 616 4323 hujus
678 4252 976 4323 spectaculi
1038 4261 1094 4308 et
1162 4251 1625 4311 confabulationis
1694 4255 2021 4327 participem

2133 4256 2229 4307 καὶ
2241 4253 2457 4323 ὁμιλίας
2472 4270 2487 4319 ;
2505 4253 2569 4306 Τί
2588 4253 2634 4307 δ’
2650 4254 2769 4324 οὑχὶ
2786 4255 2876 4308 καὶ
2888 4253 2957 4307 δι’
2975 4253 3186 4325 ἡμέρας
3199 4253 3365 4307 τοῦτο
3380 4253 3506 4322 ἐξῆν
3521 4250 3682 4309 notein

449 4344 593 4400 haud
623 4344 817 4401 fecisti.
866 4345 981 4401 Cur
1060 4346 1187 4400 item
1238 4348 1397 4417 plena
1429 4346 1518 4401 die
1569 4346 1623 4401 id
1671 4346 1852 4404 facere
1880 4347 2024 4402 haud

2134 4347 2269 4401 ἀλλὰ
2290 4346 2397 4399 τῶν
2420 4345 2630 4399 νυκτῶν
2652 4347 2810 4418 ἀωρὶ,
2841 4346 2936 4399 καὶ
2969 4347 3126 4417 μόνον
3146 4362 3161 4409 ;
3185 4345 3250 4397 Τί
3277 4346 3341 4398 δὲ
3371 4344 3468 4397 καὶ
3487 4342 3684 4414 ἡλαυνον

450 4438 625 4504 licuit,
700 4436 797 4493 sed
849 4446 1012 4492 nocte
1060 4438 1412 4508 intempesta,
1458 4454 1489 4492 a
1518 4446 1571 4493 te
1620 4440 1807 4510 peragi
1863 4455 2024 4510 opor-

2134 4440 2233 4508 τὴν
2273 4438 2368 4492 τοῦ
2409 4439 2589 4510 ἥρωος
2623 4438 2798 4509 ψυχὴν
2842 4438 3213 4509 ἀλεκτρυόνων
3245 4436 3403 4506 βοαί;
3431 4455 3449 4487 ι
3484 4430 3683 4503 Ἀπῆλθε

447 4532 554 4585 tuit
585 4532 736 4587 solo?
759 4530 870 4585 Cur
918 4530 1047 4584 item
1081 4532 1351 4602 gallorum
1383 4541 1580 4587 cantus
1617 4531 1803 4587 herois
1833 4546 2024 4586 manes

2133 4532 2258 4603 γὰρ,
2301 4532 2452 4603 φησι,
2506 4531 2601 4598 ξὺν
2658 4532 2909 4604 ἀστραπῇ
2948 4530 3177 4603 μετρίᾳ·
3236 4530 3333 4582 καὶ
3386 4528 3496 4599 γὰρ
3523 4523 3679 4596 δήκαὶ

450 4623 1145 4695 fugarunthAbiitenim,
1186 4625 1383 4694 inquit,
1426 4639 1551 4679 cum
1611 4623 1823 4694 fulgure
1887 4639 2024 4694 quo-

2133 4623 2484 4696 ἀλεκτρυόνες
2524 4624 2626 4696 ἤδη
2664 4624 2810 4696 ᾠδῆς
2849 4626 3100 4697 ἥπτοντο.
3145 4608 3171 4675 ι’
3200 4623 3434 4695 Δαίμοσι
3489 4621 3580 4693 μὲν
3609 4613 3684 4671 οὖν

449 4718 573 4771 dam
593 4716 828 4783 modico,
864 4732 1100 4787 namque
1128 4725 1181 4772 et
1202 4718 1325 4788 galli
1352 4718 1759 4789 gallinaceijam
1799 4726 2022 4771 cantum

2133 4719 2385 4787 πονηροῖς
2413 4715 2612 4784 γένοιτ’
2642 4715 2708 4769 ἂν
2757 4714 2887 4778 ἴσως
2916 4717 2945 4768 ὁ
2976 4714 3078 4784 τῆς
3125 4712 3274 4785 ῶρας
3321 4709 3613 4781 ἐπιτήδειος
3636 4708 3682 4765 ἐς

446 4810 630 4865 exorsi
660 4809 892 4864 fuerant.
929 4828 948 4861 ›
987 4811 1222 4882 lmpuris
1269 4811 1452 4882 itaque
1486 4809 1831 4864 daemonibus
1882 4809 2024 4864 forte

2133 4809 2454 4882 περιέργους
2503 4808 2715 4881 ὁμιλίας
2749 4808 2970 4880 καιρὸς,
3009 4806 3124 4861 ἀλλ’
3155 4806 3275 4876 οὐχὶ
3318 4803 3513 4878 ῆρωῒδι
3540 4800 3681 4871 ψυχῇ,

552 4965 596 4998 "
635 4966 733 5021 lib.
767 4982 854 5030 tv,
885 4980 935 5020 c.
971 4965 1058 5021 16.
1134 4965 1179 4997 ⁸⁸
1217 4965 1315 5022 lib.
1348 4980 1394 5030 ι,
1430 4980 1485 5021 c.
1519 4965 1609 5021 52.
1686 4966 1731 4998 ⁶⁹
1769 4966 1862 5021 lib.
1898 4982 1950 5020 tv
1976 5007 1991 5032 ,
2021 4989 2024 5011 ι

2144 4965 2200 5022 6.
2275 4966 2321 4998 το
2362 4967 2457 5022 lib.
2491 4976 2555 5034 v,
2588 4980 2639 5021 c.
2675 4965 2766 5020 ιε.

518 5141 784 5226 (55)..Τοῇ
807 5143 959 5197 δίου.
995 5142 1445 5226 Εᾴἰιῑλῇαὺθὶηηι
1470 5141 1563 5196 τοῦ
1590 5142 1875 5226 Διός,ιιιιο(1
1909 5159 2020 5198 non

2195 5147 2305 5217 (57)
2337 5143 2765 5226 'H_.160r._Editi
2799 5146 2942 5226 ξλθοι
2972 5145 3271 5226 habebant,
3312 5160 3480 5226 sensu
3513 5139 3673 5226 invito,

445 5213 699 5300 ingratiis
735 5214 1017 5300 musarum
1048 5215 1103 5271 in
1131 5213 1243 5267 δίου
1273 5229 1375 5269 nos
1421 5230 1485 5269 ex
1538 5216 1855 5285 conjectura
1901 5230 2020 5268 mu-
2124 5213 2662 5300 cuui_que__ipsa_bic
2688 5233 2783 5300 es“
2801 5216 3117 5273 Philostrati
3145 5218 3372 5298 historia
3409 5217 3677 5300 allegentur

444 5278 967 5364 tusgg‘cqplidimus:
1020 5358 1040 5364 Δ
1156 5353 1196 5364 ﬂ
1240 5361 1248 5364 _
1476 5353 1488 5364 ‘
1566 5354 1600 5364 __
1641 5278 1660 5285 ⁷
1860 5363 1863 5364 ν
1911 5355 1942 5364 __
1983 5357 1994 5364 _
2124 5278 2397 5364 Apollonii
2431 5278 2633 5353 'verba,
2685 5284 2848 5359 ἦλθον
2877 5304 2942 5344 ex
2972 5302 3038 5344 ea
3083 5288 3375 5342 restituere
3407 5278 3674 5339 non'dubio

514 5353 627 5436 (d6)
657 5354 1122 5436 Hsgcezprquat.
1153 5353 1325 5436 l‘iotus
1356 5353 1675 5436 exdctibus
1714 5355 2024 5436 apostolicis

2133 5353 2304 5436 ML.
2350 5430 2370 5436 -
2451 5426 2578 5436 __._
2661 5353 2722 5436 -'
2870 5374 2886 5385 ί

443 5420 931 5497 νοὸίεπερίερίίός
979 5426 1046 5480 de
1097 5425 1262 5481 rebus
1306 5427 1544 5499 magicis
1569 5442 1723 5489 usus,
1750 5420 1825 5481 'ad
1859 5441 2023 5497 quem

2200 5428 2310 5499 (58)
2343 5427 2509 5494 Μηδὲ
2540 5426 2799 5497 ζηλῶσαι
2826 5435 2934 5484 etc.
2964 5428 3207 5499 Respicit
3236 5427 3500 5499 locumin
3531 5420 3676 5475 histo'

446 5508 671 5547 censum
706 5496 909 5552 referre
936 5504 1152 5566 oportet
1189 5496 1636 5568 νεκυομαντείαν,
1665 5499 2025 5567 curiosasque
2127 5496 2217 5553 ria
2265 5496 2605 5559 Philostrati.
2640 5515 2808 5568 supra
2864 5502 3027 5555 etiam
3073 5496 3194 5568 cap.
3246 5499 3338 5563 24,
3388 5498 3674 5568 allegatum.

445 5570 787 5648 mortuarum
810 5564 1260 5648 consultationes.
1283 5564 1649 5648 Quamobrem
1676 5569 1803 5648 nolo
1825 5568 1893 5622 de
1915 5564 2018 5648 hac
2124 5586 2287 5648 quem
2317 5585 2443 5624 cum
2474 5571 2637 5648 modo
2669 5564 3229 5648 aitegatisApollo'nii
3264 5568 3446 5625 verbis

445 5633 909 5709 YOC¢_ad_sacram
937 5637 1084 5709 illam
1110 5640 1481 5709 apostolorum
1510 5638 1789 5694 historiam
1818 5653 1850 5692 a
1883 5638 2019 5693 viris
2127 5633 2285 5709 (lens,
2316 5642 2594 5697 contraria
2625 5633 2849 5698 narrai'e
2882 5633 3271 5697 Pbilbstratum
3301 5634 3551 5695 ostendit.

445 5700 625 5755 doctis
650 5702 937 5761 observata
968 5707 1072 5761 hoc
1110 5700 1231 5762 loco
1259 5714 1524 5779 repetere.
