3830 6260
181 251 264 309 837

1240 233 1447 293 [ABER
1482 232 1764 291 CONTRA
1802 226 2225 287 HIEBOCLEM.

3261 226 3369 284 853

176 376 245 444 ἦν,
272 369 361 439 τῆς
384 361 599 435 παχείας
628 359 721 414 τοῦ
761 361 1004 430 σώματος
1030 358 1480 430 ὲλευθερωθεῑσαν
1507 354 1636 427 ὕλης
1654 398 1671 423 ,

1812 344 1973 433 magis
2004 351 2376 414 opportunum
2409 338 2575 395 fuerit
2622 337 2691 393 ad
2721 337 2963 409 magicas
2995 337 3369 391 conversatio-

176 460 348 531 ἀγαθὴν
386 457 471 510 καὶ
502 451 797 523 πανάρετον
821 447 958 504 εἶναι
990 448 1183 522 χρεών.
1214 450 1279 501 Ὀ
1310 466 1372 517 γε
1423 449 1529 519 μὴν
1571 448 1681 500 εἰσ-

178 552 375 625 ηγμένος
401 544 621 601 ἐνταῦθα
650 542 856 613 δαίμων
883 540 1166 612 βάσκανος,
1198 542 1289 594 καὶ
1317 539 1571 611 φθονερὸς
1590 538 1681 591 τὸν

172 645 354 716 τρόπον,
385 636 586 708 ὀργίλος
623 650 682 686 τε
726 634 818 685 καὶ
864 632 1118 695 ταπεινὸς
1149 633 1246 702 τὴν
1275 630 1510 685 διάθεσιν
1551 630 1683 681 ὑπο-

174 732 455 787 τετύπωται.
490 726 557 780 ’Ἡ
585 724 703 796 οὐχὶ
732 724 968 788 τοιοῦτος
989 725 1017 776 ὁ
1050 722 1140 777 τὸν
1175 723 1536 792 Ἀντισθένην,
1573 737 1684 791 μει-

178 821 330 896 ράκιόν
349 837 396 872 τι
425 817 723 878 σπουδαῖον,
750 814 824 878 ὡς
863 814 928 868 ἂν
964 815 1026 886 δὴ
1055 813 1325 883 φιλοσόφῳ
1363 808 1680 878 ξυνέπεσθαι

171 914 234 983 τῷ
265 907 577 977 Ἀπολλωνίῳ
609 905 961 977 πειρώμενον,
1004 904 1319 975 ἀπείργων;
1353 901 1679 971 Προστάττει

172 1004 261 1076 γὰρ
297 999 351 1054 τὸ
394 997 463 1069 μὴ
491 993 757 1048 ποιεῖσθαι
806 995 964 1048 αὐτὸν
1008 992 1343 1067 ξυνέμπορον
1369 995 1471 1065 τῆς
1504 991 1695 1048 ἑαυτοῦ

171 1091 463 1166 φιλοσοφίας,
480 1087 740 1157 ἐπιλέγων
758 1088 857 1158 τὴν
877 1086 1076 1142 αἰτίαν·
1117 1108 1135 1140 ι
1159 1086 1462 1160 Πριαμίδης
1490 1105 1547 1140 τε
1567 1088 1695 1159 γὰρ,

169 1188 323 1258 φησὶν,
374 1180 563 1245 ίκανῶς
604 1179 733 1252 (58‘)
765 1182 902 1244 ἐστι,
952 1181 1045 1235 καὶ
1090 1180 1182 1234 τὸν
1210 1181 1449 1252 Ἕκτορα
1513 1180 1697 1251 ὑμνῶν

166 1282 217 1333 οὐ
259 1275 487 1332 παύεται.
529 1294 549 1328 ι
580 1273 705 1338 Πῶς
734 1275 791 1329 δὲ
835 1276 936 1328 οὐκ
979 1274 1192 1346 ὀργίλος
1230 1274 1323 1327 καὶ
1357 1274 1639 1339 ταπεινός;
1669 1276 1698 1327 ὁ

166 1370 434 1432 Θετταλοῖς,
489 1368 569 1422 ὅτι
639 1367 712 1438 μὴ
777 1367 955 1420 θύοιεν
986 1367 1153 1438 αὐτῷ,
1185 1367 1541 1438 θυμούμενος,
1604 1368 1697 1421 καὶ

168 1462 366 1536 Τρωσὶν,
391 1459 554 1531 ὁτιδὴ
581 1459 688 1532 πρὸ
722 1458 928 1531 μυρίων
957 1459 1096 1513 ὅσων
1140 1458 1274 1512 ἐτῶν
1336 1461 1394 1523 ἐς
1427 1460 1587 1512 αὑτὸν
1616 1459 1698 1512 διέ

167 1554 497 1625 ημαρτήκασι,
530 1551 606 1623 μὴ
635 1550 1155 1622 καταλλασσὸμενος,
1182 1550 1276 1604 καὶ
1302 1550 1473 1604 ταῦτα
1490 1549 1694 1614 θύουσι,

165 1646 243 1698 καὶ
284 1641 502 1714 ξυνεχῶς
534 1641 914 1712 σπενδομένοις
940 1660 953 1671 ·
992 1641 1128 1695 ἀλλά
1170 1645 1263 1696 καὶ
1302 1643 1392 1696 τὸν
1438 1642 1697 1713 Παλαμή-

1796 420 1915 491 ι]εέ
1929 435 2074 513 istud
2108 444 2344 505 tempus,
2380 448 2494 487 non
2526 447 2657 487 vero
2682 430 2868 484 herois
2901 426 3178 493 manibus,
3206 440 3368 496 quos,

1795 541 1984 582 crassa
2027 526 2132 581 ista
2159 525 2408 595 corporis
2455 524 2665 579 solutos
2709 521 2960 584 materia,
2994 520 3196 590 probos
3224 534 3370 583 esse,

1797 620 2057 690 omnique
2083 620 2349 673 virtutum
2384 632 2583 688 genere
2630 615 2912 671 abundare
2940 613 3241 684 oportebat.
3277 612 3369 673 At,

1796 714 1887 785 qui
1917 712 2083 768 isthic
2119 711 2398 767 inducitur
2435 711 2669 772 daemon,
2704 707 2907 763 invidis
2954 715 3038 763 est
3079 712 3133 761 et
3180 721 3370 777 parum

1797 807 2048 878 benignis
2093 806 2337 862 moribus
2373 821 2385 857 :
2423 803 2722 859 iracundus
2772 802 2899 857 item
2946 807 3376 870 repraesentatur

1796 898 1962 961 idem,
2011 907 2065 955 et
2093 898 2295 969 pusillo
2346 897 2553 952 animo.
2593 895 2787 949 Annon
2832 894 2975 948 enim
3023 892 3149 947 talis
3174 892 3373 947 haben-

1796 994 1901 1049 dus
1930 993 2024 1058 sit,
2054 992 2146 1063 qui
2178 989 2642 1053 Antisthenem‘",
2681 987 2913 1058 probum
2946 985 3373 1046 adolescentem.

1797 1094 1857 1140 ut
1886 1084 1981 1156 qui
2011 1084 2395 1156 philosophum
2422 1080 2620 1138 sectari
2659 1078 3008 1150 Apollonium
3033 1084 3274 1147 cuperet,
3303 1076 3374 1130 ab

1797 1193 1863 1234 eo
1908 1177 2144 1233 avulsit?
2175 1176 2382 1246 Nempe
2427 1191 2552 1230 eum
2585 1172 2907 1243 Apollonius
2943 1186 3013 1225 ne
3055 1170 3375 1240 participem

1800 1272 2159 1342 philosophia;-
2211 1269 2416 1324 faceret
2449 1283 2562 1322 sum
2596 1267 2869 1337 prohibet,
2901 1264 3115 1318 ratione
3147 1263 3328 1317 addita
3357 1275 3373 1312 :

1804 1381 1821 1413 ε
1852 1362 2159 1419 Priamides
2181 1364 2323 1418 enim
2349 1368 2429 1417 est
2454 1359 2747 1432 genuinus,
2766 1368 2819 1413 et
2846 1356 3133 1415 Hectorem
3154 1354 3377 1408 laudare

1797 1472 1907 1511 non
1937 1456 2160 1512 desinit.
2201 1475 2219 1509 ι
2260 1454 2366 1521 Qui
2410 1451 2735 1506 iracundum
2782 1449 2912 1504 item
2950 1455 3003 1501 et
3045 1445 3229 1499 animo
3276 1458 3375 1513 pu-

1799 1549 1923 1605 sillo
1948 1564 2056 1603 non
2076 1549 2252 1603 dicam
2276 1544 2542 1616 esse?qui
2567 1543 2849 1599 Thessalis
2876 1547 3189 1601 succenset,
3221 1533 3370 1606 quod

1799 1659 1957 1699 sacra
1989 1643 2093 1699 sibi
2126 1657 2234 1696 non
2282 1640 2572 1703 faciant”,
2605 1649 2659 1695 et
2706 1635 2984 1700 Troianis,
3036 1632 3183 1702 quod
3215 1632 3380 1685 innu-

162 1738 265 1800 δους
284 1736 457 1805 τάφον,
482 1733 632 1805 αὐτῷ
659 1734 931 1806 ἀγάλματι
961 1735 1178 1805 φαύλως
1201 1735 1549 1808 ἐρριμμένον,
1582 1737 1702 1788 ἀνα-

1812 1736 1970 1791 meris
2002 1742 2129 1790 ante
2161 1733 2320 1789 annis
2355 1733 2557 1803 injuria
2588 1747 2711 1787 eum
2760 1729 3092 1792 all'ecissent,
3134 1726 3382 1781 reconci-

164 1830 317 1883 λαϐεῖν
344 1826 790 1899 ἑγκελευόμενοςς

649 2117 1048 2173 ΚΕΦΑΛΑῙΟΝ
1086 2120 1164 2173 Λ’.

226 2212 280 2268 Pb
323 2212 497 2285 μέντοι
539 2214 793 2284 πέμπτον
829 2215 922 2268 καὶ
965 2212 1122 2265 ἕκτον
1174 2211 1358 2283 θαῦμα
1401 2211 1462 2265 οὐ
1504 2211 1704 2284 πολλῆς

155 2305 300 2362 δέοιτο
321 2304 408 2360 τοῦ
436 2305 595 2375 λόγου
624 2305 929 2377 διατριϐῆς,
966 2306 1024 2369 ἐς
1056 2303 1279 2370 ἔνδειξιν
1306 2304 1408 2376 τῆς
1437 2304 1534 2359 τοῦ
1567 2322 1704 2377 γρα-

158 2399 321 2467 φέντος
368 2396 477 2470 (59)
530 2396 844 2468 εὐχερείας·
906 2396 1165 2467 δαίμονας
1230 2396 1339 2467 γάρ
1392 2397 1701 2464 ἀπελαύνει,

157 2491 281 2562 ἄλλῳ,
304 2489 470 2553 ἀλλον,
601 2504 732 2558 φασι
791 2486 924 2560 (40),
971 2487 1202 2558 δαίμονι.
1233 2487 1336 2542 Τὺν
1381 2489 1479 2559 μὲν
1507 2489 1617 2561 γὰρ
1645 2489 1705 2555 ἐξ

155 2582 420 2636 ἀκολάστου
455 2579 763 2652 μειρακίου,
809 2579 900 2632 τὸν
942 2579 987 2632 δ’
1014 2577 1363 2645 ὲπιπλάστως
1415 2583 1474 2645 ἐς
1521 2599 1706 2650 γυναι-

157 2675 285 2729 κείαν
316 2677 520 2748 μορφὴν
570 2673 1055 2745 σχηματιζόμενον.
1094 2674 1313 2727 Τουτονὶ
1354 2674 1410 2727 δὲ
1452 2675 1544 2728 τὸν
1590 2675 1707 2729 δαί-

159 2786 274 2838 μονα
308 2787 325 2818 ι
362 2770 687 2841 Ἔμπουσαν
724 2787 741 2817 ι
772 2771 865 2821 καὶ
906 2786 924 2818 ι
966 2767 1205 2837 Λαμίαν,
1244 2787 1262 2819 ι
1297 2768 1481 2832 αὐτοῖς
1506 2768 1706 2840 ὀνόμα-

158 2875 243 2925 σιν,
264 2862 290 2913 ό
335 2860 643 2929 σοφώτατος
672 2859 952 2914 ἀποκαλεῖ.
987 2858 1059 2913 Τό
1096 2877 1158 2929 γε
1194 2862 1301 2932 μὴν
1325 2861 1417 2914 ἐπὶ
1444 2862 1544 2933 τῆς
1577 2863 1709 2915 Ῥω-

159 2949 307 3018 μαίων
337 2951 538 3016 πόλεως
573 2950 712 3022 μετά
744 2950 918 3005 ταῦτα
947 2952 1148 3025 κόριον,
1176 2954 1259 3007 ὅτι
1289 2954 1352 3025 δὴ
1386 2953 1524 3025 μετὰ
1547 2954 1708 3008 θάνα-

1803 1831 1925 1885 liari
1960 1830 2115 1891 nolit,
2153 1826 2591 1884 sacrilicantibus
2632 1824 2760 1878 licet
2792 1830 2956 1892 atque
3006 1820 3304 1875 libentibus
3328 1817 3380 1872 ei

1803 1923 2198 1978 indesinenter.
2230 1917 2335 1974 Sed
2373 1926 2427 1973 et
2452 1914 2759 1972 Palamedis
2796 1915 3105 1984 sepulcrum
3132 1929 3240 1967 una
3256 1924 3382 1966 cum

1803 2018 1950 2072 illius
1976 2022 2157 2072 statua
2187 2012 2328 2067 male
2357 2012 2600 2066 dirutum
2634 2009 2936 2075 restaurari
2962 2008 3140 2077 jubet.

2274 2122 2435 2195 530
2470 2118 2697 2176 CAPUT
2735 2117 2902 2174 xxx.

1874 2221 2134 2289 Quintum
2160 2234 2326 2290 porro
2370 2225 2697 2287 sextumque
2736 2215 3065 2269 miraculum
3093 2226 3204 2266 non
3243 2222 3385 2281 opus

1804 2312 2026 2371 habent,
2054 2318 2113 2364 ut
2144 2312 2303 2379 longa
2336 2310 2416 2364 eis
2443 2308 2696 2363 oratione
2740 2307 3115 2367 immoremur,
3144 2318 3251 2374 qua
3292 2316 3387 2373 pa-

1804 2412 1913 2459 teat
1937 2403 2131 2458 stolida
2151 2402 2439 2472 scriptoris
2469 2400 2795 2468 simplicitas
2830 2418 2842 2449 :
2881 2396 3159 2451 daemonas
3182 2408 3378 2464 nempe

1804 2497 2078 2561 exturbat,
2105 2495 2294 2558 alium,
2322 2502 2381 2548 ut
2414 2492 2574 2563 vulgo
2595 2493 2770 2554 aiunt,
2795 2505 2898 2560 ope
2922 2488 3166 2543 alterius.
3199 2486 3381 2540 Alium

1807 2603 2003 2657 nempe
2035 2603 2099 2641 ex
2130 2585 2480 2640 adolescente
2510 2582 2779 2638 infrunito
2797 2583 2867 2646 ⁷³,
2897 2582 3064 2635 alium
3096 2594 3263 2650 porro
3289 2576 3386 2648 qui

1807 2680 1946 2733 facie
1970 2678 2222 2733 muliebri
2260 2685 2409 2732 esset
2442 2676 2749 2732 indutus“.
2776 2673 2955 2745 Atque
2988 2672 3136 2726 hunc
3164 2670 3384 2741 quidem

1813 2770 2117 2825 «Lamiam»
2141 2778 2193 2825 et
2212 2769 2593 2839 «Empusam,»
2618 2767 2752 2838 ipsis
2781 2768 2931 2821 hisce
2962 2763 3219 2818 adhibitis
3240 2761 3391 2816 voci-

1818 2864 1944 2920 bus.
1976 2862 2421 2933 sapientissimus
2444 2869 2636 2914 auctor
2653 2860 2907 2930 appellat.
2931 2856 3172 2912 Puellam
3191 2854 3315 2909 inde
3331 2853 3389 2908 in

1807 2957 1943 3012 urbe
1966 2957 2214 3010 Romana
2230 2954 2276 2986 ⁷³
2296 2954 2439 3024 quod
2460 2962 2583 3024 post
2599 2964 2827 3007 mortem
2848 2951 2902 3004 in
2924 2950 3089 3004 vitam
3113 2947 3395 3003 reduxerit

154 3059 230 3143 rev
248 3043 339 3143 fit}
361 3045 619 3143 δευτέραν
646 3042 791 3116 ζωὴν
816 3045 1039 3115 ἢγαγεν,
1080 3046 1439 3100 ἀπιστότατον
1474 3046 1585 3118 (41)
1615 3048 1703 3101 καὶ

1812 3049 2039 3110 iterum.
2090 3063 2213 3102 cum
2244 3049 2328 3102 vel
2353 3047 2459 3117 ipsi
2490 3044 2825 3099 Philostrato
2859 3043 3020 3112 plane
3062 3038 3387 3095 incredibile

153 3134 281 3205 αὐτῷ
308 3135 460 3201 δόξαν
487 3136 567 3206 τῷ
592 3136 954 3208 Φιλοστράτῳ.
988 3138 1367 3209 παραιτητέον.
1414 3140 1500 3192 Ἐν
1528 3138 1701 3192 διστα‹

152 3223 261 3294 τμῷ
287 3226 460 3294 μέντοι
487 3226 841 3297 ἀμφιϐάλλει,
894 3228 967 3301 μὴ
1006 3228 1115 3300 ἄρα
1149 3229 1381 3302 σπινθὴρ
1405 3231 1504 3300 τῆς
1531 3231 1710 3303 ψυχῆς

154 3313 442 3387 ἐνυπάρχων
481 3318 561 3389 τῷ
612 3319 784 3384 παιδὶ,
826 3320 953 3383 τοὺς
1003 3319 1401 3392 θεραπεύοντας
1445 3321 1705 3392 ἐλελήθει.

153 3405 390 3474 Δέγεσθαι
438 3410 548 3482 γάρ
584 3426 768 3482 φησιν,
805 3412 883 3475 ὼς
914 3411 1139 3482 ψεκάζοι
1187 3414 1284 3484 μὲν
1324 3417 1353 3467 ό
1391 3414 1547 3479 Ζεὺς,
1583 3417 1617 3484 ή
1652 3413 1710 3468 δὲ

152 3498 342 3569 ἀτμίζοι
379 3505 488 3559 ἀπὸ
515 3505 614 3559 τοῦ
661 3504 969 3578 προσώπου.
1006 3507 1116 3559 Καὶ
1146 3507 1255 3578 γάρ
1295 3506 1359 3578 δὴ
1402 3509 1451 3559 εί
1494 3506 1711 3577 ἀληθῶς

153 3593 263 3646 αὐτὸ
290 3597 484 3653 τοιόνδε
530 3600 620 3651 ἐπ’
662 3599 833 3669 αὐτῆς
882 3597 1102 3671 Ῥώμης
1142 3599 1478 3670 ἐπέπρακτο,
1518 3600 1618 3653 οὐκ
1645 3598 1712 3654 ἂν

151 3684 363 3758 ἐλελήθει
409 3689 635 3761 βασιλέα
690 3709 750 3746 τε
799 3691 1034 3764 πρῶτον,
1086 3696 1179 3747 καὶ
1222 3693 1348 3757 τοὺς
1395 3696 1512 3764 μετ’
1549 3694 1710 3747 αὑτὸν

149 3773 371 3843 ἃπαντας
408 3782 713 3854 ὑπάρχους,
762 3783 997 3854 μάλιστα
1042 3784 1098 3837 δὲ
1140 3784 1231 3837 τὸν
1278 3784 1563 3854 φιλόσοφον
1605 3786 1712 3838 Εὑ-

150 3869 369 3944 φράτην,
415 3878 825 3949 ἐγχωριάζοντα
868 3880 988 3931 κατ’
1012 3881 1187 3932 ἐκεῖνο
1223 3879 1447 3951 καιροῦ,
1496 3864 1713 3933 καὶ’ὲπὶ

148 3962 233 4031 τῆς
268 3964 481 4041 Ῥώμης
520 3970 885 4042 διατρίϐοντα,
931 3972 990 4035 ὂς
1018 3972 1081 4044 δὴ
1115 3974 1172 4036 ὲς
1202 3972 1426 4044 ὕστερον
1458 3974 1556 4044 τὴν
1592 3974 1712 4026 κατ’

148 4056 293 4109 αύτοῦ
328 4064 686 4133 κατηγορίαν,
717 4064 793 4128 ὡς
837 4065 900 4136 δὴ
943 4064 1083 4118 κατὰ
1126 4065 1339 4137 γόητος,
1392 4065 1714 4119 ὑποϐάλλειν

152 4144 426 4222 ίστέρηται.
462 4156 690 4220 Πάντως
717 4157 826 4229 γὰρ
857 4159 923 4211 ἂν
946 4157 1238 4222 καὶτοῦτο,
1269 4161 1317 4212 εί
1346 4158 1409 4231 δὴ
1435 4158 1592 4213 τοῦτο
1622 4177 1715 4229 γε·

138 4236 284 4311 ,γηνδς
305 4238 391 4310 ἦν,
419 4250 543 4311 ταῖς
564 4247 754 4312 ἄλλαις
788 4249 908 4302 κατ’
953 4249 1118 4302 αὐτοῦ
1151 4250 1421 4315 διαϐολαῖς
1447 4251 1582 4324 πρὸς
1618 4252 1713 4305 τοῦ

150 4330 433 4400 κατηγόρου
464 4337 903 4402 συγκατείλεκτο.
946 4341 1056 4393 Καὶ
1088 4340 1157 4394 τά
1188 4342 1285 4411 μὲν
1315 4343 1373 4394 ὲν
1409 4343 1565 4413 μέρει
1621 4345 1718 4397 καὶ

147 4421 253 4471 κατ’
281 4416 417 4486 εἶδος
446 4425 598 4497 αὑτῴ
630 4431 1011 4502 πεπραγμένα,
1037 4433 1273 4485 τοσαῦτα
1291 4450 1304 4463 ⁸
1344 4434 1511 4506 μυρία
1537 4434 1594 4487 δὲ
1624 4436 1717 4488 καὶ

208 4576 249 4608 ⁷⁸
286 4578 502 4658 lib._rv,
534 4596 588 4638 c.
623 4582 712 4640 19..
784 4587 832 4618 ⁷³
872 4587 968 4642 lib.
1009 4603 1099 4653 Iv,
1132 4603 1184 4644 c.
1222 4589 1310 4644 i6.
1385 4590 1435 4623 ’³
1471 4590 1570 4647 lib.
1606 4607 1694 4658 tv,

1812 4590 1905 4647 20.
1979 4592 2029 4626 τι
2069 4590 2167 4645 lib.
2199 4606 2291 4657 ιν,
2327 4604 2377 4644 c.
2413 4589 2506 4645 25.
2582 4590 2629 4622 τε
2667 4588 2763 4643 lib.
2797 4601 2973 4653 1v,c.
3015 4585 3110 4639 45.

150 4658 264 4713 vm,
294 4665 343 4704 c.
379 4652 435 4707 5.

209 4757 337 4900 ἕξῒ)
376 4763 636 4831 Ἰκανῶς.
670 4764 831 4821 Forte
859 4766 1062 4831 ἱκανός.
1092 4767 1250 4825 Ent'r.

233 4831 315 4900 o9)
381 4836 750 4900 Γραφέντος.
811 4836 955 4891 Editi
1013 4841 1250 4894 liabeban

233 4831 325 4914 5_9)'
381 4836 750 4914 I’paggértog.
811 4836 955 4914 _Editi
1013 4841 1287 4914 habebant
1349 4841 1706 4914 πραχθέντος.

144 4894 309 4986 gaulo'
346 4894 616 4986 audacius
658 4894 826 4962 videri
859 4921 1172 4986 peieramus
1224 4894 1313 4968 hic
1363 4894 1705 4967 emendasse.

145 4967 242 5058 §ed
268 4978 591 5058 necessitas.
627 4989 684 5033 ut
715 4967 910 5058 Spero:
936 4981 1219 5058 audaciam
1251 4967 1556 5046 excusabit;
1587 4983 1711 5036 nul-

148 5037 256 5123 lt_un_
288 5046 434 5100 enim
478 5037 833 5123 sertsumhic
885 5037 1066 5123 fundit
1113 5037 1468 5123 πραχθέντος.
1502 5037 1709 5109 Contra

144 5110 413 5193 ξύχέρεεαν
453 5125 510 5172 et
566 5120 893 5193 κουφότητα
927 5110 1260 5193 Christianis
1301 5110 1709 5193 exprbbraverat

144 5176 429 5266 iiierocles,
455 5202 620 5257 quam
636 5176 849 5266 passim
885 5192 1065 5266 in_hoc
1087 5176 1713 5266 _opusculo'retorquen-

140 5256 240 5335 tem
279 5256 895 5335 vi_dunus__ealumniam
939 5256 1272 5319 Eusebium:
1308 5268 1484 5335 ipsum
1526 5256 1708 5335 p'utius

141 5317 454 5403 Hieroclem,
500 5327 998 5403 Philostratumque
1040 5317 1711 5403 tantopererabeorcom;

142 5394 467 5476 mendatium,
497 5400 792 5476 εὐχερείαςΔ
814 5412 868 5476 et
902 5394 1241 5476 κουφότητός
1283 5422 1407 5461 reos
1451 5420 1575 5461 esse
1607 5396 1708 5459 de-

141 5473 529 5547 monstrantem
556 5489 568 5524 :
605 5473 748 5547 quod
780 5473 867 5526 hic
895 5489 1117 5547 quoque
1132 5473 1262 5547 eum
1292 5476 1471 5532 facere
1500 5476 1710 5547 liquido

140 5542 381 5618 ςξξιιειαςθ
426 5547 582 5618 puto.
628 5542 1240 5618 (latternm'siyehillud
1285 5542 1588 5618 γραφέντος
1638 5547 1709 5601 ad

143 5594 441 5691 5!}9r9ctem'
467 5609 699 5691 referas,
743 5594 1711 5691 είγέεῶβῦίιόὲῐῖειιὸἶἷιόἦ’ἶηιῖιῖ

137 5673 244 5725 tum
274 5675 547 5750 intererit,
580 5673 705 5737 nam
732 5686 910 5768 potest
936 5687 1166 5767 γραφείς
1195 5703 1318 5744 esse
1344 5689 1433 5744 ille
1464 5702 1711 5761 quoque:

1813 3140 2078 3203 videatur,
2098 3140 2257 3210 plane
2274 3137 2691 3208 repudiandum.
2727 3135 2785 3190 In
2825 3134 3079 3205 ambiguo
3105 3134 3249 3188 enim
3282 3131 3393 3186 har.-

1812 3241 1915 3293 ret,
1947 3248 2077 3285 num
2127 3231 2309 3285 vitalis
2336 3245 2483 3284 aurae
2523 3229 2784 3292 scintilla,
2822 3228 2877 3281 in
2914 3227 3095 3297 puella
3144 3222 3390 3285 residua.

1812 3325 2055 3379 medicos
2098 3324 2340 3378 latuerit.
2384 3321 2606 3375 Famam
2658 3320 2804 3375 enim
2853 3334 2978 3374 esse
3018 3318 3114 3380 ait,
3150 3316 3389 3386 pluviam

1813 3422 1926 3469 tum
1950 3416 2217 3471 cecidisse
2254 3413 2705 3485 placidissimam,
2742 3427 2809 3467 ex
2850 3410 3042 3480 puellae
3090 3423 3222 3463 vero
3251 3405 3392 3460 facie

1813 3522 2065 3577 vaporem
2105 3508 2417 3562 exhalasse.
2456 3504 2527 3558 At
2560 3512 2729 3566 certe,
2772 3501 2820 3557 si
2870 3516 2996 3555 vere
3026 3500 3131 3554 tale
3172 3498 3301 3568 quid
3334 3498 3391 3550 in

1812 3602 1931 3671 ipsa
1975 3601 2108 3655 urbe
2134 3598 2384 3653 Romana
2426 3596 2620 3651 fuisset
2655 3601 2967 3665 patratum,
2998 3590 3185 3661 fugere
3215 3589 3394 3661 primo

1812 3692 1989 3765 ipsum
2031 3690 2249 3761 quidem
2293 3703 2401 3742 non
2438 3687 2710 3757 potuisset
2759 3686 3176 3753 imperatorem,
3213 3694 3394 3749 neque

1814 3784 2113 3855 principes,
2138 3782 2230 3852 qui
2261 3780 2573 3851 proximum
2594 3778 2646 3833 ei
2675 3778 2854 3830 locum
2882 3775 3152 3840 obtinent,
3177 3786 3391 3836 omnes,

1815 3875 2087 3946 praecipue
2116 3881 2321 3935 autem,
2360 3871 2454 3941 qui
2482 3884 2547 3924 ea
2587 3873 2907 3937 tempestate
2929 3866 2982 3918 in
3003 3864 3124 3919 istis
3148 3862 3395 3934 partibus

1815 3967 2032 4037 agebat,
2070 3967 2179 4020 imo
2221 3966 2274 4019 in
2323 3964 2441 4033 ipsa
2487 3963 2623 4016 urbe
2670 3959 2842 4013 Roma
2887 3966 3003 4012 tum
3046 3957 3394 4020 versabatur,

1819 4060 2144 4130 Euphratem
2176 4057 2585 4129 philosophum,
2621 4054 2715 4125 qui
2764 4050 3229 4121 subsequentibus
3257 4056 3398 4103 tem-

1816 4154 2066 4225 poribus.
2092 4152 2524 4207 contraversiam
2545 4160 2807 4219 tanquam
2828 4161 2985 4216 mago
3011 4160 3060 4200 et
3096 4145 3398 4199 intentasse

1819 4248 2159 4303 narratur".
2196 4245 2338 4301 Sane
2384 4261 2515 4302 vero
2549 4246 2653 4299 hoc
2697 4243 2924 4299 omnino
2972 4242 3163 4303 etiam,
3197 4239 3242 4298 si
3275 4237 3402 4308 qui-

1816 4339 1937 4395 dem
1971 4339 2177 4394 factum
2207 4339 2258 4393 id
2288 4346 2454 4401 esset,
2489 4336 2704 4392 caeteris
2739 4333 3195 4405 imputationibus
3220 4332 3286 4384 ab
3307 4345 3403 4384 ac-

1820 4442 2076 4489 cusatore
2111 4432 2359 4487 additum
2403 4431 2617 4486 fuisset.
2651 4430 2830 4499 Atque
2862 4428 2967 4482 ista
3000 4425 3221 4501 quidem
3269 4428 3400 4479 sunt

3211 4581 3256 4615 ⁷⁶
3297 4582 3394 4638 lib.

1743 4778 1788 4833 1)
1815 4773 1907 4841 qui
1940 4772 2084 4845 (item
2107 4773 2354 4834 intendit,
2387 4789 2510 4843 qua!
2534 4773 2719 4845 γραφή
2757 4770 2960 4826 dicitur
2983 4789 3011 4845 Δε
3053 4769 3223 4845 forma
3252 4768 3396 4845 enim

1817 4844 2034 4913 passiva
2078 4844 2181 4898 hoc
2227 4841 2453 4899 verbum
2493 4841 2669 4899 active
2710 4841 2900 4897 tamen
2949 4841 3258 4912 signiﬁcare
3299 4842 3402 4895 tri-

1818 4925 1952 4967 tum.

1888 4984 2001 5055 (40)
2040 4978 2115 5055 ᾟ
2139 5001 2310 5054 φασι.
2337 4984 2534 5040 Forma
2565 4985 2681 5039 haec
2706 4982 2979 5055 loquendi
3005 4983 3229 5052 vulgare
3259 4982 3395 5055 illud

1815 5051 2022 5109 dictum
2051 5051 2219 5110 fuisse
2246 5057 2445 5122 innuit,
2477 5065 2661 5108 natum
2694 5051 2831 5107 forte
2856 5069 2922 5107 ex
2955 5051 3268 5113 luds-aurum
3300 5053 3397 5105 ad-

1814 5141 2008 5180 versus
2034 5124 2371 5181 Salvatorem
2403 5127 2697 5188 calumnia,
2717 5125 2801 5178 vel
2830 5124 2897 5179 iis
2915 5124 3079 5178 etiam
3100 5126 3210 5190 jam
3239 5132 3396 5178 antea

1799 5196 1949 5249 ‘trito
1979 5211 2080 5251 usu
2108 5207 2408 5265 receptum,
2433 5206 2487 5251 et
2511 5199 2715 5266 passim
2743 5195 2905 5266 deiis
2944 5193 3273 5266 adhibitum,
3298 5194 3393 5266 qui

1812 5267 2019 5319 malum
2051 5268 2200 5338 malo
2227 5263 2581 5338 depellerent.
2619 5266 2711 5321 Sic
2746 5264 2872 5333 inl'.,
2907 5279 2958 5319 c.
2999 5263 3090 5331 52,
3120 5264 3258 5319 ἀλλά
3287 5263 3394 5335 γάρ

1814 5336 2147 5408 καὶίτυφλῷ,
2177 5336 2332 5407 φασϊ,
2367 5338 2549 5408 δῆλον,
2577 5346 2684 5393 etc.

1886 5407 1999 5477 (41)
2052 5407 2490 5463 Ἀπιστότατον.
2540 5407 2619 5461 Ita
2675 5410 2923 5465 rescribo
2981 5407 3245 5464 audacter
3298 5418 3399 5477 pro

1814 5476 2184 5550 ἀπιστοτάτην
2214 5481 2369 5550 ψιοό
2409 5489 2492 5550 est
2524 5479 2579 5533 in
2614 5479 2798 5550 editis.
2832 5476 3399 5550 lmperitisplibrariis

1812 5546 2000 5601 fucum
2032 5546 2162 5603 fecit
2189 5546 2335 5619 quod
2356 5549 2513 5616 δόξαν
2536 5546 2931 5605 substantivuui
2954 5548 3266 5619 femininum
3296 5561 3400 5617 pu-

1815 5624 2018 5694 tarent,
2061 5620 2210 5694 quod
2254 5632 2437 5677 tamen
2470 5627 2555 5677 est
2600 5622 2941 5691 participium
2984 5620 3235 5694 ἀόριστον
3269 5631 3397 5673 neu-

1820 5689 2192 5761 "magmatis.
