3830 6260
236 335 331 392 845

1331 326 1533 383 LIBER
1568 326 1846 382 CONTRA
1884 324 2302 382 HIEROCLEM.

3346 327 3449 383 816

236 452 294 510 τὰ
315 447 546 519 βασίλεια
578 445 809 519 παρόδου
855 446 1142 510 κοινωνῶν,
1177 445 1401 517 ὓστερον
1433 447 1490 499 δὲ
1537 448 1638 518 τῆς
1668 448 1768 501 δια-

1892 445 2260 511 mendatione,
2289 446 2475 516 palatii
2497 446 2845 516 imperatoris
2876 443 3023 502 fores
3054 444 3451 516 panderentur?

234 544 387 615 φορᾶς
442 540 597 593 ἕνεκα
650 538 873 593 τοιαῦτα
918 539 1046 607 περὶ
1072 538 1236 593 αὐτοῦ
1271 539 1463 607 λέγων,
1500 538 1651 593 οὔπω
1686 556 1775 609 μοι

228 632 508 689 summ
551 632 579 683 ὁ
636 630 791 699 λόγος
847 630 1091 700 βούλεται
1135 630 1225 683 τὸν
1260 631 1448 701 ἄνδρα,
1484 629 1559 693 ὡς
1592 630 1657 683 ἂν
1685 631 1776 683 τὸν

230 723 497 794 Εὐφράτην
530 721 983 789 συκοφαντοῦντα,
1036 721 1337 790 φιλοσόφων
1362 722 1469 774 τῶν
1502 721 1620 774 καθ’
1654 723 1778 774 ἐαυ-

225 814 430 884 τὸν(71)
471 812 859 878 ὲπιδοξότατον,
889 812 964 875 ὡς
994 813 1087 866 καὶ
1114 813 1172 875 ἐς
1218 812 1388 882 δεῦρ’,
1425 808 1505 876 οἷς
1557 811 1775 882 μέτεστι

224 904 541 976 φιλοσοφίας,
577 903 830 975 ᾄδεσθαι;
864 906 928 957 Ὃ
960 904 1053 957 καὶ
1095 905 1349 975 μέγιστον
1376 902 1529 956 λάϐοι
1574 904 1639 957 ἄν
1669 920 1773 966 τις,

223 999 270 1050 εί
294 995 541 1066 βούλοιτο,
588 995 940 1066 παράδειγμα
979 996 1077 1067 τῆς
1123 994 1264 1049 κατά
1294 994 1388 1047 τοῦ
1427 993 1775 1047 Ἀπολλωνίου

221 1084 471 1153 διαϐολῆς.
530 1085 592 1136 Et
620 1084 728 1157 γάρ
758 1087 787 1137 ὁ
826 1086 1116 1157 Εὐφράτης
1144 1084 1295 1157 παρὰ
1326 1087 1438 1147 τοῖς
1466 1086 1598 1137 πᾶσι
1624 1082 1775 1152 φιλο-

223 1177 371 1248 σοφίᾳ
394 1176 684 1248 διαπρέψαι
713 1177 1093 1250 ὁμολογηθείη,
1115 1177 1233 1250 ὥρα
1260 1176 1648 1249 μισοπονηρίαν
1678 1178 1775 1246 μὲν

1882 537 2087 592 Verum
2116 538 2200 592 vel
2238 552 2403 603 caco,
2434 544 2494 592 ut
2553 538 2607 593 in
2650 538 2942 609 proverbio
2971 539 3147 604 aiunt,
3184 536 3300 609 jam
3328 553 3452 608 per—

1883 632 2134 700 spicuum
2187 630 2293 693 sit,
2339 630 2484 701 quod
2536 632 2590 686 in
2638 631 2920 687 divinandi
2970 640 3088 688 arte
3130 630 3451 687 detrahatur

1883 723 2002 777 viro
2054 723 2123 777 ab
2169 723 2452 778 historico.
2485 723 2861 780 Concedamus
2907 733 3086 780 autem
3133 714 3450 779 in‘cateris

1882 828 2006 869 eum
2060 829 2383 884 generosum
2435 816 2678 869 animum
2723 816 3154 883 demonstrasse,
3204 814 3449 885 pericula

1881 906 2048 960 etiam
2084 921 2184 975 pro
2238 905 2430 959 amicis
2480 906 2765 962 subeundo
2807 906 3143 977 frequenter.
3183 905 3253 959 At
3298 909 3448 960 certe

1882 995 2235 1066 Euphratem,
2266 996 2447 1053 aditus
2478 998 2545 1052 ad
2594 998 2939 1068 imperatoris
2980 998 3240 1069 palatium
3270 999 3444 1069 parti-

1882 1091 2057 1158 cipem
2092 1089 2347 1152 reddens,
2374 1099 2562 1158 postea
2610 1099 2816 1154 tamen,
2850 1090 2919 1145 ob
2953 1090 3298 1146 intercedens
3331 1089 3446 1145 dis-

1882 1179 2105 1245 sidium,
2137 1179 2264 1232 talia
2296 1179 2363 1233 de
2388 1195 2455 1234 eo
2486 1179 2789 1249 proferens,
2814 1195 3015 1244 nonne,
3039 1180 3156 1251 ipsa
3183 1180 3446 1236 suadente

221 1268 412 1322 ὲκείνου
459 1271 815 1338 κατηγορεῖν,
870 1268 1173 1332 ἐπεξιόντος
1226 1269 1337 1331 τοῖς
1376 1266 1592 1328 ἀτόπως
1672 1266 1768 1319 ὑπὸ

1882 1268 2014 1321 mihi
2048 1268 2276 1333 ratione,
2310 1267 2605 1339 Euphratis
2635 1269 2811 1340 egisse
2840 1269 3230 1341 sycophantam
3261 1270 3446 1341 argui-

221 1360 360 1413 τοῦδε
376 1357 668 1430 δρωμένοις
687 1375 701 1422 ;
722 1360 933 1412 τουτονὶ
961 1359 1017 1411 δὲ
1043 1360 1179 1431 πρὸς
1213 1359 1418 1411 ἐκείνου
1440 1357 1768 1431 κατηγορού-

1882 1368 2002 1425 tur,
2035 1361 2480 1431 philosophorum
2511 1378 2623 1417 sua
2660 1363 2835 1418 atatis
2875 1362 3190 1426 clarissimi,
3218 1361 3312 1432 qui
3344 1361 3447 1415 bo-

223 1466 385 1523 μενον,
437 1448 647 1518 φαύλην
706 1448 1125 1520 περιϐάλλεσθαι
1152 1449 1332 1515 δόξαν,
1363 1450 1445 1501 ὅτι
1476 1448 1539 1519 δὴ
1572 1450 1648 1519 μὴ
1679 1448 1768 1502 τὸν

1879 1450 1968 1505 die
1997 1454 2160 1507 etiam
2187 1454 2254 1507 ab
2280 1454 2370 1517 iis,
2411 1454 2503 1524 qui
2538 1454 2896 1526 philosophia
2941 1454 3133 1509 imbuti
3164 1459 3293 1508 sunt
3333 1460 3447 1509 stu-

219 1543 499 1617 ἀρέσκοντα
520 1541 600 1614 τῷ
633 1542 904 1613 φιλοσόφῳ
936 1542 1125 1613 μετῄει
1150 1543 1281 1613 βίον.
1494 1608 1501 1615 _

1877 1542 2005 1608 diis,
2028 1544 2369 1599 celebratur?
2392 1544 2545 1611 Quod
2574 1548 2749 1617 ipsum
2779 1548 2859 1602 vel
2884 1546 3319 1602 illustrissimum
3345 1543 3446 1598 aii-

219 1638 318 1703 cui,
342 1638 388 1692 si
411 1637 565 1701 velit,
633 1635 839 1709 [justa]
871 1638 1142 1707 Apollonii
1204 1637 1649 1709 reprehensionis
1702 1639 2008 1709 exemplum
2051 1640 2309 1709 prabeat.
2360 1638 2416 1695 Si
2468 1640 2769 1713 Euphrates
2816 1644 2958 1697 enim
3022 1641 3263 1697 omnium
3311 1653 3445 1694 con—

218 1748 364 1788 sensu
393 1733 750 1803 philosophia
786 1734 980 1790 studiis
1007 1735 1348 1790 clarissimus
1393 1734 1677 1798 habeatur,
1718 1733 2155 1805 intempestivum
2197 1744 2344 1791 certe
2407 1736 2629 1791 minime
2675 1735 2860 1800 fuerit,
2895 1736 3042 1792 illius
3073 1750 3139 1792 eo
3194 1733 3444 1789 evincere

215 1823 364 1895 534
391 1826 657 1882 adversus
697 1828 1097 1898 improbitatem
1160 1831 1380 1896 odium,
1432 1827 1578 1899 quod
1636 1828 1779 1883 mala
1815 1829 2088 1900 Apollonii
2118 1829 2258 1885 facta
2284 1830 2446 1886 fuerit
2478 1833 2796 1888 insectatus.
2834 1831 2988 1887 Hunc
3042 1845 3191 1894 vero,
3219 1827 3313 1901 qui
3376 1827 3445 1881 ab

215 1931 275 1970 eo
301 1916 644 1985 arguebatur,
675 1916 1050 1991 [concludere]
1082 1920 1222 1974 mala
1254 1920 1394 1975 fama
1428 1918 1769 1991 oppressisse
1803 1934 1949 1987 eum,
1991 1920 2149 1992 quasi
2178 1922 2343 1977 vitam
2377 1929 2558 1993 ageret
2590 1922 2947 1993 philosophiae
3010 1920 3235 1976 minime
3304 1932 3442 1974 con-

216 2020 512 2066 sentaneam
521 2052 535 2066 .

718 2113 1111 2166 ΚΕΦΑΛΑΙΟΝ
1136 2114 1254 2166 AA’.

277 2200 435 2255 Πάλιν
482 2203 542 2256 ὲν
572 2202 654 2274 τῷ
704 2203 865 2274 ἕκτῳ,
933 2204 1374 2275 παραδοξολογῶν
1406 2207 1435 2260 ὁ
1462 2205 1772 2278 μυθολόγος,

212 2290 321 2359 ἄγει
354 2292 446 2362 μὲν
468 2293 631 2346 αὑτὸν
657 2292 772 2363 ἆμα
805 2297 916 2357 τοῖς
938 2294 1170 2367 ἑταίροις
1198 2295 1429 2367 καμήλῳ
1465 2297 1775 2367 ὀχούμενον,

212 2372 288 2450 ἐφ’
305 2382 391 2447 οῦς
414 2401 576 2455 φησιν
611 2387 923 2455 Αἰγυπτίων
945 2387 983 2438 Γ
987 2405 1016 2438 υ
1024 2387 1208 2457 μνοὺς,
1252 2388 1589 2458 φιλοσόφους.
1609 2388 1777 2442 Ἔνθα

210 2473 266 2545 δὴ
288 2477 684 2547 προστάξαντος
722 2477 817 2531 τοῦ
860 2477 1089 2548 γυμνοῦ,
1127 2479 1344 2545 πτελέα,
1395 2483 1547 2552 φησι,
1579 2483 1640 2536 τὸ
1666 2483 1779 2537 δέν-

209 2563 321 2635 δρον
374 2567 769 2638 προσαγορεύει
810 2569 901 2620 τὸν
961 2568 1337 2631 Ἀπολλώνιον,
1393 2572 1637 2644 ὲνάρθρῳ
1682 2574 1776 2627 καὶ

211 2654 385 2729 θηλείᾳ
413 2660 477 2729 τῇ
501 2662 676 2730 φωνῇ.
712 2660 820 2712 Kal.
840 2659 1049 2722 τούτοις
1075 2677 1135 2728 γε
1160 2664 1307 2732 ἡμᾶς
1327 2664 1355 2715 ό
1376 2681 1395 2713 ι
1423 2663 1725 2735 Φιλαλήθης
1752 2684 1770 2715 ι

212 2749 468 2802 πιστεύειν
502 2751 669 2815 ἀξιοῖ.
703 2748 835 2815 Εἶτα
886 2752 1202 2823 Πυγμαίους
1247 2755 1448 2827 ἄνδρας
1494 2756 1635 2827 ὑπὲρ
1677 2758 1776 2830 τὴν

207 2838 396 2893 τούτων
446 2843 655 2914 ἱστορεί
698 2836 916 2914 χώραν,
965 2843 1056 2896 καὶ¹
1116 2844 1598 2916 Ἀνθρωποφάγους
1640 2847 1774 2918 (72),

211 2932 295 2984 καὶ
346 2934 670 2998 Σκιάποδας,
729 2934 967 3006 Σάτυρον
1001 2952 1059 2988 τε
1110 2936 1245 3006 πρὸς
1290 2936 1384 2989 τοῦ
1422 2937 1774 2991 Ἀπολλωνίου

212 3022 625 3095 μεθυσκόμενον.
679 3025 770 3090 Ἐξ
815 3026 1037 3079 ἐκείνων
1063 3022 1221 3091 αὖθις
1267 3028 1543 3082 ἐπάνεισιν
1564 3030 1656 3081 ἐπὶ
1677 3028 1775 3099 τὴν

219 3115 444 3175 Ἐλλάδα.
512 3122 752 3193 Ὀμιλίαι
807 3140 866 3176 τε
918 3123 1077 3178 πάλιν
1110 3124 1297 3195 αὐτῷ,
1331 3127 1426 3178 καὶ
1443 3124 1777 3197 προγνώσεις

207 3207 600 3267 ἀνακοινοῦνται
628 3213 968 3286 πρὸςΤῖτον.
1002 3216 1113 3269 Καὶ
1138 3216 1403 3288 δηχθέντα
1446 3216 1643 3289 ἔφηϐον
1672 3215 1776 3270 ὑπὸ

207 3298 486 3369 λυττῶντος
536 3306 718 3371 κυνὸς,
767 3306 826 3360 ὃν
880 3307 944 3380 δὴ
974 3308 1066 3361 καὶ
1116 3309 1486 3378 ἐμαντεύσατο
1516 3311 1664 3373 ὅστις
1687 3309 1773 3379 εἴη

205 3392 295 3466 τὴν
311 3396 509 3469 ψυχὴν,
540 3400 630 3453 ὅτι
652 3401 681 3452 ό
719 3400 820 3471 τῆς
852 3400 1126 3470 Αἰγύπτου
1151 3401 1279 3454 ποτὲ
1314 3401 1564 3471 βασιλεὺς
1599 3403 1775 3470 Ἀμα-

2396 2110 2626 2169 CAPUT
2677 2109 2915 2166 XXXIV.

1947 2204 2188 2261 Rursum
2216 2211 2465 2276 portenta
2493 2204 2547 2259 in
2578 2212 2731 2261 sexto
2756 2203 2897 2259 libro
2926 2203 3155 2274 loquens
3184 2211 3440 2277 nugator,

1878 2297 2100 2353 camelis
2122 2312 2245 2351 eum
2282 2310 2388 2349 una
2419 2312 2543 2349 cum
2578 2296 2743 2350 sociis
2779 2303 2997 2351 vectum
3038 2295 3183 2352 sistit
3224 2296 3292 2351 ad
3321 2296 3444 2368 phi-

1876 2389 2157 2460 losophos,
2207 2399 2346 2458 quos
2391 2386 2577 2441 Nudos
2619 2386 2853 2457 appellat
2899 2385 3299 2458 Egyptiorum.
3340 2386 3441 2443 Ubi

1877 2480 2344 2553 gymnosophista,
2405 2488 2465 2534 ut
2512 2479 2731 2550 quidem
2777 2486 2966 2533 narrat
2984 2478 3320 2550 “,jubente,
3366 2481 3444 2533 nl-

1877 2588 1999 2627 mus
2035 2572 2202 2627 arbor
2229 2571 2576 2642 Apollonium
2612 2585 2744 2626 voce
2779 2570 3064 2626 articulata
3105 2579 3159 2626 et
3192 2572 3440 2627 muliebri

1877 2663 2037 2717 aﬂ’ata
2078 2669 2181 2716 est.
2222 2660 2384 2716 Hisce
2415 2668 2596 2715 autem
2630 2680 2647 2712 ι
2672 2658 3005 2715 Philalethes
3034 2678 3053 2711 ι
3084 2658 3242 2714 fidem
3273 2674 3306 2714 a
3349 2676 3442 2715 no.

1875 2755 1964 2810 bis
1997 2755 2113 2809 vult
2148 2754 2362 2808 haberi.
2400 2752 2605 2808 Deinde
2634 2767 2906 2823 pygmaos
2928 2752 2995 2815 ⁹²,
3030 2753 3175 2807 ultra
3212 2767 3442 2825 gymno-

1878 2846 2248 2916 sopltistarum
2294 2844 2523 2915 patriam
2569 2843 2799 2913 positos,
2835 2841 3441 2913 AnthrOpopbagosquc

1875 2948 1932 2993 et
1963 2936 2319 3006 Utnbripedcs
2345 2942 2756 3000 commemorat,
2794 2930 3156 3004 Satyrumquc
3177 2935 3247 2989 ab
3278 2934 3441 3004 Apol-

1875 3028 2025 3082 lonio
2059 3024 2471 3081 inebriatum”.
2509 3022 2637 3077 Inde
2663 3032 2840 3077 autem
2885 3022 2941 3076 in
2970 3020 3234 3078 Graciam
3271 3023 3438 3090 redit;

1876 3126 1926 3173 et
1952 3131 2171 3171 rursum
2204 3129 2329 3168 cum
2364 3114 2690 3183 imperatore
2710 3110 2834 3166 Tito
2863 3111 2909 3144 ’δ
2941 3126 3224 3170 sermones
3265 3124 3319 3169 et
3348 3129 3443 3168 va-

1877 3207 2063 3262 ticinia
2091 3203 2479 3260 communicat.
2514 3202 2691 3273 Atque
2728 3202 3151 3269 adolescentem,
3183 3219 3213 3256 a
3247 3203 3442 3259 rabido

1875 3315 2120 3355 morsum
2152 3312 2285 3353 cane
2306 3296 2374 3363 ⁸³,
2415 3297 2573 3365 cujus
2592 3296 2754 3351 etiam
2786 3295 2964 3349 anima
2987 3309 3108 3366 qua
3136 3295 3229 3360 sit,
3258 3294 3445 3365 (Ama-

1877 3389 1954 3444 sis
1982 3403 2177 3457 nempe
2206 3385 2446 3458 Egyptii
2485 3384 2762 3455 quondam
2800 3384 2970 3455 regis)
3005 3384 3235 3451 divinat,
3279 3383 3346 3437 ab
3377 3399 3442 3438 eo

209 3490 436 3560 σις(·ῖδ),
486 3492 589 3562 τῆς
632 3494 919 3563 συμφορᾶς
975 3493 1327 3557 ἀπαλλάττει,
1355 3493 1514 3563 μέχρι
1548 3494 1640 3545 καὶ
1684 3491 1768 3545 τοῦ

1877 3480 2073 3534 liberat
2111 3478 2342 3533 morbo:
2376 3477 2554 3547 ipsum
2579 3490 2796 3546 quoque
2834 3490 3025 3529 canem
3053 3476 3106 3529 in
3141 3474 3443 3544 benignita-

207 3579 354 3643 κυνὸς
377 3584 653 3646 ἐπιτείνας
676 3584 738 3636 τὸ
774 3584 1151 3657 φιλάνθρωπον
1181 3584 1314 3654 (74).
1357 3584 1525 3637 Ταυτὶ
1556 3584 1653 3656 μὲν
1676 3579 1768 3637 οῦν

203 3670 268 3723 τὰ
289 3674 389 3743 πρὸ
418 3674 519 3744 τῆς
546 3676 880 3746 κατηγορίας
912 3674 1063 3746 αύτῴ
1089 3675 1474 3747 πεπραγμένα.

699 3874 1090 3928 ΚΕΦΑΛΔΙΟΝ
1140 3874 1263 3930 ΔΕ¹.

278 3959 601 4034 Ἐπιστῆσαι
648 3963 692 4016 δ’
724 3964 871 4031 ἄξιον
924 3965 992 4019 δι’
1042 3965 1168 4035 ὅλης
1206 3965 1305 4034 τῆς
1346 3964 1727 4037 πραγματείας
1752 4003 1768 4027 9

202 4048 272 4112 ὼς
295 4052 394 4119 ὃτι,
423 4054 527 4107 κᾶν
555 4054 840 4124 ἀληθεύειν
882 4056 1009 4127 δοθῇ
1051 4055 1128 4126 τῷ
1162 4058 1463 4127 συγγραφεῖ
1490 4055 1558 4108 τά
1593 4054 1771 4126 παρά-

199 4136 336 4205 δοξα,
356 4145 649 4217 συνεργείᾳ
673 4145 924 4217 δαίμονος
949 4146 1176 4199 ἕκαστον
1202 4146 1351 4216 αὐτῷ
1369 4145 1769 4218 διαπεπρᾶχθαι

198 4231 392 4286 τούτων
411 4235 604 4306 σαφῶς
625 4235 917 4291 δείκνυται.
939 4237 1013 4290 Τό
1034 4254 1093 4290 τε
1116 4236 1223 4310 γάρ
1248 4235 1340 4289 τοῦ
1369 4236 1559 4307 λοιμοῦ
1588 4252 1771 4306 προαι-

202 4320 410 4379 σθέσθαι
456 4326 591 4391 ἴσως
618 4328 716 4399 μὲν
744 4329 845 4381 οὐκ
885 4328 1215 4403 ἀπερίεργον
1242 4327 1464 4395 δόξειεν,
1487 4329 1556 4392 εἰ,
1587 4324 1768 4389 καθὼς

262 4464 309 4534 ἐν
344 4465 440 4521 lib.
474 4484 570 4532 vr,
603 4482 655 4522 c.
690 4467 779 4523 40.
866 4468 914 4501 “
952 4467 1047 4523 lib.
1080 4483 1135 4520 vr
1160 4508 1175 4533 ,
1243 4483 1294 4523 c.
1328 4466 1418 4524 25.
1494 4467 1541 4500 ’³
1579 4467 1674 4521 lib.
1709 4483 1763 4524 γι

1877 4465 2013 4520 .27.
2090 4464 2137 4497 “
2177 4463 2275 4519 lib.
2313 4479 2402 4528 vr,
2464 4477 2514 4515 c.
2574 4461 2644 4513 29
2698 4475 2813 4531 seq.

200 4530 243 4561 "
278 4533 373 4589 lib.
409 4552 515 4607 ιιι,
548 4530 600 4593 c.
640 4538 694 4592 4.

199 4647 704 4719 ειιιιμῌροπείρειν
741 4661 891 4719 vero,
924 4654 1000 4719 _ut_
1033 4647 1486 4719 προκινδυνεύειν,
1515 4664 1610 4718 pro
1644 4648 1758 4703 alio

196 4714 495 4794 periculum
538 4714 745 4794 subire.
783 4716 940 4783 Quod
976 4714 1173 4794 fecisse
1203 4714 1549 4794 Apollonium
1593 4734 1761 4788 agno-

197 4786 554 4858 scit,_virique
586 4787 746 4858 fortis
772 4797 825 4841 et
845 4788 1091 4858 generosi
1112 4786 1340 4858 gloriam
1368 4789 1472 4843 hoc
1498 4789 1616 4858 ipso
1634 4786 1758 4843 eum

197 4836 354 4926 tueri,
409 4836 643 4911 cancedi
691 4836 883 4926 posse",
906 4857 1003 4917 ait,
1044 4836 1143 4924 qui
1187 4857 1397 4911 scilicet
1439 4836 1493 4912 in
1518 4836 1756 4923 Ι’Νοιῖνιικ
1793 4836 1835 4890 D

196 4917 349 5009 Rulli
378 4937 432 4981 et
463 4926 625 5009 0rfit_i
654 4917 1186 5009 imprimisgratiant
1224 4926 1538 5009 προέπειρε.
1571 4927 1637 4980 At
1661 4917 1765 5009 ,ιιιὲ

198 5005 405 5065 cuuque
438 5013 499 5053 se
523 4996 760 5050 habeant
781 4998 908 5058 ista,
931 4996 985 5048 in
1009 4995 1225 5064 negotio
1254 4995 1399 5065 quod
1424 4995 1471 5051 ei
1504 5013 1628 5050 cum
1660 4995 1768 5050 Eu-

196 5059 381 5128 phrate
410 5066 754 5130 intercessit,
784 5067 1025 5134 γενναῖον
1052 5059 1111 5120 se
1138 5059 1401 5136 probasse
1420 5066 1764 5136 Apollonium

198 5139 370 5184 negat.

282 5201 370 5269 71)
410 5200 770 5274 φιλοσόφων
810 5202 949 5274 τῶνῌ
969 5205 1097 5258 καθ’
1141 5205 1373 5259 ἑαυτόν.
1414 5205 1493 5259 Ita
1526 5204 1763 5274 loquun—

195 5270 281 5346 tur
304 5270 561 5346 puriores
590 5270 889 5346 scriptores
911 5271 1107 5346 Graeci,
1140 5290 1247 5346 non
1277 5282 1335 5329 ut
1361 5275 1416 5346 in
1445 5270 1614 5346 editis
1632 5275 1758 5346 legi-

197 5342 300 5416 t_ur,
326 5338 637 5416 φιλοσόφων
657 5338 959 5416 γενομένων
977 5342 1084 5396 τῶν
1108 5342 1226 5416 καθ’
1256 5345 1463 5398 ἑαυτὸν.
1489 5338 1756 5416 Βειθεεῖι-

194 5404 1203 5485 dunr'igitur'fuit-ysvopsvwv,quod
1242 5429 1307 5467 ex
1346 5417 1607 5485 margine,
1623 5404 1754 5484 vqua

195 5477 493 5554 ascriptum
570 5477 735 5554 erat“,
803 5477 895 5554 add
923 5477 1302 5554 explicandum
1367 5477 1546 5554 tyroni
1595 5477 1757 5542 ’id'io-

193 5546 437 5622 tismtitn.
466 5557 526 5622 et
569 5546 788 5622 quidem
829 5546 1009 5607 alieno
1051 5553 1191 5619 loco,
1232 5553 1290 5607 in
1328 5546 1533 5609 teitum
1572 5554 1753 5610 immi-

192 5618 364 5696 gruit
389 5634 429 5696 :_
459 5618 614 5696 ferri:
631 5623 775 5696 enim
818 5629 1095 5693 utcunque
1131 5631 1334 5694 posset,
1374 5625 1419 5679 si
1469 5633 1592 5696 post
1630 5627 1756 5679 ἑαυ-

191 5684 278 5739 τόν
315 5689 557 5748 positum
590 5691 801 5748 fuisset.

1873 3570 1945 3625 tis
1976 3584 2089 3625 sua
2111 3577 2318 3639 partem
2350 3569 2663 3621 admittens.
2693 3567 2870 3636 Atque
2895 3564 3010 3619 hac
3038 3564 3258 3635 quidem
3291 3573 3438 3626 sunt,

1874 3674 1996 3730 qua
2052 3665 2342 3728 antequam
2397 3655 2564 3728 [apud
2615 3656 2997 3726 imperatorem
3045 3652 3438 3725 Domitianum]

1874 3749 2202 3812 deferretur,
2233 3756 2385 3819 gesta
2411 3748 2480 3801 ab
2509 3761 2575 3801 eo
2608 3744 2782 3801 fuere.

2414 3857 2643 3915 CAPUT
2681 3856 2896 3914 XXXV.

1943 3956 2001 4011 ld
2033 3968 2167 4010 vero
2194 3952 2250 4007 in
2292 3958 2405 4007 tota
2435 3950 2526 4004 illa
2554 3949 2848 4005 tenendum
2876 3947 3105 4003 historia
3125 3954 3232 4012 est,
3261 3947 3432 4018 quod,

1870 4049 1918 4105 si
1947 4046 2280 4104 concedatur
2303 4044 2386 4099 vel
2424 4042 2660 4098 maxime
2703 4040 2986 4112 scriptori,
3033 4054 3157 4095 vera
3202 4054 3326 4095 eum
3357 4039 3440 4094 tli-

1870 4152 2014 4206 cere,
2041 4146 2291 4210 portenta
2335 4136 2428 4190 illa
2461 4136 2589 4189 dum
2644 4133 2843 4202 refert;
2892 4132 3020 4187 mali
3063 4131 3324 4189 damonis
3352 4141 3439 4187 ta-

1871 4248 1998 4287 men
2032 4245 2219 4301 opera,
2245 4227 2431 4283 omnia
2472 4228 2579 4282 isla
2614 4232 2829 4298 patrata
2863 4239 2985 4281 esse
3025 4224 3097 4280 ab
3129 4222 3436 4295 Apollonio,

1872 4323 2032 4378 facile
2060 4322 2367 4377 evincatur.
2403 4318 2558 4386 Quod
2595 4319 2741 4375 enim
2767 4328 2973 4389 pestem
3005 4328 3132 4373 ante
3171 4316 3344 4373 sensit
3366 4317 3434 4382 ⁸⁵,

2911 4460 2957 4493 ’⁸
2995 4458 3090 4515 lib.
3127 4475 3185 4515 νι
3208 4501 3224 4526 ,
3257 4473 3309 4515 c.
3343 4458 3433 4513 55.

1864 4649 2049 4721 pellat-

1937 4720 2070 4790 (75),
2092 4719 2194 4770 ὀν
2233 4715 2311 4790 δὴ

1865 4784 2010 4842 ποτὲ
2029 4784 2241 4853 βασιλ.
2272 4784 2533 4855 Ἀμασιςζ
2562 4784 2723 4839 Fallit
2763 4784 2853 4840 hic
2881 4786 3145 4840 memoria
3184 4798 3283 4855 sua
3325 4784 3434 4839 Eu-

1865 4859 2074 4913 sebium
2100 4875 2115 4922 ;
2146 4853 2364 4925 jchnis
2398 4856 2542 4910 enim
2595 4870 2625 4908 a
2659 4869 2797 4909 cane
2829 4867 3043 4925 morsus
3065 4853 3432 4925 AnonAmasis

1866 4944 1990 4983 esse
2036 4921 2237 4981 diciiur
2286 4927 2356 4981 ab
2397 4925 2703 4994 Apollonio,
2748 4924 2842 4995 sed
2897 4923 3168 4995 Telephus
3201 4921 3428 4995 Mysius.

1865 4996 2092 5053 Videtur
2134 4995 2450 5051 confudisse
2481 5010 2605 5050 cum
2637 5010 2722 5059 ea,
2753 4994 2822 5048 de
2854 5010 2961 5065 qua
2997 4994 3249 5065 agittre,
3278 5001 3432 5065 gesta

1859 5067 2203 5123 Alexandria
2249 5081 2374 5121 cum
2427 5065 2605 5129 leone,
2650 5065 2705 5119 in
2755 5062 3055 5129 quo—regis
3109 5062 3258 5117 illius
3287 5062 3434 5115 ’ani-

1861 5081 2203 5123 Alexandria
2249 5081 2374 5121 cum
2427 5081 2605 5129 teoue,
2650 5081 2705 5119 tn
2793 5081 2864 5120 uo
2910 5081 2969 5118 re
3008 5081 3055 5120 ts
3109 5081 3258 5117 unus
3313 5081 3427 5115 ant-

1861 5153 2005 5192 mam
2026 5152 2149 5261 es‘sge
2182 5136 2359 5192 aiebat
2391 5135 2733 5206 Apollonius.
2755 5081 2917 5190 llVide
2948 5081 3125 5188 latam
3157 5133 3300 5202 ejus,
3329 5133 3427 5189 lib.

1861 5224 1933 5261 v1.
1975 5223 2027 5261 c.

1857 5224 1933 5271 Vl,
1975 5223 2027 5261 C.

1929 5276 2049 5348 (74),
2063 5276 2255 5348 Μέχρι
2266 5274 2364 5330 καὶ
2379 5275 2485 5348 τοῦ
2505 5274 2691 5341 κυνὸς
2704 5274 3001 5348 ἐπιτείνας
3013 5271 3080 5327 τὸ
3100 5272 3431 5348 φιλάνθρω-

1857 5342 1996 5401 1dr.
2024 5342 2298 5402 Mire'fhic
2332 5346 2517 5401 omnia
2560 5345 2841 5415 pervertit,
2884 5357 2997 5415 pro
3021 5357 3194 5415 more,
3228 5342 3430 5397 Accio-

1857 5417 1973 5471 lus:
1998 5416 2156 5472 facile
2181 5415 2311 5486 quid
2335 5431 2423 5471 res
2444 5415 2512 5471 sit
2528 5413 2927 5486 Lassecuturus,
2955 5413 3000 5469 si
3035 5413 3433 5486 i_psum_coust_t-

1857 5487 2052 5542 luisset
2080 5482 2489 5541 Philostratum.
2521 5483 2741 5539 Scilicet
2770 5490 3020 5554 spectant
3047 5482 3150 5536 ista
3172 5482 3241 5537 ad
3260 5482 3429 5552 Apol-

1856 5557 1988 5612 lonii
2010 5558 2093 5628 in
2124 5558 2303 5628 ipsum
2322 5571 2545 5628 quoque
2567 5570 2777 5628 canem_
2791 5553 3202 5628 behignitatem,
3231 5565 3433 5621 nempe

1857 5623 2227 5700 περιῴφθηδὲ
2251 5623 2370 5680 οὐδὲ
2395 5628 2423 5680 ὁ
2455 5623 2622 5700 κύων,
2656 5628 2717 5679 ut
2745 5623 3114 5700 Philostratus
3145 5623 3245 5693 ait;
3268 5636 3429 5680 natu-

1857 5692 1965 5769 que
1986 5692 2090 5769 ἱρὸί
2117 5692 2337 5770 duoque
2365 5697 2622 5754 restituta
2652 5696 2858 5751 sanitas
2879 5692 3005 5752 fuit.

2362 4715 2461 4770 καί
2492 4715 2963 4785 «inmoderato...
2997 4714 3087 4768 ὅτι
3110 4715 3144 4768 ό
3173 4711 3430 4785 τῆςᾼῑτ.

254 5755 368 5830 (7'2)
401 5759 1217 5833 ’Arapwxagcdrovcfhilostr.
1253 5763 1642 5838 ’Δνδροφάγους
1663 5779 1759 5836 οι)-
