3830 6260
371 325 478 386 ειτ

1043 326 1307 382 EUSEBll
1345 325 1820 383 CAESARENSIS
1852 326 2002 385 OPP.
2044 327 2223 383 PARS
2261 326 2411 383 ll.—
2446 327 2940 387 APOLOGETICA.

3508 330 3607 385 8&8

376 451 516 508 forte
543 466 651 507 non
682 449 891 505 carebit
938 449 1347 519 superstitione,
1391 449 1435 504 si
1468 457 1527 503 ut
1583 450 1697 518 ipse
1730 447 1933 521 [facit,]

2052 450 2214 513 ιὺτδς,
2254 468 2273 501 ι
2303 450 2410 503 ἀπὸ
2440 451 2772 520 λεπτοτάτης
2793 454 2887 505 καὶ
2919 453 3162 524 καθαρᾶς
3187 453 3403 524 διαίτης
3426 471 3445 504 ι
3477 469 3606 507 κατ-

378 561 403 596 e
429 559 495 599 ex
511 543 658 599 tenui
677 543 819 597 victu
852 561 870 593 ι
909 540 1187 595 derivetur
1212 559 1233 591 ι
1267 546 1319 595 et
1338 555 1495 610 puro,
1530 560 1548 592 ι
1578 548 1741 610 prout
1765 539 1941 593 aPhi-

376 634 607 690 lustrato
637 641 917 687 narratum
945 651 958 686 :
987 629 1126 686 forte
1160 638 1341 685 tamen
1369 645 1432 684 ex
1451 630 1783 685 commercio
1812 630 1938 684 mali

376 727 604 798 spiritus
635 724 757 793 ejus
803 724 881 777 rei
922 722 1182 777 indicium
1212 722 1318 793 ipsi
1358 729 1443 777 est
1480 720 1705 775 factum.
1754 719 1941 773 Enim-

374 833 507 873 vero
542 824 738 870 caetera
778 816 942 870 etiam
974 830 1096 885 quae
1142 813 1365 869 fatidica
1396 816 1598 869 virtute
1628 821 1938 868 assecutum

377 915 539 978 atque
580 905 962 976 praedicentem
1017 905 1246 972 inducit,
1291 906 1375 961 vel
1430 906 1577 960 mille
1609 905 1943 975 argumentis

374 1012 442 1052 ex
472 996 594 1067 ipso
615 994 933 1050 Philostrati
954 995 1156 1065 scripto
1185 1011 1412 1066 arguere
1442 996 1589 1060 licet,
1626 1003 1685 1048 ut
1708 1010 1816 1048 una
1839 994 1942 1049 hoc

376 1102 596 1158 quoque
626 1086 699 1142 sit
734 1084 1164 1145 concedendum,
1195 1086 1405 1154 magica
1440 1093 1579 1148 arte,
1614 1084 1723 1138 imo
1752 1099 1941 1153 parum

378 1181 534 1236 abest
562 1180 695 1249 quin
723 1177 903 1233 dicam
923 1194 1018 1249 per
1039 1179 1287 1248 spiritum
1318 1176 1661 1240 familiarem,
1680 1177 1941 1247 quasdam

377 1286 560 1327 rerum
585 1269 915 1336 futurarum,
939 1284 1046 1323 non
1074 1268 1217 1322 enim
1242 1267 1309 1323 de
1340 1268 1595 1322 omnibus
1618 1268 1833 1336 loquor.
1854 1280 1944 1321 as-

379 1371 627 1417 secutum
661 1375 785 1415 eum
832 1359 1016 1414 fuisse.
1050 1358 1220 1428 quue
1248 1359 1554 1412 luculenter
1581 1373 1646 1412 eo
1675 1356 1939 1420 firmatur,

377 1450 527 1522 quod
586 1465 693 1504 non
756 1464 971 1519 semper
1024 1457 1078 1504 et
1126 1448 1181 1503 in
1248 1448 1505 1504 omnibus
1565 1445 1940 1502 divinatricem

378 1543 541 1599 istam
575 1542 684 1595 vim
712 1542 1115 1598 conservaverit
1152 1560 1165 1596 :
1201 1557 1388 1596 verum
1444 1540 1643 1596 dubius
1680 1538 1845 1592 fuerit
1889 1537 1944 1590 in

378 1641 545 1698 quam
575 1625 845 1696 plurimis,
875 1626 942 1680 de
961 1625 1168 1686 multis,
1196 1624 1339 1695 quod
1362 1639 1425 1679 ea
1449 1624 1745 1694 ignoraret,
1770 1623 1941 1679 inter-

380 1715 654 1788 rogaverit
686 1734 699 1769 :
739 1714 791 1769 id
823 1716 968 1785 quod
998 1714 1071 1778 ei,
1111 1716 1155 1769 si
1190 1714 1374 1768 divina
1402 1715 1606 1769 virtute
1633 1714 1941 1784 polluisset,

380 1786 699 1878 neutiquam
727 1805 1008 1876 obtingere
1040 1813 1270 1876 poterat.
1322 1805 1500 1875 Ipsum
1530 1821 1657 1860 vero
1681 1805 1845 1860 etiam
1880 1805 1943 1859 fi~
1977 1786 2013 1840 Β

379 1915 504 1954 nem
533 1898 675 1970 pesti
722 1898 1039 1966 impositum
1062 1898 1132 1960 ’⁷.
1163 1912 1326 1966 quem
1351 1905 1569 1952 nactum
1595 1897 1729 1953 illud
1755 1897 1946 1952 drama

383 1990 507 2055 fuit,
539 2004 745 2044 meram
777 1989 1159 2060 imposturam,
1185 1999 1555 2059 praetereaque
1583 1990 1716 2043 nihil
1750 1988 1942 2055 fuisse,

377 2083 488 2152 jam
511 2090 671 2138 antea
694 2097 723 2135 ιι
747 2081 908 2137 nobis
935 2089 1020 2136 est
1045 2078 1498 2135 demonstratum.
1542 2077 1646 2134 Sed
1689 2086 1742 2134 et
1763 2078 1946 2135 Achil-

380 2176 450 2231 lis
474 2175 680 2231 umbraa
707 2173 755 2205 ’⁸
789 2172 931 2244 apud
964 2172 1233 2226 tumulum
1267 2171 1438 2242 ipsius
1478 2170 1609 2242 quid
1635 2188 1800 2227 morie
1824 2188 1948 2229 esse

381 2267 577 2338 possit,
606 2265 815 2321 relictis
866 2265 973 2321 illis
1019 2264 1075 2318 in
1106 2265 1391 2319 beatorum
1427 2264 1645 2326 insulis.
1698 2271 1758 2317 ut
1810 2263 1948 2320 forte

382 2361 507 2431 quis
535 2365 776 2421 censeat,
807 2356 1152 2420 habitaculis,
1184 2356 1289 2411 nisi
1323 2356 1426 2410 hoc
1450 2371 1667 2425 quoque
1707 2371 1946 2425 praesen-

382 2451 455 2507 tis
484 2458 667 2505 actum
698 2449 770 2504 sit
807 2447 1070 2502 daemonis
1121 2445 1503 2516 apparitione?
1532 2445 1704 2500 Porro
1745 2445 1949 2500 daemo-

381 2559 530 2607 nem,
560 2544 654 2613 qui
689 2550 1003 2612 protervum
1058 2539 1212 2594 illum
1268 2537 1564 2593 luculentis
1613 2537 1830 2593 indiciis
1860 2537 1949 2591 ob-

383 2633 598 2691 sidebat
628 2631 1029 2687 adolescentem
1054 2628 1123 2695 9°,
1155 2634 1208 2681 et
1232 2640 1450 2681 rursum
1486 2626 1798 2696 Empusam,
1844 2623 1949 2678 La-

384 2726 641 2792 tniamve,
663 2737 825 2793 quam
858 2720 1167 2789 Menippum
1202 2718 1278 2771 ait
1312 2718 1570 2788 agitasse,
1594 2716 1819 2785 majoris
1842 2717 1952 2770 dae-

384 2814 564 2870 monis
612 2827 715 2883 ope
763 2826 887 2866 eum
924 2807 1199 2880 expulisse
1224 2814 1310 2862 est
1339 2805 1674 2861 verosimile.
1710 2805 1951 2860 Pariter-

385 2921 493 2977 que
520 2905 761 2960 vicissim
789 2910 968 2956 mente
991 2907 1198 2955 motum
1228 2898 1628 2953 adolescentem
1659 2897 1835 2952 rabidi
1858 2912 1951 2952 ca—

386 2998 473 3053 nis
503 3010 689 3050 morsu
720 2995 760 3060 ¹,
809 2993 1098 3063 ipsumque
1138 2990 1383 3046 daamone
1415 2997 1730 3060 correptum
1762 3003 1949 3045 canem

387 3089 574 3144 eadem
621 3095 738 3142 arte
783 3085 1012 3140 curavit.
1067 3082 1314 3153 Agnosce
1345 3081 1532 3151 igitur,
1580 3089 1742 3150 prout
1792 3089 1950 3135 antea

387 3180 526 3245 dixi,
562 3177 746 3234 omnia
772 3176 892 3246 ejus
920 3181 1176 3247 portenta
1211 3174 1477 3228 malorum
1518 3173 1822 3229 daemonum
1853 3190 1950 3244 pa-

2040 541 2281 611 εἱληπτο,
2338 541 2415 604 ὡς
2467 544 2629 606 αὐτὸς
2670 543 2887 611 ἔφησεν.
2938 544 3095 608 Ἴσως
3123 545 3180 598 δὲ
3231 547 3325 598 καὶ
3385 545 3520 599 αὐτὸ
3551 545 3608 611 ἐξ

2022 629 2253 700 ’ὁμιλίας
2279 630 2527 701 δαίμονος
2547 631 2694 702 αὐτῷ
2715 649 2917 704 προεμε
2928 635 3144 705 μήνυτο.
3163 636 3275 688 Καὶ
3301 635 3413 708 γὰρ
3432 636 3498 707 δὴ
3516 637 3610 689 καὶ

2040 720 2107 774 τὰ
2162 721 2342 782 λοιπὰ,
2394 723 2494 776 ὅσα
2543 723 2685 776 κατὰ
2736 724 3040 795 πρόγνωσιν
3084 726 3371 797 διειληφώς
3413 744 3474 780 τε
3517 727 3610 780 καὶ

2043 812 2385 884 προειρηκὼς
2435 815 2703 885 εἰσῆκται,
2749 818 2797 868 εί
2854 819 2946 871 καὶ
3005 817 3215 889 μυρίοις
3257 818 3499 889 ἐλέγχοις
3552 819 3610 885 ἐξ

2042 906 2211 976 αὐτῆς
2265 907 2494 977 πάρεστι
2543 908 2642 977 τῆς
2700 907 2796 960 τοῦ
2838 909 3197 980 Φιλοστράτου
3242 910 3463 980 γραφῆς
3516 910 3607 963 εὑ-

2044 996 2242 1061 θύνειν,
2280 998 2427 1068 ὅμως
2457 999 2543 1050 ἵνα
2589 999 2963 1072 συγχωρηθείη
2999 1002 3090 1055 καὶ
3127 1001 3269 1056 τοῦτ’
3297 998 3433 1056 εἶναι
3474 1003 3608 1075 ἀλη-

2043 1088 2152 1152 θὲς,
2190 1088 2329 1142 κατὰ
2370 1091 2657 1161 περίεργον
2693 1092 2953 1164 μηχανὴν,
2989 1093 3191 1164 εἴποιμ’
3218 1094 3283 1150 ἂν
3309 1094 3446 1167 πρὸς
3495 1097 3612 1151 δαί-

2047 1199 2204 1253 μονος
2252 1182 2399 1254 αὐτῷ
2451 1184 2721 1255 παρέδρου
2786 1186 2907 1239 τινὰ
2959 1186 3067 1240 τῶν
3116 1188 3447 1258 μελλόντων,
3489 1189 3609 1242 οὐδὲ

2042 1273 2152 1342 γὰρ
2204 1274 2398 1338 πάντα,
2440 1274 2813 1346 κατειλῆφθαι.
2866 1276 3036 1330 Τοῦτο
3068 1279 3125 1331 δὲ
3179 1281 3475 1351 παρίστησι
3514 1297 3609 1334 σα-

2045 1365 2163 1433 φὲς,
2216 1365 2278 1417 τὸ
2337 1366 2410 1437 μή
2462 1366 2530 1420 δι’
2562 1366 2683 1420 ὅλου
2726 1368 2820 1421 καὶ
2872 1370 2999 1441 περὶ
3053 1372 3268 1425 πάντων
3315 1373 3414 1442 τὴν
3470 1375 3608 1445 πρό-

2044 1468 2243 1519 γνωσιν
2274 1454 2434 1508 αὐτὸν
2477 1455 2807 1521 ἀποσώζειν·
2856 1458 3077 1530 ἀπορεῖν
3117 1460 3173 1514 δὲ
3209 1463 3268 1515 ἐν
3315 1462 3604 1527 πλείστοις,

2045 1543 2140 1595 καὶ
2186 1542 2549 1600 πυνθάνεσθαι
2586 1547 2651 1599 δι’
2694 1547 2936 1616 ἄγνοιαν,
2971 1550 3107 1622 ὅπερ
3136 1551 3235 1604 οὐκ
3264 1550 3350 1617 ἂν,
3380 1554 3429 1605 εί
3460 1553 3609 1616 θείας

2045 1637 2244 1708 ἀρετῆς
2276 1637 2442 1708 μετῆν
2473 1639 2639 1709 αὐτῷ,
2659 1641 2931 1694 πεπόνθοι.
2959 1644 3067 1696 Καὶ
3087 1643 3216 1696 αὐτὸ
3234 1644 3291 1697 δὲ
3316 1644 3376 1697 τὸ
3404 1645 3607 1698 παῦσαι

2042 1728 2136 1782 τὸν
2161 1728 2365 1801 λοιμὸν,
2402 1731 2583 1785 ὁποῖον
2609 1733 2790 1804 εἴληχε
2816 1735 2876 1787 τὸ
2902 1735 3104 1807 δρᾶμα,
3146 1737 3228 1788 ὅτι
3256 1738 3444 1806 φάσμα
3473 1736 3603 1806 (75),

2045 1821 2139 1875 καὶ
2185 1821 2334 1875 οὐδέν
2391 1841 2442 1876 τι
2500 1824 2659 1877 πλέον
2714 1821 2802 1896 ἧν,
2847 1826 3242 1897 προδεδήλωται
3302 1828 3609 1898 (76).Ἁλλὰ

2046 1911 2140 1963 καὶ
2166 1912 2199 1981 ἡ
2231 1909 2374 1982 ψυχή
2411 1911 2520 1979 (Π)
2566 1912 2846 1982 Ἀχιλλέως
2872 1914 3021 1985 παρὰ
3054 1914 3132 1984 τῷ
3164 1916 3329 1969 αὐτοῦ
3372 1918 3607 1989 μνήματι

2044 2000 2098 2052 τί
2137 2001 2203 2053 ἂν
2237 2001 2519 2072 διατρίϐοι,
2553 2003 2650 2067 τὰς
2684 2006 2740 2058 ἐν
2781 2006 3041 2076 μακάρων
3077 2008 3277 2077 νήσοις,
3307 2006 3383 2071 ὡς
3408 2006 3474 2060 ἂν
3507 2009 3607 2078 φή-

2048 2092 2157 2146 σειέ
2193 2111 2275 2157 τις
2306 2093 2436 2165 (78),
2460 2095 2826 2150 ἀπλειποῦσα
2859 2097 2990 2167 (78')
3012 2098 3304 2167 διαγωγὰς,
3334 2101 3383 2152 εί
3415 2099 3488 2171 μή
3517 2101 3603 2153 καὶ

2044 2183 2200 2237 τοῦτο
2245 2184 2495 2255 δαίμονος
2524 2181 2591 2256 ἦν
2641 2187 2957 2255 ἐπιφανείας
3012 2189 3319 2260 παρουσίας
3366 2191 3476 2243 Καὶ
3516 2188 3603 2242 τοῦ

2047 2272 2309 2340 ἀσελγοῦς
2339 2272 2395 2325 δὲ
2442 2274 2726 2345 μειρακίου
2771 2275 2955 2344 σαφῶς
3007 2275 3211 2331 ἐνοικον
3243 2277 3487 2349 δαίμονα,
3517 2280 3605 2331 καὶ

2048 2363 2207 2417 πάλιν
2244 2363 2312 2434 ἣν
2360 2362 2558 2435 ἔφησεν
2594 2366 2913 2435 Ἔμπουσαν
2941 2385 2999 2420 τε
3044 2369 3137 2421 καὶ
3185 2369 3396 2437 Λαμίαν
3442 2371 3604 2438 ἔμπε-

2050 2452 2432 2524 παρῳνηκέναι
2465 2454 2541 2523 τῷ
2569 2455 2857 2526 Μενίππῳ,
2894 2456 3096 2527 μείζονι
3126 2458 3243 2529 τάχ’
3272 2459 3402 2522 ἴσως
3431 2457 3606 2530 ἐξελή-

2048 2545 2178 2599 λακε
2202 2545 2431 2616 δαίμονι.
2449 2547 2673 2617 Ὁμοίως
2691 2565 2749 2601 τε
2777 2544 2843 2601 αὖ
2865 2550 3066 2602 καὶτὸν
3085 2549 3183 2613 τὰς
3207 2550 3406 2620 φρένας
3442 2566 3610 2623 παρα-

2048 2636 2325 2706 τραπέντα
2369 2636 2578 2690 νεανίαν
2625 2637 2730 2690 ὑπὸ
2780 2636 2874 2691 τοῦ
2922 2638 3217 2702 λυττῶντος
3245 2639 3431 2703 κυνὸς,
3458 2642 3612 2694 αὐτόν

2048 2742 2108 2779 τε
2131 2726 2221 2779 τὸν
2250 2726 2584 2796 δαιμονῶντα
2610 2728 2766 2792 κύνα,
2797 2733 2861 2801 τῇ
2891 2732 3027 2802 αὐτῇ
3066 2731 3360 2803 μετήλλαξε
3387 2733 3610 2804 μεθόδῳ.

2054 2815 2195 2886 Ὅρα
2235 2815 2298 2887 δὴ
2329 2812 2443 2881 οὖν,
2475 2817 2550 2881 ὡς
2581 2816 2734 2887 ἔφην,
2780 2819 2878 2890 τὴν
2919 2822 3097 2873 πᾶσαν
3131 2820 3276 2891 αὐτῷ
3317 2821 3614 2893 παραδοξο-

2054 2905 2251 2969 ποιίαν,
2299 2907 2374 2970 ὡς
2432 2908 2518 2961 διὰ
2571 2908 2887 2979 δαιμονικῆς
2936 2911 3247 2964 ἀπετελεῖτο
3296 2913 3609 2984 ὑπουργίας.

2053 2994 2125 3046 Τὸ
2140 2993 2247 3067 γὰρ
2262 2995 2360 3065 τῆς
2388 2996 2763 3067 ἀναὸιωσάσης
2791 2997 2976 3069 κόρης,
3004 3000 3103 3052 εἴτ’
3124 3000 3363 3069 ἔμπνους
3388 3000 3613 3072 ὑπῆρχε,

1979 3132 2020 3188 C
2056 3086 2324 3188 σπινθῆρα
2356 3086 2552 3188 ψυχῆς,
2592 3088 2731 3142 κατὰ
2771 3090 2860 3142 τὸν
2904 3092 3235 3161 συγγραφέα,
3277 3093 3372 3145 καὶ¹
3423 3093 3614 3162 ἰκμάδα

2057 3178 2149 3231 ἐπὶ
2194 3178 2287 3232 τοῦ
2336 3176 2626 3249 προσώπου
2671 3179 2907 3252 φέρουσα
2947 3180 3078 3252 (79),
3112 3182 3489 3253 περιαιρετέον
3523 3183 3615 3252 τῆς

388 3284 531 3333 trata
558 3270 861 3328 ministerio
889 3283 1029 3324 esse.
1060 3265 1192 3321 Nam
1216 3265 1362 3336 quod
1385 3265 1451 3319 ad
1484 3265 1717 3336 puellam
1740 3273 1949 3336 spectat

2056 3268 2498 3340 θαυματοποιίας.
2518 3274 2592 3325 Οὐ
2618 3270 2726 3344 γὰρ
2749 3271 2837 3336 ἂν,
2863 3271 2937 3334 ὡς
2961 3275 3054 3326 καὶ
3075 3273 3306 3345 πρόσθεν
3332 3274 3473 3346 ἔφην
3487 3274 3612 3343 (8ο),

389 3368 459 3424 ab
488 3364 678 3422 inferis
706 3368 1016 3419 revocatam
1046 3359 1091 3424 ’,
1126 3358 1172 3413 si
1194 3358 1457 3429 spiritum
1492 3357 1671 3412 adhuc
1700 3372 1762 3413 ea
1803 3359 1949 3415 intus

2060 3363 2234 3433 σιωπῇ
2264 3361 2326 3415 τὸ
2372 3364 2684 3433 τηλικοῦτον
2724 3365 3016 3438 παρεδόθη,
3058 3367 3145 3421 ἐπ’
3186 3367 3359 3440 αὐτῆς
3410 3364 3615 3438 Ῥώμης

388 3457 646 3521 habebat,
676 3453 858 3510 vitalis
891 3464 1035 3506 aurae
1067 3448 1384 3512 scintillam,
1410 3445 1556 3516 quod
1587 3447 1662 3500 ait
1692 3446 1948 3518 scriptor,

2060 3449 2321 3521 βασιλέως
2352 3454 2442 3507 ἐπὶ
2463 3454 2725 3527 παρόντος
2751 3459 3130 3530 γεγενημένον.

388 3552 785 3620 humidumque
823 3560 1076 3619 vaporem
1112 3545 1250 3599 facie
1298 3541 1477 3597 adhuc
1529 3540 1862 3611 praeferens;
1898 3542 1952 3596 id
1989 3544 2209 3613 quidem
2275 3564 2504 3604 numero
2567 3550 2954 3607 miraculorum
2986 3560 3071 3608 est
3098 3552 3468 3609 eximendum.
3515 3549 3615 3605 Ne-

388 3662 498 3720 que
519 3643 686 3709 enim,
753 3641 896 3697 sicut
920 3646 975 3694 et
1008 3646 1132 3692 ante
1159 3635 1367 3698 monui,
1401 3640 1512 3687 tam
1545 3632 1749 3703 grande
1807 3632 2025 3689 facinus
2068 3637 2282 3694 silentio
2325 3640 2593 3710 potuisset
2643 3643 2877 3705 involvi,
2911 3645 2966 3698 in
3020 3645 3139 3714 ipsa
3182 3644 3317 3699 urbe
3350 3641 3533 3698 Romae
3561 3641 3610 3695 in

391 3744 686 3810 conspectu
712 3733 870 3805 quasi
900 3730 1246 3802 imperatoris
1277 3735 1573 3798 patratum.

831 3876 989 3950 535
1027 3873 1259 3932 CAPUT
1298 3868 1541 3929 χχχιιι.

465 3994 725 4066 Equidem
760 3992 865 4045 alia
893 3993 1177 4045 innumera
1198 4004 1265 4043 ex
1294 3986 1485 4041 iisdem
1516 3983 1671 4040 libris
1698 3984 1956 4055 colligere

394 4088 600 4150 liceret,
633 4084 833 4156 quibus
854 4096 1017 4152 quam
1050 4080 1211 4135 facile
1240 4077 1516 4133 confutari
1545 4084 1768 4147 queant,
1794 4091 1955 4148 quam

392 4192 585 4253 parum
621 4175 852 4231 invicem
898 4174 1004 4230 sibi
1050 4169 1439 4240 respondentia
1484 4168 1740 4232 habeant,
1793 4183 1956 4239 quam

394 4271 504 4326 sint
528 4269 796 4332 fabulosa,
836 4280 999 4335 quam
1023 4264 1181 4336 plena
1209 4261 1469 4316 monstris
1496 4260 1833 4315 evincamus.
1863 4258 1960 4312 At-

394 4371 574 4420 tamen
598 4358 1036 4434 quandoquidem
1068 4371 1178 4412 non
1198 4348 1468 4408 accurato
1500 4351 1666 4407 nimis
1696 4350 1958 4406 adversus

392 4453 668 4510 hominem
695 4450 878 4507 studio
902 4448 1062 4504 nobis
1081 4461 1220 4518 opus
1243 4451 1362 4510 est;
1394 4442 1540 4512 quod
1567 4448 1781 4497 tantum
1815 4439 1958 4495 absit

2565 3872 2954 3926 ΚΕΦΑΛΑΙΟΝ
2987 3873 3123 3940 Aq'.

2131 3983 2312 4055 Μυρία
2345 3985 2440 4055 μὲν
2470 3980 2562 4038 οὖν
2594 3985 2687 4038 καὶ
2724 3985 2856 4039 ἄλλα
2901 3987 3161 4057 πάρεστιν
3199 3987 3264 4039 ἐκ
3306 3986 3417 4040 τῶν
3445 3985 3612 4041 αὐτῶν

2063 4073 2422 4141 ἀναλέξασθαι
2467 4078 2930 4148 συγγραμμάτων,
2997 4076 3057 4129 τό
3093 4093 3152 4130 τε
3198 4079 3254 4130 ὲν
3310 4078 3498 4140 αὐτοῖς
3533 4077 3611 4130 ea.

2063 4166 2334 4235 έλεγκτον,
2366 4169 2459 4221 καὶ
2482 4168 2799 4233 ἀσύστατον,
2830 4167 3069 4239 μυθῶδές
3100 4185 3158 4221 τε
3197 4168 3292 4222 καὶ⁸
3328 4167 3611 4241 τερατῶδες

2026 4298 2031 4303 .
2062 4257 2407 4312 ἀπευθύνεινο
2446 4259 2593 4331 ὅμως
2628 4259 2747 4312 ἐπεί
2787 4276 2848 4327 γε
2879 4259 2997 4312 οὐδὲ
3033 4257 3231 4330 πολλῆς
3260 4258 3333 4312 τὰ
3369 4257 3506 4314 κατὰ
3529 4257 3609 4312 τὸν

2062 4350 2228 4422 ἄνδρα
2256 4350 2422 4403 δεῖται
2463 4349 2920 4418 σπουδαιολογίας,
2945 4351 3043 4421 οὐχ
3069 4351 3151 4404 ὃτι
3179 4367 3240 4420 γε
3264 4352 3325 4403 ὲν
3346 4350 3502 4414 θεοῖς,
3525 4348 3610 4403 καὶ

2062 4441 2400 4513 παραδόξοις,
2435 4442 2529 4494 καὶ
2567 4440 2904 4512 θαυμασίοις,
2938 4441 3050 4495 ἀλλ’
3091 4442 3199 4495 οὐδ’
3238 4445 3297 4495 ὲν
3323 4440 3609 4511 φιλοσόφοις

393 4556 458 4600 ιιι
511 4544 652 4598 inter
697 4542 830 4597 deos
878 4537 1245 4610 stupendosve
1309 4535 1456 4590 viros
1502 4540 1558 4587 et
1609 4520 1949 4587 admirandos

2064 4534 2215 4606 παρά
2242 4549 2353 4586 τισι
2382 4532 2488 4586 τῶν
2515 4532 2610 4586 νῦν
2656 4534 2875 4605 μνήμης
2908 4531 3261 4605 ὑπαρχούσης
3297 4532 3482 4599 αὑτοῦ,
3512 4534 3606 4592 τοῖς

396 4630 576 4709 {locus
608 4633 710 4703 ipsi
747 4628 1061 4701 habeatur],
1098 4638 1155 4684 ut
1186 4642 1254 4682 ne
1288 4625 1430 4680 inter
1461 4621 1814 4692 philosophos
1832 4621 1958 4689 qui-

395 4725 523 4783 dem
552 4740 583 4779 a
608 4723 934 4793 quibusdam
971 4720 1140 4775 nostri
1166 4718 1266 4773 aevi
1289 4716 1603 4772 hominibus
1622 4713 1826 4768 mentio
1839 4712 1961 4781 ejus

401 4816 526 4884 ﬂat;
561 4816 768 4875 idcirco
797 4814 865 4869 iis
898 4811 1140 4867 contenti
1170 4824 1291 4879 qua:
1313 4807 1457 4862 dicta
1488 4812 1640 4868 sunt,
1674 4804 1741 4858 ad
1788 4803 1956 4872 septi-

396 4923 549 4963 mum
575 4922 791 4978 quoque
811 4907 878 4961 de
905 4920 969 4959 eo
1001 4904 1199 4958 librum
1228 4897 1633 4972 progredimur.

2062 4623 2364 4696 είρημέιιοις
2401 4623 2776 4695 ἀρκεσθέντες,
2809 4623 3080 4695 μετίωμεν
3115 4623 3211 4678 καὶ
3248 4624 3345 4678 ἐπὶ
3380 4625 3444 4679 τὸ
3482 4621 3609 4678 ἐϐδο-

2067 4732 2165 4786 μον
2195 4716 2324 4787 περὶ
2351 4714 2516 4768 αὑτοῦ
2547 4714 2903 4787 σύγγραμμα.

464 5020 514 5061 ⁸⁷
552 5024 647 5081 lib.
683 5041 769 5089 tv,
802 5037 851 5078 c.
884 5022 973 5077 lo.
1006 5022 1093 5053 "3
1133 5020 1227 5075 lib.
1262 5033 1351 5086 ιν,
1384 5031 1435 5073 c.
1468 5014 1556 5070 16.
1630 5015 1675 5045 "
1720 5012 1811 5066 lib.
1847 5025 1936 5074 tv,

2052 5007 2143 5065 20.
2231 5007 2248 5038 ³
2289 5005 2385 5060 lib.
2421 5020 2508 5070 vl,
2545 5018 2596 5059 c.
2630 5003 2718 5060 55.
2796 5003 2818 5035 ²
2855 5001 2951 5057 lib.
2990 5017 3077 5066 tv,
3108 5014 3161 5056 c.
3189 5000 3282 5055 45.

467 5158 582 5231 (75)
893 5154 1030 5212 Vide
1071 5155 1141 5211 de
1180 5155 1282 5209 hac
1312 5167 1446 5208 voce
1469 5152 1756 5206 observata
1792 5160 1957 5217 supra

398 5228 1088 5368 ωδὲἭῗοῗδεδήλωται.
1126 5295 1332 5368 Nempe
1365 5292 1527 5368 paulo
1551 5298 1677 5368 ante
1714 5303 1835 5368 cap.
1863 5283 1955 5368 ἳθ.

496 5298 583 5353 Ἱίῖ
622 5298 1088 5368 Προδεδήλωται.
1126 5298 1332 5363 Nempe
1365 5298 1527 5362 paulo
1551 5298 1677 5344 ante
1714 5303 1835 5359 cap.
1863 5298 1955 5339 τι).

470 5298 730 5443 ξπζηιςαι
756 5370 794 5443 gi
822 5368 1013 5443 ψυχή.
1037 5367 1162 5443 *Καὶ
1189 5367 1270 5419 ὅτι
1293 5367 1326 5435 ή
1357 5363 1501 5443 ψυχή
1533 5361 1736 5416 editum
1761 5359 1965 5443 fuerat;

396 5433 491 5489 en‘
516 5433 869 5506 rejiciendum
911 5433 1215 5497 videbatur,
1248 5433 1394 5504 quod
1436 5434 1499 5506 i_n_
1524 5445 1629 5485 ms.
1660 5444 1727 5506 ex
1755 5442 1960 5506 praece-

397 5499 732 5563 dente'linea
763 5509 834 5563 ab
854 5509 1123 5563 oscitante
1166 5499 1395 5561 librario
1414 5502 1627 5556 videtur
1654 5499 1956 5552 derivatum

402 5590 598 5715 8523.8)
638 5642 731 5708 Ὠς
759 5643 837 5698 ἂν
871 5644 1083 5713 φήσειέ
1113 5660 1219 5710 τις.
1262 5641 1387 5715 Haec
1436 5637 1816 5715 “dignm-md
1875 5635 1960 5715 in-

397 5708 886 5777 sulas'beatorum;
917 5708 971 5767 et
1003 5715 1059 5768 in
1093 5715 1159 5769 iis
1176 5708 1523 5767 habitantem
1567 5708 1792 5763 Achillis
1838 5708 1971 5781 ani-‘

2062 5159 2229 5206 mam,
2250 5157 2358 5197 non
2389 5141 2503 5211 ipse
2528 5138 2750 5210 quidem
2780 5144 3045 5209 agnoscat
3071 5132 3476 5211 Eusebius,sed
3501 5125 3603 5211 κατ’

2062 5201 2345 5284 ἄνθρωπον
2375 5201 2649 5284 loquatur,
2678 5224 2748 5263 ex
2776 5201 2955 5284 mente
2975 5207 3297 5284 gentilium,
3318 5205 3529 5284 heroem
3551 5201 3601 5251 il-

2066 5272 2180 5336 luni
2214 5282 2268 5335 in
2302 5272 2498 5336 insulis
2530 5272 2809 5334 beatorum
2846 5272 3105 5333 felicitate
3137 5276 3243 5330 frui
3276 5276 3435 5344 juxta
3469 5272 3599 5324 theo-

2060 5354 2216 5424 logia;
2244 5366 2356 5424 suae
2389 5352 2584 5420 placita
2614 5350 3073 5424 esistirnantium.‘
3187 5413 3213 5424 _

2158 5421 2266 5492 78f)
2301 5411 2763 5492 Ἀσὲολειποῇονω
2791 5418 2932 5492 Lege
2950 5411 3551 5492 derelinquamlintmw

2158 5431 2266 5492 78')
2301 5431 2763 5475 Ἀπολειπουσα.
2793 5431 2932 5487 Lege
2950 5431 3311 5470 απολιπουσα.
3340 5431 3512 5489 nam.
3539 5476 3551 5489 ο

2133 5431 2247 5563 ἓ79)
2284 5490 2573 5563 Φέρουσα.
2612 5488 3009 5563 Ρτολφέρουσαν
3026 5485 3192 5555 (quod
3216 5489 3335 5537 erat
3360 5483 3413 5536 in
3435 5475 3591 5545 editis)

2060 5556 2372 5633 leg'ent'lum'
2390 5562 2651 5633 putabant
2679 5556 2935 5633 φέρουσα.
2969 5556 3239 5633 Ηοξετειι.

2133 5620 2245 5703 (80)
2293 5620 2513 5698 Ὠς-’και
2538 5620 2803 5699 πρόοίθέν
2821 5627 2995 5698 ἔφην.
3039 5623 3213 5695 Supra
3244 5636 3364 5693 cap.
3388 5620 3471 5675 29.
