3830 6260
441 340 538 397 851

973 450 1204 506 CAPUT
1242 450 1483 506 XXXIX.

515 564 769 623 Historia:
799 571 978 618 autem
1014 563 1190 634 ipsius
1225 565 1484 635 scriptor,
1518 563 1645 618 dum
1680 563 2001 618 miraculum

439 658 492 712 in
542 671 764 713 carcere
813 662 1087 725 patratum
1132 658 1389 727 exponit,
1435 657 1579 726 quod
1614 654 1740 710 fuco
1770 656 2002 725 phanta-

441 750 571 813 siaa,
604 756 663 802 ut
694 747 918 803 credere
948 762 1049 818 par
1080 759 1194 816 est,
1237 748 1418 815 iacto,
1456 749 1742 804 familiaris
1776 748 2001 819 Spiritus

436 855 537 910 ope
568 839 753 895 Damis
785 840 1030 907 viderat,
1060 841 1176 897 hac
1204 843 1372 898 verba
1403 843 1684 913 subjungit
1713 842 1733 874 °
1767 858 1779 893 :
1808 861 1826 891 ι
1861 839 1999 895 Tum

438 930 671 999 primum
713 929 900 985 Damis
941 932 1016 985 ait
1059 940 1310 987 naturam
1355 933 1624 1002 Apollonii
1685 931 2001 987 accuratius

435 1021 825 1091 perspexisse,
867 1021 1051 1078 divina
1095 1022 1243 1092 quod
1291 1024 1397 1086 sit,
1432 1031 1488 1078 et
1521 1023 1757 1078 humana
1802 1022 1996 1091 major.

441 1107 628 1179 Neque
669 1110 812 1165 enim
857 1125 1014 1167 sacra
1059 1111 1170 1165 ulla
1215 1112 1506 1166 obeuntem
1589 1109 1713 1181 (qui
1755 1108 1901 1164 enim
1942 1108 1998 1161 in

437 1216 664 1257 carcere
715 1201 1099 1273 potuisse”),
1126 1217 1303 1271 neque
1348 1201 1753 1272 precationibus
1802 1216 1995 1265 usum,

432 1308 610 1364 neque
658 1295 886 1349 verbum
936 1293 1303 1365 proferentem
1350 1293 1556 1355 ullum,
1597 1291 1820 1361 pedicas
1863 1306 2000 1346 con-

433 1387 661 1457 temptui
705 1386 1008 1443 habuisse:
1051 1399 1360 1455 rursusque
1402 1398 1565 1439 crure
1600 1383 1709 1438 illis
1737 1384 1986 1447 inserto,

433 1483 493 1529 ut
537 1475 772 1530 vinculis
814 1474 908 1545 qui
943 1480 1089 1531 esset
1122 1474 1493 1536 constrictus,
1527 1488 1648 1529 sese
1678 1470 1933 1542 gessisse.
1970 1488 1990 1521 ι

432 1563 546 1633 Ego
602 1579 732 1620 vero
782 1564 915 1621 vitio
971 1571 1179 1620 vertere
1228 1562 1446 1633 quidem
1501 1561 1772 1631 discipulo
1826 1559 1995 1614 nolim

432 1655 741 1712 tarditatem
788 1670 978 1722 suam,
1024 1655 1170 1726 quod
1204 1670 1364 1710 omne
1393 1669 1516 1709 cum
1557 1669 1624 1708 eo
1667 1666 1995 1708 consumens

429 1762 633 1811 aevum,
662 1754 716 1802 et
746 1748 1252 1817 superstitiosorum
1281 1745 1646 1816 quorumdam
1679 1744 1880 1798 rituum
1909 1743 1993 1796 in-

1073 333 1337 392 EUSEBII
1369 332 1847 391 CESARIENSIS
1878 332 2028 390 OPP.
2065 330 2245 388 PARS
2282 332 2347 389 ll.
2386 364 2459 375 —
2495 333 2993 392 APOLOGETICA.

3561 338 3651 394 85‘!

2618 454 3014 507 ΚΕΦΑΔΔῙΟΝ
3048 453 3173 508 AG’.

2187 566 2244 619 '0
2275 565 2372 636 μὲν
2400 561 2492 620 οὖν
2531 568 2875 637 συγγραφεὺς
2896 568 2991 620 ἐπὶ
3020 567 3115 621 τοῦ
3146 567 3286 621 κατὰ
3309 565 3370 619 τὸ
3392 567 3655 639 δεσμωτης

2106 675 2220 729 ριον
2244 657 2537 729 θαύματος,
2572 659 2712 713 κατὰ
2745 660 3070 728 φαντασίαν,
3096 661 3171 724 ὡς
3195 660 3391 723 ἔοικεν,
3433 660 3534 713 ὑπὸ
3566 662 3652 713 τού

2106 748 2372 820 παρέδρου
2398 750 2651 819 δαίμονος
2691 749 2769 820 τῷ
2809 750 3001 821 Δάμιδι
3038 751 3355 822 ὲωραμένου
3374 790 3391 814 ,
3419 750 3650 821 ἐπιφέρει

2101 838 2271 908 λέγων
2290 857 2302 869 ·
2329 858 2347 890 ι
2376 840 2508 893 Τότε
2555 840 2768 910 πρῶτον
2796 842 2825 893 ὁ
2853 842 3025 911 Δάμις
3064 841 3225 910 φησὶν
3263 839 3501 912 ἀκριϐῶς
3544 840 3650 904 ξυν-

2099 928 2237 986 εῖναι
2275 934 2373 1003 τῆς
2407 932 2759 986 Ἀπολλωνίου
2802 932 3042 1002 φύσεως,
3088 934 3169 985 δτι
3209 932 3329 985 θεία
3358 950 3418 985 τε
3458 932 3539 1001 εἴη
3567 935 3650 985 καὶ

2102 1027 2362 1098 κρείττων
2390 1025 2694 1097 ἀνθρώπου.
2726 1025 2811 1096 Μή
2837 1027 2946 1096 γὰρ
2986 1024 3223 1078 θύσαντα
3269 1041 3324 1077 τι
3363 1023 3470 1093 (87)
3519 1023 3650 1093 (1:0;

2100 1117 2209 1187 γὰρ
2232 1118 2288 1169 ὲν
2315 1116 2667 1187 δεσμωτηρίῳ
2686 1116 2747 1186 ;),
2780 1116 2911 1187 μηδὲ
2943 1115 3261 1186 εὐξάμενον,
3288 1115 3423 1186 μηδὲ
3445 1114 3649 1167 εἰπόντα

2099 1224 2171 1273 τι,
2200 1207 2564 1277 καταγελάσαι
2589 1207 2682 1260 τοῦ
2719 1206 2918 1277 δεσμοῦ
2938 1246 2953 1270 ,
2988 1208 3081 1260 καὶ¹
3114 1205 3488 1278 ὲναρμόσαντα
3516 1203 3650 1275 αὐτῷ

2096 1299 2157 1351 τὸ
2186 1299 2377 1362 σκέλος
2407 1297 2477 1352 τὰ
2509 1298 2604 1352 τοῦ
2647 1298 2924 1368 δεδεμένου
2954 1298 3230 1369 πράττειν.
3262 1316 3281 1347 ι
3320 1295 3461 1364 Ἐγὼ
3491 1296 3544 1349 δὲ
3565 1295 3644 1349 οὖν

2100 1390 2214 1441 ποτ’
2242 1388 2307 1441 ἂν
2340 1389 2667 1458 καταγνοίην
2710 1387 3012 1459 βραδύτητα
3041 1386 3135 1438 τοῦ
3182 1385 3458 1456 φοιτητοῦ,
3486 1387 3531 1437 εί
3568 1384 3649 1438 τὸν

2099 1480 2276 1532 πάντα
2316 1478 2430 1549 βίον
2477 1477 2649 1532 συνὼν
2681 1478 2859 1549 αὐτῷ,
2898 1479 2992 1531 καὶ
3030 1477 3118 1530 διά
3160 1493 3321 1530 τινων
3360 1464 3653 1546 περιέργων

2096 1569 2235 1640 όρῶν
2264 1571 2425 1623 αὐτὸν
2462 1570 2823 1624 ἀποτελοῦντα
2851 1570 2918 1623 τὰ
2960 1567 3255 1641 παράδοξα,
3289 1569 3442 1621 οὐδέν
3474 1585 3523 1620 τι
3552 1568 3651 1620 δια-

2098 1659 2281 1729 φέρειν
2335 1660 2499 1713 αύτὸν
2535 1663 2715 1731 ἡγεῖτο
2745 1661 2841 1730 τῆς
2882 1660 3080 1730 θνητῆς
3123 1658 3352 1728 φύσεως.
3409 1656 3542 1710 Ἀλλ’
3580 1656 3650 1710 ἔτι

2099 1751 2192 1804 καὶ
2220 1750 2314 1804 νῦν
2344 1751 2481 1823 μετὰ
2516 1752 2782 1822 τοσαύτην
2810 1751 3250 1822 θαυματουργίαν
3273 1750 3341 1802 τὰ
3365 1750 3486 1801 κατ’
3509 1750 3649 1801 αὑτὸν

430 1847 679 1894 terventu
718 1839 991 1895 mirabilia
1023 1854 1147 1894 eum
1187 1847 1402 1909 patrare
1436 1837 1628 1892 videns
1649 1875 1664 1897 ,
1701 1836 1836 1890 nihil
1869 1850 1985 1890 eum

2095 1841 2309 1909 ἀγνοεῖ·
2344 1804 2575 1905 εἰκότως
2599 1804 2655 1895 δὲ
2693 1804 3036 1912 ἀγωνιᾷ.κα“ι
3074 1804 3211 1894 δέδιε
3240 1840 3371 1911 (88),
3416 1841 3491 1903 ὡς
3528 1840 3651 1910 ὑπὲρ

428 1932 644 1986 mortali
677 1942 939 2001 praestare
964 1939 1162 1985 natura
1200 1929 1547 1985 existimarit.
1578 1931 1647 1982 At
1675 1944 1804 1983 vero
1831 1928 1985 1981 etiam

2094 1932 2401 2003 ἀνθρώπου,
2439 1937 2510 2006 μή
2547 1953 2598 1987 τι
2646 1935 2806 1988 πάθοι
2853 1935 3003 2006 παρὰ
3044 1933 3382 2005 προαίρεσιν.
3413 1934 3476 1985 Εἰ
3507 1932 3558 1984 δὲ
3595 1931 3649 2002 δὴ

427 2032 552 2094 post
605 2031 813 2078 tantum
861 2040 1001 2095 opus
1042 2031 1354 2093 patratum,
1400 2022 1581 2091 qualis
1625 2022 1716 2076 ille
1760 2021 1985 2083 existat,

2094 2023 2307 2094 πρῶτον
2336 2025 2458 2094 ἄρτι
2498 2025 2636 2095 μετὰ
2676 2026 2775 2095 τὴν
2807 2024 3074 2095 τοσαύτην
3113 2022 3392 2095 διατριϐὴν
3419 2063 3434 2086 ,
3476 2024 3552 2076 ὅτι
3593 2022 3648 2091 δὴ

428 2117 681 2187 ignorat:
712 2125 802 2182 et,
848 2128 905 2172 ut
948 2117 1030 2171 fas
1078 2117 1151 2172 sit
1197 2115 1502 2186 ignoranti,
1533 2115 1603 2169 oh
1634 2115 1810 2184 ipsum
1842 2113 1985 2183 angi-

2094 2111 2235 2175 θείος
2260 2112 2343 2183 εἴη
2386 2115 2480 2165 καὶ
2525 2114 2835 2185 κρείττονος
2864 2114 3149 2186 ἀνθρώπου
3186 2114 3424 2182 φύσεως,
3460 2112 3648 2183 ξυνίησι

428 2219 535 2272 tur,
567 2219 728 2282 atque
753 2213 941 2279 timet,
971 2211 1194 2283 perinde
1223 2226 1285 2264 ac
1315 2211 1359 2264 si
1390 2214 1552 2264 homo
1578 2207 1649 2263 sit
1679 2206 1859 2263 nudus
1881 2248 1894 2270 ,
1925 2221 1985 2260 ne

2094 2206 2187 2277 τὴν
2212 2206 2399 2259 τούτου
2424 2207 2648 2273 ξυνιδεῖν
2673 2208 2819 2273 ἄξιον
2856 2209 3056 2273 αἰτίαν,
3080 2212 3145 2281 ἦν
3174 2211 3331 2272 αὐτὸς
3369 2213 3399 2264 ό
3434 2226 3650 2279 συγγρα-

426 2304 554 2373 quid
582 2304 631 2359 ei
653 2345 668 2367 ,
697 2303 844 2374 quod
873 2304 1098 2358 minime
1122 2302 1288 2368 velit,
1319 2302 1558 2357 eveniat.
1588 2297 1762 2353 Porro
1787 2299 1834 2354 si
1870 2304 1985 2365 post

2094 2301 2223 2368 ιρεὺς
2248 2300 2398 2372 δηλοί
2426 2301 2596 2369 λέγων
2614 2318 2626 2331 ο
2663 2320 2681 2353 ι
2706 2302 2797 2373 Μὴ
2831 2302 2938 2374 γὰρ
2968 2303 3206 2357 θύσαντα
3228 2321 3303 2366 τι,
3333 2304 3473 2374 μηδὲ
3507 2304 3650 2355 ἐπευ-

428 2397 638 2465 longam
674 2394 811 2450 adeo
840 2393 1314 2464 conversationem
1342 2391 1560 2446 demum
1590 2389 1835 2444 divinum
1865 2402 1985 2442 eum

2094 2390 2352 2461 ξάμενον,
2402 2392 2534 2462 μηδέ
2578 2411 2631 2445 τι
2677 2393 2785 2446 τῶν
2832 2394 3156 2466 ἀπορρήτων
3201 2395 3495 2466 sipr‘xdra,
3539 2414 3557 2444 ι
3599 2393 3651 2445 τὸ

423 2500 545 2541 esse
564 2525 580 2549 ,
609 2492 665 2540 et
690 2484 1125 2549 excellentioris,
1157 2498 1319 2554 quam
1352 2482 1588 2536 humana
1616 2479 1719 2543 sit,
1754 2477 1985 2541 indolis,

2094 2484 2388 2554 παρῶοξον
2421 2487 2550 2539 ἰδεῖν
2574 2486 2736 2542 αὑτὸν
2776 2488 3133 2558 πεποιηκότα.
3177 2488 3385 2541 Οὐκοῦν
3425 2488 3499 2540 ’τὰ
3537 2486 3649 2557 πρό-

425 2576 689 2631 intellexit
715 2594 730 2643 ;
764 2576 881 2645 ejus
914 2576 990 2631 rei
1022 2576 1159 2631 ratio
1187 2582 1427 2630 meretur
1455 2570 1795 2635 examinari,
1826 2584 1985 2640 quam

2094 2592 2243 2648 τερον
2265 2576 2353 2629 διὰ
2393 2579 2688 2649 περιέργου
2723 2579 2970 2650 μηχανῆς
2993 2579 3227 2633 ἐτελεῖτο
3250 2579 3327 2649 τῷ
3362 2580 3546 2650 ἀνδρί·
3583 2577 3648 2629 διὸ

425 2670 541 2739 ipse
590 2669 827 2738 scriptor
878 2668 968 2722 ille
1020 2666 1230 2721 indicat
1282 2667 1470 2721 dicens
1501 2684 1515 2719 :
1546 2683 1564 2715 ι
1596 2662 1783 2732 Neque
1834 2675 1985 2714 sacra

2094 2667 2225 2737 μηδὲ
2253 2667 2725 2738 καταπλήττεσθαι
2760 2668 2899 2721 αὐτὰ
2932 2669 3066 2739 μηδὲ
3103 2668 3404 2740 θαυμάζειν
3440 2670 3531 2723 τὸν
3560 2668 3648 2719 Δα-

421 2762 711 2816 obeuntem
753 2775 878 2815 enm
926 2760 1071 2821 ulla,
1118 2773 1295 2827 neque
1334 2756 1745 2827 precationibus
1786 2768 1984 2815 usum,

424 2868 598 2923 neque
634 2852 821 2906 arcani
859 2851 1153 2921 quidquam
1191 2852 1567 2906 mussitantem
1600 2868 1618 2900 ›
1648 2847 1839 2900 Damin
1878 2846 1981 2899 mi-

421 2946 666 3001 raculum
700 2945 844 3001 istud
880 2955 1095 3015 patrare
1122 2944 1347 2998 vidisse.
1375 2944 1546 2996 Antea
1578 2942 1742 3009 igitur
1773 2948 1986 3009 patrata

422 3053 521 3109 per
562 3038 801 3109 magicas
848 3044 995 3093 artes
1036 3035 1300 3106 quasdam
1340 3035 1409 3089 ab
1445 3035 1734 3103 Apollonio
1761 3042 1984 3102 peiacta

422 3132 603 3195 l'uere,
639 3140 1038 3200 proptereaque
1078 3143 1258 3196 neque
1297 3127 1647 3196 obstupuisse
1672 3141 1769 3186 ea,
1803 3142 1983 3195 neque
2009 3153 2056 3213 ο

420 3224 747 3281 admiratum
778 3237 899 3277 esse
927 3220 1120 3274 Damin
1151 3218 1295 3291 [ait].
1342 3218 1535 3273 Merito
1564 3227 1744 3272 autem
1779 3215 1863 3288 [ut
1891 3216 1982 3270 ad-

420 3313 731 3386 miraretur]
765 3329 907 3368 nunc
935 3312 1168 3384 primum
1203 3313 1251 3366 ei
1282 3310 1498 3375 evenit,
1526 3308 1672 3378 quod
1699 3308 1980 3363 insolitum

419 3404 551 3472 quid
600 3405 668 3458 ab
710 3404 1000 3475 Apollonio
1047 3411 1101 3458 et
1153 3411 1349 3472 przeter
1393 3416 1601 3455 morem
1650 3399 1975 3454 eﬂiceretur.

418 3497 572 3562 Quod
620 3504 799 3551 autem
836 3495 1147 3568 [objectum
1179 3493 1427 3566 Damidi]
1462 3492 1666 3562 pedica:
1693 3500 1982 3561 spectacu-

419 3591 526 3642 lum
577 3589 804 3650 attinet,
849 3587 1269 3656 discessumque
1310 3600 1376 3640 ex
1423 3583 1753 3645 dieasterio,
1802 3580 1980 3650 ipsius

415 3695 478 3733 ea
516 3680 584 3734 de
623 3694 682 3734 re
718 3677 987 3747 Apollonii
1024 3677 1089 3731 ad
1123 3676 1485 3730 Domitianum
1518 3688 1801 3729 sermones
1830 3670 1977 3725 haud

417 3770 619 3824 invitus
650 3783 939 3839 apponam.
968 3764 1217 3821 Vinculis
1262 3767 1409 3821 enim
1457 3781 1583 3820 cum
1634 3764 1787 3818 illum
1820 3761 1977 3832 ligari

414 3864 708 3930 imperator
729 3860 1020 3928 jussisset,
1049 3858 1255 3928 optimo
1284 3856 1702 3925 argumentandi
1730 3871 1871 3910 nexu
1904 3855 1977 3907 ita

414 3951 733 4023 Apollonius
754 3958 1041 4021 argutatus
1087 3950 1189 4005 fuit
1219 3951 1262 3982 “
1289 3969 1300 4003 ε
1336 3968 1355 4000 ι
1388 3948 1446 4004 Si
1493 3963 1709 4019 magum
1740 3963 1824 4001 me
1856 3961 1979 4001 esse

412 4043 734 4108 arbitraris,
785 4056 1020 4111 quanam
1072 4043 1284 4097 ratione
1332 4041 1585 4095 vincies?
1625 4038 1722 4094 Sin
1769 4039 1978 4092 vincire

412 4151 498 4191 me
527 4137 730 4207 poteris
750 4176 765 4200 ,
796 4135 1067 4207 quomodo
1108 4150 1231 4190 esse
1274 4148 1489 4203 magum
1530 4131 1789 4202 putabis?
1821 4149 1837 4179 ο
1871 4127 1977 4183 Sed

410 4242 682 4297 opponere
723 4228 827 4298 ipsi
862 4229 964 4283 hoc
1009 4226 1169 4281 modo
1200 4224 1400 4294 aliquis
1440 4233 1644 4294 posset,
1690 4222 1976 4277 occasione

408 4335 473 4374 ex
502 4320 623 4376 istis
647 4328 866 4391 accepta
893 4340 905 4375 :
939 4299 1088 4374 Si'tu
1116 4333 1306 4387 magus
1332 4331 1440 4370 non
1467 4332 1548 4378 es,
1576 4313 1852 4385 quomodo
1877 4312 1976 4367 tibi

408 4422 539 4464 crus
564 4419 647 4464 est
672 4409 910 4463 solutum
933 4408 1045 4462 ?At
1077 4406 1122 4463 si
1152 4407 1390 4463 solutum
1414 4414 1497 4461 est
1514 4445 1528 4469 ,
1562 4403 1836 4475 quomodo
1864 4417 1973 4456 non

405 4517 466 4556 es
493 4501 725 4573 magus?
750 4501 918 4572 Sique
940 4502 1077 4556 adeo
1101 4516 1167 4557 eo
1192 4497 1337 4571 quod
1365 4499 1419 4554 in
1448 4498 1661 4553 vincula
1690 4513 1748 4551 se
1774 4494 1973 4565 conjici

2091 2776 2204 2827 μιν.
2227 2759 2467 2823 Εἰκότως
2494 2759 2547 2812 δὲ
2571 2759 2664 2813 νῦν
2688 2760 2846 2813 τοῦτο
2867 2760 3083 2832 πρῶτον
3106 2760 3488 2825 πέπονθεν,ὠς
3515 2761 3645 2824 ξένου

2085 2847 2227 2911 τινὸς
2243 2849 2332 2900 ὑπ’
2348 2849 2510 2901 αὑτοῦ
2534 2850 2680 2921 παρᾶ
2696 2850 2764 2903 τὰ
2786 2851 2986 2922 συνήθη
3007 2851 3507 2923 διαπεπραγμένου.
3522 2849 3645 2920 Πρὸς

2084 2939 2144 2993 τὸ
2163 2941 2368 3011 δειχθὲν
2393 2943 2448 2994 δὲ
2465 2942 2557 2995 τοῦ
2580 2943 2777 3013 δεσμοῦ
2802 2945 3012 3014 φάσμα,
3031 2946 3124 2997 καὶ
3144 2944 3241 3015 τὴν
3266 2944 3374 2996 ἀπὸ
3391 2942 3490 2995 τοῦ
3513 2942 3645 2995 δικα-

2088 3049 2184 3104 στη
2194 3035 2307 3104 ρίου
2336 3034 2702 3107 ἀναχώρησιν,
2735 3038 2833 3100 τὰς
2862 3037 2997 3108 πρὸς
3028 3035 3352 3108 Δομετιανὸν
3380 3035 3540 3087 αὑτοῦ
3564 3030 3643 3085 τοῦ

2099 3125 2451 3179 Ἀπολλωνίου
2479 3127 2659 3195 φωνὰς
2687 3127 3035 3199 παραθείμην
3080 3128 3163 3181 ἄν.
3202 3130 3431 3197 Δεσμοῖς
3474 3126 3644 3195 γάρτοι

2089 3219 2250 3270 αὐτὸν
2272 3219 2637 3289 παραδοθῆναι
2669 3220 3068 3291 προστάξαντος
3107 3219 3392 3289 βασιλέως,
3432 3219 3565 3271 πάνυ
3590 3232 3642 3282 γε

2090 3308 2394 3371 ἀκολούθως
2420 3312 2448 3361 6
2481 3311 2832 3374 Ἀπολλώνιος
2860 3310 3237 3378 συνελογίσατο
3256 3309 3352 3361 ὡδί
3382 3327 3500 3372 πως
3520 3325 3534 3338 ⁸
3555 3326 3569 3356 ι
3591 3307 3642 3359 iii

2092 3401 2190 3471 μὲν
2214 3402 2384 3471 γόητά
2411 3419 2476 3472 με
2518 3406 2647 3474 ἡγῇ,
2692 3404 2807 3467 πῶς
2845 3405 3060 3475 δήσεις;
3101 3403 3149 3455 εξ
3188 3401 3245 3454 δὲ
3285 3400 3496 3473 δήσεις,
3542 3397 3641 3459 πῶς

2088 3493 2258 3564 γόητα
2303 3491 2439 3548 εἶναι
2483 3498 2706 3567 φήσεις;
2742 3517 2760 3548 ι
2818 3494 3183 3567 Ἀντικρούσει
3214 3493 3343 3562 γοῦν
3393 3490 3539 3561 αύτῷ
3572 3505 3639 3549 τις
3736 3536 3739 3537 ,

2086 3584 2183 3638 ὡδί
2228 3603 2364 3650 πως,
2407 3587 2471 3641 ὲκ
2502 3587 2706 3640 τούτων
2751 3587 3096 3658 ὁρμώμενος·
3148 3586 3212 3638 Εἰ
3251 3585 3349 3654 μὲν
3394 3584 3455 3635 ού
3504 3579 3637 3649 γόης,

2089 3673 2206 3736 πῶς
2237 3674 2452 3728 λέλυταί
2496 3692 2590 3729 σου
2623 3676 2685 3728 τὸ
2714 3676 2936 3740 σκέλος;
2977 3677 3025 3727 ei
3051 3675 3108 3728 δὲ
3149 3673 3401 3736 λέλυται,
3443 3669 3553 3731 πῶς
3585 3666 3638 3719 οὗ

2086 3765 2246 3837 γόης;
2288 3768 2396 3821 Καὶ
2434 3770 2482 3821 εἰ
2517 3768 2594 3838 τῷ
2621 3768 2910 3839 ὑπομεῖναι
2948 3767 3039 3820 τὸν
3066 3765 3261 3837 δεσμὸν
3295 3764 3357 3816 οὐ
3393 3761 3541 3832 γόης,
3572 3756 3638 3826 τῷ

2091 3857 2164 3927 μὴ
2211 3859 2533 3928 ὑπομεῖναι,
2568 3860 2687 3912 κατ’
2724 3860 2915 3923 αὐτὸν,
2974 3858 3319 3929 ὡμολόγηται
3354 3857 3504 3928 γόης.
3544 3853 3636 3906 Καὶ

2085 3945 2151 4002 αὖ
2195 3948 2396 4014 πάλιν,
2444 3953 2491 4004 εἰ
2540 3951 2842 4021 ὑπομείνας
2902 3951 2963 4003 τὸ
2998 3950 3345 4020 δικαστήριον
3398 3948 3456 4001 οὐ
3499 3946 3633 4015 γόης,

2082 4039 2161 4110 τῷ
2186 4040 2242 4093 δὲ
2268 4041 2548 4112 διαδρᾶναι
2574 4042 2752 4104 τοῦτο,
2779 4043 2871 4095 καὶ
2905 4043 3030 4106 τοὺς
3059 4042 3193 4111 ἀμφ’
3221 4040 3383 4093 αὐτὸν
3413 4036 3631 4110 βασιλέα,

2082 4130 2224 4197 λέγω
2253 4132 2345 4183 καὶ
2378 4133 2502 4194 τοὺς
2541 4133 2597 4184 ὲν
2624 4130 2808 4201 κύκλῳ
2844 4128 3199 4201 δορυφόρους,
3241 4125 3429 4196 σαφῶς
3465 4120 3634 4177 ἐναπέο

2082 4240 2250 4292 φηνεν
2283 4224 2417 4293 (8δ⁶)
2449 4224 2477 4275 ὁ
2498 4223 2648 4295 γόης.
2671 4222 2850 4285 Ὅθεν,
2895 4225 2983 4292 μοὶ
3006 4219 3167 4281 δοκῶ,
3194 4216 3586 4290 συνῃσθημένος
3606 4212 3631 4263 ὁ

2079 4314 2254 4383 λόγος,
2285 4314 2576 4387 Θεραπεύει
2614 4316 2675 4369 τὸ
2702 4317 2953 4385 γεγονὸς,
2982 4315 3057 4378 ὡς
3088 4313 3153 4385 δὴ
3175 4312 3305 4366 ἄνευ
3333 4309 3527 4365 Θυσιῶν
3549 4304 3630 4358 καὶ

2079 4407 2303 4477 ἐπῳδῶν
2323 4409 2543 4478 ὰρῤήτῳ
2572 4408 2679 4461 τινὶ
2712 4409 2804 4461 καὶ
2832 4409 2969 4480 ὑπὲρ
2988 4406 3271 4476 ἄνθρωπον
3303 4405 3517 4474 δυνάμει
3546 4395 3643 4477 τοῦ.

2079 4496 2381 4568 παραδόξου
2405 4497 2719 4568 πεφηνότος.

406 4595 480 4650 sit
524 4611 745 4665 passus,
789 4612 980 4668 magus
1022 4611 1129 4652 non
1173 4608 1297 4650 esse
1338 4592 1628 4655 evincitur,
1653 4585 1809 4658 537
1837 4596 1937 4644 hoc
1976 4587 2095 4659 ipso
2131 4591 2275 4661 quod
2316 4593 2532 4646 vincula
2579 4595 2764 4657 exuit,
2808 4608 3022 4663 magum
3070 4607 3192 4647 eum
3222 4590 3445 4662 proprio
3486 4583 3625 4642 edam

404 4704 557 4755 esse,
589 4691 647 4745 in
676 4690 932 4747 confesso
960 4690 1084 4746 erit.
1118 4688 1184 4745 Et
1210 4689 1453 4746 vicissim
1475 4728 1490 4753 ,
1523 4687 1567 4743 si
1595 4703 1659 4742 ex
1690 4702 1775 4751 eo,
1809 4686 1955 4756 quod
1988 4687 2199 4755 judicio
2225 4704 2283 4743 se
2326 4688 2611 4753 submisit,
2638 4704 2854 4759 magum
2882 4704 2987 4743 non
3039 4704 3161 4743 esse
3224 4695 3406 4757 patet;
3434 4686 3483 4738 in
3535 4681 3623 4733 hoc

405 4787 526 4856 ipso
556 4795 706 4843 certe
733 4788 879 4858 quod
912 4804 981 4843 ex
1014 4803 1080 4842 eo
1110 4801 1231 4843 sese
1258 4785 1525 4855 surripuit
1547 4825 1560 4847 ,
1596 4784 1807 4853 ipsique
1840 4782 2152 4852 imperatori
2217 4798 2278 4839 se
2340 4784 2633 4849 subduxit,
2698 4783 2837 4837 addo
2868 4793 2920 4837 et
2948 4783 3278 4853 stipantibus
3339 4794 3460 4834 eum
3518 4786 3621 4829 cor-

401 4882 554 4952 poris
587 4883 908 4938 custodibus
930 4923 946 4946 ,
981 4882 1291 4937 luculenter
1322 4896 1444 4936 sese
1470 4877 1712 4949 prodidit
1743 4892 1952 4948 magus.
1996 4877 2361 4943 Quamobrem
2382 4919 2396 4941 ,
2427 4888 2488 4933 ut
2522 4879 2653 4932 mihi
2687 4879 2924 4942 videtur,
2956 4879 3071 4948 ipsa
3138 4873 3454 4931 Philostrati
3513 4880 3619 4923 ora.

401 4971 513 5034 tio,
545 4970 674 5026 dum
701 4985 822 5025 eam
888 4987 1002 5026 rem
1070 4971 1486 5034 animadvertit,
1540 4968 1684 5023 facto
1750 4967 1827 5022 illi
1862 4968 2185 5022 medicinam
2228 4976 2423 5039 parat,
2474 4967 2790 5042 [referens]
2844 4968 2988 5039 quod
3040 4969 3204 5023 nullis
3254 4966 3420 5021 obitis
3467 4958 3615 5018 sacrit

401 5064 895 5134 incantamentisve
962 5062 1221 5119 adhibitis
1241 5103 1255 5129 ,
1310 5063 1522 5119 occulta
1555 5060 1790 5132 quadam
1849 5068 1905 5116 et
1953 5059 2246 5115 humanam
2311 5061 2545 5117 indolem
2575 5069 2867 5132 superante
2893 5062 3127 5125 virtute,
3160 5058 3479 5114 miraculum
3508 5052 3614 5107 hoc-

398 5169 462 5212 ce
489 5162 764 5226 patratum
798 5155 983 5211 fuerit.

466 5272 489 5303 ’
524 5271 620 5326 lib.
654 5286 760 5335 vn,
793 5286 844 5326 c.
880 5270 967 5332 58,
1047 5272 1093 5304 ¹⁶
1134 5270 1231 5327 lib.
1274 5287 1348 5324 vn
1376 5312 1391 5337 ,
1427 5286 1477 5325 c.
1511 5270 1602 5327 54.

466 5362 576 5433 (87)
614 5362 894 5418 Θύσαντὰ
926 5381 999 5417 τι.
1040 5364 1142 5434 Ap.
1178 5361 1439 5418 Pbilostr.
1474 5362 1580 5417 hoc
1630 5361 1753 5416 loco
1799 5357 1967 5415 omis-
1998 5360 2043 5416 D
2070 5347 2466 5434 Dalii-“istis”
2511 5349 2801 5434 009a§i008
2851 5346 3271 5434 palmjpinime
3321 5345 3599 5434 οοιιῖςηίῖξ·

397 5410 519 5489 suiu
663 5434 735 5506 τί,
768 5444 827 5486 ut
858 5440 912 5489 et
943 5449 1070 5489 mox
1091 5410 1967 5506 "1305?eixiizafrdﬁiihr'iéio

2094 5420 2217 5502 luod
2250 5426 2437 5506 postea
2456 5421 2596 5506 apud
2632 5410 3252 5506 ilemetrium,’lib:vtu,l
3278 5431 3396 5506 cap.
3424 5416 3499 5475 li.

399 5502 871 5577 ραδεςὺξάμενονς

2068 5487 2428 5561 ἰῂείιιεόερὶιί
2456 5487 2936 5561 metuat,pe_rinde
2968 5503 3032 5542 ac
3066 5487 3112 5543 si
3144 5487 3324 5542 nudus
3357 5487 3502 5561 homo
3525 5494 3598 5561 es-

468 5550 871 5642 {88333;};
893 5574 991 5627 καὶ
1019 5572 1195 5627 δέδιε.
1237 5572 1697 5631 Contradictionis
1742 5574 1969 5628 convin-

2094 5550 2175 5642 Tet,
2208 5559 2274 5614 de
2306 5550 2417 5640 quo
2443 5550 2911 5641 nullam'b'aberet
2958 5573 3189 5628 prorsus
3238 5550 3598 5612 exoelleutioris

396 5653 522 5713 cere
552 5638 943 5713 Philostratum
991 5646 1143 5712 cupit
1168 5645 1273 5711 hoc
1301 5652 1641 5713 argumento,
1679 5646 1822 5712 quod
1857 5644 1966 5699 Da-

2094 5638 2645 5713 ιεειιξεερρίηεορθιηο
2768 5698 2807 5713 ..
2961 5700 2973 5713 .
3111 5700 3123 5713 .
3219 5700 3261 5713 ..
3496 5664 3502 5671 -

396 5706 595 5784 mide")
650 5712 795 5765 dicat
840 5706 1101 5784 indicium
1153 5706 1459 5784 divinitatis
1490 5706 1726 5783 Apollini
1752 5717 1965 5784 cepisse

394 5789 463 5833 ex
491 5777 622 5842 pede
652 5782 883 5836 vinculis
915 5791 1108 5852 sponte
1142 5784 1340 5841 soluto.
1374 5782 1509 5842 Nam
1540 5777 1675 5838 huic
1720 5777 1964 5858 opinioni

2139 5700 2270 5772 (88')
2307 5699 2733 5799 Ἐναπέςρηι·ει;.
2768 5698 2926 5754 Forte
2951 5700 3187 5770 ἀναπέυ.
3219 5700 3374 5757 ΕΜΤ.
