3830 6260
204 288 294 362 85$

692 415 916 471 ΚΕΦᾹΛ
924 416 1082 471 AION
1119 420 1208 474 M'.

269 511 414 568 ’Δλλά
453 510 559 583 γάρ
601 510 700 565 οὐκ
750 513 808 574 ἐς
855 511 1073 581 μακρὰν
1115 507 1270 576 αὖθις
1318 513 1347 565 6
1389 513 1488 584 τῆς
1532 512 1745 582 φύσεως

204 604 546 679 παραθήσεται
592 602 831 672 ἔλεγχος.
868 605 1076 659 Αὐτίκα
1107 606 1217 677 γάρ
1252 621 1396 669 τινος
1429 606 1747 670 ἐπιστάντος

195 697 355 769 αὐτῷ,
393 695 483 749 καὶ
527 695 795 765 φήσαντος
818 712 833 727 ο
882 715 901 747 ι
938 696 1154 767 Ἀφίησί
1188 714 1274 761 σε,
1317 692 1363 751 ὧ
1401 697 1743 763 Ἀπολλώνιε,

191 789 396 846 τουτωνὶ
445 786 552 843 τῶν
614 787 829 860 δεσμῶν
870 791 900 843 6
950 789 1204 861 βασιλεὺς
1230 832 1244 856 ,
1301 792 1394 845 καὶ
1461 791 1743 864 ἐλεύθερον

192 882 534 954 δεσμωτήριον
563 884 836 952 συγχωρεῖ
854 883 1041 947 οίκεῖν,
1081 901 1098 932 ι
1125 885 1153 936 6
1178 883 1440 954 κρείττων
1468 883 1501 956 ἢ
1531 883 1742 955 ἄνθρω-

199 989 299 1037 πος,
324 972 412 1027 καὶ
437 971 540 1025 τῶν
570 972 868 1043 μελλόντων
895 972 1280 1045 προγνὼστης,

197 1148 383 1218 κωφοῦ
406 1165 467 1203 τε
490 1148 717 1217 ξυνιείς
739 1149 873 1221 (89),
896 1151 992 1204 καὶ
1027 1154 1100 1205 οὐ
1126 1151 1457 1219 λαλέοντος
1481 1152 1736 1216 ἀκούων,

195 1258 285 1312 ὑπὸ
307 1257 402 1329 τῆς
424 1257 582 1327 άγαν,
609 1258 687 1322 ὼς
727 1259 897 1324 είκὸς,
939 1261 1293 1333 περιχαρείας
1319 1261 1610 1316 ἀποπεσὼν
1641 1264 1739 1335 τῆς

194 1349 558 1422 προγνώσεως,
604 1352 928 1408 πυνθάνεται
962 1353 1136 1423 λέγων
1156 1372 1169 1386 ⁸
1201 1375 1219 1407 ι
1260 1354 1353 1418 Τίς
1391 1351 1483 1410 οὖν
1514 1357 1544 1409 ὁ
1576 1373 1739 1427 μετα-

1289 299 1493 356 LIBER
1523 299 1803 359 CONTRA
1839 299 2255 360 HIEROCLEM.

1766 429 1809 483 A

3307 301 3410 360 856

2430 416 2660 474 CAPUT
2699 414 2813 472 XL;

1919 507 2121 565 Verum
2161 523 2355 565 rursus
2402 524 2512 562 non
2558 507 2634 562 ita
2676 508 2848 562 multo
2889 518 3013 579 post
3045 515 3256 564 natura:
3289 509 3410 579 ejus

1845 601 2007 656 nobis
2060 599 2498 671 suppeditabitur
2538 606 2916 670 argumentum
2952 600 3020 656 “.
3053 601 3190 659 Cum
3223 619 3289 658 ex
3325 604 3413 657 in~

1843 699 2063 763 sperato
2078 690 2224 747 enim
2254 690 2320 745 ad
2350 704 2475 745 eum
2509 690 2796 746 accederet
2824 705 2936 746 non
2958 706 3141 757 nemo,
3174 692 3410 747 diceret-

1844 800 1949 856 que
1982 802 1995 839 :
2031 802 2051 836 ι
2075 782 2239 839 Hisce
2268 789 2320 837 te
2354 780 2620 848 vinculis,
2660 795 2694 836 ο
2719 780 3007 852 Apolloni,
3048 783 3214 841 eximi
3253 783 3411 852 jubet

1842 877 2159 946 imperator,
2213 881 2382 944 utque
2440 872 2497 926 in
2530 870 2783 928 liberiore
2807 888 3030 930 carcere
3068 874 3234 945 (legas
3273 889 3402 945 per-

1841 968 2041 1036 mittit;
2068 987 2086 1020 ι
2118 974 2233 1021 tum
2277 967 2417 1021 ultra
2458 965 2739 1020 hominum
2783 974 2986 1024 sortem
3030 968 3245 1045 positus
3283 967 3401 1031 ille,

1840 1058 2254 1130 futurorumque
2283 1064 2443 1111 antea
2478 1070 2707 1125 gnarus,

1909 1167 2050 1223 Muli
2082 1168 2379 1237 concipiens
2413 1165 2685 1231 animum,
2722 1183 3007 1239 sensusque
3041 1170 3283 1234 tacentis,

1840 1299 1953 1355 prae
1999 1282 2204 1350 nimio,
2252 1291 2309 1338 ut
2355 1282 2590 1346 videtur,
2638 1282 2839 1353 gaudio
2882 1283 3104 1338 fatidica
3152 1283 3410 1340 excidens

1836 1375 2070 1439 virtute.
2111 1375 2360 1430 nuntium
2404 1383 2590 1446 rogat:
2621 1394 2639 1427 ι
2670 1374 2806 1441 Quis
2839 1390 2969 1431 vero
3001 1391 3088 1431 me
3123 1375 3300 1432 isthac
3325 1382 3411 1431 est

193 1441 448 1496 σκευάσων
487 1443 542 1514 μ’
577 1443 859 1509 ἐντεῦθεν;
896 1464 915 1497 ›
962 1446 1019 1498 '0
1061 1446 1151 1501 δέ·
1194 1465 1212 1499 ι
1270 1446 1441 1516 Ἐγὼ,
1480 1447 1605 1520 ἔφη,
1644 1450 1730 1503 καὶ

1839 1467 2230 1522 traducturus?
2270 1485 2289 1515 ι
2324 1464 2418 1522 Ille
2470 1441 2650 1523 autem
2692 1486 2704 1522 :
2737 1485 2756 1518 ι
2795 1466 2937 1538 Ego,
2996 1466 3308 1538 respondit,
3351 1477 3410 1525 tu

193 1530 328 1587 Ima.
355 1551 373 1584 ι

661 1649 1056 1703 ΚΕΦΑΛΔΙΟΝ
1095 1650 1229 1703 MA’.

1837 1559 1999 1615 modo
2037 1574 2287 1630 sequere.
2322 1577 2342 1611 ι

2424 1669 2654 1728 CAPUT
2700 1670 2836 1727 XLI.

247 1754 367 1813 Εἶτα
393 1760 484 1813 καὶ
504 1759 661 1829 λόγον
684 1761 977 1831 ἀπολογίας
993 1764 1022 1814 6
1046 1761 1320 1827 θειότατος
1348 1765 1492 1835 μάλα
1518 1781 1582 1833 γε
1619 1781 1730 1817 συν-

1914 1763 2198 1821 Postremo
2257 1763 2301 1795 ¹¹
2358 1763 2661 1818 orationem
2721 1762 3118 1834 apologeticam
3195 1776 3412 1834 quoque

187 1852 349 1904 τάττει
373 1853 880 1925 πεφροντισμένως,
911 1856 1139 1925 ἀγνοῶν,
1173 1859 1251 1910 ὅτι
1291 1857 1427 1928 δῆτα
1472 1859 1530 1922 ἐς
1563 1857 1738 1929 μάτην

188 1943 318 2015 αὐτῷ
341 1944 805 2016 σπουδασθήσεται
827 1950 859 2019 ἡ
881 1951 1088 2022 γραφή.
1120 1950 1305 2004 Οίεται
1331 1951 1428 2022 μὲν
1449 1950 1556 2023 γάρ
1577 1953 1739 2004 ἀκουο

188 2033 455 2105 σθήσεσθαι
501 2037 669 2089 αὐτοῦ
718 2039 1157 2112 ἀπολογουμένου
1192 2041 1482 2112 βασιλέως·
1517 2042 1629 2102 καὶ,
1662 2040 1737 2105 ὡς

186 2125 524 2194 ἁκουσομένου
566 2143 633 2196 γε
696 2129 901 2202 σφόδρα
969 2131 1209 2196 πιθανῶς
1260 2131 1736 2203 παρασκευάζεται

184 2214 269 2284 τὴν
295 2214 579 2280 ἀπολογίαν
598 2235 612 2248 ’
642 2220 671 2271 6
694 2219 773 2282 δὲ,
807 2221 1010 2292 ταύτην
1040 2220 1114 2293 μὴ
1144 2222 1457 2293 ἀναμείνας,
1495 2223 1554 2285 ὲς
1583 2222 1735 2276 οὐδὲν

186 2308 327 2361 αὑτοῦ
352 2310 446 2381 τὴν
486 2312 722 2385 σπουδήν
755 2315 1144 2383 κατεστήσατο.
1194 2316 1392 2371 ’Ἄκουε
1429 2315 1493 2387 δὴ
1522 2310 1614 2370 οὖν
1640 2318 1736 2371 καὶ

184 2400 295 2469 περὶ
328 2402 528 2456 τούτων
556 2398 649 2457 οἷά
684 2422 847 2477 φησιν
876 2407 905 2458 6
945 2406 1197 2476 ἔλεγχος·
1230 2424 1249 2457 ι
1287 2406 1503 2480 Ἐπειδὴ
1545 2408 1602 2462 δὲ
1642 2409 1735 2462 καὶ

182 2488 320 2559 λόγος
360 2493 504 2565 αὐτῷ
540 2495 857 2567 συνεγράφη
889 2513 1008 2560 τις,
1037 2496 1113 2559 ὡς
1153 2496 1291 2568 πρὸς
1337 2495 1480 2568 ὕδωρ
1502 2497 1611 2569 (90)
1637 2499 1734 2568 τὴν

182 2582 447 2652 ἀπολογίαν
478 2587 744 2657 ἀφήσοντι
763 2587 894 2658 (91),
927 2584 1129 2651 ξυνεῖλε
1154 2586 1211 2640 δὲ
1244 2586 1402 2641 αὐτὸν
1426 2590 1455 2642 6
1475 2588 1735 2659 τύραννος

181 2676 231 2737 ἐς
251 2677 311 2742 ἃς
329 2678 519 2752 εἴρηκα
551 2683 873 2754 ἐρωτήσεις,
905 2680 1307 2752 ἀναγεγράφθω
1337 2683 1429 2735 καὶ
1451 2686 1479 2737 6
1503 2682 1678 2752 λόγος.
1709 2702 1727 2735 ι

183 2766 307 2839 Ὅρα
346 2770 404 2840 δὴ
440 2770 560 2835 πῶς
601 2772 697 2824 τοῦ
746 2772 1029 2843 μέλλοντος
1078 2773 1411 2845 πορρωτάτω
1451 2774 1733 2844 τυγχάνων

178 2853 204 2905 6
231 2853 392 2908 πάντα
429 2856 706 2923 θειότατος
731 2899 745 2923 ,
797 2860 931 2931 μετά
966 2859 1225 2931 πλείστης
1265 2862 1397 2932 ὅσης
1436 2864 1729 2934 φροντίδος,

178 2942 245 3006 ὼς
284 2947 410 3018 πρὸς
458 2948 607 3024 ὕδωρ
647 2952 748 3024 τὴν
794 2953 1087 3020 ἀπολογίαν
1139 2954 1497 3027 ποιησόμενος
1538 2956 1733 3010 ἐσπού-

177 3030 341 3099 δαζεν.

653 3309 1050 3382 ΚΕΦΛΛΑῐΟΝ
1097 3314 1228 3366 MB'.

247 3391 395 3449 Ἀλλά
427 3398 535 3470 γάρ
564 3399 889 3472 διεξιτητέον
921 3404 1015 3456 καὶ
1035 3403 1133 3474 τὴν
1170 3407 1227 3468 ἐς
1255 3405 1430 3476 μάτην
1465 3404 1613 3477 αὐτῷ
1641 3422 1731 3458 πε-

172 3483 455 3555 ποιημένην
483 3487 801 3556 ἀπολογίαν,
824 3489 880 3551 ἃ,
916 3491 991 3556 ὡς
1029 3492 1200 3547 πολλά
1240 3493 1332 3547 καὶ
1357 3493 1467 3566 (92)
1503 3495 1636 3549 ἄλλα
1670 3499 1728 3550 ὲν

172 3569 324 3644 ταύτῃ
348 3576 661 3649 Δομετιανῷ
694 3582 1047 3651 προσφωνῶν,
1080 3584 1502 3650 ἀπαυθαδίζεται
1532 3586 1723 3655 λέγων·

175 3661 287 3747 ιὨς
318 3665 422 3736 ἄρα
461 3669 870 3734 Οὐεσπασιανὸς
919 3674 978 3725 σε
1028 3674 1125 3744 μὲν
1173 3674 1397 3744 βασιλέα
1450 3677 1725 3747 εποίησεν,

172 3745 251 3798 ὑπ’
280 3750 407 3819 ἐμοῦ
434 3752 491 3806 δὲ
516 3755 754 3824 ἐγένετο.
787 3777 804 3809 ι
832 3759 1002 3813 Βαϐαῖ
1023 3762 1121 3831 τῆς
1150 3762 1495 3828 ἀλαζονείαςί
1522 3745 1727 3834 ἣνὴοῠτι

168 3854 223 3905 γε
250 3842 276 3892 6
297 3844 492 3914 τυχὼν,
526 3847 645 3901 ἀλλ’
677 3850 795 3903 οὐδὲ
842 3854 890 3904 εί
944 3852 1231 3922 φιλόσοφός
1261 3872 1345 3919 τις
1367 3856 1603 3929 ἀληθῶς,
1636 3860 1728 3912 καὶ

171 3931 294 3984 κατὰ
325 3935 671 4008 ἀνθρωπείαν
701 3941 1011 4014 ὑπεραίρων
1047 3945 1285 4013 ἐγεγόνει
1322 3946 1500 4016 φύσιν,
1534 3951 1727 4021 ἐτερα-

165 4020 377 4078 τεύσατο
402 4026 489 4093 ἂν,
530 4028 606 4099 μὴ
635 4030 755 4100 οὐχ).
793 4031 949 4102 δίκην
983 4034 1167 4098 ἀνοίας
1199 4036 1351 4107 ποιρά
1387 4041 1498 4102 τοῖς
1525 4020 1730 4111 ἔμφρο-

166 4126 240 4163 σιν
266 4114 530 4187 ὑποσχὼν.
566 4117 700 4173 Εἶτα
721 4121 779 4175 δὲ
808 4123 906 4194 τῆς
932 4127 1054 4178 κατ’
1085 4126 1244 4179 αὑτὸν
1277 4128 1513 4197 ὁποψίας
1537 4131 1727 4185 ἑαυτὸν

162 4200 512 4277 ἀπολυόμενος
542 4209 677 4281 (95),
706 4212 877 4267 ταῦτα
909 4216 1037 4287 περὶ
1069 4219 1281 4289 γοήτων
1298 4220 1461 4289 φησίν
1479 4238 1494 4252 ·
1527 4240 1546 4273 ι
1570 4222 1729 4277 Ἀλλά

161 4294 276 4358 τοὺς
299 4299 501 4370 γόητας
525 4303 889 4376 ψευδοσόφους
918 4308 1078 4379 φημί.
1113 4308 1194 4363 Τά
1225 4311 1336 4381 γὰρ
1365 4312 1467 4368 οὐκ
1493 4312 1622 4370 δντα
1652 4309 1729 4369 εἷ-

162 4399 241 4438 ναι
270 4393 398 4461 παρ’
423 4393 630 4458 αὐτοῖς,
659 4397 751 4448 καὶ
771 4397 842 4451 τὰ
869 4397 1016 4462 ὄντα,
1049 4401 1390 4456 ἀπιστεῖσθαι
1412 4402 1542 4474 (94).
1569 4427 1589 4459 δ
1614 4404 1727 4459 Κα-

1844 1856 2151 1924 composuit
2198 1852 2380 1911 studio
2425 1853 2638 1925 ingenti
2682 1854 2768 1908 vir
2814 1854 2907 1910 ille
2952 1854 3115 1925 plane
3154 1853 3408 1919 divinus,

1845 1950 2070 2019 ignarus
2113 1962 2310 2014 nempe
2351 1947 2568 2001 inanem
2618 1961 2840 2017 operam
2882 1945 2939 2000 in
2989 1961 3056 2001 eo
3103 1961 3163 2002 se
3204 1947 3413 2016 scripto

1843 2045 2319 2111 consumpturnm.
2350 2037 2591 2093 Putabat
2618 2041 2763 2092 enim
2798 2053 2857 2093 se
2894 2038 2962 2094 ab
2987 2039 3315 2108 imperatore
3341 2037 3410 2093 iri

1843 2130 2091 2188 auditm
2126 2130 2448 2185 recitantem
2483 2128 2788 2200 apologiam
2817 2146 2833 2185 :
2864 2145 3039 2201 eoque
3073 2129 3216 2200 quod
3255 2130 3414 2185 audi-

1842 2229 2026 2276 turum
2059 2235 2183 2276 eum
2216 2225 2493 2290 speraret,
2537 2219 2604 2273 ad
2652 2220 3088 2290 persuadendum
3132 2236 3261 2276 cum
3296 2237 3415 2276 ma-

1814 2301 1993 2366 'xime
2030 2311 2335 2366 orationem
2373 2312 2676 2381 componit.
2711 2310 2899 2368 Caesar
2930 2322 3109 2369 tamen
3145 2328 3263 2368 eam
3299 2328 3411 2370 non

1841 2401 2023 2458 ferens
2052 2400 2423 2471 irritum'ejus
2469 2400 2712 2457 studium
2766 2402 3020 2460 reddidit.
3062 2402 3204 2459 Audi
3243 2404 3412 2476 igitur

1840 2494 1908 2550 de
1936 2494 2020 2549 his
2051 2496 2211 2549 etiam
2243 2493 2375 2564 quid
2408 2493 2556 2550 dicat
2584 2494 2686 2551 sibi
2718 2494 2824 2565 ipsi
2853 2495 3180 2552 adversante
3208 2498 3414 2553 oratio-

1839 2599 1910 2640 ne
1939 2584 1986 2616 ¹³
2014 2602 2027 2638 :
2059 2603 2077 2634 ι
2109 2582 2380 2650 Quoniam
2431 2599 2563 2639 vero
2606 2585 2785 2639 oratio
2821 2586 2987 2640 etiam
3017 2587 3066 2642 ei
3097 2588 3410 2658 conscripta

1837 2681 1955 2738 est,
1991 2681 2052 2727 ut
2084 2674 2178 2744 qui
2209 2674 2277 2728 ad
2312 2674 2656 2747 clepsydram
2687 2691 2908 2731 causam
2939 2684 3086 2732 esset
3112 2678 3365 2735 dicturus
3389 2720 3405 2742 .

1837 2782 1963 2821 eum
2029 2774 2209 2821 autem
2266 2775 2535 2839 tyrannus
2595 2768 2737 2821 intra
2802 2769 3206 2837 quaestionum,
3270 2786 3409 2842 quas

1838 2858 1992 2922 dixi,
2026 2860 2307 2928 angustias
2351 2861 2657 2925 conclusit,
2687 2861 2865 2915 oratio
2892 2876 3109 2931 quoque
3133 2861 3260 2918 huic
3294 2863 3411 2919 his-

1837 2951 1992 3005 toriae
2020 2951 2344 3007 inseratur.»
2376 2950 2510 3006 Vide
2539 2951 2705 3022 igitur.
2725 2958 2786 3005 ut
2813 2966 2842 3004 a
2868 2950 3066 3008 futuris
3094 2953 3409 3023 longissime

1838 3043 2134 3107 aberrans,
2180 3043 2262 3097 vir
2307 3043 2400 3098 ille
2446 3044 2610 3113 plane
2650 3042 2906 3108 divinus,
2961 3058 3127 3113 quam
3172 3044 3408 3100 maxima

1764 3128 1808 3190 C
1840 3133 2017 3202 potuit
2044 3148 2177 3188 cura
2199 3172 2215 3199 ,
2244 3133 2393 3188 velut
2421 3132 2488 3188 ad
2521 3133 2866 3207 clepsydram
2898 3132 3149 3190 dicturus
3173 3175 3188 3201 ,
3220 3135 3408 3192 elabo~

1829 3225 2052 3282 raverit.

2386 3318 2618 3375 CAPUT
2656 3320 2821 3379 XLII.

1900 3410 1969 3465 At
1998 3419 2052 3467 et
2079 3413 2196 3483 ipsa
2219 3412 2594 3483 percensenda
2612 3421 2696 3469 est
2719 3413 2922 3468 frustra
2946 3413 3015 3468 ab
3040 3426 3106 3468 eo
3128 3412 3408 3469 elaborata

1830 3504 2112 3574 apologia,
2157 3511 2219 3569 et,
2244 3519 2398 3574 qum,
2433 3504 2602 3559 multa
2653 3505 2759 3559 alia
2806 3506 2968 3571 inter,
3017 3500 3180 3572 538
3206 3506 3407 3576 quibus

1830 3594 2202 3677 Domitianum
2230 3594 2556 3664 compellat,
2608 3602 2932 3665 arroganter
2977 3593 3170 3665 jactat,
3203 3593 3409 3650 diserte

1829 3682 2082 3752 inquiens
2117 3682 2203 3736 ἰι
2243 3700 2262 3733 ι
2298 3681 2375 3738 'I'e
2424 3682 2592 3753 igitur
2618 3682 3003 3753 imperatorem
3038 3682 3407 3754 Vespasianus

1830 3772 1976 3839 fecit,
2009 3774 2126 3844 ipse
2157 3790 2187 3828 a
2231 3789 2320 3830 me
2374 3782 2461 3829 est
2516 3773 2719 3831 factus.
2779 3794 2799 3827 ›
2840 3773 2957 3830 Vah
3005 3775 3401 3846 arrogantiam!

1828 3881 1933 3936 qua
1963 3882 2031 3921 ne
2074 3881 2138 3920 ex
2192 3867 2357 3937 vulgo
2388 3866 2608 3937 quidem
2664 3866 2973 3937 quispiam,
3029 3867 3227 3922 nedum
3278 3881 3407 3923 vere

1828 3954 2187 4024 philosophus
2215 3995 2230 4020 ,
2294 3954 2645 4024 humanaque
2689 3956 3055 4010 excellentior
3096 3964 3293 4010 natura
3346 3971 3406 4013 se

1823 4046 2055 4116 jactitet.
2088 4047 2195 4101 nisi
2231 4047 2461 4102 insaniae
2489 4048 2668 4102 dicam
2713 4063 2745 4103 a
2798 4048 3250 4119 prudentioribus
3299 4049 3405 4107 sibi

1828 4137 1994 4192 scribi
2051 4138 2202 4191 velit.
2243 4135 2449 4193 Deinde
2491 4152 2622 4192 vero
2673 4153 2705 4192 a
2760 4138 3108 4208 suspicione,
3144 4154 3250 4208 qua
3290 4153 3409 4209 pre-

1829 4229 2113 4293 luebatur,
2154 4244 2214 4284 se
2244 4228 2422 4299 ipsum
2456 4244 2731 4299 purgans,
2773 4231 3055 4300 sequentia
3099 4231 3307 4303 profert
3338 4231 3406 4287 de

1829 4314 2001 4384 magis
2030 4314 2112 4369 ¹⁸ε
2148 4332 2167 4366 ι
2210 4312 2474 4385 Equidem
2520 4331 2711 4387 magos
2763 4317 2914 4374 falsae
2944 4318 3225 4389 sapientia)
3274 4327 3405 4391 puto

1828 4404 2079 4459 alumnos
2111 4419 2254 4461 esse.
2287 4404 2423 4460 Nam
2452 4421 2575 4476 qua:
2602 4422 2715 4462 non
2748 4417 2900 4475 sunt,
2927 4416 2987 4463 ut
3016 4424 3140 4465 esse
3181 4410 3405 4466 videan-

160 4475 379 4569 ταμάθοι
410 4481 454 4534 δ’
485 4478 582 4536 οὖν
609 4501 691 4548 τις
724 4484 788 4539 ἔκ
813 4503 873 4539 τε
899 4487 997 4559 τῆς
1037 4489 1163 4559 ὅλης
1202 4468 1602 4562 πραγματείας,
1632 4495 1725 4550 καὶ

1839 4503 1936 4558 ων,
1960 4502 2014 4548 et
2037 4510 2160 4566 qua:
2187 4506 2336 4563 sunt,
2372 4505 2433 4551 ut
2462 4468 2571 4552 non
2618 4512 2741 4554 eSse
2788 4497 3079 4555 videantur
3108 4499 3337 4555 faciunt.
3366 4519 3395 4569 η»

160 4565 257 4654 τῶν
284 4573 338 4623 ἐν
367 4573 525 4646 μέρει
565 4574 966 4647 δεδηλωμένων,
999 4583 1202 4653 πότερα
1227 4584 1284 4637 ὲν
1317 4584 1481 4649 θείοις
1509 4586 1602 4638 καὶ
1635 4603 1725 4654 get-

161 4652 410 4729 λοσόφοις,
449 4665 482 4736 ἢ
515 4667 575 4719 ὲν
598 4666 787 4738 γόησιν
818 4669 980 4723 αὐτὸν
1010 4674 1399 4739 κατατακτέον,
1429 4676 1724 4741 πιστεύσας

158 4742 231 4812 οἷς
260 4770 315 4805 τε
345 4756 512 4820 αὐτὸς
556 4758 685 4828 περ)⁴
729 4761 939 4832 γοήτων
983 4763 1076 4815 καὶ
1127 4763 1471 4836 ψευδοσόφων
1509 4768 1718 4840 εἴρηκε,

160 4841 245 4932 καὶ
290 4840 368 4911 οἷς
414 4849 719 4920 δεδήλωκεν
771 4854 803 4924 ή
858 4857 976 4907 κατ’
1001 4856 1160 4911 αὑτὸν
1208 4860 1433 4931 ἱστορία.
1462 4860 1630 4932 Δρῦές
1662 4878 1722 4914 τε

157 4929 273 5004 γὰρ,
304 4937 396 4990 καὶ
423 4939 672 5004 πτελέαι,
703 4942 950 5016 ἐνάρθρῳ
986 4946 1079 5000 καὶ
1124 4946 1309 5020 θηλείᾳ
1326 4929 1491 5023 νφωνῇ
1508 4929 1716 5005 ’λαλοῦ-

157 5034 259 5087 σαι,
290 5028 382 5080 καὶ
419 5030 673 5101 τρίποδες
705 5032 996 5103 αὐτόματοι
1041 5036 1350 5105 φοιτῶντες,
1383 5040 1476 5093 καὶ
1500 5039 1716 5111 χάλκεοι

222 5177 397 5249 ξξμιίδ.
473 5200 553 5239 vn
578 5225 592 5249 ,
625 5201 675 5241 c.
705 5188 796 5245 40.

156 5242 197 5276 ε·
230 5245 321 5304 lib.
361 5268 455 5318 v1,
493 5271 548 5311 c.
580 5242 670 5310 ιο.

217 5357 323 5500 (89)
362 5369 582 5437 κωφοῦ
610 5388 672 5425 τε
701 5371 837 5435 Evr.
879 5361 1015 5429 Vide
1040 5390 1204 5447 supra
1242 5391 1292 5430 c.
1330 5376 1414 5434 14.
1614 5406 1617 5409 ν

239 5430 324 5500 90)
379 5438 473 5500 Ὡς
502 5440 653 5500 πρὸς
680 5442 855 5500 ὕδωρ.
900 5441 991 5498 Sic
1043 5461 1109 5500 ex
1163 5462 1265 5500 ms.
1293 5454 1349 5500 et
1380 5447 1617 5500 Philostr

379 5430 476 5504 Ὠςῖ
502 5430 855 5518 πρὸς-ὕδωρ.
900 5441 1013 5518 Sic“
1043 5430 1133 5500 exr
1163 5462 1265 5518 ms.
1293 5454 1349 5503 et
1380 5430 1715 5505 Philostrato

157 5509 355 5590 ςςξιιιμὶ
384 5527 406 5590 ,ε
443 5521 604 5564 antea
622 5512 955 5590 __legebatur,
980 5513 1168 5586 ὥσπερ
1216 5515 1359 5589 ὕδωρ
1390 5519 1489 5590 τὴν
1521 5521 1717 5575 ἀπολου-

153 5576 584 5648 γίοξΥ-άφήσοντι.
621 5576 895 5638 Iloisrsn.

345 5640 725 5730 ’Σᾼφήρ-σντιε
750 5650 1009 5730 Rhilostr.
1043 5653 1205 5730 habet
1235 5658 1600 5730 ἀφηγήσαντι.

368 5712 461 5798 τις,
608 5722 809 5801 παίλά
838 5723 956 5801 καί,
984 5731 1092 5778 etc.
1116 5712 1525 5785 Distilfct'ibnem
1552 5712 1708 5801 posui

154 5789 267 5843 post
296 5785 348 5851 ἆ,
387 5788 509 5844 sine
539 5802 645 5854 qua
681 5791 971 5853 obscurior
1010 5809 1225 5851 sensus.

901 5190 945 5222 “
983 5189 1081 5245 lib.
1114 5208 1212 5246 vm
1237 5231 1252 5259 ,
1287 5208 1338 5248 c.
1375 5194 1426 5248 7.

1526 5196 1571 5228 "
1609 5196 1703 5252 lib.
1740 5212 1867 5261 vm,
1931 5215 1983 5255 c.
2047 5200 2101 5256 6.

1825 4584 1903 4640 Ex
1929 4593 2042 4641 tota
2072 4587 2238 4658 igitur
2265 4588 2371 4643 ista
2404 4589 2756 4654 tractatione,
2789 4598 2844 4645 et
2877 4589 3156 4661 sigillatim
3185 4592 3404 4662 exposi-

1824 4681 1894 4736 tis
1920 4681 2196 4746 omnihus,
2222 4681 2406 4736 discas
2436 4681 2584 4745 licet,
2617 4697 2685 4736 an
2728 4680 2783 4735 in
2812 4680 2938 4749 diis,
2969 4697 3040 4737 an
3072 4683 3125 4736 in
3169 4682 3405 4753 philoso-

1824 4769 1968 4840 phis,
2004 4786 2073 4825 an
2108 4771 2161 4825 in
2188 4771 2361 4841 magis
2387 4771 2697 4826 censendus
2723 4771 2828 4837 sit,
2885 4771 2952 4827 iis
3003 4771 3260 4829 admissis
3282 4789 3402 4844 quae

1824 4860 1939 4929 ipse
1961 4860 2029 4916 de
2059 4861 2233 4932 magis
2272 4869 2325 4917 et
2353 4863 2553 4931 spurire
2583 4862 2868 4932 sapientiae
2900 4862 3209 4918 cultoribus
3238 4863 3397 4929 dixit,

1823 4960 1877 5008 et
1906 4968 2026 5022 quae
2056 4954 2285 5009 historia
2341 4953 2462 5022 eius
2490 4953 2559 5009 de
2588 4954 2707 5023 ipso
2736 4953 2946 5009 retulit.
2984 4952 3119 5008 Nam
3165 4969 3400 5024 quercus

1823 5051 1877 5097 et
1907 5044 2036 5098 ulmi
2061 5045 2105 5076 ¹⁶
2132 5044 2421 5098 a-rticulata
2455 5058 2519 5099 ac
2545 5044 2798 5100 muliebri
2825 5059 2958 5101 voce
2994 5045 3209 5111 locutae,
3239 5046 3400 5117 tripo-

2204 5201 2250 5231 “
2287 5199 2383 5254 lib.
2426 5216 2563 5267 vm,
2605 5216 2657 5257 c.
2701 5201 2752 5253 7.
2853 5202 2896 5234 ⁸⁵
2936 5201 3029 5257 lib.
3071 5216 3205 5266 vm,
3249 5215 3298 5255 c.
3342 5199 3400 5256 7.

1893 5382 2006 5453 (9'5)
2051 5384 2508 5453 Ἀπολυόμενος.
2553 5381 2645 5438 Sic
2696 5383 3000 5440 rescribere
3035 5398 3145 5439 non
3181 5381 3401 5437 dubita-

1820 5453 2014 5525 vi,pro
2045 5454 2435 5525 ἀπολυόμενον,
2453 5454 2601 5525 quod
2633 5456 2686 5509 in
2709 5454 2874 5525 editis
2905 5462 3041 5509 erat.

1892 5498 1895 5512 ,
1954 5471 2014 5508 ro
2045 5471 2601 5525 απολυομενον,‹ιυοα
2633 5472 2686 5509 m
2709 5471 2874 5508 emus
2905 5471 3041 5509 erat.

1892 5471 2005 5594 (34)
2057 5524 2470 5595 Ἀπιοντεῖσθαι.
2516 5522 2588 5595 |_t_a
2619 5540 2682 5578 ex
2709 5523 3039 5595 Philostrato
3060 5522 3271 5595 restitui
3296 5534 3395 5593 pro

1818 5592 2044 5661 ἄπιστα,
2072 5594 2215 5663 quod
2256 5601 2375 5648 erat
2420 5597 2475 5647 in
2531 5592 2745 5649 Eusebii
2774 5593 2971 5660 editis;
3003 5592 3268 5660 ratiOnem
3294 5592 3395 5663 cur

1819 5664 2054 5731 Priorem
2095 5663 2379 5736 pnefcram
2411 5663 2696 5720 lectionem
2731 5663 2945 5720 reddidi
2994 5663 3407 5723 ad'Pbilostrz'e

1818 5742 1956 5787 ιιηιι.

3035 5827 3067 5859 Ο
