3830 6260
402 302 511 363 855
1011 301 1284 358 EUSEBII
1323 299 1807 357 CASSAIIIENSIS
1838 297 1989 358 OPP.
2027 298 2208 358 PARS
2246 301 2309 357 II.
2348 331 2420 345 —-
2454 299 2950 359 APOLOGETICA.
3531 264 3620 357 9’36

400 425 498 480 des
519 420 685 478 etiam
716 419 759 453 "’
795 423 1097 489 spontaneo
1140 423 1290 471 motu
1353 416 1699 483 incedentes,
1750 417 1986 489 :ereique

2097 415 2415 487 θεράποντες
2442 415 2866 488 διακονούμενοι,
2900 413 3044 469 πίθοι
3074 430 3133 467 τε
3163 413 3379 485 ὄμϐρων
3403 412 3491 466 καὶ
3515 415 3623 468 ἀνέρ

398 514 542 572 servi
575 509 1045 569 discumbentibus
1084 508 1462 565 ministr-antes
1484 548 1500 573 ,
1556 509 1811 565 imbrium
1843 509 1973 565 item

2097 525 2221 575 κων,
2254 510 2347 563 καὶ
2381 510 2766 582 σανδαράκινον
2793 509 2955 581 ὕδωρ,
2981 508 3075 563 καὶ
3101 507 3203 560 ὅσα
3225 506 3357 561 ἄλλα
3379 505 3620 576 εἰσῆκται,

399 607 547 663 dolia
576 605 623 638 "
652 619 717 659 ac
742 611 1050 664 ventorum,
1090 609 1144 655 et
1177 600 1537 657 sandaracina
1568 617 1730 673 aqua,
1758 610 1813 657 et
1854 616 1975 672 quae

399 698 501 753 alia
535 700 994 766 repraesentantur
1023 680 1208 755 abiis,
1241 707 1382 762 quos
1432 692 1565 747 deos
1609 701 1693 748 est
1741 691 1975 747 arbitra-

399 796 487 843 tus
518 787 583 848 ”,
608 793 662 841 et
698 799 836 854 quos
878 800 948 839 ne
995 790 1356 855 praeceptores
1399 783 1619 855 quidem
1679 799 1978 855 agnoscere

398 885 480 933 est
512 877 838 949 dedignatus
862 916 877 940 ,
925 876 979 929 in
1019 890 1180 945 quem
1218 875 1383 930 alium
1438 883 1748 946 competere
1787 883 1979 946 putes,

396 968 504 1024 nisi
534 968 590 1022 in
623 982 720 1023 eos
751 966 843 1039 qui
885 984 904 1017 ‹
934 980 1055 1036 quae
1074 980 1185 1020 non
1225 972 1352 1021 sunt
1387 965 1433 996 ’⁸
1458 1004 1475 1030 ,
1523 972 1582 1019 ιιι
1612 979 1735 1020 esse
1762 965 1984 1020 videan-

397 1065 507 1121 tur.
533 1068 587 1115 et
618 1075 740 1130 quae
761 1067 907 1122 sunt,
940 1063 999 1111 ut
1032 1056 1316 1111 videantur
1346 1071 1453 1111 non
1483 1072 1626 1122 esse,
1658 1054 1940 1113 efﬁciunt?
1962 1076 1981 1109 ι

396 1167 534 1223 quos
572 1153 688 1221 ipse
720 1164 911 1221 magos
959 1149 1234 1220 appellans
1260 1187 1277 1212 ,
1328 1148 1530 1218 spurias
1561 1148 1844 1218 sapientiae
1872 1148 1982 1202 cul-

398 1254 545 1302 tores
566 1261 688 1302 esse
713 1244 1058 1300 demonstrat
1105 1240 1244 1296 Num
1278 1241 1446 1313 igitur
1480 1242 1602 1296 istis
1641 1242 1979 1312 argumentis

398 1339 614 1395 divinus
640 1337 751 1403 hic,
783 1337 1045 1404 omnique
1072 1335 1276 1390 virtute
1305 1335 1583 1397 excultus,
1608 1335 1849 1404 ipsisque
1872 1334 1983 1389 diis

397 1430 767 1502 gratissimus,
800 1427 1082 1498 sapientiae
1118 1434 1416 1483 coronatus
1461 1426 1682 1491 bravio,
1740 1428 1861 1496 ipso
1905 1426 1982 1482 di-

2082 600 2211 671 παρ’
2243 595 2323 663 οἷς
2354 601 2540 670 ἡγεῖτο
2571 599 2732 663 θεοῖς,
2752 598 2844 663 οὒς
2877 600 2970 651 καὶ
2991 598 3090 651 οὐκ
3117 597 3278 650 ῶκνει
3303 596 3623 661 διδασκάλους

2083 691 2503 762 ἐπιγράφεσθαι,
2540 691 2681 755 τίνος
2711 691 2776 745 ἂν
2805 688 2910 745 εἶεν
2934 689 3313 762 παραστατικά
3341 688 3373 759 ἢ
3396 688 3498 742 τῶν
3530 707 3546 739 ι
3566 688 3624 742 τὰ

2083 785 2183 838 οὐκ
2226 783 2355 837 ὄντα
2405 779 2562 848 εἶναι,
2600 783 2694 838 καὶ
2723 784 2790 838 τὰ
2821 784 2949 837 δντα
2976 782 3181 837 ἄπιστα
3208 801 3225 834 ι
3265 780 3626 851 παραδεικνύν-

2083 893 2191 929 των
2212 893 2225 942 ;
2253 875 2346 940 οὓς
2364 876 2526 941 αὐτὸς
2549 877 2748 947 γόητας
2774 873 3072 946 ὀνομάζων,
3094 873 3450 944 ψευδοσόφους
3475 873 3628 943 ὑπάρ-

2084 988 2199 1040 χειν
2239 970 2784 1040 ἀποφαίνεται.Ἥτοι
2815 964 2906 1022 οὖν
2934 966 3027 1021 ἐπὶ
3066 965 3274 1028 τούτοις
3305 967 3332 1018 ὁ
3363 963 3518 1028 θεῖος,
3548 965 3628 1017 καὶ

2086 1063 2359 1134 ἐνάρετος,
2394 1065 2488 1116 καὶ
2517 1063 2659 1126 θεοῖς
2701 1060 3113 1133 κεχαρισμένος,
3145 1059 3207 1112 τὸ
3242 1057 3432 1126 σοφίας
3458 1059 3630 1128 ἀναδη-
3707 1088 3712 1093 -

2087 1157 2317 1226 σάμενος
2370 1155 2642 1228 βραϐεῖον,
2675 1153 2837 1208 αὐτοῦ
2883 1151 3199 1224 Πυθαγόρου
3248 1149 3341 1203 καὶ
3389 1148 3495 1201 τῶν
3533 1149 3630 1201 ὅσοι

2089 1250 2203 1320 μετ⁴
2227 1250 2433 1303 ἐκεῖνον
2462 1249 2733 1319 θειότερος
2764 1245 2977 1317 ἀληθῶς
3008 1244 3102 1297 καὶ
3128 1242 3320 1315 μακρῷ
3344 1241 3634 1311 εὐδαιμονέ·

2086 1357 2276 1412 στερος
2296 1340 2509 1412 κριθείη
2528 1339 2593 1410 ’ἢ
2625 1337 2878 1407 ἔμπαλιν,
2906 1335 3264 1406 ψευδοσοφίας
3287 1333 3469 1397 ἁλοὺς,
3485 1347 3633 1385 κακο·

2086 1429 2355 1502 δαιμόνων
2391 1432 2500 1503 (95)
2531 1430 2813 1484 ἀποίσεται
2843 1427 2912 1481 τὰ
2938 1430 3199 1500 πρωτεῖα.

399 1524 575 1581 vinior
620 1521 924 1595 Pythagora
983 1519 1211 1589 ejusque
1277 1518 1599 1590 discipulis,
1654 1519 1972 1587 beatiorque
2008 1523 2315 1580 censendus
2352 1524 2489 1580 erit?
2525 1538 2595 1577 an
2648 1529 2841 1576 contra
2887 1521 3086 1591 spurius
3122 1519 3403 1589 sapientia
3431 1516 3638 1571 damna-

397 1633 482 1679 tus
503 1662 518 1688 ,
554 1621 695 1677 inter
719 1618 1127 1673 infelicissimos
1157 1615 1364 1685 primas
1400 1615 1535 1671 feret
1575 1616 1798 1687 potius?

958 1728 1188 1787 CAPUT
1230 1727 1416 1783 XLIII.

465 1825 703 1881 Rursum
737 1826 791 1879 in
819 1823 1154 1894 apologatioo
1179 1822 1274 1876 illo
1303 1822 1511 1891 scripto
1548 1835 1609 1876 se
1642 1821 1698 1876 in
1740 1821 1889 1876 lonia
1915 1820 1982 1877 de

397 1917 634 1973 fatorum
654 1917 708 1970 vi
740 1915 817 1970 ait
839 1914 1151 1984 disputasse
1167 1913 1261 1976 ’°',
1281 1911 1418 1967 adeo
1442 1913 1641 1966 mutari
1662 1927 1773 1967 non
1798 1927 1979 1983 posse,

398 2024 521 2079 quae
546 2015 738 2063 texunt
794 2006 896 2061 ista
918 2046 933 2070 ,
964 2005 1283 2070 docentem,
1317 2010 1399 2067 ut,
1433 2003 1478 2058 si
1512 2003 1801 2074 imperiunm
1855 2003 1984 2059 huic

399 2099 718 2161 decernant,
742 2096 886 2167 quod
908 2096 962 2151 in
990 2096 1219 2150 alterius
1244 2108 1392 2148 nunc
1417 2092 1635 2162 quidem
1661 2094 1732 2148 sit
1746 2101 1983 2163 p‘esta-

400 2200 475 2256 tc,
505 2205 666 2246 nemo
692 2190 845 2243 illum
879 2188 1194 2243 interimere
1217 2186 1410 2256 possit,
1436 2201 1505 2241 ne
1530 2186 1599 2240 ab
1628 2186 1723 2240 illo
1746 2186 1850 2241 sibi
1882 2186 1984 2239 im-

401 2282 612 2353 perium
655 2280 956 2351 eripiatur:
990 2279 1102 2335 imo
1160 2280 1205 2333 si
1254 2278 1337 2332 vel
1384 2278 1744 2347 interemptus
1794 2276 1979 2341 fuerit,

399 2374 740 2429 revicturum
768 2379 951 2427 tamen
983 2385 1144 2435 eum,
1180 2378 1240 2424 ut
1278 2368 1406 2425 fatis
1443 2368 1663 2424 decreta
1706 2369 1981 2424 eveniant.

402 2462 613 2529 Quibus
660 2461 946 2531 sequentia
982 2461 1120 2531 ipsis
1154 2459 1349 2514 iisdem
1391 2458 1616 2530 syllabis
1644 2456 1927 2528 subjungit
1961 2476 1975 2513 :

407 2573 426 2606 ι
453 2554 775 2625 Cuicunque
805 2552 913 2608 fato
945 2553 1224 2609 decretum
1259 2550 1421 2606 fuerit
1448 2550 1712 2621 lignarius
1733 2557 1793 2605 ut
1823 2547 1988 2620 539

403 2646 495 2706 sit,
528 2643 577 2698 is
608 2643 862 2697 manibus
892 2650 1180 2698 truncetur
1218 2641 1386 2706 licet,
1436 2641 1491 2694 in
1532 2640 1821 2710 lignarium
1858 2655 1986 2696 eve-

400 2732 516 2791 det.
553 2733 618 2787 Et
648 2735 736 2789 cui
770 2749 938 2790 cursu
970 2734 1189 2790 vincere
1235 2734 1289 2787 in
1325 2730 1571 2803 Olympia
1622 2729 1986 2802 [destinatum

402 2824 543 2895 est.]
574 2827 663 2881 hic
688 2867 704 2890 ,
750 2841 819 2881 ne
848 2827 1094 2882 abscisso
1130 2828 1352 2897 quidem
1397 2828 1445 2882 si
1479 2827 1749 2882 claudicet
1786 2840 1983 2892 crure,

403 2920 630 2974 victoria
656 2918 1022 2974 fraudabitur.
1058 2918 1125 2973 Et
1152 2920 1241 2974 cui
1270 2928 1331 2974 ut
1359 2918 1651 2990 sagittandi
1673 2918 1851 2974 valeat
1871 2925 1986 2973 arte

404 3006 589 3064 Parca:
613 3007 990 3072 decreverint,
1032 3010 1121 3064 hic
1165 3009 1247 3065 vel
1272 3019 1464 3079 captus
1502 3009 1679 3063 oculis
1722 3009 1921 3080 sagitta
1952 3023 1983 3062 a

2585 1726 2981 1782 ΚΕΦΑΛΑΙΟΝ
3018 1725 3145 1779 Ml".

2120 1819 2324 1875 ’Πάλιν
2350 1820 2406 1872 δὲ
2432 1820 2497 1890 τῇ
2528 1820 2712 1890 γραφῇ
2756 1817 2884 1888 περὶ
2919 1814 3120 1889 μοιρῶν
3153 1813 3334 1885 ἰσχύος
3367 1813 3640 1884 φιλοσοφῆ-

2085 1931 2175 1966 σαι
2209 1912 2370 1966 αύτὸν
2399 1913 2456 1964 ὲν
2498 1909 2671 1981 Ἰωνίᾳ
2700 1909 2854 1979 φησι,
2875 1906 3191 1961 διδάσκοντα
3218 1905 3280 1959 οὗ
3292 1920 3391 1969 τως
3416 1906 3643 1979 ἄτρεπτα

2082 2002 2242 2069 εἶναι,
2272 2005 2309 2059 ὃ.
2340 2003 2660 2066 κλώθουσιν,
2684 2002 2780 2065 ὡς,
2813 2003 2861 2054 εί
2904 2001 2997 2053 καὶ
3041 1998 3311 2071 βασιλείαν
3346 1996 3526 2069 τούτῳ
3548 1997 3644 2069 (96)

2080 2097 2431 2169 ψηφίσαιντο,
2463 2095 2632 2166 ἑτέρῳ
2659 2093 2759 2164 ἤδη
2801 2091 3168 2164 ὑπάρχουσαν,
3184 2091 3284 2144 οὐκ
3315 2089 3382 2145 ἂν
3407 2090 3647 2144 ἀποκτει-

2082 2191 2193 2245 νειέ
2220 2208 2306 2254 τις
2329 2187 2538 2252 τοῦτον,
2569 2188 2645 2250 ὡς
2679 2185 2753 2257 μὴ
2782 2183 3103 2254 ἀφαιρεθείη
3133 2183 3261 2237 ποτὲ
3288 2184 3378 2236 ὑπ’
3413 2182 3576 2237 αὑτοῦ
3597 2181 3649 2235 τὸ

2084 2282 2272 2355 ἄρχειν
2291 2297 2307 2314 ·
2337 2278 2475 2334 ἀλλά
2505 2278 2600 2332 καὶ
2634 2277 2928 2330 ἀναϐιῶναι
2957 2272 3242 2330 ἀποθανὼν
3274 2275 3414 2346 ὑπὲρ
3437 2274 3545 2327 τῶν
3579 2273 3651 2327 δο-

2086 2373 2291 2439 ξάντων
2338 2374 2460 2435 ταῖς
2519 2370 2755 2442 μοίραις.
2807 2368 2918 2422 Καὶ
2959 2367 3167 2430 τούτοις
3198 2367 3445 2435 ἐπιλέγει
3483 2368 3652 2430 αὐταῖς

2086 2465 2405 2528 συλλαϐαῖςο
2461 2482 2478 2514 ι
2507 2463 2655 2533 Ὅτῳ
2700 2460 2984 2530 πέπρωται
3024 2457 3275 2527 γενέσθαι
3327 2457 3648 2527 τεκτονικῷ,

2083 2550 2240 2622 οὗτος
2282 2555 2386 2609 κᾶν
2435 2555 2685 2624 ἀποκοπῇ
2715 2551 2793 2606 τὼ
2821 2554 2989 2623 χεῖρε,
3013 2550 3322 2614 τεκτονικὸς
3349 2549 3524 2603 ἔσται.
3559 2550 3653 2603 Καὶ

2087 2650 2190 2720 ’ίτῳ
2232 2648 2389 2718 νίκην
2439 2648 2498 2698 ὲν
2538 2644 2809 2715 Ὀλυμπίᾳ
2850 2643 3052 2715 δρόμου
3104 2641 3359 2714 ἄρασθαι,
3393 2636 3551 2705 οὗτος
3593 2641 3649 2703 δ’.

2084 2740 2192 2794 οὐδ’
2219 2741 2267 2792 εί
2308 2738 2590 2811 πηρωθείη
2620 2737 2680 2789 τὸ
2710 2734 2917 2797 σκέλος,
2947 2736 3322 2806 ἁμαρτήσεται
3352 2734 3459 2803 τῆς
3491 2733 3650 2804 νίκης.

2086 2835 2197 2889 Kal
2244 2836 2351 2905 ὅτῳ
2395 2832 2618 2886 ἕνευσαν
2649 2831 2833 2901 μοῖραι
2856 2828 2918 2882 τὸ
2941 2828 2997 2880 ὲν
3020 2827 3205 2898 τοξικῇ
3238 2826 3467 2898 κράτος,
3495 2820 3651 2888 οὗτος,

2085 2927 2193 2981 οὐδ’
2222 2927 2271 2979 εἰ
2302 2923 2564 2979 ἀποϐάλοι
2597 2921 2708 2994 (97)
2739 2925 2837 2985 τὰς
2858 2920 3028 2989 ὄψεις,
3056 2921 3370 2972 ἐκπεσεῖται
3395 2917 3496 2971 τοῦ
3540 2932 3653 2970 σκο-

2087 3018 2189 3073 ποῦ
2220 3017 2352 3090 (98).
2386 3036 2405 3067 ι
2440 3015 2678 3079 Τούτοις,
2704 3013 2793 3066 τὸν
2837 3013 3069 3082 ἄρχοντα
3108 3009 3439 3075 κολακεύων,
3485 3008 3656 3077 ἐπιφέ-

406 3114 575 3169 scopo
604 3114 715 3153 non
753 3099 1049 3154 aberrabit.
1080 3119 1100 3152 ι
1141 3098 1237 3155 llis
1266 3114 1420 3164 vero,
1455 3100 1776 3156 adulaturus
1809 3102 1983 3171 impe-

2097 3127 2174 3181 ρει
2219 3108 2424 3176 λέγων’
2467 3125 2485 3157 ‹
2520 3104 2601 3158 Τά
2641 3104 2697 3158 δὲ
2743 3102 2850 3157 τῶν
2884 3101 3145 3171 βασιλέων
3199 3101 3407 3169 ἔλεγον,
3442 3103 3504 3165 ἐς
3545 3099 3658 3161 τοὺς

406 3190 598 3254 ratori,
635 3190 910 3245 subnectit
937 3197 991 3246 et
1021 3191 1169 3246 ista:
1209 3209 1227 3241 ι
1270 3189 1480 3262 Regum
1507 3198 1694 3245 autem
1737 3193 1985 3264 exemplo

407 3296 541 3338 usus
566 3298 709 3348 sum,
739 3282 808 3336 ad
840 3281 1087 3339 Acrisios
1135 3285 1436 3353 respiciens
1463 3292 1517 3339 et
1554 3283 1715 3338 Laios
1736 3324 1750 3347 ,
1791 3284 1988 3355 Astya-

408 3388 635 3444 gemque
665 3374 900 3438 Medum,
927 3382 981 3431 et
1007 3374 1316 3445 complures
1332 3375 1493 3437 alios,
1512 3376 1605 3444 qui
1634 3375 1771 3431 bene
1797 3376 1899 3431 sibi
1931 3376 1986 3430 in

406 3464 723 3536 hujusmodi
755 3466 920 3522 rebus
943 3466 1287 3525 consuluisse
1317 3466 1424 3524 sibi
1453 3466 1799 3523 videbantur.
1833 3466 1986 3533 Quo-

406 3574 530 3615 rum
559 3559 651 3614 alii
687 3558 851 3623 ﬁlios,
887 3567 1114 3628 nepotes
1145 3558 1236 3615 alii
1279 3574 1310 3615 e
1353 3557 1533 3615 medio
1573 3558 1824 3614 sublatos
1865 3573 1988 3613 esse

408 3658 686 3719 putantes,
714 3650 784 3706 ab
824 3650 1016 3707 iisdem
1062 3650 1171 3707 illis
1201 3651 1419 3721 spoliati
1449 3659 1579 3706 sunt
1618 3652 1869 3721 imperio,
1900 3666 1989 3705 re-

407 3741 803 3798 viviscentibus
834 3742 1015 3812 quasi,
1042 3748 1103 3796 ut
1132 3741 1185 3797 in
1209 3741 1360 3812 ipsos
1398 3742 1694 3808 insilirent,
1724 3742 1989 3813 adjuvan-

408 3833 554 3888 tibus
580 3830 727 3887 l‘atis.
770 3830 931 3898 Quod
965 3831 1013 3887 si
1048 3831 1305 3887 adulandi
1337 3833 1518 3888 studio
1545 3840 1779 3896 tenerer,
1803 3833 1989 3888 dicere

411 3937 632 3994 possem
653 3926 817 3979 etiam
853 3932 976 3980 tuas
1004 3925 1187 3980 animo
1230 3940 1351 3980 meo
1378 3941 1467 3980 res
1488 3940 1614 3981 esse
1645 3926 1985 3988 obversatas,

411 4014 675 4084 quandoa
694 4012 913 4071 Vitellio
931 4017 1289 4081 obsidebaris,
1310 4017 1683 4088 templumque
1714 4017 1866 4074 Jovis
1888 4033 1988 4088 op-

413 4106 531 4160 timi
561 4105 964 4162 accendebatur
992 4107 1047 4162 in
1078 4123 1291 4164 summo
1306 4108 1462 4165 urbis
1488 4109 1712 4164 vertice.
1745 4108 1839 4166 llle
1860 4125 1991 4164 vero

413 4198 554 4254 bene
578 4213 637 4253 se
663 4212 752 4253 res
785 4214 915 4254 suas
966 4198 1246 4256 habituras
1291 4200 1548 4270 putabat,
1581 4200 1746 4255 modo
1774 4209 1834 4256 tu
1869 4202 1991 4271 ejus

412 4306 485 4346 ne
514 4290 772 4348 evaderes
805 4307 1021 4348 manus.
1077 4291 1254 4363 Atque
1285 4292 1609 4349 adolescens
1659 4302 1789 4348 tunc
1830 4294 1991 4364 plane

413 4399 575 4448 eras,
605 4399 783 4455 neque
829 4384 961 4439 dum
1000 4383 1180 4455 qualis
1236 4401 1383 4441 nunc
1435 4401 1515 4441 es.
1565 4384 1987 4453 Verumtamen,

2103 3201 2405 3271 Ἀκρισίους
2445 3198 2615 3269 δήπου
2658 3195 2820 3267 ὁρῶν,
2857 3194 3097 3256 καὶτοὺς
3124 3194 3345 3255 Λαῒους,
3365 3191 3657 3259 Ἀστυάγην

2087 3310 2148 3346 τε
2175 3293 2265 3345 τὸν
2304 3290 2508 3360 Μῆδον,
2547 3288 2641 3342 καὶ
2674 3287 2902 3350 πολλοὺς
2934 3284 3125 3350 ἄλλους
3159 3284 3291 3355 (99),
3333 3278 3395 3337 εὖ
3426 3280 3657 3335 τίθεσθαι

2087 3386 2155 3439 τὰ
2186 3384 2409 3438 τοιαῦτα
2432 3382 2690 3449 δόξαντας
2721 3379 2797 3449 (I)
2815 3397 2829 3410 ·
2861 3374 2936 3432 ὧν
2965 3379 3015 3432 οἱ
3046 3379 3143 3448 μὲν
3172 3377 3388 3441 παῖδας,
3417 3379 3468 3429 οἱ
3500 3374 3555 3429 δὲ
3580 3375 3657 3441 ἐγ-

2087 3478 2279 3546 γόνους
2330 3473 2669 3528 ἀποκτείνειν
2721 3470 3016 3541 οίηθέντες,
3047 3467 3406 3541 ἀφῃρέθησαν
3452 3464 3658 3520 ὑπἀὐ-

2088 3567 2196 3622 τῶν
2224 3565 2284 3619 τὸ
2319 3563 2638 3635 βασιλεύειν,
2670 3562 2983 3630 ἀναφύντων
3004 3562 3089 3614 ἐπ’
3122 3558 3316 3620 αὐτοὺς
3341 3556 3402 3621 ἐξ
3432 3552 3660 3625 ἀφανοῦς

2090 3658 2188 3711 σὺν
2218 3654 2295 3725 τῷ
2328 3653 2696 3725 πεπρωμένῳ.
2727 3650 2835 3705 Kal
2870 3652 2920 3703 si
2954 3649 3052 3721 μὲν
3075 3648 3307 3717 ἠγάπων
3345 3645 3658 3699 κολακευτι-

2089 3746 2190 3819 κὴν
2220 3744 2317 3817 (2),
2342 3741 2494 3798 εἶπον
2539 3744 2604 3797 ἂν
2637 3743 2732 3797 καί
2783 3742 2852 3796 τά
2901 3742 2969 3795 σά
3007 3740 3082 3811 (5)
3130 3738 3551 3809 ἐντεθυμῆσθαι,
3582 3738 3659 3791 δτι

2089 3838 2358 3908 ἀπείληψο
2395 3836 2493 3906 μὲν
2527 3836 2633 3889 ὑπὸ
2671 3833 2942 3888 Βιτελλίου
2980 3832 3077 3904 (4),
3107 3830 3534 3903 κατεπίμπρατο
3560 3828 3662 3885 διὸ

2090 3931 2225 3995 νεὼς
2250 3930 2342 3984 τοῦ
2370 3931 2488 3994 Διὸς
2515 3929 2643 4001 περ).
2671 3927 2770 3991 τάς
2793 3927 2963 3998 ὀφρῦς
2985 3926 3079 3979 τοῦ
3104 3925 3440 3988 ἄστεος.”οδ’
3470 3920 3531 3978 εὖ
3555 3921 3658 3977 κεί-

2092 4017 2297 4071 σεσθαι’
2323 4017 2390 4071 τά
2444 4018 2638 4071 ἑαυτοῦ
2682 4015 2937 4085 ἔφασκεν,
2965 4016 3014 4067 εί
3061 4013 3134 4085 μὴ
3171 4013 3456 4082 διαφύγοις
3487 4011 3658 4067 αὐτόν.

2091 4109 2285 4162 Καίτοι
2316 4107 2596 4179 μειράκιον
2633 4104 2832 4168 ἱκανῶς
2851 4101 3017 4176 ἦσθα,
3044 4105 3138 4158 καὶ
3164 4102 3317 4157 οὔπω
3341 4096 3513 4168 οὗτος.
3533 4101 3659 4155 Ἀλλ’

2091 4203 2240 4275 ὅμως
2270 4205 2364 4256 ἐπὶ
2392 4203 2606 4275 μοίραις
2628 4200 2802 4255 ὲδόκει
2831 4201 3013 4272 ἒτερα’
3039 4202 3068 4254 ό
3093 4200 3189 4271 μὲν
3215 4199 3465 4254 ἀπώλετο
3482 4200 3659 4261 αὑταῖς

2097 4295 2331 4366 βουλαῖς,
2364 4295 2427 4347 σὺ
2461 4294 2519 4347 δὲ
2549 4292 2618 4346 τὰ
2645 4291 2852 4345 ἐκείνου
2880 4291 2974 4345 νῦν
2993 4290 3154 4361 ἔχεις.
3174 4292 3328 4344 Ἐπεὶ
3357 4291 3417 4345 δὲ
3440 4290 3660 4363 ἁρμονίᾳ

2094 4385 2451 4455 κολακευτικῇ
2487 4382 2720 4453 ἄχθομαι
2764 4382 2943 4452 (δοκεί
2983 4380 3091 4453 γάρ
3123 4397 3212 4452 μοι
3242 4380 3351 4434 τῶν
3380 4379 3658 4453 ἐκρύθμων

414 4475 542 4547 quia
573 4473 760 4530 Parcis
813 4476 973 4530 aliter
1023 4483 1108 4531 est
1153 4477 1375 4540 visum,
1427 4477 1678 4535 Vitellius
1732 4479 1986 4548 quidem,

2097 4495 2155 4531 τε
2191 4477 2283 4529 καὶ
2315 4476 2414 4528 οὐκ
2449 4474 2763 4543 εὐφθόγγων
2781 4474 2856 4545 (5)
2886 4470 3066 4546 εἶναι),
3084 4473 3376 4543 τετμήσθω
3404 4489 3493 4543 μοι
3519 4470 3656 4542 ἧδεή

488 4689 529 4719 ⁸⁷
572 4688 1020 4767 lib._ut,__c.__?7.
1099 4690 1143 4722 ¹⁸
1181 4691 1407 4767 lib._m,
1444 4709 1494 4750 c.
1537 4694 1623 4750 14.
1703 4698 1743 4730 ¹⁹
1784 4697 1876 4753 lib.
1916 4717 1965 4754 vr

2136 4701 2191 4754 ll
2229 4716 2243 4767 ;
2274 4706 2329 4754 et
2360 4700 2452 4754 lib.
2490 4715 2562 4753 νη
2598 4715 2649 4754 c.
2683 4699 2752 4754 3?.
2817 4696 2961 4755 conf.
3012 4706 3069 4754 et
3122 4713 3170 4754 ς.
3206 4714 3256 4754 c.
3294 4698 3385 4754 3i.

416 4772 542 4826 VIII,
575 4761 715 4814 c.~7.
789 4761 859 4793 ³ο*
896 4760 991 4818 lib.
1025 4777 1158 4825 vm,
1194 4776 1247 4816 c.
1286 4762 1335 4816 7.
1410 4772 1415 4778 ‘

487 4939 599 5011 (95)
638 4941 1116 5012 Κακοδαιμόνων.
1146 4941 1389 5011 Infelices
1411 4940 1643 4995 Romani
1665 4955 1884 5012 quoque
1909 4956 1992 4995 so—

414 5010 530 5068 lent
552 5027 752 5068 vocare
770 5010 1107 5082 eos.'quibus
1128 5028 1286 5068 mens
1308 5021 1394 5066 est
1439 5013 1568 5067 laeva
1580 5026 1604 5082 _;
1628 5010 1994 5082 κακοδαίμονα

415 5087 598 5137 autem
641 5091 697 5136 et
745 5079 1036 5154 εὐδαίμονα
1070 5082 1446 5154 εἷναιεὶεμεεεε,
1479 5080 1682 5151 quibus
1729 5079 1997 5154 bene__vel

418 5168 578 5275 sectas
595 5150 912 5274 tconstituta
928 5167 1083 5207 mens
1103 5162 1207 5218 est,
1240 5152 1307 5209 ad
1330 5150 1718 5206 Philostratum
1747 5150 1996 5219 pluribus

418 5237 518 5275 pro
560 5237 588 5274 a
619 5238 731 5275 um.

457 5229 731 5276 robatum.

417 5237 974 5364 Ρΐῖἕὲἶῗὶὶηάσιλείαν
996 5294 1209 5364 τούτῳ.
1247 5292 1393 5364 ίΑιιιρ,
1422 5293 1686 5362 scriptum
1710 5296 1829 5346 erat
1848 5288 1999 5359 βασι-

416 5361 593 5425 λείαςζ
625 5361 895 5433 Eusebius
924 5363 1087 5433 habet
1118 5361 1393 5433 βασιλείαν
1425 5379 1522 5432 τῳ.

492 5432 601 5501 (97)
655 5432 984 5487 Ἅποὸάλοι.
1025 5430 1217 5488 Veri'or
1245 5433 1393 5488 haud
1415 5430 1581 5486 dubie
1623 5430 1809 5494 lectio,
1833 5446 1998 5501 quam

419 5511 472 5572 et
498 5500 776 5572 (Philostr.
810 5505 1078 5572 agnoscit,
1113 5512 1168 5559 et
1216 5518 1320 5558 ms.
1355 5503 1579 5557 Morello
1628 5501 1829 5560 visum.
1854 5500 1999 5559 Editi

421 5569 693 5626 habebant
717 5569 1028 5627 ἀποϐάλλει.

494 5640 607 5700 (98)
650 5640 906 5695 Σκοποῦ.
948 5642 1025 5695 Ita
1057 5639 1315 5696 Philostr.
1349 5641 1820 5709 Εάἰιί,εύσκόπου.

495 5710 605 5775 (99)
649 5711 921 5781 Ἄλλους.
966 5711 1247 5773 Philostr.,
1271 5712 1511 5781 ἑτέρους,
1544 5726 1716 5781 quam
1754 5716 1806 5768 in
1849 5727 1993 5767 mar-

424 5781 547 5851 gine
571 5780 856 5835 lectionem
895 5783 1226 5851 ascripserat
1257 5780 1471 5854 quoque
1511 5780 1720 5837 Morell.

3484 4696 3532 4728 ⁸⁸
3572 4694 3655 4748 lib.

2173 4942 2249 5011 (I)
2296 4943 2373 4997 Τὰ
2396 4944 2639 4999 τοιαῦτα
2670 4944 2798 5010 δόξ.
2841 4943 3125 5011 Philostr.,
3149 4948 3216 5000 τά
3243 4947 3425 5000 αὐτῶν
3450 4943 3661 5000 τοιαῦτα

2100 5015 2159 5067 ὲν
2179 5015 2319 5086 ἀρχῇ
2344 5013 2614 5078 δόξαντας.

2445 5087 2497 5139 εὶ
2540 5087 2657 5156 μὲν
2703 5084 2949 5155 ἠγάπων
3000 5085 3460 5156 κολακευτικήν.
3505 5082 3656 5156 Apud

2099 5152 2392 5211 Eusebium
2427 5165 2546 5211 erat
2583 5152 2981 5221 κολακευτικόν,
3016 5158 3156 5212 male
3195 5158 3359 5212 etiam
3380 5152 3500 5223 post
3528 5152 3661 5223 ἠγά-

2102 5241 2219 5277 πων
2265 5240 2479 5298 ρρῃιηιιι
2521 5227 3181 5298 ponebatur._L‘trumque
3229 5227 3482 5283 mendum
3525 5240 3658 5295 prac-

2101 5305 2264 5350 eunte
2295 5295 2629 5350 Philostrato
2662 5296 2879 5351 sustuli.

2178 5366 2253 5434 (3)
2300 5369 2378 5421 Τὰ
2399 5365 2502 5421 σά.
2544 5366 2732 5420 Melior
2762 5366 2905 5420 haud
2935 5366 3098 5422 dubie
3123 5373 3210 5421 est
3236 5366 3402 5422 lectio
3434 5367 3562 5426 hcc.
3592 5379 3654 5434 ex

2106 5433 2441 5491 Philestrato
2491 5443 2764 5499 revocata,
2797 5451 2960 5506 quam
2992 5436 3136 5507 quod
3176 5436 3232 5491 in
3259 5438 3420 5493 editis
3448 5433 3652 5491 Eusebii

2105 5513 2189 5560 est
2217 5506 2362 5573 τάδε,
2401 5508 2480 5561 sic
2511 5507 2655 5561 enim
2682 5507 2959 5576 sequentia
2994 5506 3177 5575 aptius
3201 5507 3483 5562 cohaerent.

2178 5578 2254 5647 (4)
2292 5578 2626 5631 Βιτελλίου.
2669 5576 2930 5631 Philostr.
2959 5578 3107 5647 addit
3136 5577 3385 5630 ἐνταῦθα.

2176 5645 2250 5716 (5)
2291 5650 2683 5716 Εὐφθόγγωνε
2698 5647 2867 5700 Antea
2890 5646 3175 5715 ἀφθόγγων
3207 5648 3367 5710 male,
3392 5645 3641 5716 Hatsrsrt

2100 5714 2302 5789 Nempe
2322 5714 2636 5787 εὐφθόγγων
2662 5714 2976 5773 Philostrati
3006 5718 3171 5772 etiam
3197 5716 3410 5772 codices
3438 5714 3647 5770 habent.
