3830 6260
205 296 294 367 85'?

1289 309 1492 365 LIBER
1530 309 1805 368 CONTRA
1845 307 2265 367 HIEROCLEM.

3314 311 3422 369 858

209 424 367 498 nepa,
392 422 481 479 καὶ
523 423 686 495 μηδὲν
711 424 849 497 ἡγοῦ
879 426 986 480 τῶν
1021 427 1129 482 σῶν
1159 430 1556 503 ἐντεθυμῆσθαί
1588 450 1677 504 με.
1720 450 1739 485 ι

1854 433 1976 486 dum
2009 431 2112 487 ista
2142 436 2325 501 ageret
2356 428 2583 485 consilia
2608 470 2624 495 ,
2676 429 2819 483 male
2846 426 3028 500 periit,
3053 435 3112 483 tu
3135 442 3267 483 vero
3305 443 3425 490 quite

206 515 288 570 Διὰ
311 511 502 567 τούτων
541 513 596 568 δὲ
619 515 756 585 ὁμοῦ
780 516 870 570 τὸν
902 516 1069 591 ἀνδρα
1097 519 1327 584 κόλακα,
1361 524 1455 576 καὶ
1481 523 1740 594 ψεύστην,

205 606 284 662 καὶ
310 604 474 659 πάντα
502 604 696 675 μᾶλλον
722 606 755 677 ἢ
791 609 1095 679 φιλόσοφον,
1124 615 1153 667 6
1189 614 1329 687 ὑπὲρ
1357 615 1455 685 τῆς
1484 615 1745 689 ἀληθείας

205 695 469 767 παρίστησι
514 695 665 766 λόγος
689 698 786 769 (6).
818 700 1065 757 Τοσαῦτα
1113 704 1223 776 γὰρ
1270 705 1531 779 πρότερον
1575 707 1744 763 εἰπὼν

204 789 326 844 κατά
349 787 436 841 τοῦ
466 789 807 859 Δομετιανοῦ,
852 794 1135 849 κολακεύει
1170 796 1262 850 νῦν
1284 799 1312 851 6
1337 798 1616 867 γεννάδας,
1650 800 1744 854 καὶ

203 879 647 952 καθυποκρίνεται,
682 883 759 947 ὡς
806 884 960 938 οὐδέν
1000 903 1051 941 τι
1090 891 1209 942 κατ’
1236 889 1424 955 αὐτοῦ,
1461 890 1657 961 μᾶλλον
1687 892 1744 945 δὲ

202 969 325 1041 ὑπὲρ
352 968 530 1035 αὑτοῦ,
565 971 671 1027 τῶν
710 974 838 1048 περὶ
871 976 1075 1047 μοιρῶν
1106 979 1254 1051 αὐτῷ
1285 982 1378 1034 καὶ
1410 981 1654 1052 ἀνάγκης
1685 987 1745 1037 ἐν

210 1062 365 1134 Ἰωνίᾳ
398 1064 783 1135 κεκινημένων.
803 1068 1060 1123 Ἀνάλαῦε
1096 1071 1236 1142 δῆτα
1274 1074 1373 1145 τὴν
1408 1074 1668 1146 ἱστορίαν,
1699 1070 1744 1130 ὧ

202 1154 525 1224 συγγραφεῦ,
574 1157 667 1209 καὶ
722 1158 822 1229 τῆς
869 1160 1124 1231 ἀληθείας
1177 1164 1440 1237 διανήψας
1495 1165 1622 1238 (7)
1675 1169 1744 1222 τά

200 1246 440 1318 πρότερόν
511 1263 592 1301 σοι
647 1251 926 1322 γραφέντα
993 1252 1222 1328 λαμπρᾷ
1285 1257 1379 1310 καὶ
1464 1256 1743 1330 φιλαλήθει

197 1337 348 1393 δίελθε
401 1338 473 1410 (8)
530 1344 593 1412 τῇ
643 1344 831 1414 φωνῇ,
879 1344 1046 1416 μηδὲν
1098 1347 1584 1420 ὑποστειλάμενος·
1633 1351 1743 1416 ⁸ος,

198 1433 247 1486 ἐν
305 1433 501 1504 Ἐφέσῳ
566 1434 882 1506 διατρίὸων,
933 1456 950 1488 ι
1012 1440 1215 1511 ἀφίστη
1275 1441 1603 1513 Δομετιανοῦ
1656 1442 1745 1497 ἀν-

197 1521 311 1593 δρας
339 1521 431 1593 (9),
458 1525 551 1577 καὶ
580 1525 721 1597 ὑπὲρ
755 1526 1008 1581 ἁπάντων
1031 1529 1298 1603 ἐρρὡνυε
1331 1534 1623 1605 σωτηρίας·
1649 1535 1745 1589 καὶ

194 1614 280 1676 τὰς
321 1614 416 1685 μὲν
455 1616 901 1688 ἐπιστολιμαίους
933 1620 1149 1691 ὁμιλίας
1191 1622 1302 1694 (10)
1334 1625 1434 1677 οὐκ
1478 1624 1743 1693 ἀσφαλεῖς

194 1707 356 1770 αὐτοῖς
380 1705 543 1777 ᾤετο,
582 1710 690 1762 τῶν
721 1710 778 1764 δὲ
811 1712 1043 1784 ἑταίρων
1072 1716 1197 1778 τοὺς
1233 1716 1739 1788 σωφρονεστάτους,

1847 524 1996 578 illius
2020 529 2176 577 erant
2201 536 2350 576 nunc
2407 521 2679 592 possides.
2732 519 2838 576 Sed
2878 522 3134 591 quoniam
3176 518 3425 575 adulato-

1846 631 1968 670 rum
2005 623 2203 671 cantus
2239 630 2326 670 me
2356 614 2604 679 oll'endit,
2638 612 2877 676 (videtur
2899 612 3043 671 enim
3077 612 3211 667 mihi
3243 612 3423 669 disso-

1845 723 1950 762 nus
1975 721 2100 763 esse
2128 720 2191 760 ac
2219 704 2476 776 discors.)
2514 704 2815 775 rumpenda
2854 704 2984 759 mihi
3019 705 3123 759 ista
3151 710 3236 759 est
3262 702 3425 757 chor-

1845 799 1934 854 da.
1989 797 2176 869 Neque
2222 798 2382 854 velim
2429 806 2487 852 ut
2534 797 2816 853 arbitreris
2872 798 2940 852 de
2980 797 3092 852 tuis
3124 796 3289 852 rebus
3334 810 3422 850 me

1847 887 2142 957 cogitasse.
2210 906 2230 939 ι
2286 886 2384 943 His
2440 893 2621 942 autem
2672 886 3013 956 Apollonium
3084 885 3418 940 adulatoretu

1839 979 1999 1050 juxta
2050 986 2101 1034 et
2134 979 2473 1044 mendacem,
2505 985 2559 1034 et
2582 978 2797 1049 quidvis
2830 978 3010 1048 potius
3047 991 3208 1047 quam
3245 975 3421 1046 philo-

1845 1073 2099 1141 s0phum,
2135 1072 2295 1127 nobis
2338 1072 2486 1127 sistit
2538 1070 2767 1126 historia
2817 1071 2955 1135 ista,
3011 1069 3255 1125 veritatis
3284 1066 3422 1122 adeo

1846 1164 2113 1220 studiosa.
2143 1163 2390 1235 Namque
2416 1163 2557 1219 idem
2579 1204 2594 1230 ,
2626 1164 2723 1234 qui
2751 1163 2988 1234 graviter
3016 1163 3150 1218 adeo
3175 1164 3329 1233 prius
3362 1162 3421 1218 ia

1848 1255 2215 1312 Domitianum
2268 1256 2449 1313 fuerat
2504 1257 2787 1320 invectus,
2842 1270 2989 1310 nunc
3039 1254 3292 1310 adulatur
3337 1255 3424 1309 vir

1846 1356 2126 1412 strenuus,
2155 1351 2485 1422 simulatque
2521 1366 2585 1406 ac
2623 1352 2671 1407 si
2707 1366 2815 1406 non
2848 1358 3040 1406 contra
3086 1350 3261 1421 ipsum
3313 1347 3424 1404 ullo

1844 1442 2029 1506 modo,
2069 1442 2165 1498 sed
2192 1458 2291 1513 pro
2323 1443 2443 1513 ipso
2486 1444 2668 1513 potius
2715 1441 2948 1506 faciant,
2986 1456 3125 1512 quos
3177 1441 3235 1494 in
3274 1437 3425 1493 lonia

1843 1534 1960 1603 ipse
2004 1533 2072 1590 de
2093 1533 2219 1591 fatis
2264 1543 2426 1605 atque
2467 1537 2796 1593 necessitate
2831 1545 3075 1595 moverat
3115 1537 3424 1592 discursus.

1846 1623 2012 1680 Sume
2046 1626 2215 1697 igitur
2240 1626 2297 1680 in
2325 1641 2518 1683 manus
2548 1636 2717 1692 tuam,
2753 1643 2788 1683 ο
2824 1628 3080 1698 scriptor,
3105 1627 3424 1689 historiam,

1843 1725 1899 1772 et
1956 1718 2170 1773 veritati
2213 1719 2555 1789 pervigilium
2604 1735 2791 1790 agens,
2852 1730 3011 1775 antea
3074 1719 3170 1772 tibi
3229 1718 3285 1772 in
3337 1718 3426 1771 lit-

192 1797 354 1853 ἄλλοτε
382 1798 534 1853 ἄλλον
568 1802 991 1872 ἀπολαμϐάνων,
1026 1806 1301 1869 Διάκονον,
1330 1807 1478 1876 ἔλεγε
1504 1848 1519 1873 ,
1560 1809 1744 1862 ποιοῦ-

1854 1813 1995 1860 Leras
2031 1806 2204 1859 relata
2244 1807 2391 1860 clara
2443 1822 2574 1863 voce
2623 1818 2679 1862 et
2723 1808 2971 1865 veritatis
3012 1808 3250 1863 studium
3290 1821 3429 1877 pra:-

194 1891 276 1959 μαί
323 1908 377 1944 σε
410 1892 725 1964 ἀπορρήτου
770 1895 1044 1967 λαμπροῦ.
1087 1895 1308 1951 Βαδίσαι
1353 1898 1410 1952 δέ
1446 1915 1504 1952 σε
1538 1898 1644 1972 χρὴ
1683 1900 1742 1964 ἐς

200 1980 394 2054 Ῥώμην
426 1984 580 2057 παρὰ
617 1985 709 2039 τὸν
742 1986 916 2051 δεῖνα,
956 1989 1049 2042 κα)⁵
1097 1989 1439 2061 διαλεχθῆναί
1471 1993 1540 2045 οί,
1575 2012 1593 2043 ι
1632 1992 1742 2047 Kal.

188 2070 430 2141 διελέγετο
461 2075 560 2146 μὲν
620 2078 760 2148 ὑπὲρ
798 2078 1001 2149 μοιρῶν
1052 2082 1147 2134 καὶ
1187 2081 1464 2150 ἀνάγκης,
1520 2084 1614 2137 καὶ
1650 2084 1742 2137 τὸν

186 2163 321 2233 λόγον
342 2166 494 2238 διῄει,
522 2168 607 2221 δτι
640 2169 773 2241 μηδὲ
805 2173 854 2223 oi
884 2171 1135 2244 τύραννοι
1161 2172 1231 2225 τά
1260 2174 1464 2245 μοιρῶν
1494 2168 1597 2228 οἷοι
1627 2174 1744 2245 βιά-

188 2256 370 2321 ζεσθαι.
405 2262 513 2314 Καὶ
544 2261 624 2325 ὡς
658 2262 864 2333 χαλκῆς
908 2264 1113 2328 εἰκόνος
1157 2265 1448 2337 ἱδρυμένης
1483 2270 1743 2338 Δομετια-

186 2350 264 2404 νοῦ
290 2352 417 2421 πρὸς
439 2352 516 2425 τῷ
550 2355 782 2426 Μέλητι,
804 2357 1134 2430 ἐπιστρέψας
1162 2360 1220 2422 ἐς
1250 2358 1420 2427 αὐτὴν
1450 2361 1577 2423 τοὺς
1597 2376 1739 2431 παρ-

185 2441 342 2507 ὄντας-ο
374 2464 391 2495 ι
416 2445 635 2518 ’Δνόητε
660 2486 675 2510 ,
709 2442 881 2511 εἶπεν,
909 2448 985 2512 ὼς
1021 2449 1152 2503 πολὺ
1179 2450 1570 2522 διαμαρτάνεις
1621 2469 1741 2522 μοι-

187 2534 282 2608 ρῶν
309 2537 396 2590 καὶ
439 2538 708 2612 ἀνάγκης.
739 2533 809 2610 ᾯ
842 2539 952 2611 γὰρ
988 2539 1123 2611 μετά
1162 2541 1222 2594 σὲ
1253 2542 1608 2614 τυραννεῦσαι
1643 2544 1742 2597 πέ-

185 2642 374 2698 πρωται
394 2670 407 2692 ,
439 2631 632 2685 τοῦτον
678 2631 774 2685 καὶ
806 2632 855 2684 εί
888 2633 1285 2699 ἀποκτείνειας,
1320 2634 1735 2689 ἀναϐιώσεται.»

194 2718 243 2772 'tl
269 2720 326 2793 δὴ
353 2723 487 2794 μετά
517 2726 649 2789 τοὺς
675 2727 851 2791 τοίους
876 2725 1154 2794 διαλόγους
1195 2726 1506 2781 κολακεύων
1537 2727 1628 2780 τὸν
1649 2728 1743 2781 τύ-

186 2830 376 2884 ραννον,
401 2817 492 2870 καὶ
524 2818 696 2889 μηδέν
729 2836 781 2871 τι
806 2818 1009 2872 τούτων
1038 2818 1113 2882 ὡς
1142 2818 1280 2890 πρὸς
1305 2818 1469 2872 αὑτὸν
1493 2819 1741 2894 εἰρῆσθαι

182 2906 314 2978 αὑτῷ
346 2912 875 2982 κατειρωνευόμενος
897 2952 911 2975 ,
948 2910 1064 2976 πῶς
1089 2913 1150 2965 ού
1181 2913 1483 2985 μοχθηρίας
1521 2913 1742 2984 ἀπάσης

182 3001 264 3053 καὶ
287 3000 661 3075 ἀνελευθερίας
683 3003 927 3076 κριθείη;
958 3006 1006 3058 εί
1038 3005 1111 3077 μὴ
1135 3006 1244 3077 ἄρα
1274 3006 1642 3079 ψευδηγόρους
1669 3023 1744 3059 τι·

181 3089 264 3153 νὰς
301 3093 391 3146 καὶ
438 3095 784 3165 κατηγόρους
837 3094 932 3149 τοῦ
979 3097 1198 3168 ἀνδρὸς,
1248 3097 1369 3169 οὐχὶ
1413 3097 1470 3151 δὲ
1523 3097 1742 3169 ἀληθεῖς

1842 1906 2006 1954 eunte
2038 1896 2200 1969 540
2223 1900 2419 1968 relege,
2452 1916 2550 1955 nec
2582 1910 2632 1955 te
2655 1900 2931 1976 subducas
2959 1901 3087 1956 huic
3118 1899 3273 1956 oneri
3305 1913 3317 1949 :
3354 1896 3424 1954 Ut

1844 2005 2040 2060 nempe
2073 2004 2455 2049 commoratus
2478 1990 2675 2063 Ephes:
2711 1993 2781 2057 “,
2815 2010 2832 2044 ι
2873 2009 2903 2047 a
2939 1991 3250 2047 Domitiano
3281 1990 3429 2045 viros

1845 2082 2259 2148 abalienaverit,
2324 2090 2377 2138 et
2410 2090 2469 2137 ut
2492 2098 2847 2139 communem
2898 2089 3182 2137 tuerentur
3209 2079 3432 2135 liberta-

1845 2182 1954 2228 tem
2006 2174 2454 2230 conﬁrmaverit:
2490 2183 2656 2245 atque
2695 2173 3028 2229 commercia
3069 2171 3286 2244 quidem
3335 2185 3433 2241 per

1842 2268 2108 2337 epistolas
2142 2268 2329 2323 minus
2364 2278 2477 2321 tuta
2527 2268 2665 2338 ipsis
2697 2283 2819 2323 esse
2853 2265 3147 2339 putaverit.
3188 2263 3434 2335 adeoque

1845 2359 2112 2416 sodalium
2166 2361 2636 2432 prudentissimis,
2695 2360 2857 2415 modo
2878 2360 2984 2415 hoc
3035 2357 3200 2413 modo
3249 2355 3357 2413 alio
3396 2368 3434 2411 ιι

1850 2453 2010 2507 turba
2046 2452 2298 2515 seducto,
2322 2452 2527 2507 dixerit
2552 2469 2566 2505 :
2598 2451 2777 2522 Magni
2810 2459 2863 2507 te
2888 2450 3030 2507 facio
3055 2448 3238 2505 arcani
3268 2447 3428 2503 mini-

1844 2552 2040 2600 strum.
2091 2542 2319 2615 Oportet
2351 2552 2535 2600 autem
2565 2543 2792 2597 Roniam
2820 2550 2875 2598 te
2904 2542 3055 2598 abire
3082 2541 3149 2596 ad
3171 2541 3318 2595 hunc
3339 2541 3429 2595 vel

1847 2635 2026 2698 illum,
2060 2643 2223 2705 atque
2257 2650 2383 2690 cum
2430 2652 2496 2691 eo
2553 2635 2846 2691 disserere.
2882 2653 2900 2687 ι
2938 2632 3012 2688 Ut
3044 2634 3173 2689 item
3209 2631 3277 2688 de
3307 2631 3433 2689 fatis

1842 2738 1896 2782 et
1921 2728 2247 2783 necessitate
2263 2729 2478 2783 locutus
2492 2728 2563 2783 sit
2575 2730 2642 2793 “,
2659 2737 2821 2798 atque
2843 2725 3145 2781 ostenderit
3159 2724 3431 2789 oratione,

1844 2818 1989 2890 quod
2027 2836 2098 2876 ne
2144 2820 2363 2891 tyranni
2410 2819 2630 2890 quidem
2684 2818 2920 2874 fatorum
2964 2825 3180 2872 mutare
3217 2817 3433 2871 decreta

1845 2914 2083 2967 valeant.
2115 2910 2187 2966 Ut
2235 2927 2403 2982 porro
2446 2925 2599 2965 aenea
2652 2925 2777 2965 cum
2809 2916 2957 2965 esset
3005 2907 3317 2964 Domitiano
3365 2906 3435 2959 ad

1845 3003 2097 3059 Meletem
2125 3002 2352 3058 ﬂuvium
2385 3003 2566 3074 posita
2607 3008 2812 3064 statua,
2840 3001 2895 3055 in
2917 3015 3037 3055 eam
3069 3007 3131 3054 ut
3156 3001 3436 3054 intueren-

1843 3102 1937 3149 tur
1972 3136 1988 3161 ,
2046 3107 2347 3167 praesentes
2411 3110 2604 3151 omnes
2641 3091 2975 3164 permoverit
3006 3132 3022 3156 ,
3089 3091 3430 3161 dixeritque:

183 3186 545 3259 συγγραφέας,
584 3186 705 3259 θείη
741 3205 825 3252 τις
858 3188 983 3252 τοὺς
1006 3187 1180 3241 ταῦτα
1212 3190 1397 3261 μνήμῃ
1427 3188 1741 3259 παραδεδωε

1854 3209 1871 3240 ι
1896 3189 1940 3244 Ο
1958 3190 2144 3255 stulte,
2157 3205 2320 3259 quam
2335 3187 2571 3244 fatorum
2589 3189 2810 3259 ignoras
2825 3186 3064 3243 indolem
3082 3197 3243 3258 atque
3254 3201 3440 3241 neces-

182 3270 345 3337 κότας.
389 3276 497 3330 Καὶ
542 3276 651 3330 ποῦ
701 3278 793 3331 τοῦ
847 3278 1224 3345 Φιλαλήθους
1263 3300 1281 3330 ι
1312 3281 1362 3332 οἱ
1410 3278 1743 3343 παιδεύσεως

183 3362 271 3430 μὲν
306 3366 392 3418 ἐπὶ
442 3367 702 3421 πλεῖστον
747 3370 1006 3440 ἥκοντες,
1041 3372 1102 3422 τὸ
1151 3371 1195 3423 δ’
1235 3370 1433 3442 ἀληθὲς
1478 3370 1744 3442 τιμῶντες

182 3461 526 3528 ονγγραφεῖς;
564 3480 584 3512 s
622 3461 796 3533 Δάμις
834 3479 893 3514 τε
922 3464 949 3516 6
984 3462 1272 3533 φιλόσοφος
1293 3503 1307 3526 ,
1344 3466 1372 3516 6
1404 3465 1498 3517 καὶ
1531 3464 1745 3517 συνδια-

178 3546 356 3616 τρίψας
387 3550 465 3622 τῷ
491 3552 829 3623 δηλουμένῳ,
867 3554 960 3606 καὶ
989 3553 1345 3625 Φιλόστρατος
1377 3557 1405 3607 6
1443 3554 1742 3626 Ἀθηναῖος,

178 3638 260 3708 ἀφ’
288 3635 360 3697 ὧν
399 3644 578 3699 ταῦτα
619 3646 977 3717 παρατίθεται
998 3664 1012 3677 ’
1047 3646 1141 3711 οὒς
1173 3647 1358 3716 σαφῶς
1391 3647 1562 3711 οὕτως
1596 3649 1750 3701 ὲναν-

177 3734 559 3804 τιολογοῦντας,
597 3736 983 3809 κομπάζοντάς
1014 3756 1076 3792 τε
1109 3738 1346 3811 ἀληθῶς,
1377 3739 1470 3793 καὶ
1504 3743 1617 3803 τοῖς
1654 3757 1751 3811 μαι

178 3824 407 3895 χομένοις
484 3831 933 3902 παρισταμένους
992 3830 1231 3901 ψεύστας
1296 3830 1576 3903 ἐναργῶς,
1655 3832 1749 3884 καὶ

175 3916 552 3990 ἀπαιδεύτους,
609 3925 704 3977 καὶ
746 3924 948 3995 γόητας
990 3924 1090 3996 τῆς
1141 3923 1397 3997 ἀληθείας
1439 3925 1501 3977 τὸ
1550 3923 1749 3993 φέγγος

174 4007 456 4082 διήλεγξεν.

1852 3281 2052 3337 sitatis.
2079 3280 2180 3335 Cui
2215 3281 2362 3336 enim
2395 3282 2464 3337 ab
2488 3282 2589 3345 eis,
2616 3289 2677 3335 ut
2695 3287 2820 3350 post
2839 3288 2892 3335 te
2926 3280 3177 3353 imperet,
3213 3278 3318 3333 fuit
3345 3279 3437 3335 de-

1848 3379 2083 3436 cretum,
2105 3372 2216 3436 ille,
2241 3372 2289 3426 si
2310 3375 2547 3442 perimas
2567 3373 2752 3437 etiam,
2770 3370 3110 3427 reviviscet.»
3142 3370 3261 3427 Ιοιη
3278 3387 3430 3443 ergo,

1854 3464 1950 3536 qui
1991 3472 2115 3534 post
2147 3479 2433 3521 sermones
2454 3464 2725 3534 ejusmodi
2757 3463 3015 3519 adulatur
3062 3471 3319 3535 tyranno,
3351 3473 3434 3519 at-

1853 3572 1960 3626 que
1994 3555 2130 3609 nihil
2187 3571 2378 3612 eorum
2437 3556 2493 3610 in
2547 3557 2724 3626 ipsum
2777 3554 2986 3610 dictum
3021 3570 3145 3611 esse
3188 3554 3431 3622 simulat,

1850 3645 2126 3716 quomodo
2182 3647 2363 3702 omnis
2398 3647 2445 3701 is
2493 3645 2753 3715 nequitias
2798 3644 3079 3714 animique
3143 3644 3435 3701 illiberalis

1850 3754 1980 3794 reus
1998 3753 2106 3792 non
2143 3738 2375 3808 agatur?
2406 3736 2517 3794 Nisi
2568 3736 2708 3793 forte
2745 3737 3037 3793 mendaces
3089 3736 3433 3807 quosdamet

1852 3830 2281 3887 calumniatores
2309 3830 2585 3901 Apollonii
2648 3845 2772 3886 esse
2806 3836 3030 3893 statuat,
3070 3844 3181 3884 non
3212 3844 3434 3886 veraces

1852 3932 2126 3986 auctores,
2161 3923 2276 3978 haec
2320 3923 2413 3994 qui
2449 3923 2725 3978 memoriae
2763 3922 3146 3993 prodiderunt.
3185 3921 3288 3978 Ubi
3315 3922 3435 3992 jam

1852 4014 2018 4085 igitur
2046 4015 2122 4068 illi
2146 4013 2460 4069 Philaletlu's
2496 4020 2769 4079 auctores,
2807 4032 2825 4065 ι
2850 4016 2941 4085 qui
2983 4015 3291 4071 eruditione
3313 4015 3434 4086 plu-

176 4102 359 4158 rimum
432 4104 725 4176 profecere
754 4147 770 4170 ,
845 4107 1198 4177 veritatisque
1231 4126 1251 4160 ›
1316 4106 1747 4162 studiosissimi?
1787 4103 1993 4172 Damis,
2029 4106 2274 4176 inquam,
2329 4106 2708 4178 philosophus,
2726 4107 2819 4175 qui
2847 4113 2901 4161 et
2961 4121 3147 4163 comes
3177 4107 3435 4164 assiduus

174 4197 237 4259 ei,
293 4198 359 4256 de
390 4216 504 4272 quo
536 4202 744 4273 agitur,
775 4201 898 4267 fuit,
942 4201 1404 4273 Atheuiensisque
1436 4199 1821 4266 Philostratus,
1867 4216 1896 4254 a
1929 4201 2131 4273 quibus
2182 4202 2287 4258 ista
2316 4201 2476 4257 nobis
2506 4208 2922 4273 proponuntur:
2955 4217 3093 4272 quos
3130 4201 3439 4257 luculenter

176 4294 298 4352 adeo
328 4298 432 4355 sibi
494 4314 807 4370 repugnare
872 4299 1029 4369 ipsis,
1065 4300 1369 4369 jactatores
1416 4308 1567 4355 certe
1593 4298 1945 4366 vanissimos,
2005 4306 2060 4354 et
2122 4298 2654 4355 contradictionibus
2686 4297 2803 4354 suis
2839 4296 3143 4369 spissorum
3198 4296 3435 4353 menda-

174 4389 371 4447 ciorum
404 4393 719 4457 convictos,
751 4392 1002 4448 indoctos
1037 4393 1167 4447 item
1200 4400 1256 4448 et
1304 4407 1497 4464 magos
1533 4394 1625 4447 lux
1656 4394 1907 4449 veritatis
1937 4393 2355 4450 demonstravit.

666 4512 1062 4566 ΚΕΦΑΛΔΙΟΝ
1120 4512 1250 4567 ΜΔ’.

2425 4509 2659 4566 CAPUT
2718 4508 2900 4565 XLIV.

244 4624 363 4678 Ἐπὶ
414 4629 554 4681 πᾶσι
588 4625 682 4680 τὸν
729 4623 1105 4691 Ἀπολλώνιον,
1138 4625 1520 4695 ἀπαλλαγέντα
1543 4625 1638 4680 τοῦ
1671 4626 1744 4681 δι-

1931 4626 2215 4682 Postremo
2236 4624 2588 4697 Apollonium
2627 4624 2840 4696 judicio
2881 4622 3194 4679 absolutum
3229 4636 3351 4678 sese
3378 4622 3439 4677 in

173 4719 459 4791 καπηρίου
480 4758 497 4783 ,
534 4722 597 4774 ἐν
629 4717 899 4789 Λεϐαδείᾳ
936 4716 1111 4771 ἐλθεῖν
1148 4719 1373 4789 ἱστορεῖ.
1420 4716 1753 4789 Βουλόμενόν

1861 4718 2163 4774 Lebadeam
2215 4715 2488 4788 recepisse
2539 4724 2809 4772 memorat
2830 4714 2896 4771 ”.
2924 4711 3171 4786 Cumque
3220 4714 3277 4769 iu
3305 4712 3443 4771 Tro:-

236 4898 276 4931 “
314 4900 411 4958 lib.
447 4874 529 4958 vn
552 4941 569 4969 ,
597 4916 647 4959 c.
684 4901 739 4962 8.
816 4902 863 4936 “
902 4901 999 4958 lib.
1037 4918 1150 4967 vn,
1182 4916 1231 4957 c.
1259 4900 1311 4959 9.
1392 4901 1438 4936 ³³
1478 4901 1574 4957 lib.
1611 4917 1743 4967 vtn,
1775 4916 1825 4959 c.
1864 4900 1954 4959 l9.

238 5053 310 5125 (θ)
359 5057 415 5108 '0
470 5057 626 5127 ὑπὲρ
672 5054 785 5127 τῆς
827 5056 1114 5124 ἀληθείας
1167 5056 1515 5127 παρίστησςιᾼ
1544 5057 1745 5127 λόγος.

174 5121 373 5183 Ιτοήἰεθ
396 5121 637 5183 dictum.
672 5121 879 5197 Nempe
913 5121 944 5180 a
975 5121 1222 5183 veritatis
1248 5121 1439 5181 studio
1460 5121 1752 5181 Philostra-

170 5201 297 5270 tum,
321 5208 488 5269 atque
534 5197 684 5270 istud
731 5196 1073 5270 σύγγραμμα
1121 5198 1243 5267 ejus
1268 5196 1752 5270 commendaverat

169 5262 468 5332 Hierocles,
501 5278 569 5323 ut
598 5268 785 5323 videre
811 5262 900 5323 est
931 5262 1095 5337 supra
1127 5262 1246 5338 cap.
1283 5266 1338 5321 2.

233 5338 307 5404 (7)
346 5340 687 5409 Διανήψας.
722 5339 1013 5410 ‘Acc‘olum
1047 5338 1101 5392 in
1127 5340 1243 5394 suis
1271 5338 1518 5410 διανίψας
1548 5338 1746 5410 legisse

169 5418 369 5480 certum
399 5417 485 5465 est
518 5407 695 5465 {nam
721 5409 997 5480 quomodo
1028 5417 1238 5480 vertere
1270 5407 1739 5480 aliasjpotuis'set:

167 5475 269 5547 Age
298 5480 544 5534 veritatis
584 5479 726 5549 fonte
739 5475 984 5533 'dilutam
1012 5488 1183 5549 repete
1212 5478 1348 5533 hanc
1382 5475 1533 5533 clara
1576 5490 1625 5534 et
1670 5481 1747 5533 in-

167 5561 328 5611 genua
376 5552 545 5606 voce?
578 5552 648 5604 At
699 5552 806 5605 ista
859 5548 1113 5620 lectione,
1157 5548 1742 5620 fatendumiingenue,

170 5629 272 5694 non
316 5622 577 5694 multum
598 5620 740 5677 lucis
762 5619 979 5694 accedit
1014 5620 1134 5676 loco
1164 5620 1420 5694 obscuro.
1453 5619 1598 5674 Nihil
1646 5636 1748 5694 ego

171 5690 382 5760 invenio
430 5690 613 5754 magis
656 5690 958 5760 probabile,
984 5705 1147 5760 quam
1175 5690 1461 5759 legendum
1496 5706 1619 5746 esse
1651 5690 1747 5745 καὶ

166 5758 231 5826 τῇ
261 5758 491 5832 abluat;
528 5758 815 5833 διανήψας,
848 5761 927 5817 sic
976 5758 1119 5818 enim
1165 5761 1302 5817 satis
1343 5761 1504 5833 plana
1538 5761 1744 5829 omnia,

1857 5072 2165 5128 sensusque
2214 5054 2444 5128 emergit
2486 5069 2597 5128 non
2646 5055 2834 5128 clarus)
2879 5062 3115 5119 tantum,
3148 5069 3338 5109 verum
3380 5063 3440 5128 et

1857 5124 2102 5197 elegans,
2138 5142 2300 5197 quem
2331 5124 2583 5197 proinde,
2611 5141 2738 5182 cum
2768 5126 2935 5181 alium
2968 5139 3079 5181 non
3110 5138 3350 5195 possem,
3380 5124 3444 5179 iu

1855 5196 2111 5254 versione
2139 5196 2302 5253 etiam
2333 5196 2601 5267 expressi.

1929 5271 2009 5338 (ὃ)
2048 5267 2363 5338 Γραερένζα
2386 5260 2630 5338 λαμπρᾷ
2655 5265 2757 5322 καὶ
2771 5265 3093 5338 Sequanos;
3110 5264 3327 5338 δίελθε.
3356 5260 3444 5338 Es

1855 5333 1960 5392 ms'.
2005 5333 2249 5408 reposui.
2300 5333 2478 5393 Ρείοιί
2499 5333 2689 5401 editio,
2748 5333 3029 5408 γραφέντα
3082 5333 3314 5408 λαμπρά
3341 5333 3443 5389 καὶ

1853 5404 2121 5480 φιλαλήθη
2159 5407 2355 5473 δίελθε,
2383 5409 2607 5463 alteram
2639 5404 2823 5480 autem
2859 5404 3144 5480 lectionem
3161 5404 3218 5459 et
3239 5404 3440 5460 distin-

1852 5475 2090 5550 ctionem
2110 5475 2398 5550 interpres
2423 5493 2641 5548 quoque
2655 5478 2940 5550 sequitur.
2976 5475 3254 5550 ῌοιετειι.

1923 5549 2001 5616 (9)
2046 5544 2315 5617 Ἀνδραξ-.
2354 5544 2608 5610 Nervam.
2653 5544 2872 5603 Ruﬂ‘um
2904 5556 2959 5602 et
2985 5546 3237 5610 Orﬁtum,
3268 5544 3338 5601 de
3363 5544 3435 5601 iis

1852 5618 2008 5690 enim
2031 5620 2211 5689 agitur
2239 5635 2304 5675 eo
2330 5634 2491 5690 quem
2532 5619 2756 5690 respicit
2782 5617 3099 5690 Philostrati
3133 5618 3273 5690 loco.

1926 5688 2041 5769 Ηρ)
2070 5687 2373 5769 ’Ὁμινῑιαςζ
2416 5687 2675 5747 Philosti'.
2712 5687 3039 5761 ξυμϐουλίας
3065 5689 3253 5754 habet,
3288 5694 3439 5769 quod

1852 5761 2027 5834 magis
2048 5761 2295 5832 probem.
