3830 6260
374 295 485 356 859

1051 295 1321 353 EUSEBII
1357 294 1839 353 CIESABIENSIS
1876 296 2026 354 OPP.
2068 295 2250 353 PARS
2281 296 2351 354 ll.
2382 325 2452 338 —
2490 290 2986 351 APOLOGETICA.

3503 289 3596 343 πθ

378 411 567 482 phonii
616 428 838 482 specum
888 412 1221 468 descendere
1269 410 1570 478 affectaret,
1616 413 1947 471 prohibitum

2061 431 2113 467 τε
2158 416 2216 478 ἐς
2265 410 2574 485 Τροφωνίου
2609 408 2906 471 κατελθεῖν,
2961 405 3035 478 μὴ
3071 402 3447 475 ἐπιτρέπεσθαι
3475 404 3598 473 πρὸς

377 504 446 559 ab
476 504 672 559 incolis
692 520 833 570 esse,
874 505 959 560 his
992 519 1210 574 quoque
1265 518 1483 575 magum
1506 520 1631 560 eum
1655 520 1777 560 esse
1820 519 1951 559 cen—

377 597 643 652 sentibus.
677 596 838 665 Atqui
869 597 1064 651 merito
1115 596 1235 664 ejus
1278 597 1355 649 rei
1393 597 1636 667 suspicio
1685 597 1947 659 obtineat,

377 689 423 745 si
454 690 578 760 quis
607 688 905 742 contulerit
935 689 1004 744 ab
1031 688 1186 742 initio
1209 687 1547 743 Philostrato
1581 688 1727 743 dicta
1765 687 1832 755 “,
1858 688 1949 743 ubi

375 796 518 851 :cgre
540 779 741 842 ferens,
786 780 1155 850 suspicionem
1200 779 1527 850 quibusdam
1577 795 1700 834 esse
1750 787 1949 844 ortam,

374 888 565 943 magus
588 872 733 942 quod
766 873 856 939 sit,
884 873 938 928 id
970 874 1148 943 ipsum
1192 873 1496 928 admiratus
1525 873 1700 943 inquit
1725 889 1738 925 :
1779 892 1797 923 ι
1821 871 1949 926 Em-

374 964 652 1035 pedoclem
701 973 865 1035 atque
925 963 1287 1036 Pythagoram
1316 965 1821 1034 Democritumque,
1857 965 1951 1034 qui

371 1056 690 1112 eorumdem
713 1071 991 1125 magorum
1017 1055 1327 1111 exstiterint
1353 1055 1631 1124 discipuli,
1669 1070 1949 1125 nunquam

375 1157 553 1202 tamen
575 1148 629 1202 in
647 1148 783 1203 artis
802 1148 948 1203 illius
972 1147 1341 1218 suspicionem
1377 1147 1625 1213 venisse;
1648 1143 1804 1215 54],
1833 1146 1952 1199 Pla-

373 1247 554 1294 tonem
571 1254 808 1309 quoque,
830 1239 1046 1293 tametsi
1066 1239 1135 1293 ab
1151 1235 1420 1309 Egyptiis
1437 1235 1811 1292 sacerdotibus
1826 1251 1951 1305 pro-

375 1332 661 1403 phetisque
690 1331 860 1384 multa
890 1330 1216 1401 accepisset,
1243 1344 1415 1400 eaque
1444 1328 1561 1383 suis
1593 1327 1747 1382 libris
1775 1327 1954 1382 inser-

375 1426 566 1489 uisset,
592 1438 933 1494 nequaquam
959 1431 1138 1478 tamen
1162 1423 1419 1493 cuiquam
1444 1422 1635 1493 magia
1668 1422 1947 1476 addictum

372 1518 549 1571 visum
591 1532 733 1571 esse.
766 1514 840 1569 De
870 1515 1161 1584 Apollonio
1191 1524 1373 1571 autem
1406 1515 1653 1570 nondum
1690 1515 1824 1570 satis
1853 1514 1953 1568 ho-

374 1607 612 1661 minibus
653 1607 980 1669 innotuisse,
1021 1606 1169 1676 quod
1216 1607 1467 1677 ingenua:
1503 1606 1786 1677 sapientiae
1816 1622 1952 1661 usus

374 1705 446 1756 sit
468 1702 816 1770 adjnmentis,
854 1717 1181 1772 magumque
1210 1700 1475 1755 creditum
1499 1715 1624 1755 esse
1639 1715 1783 1760 eum,
1805 1697 1950 1768 quod

2050 506 2163 560 τῶν
2191 504 2519 576 ἐπιχωρίων,
2543 503 2714 572 γόητα
2742 500 2835 553 καὶ
2864 498 3068 552 τούτων
3092 493 3400 567 ἡγουμένων
3431 494 3594 549 αὐτόν.

2050 597 2243 652 Καίτοι
2277 594 2425 660 ἄξιον
2469 593 2778 665 ἀπορῆσαι,
2828 588 3202 661 παραθέμενον
3233 584 3330 648 τὰς
3369 585 3426 636 ὲν
3471 585 3596 654 ἀρχῇ

2049 687 2142 741 τοῦ
2177 684 2543 756 Φιλοστράτου
2572 680 2764 746 λέξεις,
2791 680 2849 733 ἐν
2878 673 2964 742 αἷς
2985 676 3202 748 ἀπορῶν
3227 675 3256 727 ὃ
3278 691 3330 726 τι
3353 673 3416 744 δὴ
3447 672 3599 744 γόητα

2052 778 2209 832 αὐτὸν
2236 776 2614 847 ὑπειλήφασιν,
2647 773 2784 828 αὐτὰ
2814 771 2880 842 δὴ
2902 769 3073 824 ταῦτα
3103 766 3369 839 θαυμάζει
3405 765 3565 833 λέγων
3584 784 3596 796 ·

2059 889 2078 922 ι
2120 868 2488 940 Ἐμπεδοκλέα
2525 866 2621 937 μὲν
2648 865 2741 917 καὶ
2771 861 3113 932 Πυθαγόραν,
3142 861 3238 913 καὶ
3262 857 3601 930 Δημόκριτον,

2053 965 2167 1025 τοῖς
2193 962 2379 1023 αὐτοῖς
2405 959 2598 1030 μάγοις
2622 953 2985 1026 ὡμιληκότας,
3002 950 3152 1004 οὔπω
3173 948 3411 1019 ὑπῆχθαι
3433 947 3600 1020 τέχνηο

2054 1051 2317 1106 Πλάτωνά
2346 1067 2405 1103 τε
2429 1090 2444 1114 ,
2480 1046 2631 1117 παρὰ
2662 1046 2768 1098 τῶν
2820 1046 2878 1097 ὲν
2912 1042 3169 1111 Αἰγύπτῳ
3203 1038 3390 1110 ἱερέων
3426 1054 3483 1090 τε
3523 1036 3604 1091 καὶ

2056 1143 2353 1214 προφητῶν
2387 1140 2554 1194 πολλὰ
2583 1136 2973 1210 παρειληφότα,
3008 1135 3102 1187 καὶ
3127 1131 3300 1185 ταῦτα
3329 1131 3443 1193 τοῖς
3473 1129 3605 1192 ίδίοις

2052 1236 2393 1306 ἁναμίξαντα
2436 1233 2648 1301 λόγοις,
2694 1227 2943 1299 οὐδαμῶς
2989 1226 3137 1292 δόξαι
3178 1224 3285 1277 τισὶ
3342 1220 3605 1294 μαγεύειν.

2055 1327 2282 1382 Τουτονὶ
2314 1326 2372 1380 δὲ
2403 1325 2555 1379 οὖπω
2583 1320 2945 1393 γινώσκεσθαι
2991 1318 3120 1390 παρ’
3165 1315 3471 1389 ἀνθρώποις
3490 1356 3507 1380 ,
3535 1315 3609 1367 ὄίι

2053 1421 2119 1493 δὴ
2153 1420 2260 1474 ἀπὸ
2292 1419 2393 1488 τῆς
2445 1416 2705 1487 ἀληθινῆς
2731 1415 2956 1487 ὡρμᾶτο
2987 1412 3205 1481 σοφίας,
3245 1411 3417 1481 μάγον
3448 1408 3501 1461 ἃ
3522 1404 3611 1461 σῦ-

2054 1512 2144 1566 τὸν
2193 1509 2541 1581 νενομίσθαι,
2587 1507 2665 1578 τῷ
2701 1507 2893 1577 μάγοις
2926 1501 3307 1565 Βαϐυλωνίων,
3359 1499 3531 1553 Ἰνδῶν
3557 1514 3610 1551 τε

2055 1604 2342 1674 Βραχμᾶσι
2377 1600 2472 1654 καὶ
2502 1601 2615 1662 τοῖς
2644 1595 2955 1667 Αἰγυπτίων
2975 1596 3202 1665 Γυμνοῖς
3233 1590 3609 1663 ὡμιληκέναι.»

2055 1696 2119 1748 Τί
2164 1695 2299 1765 δῆτα
2349 1690 2443 1747 οὖν
2473 1694 2753 1764 εἰρήσεται
2786 1688 2922 1760 πρὸς
2956 1686 3146 1751 αὑτὸν,
3175 1679 3220 1738 ὦ
3261 1679 3447 1747 οὗτος
3481 1681 3615 1751 me;

371 1764 791 1867 Babyloniorum
816 1764 989 1869 magis
1018 1764 1562 1864 Brachmanibusque
1586 1764 1862 1856 Indorum,
1887 1808 1948 1848 ac

2061 1785 2135 1857 τῷ
2180 1786 2333 1857 ἀνδρὶ
2366 1784 2682 1857 τηλικοῦτον
2724 1784 3056 1852 ἐπεχειρεῖτο
3079 1818 3093 1839 ,
3137 1777 3212 1840 ὡς
3257 1776 3420 1847 μόνον
3460 1773 3617 1843 γόητα

372 1883 646 1956 :Egyptiis
677 1883 849 1940 Nudis
872 1900 931 1941 se
981 1886 1036 1940 in
1090 1883 1437 1953 disciplinam
1479 1883 1739 1938 dedisset.
1762 1901 1780 1933 ›
1810 1880 1947 1947 Quid

373 1979 537 2048 igitur
585 1976 917 2033 Philostrato
973 1976 1333 2048 responderi”,
1391 1975 1585 2039 amice,
1651 1973 1953 2029 convenit?

371 2068 574 2141 Nempe
600 2070 683 2124 vir
709 2070 812 2125 iste
860 2070 981 2140 ejus
1006 2070 1222 2141 generis
1245 2084 1336 2123 res
1360 2069 1579 2122 molitus
1622 2066 1745 2131 fuit,
1780 2075 1839 2120 ut
1863 2082 1952 2122 so-

372 2162 459 2217 lus
490 2162 689 2217 etnlim
726 2171 779 2217 et
806 2171 996 2216 nostra
1056 2169 1213 2216 aetate
1271 2160 1435 2215 fuerit
1464 2159 1684 2213 habitus
1734 2173 1946 2228 magus,

371 2267 483 2321 prae
509 2252 841 2321 ejuscemodi
903 2253 1056 2315 viris,
1109 2252 1204 2321 qui
1247 2251 1372 2305 licet
1419 2250 1663 2314 eosdem,
1700 2249 1847 2320 quod
1891 2257 1950 2302 ιιι

373 2343 592 2414 quidem
619 2346 722 2408 ais,
755 2344 965 2414 experti
1013 2343 1247 2398 fuissent
1291 2343 1605 2413 magistros,
1642 2349 1695 2397 et
1716 2357 1817 2398 suo
1868 2349 1953 2395 ta-

374 2451 496 2491 men
517 2451 632 2490 aavo
660 2437 805 2491 bona
837 2435 978 2490 fama
1006 2436 1178 2505 gavisi
1204 2442 1353 2498 sunt,
1380 2442 1435 2489 et
1475 2434 1711 2505 posteris
1734 2450 1954 2504 quoque

369 2527 1088 2598 temporihusphilosophiaa
1128 2542 1240 2582 sua:
1290 2527 1544 2580 virtutem
1596 2525 1952 2580 commenda—

369 2622 640 2677 tissimam
669 2621 959 2691 reliquere.
995 2621 1193 2674 Annon
1220 2620 1388 2690 igitur
1419 2619 1559 2673 ultra
1587 2634 1751 2688 quam
1784 2618 1865 2673 fas
1882 2619 1954 2673 sit

369 2730 494 2770 eum
556 2714 930 2769 molitionibus
983 2713 1098 2769 suis
1149 2713 1510 2783 processisse,
1574 2712 1773 2781 quibus
1820 2726 1951 2766 sana

372 2825 527 2864 mens
558 2816 643 2863 est
671 2808 927 2863 omnibus
957 2805 1310 2861 manifestum
1334 2806 1444 2860 sit?
1486 2803 1733 2873 Suntque
1759 2805 1954 2859 etiam-

371 2915 503 2954 num
538 2900 700 2954 hodie
729 2900 821 2969 qui
882 2899 1123 2968 magicas
1176 2898 1486 2959 machinas,
1522 2911 1644 2966 quae
1673 2895 1777 2949 viri
1808 2895 1955 2948 illius

370 3007 495 3047 esse
532 2993 807 3053 dicantur,
845 3006 970 3046 sese
999 2990 1184 3044 dicant
1239 2989 1531 3058 reperisse.
1582 2988 1652 3040 At
1685 2987 1805 3043 istis
1837 2988 1955 3039 ani-

374 3099 521 3138 mu-m
552 3084 834 3138 advertere
860 3097 1006 3139 nunc
1026 3081 1246 3152 quidem
1282 3080 1424 3134 haud
1456 3080 1652 3150 placet.
1675 3078 1746 3133 De
1782 3090 1955 3132 morte

373 3184 559 3229 autem
590 3174 752 3230 etiam
789 3174 891 3228 viri
924 3172 1202 3244 prioribus
1246 3177 1617 3226 consentanea
1658 3169 1786 3224 dum
1820 3184 1952 3223 COn-

376 3267 586 3329 cinnat,
646 3265 794 3319 nulla
850 3273 1004 3335 parte
1052 3265 1335 3318 veritatem
1390 3262 1467 3317 rei
1499 3261 1603 3317 sibi
1647 3262 1954 3315 innotuisse

374 3355 635 3412 ostendit.
666 3355 817 3411 Alios
846 3355 995 3410 enim
1029 3353 1225 3424 Ephesi
1250 3354 1456 3408 exitum
1510 3354 1632 3421 ejus
1657 3351 1954 3423 contigisse

376 3448 453 3501 ait
490 3446 694 3502 referre
723 3448 792 3512 ²⁵,
825 3445 961 3498 alios
995 3451 1175 3497 autem
1204 3441 1431 3496 Lindiin
1459 3440 1708 3494 Minervae
1732 3439 1952 3507 templo,
2008 3499 2015 3506 I

375 3538 517 3593 alios
548 3538 600 3591 in
636 3536 795 3592 Creta
818 3537 1019 3591 insula.
1053 3533 1264 3587 Etcum
1292 3540 1504 3586 tantum
1535 3530 1785 3601 caliginis
1807 3528 1954 3582 illius

377 3632 539 3684 morti
569 3629 830 3693 olittndat,
866 3630 981 3683 vult
1008 3636 1190 3680 tamen
1226 3625 1476 3680 eumdem
1521 3638 1646 3677 cum
1685 3624 1805 3691 ipso
1831 3637 1954 3675 cor-

378 3737 509 3791 pore
534 3722 600 3775 ad
635 3736 862 3790 superos
879 3720 1144 3774 evolasse.
1172 3715 1305 3769 Nam
1341 3731 1464 3770 cum
1498 3715 1959 3783 templum,prout

378 3811 469 3866 ille
497 3812 597 3873 ait,
631 3811 913 3881 ingressus
965 3816 1132 3873 esset,
1189 3810 1378 3864 valvas
1422 3817 1646 3877 repente
1685 3804 1956 3867 occlusas,

378 3900 922 3971 inexspectatumque
956 3899 1228 3970 virginum
1269 3909 1490 3953 cantum
1532 3913 1600 3951 ex
1625 3911 1690 3950 eo
1714 3894 1960 3948 auditum

377 4010 519 4050 esse.
549 3993 893 4065 Cantumque
931 3995 1101 4052 fuisse
1127 3996 1330 4050 istum:
1370 4013 1388 4046 ι
1426 3992 1587 4057 Veni,
1611 3991 1734 4047 veni
1757 3992 1810 4044 in
1842 4003 1959 4043 coa-

377 4086 512 4150 lum,
536 4089 678 4142 veni.
704 4106 722 4139 ›
759 4088 921 4141 Addit
946 4089 1092 4158 quod
1131 4105 1197 4143 ne
1232 4088 1287 4142 in
1316 4085 1699 4155 cenotaphium
1732 4083 1953 4155 quidem

377 4180 496 4246 ejus
527 4179 798 4245 inciderit,
834 4194 958 4234 cum
1004 4190 1184 4235 tamen
1215 4179 1333 4250 ipse
1367 4178 1685 4232 universum
1737 4174 1950 4231 orbem.

376 4284 482 4338 qua
532 4269 639 4323 late
670 4277 836 4339 patet,
879 4278 1245 4341 peragrasset.
1292 4266 1522 4338 Vultque
1566 4268 1670 4320 hoc
1700 4265 1805 4335 ipsi
1834 4264 1954 4317 ani-

375 4376 519 4421 mus,
574 4362 798 4417 omnino
848 4369 1076 4415 mortem
1118 4360 1295 4413 virum
1325 4359 1476 4412 illum
1507 4374 1616 4412 non
1664 4358 1948 4425 attingere.

373 4449 510 4505 Cum
542 4452 687 4505 enim
717 4452 872 4507 initio
893 4452 1105 4507 dubitet
1153 4450 1222 4505 de
1256 4451 1420 4506 modo
1453 4466 1561 4521 quo
1594 4448 1729 4503 vivis
1763 4462 1956 4501 exces-

2058 1877 2225 1929 πάλαι
2247 1893 2302 1928 τε
2321 1876 2413 1929 καὶ
2430 1874 2524 1927 νῦν
2547 1872 2858 1943 νενομίσθαι
2887 1870 3052 1923 εἰσέτι
3073 1885 3145 1920 πα
3153 1867 3221 1938 ρὰ
3241 1865 3368 1927 τοὺς
3385 1862 3617 1934 τηλικού-

2054 1987 2178 2032 τους
2195 1968 2412 2039 ἄνδρας,
2432 1968 2480 2020 οἳ
2498 1962 2827 2026 τῶναύτῶν,
2841 1962 2913 2024 ὡς
2937 1961 3063 2031 φῂς,
3078 1955 3412 2011 διδασκάλων
3444 1970 3621 2006 πεπει-

2056 2061 2313 2134 ρασμένοι
2344 2058 2497 2130 (ω’),
2544 2055 2839 2127 διέπρεψαν
2875 2054 2972 2125 μὲν
3000 2052 3093 2105 καὶ
3129 2048 3250 2102 καθ’
3281 2047 3378 2111 οὓς
3412 2044 3624 2116 ἐγνωρί-

2055 2151 2208 2219 ζοντο
2235 2151 2492 2222 χρόνους,
2539 2149 2634 2203 καὶ
2677 2150 2734 2211 ἐς
2775 2146 2899 2209 τοὺς
2945 2142 3236 2214 μετέπειτα
3267 2139 3324 2193 δὲ
3358 2139 3459 2210 τῆς
3488 2136 3624 2208 σφῶν

2055 2245 2375 2315 φιλοσοφίας
2407 2242 2649 2312 ἀοίδιμον
2703 2237 3119 2294 καταλελοίπασι
3158 2232 3256 2304 τὴν
3305 2232 3508 2303 ἀρετήν
3530 2247 3542 2260 ·
3578 2231 3623 2315 et

2059 2313 2134 2408 μὴ
2177 2313 2285 2406 ἄρα
2332 2334 2475 2404 πέρα
2523 2332 2630 2385 τῶν
2676 2328 3061 2399 προσηκόντων
3103 2322 3374 2394 ἐγχειρῶν
3420 2320 3528 2383 τοῖς
3567 2313 3622 2372 εὖ

2056 2424 2311 2497 φρονοῦσι
2345 2421 2574 2494 φανερὸς
2622 2418 3006 2488 καθειστήκει;
3049 2413 3256 2467 Αὐτίκα
3296 2411 3412 2464 τῶν
3438 2409 3529 2462 νῦν
3558 2409 3624 2460 εί-

2058 2534 2162 2579 σιν,
2185 2515 2233 2568 οἳ
2261 2512 2585 2585 περιέργους
2621 2507 2869 2582 μηχανὰς
2897 2506 3029 2578 (li),
3060 2507 3124 2576 τῇ
3155 2500 3250 2558 τοῦ
3291 2500 3490 2573 ἀνδρὸς
3515 2501 3627 2552 dva-

2058 2607 2314 2680 κειμένας
2348 2602 2717 2678 προσηγορίᾳ,
2768 2598 3149 2668 κατειληφέναι
3182 2594 3458 2663 λέγουσιν.
3501 2589 3623 2644 Ἀλλ’

2058 2702 2157 2754 οὐκ
2201 2700 2387 2770 ἔμοιγε
2430 2696 2582 2766 φίλον
2624 2694 2835 2757 τούτοις
2875 2690 3161 2763 προσέχειν
3190 2687 3281 2739 τὸν
3311 2684 3475 2739 νοῦ,ν’
3506 2681 3625 2737 ἀλλὰ

2056 2794 2168 2864 γὰρ
2199 2790 2291 2846 καὶ
2318 2790 2445 2862 περὶ
2472 2788 2574 2858 τῆς
2604 2784 2863 2852 τελευτῆς
2894 2782 2988 2837 τοῦ
3016 2781 3207 2852 ἀνδρὸς
3236 2775 3512 2832 ἀκόλουθα
3530 2777 3627 2838 τοῖς

2058 2882 2343 2954 προτέροις
2385 2878 2721 2939 συντάττων,
2768 2875 2917 2927 οὐδὲν
2952 2871 3146 2943 ἀληθὲς
3195 2869 3465 2938 ἐξέφηνεν
3507 2865 3626 2919 εἰδέ-

2057 2991 2164 3029 ναι.
2203 2973 2340 3035 Τοὺς
2377 2971 2473 3041 μὲν
2499 2968 2605 3040 γὰρ
2633 2968 2690 3019 ὲν
2723 2965 2934 3034 Ἐφέσῳ
2962 2961 3283 3032 τελευτῆσαι
3316 2959 3483 3012 αὑτὸν
3504 2958 3630 3009 ἱστο-

2060 3069 2163 3139 ρεῖ,
2193 3066 2317 3128 τοὺς
2347 3064 2403 3116 δὲ
2430 3066 2487 3115 ὲν
2514 3060 2687 3127 Λίνδῳ
2717 3061 2774 3122 ἐς
2797 3057 2856 3110 τὸ
2884 3056 3025 3127 ἱερὸν
3043 3054 3140 3125 τῆς
3178 3049 3628 3124 Ἀθηνᾶς,άλλους

2058 3160 2114 3213 δὲ
2144 3161 2200 3212 ὲν
2241 3159 2454 3228 Κρήτῃ.
2500 3153 2610 3207 Καὶ
2639 3150 2907 3221 τοσαύτην
2938 3150 3158 3217 ἄγνοιαν
3182 3144 3276 3199 τοῦ
3308 3144 3445 3216 περὶ
3484 3141 3631 3197 αὑτῦν

2056 3252 2239 3312 τέλους
2259 3246 2689 3306 κατασκεδάσας,
2711 3243 2962 3314 βούλεται
2978 3241 3138 3295 αὑτὸν
3155 3241 3210 3303 ὲς
3238 3238 3476 3311 οὐρανὸν
3500 3233 3631 3305 αὐτῷ

2063 3340 2270 3411 σώματι
2313 3336 2580 3409 χωρῆσαι.
2634 3331 3026 3405 Ἐσδραμόντος
3064 3328 3173 3400 γάρ
3213 3329 3269 3391 ἐς
3306 3328 3481 3398 ἱερὸν,
3513 3324 3630 3395 φησι

2061 3430 2374 3499 κλεισθῆναι
2404 3426 2501 3490 τὰς
2527 3425 2718 3489 πύλας,
2756 3423 2849 3478 καί
2874 3440 2993 3476 τινα
3024 3421 3165 3492 ᾠδὴν
3200 3420 3470 3486 ἀδόκητον
3501 3432 3629 3487 παρ·

2063 3523 2230 3576 θένων
2261 3523 2529 3575 ἐκπεσεῖν.
2562 3519 2634 3571 Τὸ
2662 3517 2717 3570 δὲ
2761 3512 2912 3588 ᾆσμα
2944 3509 3111 3567 εἶναι·
3155 3531 3173 3563 ι
3199 3513 3390 3580 Στεῖχε
3410 3551 3425 3573 ,
3470 3510 3631 3578 στεῖχε

2063 3618 2119 3679 ἐς
2146 3614 2392 3686 οὐρανὸν,
2437 3613 2634 3681 στεῖχε.
2668 3628 2686 3660 ι
2723 3608 2885 3676 Λέγει
2924 3605 2981 3658 δὲ
3001 3646 3015 3670 ,
3063 3604 3137 3667 ὡς
3168 3604 3306 3675 μήτε
3337 3598 3631 3668 κενοταφίῳ

2061 3707 2154 3762 τοῦ
2176 3706 2365 3777 ἀνδρός
2391 3723 2476 3758 πω
2498 3700 2799 3773 περιτύχοι,
2815 3697 2992 3752 καίτοι
3018 3696 3119 3766 τῆς
3144 3694 3247 3765 γῆς
3271 3695 3453 3763 ὁπόση
3476 3691 3628 3749 ἐστὶν,

2063 3799 2253 3853 ἑαυτὸν
2285 3796 2596 3851 ἐπελθόντα.
2626 3792 2731 3846 Καὶ
2765 3789 3012 3862 βούλεται
3038 3786 3185 3858 αὐτῷ
3213 3787 3245 3856 ἡ
3271 3786 3483 3839 διάνοια
3511 3780 3631 3853 μηδὲ

2063 3891 2200 3954 ὅλως
2240 3888 2467 3942 θανάτου
2502 3886 2593 3939 τὸν
2635 3883 2801 3954 ἄνδρα
2836 3881 3029 3949 θίγειν.
3082 3877 3355 3950 Πρότερον
3395 3876 3495 3946 μὲν
3537 3872 3633 3943 γάρ

2068 3982 2418 4056 ἀμφιϐάλλων
2474 3981 2601 4051 περὶ
2650 3976 2741 4032 τοῦ
2784 3976 3019 4046 τρόπου,
3070 3971 3187 4026 καθ’
3235 3970 3295 4023 ὃν
3349 3967 3629 4025 ἐτελεύτα.

2063 4077 2289 4147 ὕστερον
2319 4074 2374 4127 δὲ
2403 4071 2697 4145 διαρρήδην
2730 4068 2826 4121 καὶ
2866 4069 2924 4129 ές
2954 4062 3181 4135 οὐρανὸν
3210 4062 3373 4116 αὐτὸν
3399 4060 3633 4133 χωρῆσαι

2060 4170 2278 4238 φάσκει.
2303 4164 2485 4224 Ὅθεν,
2512 4164 2587 4226 ὡς
2612 4162 2675 4232 δὴ
2705 4159 2945 4213 τοιοῦτον
2969 4159 3118 4221 ὄντα,
3137 4157 3229 4209 καὶ
3259 4154 3403 4210 κατὰ
3430 4154 3492 4206 τὺ
3517 4167 3633 4221 προ-

2058 4260 2232 4331 οίμιον
2256 4298 2270 4319 ,
2315 4257 2409 4310 καὶ
2451 4254 2570 4308 καθ’
2608 4253 2735 4322 ὅλην
2768 4252 2870 4323 τὴν
2912 4248 3164 4322 γραφὴν,
3196 4247 3520 4318 Πυθαγόρου
3551 4242 3633 4297 καὶ

2071 4344 2493 4422 Ἐμπεδοκλέους
2538 4345 2804 4417 θειότερόν
2854 4358 3021 4414 φησι,
3075 4341 3169 4394 καὶ
3213 4334 3632 4412 παρεληλᾚθέναι

2063 4443 2369 4514 φιλοσοφίᾳ.

373 4544 467 4608 sit,
491 4543 692 4598 diserte
716 4543 911 4599 deinde
960 4543 1095 4597 dicit
1133 4542 1185 4595 in
1228 4542 1425 4596 coelum
1470 4519 1802 4595 ascendisse
1862 4552 2010 4593 eum.
2057 4535 2425 4602 Quamobrem
2461 4546 2619 4596 eum,
2659 4535 2843 4582 tantus
2867 4523 2958 4596 qui
2983 4525 3076 4590 sit,
3109 4536 3163 4579 et
3196 4524 3251 4577 in
3277 4521 3547 4595 prooemio
3571 4519 3629 4582 “,

445 4658 495 4691 “
533 4659 626 4714 lib.
663 4676 702 4724 ι,
747 4675 797 4713 c.
830 4658 885 4714 2.
963 4659 1011 4690 ”
1053 4658 1144 4713 lib.
1184 4673 1311 4720 vm,
1350 4672 1400 4711 c.
1434 4656 1528 4711 29.
1602 4657 1647 4688 "
1690 4655 1783 4710 lib.
1824 4672 1873 4720 ι,
1929 4670 1981 4710 c.
2013 4653 2070 4709 2.

444 4777 580 4846 (ω’)
621 4775 1113 4845 Πεπειρίισμένοι.
1155 4773 1296 4846 Lege
1335 4773 1746 4844 πεπειραμένοι,
1781 4786 1812 4826 a
1839 4788 1954 4823 πει--

2063 4769 2289 4846 lesmata
2311 4764 2575 4846 adversus
2608 4761 2869 4846 ciconiﬂas.
2890 4758 3032 4846 Lyci.
3054 4753 3628 4846 liqvii.exun‘d.:t.ion'e.s.

376 4848 597 4971 ράοραι.
634 4847 793 4901 Enn.

445 4919 462 4989 (
505 4919 555 4991 l)
600 4917 667 4971 Οἳ
694 4916 1040 4991 περιέργφνς
1064 4912 1365 4991 μηχανάς.
1390 4912 1787 4991 _lntelli§;untttr
1809 4913 1957 4991 τελε-

373 4982 558 5053 στίκά,
579 5003 701 5059 quae
721 4982 923 5057 passim
955 4982 1293 5059 iniurbihusg
1310 4985 1453 5059 Asia:
1479 4994 1533 5039 et
1556 4982 1786 5059 graeciae
1812 4984 1960 5038 inve-

373 5055 687 5119 niebantur,
721 5055 844 5127 quae
890 5058 1162 5127 Apollonii
1207 5057 1370 5127 vulgo
1410 5055 1628 5127 Eusebii
1681 5069 1795 5108 aevo
1838 5068 1960 5127 esse

372 5124 763 5193 credebantur,
803 5124 1032 5198 ejusque
1087 5129 1223 5182 adeo
1281 5124 1616 5198 dicebantur
1657 5124 1960 5198 esse;_hoc

374 5201 517 5255 enim
576 5208 660 5255 cst
706 5193 852 5270 quod
905 5193 1167 5270 additum
1221 5196 1316 5270 τοῦ
1372 5193 1962 5270 άνδρὺς-ἀν-ακειμένμας

376 5265 739 5394 προσηγορίᾳξ
775 5268 987 5323 Talium
1021 5269 1073 5323 in
1109 5265 1211 5322 hac
1249 5268 1365 5336 ipsa
1391 5265 1619 5347 historia
1651 5267 1708 5318 fit
1737 5265 1962 5326 mentio,

377 5340 414 5394 lt
463 5382 474 5394 .
514 5357 587 5394 tv.
634 5356 754 5394 can.
792 5340 879 5393 lt).
912 5338 1072 5393 Plura
1119 5348 1297 5393 autem
1330 5339 1397 5392 de
1427 5338 1495 5391 iis
1529 5336 1692 5391 habet
1725 5334 1962 5389 Joannes

378 5346 474 5394 lib.
514 5357 587 5401 tv,
634 5356 754 5410 cap.
792 5346 879 5393 tt).
912 5346 1072 5393 Plura
1119 5348 1297 5393 autem
1330 5346 1397 5392 de
1427 5346 1495 5391 iis
1529 5346 1692 5391 habet
1725 5346 1967 5389 Joannes

377 5411 753 5466 Antiochenus
807 5412 860 5464 in
907 5410 1222 5478 Chronogr.,
1257 5424 1380 5478 pag.
1414 5406 1540 5470 342,
1571 5421 1732 5478 quem
1779 5406 1958 5478 locum

377 5483 728 5550 transcripsit
777 5483 937 5536 etiam
973 5475 1165 5534 auctor
1196 5475 1443 5550 Cliro'nici
1482 5475 1637 5531 Alefr.
1670 5475 1963 5550 Enrrverba

380 5552 502 5621 ejus
536 5548 663 5604 εἾΙν
695 5551 753 5605 δὲ
784 5554 897 5614 τοῖς
929 5551 1141 5621 χρόνοις
1166 5549 1429 5621 βασιλέως
1461 5549 1789 5621 Δομετιανοῦ
1821 5550 1849 5600 ὁ
1874 5563 1962 5598 σο-

382 5619 628 5690 φώτατος
668 5618 1026 5683 Ἀπολλώνιος
1054 5622 1082 5672 ὁ
1112 5618 1375 5683 Τυανεὺς,
1400 5620 1501 5690 ,καὶ
1545 5618 1969 5690 ﬁxttaCt-z_1rspt-

383 5685 624 5759 πολεύων
653 5691 745 5744 καὶ
776 5690 1052 5759 πανταχοῦ
1081 5691 1249 5744 ποιῶν
1291 5685 1595 5759 τελέσματα
1625 5685 1707 5751 εἰς
1738 5686 1839 5750 τὰς
1871 5685 1969 5739 πό-

382 5758 495 5831 ὶεις
515 5759 608 5815 καὶ
624 5761 701 5824 εἰς
722 5760 821 5824 τὰς
847 5759 1051 5833 χώρας.
1073 5762 1202 5818 lndc
1227 5768 1416 5816 narrat
1444 5758 1688 5829 Byzantii
1724 5773 1848 5815 cum
1888 5764 1969 5813 tea

2061 4837 2365 4893 testudines
2378 4837 2583 4895 item,ct
2595 4848 2764 4901 equos
2779 4824 3101 4901 ferocientes
3115 4827 3331 4883 fecisse.
3349 4824 3632 4879 Antiochia

2065 4911 2131 4962 ad
2166 4917 2375 4978 portam
2408 4906 2559 4960 urbis
2590 4900 2911 4978 orientalem
2951 4900 3176 4978 telesma
3206 4905 3398 4951 contra
3423 4903 3631 4950 ventum

2066 4970 2437 5050 aqu-ilonarettt
2478 4970 2986 5050 posuissc._Ft_i_sum
3034 4970 3162 5050 item
3201 4983 3265 5022 ex
3313 4982 3438 5021 aere
3487 4977 3633 5048 scor-

2066 5036 2214 5121 pi'um
2248 5049 2300 5101 in
2332 5047 2464 5121 urbe
2480 5036 2664 5099 inedia
2692 5042 2984 5121 defodisse.
3009 5041 3428 5121 colutnnamque
3456 5036 3632 5121 eipar-

2067 5107 2188 5174 vam
2229 5116 2577 5188 imposuisse,
2607 5114 2752 5188 quod
2782 5127 2974 5168 omnes
2999 5109 3247 5188 scorpios
3272 5107 3537 5178 fugaverit
3562 5111 3633 5188 te:

2072 5172 2261 5246 lestna.
2301 5172 2460 5239 Aliud
2510 5172 2639 5239 item
2689 5184 2950 5237 adversus
2993 5172 3198 5234 culices
3227 5172 3468 5248 parasse,
3499 5172 3630 5243 quod

2112 5260 2340 5314 rolixius
2367 5257 2717 5317 describitur,
2747 5269 2910 5324 quam
2948 5258 3024 5324 ut
3057 5250 3628 5324 Ahicurepeterelvacet.

2121 5331 2276 5385 adem
2336 5342 2469 5380 vero
2512 5327 2669 5396 juxta
2708 5316 3313 5396 cumAaliis‘Apollonii
3349 5316 3631 5396 τελέσμαρι

2069 5383 2231 5456 etiam
2283 5383 2530 5452 Tzetzes'
2555 5401 2801 5449 recenset
2835 5392 3068 5448 Chiliad.
3091 5383 3163 5447 ἰι.
3205 5390 3337 5444 hist.
3373 5387 3459 5442 60.
3492 5383 3631 5439 Adde

2068 5467 2629 5539 Joan.Greg0rium_in
2657 5463 2978 5539 Observ._S.,
3005 5477 3054 5516 c.
3074 5476 3196 5515 vttt.
3214 5458 3313 5513 llic
3334 5461 3516 5539 itaque
3538 5470 3630 5539 μη-

2069 5543 2232 5612 χαναὶ
2258 5542 2324 5612 τῇ
2341 5528 2444 5592 ’τοῦ
2478 5537 2669 5608 ἀνδρὸς
2689 5535 3052 5612 άνακείμεναι.
3075 5529 3433 5612 προσηγορία.
3450 5528 3630 5612 Aeci?-

2072 5602 2157 5668 fus
2190 5602 2329 5665 male
2356 5602 2594 5663 verterat
2626 5627 2639 5662 :
2678 5605 2858 5676 Neque
2886 5602 3001 5677 uero
3033 5602 3187 5655 hodie
3210 5602 3413 5677 desunt,
3435 5602 3525 5677 qui
3543 5606 3629 5677 ex:

2072 5692 2245 5745 partos
2275 5698 2330 5736 se
2359 5681 2539 5732 dicunt
2573 5679 2685 5748 ejus
2716 5671 2914 5730 nomini
2937 5677 3175 5748 inpocalo
3215 5671 3444 5748 magicas
3470 5671 3630 5721 iuuat

2075 5738 2309 5817 virtutes,
2341 5751 2410 5805 ad
2440 5738 2807 5822 superstitiosa
2835 5746 3091 5816 qua'piam
3117 5738 3425 5813 peragenda.

2096 5332 2112 5346 π
