3830 6260
213 321 299 377 861
1312 320 1514 378 LIBER
1550 317 1829 395 CONTRA
1866 314 2282 376 HIEROCLEM.

3319 310 3427 369 862

213 446 258 491 ct
281 439 327 491 in
361 444 467 492 toto
493 449 675 507 opere,
698 437 874 510 magis
894 434 1055 510 542
1073 454 1235 514 quam
1258 441 1344 497 vel
1368 439 1753 514 Pythagoram,
1782 439 1867 496 vel
1891 437 2266 510 Empedoclem
2290 434 2366 489 ait
2387 432 2555 490 fuisse
2580 433 2846 495 divinum,
2873 428 3177 502 studiisque
3209 442 3306 497 sap
3329 446 3425 481 en-

213 535 290 586 tia:
318 530 650 590 excelluisse.

676 646 1071 702 ΚΕΦΔΛΑῙΟΝ
1124 649 1257 704 ME'.

284 737 428 790 Ἀλλὰ
456 735 564 809 γὰρ
584 738 643 791 έν
672 738 884 802 τούτοις
908 742 1385 813 περιγραφομένου
1428 740 1523 796 τοῦ
1569 742 1750 811 λόγου,

214 829 376 901 βραχέ’
407 829 538 884 ἀττα
571 830 699 903 περ)⁸
733 831 937 902 μοιρῶν
984 833 1079 887 καὶ
1110 833 1449 905 εἱμαρμένης
1482 833 1612 905 φέρε
1636 835 1752 887 δια-

210 922 437 993 λάϐωμεν
459 939 473 952 ’
498 922 526 976 ὃ
550 939 603 976 τι
635 922 730 976 καὶ
764 922 1006 993 βούλοιτο
1045 924 1112 978 δι’
1143 925 1270 997 ὅλης
1304 925 1453 996 αὐτῷ
1481 926 1582 995 τῆς
1616 927 1751 979 ὑπο-

210 1015 395 1078 θέσεως
452 1015 480 1067 ὁ
531 1014 687 1083 λόγος
727 1015 863 1087 (12),
923 1016 985 1071 τὸ
1042 1017 1141 1088 μὲν
1197 1018 1282 1088 ἐφ’
1332 1019 1462 1089 ἡμῖν
1492 1018 1749 1089 ἀναιρῶν,

209 1108 430 1178 ἀνάγκην
462 1107 516 1161 δὲ
566 1107 820 1176 εἱσάγων,
855 1110 949 1162 καὶ¹
1001 1110 1369 1183 εἱμαρμένην,
1408 1113 1501 1165 καὶ
1536 1111 1752 1182 μοίρας,

206 1198 565 1269 διαθροῦντες·
617 1199 790 1273 ταύτῃ
838 1201 948 1273 γάρ
1002 1202 1133 1273 ἡμῖν
1174 1202 1401 1266 ἐντελῶς
1453 1201 1545 1256 καὶ
1599 1205 1631 1273 ἡ
1696 1204 1753 1257 ἐν

205 1292 415 1363 δόγμασι
470 1292 781 1362 ψευδοδοξία
812 1279 1043 1367 ’τάνδρὸς
1084 1294 1541 1366 διευθυνθήσεται.
1598 1297 1658 1348 Εἰ
1688 1295 1753 1366 δὴ

205 1383 305 1449 οὖν,
337 1384 471 1439 κατά
496 1385 585 1439 τὸν
616 1385 849 1455 ἀληθοῦς
893 1387 1207 1457 φιλοσοφίας
1230 1388 1407 1457 λόγον,
1440 1387 1582 1460 ψυχὴ
1610 1391 1753 1441 πᾶσα

204 1480 443 1542 ἀθάνατος
508 1478 588 1551 (τὸ
641 1481 750 1552 γὰρ
793 1478 1097 1549 ἀεικίνητον
1146 1480 1257 1551 (13)
1303 1480 1587 1545 ἀθάνατον,
1619 1483 1679 1534 τὸ
1709 1481 1752 1535 δ’

205 1568 478 1641 ὑφ’έτέρου
513 1569 852 1640 κινούμενον,
882 1569 1093 1623 παῦλαν
1123 1569 1244 1640 ἕχον
1292 1572 1577 1643 κινήσεως.
1615 1574 1754 1625 παῦ-

202 1662 286 1715 λαν
315 1661 422 1732 ἔχει
451 1660 651 1731 ζωῆς),
681 1662 773 1714 καὶ
816 1662 962 1715 αἱτία
992 1661 1267 1733 ἑλομένου,
1298 1663 1431 1727 Θεὸς
1475 1665 1714 1726 ἀναίτιος
1736 1682 1751 1696 '

201 1752 273 1815 τίς
299 1753 494 1824 αἱροίτο
520 1750 677 1837 λόγος
706 1752 962 1816 ἄκουσαν,
1010 1752 1128 1822 οὐχὶ
1162 1752 1219 1805 δὲ
1248 1754 1385 1807 κατά
1418 1754 1751 1827 προαίρεσιν,

202 1843 388 1914 ἀψύχου
434 1843 591 1914 δίκην
654 1841 909 1913 σώματος
960 1843 1158 1907 ἔξωθέν
1210 1844 1371 1899 ποθεν
1406 1848 1750 1917 κινουμένην,

200 1937 280 1989 καὶ
311 1935 546 2007 ὡσπερεὶ
601 1934 1179 2007 νευροσπαστουμένην
1216 1936 1347 2007 (14),
1376 1930 1477 1990 ὦδε
1529 1940 1751 1991 κάκεῖσε

198 2031 283 2098 τὴν
334 2006 636 2099 ἀεικίνητον
678 2027 906 2095 ἄγεσθαι
945 2006 1143 2097 φύσιν,
1184 2028 1349 2098 μηδὲν
1393 2029 1654 2101 μηδαμῶς
1691 2029 1752 2095 ἐξ
1782 2006 1825 2061 Β

201 2120 322 2183 ἱδίας
353 2120 524 2191 ὁρμῆς
555 2120 652 2173 καὶ
687 2121 952 2189 κινήσεως
988 2118 1336 2190 ἐνεργοῦσαν,
1376 2120 1507 2191 μηδὲ
1530 2123 1586 2184 ές
1621 2121 1748 2173 ἐαυ-

196 2212 283 2282 τὴν
307 2211 398 2281 τὴν
418 2209 524 2263 τῶν
589 2210 881 2281 δρωμένων
911 2210 1285 2282 ἀναφέρουσαν
1320 2211 1496 2263 αἰτίαν
1518 2228 1531 2241 ο
1578 2211 1748 2283 ταύτῃ

196 2321 247 2356 τε
278 2307 403 2374 μήτε
448 2301 844 2373 φιλοσοφοῦσαν
886 2302 1204 2355 ἐπαινετέαν
1268 2303 1576 2372 τυγχᾶνειν,
1626 2303 1749 2374 μήτ’

196 2390 253 2448 αὖ
279 2395 474 2465 ψεκτὴν
514 2393 712 2456 κακίας
750 2392 998 2465 έμπλεων
1054 2394 1149 2446 καὶ
1186 2394 1487 2464 πονηρίαςς
1519 2394 1583 2447 Τί
1618 2394 1750 2465 δῆτα

195 2483 277 2541 οὖν
324 2464 580 2559 Εὐφράτῃ
615 2464 1019 2555 λοιδορούμενος
1071 2486 1423 2558 καταμέμφῃ,
1455 2480 1499 2538 ὦ
1534 2464 1677 2548 ’τᾶν,
1702 2489 1750 2540 εί

197 2580 262 2651 μὴ
296 2580 415 2652 παρ’
468 2577 685 2640 ἑαυτοῦ,
722 2578 835 2631 ἀλλ’
872 2576 932 2642 ἐξ
961 2578 1302 2649 εἱμαρμένης
1329 2580 1420 2631 ἐπὶ
1460 2578 1519 2631 τὸ
1562 2578 1751 2648 κέρδος

195 2668 382 2734 ἐκδοὺς,
423 2668 497 2732 ὡς
522 2669 688 2732 αὐτὸς
720 2667 908 2732 ἀξιοῖς,
945 2667 1215 2740 ὠλιγώρει
1241 2670 1558 2739 φιλοσοφίας
1592 2670 1702 2739 (15)
1732 2686 1747 2734 ;

195 2762 251 2814 Τί
282 2763 333 2815 δὲ
358 2762 544 2833 γόησιν
578 2760 901 2833 ὲνυϐρίζεις,
928 2760 1289 2830 ψευδοσόφους
1315 2761 1622 2826 ἀποκαλῶν,
1646 2762 1751 2815 ὑπὸ

199 2854 402 2927 μοιρῶν,
429 2845 513 2919 ὡς’
540 2855 674 2925 ἡγῇ,
697 2853 1124 2923 καθελκομένους
1148 2854 1237 2906 ἐπὶ
1260 2852 1350 2905 τὸν
1384 2853 1753 2925 κακοδαίμονα

197 2948 325 3017 βίον;
350 2949 411 3000 Τί
449 2948 506 3001 δὲ
566 2945 765 3001 κακίαν
796 2945 980 3009 ἀπλῶς
1024 2942 1342 3015 ὀνομάζεις
1376 2947 1487 3000 Καὶ
1517 2948 1750 3020 πονηρός

194 3057 265 3103 τις
290 3038 588 3111 ἀνθρώπων
619 3039 718 3092 οὐκ
744 3040 801 3091 ὲν
832 3036 953 3110 δίκῃ
992 3037 1233 3108 κρίνεται
1257 3036 1408 3106 παρὰ
1440 3038 1542 3099 σοὶ,
1568 3038 1660 3090 τὸν
1692 3038 1750 3105 ἐξ

191 3131 415 3202 ἀνάγκης
436 3131 769 3203 εἱμαρμένον
810 3128 1141 3200 ἀποπληρῶν
1183 3130 1327 3201 ὅρον.
1377 3130 1463 3194 Ὠς
1492 3130 1746 3201 ἔμπαλιν,

193 3222 285 3273 τίνι
327 3222 465 3292 λόγῳ
511 3222 841 3292 Πυθαγόραν
878 3220 1217 3291 σεμνολογῶν
1278 3219 1587 3291 θαυμαστὸν
1628 3224 1749 3273 ἐπι-

1779 664 1829 722 Α

2412 635 2640 697 CAPUT
2697 634 2859 695 XLV.

1926 752 2034 809 Sed
2088 752 2288 807 limites
2342 748 2608 806 orationis
2656 747 3053 803 constituentes
3108 744 3283 811 istos,
3325 757 3424 814 age

1851 846 2042 917 paucis
2101 844 2280 899 adhuc
2330 843 2399 897 de
2462 840 2604 904 fato,
2636 847 2799 909 atque
2855 837 3044 893 Parcis
3074 846 3419 893 tractemus:

1852 937 1983 1010 quid
2007 937 2133 993 velit
2155 930 2454 1008 [scriptori]
2475 946 2572 1002 per
2602 939 2772 986 totum
2807 944 2944 999 opus
2969 928 3115 983 istud
3148 928 3423 993 doctrina,

1854 1027 2063 1083 arbitrii
2086 1027 2283 1083 tollens
2313 1025 2714 1086 libertatem,et
2746 1021 3126 1077 necessitatem
3158 1020 3424 1076 inducens

1853 1120 2108 1189 legesque
2150 1117 2362 1180 fatales,
2398 1125 2451 1170 et
2505 1114 2695 1174 fatum,
2735 1113 3033 1184 dispecturi
3072 1131 3085 1166 :
3129 1112 3228 1166 hac
3275 1112 3422 1166 enim

1852 1210 2065 1264 ratione
2088 1214 2343 1262 accurate
2395 1222 2425 1260 a
2470 1205 2630 1260 nobis
2662 1204 2934 1275 Apollonii
2967 1204 3022 1258 in
3051 1203 3301 1257 doctrina
3334 1218 3425 1258 er-

1854 1318 2008 1360 rores
2061 1302 2222 1355 etiam
2255 1300 2669 1369 redarguentur.
2723 1296 2781 1351 Si
2833 1304 2917 1351 est
2958 1295 3119 1365 igitur
3165 1295 3246 1365 (ut
3281 1310 3424 1350 vera:

1854 1392 2208 1463 philosophia:
2227 1391 2475 1445 doctrina
2496 1388 2705 1460 tradit.)
2733 1389 2914 1442 anima
2934 1387 3259 1443 immortalis
3325 1387 3428 1456 (si-

1854 1484 2072 1556 quidem
2107 1484 2250 1553 quod
2274 1498 2487 1552 semper
2509 1488 2778 1544 movetur,
2807 1489 2890 1534 est
2920 1479 3245 1542 immortale,
3278 1479 3430 1549 quod

1854 1583 2036 1631 autem
2090 1582 2336 1629 movetur
2388 1572 2627 1635 aliunde,
2685 1572 2776 1625 ubi
2839 1578 3018 1625 motus
3059 1569 3427 1625 cessationem

1854 1667 2156 1729 admiserit,
2176 1665 2356 1720 vivere
2372 1658 2617 1730 desinit);
2636 1662 2681 1717 si
2694 1661 2820 1716 item
2842 1668 3106 1716 estcausa
3120 1660 3423 1723 electionis,

1853 1771 1906 1816 et
1931 1760 2071 1815 Deus
2096 1760 2269 1829 culpa:
2298 1766 2382 1814 est
2410 1756 2699 1821 immunis;
2749 1769 2870 1825 quae
2898 1761 3037 1808 ratio
3065 1752 3167 1808 sibi
3199 1767 3427 1821 persua-

1854 1851 1986 1907 serit
2037 1850 2291 1916 invitam,
2323 1863 2429 1903 non
2467 1856 2658 1916 sponte
2716 1860 2849 1909 sua,
2903 1843 3070 1900 veluti
3121 1842 3424 1896 inanimum

1853 1956 2074 2011 corpus,
2093 1940 2160 1993 ab
2188 1946 2414 1994 externo
2446 1938 2626 2005 aliquo
2654 1935 2929 2005 agitatam,
2962 1942 3015 1987 et
3044 1933 3209 1987 veluti
3232 1932 3424 1985 alienis

1852 2034 2034 2089 nervis
2061 2033 2335 2093 mobilem,
2355 2030 2460 2084 huc
2476 2036 2529 2083 et
2548 2027 2674 2081 il'luc
2698 2034 2957 2097 perpetuo
2978 2034 3128 2084 motu
3156 2024 3425 2094 vigentem

1852 2133 2104 2181 naturam
2158 2123 2308 2187 duci,
2355 2121 2490 2176 nihil
2523 2134 2760 2189 unquam
2792 2119 2843 2172 vi
2889 2118 3110 2188 propria
3165 2124 3426 2186 motuque

1853 2224 2122 2287 agentem,
2150 2229 2329 2284 neque
2380 2211 2447 2266 ad
2498 2212 2735 2282 seipsam
2776 2208 3045 2263 factorum
3075 2222 3105 2260 a
3135 2223 3195 2262 se
3227 2220 3425 2261 causas

1851 2309 2173 2363 referentem
2210 2324 2223 2361 :
2255 2315 2418 2375 atque
2445 2306 2515 2360 ob
2548 2303 2600 2357 id
2627 2303 2802 2374 ipsum
2839 2316 3014 2372 neque
3038 2300 3427 2370 philosophan-

1851 2406 1960 2453 tem
1990 2396 2207 2451 laudem
2232 2395 2450 2458 mereri,
2482 2409 2658 2464 neque
2687 2392 3162 2462 reprehensionem
3192 2391 3238 2446 si
3269 2391 3426 2444 mali-

1850 2491 1941 2544 tia:
1980 2505 2042 2542 ac
2064 2488 2388 2542 delictorum
2427 2485 2584 2555 plena
2617 2482 2971 2549 fuerit?Quid
3013 2482 3198 2552 igitur,
3228 2482 3423 2548 amice,

1850 2580 2177 2652 Euphratem
2206 2578 2468 2633 conviciis
2503 2585 2665 2647 atque
2697 2573 3261 2630 animadversionibus
3300 2587 3431 2643 pro-

1853 2675 2099 2744 sequeris
2127 2674 2193 2739 ³⁷,
2220 2672 2266 2727 si
2299 2688 2407 2726 non
2436 2686 2535 2726 suo
2587 2668 2836 2730 arbitrio,
2862 2666 2957 2721 sed
2988 2665 3134 2718 fatali
3185 2664 3425 2720 necessi-

1853 2775 1964 2822 tate
1994 2768 2145 2822 lncro
2167 2766 2405 2827 deditus,
2430 2763 2749 2834 ignominia,
2786 2766 2951 2832 prout
2982 2768 3039 2812 tu
3064 2773 3276 2821 censes,
3303 2755 3428 2827 pbio

1852 2859 2157 2930 lOSOphiam
2189 2858 2385 2913 allicit?
2410 2856 2550 2923 Quid
2574 2870 2761 2925 magns
2788 2853 2916 2907 item
2939 2851 3157 2921 probris
3193 2850 3428 2905 insecta-

1851 2953 1930 3008 ris
1962 2953 2028 3015 ³⁸,
2057 2951 2256 3022 spuria:
2286 2947 2565 3019 sapientia:
2595 2946 2834 3000 cultores
2866 2943 3165 3012 appellans,
3196 2942 3288 3011 qui
3316 2938 3427 2993 fato

1851 3051 2054 3104 tamen,
2085 3044 2240 3112 juxta
2273 3050 2418 3095 tuam
2450 3039 2786 3109 opinionem,
2829 3034 2898 3090 ad
2947 3034 3137 3089 infelix
3169 3032 3315 3088 istud
3350 3032 3429 3087 vi-

1850 3138 2009 3192 vendi
2062 3152 2233 3206 genus
2293 3130 2626 3187 trahuntur?
2682 3129 2794 3185 lmo
2823 3127 2952 3198 quid
2984 3127 3175 3182 vitium
3206 3125 3429 3181 omnino

1850 3229 2029 3282 adhuc
2062 3225 2355 3280 nominas?
2391 3224 2576 3293 Neque
2625 3223 2804 3275 malus
2838 3220 3129 3289 quisquam
3158 3217 3285 3287 jure
3312 3231 3343 3271 a
3374 3224 3431 3271 te

191 3315 360 3388 γράφῃ
419 3313 762 3378 διδάσκαλον,
818 3314 912 3365 καὶ
959 3312 1160 3383 μοιρῶν
1206 3313 1475 3380 παίγνιον,
1510 3312 1623 3365 ἀλλ’
1652 3315 1751 3366 οὐκ

1859 3320 2165 3385 damnatur,
2195 3317 2568 3388 praescriptam
2618 3313 2721 3369 sibi
2754 3328 2784 3367 a
2813 3311 2924 3367 fato
2955 3311 3320 3367 necessariam
3352 3310 3431 3364 le-

194 3406 407 3477 ἐραστὴν
439 3405 568 3459 ὅντα
609 3403 941 3474 φιλοσοφίας,
979 3404 1079 3454 οὐκ
1116 3401 1435 3465 ἀπολείπεις
1477 3403 1749 3466 ἐπαινῶν;

189 3495 432 3568 Φραώτης
467 3498 524 3551 δὲ
556 3498 652 3550 καὶ
686 3496 920 3566 ’1ἀρχας,
990 3493 1164 3547 Ἰνδῶν
1203 3493 1499 3562 φιλόσοφοι,
1533 3494 1587 3545 τί
1620 3494 1755 3564 μᾶλ-

192 3589 271 3642 λον
297 3590 440 3663 παρά
475 3591 559 3643 σοὶ
582 3588 719 3642 Θεῶν
752 3588 1136 3658 ἀπηνέγκαντο
1166 3585 1275 3657 (Hi)
1304 3585 1482 3650 δόξαν,
1514 3585 1679 3656 μηδέν
1698 3601 1751 3637 τι

194 3683 422 3747 παιδείας
441 3683 573 3736 ἴδιον
592 3682 726 3749 (17),
754 3680 875 3751 μηδ’
899 3679 1098 3750 ἀρετῆς
1118 3676 1552 3746 ἀπενεγκάμενοι
1575 3676 1749 3742 κλέος

193 3774 424 3844 Νέρωνος
449 3775 493 3827 δ’
529 3773 793 3835 ὡσαύτως
822 3772 915 3824 καὶ⁹
944 3767 1269 3841 Δομετιανοῦ
1302 3768 1354 3820 τί
1384 3769 1503 3837 οὐχὶ
1536 3768 1752 3838 μοίραις

192 3867 276 3918 καὶ
322 3867 535 3939 ἀνάγκη
590 3865 689 3936 τὴν
718 3863 1015 3917 ἀκόλαστον
1049 3861 1372 3933 περιάπτεις
1402 3858 1713 3929 ἀγερωχίαν
1739 3898 1754 3917 .

195 3957 358 4030 πάσης
390 3958 570 4020 αἰτίας
594 3957 687 4010 καὶ
711 3955 910 4017 παντὸς
934 3952 1272 4024 ἐγκλήματος
1303 3952 1601 4023 ἐλευθερῶν
1630 3951 1756 4014 τοὺς

190 4049 402 4120 ἀνδρας;
445 4048 610 4103 Ἀλλά
652 4049 744 4101 καί¹
776 4049 829 4101 εἴ
849 4065 927 4118 τῳ
961 4046 1268 4117 πέπρωται,
1300 4044 1375 4107 ὡς
1405 4044 1529 4115 φῂς,
1566 4043 1755 4113 δρομι-

190 4140 282 4212 κῷ,
305 4144 394 4196 καὶ
420 4141 642 4212 τοξικῷ,
667 4143 760 4194 καὶ
778 4137 1071 4209 τεκτονικῷ
1095 4137 1345 4205 γενέσθαι
1365 4135 1499 4206 (18)·
1516 4134 1657 4188 οὕτω
1689 4135 1753 4205 δὴ

190 4235 289 4307 γὰρ
308 4236 459 4307 γόητι
484 4236 578 4288 τὸν
607 4233 806 4304 τρόπον
832 4232 965 4295 ὄντι,
997 4231 1168 4301 μάγον
1200 4228 1537 4299 ἀναφανῆναι
1561 4245 1573 4258 ·
1606 4245 1752 4298 μιαι-

193 4325 323 4398 φόνῳ
343 4344 401 4380 τε
440 4327 535 4380 ml.
588 4324 826 4396 πονηρῷ,
860 4325 955 4377 καὶ
990 4323 1273 4391 ἀκολάστῳ
1310 4321 1527 4382 πάντως
1557 4336 1658 4372 που
1692 4318 1751 4385 ἐξ

188 4415 419 4489 ἀνάγκης
440 4415 651 4471 τοιόσδε
690 4432 773 4478 τις
813 4414 1165 4485 ἀποϐήσεται.
1201 4412 1265 4465 Τί
1300 4412 1435 4483 δῆτα
1478 4406 1571 4463 οὖν
1597 4426 1753 4483 περι-

1858 3426 1977 3480 gem
2025 3409 2153 3463 dum
2186 3408 2393 3477 implet.
2454 3404 2546 3460 Sic
2574 3419 2730 3459 versa
2792 3404 2909 3457 vice
2930 3442 2944 3467 ,
2994 3418 3100 3472 qua
3130 3411 3185 3456 tu
3219 3400 3433 3456 ratione

1857 3499 2217 3572 Pythagoram
2257 3505 2549 3553 veneratus
2603 3494 2977 3550 admirabilem
3014 3508 3179 3549 vocas
3228 3507 3429 3563 praece-

1856 3601 2063 3662 ptorem
2095 3592 2160 3656 ²⁹,
2192 3590 2600 3659 Parcarumque
2653 3589 2946 3643 ludibrium
3001 3586 3092 3656 qui
3152 3585 3267 3647 sit,
3319 3598 3431 3638 non

1856 3681 2137 3750 sapientiae
2192 3687 2422 3744 amator,
2478 3677 2702 3732 laudare
2742 3693 2857 3732 non
2911 3673 3432 3731 cessas?Phraotes

1855 3789 2018 3844 porro
2049 3781 2104 3827 et
2131 3771 2353 3827 larchas
2386 3786 2487 3825 cur
2520 3771 2702 3839 potius
2726 3783 2888 3839 quam
2912 3768 3003 3821 alii
3036 3767 3287 3821 homines
3312 3778 3343 3817 a
3375 3774 3432 3819 te

1854 3878 1953 3932 pro
1982 3861 2089 3917 diis
2108 3862 2378 3916 habentur
2394 3861 2597 3928 “,cum
2622 3861 2897 3931 propriam
2926 3873 3034 3913 non
3064 3857 3240 3912 ferant
3271 3855 3434 3911 insti-

1854 3954 2086 4009 tutionis
2116 3961 2281 4021 atque
2331 3952 2553 4008 virtutis
2594 3951 2852 4007 laudem?
2899 3949 3187 4019 Similique
3220 3948 3432 4004 ratione

1856 4044 2086 4100 Neronis
2116 4039 2274 4114 543
2306 4050 2359 4099 et
2395 4042 2685 4097 Domitiani
2734 4057 2835 4096 cur
2880 4040 2993 4096 fato
3028 4047 3082 4094 et
3116 4039 3431 4095 necessitati

1856 4136 2174 4191 infrunitam
2205 4135 2347 4190 haud
2367 4135 2561 4190 tribuis
2586 4134 2918 4203 superbiam,
2940 4134 3007 4187 ab
3023 4132 3171 4187 omni
3201 4132 3432 4186 crimine

1857 4236 1911 4282 et
1933 4228 2091 4297 culpa
2124 4242 2219 4282 eos
2251 4225 2798 4282 absolvens?Vcrum
2830 4225 2987 4281 sicui
3021 4223 3132 4278 fato
3165 4223 3428 4277 tributum

1858 4327 1962 4380 est,
1988 4328 2066 4382 ut,
2098 4317 2556 4388 quemadmodum
2583 4318 2664 4372 ais
2680 4319 2744 4382 ⁸¹,
2774 4332 2969 4372 cursor
2996 4316 3087 4381 sit,
3117 4321 3176 4367 ut
3207 4313 3432 4384 sagitta-

1856 4410 1996 4473 rius,
2029 4417 2087 4463 ut
2112 4410 2477 4477 architectus;
2510 4410 2733 4480 perinde
2760 4411 2922 4465 etiam
2954 4408 3025 4472 ei,
3057 4406 3150 4469 qui
3182 4388 3430 4460 incanta-

253 4577 295 4608 "
332 4576 421 4631 lib.
462 4593 553 4638 vt,
591 4589 642 4629 c.
672 4572 781 4639 29;
825 4570 920 4625 lib.
955 4587 1082 4637 vni,
1118 4586 1165 4625 c.
1209 4570 1259 4623 7.
1334 4570 1381 4601 ³⁸
1422 4569 1517 4624 lib.
1553 4584 1683 4632 vnt,
1720 4582 1768 4622 c.
1813 4566 1867 4623 7.
1940 4569 1985 4601 ³⁹
2025 4568 2120 4625 lib.
2175 4584 2308 4634 vm,
2340 4581 2393 4622 c.
2432 4566 2463 4619 7
2493 4582 2609 4639 seq.
2646 4575 2700 4621 et
2766 4565 2993 4635 passim.
3071 4562 3115 4594 ³⁰
3158 4562 3253 4619 lib.
3318 4576 3426 4624 vn,

187 4656 237 4703 c.
264 4647 349 4704 52.
426 4647 470 4679 ³¹
510 4648 609 4702 lib.
641 4660 773 4709 vm,
814 4659 864 4698 c.
896 4643 949 4697 7.

253 4808 359 4880 (12)
390 4809 468 4862 Δι’
499 4810 648 4877 ὅλης
675 4806 834 4873 αὐτῷ
860 4804 964 4886 τῆς
984 4806 1158 4885 ὐποᾷ.
1190 4806 1223 4858 ὁ
1262 4768 1463 4872 λόγος,
1485 4811 1591 4858 etc.
1623 4799 1747 4883 Haec
1779 4805 1828 4861 ι’)
1923 4792 2342 4870 (15)Ὠ.1ιγώρει
2367 4787 2749 4873 φιγῑοσο-φίας.
2771 4785 2927 4857 Παρά
2956 4783 3018 4837 τὸ
3049 4783 3258 4908 πὸέπον
3279 4779 3429 4852 φιλο-

264 4880 543 4908 ............:..
576 4880 619 4908 ..ι
655 4882 788 4908 Imm.
816 4877 1041 4908 tum“...
1083 4889 1198 4908 mm
1219 4873 1378 4908 ιιηιιηι
1428 4873 1483 4908 1η
1543 4872 1724 4908 Ιηηειη
1854 4868 2015 4908 mmini,
2048 4868 2306 4908 πηάττειν
2343 4864 2475 4908 1111111
2500 4859 2758 4908 Philoslr.
2790 4858 2825 4908 1.
2864 4872 2940 4908 Vl.
2970 4870 3020 4908 c.
3054 4854 3088 4908 5
3131 4894 3144 4908 .

188 4887 240 4932 et
262 4871 545 4949 sequentia
576 4871 1046 4949 si'lectaifuissent
1083 4874 1198 4949 viro
1218 4873 1397 4939 docto,
1417 4873 1502 4927 ιιι).
1534 4871 1744 4949 Jonsio,

189 4949 240 5003 iu
269 4943 403 5006 libro
436 4950 514 5004 De
548 4947 891 5018 scriptoribus
933 4946 1059 4999 hist.
1085 4945 1301 5018 phjlos.,
1334 4959 1443 4997 non
1463 4943 1750 5018 potuisset

191 5020 245 5091 111
267 5036 387 5079 eum
427 5013 941 5091 prolahi'errorem,
974 5032 1084 5091 quo
1107 5015 1364 5091 abreptus
1392 5013 1748 5091 existimavit,

193 5084 538 5146 Hierocli'de
593 5088 704 5144 fato
750 5084 1023 5157 disputata
1071 5085 1158 5140 hic
1192 5084 1485 5157 confutari,
1516 5098 1750 5157 quorum

192 5159 484 5231 fragmenta
541 5160 792 5231 Stobaeus
839 5151 1001 5231 nobis
1060 5156 1315 5231 servavit.
1354 5151 1754 5231 lJnde‘deinde

191 5223 562 5301 argumentum
594 5230 697 5285 sibi
724 5228 877 5301 nasci
909 5223 1754 5301 putav_it,_Ctesariensem.Euse-

194 5292 331 5355 liium
381 5318 491 5356 non
537 5316 657 5356 esse
701 5300 793 5369 qui
822 5292 936 5351 haec
971 5296 1212 5369 scripsit,
1245 5310 1368 5369 cum
1407 5295 1511 5369 qui
1536 5293 1603 5369 de
1638 5292 1748 5369 fato

191 5372 402 5440 scripsit
460 5363 760 5433 Hierocles,
793 5375 951 5440 aetate
997 5363 1184 5421 eo’sit
1226 5365 1456 5440 multum
1497 5363 1745 5440 inferior.

188 5434 364 5564 Pl(:3)
380 5441 457 5526 re
475 5440 587 5512 γὰρ
611 5441 821 5496 ἀεικίν.
847 5438 1138 5507 Desumpta
1161 5444 1290 5490 sunt
1310 5436 1415 5490 ista
1437 5449 1505 5490 ex
1526 5434 1755 5489 Phaedro

251 5530 276 5563 il
304 5529 448 5564 OIIIS.

251 5514 448 5567 atonis.

257 5582 906 5653 (14)Νευροσπαστουμ.
940 5575 1306 5653 Hunc_loc_um
1341 5574 1608 5653 interpres
1653 5575 1757 5629 mi-

192 5646 305 5706 sere
333 5646 642 5721 exceperat.
671 5646 1040 5721 quem_'_paulo
1073 5646 1291 5721 planius
1321 5646 1633 5716 rectiusque
1667 5661 1755 5700 me

190 5714 527 5790 expressisse
549 5714 803 5776 arbitror.
826 5714 1097 5773 Housm-1N.
1135 5714 1750 5790 Holstenianam'autem

192 5785 689 5858 interpretationem
718 5790 805 5845 hic
841 5804 942 5845 nos
965 5803 1181 5859 quoque
1214 5785 1574 5843 servavimus.

1662 5885 1747 5896 "1m.

1854 4854 2306 4940 σοφίςίπράττειν
2343 4854 2475 4917 dicit
2500 4854 2825 4940 PhilostrLl.
2860 4854 2940 4918 vt,
2970 4870 3020 4909 c.
3054 4854 3088 4908 5

1962 4887 2017 4940 ιᾳ
2048 4887 2306 4945 πρςττειν
2343 4887 2475 4917 υΙυΙι
2500 4887 2758 4914 ιἰιιιυδιιν.
2792 4887 2825 4910 ι.
2871 4887 2940 4918 Vl,
2970 4887 3020 4909 ιι.
3055 4887 3144 4908 ua.

1918 4887 2035 5009 (016)
2068 4938 2319 4990 Μαλλον
2346 4948 2420 5009 ἐι.
2448 4932 2567 5009 (τοί,
2602 4927 2943 5009 etc.__Nempe
2966 4940 3075 5009 eos
3109 4924 3303 5006 μόνους
3316 4922 3425 5009 ἀν-

1853 4994 2085 5092 θρὶὒπὼν
2118 5023 2176 5061 se
2199 5021 2297 5075 pro
2330 5003 2437 5058 diis
2466 5002 2667 5056 habere
2695 4994 2897 5054 diserte
2928 4996 3004 5050 ait
3027 4996 3149 5049 loco
3171 4994 3225 5048 in
3250 5008 3423 5062 marg.

1852 5088 2042 5136 citato.

1927 5150 2038 5221 (l7)
2067 5145 2282 5221 Mn6é_r_
2310 5143 2665 5221 mquamstch
2694 5140 2885 5221 ἴδιονλ
2927 5136 3181 5221 Ipsorum
3195 5206 3205 5216 .
3231 5147 3428 5221 nempe

1854 5203 1966 5276 non
2021 5203 2106 5275 est
2147 5203 2417 5287 quidquid
2468 5214 2527 5287 in
2574 5203 2655 5287 eis
2700 5203 3074 5287 virtutisfsed
3113 5205 3232 5287 fati,
3268 5203 3432 5271 cujus

1854 5278 2196 5346 necessitans
2227 5278 2323 5342 vis.
2337 5302 2431 5341 eos
2464 5284 2531 5339 ad
2564 5286 2822 5339 virtutem
2846 5278 3196 5333 determinat.

1927 5361 2037 5433 (18)
2072 5358 2383 5413 Γενέσθαι·
2418 5354 2571 5433 Ηέίῐιε
2600 5367 2790 5433 Υοθεηλ
2828 5349 3030 5433 “99?”?
3070 5359 3239 5433 έΨδῑὲξ
3285 5358 3429 5433 εἶΨΡὶ

1859 5414 2133 5501 sirie'qua
2186 5442 2413 5501 mancus
2471 5425 2559 5480 hic
2612 5424 2765 5477 locus
2823 5419 3125 5501 videbatur:
3174 5414 3248 5497 Ea
3299 5428 3433 5501 vero

1857 5486 2061 5557 addita.
2100 5499 2283 5553 omnia
2335 5499 2495 5567 plana
2555 5502 2705 5567 sunt,
2749 5489 2911 5545 modo
2957 5486 3273 5567 memineris
3307 5491 3433 5564 post

1856 5555 2192 5642 ἀναφανῆναι
2243 5555 2470 5642 ver-bum
2532 5555 2814 5636 πέπρωται
2865 5568 3114 5642 repetere
3158 5555 3274 5642 tino
3335 5555 3432 5639 τοξ

1856 5623 2060 5703 κοινοδ,
2090 5623 2165 5695 ἐι
2215 5638 2465 5708 similiter
2508 5623 2655 5708 post.
2692 5623 3054 5708 μιαιφόνῲπε
3089 5629 3182 5683 καὶ
3214 5623 3436 5708 πονηρῷ

1855 5699 2297 5835 καὶέάὄιολάστῳ,
2331 5699 2853 5778 811111111611186111111111
2915 5699 3205 5776 πέπρωται
3260 5699 3435 5759 ταῦτα

1855 5799 1951 5835 γεν
1988 5798 2019 5834 σ
2056 5797 2133 5835 αι.

1854 5797 2133 5853 γενεσθαι.
