3830 6260
370 296 474 356 865

1003 291 1278 349 EUSEBll
1315 289 1797 347 CESABIENSIS
1836 290 1989 348 OPP.
2024 290 2307 348 PARS-ll.
2348 322 2417 334 —
2452 290 2929 347 APOLOGETICA

3516 293 3608 350 εει

369 414 571 472 mentis
598 415 816 472 deditus
841 422 953 479 est,
983 421 1045 470 ut
1076 428 1267 485 magus
1308 413 1504 469 evadat
1537 411 1590 485 [a
1626 414 1752 470 latis
1780 415 1932 472 obve-

2046 414 2248 468 νοστῶν
2290 415 2401 477 τοῖς
2446 413 2520 485 μὴ
2556 414 2686 477 οἵοις
2742 431 2803 466 τε
2854 415 3036 484 τυχεῖν
3056 412 3393 484 διορθώσεως
3417 414 3608 481 ἀρετὴν

370 508 537 583 niet];
567 510 927 579 similiterque
960 509 1160 565 sicario
1194 510 1347 575 item,
1376 507 1654 572 nebuloni,
1679 510 1943 578 superbo;

370 613 482 657 tum
512 600 735 657 omnino
770 616 838 656 ex
891 603 1222 658 necessitate
1270 602 1395 658 talis
1451 601 1575 655 crit.
1608 600 1748 666 Quid
1781 601 1946 670 igitur

368 697 630 750 oberrans
659 693 1056 751 emendationis
1085 711 1192 750 non
1217 694 1510 765 capacibus
1542 695 1791 749 virtutem
1817 710 1943 764 pro-

367 783 689 855 ponis3Aut
711 783 842 854 quid
877 784 932 841 in
978 800 1074 841 eos
1104 785 1511 849 animadvertis,
1543 801 1775 857 quorum
1811 785 1941 851 fata,

365 889 476 928 non
507 888 637 928 vero
674 875 928 931 voluntas
962 883 1267 931 monstrum
1303 876 1496 931 alunt?
1537 876 1651 932 lino
1710 877 1863 948 quid.
1896 879 1942 932 si

365 965 471 1038 ipsi
496 965 593 1021 tibi
625 965 752 1022 fatis
774 974 859 1024 est
885 967 1242 1032 destinatum,
1276 976 1336 1025 ut
1362 968 1546 1026 divina
1580 969 1840 1041 praeditus
1861 972 1944 1026 in-

362 1051 488 1109 dole
518 1054 903 1125 imperatorem
934 1065 1117 1112 mente
1150 1057 1370 1112 sublimi
1424 1058 1731 1129 despicias;
1768 1061 1939 1132 magi-

364 1153 607 1200 strorum
630 1148 847 1203 scholas
870 1146 1268 1218 frequentasti?
1293 1149 1431 1216 Quid
1449 1150 1681 1212 Arabas.
1715 1149 1945 1223 Babylo-

364 1236 690 1308 niorumque
736 1254 948 1309 magos,
1004 1248 1058 1294 et
1114 1239 1367 1293 ludorum
1421 1241 1695 1310 sapientes
1724 1245 1943 1298 curiose

360 1329 585 1385 obiisti?
613 1328 807 1384 Omnia
829 1331 975 1385 enim
1001 1331 1082 1385 vel
1104 1330 1243 1385 citra
1272 1332 1417 1386 illam
1443 1333 1938 1400 conversationem,

361 1433 483 1489 qua:
533 1418 657 1476 fatis
710 1428 894 1476 essent
922 1420 1161 1484 decreta,
1217 1424 1311 1477 tibi
1370 1439 1630 1497 peragere
1671 1426 1936 1482 licuisset.

362 1510 501 1578 Quid
525 1510 592 1566 iis
630 1512 757 1566 item
797 1528 935 1583 quos
968 1513 1148 1569 credis
1179 1513 1285 1569 diis
1318 1516 1549 1572 mellitas
1574 1518 1939 1589 nequidquam

359 1604 638 1671 placentas
677 1603 944 1673 thuraquc
994 1603 1282 1672 profundis
1339 1608 1404 1674 ”,
1450 1617 1504 1663 et
1567 1609 1783 1679 pietatis
1852 1610 1938 1665 in-

360 1691 536 1749 duens
561 1694 764 1748 larvam
782 1695 1083 1766 discipulos
1114 1698 1178 1750 ad
1205 1714 1395 1769 preces
1433 1708 1749 1755 convertere
1787 1700 1939 1756 labo-

2047 505 2443 578 προκηρύττοις
2463 506 2618 575 (18’);
2637 507 2706 558 Ἢ
2721 506 2773 558 τί
2802 505 3138 579 καταμέμφῃ
3157 508 3268 571 τοῖς
3282 506 3382 577 τὴν
3402 508 3608 577 μοῖραν,

2045 596 2158 649 ἀλλ’
2184 597 2246 649 οὐ
2297 596 2397 666 τὴν
2459 599 2800 667 προαίρεσιν,
2834 596 3236 662 ἀτοπωτάτοις;
3274 598 3326 650 τί
3356 597 3544 657 δὲκαὶ,
3566 601 3608 651 εί

2045 687 2193 758 αὐτῷ
2240 705 2319 739 σοι
2354 688 2630 760 πέπρωτο,
2665 687 2794 758 θείῳ
2835 687 2947 740 δντι
2978 686 3076 757 τὴν
3105 686 3284 757 φύσιν,
3344 688 3609 758 ὑπερᾶραι

2046 778 2311 849 βασιλέως
2339 779 2496 849 δόξης
2545 777 2677 846 (l9),
2710 780 2767 843 ὲς
2800 778 3132 833 διδασκάλων
3167 778 3382 848 ἐφοίτας
3406 780 3501 833 καὶ
3531 796 3611 850 φιν

2043 871 2283 941 λοσίφων
2307 888 2323 937 ;
2372 870 2655 943 Ἀραϐίους
2681 869 2791 942 (20)
2822 888 2881 924 τε
2906 871 2997 924 καὶ
3014 870 3363 925 Βαϐυλωνίων
3387 872 3608 943 μάγους,

2044 965 2138 1018 καὶ
2173 965 2370 1032 σοφοὺς
2401 963 2576 1017 Ἰνδῶν
2597 962 3134 1034 ἐπολυπραγμόνεις;
3166 964 3349 1019 Πάντα
3374 964 3484 1035 (21)
3508 964 3609 1036 γάρ

2044 1075 2146 1110 που
2198 1058 2291 1110 καὶ
2356 1058 2454 1129 τῆς
2499 1057 2703 1111 τούτων
2740 1056 2861 1129 δίχα
2890 1057 3171 1120 κοινωνίας
3201 1055 3270 1109 τά
3311 1059 3375 1111 ἐκ
3413 1057 3612 1129 μοιρῶν

2042 1146 2278 1199 ἐτελεῖτό
2318 1163 2418 1199 σοι.
2475 1146 2538 1199 Τί
2571 1146 2626 1200 δὲ
2655 1147 2747 1199 καὶ
2775 1140 2855 1207 οἷς
2892 1144 3133 1217 νομίζεις
3160 1146 3302 1212 θεοῖς
3332 1146 3401 1200 τά
3435 1147 3612 1218 μελιτ-

2040 1239 2256 1302 τοῠντα,
2298 1239 2390 1291 καὶ
2426 1238 2515 1291 τὸν
2572 1237 2862 1291 λιϐανωτὸν
2899 1241 2956 1301 ἐς
2983 1238 3166 1310 μάτην
3200 1239 3429 1309 ῥίπτεις,
3460 1240 3611 1294 εὐσέ-

2042 1330 2192 1386 ϐειάν
2223 1348 2282 1383 τε
2314 1328 2841 1402 ὲπιμορφαζόμενος,
2872 1330 2957 1385 ἐπ’
2986 1331 3150 1401 εὐχὰς
3179 1330 3473 1403 τρέπεσθαι
3492 1331 3613 1396 τοὺς

2044 1423 2293 1495 ἑταίρους
2353 1424 2675 1495 παρορμᾷς;
2729 1423 2889 1486 αὐτός
2937 1440 2995 1475 τε
3037 1422 3353 1494 εὐχόμενος,
3387 1425 3442 1475 τί
3469 1423 3615 1494 παρὰ

2042 1515 2179 1569 θεῶν
2206 1517 2373 1579 αἰτεῖς
2394 1560 2409 1582 ,
2443 1516 2607 1569 ὁπότε
2634 1516 2728 1569 καὶ
2754 1515 2959 1569 τούτων
2991 1516 3087 1586 τὴν
3126 1515 3465 1587 εἱμαρμένην
3489 1518 3616 1586 ὁμο-

2040 1606 2215 1677 λογεῖς
2266 1610 2525 1679 κρατεῖν;
2584 1607 2692 1660 Καὶ
2748 1609 2853 1679 μὴν
2905 1603 3031 1671 ἔδει,
3077 1608 3203 1672 τοὺς
3237 1606 3428 1670 ἄλλους
3462 1606 3615 1671 θεοὺς

2043 1699 2550 1770 παραμειψάμενον,
2601 1697 2812 1775 ἀνάγκῃ
2859 1699 3018 1770 μόνον
3051 1699 3144 1752 καὶ
3196 1699 3412 1770 μοίραις
3445 1698 3613 1764 θύειν,

360 1801 451 1841 ras
486 1786 568 1839 “?
608 1785 720 1843 lmo
758 1795 813 1843 et
851 1788 968 1859 ipse
1008 1797 1260 1859 precatus
1308 1791 1437 1862 quid
1473 1791 1607 1847 deos
1643 1793 1932 1862 exposcis,

2044 1790 2254 1844 καὶτοῦ
2294 1791 2416 1855 Διὸς
2469 1791 2633 1845 αὑτοῦ
2689 1792 2886 1863 μᾶλλον
2935 1791 3034 1862 τὴν
3062 1791 3400 1863 εἱμαρμένην
3437 1808 3617 1862 προτι-

360 1877 801 1948 quandoquidem
828 1878 915 1934 bis
953 1892 1171 1950 quoque
1200 1879 1306 1933 fata
1331 1881 1599 1951 imperare
1621 1881 1941 1936 existimas?

359 1966 522 2037 Atqui
564 1969 886 2039 oportebat,
917 1968 1132 2023 cwteris
1160 1968 1266 2024 diis
1319 1969 1563 2032 omissis,
1596 1970 1689 2023 uni
1726 1976 1936 2022 tantum

357 2055 685 2114 Necessitati
716 2058 1018 2132 Parcisque
1048 2078 1162 2117 rem
1197 2060 1437 2115 divinam
1501 2071 1551 2115 te
1610 2060 1807 2125 facere,
1842 2076 1937 2117 su-

357 2164 563 2220 praque
600 2150 789 2207 Jovem
818 2153 999 2224 ipsum
1043 2154 1292 2210 venerari
1329 2153 1521 2209 fatum.
1583 2151 1660 2207 lta
1699 2168 1827 2208 vero
1856 2153 1933 2207 dii

357 2239 493 2295 nulli
523 2241 617 2296 tibi
643 2243 879 2312 amplius
911 2243 1132 2309 fuerint,
1166 2253 1220 2300 et
1248 2244 1443 2300 merito
1469 2244 1708 2315 quidem,
1745 2250 1803 2298 ut
1840 2244 1933 2314 qui

355 2331 619 2403 prodesse
642 2334 959 2391 hominibus
978 2336 1194 2391 valeant
1211 2335 1366 2390 nihil.
1391 2333 1659 2390 Praeterea
1680 2334 1726 2389 si
1756 2334 1937 2392 dcere

354 2436 470 2483 tum
505 2428 628 2494 fuit,
662 2436 721 2485 ut
780 2431 928 2488 cives
984 2430 1205 2502 Ephesii
1251 2441 1401 2502 peste
1458 2430 1830 2501 corripiantur
1868 2429 1933 2494 ³⁸,

350 2524 483 2595 quid
518 2526 790 2580 contraria
821 2527 1075 2583 sanciens
1120 2526 1231 2582 fato
1269 2535 1321 2581 te
1352 2525 1563 2597 praebes
1602 2524 1933 2579 adversum?

351 2620 464 2677 lino
494 2623 768 2690 quomodo
795 2624 975 2680 vicisti
1008 2624 1202 2690 fatum,
1240 2633 1500 2693 tropaeum
1543 2620 1702 2692 quasi
1740 2620 1808 2675 de
1839 2619 1934 2672 illo

350 2713 638 2770 statuens?
667 2712 724 2769 Si
754 2730 917 2784 porro
939 2716 993 2770 in
1024 2716 1203 2786 puella
1232 2715 1463 2770 Clothus
1493 2712 1605 2783 jam
1635 2710 1871 2766 stamina
1890 2710 1934 2741 ³⁸

2047 1885 2172 1954 μᾷν.
2210 1882 2363 1937 Οὕτω
2407 1883 2450 1935 δ’
2506 1883 2569 1937 ἄν
2606 1900 2685 1935 σοι
2729 1882 2840 1936 θεοὶ
2885 1883 2983 1953 μὲν
3016 1883 3194 1935 οὐκέτ’
3225 1882 3291 1936 ἂν
3334 1878 3495 1953 ἦσαν,
3530 1884 3615 1936 καὶ

2042 1974 2284 2037 εἰκότως,
2310 1975 2405 2027 ἆτε
2443 1975 2577 2045 μηδὲ
2605 1973 2922 2046 ἀνθρώπους
2950 1968 3128 2028 οἷοίτε
3161 1973 3407 2044 ὠφελεῖν.
3457 1973 3615 2028 Ἀλλά

2040 2067 2133 2119 καὶ
2158 2067 2207 2121 εί
2239 2066 2526 2136 ἐπέπρωτο
2556 2067 2681 2131 τοὺς
2725 2065 3001 2135 Ἐφεσίους
3032 2064 3234 2120 ἀλῶναι
3269 2065 3441 2137 λοιμῷ
3466 2066 3615 2119 πολί-
3666 2100 3669 2103 -

2038 2176 2155 2222 τας,
2178 2158 2250 2221 τί,
2270 2158 2525 2211 τάναντία
2553 2157 2880 2229 νομοθετῶν,
2905 2157 3270 2229 παρακρούεις
3298 2157 3394 2228 τὴν
3424 2158 3618 2228 εἱμαρ-

2043 2250 2244 2321 μένην;
2273 2249 2486 2302 Μᾶλλον
2519 2249 2577 2302 δὲ
2614 2250 2729 2313 πῶς
2777 2250 3056 2321 ὑπερῆρας
3096 2248 3193 2319 τὴν
3230 2251 3445 2321 μοῖραν,
3492 2249 3616 2321 περό-

2041 2358 2199 2394 παιον
2243 2340 2431 2411 ὥσπερ
2486 2343 2602 2395 κατ’
2642 2341 2811 2411 αὐτῆς
2868 2341 3171 2413 ἀράμενος;
3213 2343 3275 2394 El
3312 2341 3368 2395 δὲ
3392 2340 3617 2413 καὶτῆς

2042 2433 2298 2497 Κλωθοῦς
2347 2435 2440 2486 ἐπὶ
2476 2436 2540 2504 τῇ
2576 2434 2713 2507 κόρῃ
2735 2435 2793 2486 τὸ
2819 2434 2965 2505 νῆμα
2996 2434 3167 2504 πέρας
3189 2434 3419 2505 εἰλήχει,
3455 2433 3615 2489 πόθεν

2040 2525 2099 2590 ἐξ
2127 2526 2376 2597 ὑπαρχῆς
2401 2526 2541 2595 μετά
2569 2525 2795 2580 θάνατον
2829 2526 3233 2597 ἀναδησάμενος
3260 2532 3338 2598 τῷ
3368 2527 3504 2599 μίτῳ
3529 2528 3615 2583 τὸν

2041 2619 2330 2687 ἄτρακτον,
2377 2618 2638 2684 ζωοποιὺς
2678 2619 2812 2690 αὐτῇ
2847 2619 3278 2691 παραπέφηνας;
3321 2620 3461 2674 Ἀλλ’
3488 2622 3614 2686 tam;

2047 2714 2228 2780 μοῖραι
2256 2711 2348 2764 καὶ
2390 2711 2613 2763 σεαυτὸν
2645 2712 2737 2765 ἐπὶ
2773 2710 2924 2764 ταῦτ’
2952 2708 3105 2783 ἦγον.

349 2810 508 2858 erant
547 2804 857 2876 absumpta,
889 2822 996 2876 quo
1046 2814 1103 2861 tu
1136 2814 1294 2875 pacto
1321 2804 1502 2860 denuo
1542 2810 1666 2874 post
1732 2810 1961 2856 mortem
2000 2801 2121 2870 ejus
2152 2817 2293 2857 novo
2323 2802 2503 2856 colum
2541 2802 2766 2858 induere
2796 2802 2884 2857 filo
2906 2844 2920 2868 ,
2956 2803 3139 2873 illique
3171 2818 3295 2858 esse
3332 2805 3459 2858 vitae
3524 2818 3611 2857 re-

350 2894 575 2954 deuntis
605 2905 799 2952 auctor
822 2897 1089 2968 potuisti?
1112 2895 1217 2950 Sed
1243 2904 1295 2951 te
1324 2894 1578 2950 fortassis
1598 2894 1800 2950 eaedem
1834 2891 2021 2947 Parcae
2053 2890 2119 2945 ad
2152 2892 2265 2946 hmo
2291 2893 2498 2963 agenda
2531 2894 2823 2949 ducebant.

914 3012 1143 3068 CAPUT
1183 3009 1368 3067 XLVI.

421 3104 570 3161 Nihil
613 3106 827 3175 profers
877 3105 1025 3176 quod
1057 3104 1124 3159 ad
1178 3113 1326 3159 tuam
1376 3102 1542 3159 faciat
1588 3104 1929 3176 dignitatem,

354 3196 626 3269 (multum
692 3196 920 3265 abest,)
978 3197 1072 3268 qui
1126 3205 1416 3266 antequam
1472 3196 1526 3250 in
1573 3211 1775 3266 corpus
1833 3196 1936 3252 hoc

352 3303 504 3344 esses
532 3288 743 3344 delatus
766 3287 833 3354 ",
866 3287 923 3342 in
954 3303 1167 3353 eorum,
1221 3290 1313 3358 qui
1352 3289 1405 3342 in
1451 3289 1609 3354 mari,
1646 3296 1700 3343 et
1736 3287 1934 3345 fluctus

353 3379 497 3435 inter
548 3386 763 3435 aetatem
823 3386 1200 3443 consumunt,
1268 3388 1318 3435 te
1376 3379 1544 3435 fuisse
1599 3396 1764 3436 censu
1827 3381 1929 3436 ais.

352 3469 557 3542 Nempe
584 3472 951 3532 necessitatis.
980 3479 1039 3527 ut
1071 3472 1402 3536 verosimile,
1431 3480 1486 3528 et
1524 3472 1626 3527 hoc
1656 3480 1760 3529 est.
1787 3472 1933 3527 Nihil

352 3581 485 3635 ergo
541 3579 651 3635 quo
702 3563 1121 3619 admirationem
1155 3577 1421 3625 mereare,
1454 3578 1631 3633 neque
1661 3563 1929 3617 natales"

348 3660 511 3734 5“
536 3654 612 3709 tui
638 3660 693 3710 et
721 3653 996 3718 educatio,
1039 3667 1215 3723 neque
1246 3651 1522 3722 encyclios
1553 3649 1842 3721 disciplina
1863 3649 1929 3717 ³⁸,

352 3759 534 3813 neque
572 3745 697 3800 vita:
729 3760 900 3814 genus
921 3743 1480 3813 temperantissimum
1502 3741 1569 3805 ”,
1613 3757 1789 3811 neque
1817 3741 1933 3812 phi-

352 3833 633 3905 losophica
674 3835 995 3890 exercitatio
1019 3834 1086 3887 ⁸⁰.
1119 3832 1323 3904 Nempe
1359 3832 1541 3888 fatalis
1578 3833 1743 3888 etiam
1781 3848 1930 3903 quae-

354 3927 483 3983 dam
528 3936 646 3983 erat
675 3928 999 3993 necessitas,
1031 3942 1173 3997 quae,
1214 3926 1281 3980 ad
1309 3925 1635 3997 Babylonios
1675 3934 1733 3979 ut
1763 3926 1929 3993 proli-

353 4018 644 4083 ciscerere,
680 4029 731 4073 te
753 4019 1017 4087 compulit
1044 4017 1109 4073 ⁸⁸.
1138 4016 1202 4071 Vi
1240 4018 1368 4071 item
1400 4026 1559 4073 actus
1583 4018 1739 4089 quasi
1770 4016 1930 4072 Indo-

354 4124 477 4167 rum
518 4124 737 4180 quoque
787 4107 964 4163 factus
1011 4107 1316 4180 discipulus
1344 4123 1405 4163 es
1426 4109 1471 4140 “
1503 4126 1516 4163 :
1543 4116 1596 4163 ct
1645 4107 1712 4162 ad
1759 4107 1929 4179 Egy-

356 4201 593 4271 ptiorum
610 4197 798 4254 Nudos
820 4213 928 4255 non
950 4198 1145 4253 electio
1171 4209 1260 4252 tua
1288 4205 1342 4253 et
1360 4197 1640 4268 sapientia:
1661 4189 1924 4264 studium,

2532 3010 2927 3062 ΚΕΦΑΛΑΙΟΝ
2970 3011 3116 3077 MC".

2104 3101 2233 3155 Οὖτι
2254 3119 2340 3155 πω
2364 3102 2553 3172 φήσεις
2566 3102 2684 3154 κατ’
2710 3101 2885 3168 ἀξίαν,
2908 3101 3100 3155 πολλοῦ
3121 3119 3184 3171 γε
3200 3100 3297 3166 δεῖ,
3315 3101 3375 3166 ὃς
3392 3102 3498 3171 πρὸ
3517 3103 3611 3174 τῆς

2034 3195 2090 3257 ἐς
2120 3193 2278 3246 τοῦτο
2312 3193 2372 3245 τὸ
2411 3192 2567 3263 σῶμα
2607 3193 2836 3264 παρόδου
2865 3193 2972 3246 τῶν
3002 3196 3059 3247 ἐν
3096 3192 3331 3267 θαλάττῃ
3374 3195 3472 3248 καὶ
3514 3194 3609 3248 κύ-

2036 3302 2167 3356 μασι
2197 3284 2581 3356 διατριϐόντων
2597 3285 2874 3353 γεγονέναι
2897 3286 3118 3339 σεαυτὸν
3143 3286 3346 3355 λέγεις.
3394 3289 3534 3342 Ἀλλ’
3552 3286 3611 3358 ἐξ

2034 3378 2302 3447 ἀνάγκης,
2354 3377 2429 3439 ὼς
2488 3377 2652 3440 εἰκὸς,
2705 3378 2801 3430 καὶ
2831 3377 3006 3431 τοῦτο.
3036 3376 3244 3432 Οὔκουν
3291 3379 3607 3450 θαυμάσιος,

2030 3467 2152 3521 οὔτε
2204 3469 2301 3539 τῆς
2352 3466 2573 3539 πρώτης
2618 3468 2885 3537 γενέσεως
2942 3470 3035 3523 καὶ
3075 3470 3304 3540 τροφῆς,
3352 3470 3481 3524 οὕτε
3517 3471 3610 3541 τῆς

2032 3559 2322 3628 ἐγκυκλίου
2352 3559 2618 3624 παιδείας,
2641 3558 2764 3612 οὕτε
2787 3561 2885 3631 τῆς
2911 3561 2969 3613 ὲν
2998 3561 3148 3632 ἀκμῇ
3173 3559 3449 3631 σώφρονος
3472 3563 3610 3629 ἀγω-

2031 3652 2156 3721 γῆς,
2211 3652 2310 3705 οὐκ
2361 3653 2641 3724 ἀσκήσεως
2686 3653 2785 3724 τῆς
2831 3655 2888 3705 ὲν
2935 3653 3219 3724 φιλοσοφία
3260 3653 3395 3725 (22).
3430 3651 3536 3709 Ἦν
3566 3656 3607 3706 δ’

2031 3744 2139 3816 ἄρα
2177 3761 2259 3807 τις
2310 3744 2514 3815 μοιρῶν
2550 3743 2762 3815 ἀνάγκη
2806 3744 2900 3798 καὶ
2938 3746 2996 3808 ἐς
3034 3743 3409 3809 Βαϐυλωνίους
3452 3746 3607 3800 ἐλαύ-

2031 3853 2221 3889 νουσιν
2263 3834 2569 3906 ὠθούμενος
2596 3835 2640 3888 δ’
2673 3834 2862 3906 ῶσπερ
2900 3836 2992 3889 καὶ
3036 3835 3144 3889 τῶν
3189 3837 3366 3891 Ἰνδῶν
3390 3837 3607 3908 ὡμίλεις

2034 3929 2237 3996 σοφοῖς,
2274 3927 2367 3980 καί
2412 3927 2507 3980 ἐπὶ
2552 3930 2677 3990 τοὺς
2724 3928 3033 3996 Αἰγυπτίων
3065 3928 3121 3982 δὲ
3170 3930 3416 4000 Γυμνοὺς
3444 3931 3538 4001 οὐχ
3571 3934 3602 4001 ἡ

2032 4017 2368 4090 προαίρεσις,
2406 4018 2513 4071 οὐδ’
2545 4018 2572 4070 ό
2600 4018 2917 4089 φιλοσοφίας
2951 4019 3133 4085 πόθος,
3166 4023 3329 4091 μοῖρα
3365 4021 3422 4074 δὲ
3457 4017 3603 4092 ἦγεν,

2030 4109 2270 4180 ἄγχουσα
2318 4110 2413 4163 καὶ
2443 4112 2535 4165 ἐπὶ
2573 4110 2641 4163 τὰ
2687 4111 2936 4182 Γάδειρα,
2983 4112 3076 4164 καὶ
3114 4111 3215 4176 τὰς
3254 4111 3604 4182 Ἡρακλείους

2033 4202 2251 4273 στήλας,
2283 4202 2415 4273 ἑῷόν
2437 4220 2495 4256 τε
2535 4205 2628 4257 καὶ
2657 4206 2908 4276 ἑσπέριον
2947 4205 3195 4258 Ὠκεανὸν
3220 4205 3481 4260 ἀλᾶσθαι·
3512 4207 3603 4259 καὶ

355 4292 451 4349 sed
489 4288 661 4345 fatum
694 4298 747 4345 te
775 4291 905 4361 egit,
939 4289 1080 4345 collo
1113 4299 1166 4345 te
1189 4290 1413 4360 adigens
1440 4291 1655 4344 obtorto
1685 4289 1927 4347 Gadibus

2040 4297 2220 4359 αὐταῖς
2261 4297 2549 4367 ἀτράκτοις
2587 4296 2644 4359 ὲς
2683 4296 2856 4366 μάτην
2896 4294 3203 4360 ἐξεϐιάζετο
3243 4296 3601 4367 περιστρέφε-

356 4383 515 4438 etiam
549 4380 908 4452 Herculisque
939 4382 1211 4438 columnis
1234 4380 1301 4447 ⁸³,
1343 4395 1552 4452 eooque
1567 4381 1614 4413 ⁸⁸
1641 4391 1804 4451 atque
1833 4397 1927 4437 oc-

2040 4386 2175 4441 σθαι.
2201 4353 2264 4440 iii
2298 4353 2354 4441 δέ
2381 4387 2444 4458 δὴ
2477 4353 2853 4457 μετειληφένάι
2885 4353 2954 4441 τι⁷
2984 4353 3173 4457 σοφίας
3202 4353 3367 4442 αὺτδν
3394 4353 3461 4443 ὲκ
3484 4353 3601 4441 τού-

354 4474 519 4530 ciduo
549 4472 766 4530 Oceano
784 4475 829 4507 ⁸⁸
851 4482 910 4529 ut
943 4476 1231 4531 oberrares
1258 4495 1272 4529 :
1302 4477 1530 4545 ipsoque
1565 4474 1692 4530 fuso
1720 4489 1840 4539 suo,
1868 4486 1927 4531 ut

356 4566 507 4621 nullo
534 4568 904 4622 emolumento
937 4575 1033 4622 tuo
1063 4567 1189 4622 hinc
1213 4567 1341 4623 inde
1364 4583 1536 4639 vagus
1557 4568 1922 4645 discurreres,

355 4664 410 4714 te
446 4658 646 4729 coegit.
692 4658 850 4725 Quod
904 4661 948 4715 si
998 4662 1122 4731 quis
1157 4661 1439 4731 sapientiae
1478 4663 1801 4733 participem
1842 4666 1925 4717 fa-

355 4755 503 4802 ctum
532 4749 761 4805 istorum
788 4765 891 4821 ope
916 4750 1064 4806 dicat
1091 4766 1247 4818 esse;
1271 4751 1391 4821 ejus
1414 4766 1631 4822 quoque
1651 4753 1728 4808 rei
1753 4768 1921 4809 causa

355 4838 525 4893 fatum
564 4841 690 4904 erit,
733 4856 911 4911 neque
956 4842 1191 4911 amplius
1225 4842 1307 4896 vir
1351 4843 1441 4898 ille
1491 4844 1543 4897 in
1573 4844 1661 4907 iis,
1702 4845 1797 4914 qui
1843 4846 1923 4901 di-

352 4930 541 4985 scendi
589 4931 774 4987 studio
832 4930 1064 4998 fervent,
1124 4932 1463 5000 censebitur,
1500 4948 1675 5004 neque
1726 4936 1922 4989 merito

2031 4496 2139 4533 των
2178 4480 2320 4531 εἴποι
2366 4496 2470 4542 τις,
2517 4482 2679 4550 μοῖρα
2723 4482 2817 4532 καὶ
2858 4479 3061 4533 τούτων
3100 4479 3268 4540 αξτία,
3303 4483 3399 4534 καὶ
3430 4480 3598 4534 οὐκέτ’

2029 4570 2095 4624 ἂν
2128 4573 2184 4624 ὲν
2212 4569 2559 4641 φιλομαθέσιν
2587 4574 2616 4624 ὁ
2648 4571 2782 4643 ἀνὴρ
2824 4571 3195 4643 καταλεχθείη,
3221 4572 3330 4625 οὐδ’
3372 4573 3440 4626 ἂν
3459 4570 3601 4625 εὐλό-

2028 4682 2141 4733 γως
2184 4665 2544 4735 θαυμασθείη,
2585 4666 2685 4735 τῆς
2732 4667 2793 4718 οὑ
2828 4665 2969 4719 κατά
3009 4665 3255 4737 γνώμην,
3291 4666 3429 4720 ἀλλὰ
3466 4666 3595 4720 κατὰ

2028 4756 2271 4825 ἀνάγκην
2319 4754 2468 4826 αὑτῷ
2514 4755 2867 4827 πορισθείσης
2918 4755 3253 4826 φιλοσοφίας.
3294 4758 3384 4812 Ἐν
3434 4760 3521 4827 ἴσῳ
3550 4756 3594 4808 δ’

2031 4845 2096 4899 ἂν
2144 4846 2560 4915 συγκρινόμενος
2606 4846 2691 4916 εἴη
2742 4848 2860 4898 κατ’
2889 4847 3049 4900 αὐτὸν
3092 4848 3417 4921 Πυθαγόρας
3446 4849 3596 4913 αὐτὸς

2030 4937 2122 4989 καί
2174 4953 2226 4989 τι
2278 4935 2578 5006 τερατῶδες
2638 4938 2731 4989 καὶ
2782 4937 3189 5009 ἀπερριμμένον
3245 4940 3590 5012 ἀνδράποδον

422 5107 604 5183 οξ-ιει).
626 5125 683 5183 1,
712 5123 771 5183 ρ.
804 5109 895 5166 δι.
923 5112 1051 5183 coll.
1079 5112 1184 5183 lib.
1218 5129 1271 5176 ι,
1308 5128 1358 5167 c.
1394 5113 1444 5167 ι.
1523 5114 1568 5145 ³³
1606 5112 1701 5169 lib.
1734 5130 1809 5177 IV,
1843 5130 1895 5169 c.

2118 5117 2164 5147 ³⁸
2204 5117 2299 5170 lib.
2335 5134 2420 5181 Iv,
2450 5132 2500 5172 c.
2544 5119 2626 5173 l0.
2705 5120 2751 5150 ³⁸
2790 5120 2881 5173 lib.
2918 5135 3006 5182 ιν,
3042 5135 3090 5176 c.
3128 5121 3218 5179 45.
3296 5124 3341 5155 ³⁸
3379 5124 3468 5178 lib.
3499 5136 3588 5183 ιιι,

353 5191 404 5232 c.
435 5177 525 5236 25.

353 5248 399 5278 ⁸⁸
435 5248 534 5303 lib.
572 5265 671 5316 ιιι,
722 5266 774 5306 c.
807 5250 896 5306 16.

427 5428 476 5509 ρ
488 5428 566 5509 ξ’)
585 5434 1050 5509 Ηροκηρύττᾳς.
1077 5431 1686 5509 Ὲοτῑρμπροκηρύττεις.
1719 5435 1874 5509 Enn.

361 5566 374 5578 .
430 5499 556 5578 (ιιι)-
585 5499 899 5580 ςΥπερᾶραι
939 5504 1153 5580 βασιλ.
1191 5499 1618 5580 δᾴξςηιιίὲὲρίοἰι
1649 5499 1731 5561 ad
1778 5518 1930 5580 gesta

359 5573 630 5648 immunis
657 5585 780 5648 cum
805 5573 1279 5648 Domiti_ano,_vide
1309 5576 1430 5630 libri
1456 5573 1569 5641 vin,
1600 5591 1723 5648 cap.
1753 5573 1928 5632 (eti.

375 5636 904 5775 ’Λῗὲὲίῶραϐίουφ
992 5636 1199 5698 Morell.
1265 5645 1322 5700 in
1376 5636 1620 5717 margine
1668 5636 1933 5720 'ascripsit

623 5179 667 5211 ³⁷
711 5180 896 5258 lib._r,
931 5196 982 5236 c.
1208 5182 1251 5214 ³⁸
1294 5185 1386 5237 lib.
1422 5200 1470 5258 ι,
1501 5198 1555 5258 (ε.
1587 5183 1681 5258 7.___
1715 5185 1758 5217 ³³
1799 5186 1893 5240 lib.

2056 5201 2106 5241 c.
2140 5186 2343 5258 71245.
2408 5179 2466 5219 ’⁸⁸
2533 5188 2628 5242 lib.
2665 5205 2713 5254 ι,
2747 5204 2798 5246 c.
2830 5190 2862 5243 8
2890 5202 2943 5246 et
2976 5179 3062 5246 14,
3137 5192 3180 5224 ⁸⁸
3223 5193 3320 5251 lib.
3353 5210 3391 5258 ι.
3426 5209 3471 5250 c.
3504 5179 3587 5245 τεᾷ

1009 5250 1055 5282 ⁸³
1094 5250 1188 5306 lib.
1225 5269 1287 5316 v,
1325 5270 1374 5308 e.
1413 5255 1437 5308 l
1544 5252 1590 5285 ⁸⁸
1628 5253 1723 5309 lib.
1756 5270 1852 5319 ιιι,
1887 5271 1936 5311 c.
1970 5255 2059 5312 66.
2135 5257 2179 5288 ⁸⁸
2222 5257 2316 5311 lib.
2349 5274 2411 5327 v,
2445 5272 2495 5313 c.
2534 5258 2624 5313 47.

2105 5442 2219 5515 (ἓξ)
2248 5443 2470 5499 Πάντα.
2503 5444 2712 5501 Morell.
2745 5446 2802 5499 in
2838 5445 3078 5515 margine
3105 5445 3268 5502 habet
3292 5448 3511 5509 πάντως.

2111 5513 2220 5586 (‘22)
2269 5514 2608 5586 Ἀσκήσεως
2631 5515 2740 5584 τῆς
2769 5516 2838 5569 ἐν
2861 5513 3212 5586 φιλοσοφίᾳ.
3246 5518 3467 5572 Maxime
3498 5527 3579 5569 re-

2038 5584 2175 5656 spici
2213 5591 2344 5656 puto
2369 5585 2435 5656 a_d
2473 5587 2790 5656 exercitium
2854 5584 3124 5656 perpetuae
3162 5584 3502 5648 abstinentia,
3525 5591 3578 5656 9|

2038 5652 2354 5727 ἐχεμυθίας-
2388 5652 2780 5727 Pythagorica},
2829 5652 2896 5711 d'e
2942 5652 3142 5727 ciuibus
3193 5659 3315 5715 Vide
3362 5660 3470 5713 loca
3522 5652 3578 5707 ίΙΙ

2042 5722 2281 5793 margine
2309 5722 2490 5778 citata.
