3830 6260
199 375 287 432 865

1279 361 1479 417 LIBER
1518 360 1797 418 CONTRA
1835 361 2254 421 lliEROCLEM.

3309 374 3414 431 866

198 489 461 561 Smcpd‘rqc
501 484 543 537 δ’
575 483 735 548 αὐτὸς
767 483 1084 554 φιλοσοφίας
1115 482 1618 555 ὑπεραποθνήσκων
1648 499 1719 536 κα

1843 484 2300 539 existimationem
2349 496 2721 558 consequetur
2756 488 2829 544 ob
2862 489 3210 560 sapientiam,
3247 509 3411 564 quam

197 587 237 638 οί
264 580 430 634 τοῦτον
457 575 677 629 θανάτου
699 573 847 640 ἄξιον
871 573 1210 646 γραψάμενοι
1229 591 1242 603 ·
1267 573 1524 643 Διογένης
1551 589 1610 626 τε
1643 573 1735 626 καὶ

194 674 251 727 τὰ
296 667 572 739 Ἀθηναίων
621 668 897 738 μειράκια.
934 667 1043 719 Καὶ
1077 666 1262 729 ἅπλῶς
1292 667 1465 719 εἰπεῖν
1493 667 1520 717 ὁ
1561 664 1737 735 σοφώ-

194 780 333 825 τατος
360 761 451 814 οὐκ
473 758 537 812 ἂν
569 756 808 830 διαφέροι
838 758 932 812 τοῦ
974 759 1396 832 ἀφρονεστάτου,
1438 761 1530 814 καὶ
1558 763 1586 813 ὁ
1618 761 1734 813 ἀδι-

194 854 405 912 κὼτατος
431 848 519 902 τοῦ
552 848 911 915 δικαιοτάτου,
947 852 974 903 ὃ
998 868 1056 902 τε
1084 850 1376 914 ἀκόλαστος
1400 849 1495 903 τοῦ
1521 867 1732 922 σωφροσ-

194 942 439 1003 νεστάτου,
468 938 557 992 καὶ
581 940 609 991 ὁ
638 938 940 1004 δειλότατος
970 940 1064 994 τοῦ
1106 941 1503 1013 ἀνδρειοτάτου,
1537 943 1731 1013 εἱμαρ-

194 1031 340 1103 μένης
368 1029 456 1083 καὶ
489 1029 688 1100 μοιρῶν
735 1032 1001 1099 παιγνίων
1033 1031 1236 1086 τούτων
1266 1033 1520 1086 ἁπάντων
1545 1033 1732 1086 ὰναδε·

191 1122 477 1193 ᾰιγμένων.

1844 590 1952 628 non
1982 573 2250 629 electione
2277 590 2398 639 sua,
2429 579 2522 631 sed
2556 578 2883 635 necessitate
2902 578 3101 636 ductus
3136 581 3240 637 sibi
3271 598 3418 637 como

1843 667 2074 737 paravit.
2103 664 2435 737 Eademque,
2456 668 2611 737 juxta
2646 686 2769 724 eum
2801 672 2849 726 si
2878 674 3217 742 comparatio
3250 674 3412 729 insti-

1838 765 2044 821 tuatur,
2087 759 2224 812 ratio
2268 758 2373 812 erit
2413 760 2585 828 ipsius
2629 760 2991 832 Pythagorae,
3039 772 3094 818 et
3148 764 3413 836 mancipii

1838 849 2071 917 alicujus
2097 850 2388 920 praestigiis
2418 851 2610 914 dediti,
2651 860 2703 906 et
2732 853 2937 908 nullius
2970 854 3129 924 pretii
3164 873 3177 908 :
3210 855 3414 924 ipsius-

1837 955 1944 1012 que
1980 939 2227 995 Socratis
2253 951 2481 996 mortem
2517 958 2615 1011 pro
2644 944 2985 1015 philosophia
3015 946 3325 1016 oppetentis
3357 955 3413 1001 et

1837 1048 2025 1088 eorum
2054 1032 2146 1102 qui
2173 1048 2296 1087 eum
2320 1035 2539 1103 capitali
2565 1035 2831 1106 supplicio
2855 1036 3197 1092 aiiiciendum
3220 1038 3412 1094 decre-

1835 1131 2032 1177 verunt
2059 1141 2070 1176 :
2100 1120 2354 1194 Diogenis
2379 1125 2508 1178 item
2540 1131 2594 1179 et
2626 1126 2928 1180 Atticorum
2971 1127 3411 1184 adolescentulo-

191 1229 312 1268 rum.
356 1211 524 1283 thue
579 1216 768 1285 paucis
810 1217 1086 1273 absolvam
1118 1259 1134 1285 ,
1193 1218 1630 1289 sapientissimus
1678 1227 1732 1273 et
1788 1215 2181 1272 stolidissimus
2242 1218 2551 1272 mortalium
2621 1218 2758 1272 nihil
2833 1218 3103 1284 different,
3140 1221 3276 1275 nihil
3324 1223 3411 1276 in.

186 1308 494 1378 iustissimus
560 1312 899 1380 maximeque
935 1313 1142 1383 justus,
1176 1315 1417 1370 lascivus
1484 1315 1717 1370 maxime
1748 1321 1801 1369 et
1839 1312 2369 1379 continentissimus,
2432 1313 2812 1371 timidissimus
2862 1322 2917 1372 et
2946 1316 3280 1374 fortissimus
3324 1319 3409 1374 di-

190 1402 402 1468 stabunt,
433 1404 477 1458 si
525 1420 620 1459 eos
662 1421 852 1461 omnes
900 1408 1246 1463 necessitatis
1296 1416 1347 1463 et
1381 1407 1477 1461 fati
1515 1422 1723 1462 merum
1765 1414 1981 1463 constet
2008 1420 2131 1461 esse
2164 1406 2483 1461 ludibrium.

665 1518 1059 1573 ΚΕΦΛΛΑῙΟΝ
1093 1518 1226 1576 ΜΖ’.

255 1604 399 1658 Ἀλλὰ
428 1605 533 1678 γὰρ
561 1609 696 1680 πρὸς
730 1610 901 1663 ταῦτα
929 1614 957 1665 ὁ
988 1612 1162 1681 κήρυξ
1187 1611 1285 1682 τῆς
1317 1609 1572 1682 ἀληθείας
1602 1608 1724 1682 βοή-

188 1712 334 1764 σεται,
381 1696 580 1767 λέγων·
618 1697 688 1753 Ὦ
732 1702 1027 1773 ἄνθρωποι,
1066 1703 1257 1774 θνητὸν
1301 1706 1394 1757 καὶ
1440 1703 1727 1774 ἐπίκαιρον

2362 1515 2589 1572 CAPUT
2628 1516 2836 1573 XLVII.

1905 1606 2009 1664 Sed
2038 1608 2181 1663 enim
2224 1616 2415 1662 contra
2458 1610 2572 1664 hazc
2596 1606 2774 1680 praeco
2806 1609 3055 1666 veritatis
3093 1610 3408 1668 inclamabit

1825 1697 2054 1754 dicens:
2090 1696 2235 1753 Heus
2263 1697 2531 1763 homines,
2570 1701 2801 1755 mortale
2842 1710 2896 1755 et
2930 1702 3110 1772 exigui
3147 1703 3406 1771 temporis

185 1787 335 1856 γένος,
373 1793 460 1843 ποῖ
488 1789 550 1861 δὴ
606 1793 855 1864 φέρεσθε,
904 1795 994 1849 τὸν
1040 1796 1142 1867 τῆς
1190 1798 1456 1868 ἀκρασίας
1497 1798 1719 1868 ἄκρατοι

1833 1804 2024 1856 genus.
2058 1802 2169 1857 quo
2202 1787 2441 1841 l'eriinini
2476 1788 2889 1844 incontinentiae
2931 1807 3081 1861 mero
3107 1792 3279 1847 ebrii?
3309 1793 3406 1849 de-

183 1878 465 1949 ὲμπιόντεςς
504 1881 701 1953 λήξατέ
751 1903 900 1949 ποτε,
934 1887 1025 1940 καὶ
1069 1888 1362 1960 διανήψατε
1396 1891 1493 1961 τῆς
1540 1889 1728 1960 μέθης,

183 1969 262 2022 καί
285 1969 506 2035 διανοίας
548 1973 732 2044 ὀρθοῖς
763 1974 969 2046 ὄμμασι
1008 1978 1071 2031 τὸ
1112 1980 1305 2050 σεμνὸν
1337 1982 1435 2053 τῆς
1478 1981 1732 2053 ἀληθείας

182 2060 535 2131 ὲνοπτρίσασθε
560 2065 871 2136 πρόσωπον.
901 2068 975 2120 Οὐ
1001 2069 1156 2139 θέμις
1184 2070 1438 2141 ἀλήθειαν
1477 2071 1731 2142 πολεμεῖν

180 2153 324 2224 ἑαυτῇ
357 2156 443 2208 καὶ
477 2156 784 2227 μάχεσθαι’
822 2159 942 2212 οὐδὲ
989 2160 1133 2214 δυοῖν
1164 2164 1571 2217 ὲναντιωτάτοιν
1602 2165 1730 2233 μίαν

181 2243 443 2310 ὑφεστάναι
479 2248 575 2299 καὶ
614 2248 711 2318 τὴν
746 2250 912 2321 αὐτὴν
942 2252 1138 2305 αἰτίαν.
1166 2254 1277 2323 Τῆς
1305 2253 1397 2307 τοῦ
1430 2254 1565 2307 Θεοῦ
1598 2272 1732 2326 προ-

178 2333 305 2396 νοίας
332 2335 395 2389 τὰ
428 2336 605 2391 πάντα
639 2340 963 2412 κρατούσης,
990 2342 1150 2407 θείοις
1185 2343 1297 2415 (Ξὸ)
1328 2344 1514 2414 νόμοις
1553 2344 1730 2399 διατέ-

178 2438 348 2479 τακται
378 2427 436 2480 τὸ
468 2431 598 2483 πᾶν.
644 2430 974 2503 Ἀνθρώπων
1004 2449 1061 2484 τε
1096 2432 1272 2504 ψυχῆς
1303 2435 1427 2505 ὄρος
1474 2435 1733 2507 αὐτοκρά-

177 2516 290 2585 τορὰ
317 2533 372 2569 τε
421 2521 510 2572 καὶ
555 2523 776 2593 κριτὴν,
821 2524 1060 2594 ἡγεμόνα
1107 2540 1167 2576 τε
1202 2525 1296 2578 καὶ
1339 2524 1524 2596 κύριον
1569 2525 1729 2579 αὐτὸν

176 2606 345 2661 ἑαυτοῦ
393 2612 709 2684 καθίστησι·
745 2619 994 2683 φυσικοῖς
1044 2616 1227 2688 νόμοις
1286 2619 1381 2671 καὶ
1430 2618 1729 2686 φιλοσόφων

174 2694 409 2768 δόγμασιν
426 2703 779 2767 ἐκδιδάσκων,
808 2707 882 2770 ὡς
902 2707 1008 2779 ἄρα
1028 2709 1135 2761 τῶν
1163 2708 1330 2763 ὄντων
1354 2709 1421 2761 τὰ
1449 2710 1549 2779 μὲν
1581 2709 1727 2762 ἔστιν

174 2788 403 2863 ἐφ’ἠμῖν,
434 2796 503 2850 τὰ
538 2797 600 2851 δὲ
643 2799 742 2851 οὑκ
776 2800 859 2868 ἐφ’
894 2801 1042 2870 ἡμῖν.
1080 2801 1188 2853 Καὶ
1228 2799 1310 2869 ἐφ’
1341 2802 1473 2871 ἡμῖν
1507 2801 1603 2871 μὲν
1629 2800 1727 2853 ὅσα

173 2880 343 2947 γένοιτ’
368 2884 431 2939 ἂν
455 2889 601 2941 κατὰ
628 2890 945 2961 προαίρεσίν
966 2908 1025 2944 τε
1059 2891 1152 2943 καὶ
1186 2889 1383 2962 πρᾶξιν
1411 2890 1544 2960 (24),
1577 2889 1611 2943 ἂ
1635 2890 1728 2961 καὶ

174 2969 310 3038 φύσει
336 2977 595 3051 ἐλεύθερα
625 2978 757 3049 (‘25),
792 2980 1064 3045 ἁκώλυτα,
1104 2980 1557 3051 ἀπαρεμπόδιστα
1596 2995 1727 3047 τυγ-

173 3061 322 3129 χάνει·
341 3067 406 3120 τὰ
420 3069 475 3122 δὲ
495 3070 601 3123 οὐκ
622 3071 705 3139 ἐφ’
722 3074 853 3141 ἡμῖν
874 3072 1093 3143 ἀσθενῆ,
1111 3070 1291 3134 δοῦλα,
1314 3069 1549 3133 κωλυτὰ,
1575 3069 1729 3123 ἀλλό-

1832 1880 1996 1936 sinite
2033 1879 2273 1944 demum,
2303 1894 2333 1934 e
2361 1882 2585 1951 crapula
2619 1883 3081 1953 expergiscimini,
3126 1887 3405 1957 rectisque

1831 1971 2031 2027 mentis
2062 1971 2238 2026 oculis
2264 1979 2551 2041 augustam
2586 1974 2834 2028 veritatis
2864 1974 3151 2030 intuemini
3184 1978 3399 2032 faciem.

1830 2059 1936 2116 Fas
1968 2062 2111 2116 enim
2140 2078 2249 2118 non
2277 2071 2356 2119 est
2397 2062 2499 2118 sibi
2527 2063 2626 2133 ipsi
2661 2077 2963 2135 repugnare
2991 2067 3301 2135 veritatem,
3336 2083 3402 2123 ac

1831 2168 1861 2206 a
1888 2167 1946 2209 se
1968 2153 2282 2211 dissentire.
2308 2153 2730 2224 Nequeduobus
2753 2156 2896 2210 inter
2925 2172 2983 2211 se
3011 2158 3247 2214 maxime
3266 2173 3400 2214 con-

1830 2244 2017 2299 trariis
2049 2261 2212 2299 unam
2246 2244 2602 2316 eamdemque
2651 2261 2873 2301 causam
2918 2248 3165 2304 subesse.
3199 2249 3403 2305 Divina:

1840 2334 2200 2392 Providentia:
2227 2339 2409 2414 omnia
2438 2338 2769 2393 continentis
2807 2337 3017 2408 legibus
3057 2341 3256 2397 divinis
3289 2343 3403 2398 uni.

1830 2445 2050 2486 versum
2084 2429 2188 2484 hoc
2228 2429 2455 2500 regitur.
2492 2429 2720 2485 Deﬁnita
2750 2439 2929 2486 autem
2975 2430 3169 2489 animae
3208 2434 3403 2489 huma-

1830 2534 1915 2574 nae
1965 2523 2243 2591 potentia,
2272 2519 2590 2590 ’principem
2634 2536 2758 2576 eum
2800 2536 2863 2576 ac
2896 2522 3176 2591 judicem,
3230 2536 3403 2581 recto—

1829 2628 1943 2667 rem
2002 2621 2056 2667 et
2105 2612 2384 2666 dominum
2417 2612 2503 2667 sui
2533 2613 2706 2683 ipsius
2752 2615 3036 2669 constituit
3066 2616 3260 2685 :juxta
3300 2633 3399 2671 na-

1829 2711 1967 2758 tura:
1995 2702 2142 2773 leges
2171 2710 2224 2757 et
2271 2703 2718 2774 philosophorum
2771 2706 2969 2777 placita
3017 2724 3138 2763 eum
3169 2709 3397 2772 docens,

1828 2810 2011 2848 rerum
2061 2795 2197 2848 alias
2244 2796 2457 2850 essein
2506 2802 2777 2866 potestate
2818 2807 3030 2865 nostra,
3094 2800 3231 2856 alias
3267 2816 3399 2857 vero

1829 2896 1937 2936 non
1970 2898 2113 2938 esse.
2147 2878 2305 2954 545
2322 2880 2386 2936 Et
2409 2883 2463 2936 in
2486 2893 2674 2941 nostra
2718 2886 2936 2955 quidem
2969 2895 3238 2958 potestate
3268 2906 3392 2947 esse

1829 2977 2006 3045 posita
2040 2974 2221 3029 omnia
2250 2990 2374 3045 qua:
2403 2975 2471 3029 ab
2502 2976 2767 3031 electione
2794 2986 2983 3033 nostra
3005 2989 3056 3035 et
3084 2982 3400 3049 Operatione

1830 3065 2090 3136 pendent,
2122 3081 2245 3119 cum
2284 3068 2484 3136 quibus
2511 3074 2563 3121 et
2598 3068 2670 3121 ita
2704 3084 2734 3122 a
2775 3077 2973 3124 natura
3016 3078 3396 3140 comparatum

170 3168 297 3222 τρια,
315 3154 347 3208 ἃ
375 3159 465 3211 καὶ
489 3159 621 3230 περὶ
647 3160 708 3212 τὸ
734 3159 909 3231 σῶμα,
929 3162 1021 3214 καὶ
1042 3160 1108 3213 τὰ
1130 3160 1302 3227 ἐκτὸς,
1326 3160 1508 3231 ἄψυχὰ
1522 3177 1579 3212 τε
1601 3159 1719 3213 ὄντα

1829 3165 1933 3225 est,
1987 3167 2048 3211 ut
2087 3158 2257 3223 libera
2312 3161 2443 3229 sint,
2495 3175 2595 3215 nec
2630 3161 2905 3232 prohiberi
2938 3177 2969 3216 a
3021 3164 3274 3234 quapiam
3312 3165 3397 3219 vel

170 3245 248 3297 καὶ
265 3246 439 3317 ἄλογα,
458 3251 551 3304 καὶ
567 3251 743 3322 πάντη
761 3252 858 3322 τῆς
880 3251 1016 3315 ίδίας
1026 3250 1119 3304 τοῦ
1132 3251 1347 3318 λογικοῦ
1365 3251 1502 3315 ζώου
1518 3252 1730 3321 φύσεως

170 3334 425 3411 ἀλλοτρίαν
455 3342 551 3413 τὴν
576 3342 872 3395 ὑπόστασιν
899 3342 1032 3413 ἔχει.
1056 3342 1174 3395 Τῶν
1202 3343 1245 3395 δ’
1269 3342 1499 3413 ἐφ’ὴμῖν
1514 3344 1612 3413 τὴν
1636 3344 1729 3396 ἐπὶ

171 3429 343 3504 θάτερα
369 3436 539 3508 ὁρμὴν
568 3437 772 3510 ἀρετῆς
805 3455 863 3491 τε
893 3439 986 3491 καὶ
1017 3438 1216 3501 κακίας
1241 3438 1472 3502 ἕκαστος
1496 3440 1552 3490 ὲν
1587 3438 1741 3511 αὐτῇ

169 3523 399 3596 κέκτηται
426 3531 762 3601 προαιρέσει.
794 3531 903 3583 Καὶ
936 3530 997 3583 τὸ
1029 3531 1128 3600 μὲν
1163 3530 1273 3584 τῶν
1297 3530 1433 3584 ὅλων
1463 3531 1724 3595 δεσπόζον

166 3628 215 3665 τε
246 3618 330 3671 καὶ.
356 3620 656 3691 ἡγεμονοῦν
696 3621 898 3677 εὐθέως
938 3622 1182 3690 περαίνει
1212 3621 1347 3691 (‘26);
1384 3621 1525 3674 κατὰ
1560 3623 1720 3691 φύσιν

167 3711 664 3782 περιπορευόμενοψ
695 3709 818 3780 τῷδ’
839 3709 946 3762 αἰεὶ
975 3711 1261 3765 συνέπεται
1286 3712 1430 3782 δίκη,
1461 3711 1569 3765 τῶν
1593 3714 1722 3767 ἀπο·

165 3789 473 3868 λειπομένων
501 3800 600 3854 τοῦ
630 3800 773 3853 θείου
798 3801 961 3871 νόμου
996 3799 1236 3871 τιμωρός
1254 3817 1268 3830 ’
1304 3799 1413 3853 τῶν
1440 3800 1484 3854 δ’
1509 3801 1601 3854 ἐπὶ
1620 3802 1720 3867 τὰς

165 3888 365 3957 πράξεις
412 3893 602 3964 ὁρμῶν
652 3892 712 3946 οὐ
761 3893 981 3963 μοίρας,
1032 3891 1153 3945 οὐδὲ
1196 3891 1556 3963 εἱμαρμένης,
1608 3892 1717 3946 οὐδ’

163 3975 380 4053 ἀνάγκης
423 3983 573 4038 αίτία
611 3982 742 4054 (27)⁵
778 3983 928 4035 αίτία
966 3982 1220 4052 ἑλομένου
1245 3998 1258 4011 ·
1294 3980 1426 4045 Θεὸς
1453 3981 1713 4045 ἀναίτιος.

1828 3247 2076 3317 impediri
2108 3256 2333 3319 queant.
2373 3249 2504 3316 Quae
2530 3266 2659 3306 vero
2688 3252 2743 3306 in
2775 3260 3045 3322 potestate
3073 3261 3262 3309 nostra
3285 3270 3397 3310 non

1825 3347 1977 3405 sunt,
2009 3356 2072 3395 ea
2112 3343 2327 3396 iniirma
2373 3351 2521 3409 sunt,
2569 3344 2803 3398 obnoxia
2849 3345 3119 3408 servituti,
3152 3347 3397 3417 nihilque

1825 3430 1892 3484 ad
1918 3445 2019 3485 nos
2045 3434 2296 3498 attinent,
2325 3433 2392 3487 ad
2423 3450 2623 3504 corpus
2653 3436 2981 3505 pertinentia
3009 3444 3065 3492 et
3095 3452 3183 3493 res
3212 3446 3393 3492 exter—

1822 3537 1943 3584 nas,
1982 3525 2163 3577 animo
2193 3532 2248 3579 et
2296 3527 2507 3580 ratione
2537 3526 2819 3593 destituta,
2854 3538 3016 3597 atque
3064 3530 3286 3583 omnino
3309 3528 3394 3585 di-

1822 3610 2036 3670 versam
2075 3631 2106 3670 a
2137 3626 2333 3672 natura
2362 3618 2615 3673 animalis
2655 3620 2864 3674 ratione
2895 3620 3108 3689 praediti
3138 3628 3390 3674 naturam

1827 3706 2100 3765 habentia.
2139 3707 2197 3763 In
2229 3710 2309 3765 eis
2337 3725 2468 3765 vero
2493 3725 2615 3781 qua:
2641 3718 2769 3766 sunt
2805 3711 2858 3764 in
2886 3719 3152 3781 potestate
3179 3721 3390 3779 nostra,

1821 3798 1888 3852 ad
1931 3799 2249 3854 alterutram
2281 3807 2488 3871 partem
2520 3799 2960 3870 propensionem,
2992 3800 3078 3855 vel
3121 3816 3243 3855 cuin
3272 3802 3389 3856 vir-

1820 3899 1954 3955 tute,
2005 3892 2087 3945 vel
2125 3906 2249 3947 cum
2281 3892 2414 3946 vitio
2464 3891 2834 3961 coniunctam,
2874 3892 2932 3947 in
2977 3891 3242 3948 electione
3289 3908 3388 3948 sua

1807 3984 2199 4052 unusquisque
2220 3983 2452 4053 positam
2483 3981 2665 4036 habet.
2698 3980 2872 4037 Porro
2915 3990 3094 4039 autem
3126 3984 3389 4040 Dominus

163 4078 403 4128 etrector
454 4077 702 4130 omnium
747 4087 892 4132 recta
922 4078 1139 4131 ratione
1186 4075 1400 4146 singula
1465 4075 1740 4145 transigit,
1781 4090 1879 4145 per
1945 4076 2260 4131 universam
2306 4091 2622 4132 commeans
2663 4083 2938 4131 naturam.
2969 4074 3127 4132 Hunc
3170 4079 3389 4135 assidue

161 4163 383 4230 sequitur
416 4165 691 4232 Nemesis,
726 4182 914 4222 eorum
982 4168 1073 4238 qui
1117 4180 1146 4220 a
1189 4166 1375 4220 divina
1435 4165 1553 4235 lege
1605 4164 1965 4221 discesserint
2003 4165 2222 4220 vindex.
2254 4165 2338 4220 Ad
2374 4166 2643 4236 agendum
2694 4176 2872 4220 autem
2914 4165 3060 4235 quod
3124 4164 3386 4236 feramur,

161 4264 255 4306 non
286 4255 338 4309 in
366 4254 557 4314 Parcis
593 4256 769 4313 fatove
814 4266 867 4313 et
910 4259 1243 4314 necessitate
1272 4265 1357 4313 est
1385 4257 1567 4327 culpa,
1612 4256 1706 4311 sed
1745 4256 1905 4329 culpa
1930 4266 2014 4313 est
2043 4257 2099 4312 in
2130 4258 2401 4329 eligente;
2432 4257 2576 4314 Deus
2603 4258 2754 4313 omni
2789 4258 2949 4328 culpa
2984 4266 3160 4316 vacat.

640 4370 1035 4424 ΚΕΦΑΛΑῘΟΝ
1065 4370 1206 4424 MH'.

2334 4366 2564 4427 CAPUT
2604 4370 2836 4428 XLVIII.

218 4474 275 4530 Et
302 4477 366 4550 δὴ
396 4481 717 4553 θρασύνοιτό
746 4500 849 4548 τις,
879 4482 987 4535 τῶν
1014 4483 1099 4552 ἐφ’
1132 4484 1262 4554 ἡμῖν
1282 4482 1403 4554 ἄρτι
1434 4478 1709 4551 πολεμῶν,

1886 4480 2041 4549 Quod
2071 4483 2115 4538 si
2152 4482 2318 4553 igitur
2347 4482 2546 4554 aliquis
2572 4483 2800 4537 nimium
2832 4484 3090 4539 audacter
3116 4498 3177 4539 se
3205 4492 3380 4554 gerat,

161 4564 225 4638 μὴ
272 4573 795 4643 παρακαλυπτέσθω.
855 4566 1024 4636 Οὗτος
1089 4572 1355 4643 ἀθεότητα
1410 4570 1712 4640 ἀναφανδὸν

158 4655 525 4732 ὲξίιγῦρειιι-ίτιι),
579 4665 652 4736 μὴ
701 4665 974 4737 πρόνοιαν,
1005 4664 1080 4735 μὴ
1116 4663 1270 4729 Θεὸν,
1305 4662 1438 4734 μηδέ
1475 4680 1530 4716 τι
1561 4661 1708 4730 ἄλλο,

218 4812 321 4887 (25)
343 4819 569 4873 Αιτίαλν.
592 4820 707 4887 Τῆς
735 4837 786 4871 τ.
822 4821 967 4874 Θεοῦ
992 4834 1164 4887 «por.
1190 4836 1242 4872 τ.
1266 4832 1329 4872 π.
1349 4820 1704 4887 κρατούσης,

158 4882 316 4959 θείοις
359 4899 464 4941 etc.
499 4888 585 4959 Ita,
615 4882 1054 4959 distinguendum
1106 4882 1435 4959 putavimus.
1487 4882 1706 4959 Nam-in

155 4951 300 5072 adigis
326 4966 440 5072 erlat
473 4958 675 5024 αἰτίαν,
694 4951 870 5029 τῆςντ.
907 4959 968 5012 Θ.
1009 4951 1166 5030 πρόν.
1202 4976 1252 5013 τ.
1289 4976 1350 5012 π.
1378 4957 1702 5030 κρατούσης.

194 5037 217 5072 ε
239 5038 314 5072 ot:
337 5043 365 5072 ρ
394 5042 445 5072 ιε-

194 5035 314 5080 ειοις
337 5035 445 5080 CIC.

178 5041 319 5169 ζείΞῇ
337 5041 513 5150 εἱῗιζτὰ
540 5098 891 5169 προαίρεσίν
918 5095 1375 5169 τελίκαιλπρᾶξιν-
1408 5094 1566 5169 Prio—r
1589 5095 1706 5169 cdi'

217 5116 319 5164 με»)
351 5116 513 5150 nam
540 5116 585 5149 π
622 5116 891 5166 οαιρεσιν
918 5116 981 5151 τε
1012 5116 1109 5151 και
1138 5116 1375 5164 πραςιν.
1410 5116 1566 5149 rrior
1589 5116 1704 5150 cui-

156 5157 224 5238 iio
251 5170 304 5215 ut
336 5175 388 5220 et
416 5182 522 5238 nis.
560 5116 693 5238 ἷξες.
740 5169 833 5221 καὶ
866 5167 1062 5238 πρᾶξιν
1113 5167 1203 5221 hic
1251 5168 1468 5221 habent.
1516 5165 1582 5218 Et
1630 5167 1704 5220 ita

157 5237 404 5306 lltlerpres
440 5237 496 5290 in
533 5237 868 5291 suo’codice
914 5243 1211 5306 repererat,
1241 5244 1460 5291 vertens
1485 5251 1601 5305 qua!
1638 5250 1704 5290 ea:

143 5297 400 5376 electione
435 5315 673 5375 actuqne
722 5297 1066 5376 proveniunt.
1098 5297 1272 5376 At'de
1321 5297 1704 5376 emendatione

154 5374 481 5455 {testi-atquin
513 5374 802 5455 _bpsgt;_'i_i_i
836 5377 1020 5455 locum
1052 5374 1299 5455 πράξεως
1328 5375 1700 5455 substituitur)

154 5448 298 5516 nemo
321 5445 612 5516 dubitabit,
631 5447 721 5516 qui
754 5445 1054 5515 Epictetum
1087 5445 1690 5516 ejusquecotpmenta-

154 5511 311 5564 torem
338 5511 677 5583 Simplicium
715 5511 815 5571 vel'
843 5531 870 5569 a
917 5511 1390 5569 limine’ins'exit.
1422 5513 1695 5569 HOLSTEN.

216 5580 314 5635 Sed
352 5599 453 5639 ego
491 5586 584 5639 aui
616 5596 906 5639 utrumque
940 5587 1174 5639 insnexi.
1208 5532 1276 5639 (re
1318 5586 1695 5639 emendatione

216 5580 314 5635 Sed
352 5580 584 5655 ego—qui
616 5596 906 5655 utrumque
940 5587 1174 5655 inspexi,
1208 5580 1276 5639 de
1318 5586 1698 5639 emendatione

152 5649 316 5724 tamen
362 5649 715 5708 Holsteniana
743 5649 954 5711 dubito.
982 5649 1347 5724 Praeterquam
1375 5656 1520 5709 enim
1550 5655 1696 5724 quod

152 5721 451 5794 προαίρεσις
489 5732 545 5778 et
583 5724 782 5794 πρᾶξις
826 5725 982 5794 longe
1022 5721 1219 5793 aptius
1237 5724 1340 5778 sibi
1376 5721 1580 5794 mutuo’
1606 5740 1695 5777 re-

152 5790 457 5855 IDOndeant,
484 5794 601 5856 ipse
624 5790 903 5859 Epictetus
922 5790 1012 5860 ἔφ’
1040 5790 1167 5861 ἡμῖν
1192 5809 1314 5851 esse
1344 5794 1417 5848 ait
1442 5794 1522 5848 ἑνὶ
1550 5793 1693 5865 λόγῳ

1816 4575 1871 4629 in
1903 4582 2175 4645 potestate
2205 4585 2393 4630 nostra
2431 4590 2553 4645 quae
2586 4584 2715 4630 sunt
2752 4576 3102 4646 impugnans,
3132 4566 3259 4631 eu'in
3303 4577 3384 4631 la-

1811 4671 1926 4720 tere
1957 4680 2068 4719 non
2111 4664 2383 4734 patiamur
2415 4667 2667 4720 ulterius.
2719 4664 2831 4720 lino
2874 4665 3208 4736 impietatem
3255 4666 3381 4723 talis

1807 4813 1908 4867 ὅσα
1934 4813 2174 4884 ἡμέτερα
2207 4812 2427 4866 'EPI‘A.
2457 4811 2629 4881 Igitur
2659 4812 2855 4884 πρᾶξιν
2882 4813 2989 4869 [ide
3018 4813 3260 4869 omnium
3284 4831 3379 4871 co-

1807 4883 1989 4938 dicum
2022 4883 2108 4935 hic
2144 4884 2376 4937 retinere
2406 4899 2515 4936 non
2550 4883 2758 4937 dubito.

1881 4952 2117 5034 (ἳδλαξᾼ
2169 4952 2267 5006 καὶ
2318 4952 2498 5034 φύσει
2542 4953 2848 5034 ρελεῷρερα.
2875 4952 3024 5034 ΔΗιιξιτ
3073 4955 3258 5034 itidem
3312 4970 3375 5034 ex

1806 5021 2035 5093 Epicteti
2053 5023 2386 5093 [deprompta
2419 5022 2725 5076 Enclu'ridio
2764 5031 2911 5086 sunt,
2946 5024 3087 5093 quod
3116 5025 3234 5079 vide
3255 5024 3375 5080 (λε.

1877 5093 1990 5164 (26)
2017 5093 2306 5164 Περαίνει.
2333 5092 2498 5164 itaex
2529 5092 3235 5164 conjectura“restituebam
3278 5109 3377 5164 pro

1807 5154 2062 5235 παραινεῖ
2084 5154 2229 5231 quod
2279 5163 2333 5235 in
2365 5161 2526 5227 editis
2552 5154 2671 5216 erat
2704 5162 2978 5235 omnibus.
3010 5164 3075 5235 Et
3105 5175 3259 5235 certe
3278 5154 3377 5218 ve-

1805 5233 1922 5286 ram
1971 5234 2257 5287 lectionem
2316 5233 2598 5286 invenerat
2627 5234 2786 5286 etiam
2834 5234 2889 5285 i-n
2940 5234 3056 5288 suis
3083 5234 3374 5300 Acciolus;

1805 5300 1879 5354 ita
1897 5303 2039 5356 enim
2055 5302 2294 5357 vertebat
2314 5319 2328 5355 :
2355 5301 2490 5355 Deus
2506 5317 2662 5371 porro
2683 5302 2937 5355 Dominus
2953 5320 3123 5356 rerum
3140 5303 3373 5357 omnium

1801 5372 2158 5442 princepsque,
2192 5373 2562 5443 rectairatiogn‘e
2593 5372 2802 5441 singula
2831 5374 3096 5443 transigit.
3128 5371 3283 5443 Quod
3318 5381 3372 5426 et

1803 5456 1904 5496 nos
1949 5440 2291 5496 retinuimus.
2324 5441 2396 5493 Τὸ
2424 5440 2621 5505 ὲνθέως
2666 5440 2958 5510 Opponitur
2988 5440 3155 5497 caecis
3191 5441 3373 5499 [atatis

1801 5512 2148 5565 necessitatis
2178 5511 2436 5565 motibus.

1872 5581 1982 5651 (27)
2014 5582 2202 5635 Αἰτία.
2232 5579 2429 5651 Vocem
2471 5594 2591 5649 quae
2639 5580 2991 5635 librariorum
3042 5582 3174 5636 vitio
3223 5581 3370 5637 exci-

1798 5650 1976 5714 derat,
2007 5652 2307 5722 oscitanter
2354 5650 2469 5703 bzec
2524 5651 2976 5722 describentiuui,
3021 5660 3209 5722 atque
3238 5664 3370 5708 voce

1800 5722 1883 5776 bis
1911 5722 2132 5795 repetita
2185 5720 2548 5786 turbatorum,
2572 5721 2820 5795 restitui,
2852 5737 2962 5777 non
2989 5722 3045 5779 in
3072 5720 3289 5795 gratiis,
3309 5727 3367 5778 ut

1800 5788 2038 5857 conﬁdo,
2077 5788 2381 5846 Musarum.
