3830 6260
418 305 527 364 867

1052 301 1322 359 EUSEBH
1360 297 1845 356 CJESARIENSIS
1884 297 2036 355 0P9.
2074 297 2258 354 PARS
2295 297 2361 352 II.
2404 327 2473 339 -—-
2508 294 3009 352 APOLOGETICA.
3561 293 3643 350 868

376 474 381 482 .
418 437 611 497 aperte
652 421 989 495 proﬁteatur,
1041 435 1150 475 non
1184 417 1605 490 providentiam,
1654 431 1764 472 non
1796 414 1989 481 Deum,
2020 465 2027 479 ,

2104 415 2234 487 πλὴν
2257 414 2460 487 μοιρῶν
2482 415 2577 468 καὶ
2607 413 2852 483 ἀνάγκης
2869 410 3143 484 ὁμολογῶν
3160 428 3173 442 ·
3209 412 3303 466 καὶ
3320 412 3390 465 τὰ
3412 410 3640 469 ἀκόλουθα

418 533 532 574 non
570 515 715 571 aliud
753 513 1030 585 quidpiam
1077 522 1271 584 praeter
1301 511 1472 567 fatum
1515 520 1570 567 et
1606 508 1990 567 necessitatem

423 624 744 680 agnoscens.
780 606 891 660 lmo
915 614 967 661 et
993 621 1115 676 qua”:
1143 607 1282 660 hanc
1307 605 1607 661 doctrinam
1641 617 1992 672 consequun-

414 707 513 754 tur
549 699 670 753 sine
710 697 996 752 involucro
1033 697 1260 768 insuper
1292 696 1652 768 proloquatur
1681 714 1694 749 :
1726 709 1837 748 non
1870 691 1990 747 dari

419 790 743 860 sapientem,
780 804 887 844 non
916 789 1168 852 stultum,
1191 804 1300 844 non
1321 803 1558 859 aaquum,
1586 802 1695 840 non
1718 784 1987 854 iniquum,

418 896 527 936 non
551 879 738 936 virtuti
767 880 1033 943 deditum,
1064 896 1172 935 non
1199 895 1448 950 pravum.
1479 894 1588 933 non
1610 892 1848 948 magum,
1882 891 1989 929 non

416 966 657 1022 divinam
685 965 920 1021 indolem
946 966 1000 1019 in
1030 965 1287 1020 humanis
1307 964 1425 1018 dari
1460 983 1473 1017 :
1501 977 1679 1031 neque
1710 974 1837 1015 vero
1869 958 1990 1029 phi-

412 1056 717 1127 losophiam
772 1072 915 1120 esse,
958 1073 1137 1127 neque
1182 1056 1552 1126 disciplinam,
1604 1068 1779 1123 neque
1816 1063 1986 1107 artem

407 1151 642 1205 'omnino
662 1150 827 1203 ullam
842 1150 926 1205 vel
945 1150 1255 1205 scientiam.
1274 1149 1444 1205 Nemo
1460 1149 1688 1203 alterum
1714 1144 1985 1219 [proinde]

410 1243 634 1314 ingenio
665 1243 781 1298 sive
805 1243 1009 1298 bonum
1044 1250 1199 1297 vocet
1230 1241 1346 1298 sive
1373 1241 1598 1302 malum,
1637 1238 1732 1296 sed
1761 1238 1989 1295 confuse

412 1335 621 1398 omnia,
647 1335 805 1405 quasi
833 1334 1119 1405 vertigine,
1143 1334 1227 1404 agi
1253 1333 1584 1389 necessitate
1612 1344 1666 1387 et
1688 1331 1986 1386 Parcarum

411 1424 570 1483 fusis.
607 1426 833 1498 lmpium
866 1429 1031 1498 igitur
1058 1435 1222 1497 atque
1265 1424 1554 1496 profanum
1595 1425 1758 1479 istum
1791 1425 1844 1477 in
1873 1422 1989 1493 pio-

406 1536 608 1577 rumne
627 1530 681 1575 et
716 1520 1022 1593 Sapientum
1050 1533 1276 1573 censum
1309 1517 1653 1573 referamus?
1688 1514 1744 1570 Si
1779 1523 1984 1579 tamen,

2094 506 2303 570 τούτοις
2350 507 2530 576 γυμνῇ
2566 501 3055 576 προσκαταλεγέτω
3099 501 3328 572 κεφαλῇ,
3367 502 3441 572 μὴ
3495 502 3641 571 σοφὸν,

2098 599 2172 671 μὴ
2203 598 2434 670 ἄφρονα,
2471 597 2544 670 μὴ
2584 595 2812 661 δίκαιον,
2848 595 2921 666 μὴ
2945 595 3146 657 ἄδικον,
3183 595 3257 666 μὴ
3290 593 3553 666 ἐνάρετον,
3585 596 3641 668 μὴ

2094 690 2317 762 φαῦλον,
2354 690 2427 760 μὴ
2458 688 2645 760 γόητα,
2698 686 2773 758 μὴ
2806 684 2946 739 θεῖον
2978 688 3035 739 ὲν
3090 684 3392 758 ἀνθρώπων
3433 683 3643 752 γίνεσθαι

2094 783 2253 853 φύσει
2268 780 2483 854 (Ξ8),μὴ
2504 779 2819 849 φιλοσοφίαν
2830 774 2987 841 εἶναι,
3014 777 3087 849 μὴ
3111 777 3376 837 παιδείαν,
3398 777 3521 846 μηδ’
3536 776 3643 842 ὅλως

2091 875 2285 945 τέχνην
2308 872 2449 935 τινὰ,
2477 871 2595 942 μηδ’
2620 872 2945 941 ἐπιστήμην·
2968 870 3038 941 μή
3070 886 3151 932 τις
3170 867 3324 923 ἄλλον
3343 866 3454 936 (29)
3468 867 3556 936 τὴν
3573 867 3646 936 φά.

2094 986 2177 1021 σιν
2190 962 2460 1036 ἀγαθὸν,ἢ
2486 963 2717 1036 πονηρὸν
2743 960 3084 1023 ἁποκαλοίτο,
3114 960 3291 1012 πάντα
3306 958 3361 1011 δὲ
3377 957 3644 1028 συλλήϐδην

2092 1059 2306 1130 ἀνάγκῃ
2339 1057 2434 1111 καὶ
2471 1056 2673 1127 μοιρῶν
2716 1053 3005 1125 ἀτράκτοις
3035 1051 3447 1122 περιδινεῖσθαι.
3489 1050 3646 1116 Ἀθεος

2090 1151 2227 1219 δῆτα
2254 1150 2347 1203 καὶ
2390 1148 2655 1218 δυσσεῆὴς
2684 1141 2837 1210 οὗτος
2882 1146 2938 1197 ἐν
2969 1144 3207 1198 εὐσεϐῶν
3236 1144 3328 1197 καὶ
3368 1142 3645 1213 φιλοσόφων

2089 1242 2492 1314 ἀπογεγράφθω
2506 1240 2771 1313 κριτηρίῳ
2789 1256 2802 1303 ;
2818 1239 2880 1292 Εἰ
2897 1239 2961 1302 δ’,
2975 1237 3479 1307 ὲπικαλυπτὸμενος
3489 1236 3644 1309 ἕτερα,

2088 1332 2331 1399 δοξάζειν
2360 1335 2629 1406 ἐπεχείρει
2677 1335 2929 1406 πρόνοιαν
2963 1334 3058 1387 καὶ
3087 1334 3261 1401 θεοὺς,
3290 1336 3488 1405 μοῖραν
3509 1333 3548 1386 δ’
3572 1335 3646 1387 ἐπὶ

2087 1426 2316 1490 τούτοις,
2347 1425 2440 1480 καὶ
2476 1427 2833 1497 εἱμαρμένην,
2866 1425 2949 1489 τὶς
2982 1425 3340 1496 ὰνακηρύττοι
3364 1442 3378 1455 ·
3414 1424 3647 1495 Μαχομὲ-

2088 1536 2198 1582 νοις
2227 1518 2320 1571 καὶ
2351 1517 2612 1581 ἐναντίοις
2663 1517 3064 1590 παριστάμενος
3101 1517 3386 1588 δόγμασιν,
3434 1517 3646 1585 ὲναγέσι,

401 1620 607 1667 cmtcra
631 1611 1007 1671 dissimulans.
1032 1608 1435 1664 Providentiam
1482 1615 1721 1663 statuere
1746 1615 1799 1661 et
1830 1606 1981 1669 deos,

2104 1604 2240 1676 Ξίκην
2272 1603 2456 1667 ἀνοίας
2494 1605 2809 1677 παρασχὼν,
2859 1605 3320 1677 καταγεγράφθω.
3358 1607 3528 1660 Ταυτὶ
3569 1606 3649 1677 μὲν

408 1703 492 1758 eis
535 1717 667 1757 vero
707 1703 967 1770 superius
1016 1699 1304 1754 admittere
1348 1714 1458 1769 prae
1507 1714 1567 1753 se
1598 1698 1734 1753 ferat
1770 1697 1939 1751 fatum
1964 1735 1981 1761 ,

2104 1692 2176 1750 r5v
2210 1697 2401 1766 ταύτῃ.
2434 1697 2496 1749 Εἰ
2521 1696 2564 1749 δ’
2597 1698 2688 1750 ἐπὶ
2711 1696 2920 1760 τούτοις
2948 1699 3005 1751 ἐν
3036 1697 3337 1767 φιλοσόφων
3367 1698 3649 1771 διατριϐαῖς

407 1793 605 1848 merito
624 1793 748 1860 quis
780 1793 926 1846 velut
954 1791 1223 1861 praeconis
1248 1805 1380 1844 voce
1404 1790 1703 1845 exclamet:
1732 1789 1986 1861 Pugnan—
2020 1777 2027 1831 Ῑ

2104 1787 2283 1853 ὶξιοῖεν
2318 1788 2398 1840 ἔτι
2447 1788 2768 1856 καταλέγειν
2800 1789 2944 1853 τινὲς
2983 1789 3073 1842 τὸν
3104 1790 3291 1861 ἄνδρα,
3320 1789 3554 1855 λέξεται,
3588 1791 3651 1854 ὼς

407 1886 483 1939 tia
527 1893 580 1939 et
619 1885 896 1939 contraria
931 1884 1189 1949 maxime,
1234 1897 1408 1952 eaque
1457 1881 1646 1951 impia,
1688 1881 1979 1936 admittere

2104 1878 2172 1941 ὶν,
2202 1881 2249 1932 εἰ
2269 1879 2618 1951 ἀποκαθῆραι
2643 1880 2832 1933 ἑαυτὸν
2865 1881 2962 1952 τῆς
2991 1880 3185 1945 ἔξωθεν
3213 1881 3390 1954 λύμης
3418 1883 3549 1953 (30),
3574 1884 3651 1938 καὶ

407 1974 781 2045 deprehensus
835 1974 963 2037 iste,
1007 1973 1075 2027 ad
1135 1971 1365 2026 insania:
1415 1985 1609 2041 pmnas
1666 1971 1981 2026 subeundas

2104 1966 2186 2037 τῆς
2243 1967 2350 2021 ἀπὸ
2387 1969 2547 2038 τῆσδε
2582 1969 2679 2039 τῆς
2724 1971 2940 2042 γραφῆς
2988 1972 3521 2044 ὲπεισκυκλουμένης
3558 1974 3650 2042 (31)

408 2067 818 2123 condemnetur.
862 2067 1038 2134 Atque
1083 2064 1183 2118 ista
1237 2063 1345 2117 huc
1395 2076 1568 2131 usque
1616 2061 1856 2130 quidem.
1915 2058 1974 2113 Si

2104 2056 2236 2127 ιύτῷ
2284 2059 2503 2127 σκευῆς,
2549 2059 2740 2128 φθόνος
2780 2062 2886 2124 πᾶς
2936 2061 3106 2130 αὐτῆς
3151 2061 3394 2116 ἐκποδὼν
3450 2063 3514 2118 ἂν
3557 2065 3645 2135 εἴη.

411 2171 590 2212 autem
612 2168 742 2226 post
775 2157 886 2210 haec
909 2157 1069 2209 etiam
1105 2155 1158 2208 in
1188 2153 1641 2222 phiIOSOphorum
1675 2149 1880 2206 scholis
1903 2149 1979 2202 lo-

2104 2148 2288 2221 Ὀρους
2303 2149 2345 2201 δ’
2362 2152 2409 2203 εἰ
2428 2150 2682 2221 ἀληθείας
2699 2151 2903 2222 προϊών
2927 2170 3012 2216 τις
3029 2153 3162 2223 (52),
3181 2155 3321 2226 ὑπὲρ
3349 2155 3652 2225 φιλοσόφους

406 2258 529 2298 cum
562 2243 740 2297 facere
766 2243 885 2296 viro
912 2242 1116 2312 dignati
1139 2243 1381 2312 quipiam
1422 2240 1646 2303 fuerint,
1683 2240 1763 2296 eis
1792 2240 1983 2296 dicen-

2104 2241 2390 2306 ὲκθειάζειν
2450 2242 2609 2297 αὑτὸν
2660 2244 2916 2315 πειρῷτο,
2968 2245 3119 2300 λάθοι
3162 2246 3228 2300 ἂν
3268 2247 3421 2318 αύτῷ
3480 2248 3652 2320 γόητος

404 2331 558 2397 dum,
610 2330 724 2385 fore
773 2340 852 2392 ut.
893 2331 986 2386 ubi
1037 2346 1161 2385 eum
1219 2346 1250 2384 a
1293 2329 1416 2386 labe
1482 2329 1705 2384 aliunde
1757 2345 1976 2400 aspersa

2104 2333 2323 2403 ὶτεχνῶς
2343 2336 2598 2407 διαϐολὴν
2626 2338 2977 2408 ὲπεντρίόων.
3004 2339 3094 2403 ΔὨς
3121 2341 3278 2394 ταυτὶ
3297 2340 3367 2393 τὰ
3394 2340 3653 2413 συγγράμ-

403 2424 783 2492 purgaverint,
814 2423 1051 2492 itemque
1083 2437 1111 2475 a
1143 2421 1418 2484 machina,
1454 2437 1575 2492 quae
1602 2437 1668 2476 ex
1700 2422 1806 2477 ista
1840 2424 1979 2477 seri-

2104 2443 2249 2488 ιατα,
2299 2427 2624 2496 σοφιστικῶς
2654 2429 2763 2500 (55)
2806 2430 3284 2501 ἀναπεπλασμένα,
3330 2431 3495 2486 πλέον
3522 2432 3652 2500 ἐλέγ-

404 2514 594 2585 ptione
626 2513 679 2569 in
717 2530 841 2569 eum
887 2514 1206 2585 impellitur,
1253 2514 1551 2568 immunem
1585 2515 1974 2585 praestiterint;

2104 2534 2176 2586 [ου
2209 2517 2320 2587 (54)
2355 2519 2449 2572 καὶ
2481 2519 2659 2591 δεινῆς
2688 2521 2913 2593 τάνδρὸς
2949 2522 3199 2595 διαϐολῆς
3223 2523 3375 2597 παρὰ
3406 2526 3518 2589 τοῖς
3544 2522 3651 2578 νοῦν

401 2606 604 2674 omnis,
649 2622 770 2677 qua:
815 2623 882 2663 ex
928 2609 1028 2661 hac
1073 2607 1371 2677 scriptione
1408 2606 1511 2677 ipsi
1547 2607 1772 2662 conﬂari
1804 2609 1976 2678 possit

2104 2610 2294 2679 ἷχουσιν
2322 2610 2508 2682 ἔμοιγε
2537 2612 2685 2667 δοκεῖ
2716 2615 3011 2687 περιέχειν.

402 2700 630 2765 invidia,
656 2715 687 2756 e
724 2702 903 2756 medio
930 2702 1180 2757 tollatur.
1221 2700 1279 2755 Si
1310 2702 1559 2757 veritatis
1591 2692 1772 2758 autem
1802 2710 1976 2757 metas
2014 2718 2291 2774 egressus,
2322 2706 2562 2761 divinam
2593 2710 2788 2779 magis,
2845 2727 3006 2781 quam
3048 2712 3362 2785 philosophi
3394 2728 3517 2786 qua:
3569 2713 3650 2776 sit,

401 2793 781 2848 excellentiam
824 2795 875 2849 ei
936 2794 1182 2850 tribuere
1218 2797 1342 2865 quis
1400 2797 1551 2861 velit,
1587 2797 1680 2852 ille
1734 2798 2051 2868 imprudens
2092 2802 2235 2871 magi
2279 2803 2502 2857 omnino
2552 2805 2601 2859 ei
2650 2806 3091 2864 criminationem
3143 2811 3429 2883 impinget.
3481 2808 3652 2878 Itaque

401 2884 522 2956 ejus
553 2889 770 2957 generis
824 2888 974 2954 libri,
1040 2890 1339 2960 suphistica
1379 2899 1497 2948 arte
1542 2893 1877 2959 concinnati,
1912 2895 2056 2965 apud
2094 2896 2479 2967 prudentiores
2513 2902 2811 2972 opprobrio
2839 2911 2894 2959 et
2927 2905 3264 2974 gravissimae
3304 2902 3652 2978 inculpationi

400 2981 524 3052 ejus
553 2982 867 3039 inservituri
894 2985 1077 3055 potius
1112 2986 1245 3039 mihi
1276 2987 1557 3045 videntur.

475 3162 590 3247 (28)
634 3164 731 3247 Ιιίὴ
782 3162 943 3219 θεῖον
1088 3165 1257 3247 ᾴνθρ.
1283 3166 1553 3247 γίνεσθαι
1579 3168 1785 3247 φύσει.
1817 3167 2027 3247 Miror)

2104 3185 2234 3223 num
2270 3185 2490 3247 sensum
2525 3186 2648 3247 esse
2677 3173 2879 3247 patebit
2912 3172 3212 3247 conl‘erenli
3244 3190 3368 3230 cum
3401 3176 3524 3232 istis
3546 3190 3658 3245 qua:

401 3232 547 3315 hanc
572 3232 884 3315 lectionem.
910 3232 1249 3315 verissimam
1282 3232 1519 3315 Sane,_et
1549 3232 1668 3315 sine
1693 3254 1798 3308 qua
1832 3239 1979 3315 nulla
2015 3232 2054 3246 ν
2087 3256 2263 3315 supra
2293 3240 2560 3315 Eusebius
2603 3232 2855 3315 habebat,
2904 3245 3091 3315 capite,
3119 3245 3152 3298 5
3192 3253 3327 3299 toto.

404 3302 571 3382 huius
627 3304 728 3382 loci
787 3305 1093 3382 integritas.
1119 3321 1296 3373 neque
1353 3302 1867 3382 a_Morello__neque
1907 3310 1981 3382 ab

2158 3302 2271 3382 (51)
2344 3302 2989 3382 Ἐπεισκυκλουμένηςῖ
3051 3314 3183 3371 Vide
3244 3315 3312 3371 de
3376 3316 3482 3371 hac
3532 3328 3660 3371 voce

403 3371 689 3430 Holstenio
742 3371 1017 3443 receptam
1079 3377 1135 3430 in
1184 3371 1335 3431 textu
1397 3377 1589 3433 fuisse.
1635 3371 1803 3434 Plane
1833 3380 1978 3434 enim

401 3443 585 3522 inepta
620 3454 769 3522 ‘sunt
826 3460 947 3522 qua:
977 3446 1053 3522 illi
1088 3447 1142 3501 in
1179 3454 1328 3522 textu
1352 3458 1660 3517 servarunt,
1683 3449 1756 3521 μὴ
1785 3450 1979 3522 γόητα,

402 3511 1112 3587 θείῄρνθρῳποίγῐνεσθαι
1140 3517 1319 3586 φύσει.

475 3529 835 3638 ιὲανυρωπον
866 3529 1112 3583 γινεσυαι
1140 3529 1319 3586 φύσει.

475 3588 491 3652 (
534 3584 587 3654 9)
610 3585 707 3654 Μή
729 3603 821 3652 τις
845 3586 1215 3660 ἄλλον,Εαίιί
1248 3588 1444 3660 μήτιν’
1461 3588 1638 3653 ἄλλον,
1656 3588 1803 3660 quod
1830 3604 1982 3645 men-

400 3653 596 3710 dosum
625 3653 747 3710 esSe
782 3666 894 3709 tota
938 3659 1115 3711 oratio
1152 3653 1436 3713 suadebat.

476 3724 610 3800 (50)⁸
627 3725 742 3800 Ζζῆς
764 3726 984 3790 ἔξωθεν
1006 3730 1222 3798 λύμης.
1248 3726 1388 3781 Ριιιο
1427 3730 1652 3800 intelligi
1690 3730 1887 3793 labem,
1912 3730 1982 3786 al)

401 3793 522 3868 ipso
552 3793 907 3868 Philostrato,
946 3793 1134 3866 parum
1158 3793 1436 3868 prudente
1481 3793 1838 3864 enco'miasta,
1863 3802 1982 3856 ine-

401 3866 511 3935 ptis
560 3865 813 3922 laudibus
862 3865 1499 3938 Apouonio'aspersam.
1534 3869 1707 3936 Quem
1748 3873 1978 3929 verissi-

2088 3376 2273 3437 notata
2298 3383 2363 3436 ad
2399 3381 2573 3445 Vitam
2600 3376 2889 3450 Apollonii,
2919 3376 3013 3438 lib.
3046 3401 3124 3450 xi,
3149 3401 3200 3439 c.
3227 3387 3315 3441 10.

2162 3452 2520 3528 (δὴ-Ὅρους
2548 3451 2599 3528 δ’
2629 3455 2681 3528 el
2719 3455 2820 3528 d._1_._
2846 3455 3086 3528 προϊών,
3116 3465 3224 3512 etc.
3254 3456 3423 3512 Plane
3448 3456 3657 3528 gemina

2087 3521 2260 3591 supra
2283 3521 2510 3590 legimus
2551 3522 2604 3576 in
2635 3523 2738 3578 hoc
2768 3521 2927 3590 libro,
2958 3541 3007 3581 c.
3039 3526 3092 3580 5.

2158 3592 2269 3665 (55)
2318 3592 2704 3665 Σοφιστικῷς.
2754 3595 2828 3647 Ita
2866 3611 2964 3665 pro
2997 3595 3361 3665 σοφιστικούς,
3400 3594 3558 3665 quod
3600 3593 3652 3648 in

2086 3664 2418 3736 editis‘erat,
2452 3663 2741 3736 legendlim
2764 3663 2893 3736 (esse
2919 3668 3000 3719 vel
3037 3663 3219 3719 carens
3255 3663 3491 3736 judicét.

2159 3733 2270 3807 (54)
2296 3732 2601 3807 Πλέον-ἑῖλ.
2636 3732 2775 3787 Editi
2801 3736 2860 3788 οὐ
2884 3736 3044 3790 πλέον
3076 3737 3152 3788 ex.
3185 3732 3463 3807 Ne'gativae
3492 3733 3653 3806 parti-

2087 3805 2223 3878 culae
2254 3802 2460 3871 aperte
2500 3802 2589 3878 hic
2634 3819 2830 3878 sensus
2862 3808 3142 3872 reclamat,
3174 3802 3339 3878 quam
3369 3802 3653 3863 eliminat:-

2083 3875 2207 3929 dam
2232 3880 2517 3944 propterea
2541 3871 2818 3930 duximus.

422 4054 3643 4102 Ἥ

1260 4259 1941 4376 ORIGENIS
2035 4262 2791 4380 APOLOGI/E

1630 4501 1992 4590 LIBER
2068 4503 2413 4597 UNUS.
2487 4634 2496 4642 ν

924 4693 1055 4755 Vide
1085 4660 1223 4752 inter
1254 4695 1496 4768 Origenis
1526 4695 1724 4768 Opera,
1757 4696 1975 4766 hujusce
2006 4693 2027 4749 1

2104 4694 2329 4768 'rologia:
2357 4675 2769 4754 σ’γωωφωιευω
2794 4708 2920 4756 (om.
2949 4697 3158 4758 XVII.
