3830 6260
216 374 307 436 359
1267 369 1354 425 DE
1393 368 1606 427 CURIS
1641 369 1929 426 BIBIJCIS
1968 370 2256 430 EUSEBH.
3018 332 3025 345 '
3336 382 3444 440 870

1261 580 1700 591 ————_——

2367 586 3431 615 Ἢ

223 574 1340 610 cm:

1347 583 2360 611 mm

485 830 1573 1076 ,EUSEBII
1732 838 3057 1059 PAMPHILI

1069 1288 1875 1384 CIESARIENSIS
1951 1294 2503 1390 EPISCOPI

277 1596 1050 1757 OPERUM
1151 1597 1913 1759 OMNIUM
2009 1530 2495 1761 PARS
2609 1606 3320 1765 TERTIA

1390 2094 2201 2212 EXEGETICA

1147 2451 1264 2512 DE
1306 2452 1547 2514 CURIS
1588 2449 2370 2516 BIBLICISEUSEBII.

799 2665 1020 2731 (Angela
1040 2663 1157 2727 MAI,
1186 2661 1480 2714 Bibliotheca
1503 2674 1626 2712 nova
1652 2663 1877 2723 Patrum,
1900 2667 1935 2711 t.
1962 2624 2042 2723 IV,
2067 2674 2116 2724 p.
2141 2660 2218 2711 66.
2264 2661 2311 2712 Bt

1255 2661 1480 2713 bliotheca
1503 2674 1626 2712 nova
1652 2663 1877 2723 Patrum,
1900 2667 1935 2711 t.
1962 2624 2042 2723 IV,
2067 2674 2116 2724 p.
2141 2660 2218 2711 66.
2264 2661 2433 2713 Bome
2457 2662 2597 2726 1847,
2622 2662 2767 2730 ἰπὶ-4.)

234 3018 362 3077 Dum
413 3018 640 3077 Eusebii
670 3018 895 3090 reliquis
920 3017 1109 3073 sedulo
1134 3017 1455 3094 colligendis
1486 3032 1675 3072 curam
1708 3018 2102 3089 impenderem,
2130 3017 2247 3073 ﬁeri
2275 3032 2384 3072 non
2416 3025 2630 3088 poterat
2669 3022 2800 3090 quin
2831 3020 2899 3077 ad
2927 3020 3171 3079 codicem
3196 3040 3419 3097 quoque

169 3116 300 3171 illum
329 3116 600 3187 insignem
635 3114 963 3184 reSpicerem
988 3112 1119 3166 olim
1149 3113 1204 3166 in
1237 3109 1411 3167 Gallia
1443 3111 1957 3178 Claromontanum,
1990 3128 2139 3168 nunc
2161 3110 2510 3178 Vaticanum,
2538 3115 2832 3185 prOphctas
2861 3132 3072 3184 omnes,
3098 3135 3221 3173 cum
3250 3119 3417 3176 Pam-

168 3211 281 3281 phili
313 3211 643 3282 Eusebiique
671 3208 1009 3273 recensione,
1047 3209 1449 3274 continentem;
1475 3207 1542 3262 de
1574 3225 1684 3279 quo
1711 3210 1840 3263 olim
1876 3208 2160 3264 Curterius
2191 3208 2246 3262 in
2281 3207 2601 3280 praefatione
2632 3210 2699 3265 ad
2726 3210 3052 3282 Procopium
3083 3213 3138 3267 in
3175 3213 3414 3280 Esaiam,

166 3312 211 3359 ct
229 3304 411 3360 deinde
437 3305 675 3376 peritius
714 3300 1157 3355 Montfauconius
1186 3300 1240 3354 in
1276 3297 1463 3353 Graeca
1492 3299 1910 3370 palwographia,
1940 3315 1994 3370 p.
2036 3299 2142 3354 224
2173 3315 2353 3370 seqq.,
2384 3301 2597 3356 locutus
2626 3309 2731 3356 est.
2767 3301 2818 3356 ls
2857 3304 3051 3368 codex,
3087 3307 3278 3361 nescio
3306 3322 3418 3378 quo

165 3412 325 3452 rerum
348 3409 569 3460 eventu.
603 3414 746 3452 anno
791 3396 930 3452 1785
957 3381 1198 3449 Romam
1242 3394 1475 3457 delatus,
1512 3396 1698 3465 palatii
1735 3395 2019 3464 apostolici
2051 3396 2320 3466 impensa,
2352 3397 2585 3452 scutatis
2628 3399 2867 3455 nummis
2897 3402 3156 3456 trecentis
3198 3411 3418 3473 emptus

165 3487 272 3553 fuit,
312 3500 367 3547 et
402 3490 753 3547 bibliotheca:
773 3488 1055 3543 Vaticana:
1101 3486 1387 3550 addictus,
1424 3485 1838 3540 bibliothecario
1884 3485 2038 3540 card.
2075 3484 2295 3550 Zelada,
2324 3487 2584 3556 praefecto
2615 3484 2853 3557 Josepho
2891 3490 3081 3560 Regio,
3115 3501 3175 3547 ut
3216 3495 3271 3548 in
3316 3511 3415 3550 au-

163 3583 380 3639 thentica
407 3583 743 3641 venditionis
794 3579 1103 3652 syngrapha
1137 3578 1355 3648 legitur.
1394 3574 1609 3642 Quanta
1655 3578 1727 3632 sit
1764 3577 1975 3632 codicis
2012 3578 2367 3648 calligraphia
2407 3587 2463 3634 et
2496 3580 2817 3649 antiquitas,
2840 3581 3171 3650 judicabth
3212 3586 3412 3649 eruditi

161 3688 217 3728 ex
241 3676 533 3745 specimine
597 3673 939 3736 ﬁdelissimo,
986 3670 1134 3743 quod
1164 3670 1314 3741 ligno
1333 3684 1599 3724 excusum
1654 3669 1744 3724 hic
1779 3670 2125 3740 apponimus.
2156 3669 2292 3723 Nam
2344 3668 2439 3726 fol.
2486 3670 2555 3725 84
2595 3681 2721 3726 ante
2767 3672 2981 3727 Esaiam
3020 3675 3227 3740 Graece,
3261 3688 3321 3733 ut
3354 3679 3411 3734 in

161 3773 331 3822 nostro
354 3784 488 3826 cuso
519 3768 826 3841 specimine
859 3766 1179 3822 scribuntur
1205 3779 1290 3828 ea,
1329 3778 1451 3833 quae
1488 3761 1681 3817 Latine
1710 3762 1791 3819 sic
1819 3762 2057 3817 habent:
2095 3762 2414 3832 Desumptus
2436 3763 2541 3834 fuit
2570 3762 2766 3819 Esaias
2803 3767 2867 3819 ab
2900 3769 3192 3836 exemplari
3224 3770 3412 3826 Patris

158 3862 453 3932 Apollinarii
487 3862 891 3928 cwnobiarcha’,
929 3863 1017 3915 cui
1046 3860 1155 3915 haec
1183 3869 1334 3914 erant
1362 3858 1685 3929 subjuncta:
1715 3858 2020 3927 desumptus
2050 3858 2152 3927 fuit
2185 3857 2379 3913 Esaias
2422 3874 2487 3913 ea:
2514 3858 2829 3916 editionibus
2867 3862 3260 3937 hexaplaribus.
3285 3846 3415 3921 Cbl-

160 3957 283 4014 latus
301 3971 375 4015 est
409 3971 590 4016 autem
619 3961 780 4015 etiam
804 3974 924 4013 cum
958 3957 1125 4011 altero
1152 3955 1432 4025 hexaplari
1465 3955 1640 4009 codice
1668 3954 1805 4008 hanc
1832 3953 2229 4009 adnotationem
2262 3954 2485 4010 habente
2515 3972 2533 4009 :
2572 3955 2864 4010 emendato?
2888 3956 3103 4026 fuerunt
3130 3958 3413 4031 diligenter

156 4067 336 4111 cuncta
367 4058 659 4121 editiones;
698 4056 888 4110 etenim
937 4053 1148 4107 collatae
1188 4052 1332 4121 fuere
1362 4067 1481 4105 cum
1512 4050 1678 4104 Esaia
1710 4050 2008 4118 tetraplari,
2036 4066 2133 4105 nec
2160 4066 2264 4105 non
2299 4067 2417 4103 cum
2461 4050 2757 4118 hexaplari.
2792 4051 2925 4105 Tum
2969 4052 3133 4106 etiam
3160 4052 3226 4106 ab
3256 4054 3413 4109 initio

155 4162 298 4219 usque
330 4152 404 4204 ad
434 4153 694 4207 visionem
717 4150 867 4220 Tyri,
905 4149 1209 4203 accuratius
1244 4146 1415 4201 adhuc
1446 4146 1754 4202 emendatus
1788 4146 1911 4215 fuit.
1948 4145 2168 4214 Copiam
2205 4147 2347 4200 enim
2375 4145 2677 4214 habuimus,
2713 4163 2878 4218 usque
2911 4146 2980 4201 ad
3010 4148 3168 4217 ﬁnem
3191 4150 3411 4205 uisionis

157 4240 287 4313 Tyri,
318 4256 579 4301 tomorum
610 4248 664 4301 in
693 4245 912 4301 Esaiam
941 4244 1322 4315 exegeticorum
1356 4242 1598 4314 Origrnis
1629 4258 1647 4295 :
1677 4242 1959 4314 seduloque
1995 4244 2490 4307 animaduertentes,
2524 4261 2628 4315 quo
2651 4261 2809 4298 sensu
2841 4245 2931 4299 ille
2957 4246 3197 4314 singulas
3219 4246 3414 4301 dictio-

155 4351 232 4392 nes
254 4355 344 4408 pro
381 4324 583 4397 viribus
606 4341 991 4409 explicavisset,
1037 4355 1241 4393 omnem
1285 4337 1683 4407 ambiguitatem
1725 4337 2009 4391 secundum
2056 4337 2205 4391 illius
2242 4350 2468 4392 mentem
2498 4341 2845 4393 correximus.
2880 4338 3150 4394 Praeterea
3193 4356 3410 4409 compa-

155 4437 339 4491 ratione
366 4439 615 4494 instituta
639 4455 757 4493 cum
788 4435 1134 4507 Septuaginta
1169 4435 1401 4489 uirorum
1444 4433 1690 4495 editione,
1721 4443 1769 4488 et
1810 4450 1927 4487 cum
1958 4433 2229 4487 adnotatis
2260 4434 2326 4487 ab
2370 4433 2595 4488 Eusebio
2619 4434 2687 4487 ad
2720 4433 2963 4493 Esaiam.
2993 4428 3049 4487 in
3084 4433 3411 4489 dissonanti-

155 4528 235 4583 bus
264 4533 386 4607 locis
419 4550 635 4589 sensum
686 4533 869 4586 rimati
908 4547 1111 4593 sumus,
1152 4539 1306 4601 atque
1336 4530 1404 4583 ad
1434 4530 1580 4583 illius
1628 4546 1870 4583 normam
1920 4529 2341 4583 emendationem
2372 4532 2691 4585 curavimus.
2751 4529 2890 4584 Tum
2937 4530 3032 4584 fol.
3080 4531 3188 4585 280
3219 4533 3253 4586 ι»
3282 4540 3410 4587 ante

154 4621 470 4684 Ezechielem
500 4629 704 4700 legitur
726 4627 932 4689 Grmce,
962 4634 1021 4681 ut
1054 4625 1259 4696 pariter
1292 4626 1346 4679 in
1375 4633 1565 4679 nostro
1586 4625 1905 4695 specimine,
1950 4624 2094 4696 quod
2127 4624 2320 4679 Latine
2346 4625 2425 4679 sic
2462 4624 2904 4694 interpretamur.
2941 4624 3264 4695 Desumptus
3306 4626 3409 4696 fuit

152 4717 428 4790 (Ezechiel)
461 4726 527 4777 ab
568 4722 867 4791 exemplari
912 4720 1091 4775 Patris
1119 4717 1439 4789 Apollinhrii
1480 4720 1889 4785 cwnobiarclue,
1941 4721 1998 4775 in
2026 4737 2127 4791 quo
2156 4720 2266 4774 haec
2313 4730 2466 4774 erant
2501 4720 2784 4791 subjuncta
2806 4737 2825 4775 :
2867 4721 3171 4791 desumptus
3203 4722 3321 4790 fuit’
3343 4737 3411 4777 ea:

146 4811 447 4869 editionibus
470 4815 873 4885 hexaplaribus,
921 4812 1328 4882 emendatusque
1364 4810 1431 4864 ad
1484 4811 1719 4881 ejusdem
1755 4812 1996 4884 Origenis
2024 4812 2272 4882 tetrapla,
2304 4828 2421 4883 qua:
2472 4829 2635 4866 manu
2670 4813 2835 4882 ipsius
2877 4813 3154 4867 emendata
3196 4813 3407 4883 fuerant

147 4913 190 4955 et
215 4906 422 4963 scholiis
450 4911 703 4981 praedita.
747 4908 895 4964 Unde
925 4925 1016 4980 ego
1046 4906 1306 4962 Eusebius
1341 4905 1545 4960 scholia
1568 4906 1771 4962 addidi.
1807 4907 2115 4977 Pamphilus
2145 4916 2196 4962 et
2229 4905 2489 4962 Eusebius
2521 4908 2945 4964 emendaverunt.

3427 4974 3437 5006 ι

207 5041 364 5105 Vides
393 5027 646 5105 codicem
693 5048 899 5119 aedepol
930 5049 1466 5122 praestantissimum.
1499 5046 1665 5108 Vides
1687 5048 1910 5103 Eusebii
1938 5064 2066 5120 erga
2099 5048 2316 5105 divinos
2341 5048 2509 5105 libros
2541 5049 2756 5111 merita,
2791 5057 2845 5105 et
2871 5064 3032 5120 quam
3065 5059 3215 5106 recte
3242 5050 3312 5106 de
3341 4980 3420 5107 eot

145 5130 493 5213 Hieronymus
524 5143 605 5199 De
637 5147 733 5198 vir.
768 5145 852 5200 ill.
881 5159 1002 5216 cap.
1030 5145 1095 5200 81
1135 5145 1334 5201 dixerit
1362 5164 1373 5198 :
1405 5144 1660 5198 Eusebius
1690 5142 1952 5199 Caesareae
1980 5143 2290 5199 Palwstinte
2327 5145 2601 5215 episcopus
2633 5146 2689 5198 in
2722 5146 3015 5214 Scripturis
3061 5136 3252 5201 divinis
3290 5156 3421 5227 σαι-π

145 5234 485 5304 diosissimus,
519 5250 571 5295 et
606 5240 927 5296 bibliotheca
952 5241 1162 5307 divine,
1208 5258 1325 5295 cum
1358 5240 1641 5310 Pamphila
1682 5250 1940 5310 martyre,
1974 5240 2411 5311 diligentissimus
2447 5241 2847 5311 pervestigator.
2891 5239 3098 5296 Revera
3132 5241 3423 5297 Constan—i

143 5330 279 5388 tinus
301 5334 416 5406 ipse
457 5337 760 5407 imperator
798 5334 938 5406 (Vit.
968 5336 1064 5391 lib.
1105 5353 1179 5399 tv,
1210 5337 1300 5401 56,
1335 5336 1423 5407 57)
1456 5334 1697 5391 Eusebio
1734 5349 1937 5388 munus
1966 5333 2230 5403 imposuit
2260 5333 2717 5403 praestantissima
2749 5331 2849 5387 SS.
2883 5332 3187 5387 Bibliorum
3220 5348 3438 5403 exem-,

146 5424 303 5491 plaria
322 5430 725 5502 quinquaginta
775 5431 1122 5497 conﬁciendi,
1161 5447 1283 5502 quae
1312 5431 1548 5486 diversis
1588 5429 1849 5485 Ecclesiis
1878 5429 2172 5484 distributa
2206 5429 2450 5485 fuerunt.
2483 5427 2605 5483 Jam
2647 5429 2694 5484 si
2724 5428 2932 5484 codicis
2970 5428 3272 5498 pleniorem
3303 5411 3439 5482 κιο-ι’

142 5519 302 5578 tiliam
333 5537 512 5597 optas,
541 5543 665 5584 eam
696 5528 939 5584 breviter
984 5529 1063 5584 sic
1093 5529 1397 5584 trademus.
1428 5527 1549 5583 Fol.
1598 5527 1708 5590 1-5,
1739 5524 1879 5581 Vitae
1920 5527 2112 5580 breves
2139 5526 2527 5595 prophetarum
2552 5533 2777 5579 auctore
2802 5524 3123 5579 nominatim
3142 5522 3401 5587 Eusebio,

144 5623 265 5678 quas
293 5617 584 5676 Curterius
621 5620 811 5676 edidit.
856 5619 974 5676 Fol.
1002 5621 1157 5684 5-H,
1188 5619 1385 5677 Obitus
1414 5627 1467 5676 et
1489 5622 1784 5691 sepulturae
1815 5619 2229 5689 prophetarum,
2257 5619 2377 5674 sine
2419 5618 2661 5674 auctoris
2691 5620 2932 5684 nomine,
2969 5617 3037 5672 de
3069 5616 3269 5688 quibus
3298 5630 3401 5686 po-

144 5710 248 5760 stea
279 5710 548 5771 dicemus.
579 5712 699 5769 Fol.
725 5713 918 5777 12-85,
945 5713 1228 5783 Propheta:
1249 5714 1490 5770 minores
1516 5713 1829 5768 duodecim.
1861 5709 1979 5766 Fol.
2011 5709 2101 5766 84.
2134 5711 2229 5765 llla
2263 5711 2549 5782 inscriptio
2583 5718 2706 5765 ante
2728 5708 2943 5763 Esaiam
2975 5724 3097 5781 qua:
3125 5709 3182 5764 in
3212 5715 3403 5764 nostro

144 5801 426 5862 soccimine
475 5806 656 5868 prima
683 5812 789 5863 est.
829 5803 1092 5861 Praecedit
1138 5805 1248 5862 illic
1275 5805 1470 5861 notitia
1506 5805 1573 5861 de
1603 5804 1785 5872 Esaia,
1824 5804 2055 5876 ejusque
2087 5803 2332 5876 parentis
2380 5803 2568 5860 Amosi
2606 5802 2847 5870 nomine,
2884 5809 2941 5858 et
2983 5811 3227 5873 tempore
3264 5798 3405 5855 vatis
