3830 6260
395 373 491 440 οτι
1086 361 1359 423 EUSEBll
1392 356 1864 418 CES‘ARIENSIS
1900 355 2050 412 OPP.
2088 352 2271 409 PARS
2303 352 2480 409 ῙῐΙ.-
2518 349 2918 408 EXEGETICA.
3546 347 3634 406 87!

397 492 548 550 cinii.
575 488 691 546 Fol.
741 485 955 552 85466,
982 482 1196 539 Esaias.
1225 479 1343 536 Fol.
1373 479 1634 545 168-280,
1657 476 1978 539 Hieremias,
2029 472 2263 540 Baruch,
2295 471 2519 528 Threni.
2547 470 2663 527 Fel.
2711 470 2819 526 280
2856 470 2893 526 h
2940 459 3028 525 est
3075 467 3359 538 inscriptio
3403 474 3635 522 secunda

398 584 572 640 nostri
600 580 935 652 speciminis,
966 577 1249 649 pertinens
1280 575 1349 629 ad
1373 573 1729 629 Ezechieletn.
1770 565 1890 624 Fol.
1924 565 2187 623 281-576.
2224 565 2493 620 Ezechiel.
2522 564 2640 619 Fol.
2669 562 2928 628 577-412,
2972 561 3025 615 id
3054 568 3139 616 est
3178 574 3354 629 usque
3379 557 3451 612 ad
3486 558 3631 611 finem

398 677 623 740 codicis,
650 674 895 737 Danihel,
924 674 979 727 in
1002 687 1112 743 quo
1138 671 1375 744 hymnus
1408 684 1624 740 quoque
1650 667 1815 721 trium
1841 679 2133 735 puerorum
2170 663 2428 718 scribitur
2456 660 2495 717 f.
2522 660 2663 728 590;
2695 668 2748 715 et
2782 659 2957 722 initio,
2992 657 3048 712 id
3077 665 3160 714 est
3189 656 3283 712 fol.
3314 655 3447 720 381,
3487 656 3639 710 histo-

399 768 482 823 ria
514 765 795 822 Susannae.
833 764 1037 821 Textus
1082 763 1327 819 omnium
1366 762 1752 834 prophetarum
1784 757 2167 829 integerrimus
2195 761 2299 810 est.
2322 752 2485 809 Juxta
2517 762 2627 806 tam
2660 753 3021 808 venerabilem
3058 752 3391 822 antiquitate
3415 748 3641 805 criticis.

398 874 505 930 que
551 857 753 929 regulis
793 864 1024 923 textum,
1065 862 1282 912 exstant
1315 854 1369 909 in
1412 853 1659 922 margine
1688 850 1928 921 antiquis
1959 864 2112 919 mque
2147 846 2400 902 litterulis
2431 846 2647 915 scripta:
2678 844 2940 899 lcetiones
2968 844 3134 898 variae
3157 843 3482 914 hexaplares
3515 838 3640 895 LXX

396 948 676 1016 Virorum,
711 953 938 1022 Aquila),
977 950 1313 1023 Symmachi,
1344 947 1755 1011 Theodotionis,
1788 955 1841 1002 et
1867 946 2098 1000 aliorum
2130 943 2355 1012 aliquot,
2389 947 2518 1012 puta
2557 938 2830 1010 Origenis.
2860 937 3007 992 Hrc'
3035 937 3263 1001 scholia,
3311 936 3478 990 modo
3506 949 3636 989 rare-

400 1055 582 1112 scunt,
615 1050 775 1103 modo
814 1049 960 1103 nulla
984 1057 1135 1113 sunt,
1169 1046 1330 1100 modo
1357 1045 1491 1098 adeo
1521 1042 1826 1113 frequentia
1849 1048 1903 1095 et
1926 1040 2168 1111 cepiosa,
2202 1046 2262 1091 ut
2290 1036 2522 1105 alicujus
2552 1035 2880 1104 quandoque
2907 1031 3224 1102 interpretis
3256 1031 3420 1085 latam
3454 1027 3642 1083 sectio-

397 1157 523 1198 nem
556 1144 869 1199 habeamus.
900 1142 1103 1198 Horum
1127 1157 1228 1196 nos
1259 1139 1591 1196 scholiorum
1620 1137 1728 1191 alio
1751 1146 1993 1206 tempore
2018 1134 2292 1204 specimen
2323 1146 2516 1185 cusum
2549 1129 2952 1184 exhibebimus.
2992 1125 3196 1181 Prazter
3220 1140 3349 1181 vero
3378 1125 3499 1179 haec
3522 1129 3641 1177 Sane

399 1237 658 1308 pretiosa,
686 1237 791 1290 alia
824 1237 1027 1307 passim
1063 1234 1336 1304 margines
1365 1233 1604 1287 obruunt
1628 1229 1833 1285 scholia
1867 1227 2198 1288 recentiora,
2233 1238 2463 1294 quorum
2504 1237 2650 1276 nunc
2686 1221 2912 1283 nullam,
2944 1225 3108 1289 atque
3145 1217 3289 1271 baud
3322 1217 3440 1272 scio
3476 1231 3549 1269 an
3584 1229 3642 1268 ne

402 1306 585 1400 postea
624 1306 863 1398 quidem,
894 1328 1158 1382 rationem
1195 1324 1551 1380 habebimus:
1584 1322 1747 1379 sicuti
1776 1335 1844 1376 ne
1888 1318 2132 1375 brevium
2172 1316 2393 1387 quidem
2426 1314 2793 1369 recentiorum
2828 1310 2957 1366 vitis
3006 1309 3340 1364 additionem
3370 1308 3429 1362 in
3462 1306 3641 1377 spatiis

396 1425 590 1482 vacuis
618 1424 738 1478 rudi
766 1438 930 1477 manu
951 1423 1324 1476 obtrusarum.

468 1586 611 1658 Ergo
645 1586 711 1640 ad
742 1566 1035 1640 Eusebium
1068 1597 1188 1652 quae
1214 1580 1506 1652 pertinent,
1543 1577 1611 1634 de
1651 1592 1759 1648 quo
1790 1591 1938 1634 nunc
1959 1575 2192 1647 agimus,
2227 1572 2332 1628 tria
2358 1574 2412 1628 in
2434 1572 2622 1628 codice
2648 1579 2812 1632 sunt:
2844 1572 2895 1626 l.
2927 1569 3084 1626 Sacri
3114 1577 3294 1626 textus
3321 1568 3464 1625 facta
3489 1570 3557 1625 ab
3583 1584 3640 1624 eo

398 1694 522 1733 cum
553 1678 833 1748 Pamphilo
871 1675 1199 1743 emendatio,
1231 1674 1289 1730 2.
1341 1672 1688 1729 Scholiorum
1733 1671 1987 1741 adiectio,
2014 1671 2067 1726 5.
2112 1667 2508 1739 Prophetarum
2543 1668 2685 1723 vitae.
2714 1666 2780 1719 Et
2837 1666 3054 1720 tertium
3090 1666 3308 1736 quidem
3360 1663 3642 1720 Curterius

400 1773 554 1836 satis,
586 1778 644 1824 ut
667 1782 830 1838 supra
852 1768 1112 1833 diximus,
1164 1767 1398 1833 curavit,
1431 1767 1559 1822 vitis
1590 1767 1699 1821 illis
1737 1764 2127 1835 prophetarum
2176 1762 2430 1817 brevibus
2459 1761 2642 1815 editis.
2679 1758 2920 1812 Primum
2949 1773 3013 1812 ac
3059 1758 3357 1813 secundum
3389 1772 3420 1809 ει
3448 1771 3557 1824 me,
3591 1764 3642 1811 ut

398 1873 579 1931 spero,
608 1868 870 1931 quantum
902 1876 1040 1931 opus
1083 1859 1209 1923 erit,
1242 1859 1611 1929 praestabitur,
1635 1872 1758 1913 cum
1815 1857 1959 1910 hunc
1984 1863 2188 1909 textum
2230 1854 2284 1907 in
2318 1854 2452 1907 meis
2483 1852 2697 1907 biblicis
2738 1850 3227 1914 lucubrationibus,
3263 1849 3346 1903 vel
3378 1847 3639 1919 integrum

395 1955 481 2010 vel
516 1962 770 2009 accurate
799 1955 1078 2019 collatum,
1120 1953 1460 2019 exscribam;
1498 1952 1705 2007 scholia
1760 1957 1963 2013 autem,
1991 1949 2076 2002 vel
2120 1947 2304 2016 potius
2335 1946 2655 2014 hexaplares
2704 1944 2985 2006 lectiones,
3014 1950 3287 2011 quatenus
3331 1941 3529 1996 saltem
3568 1940 3643 1994 in-

398 2049 629 2118 cognitae
663 2047 841 2101 adhuc
894 2047 1116 2113 fuerint,
1146 2061 1253 2101 non
1289 2046 1726 2116 praetermittam.
1779 2042 1916 2097 Nam
1959 2040 2399 2101 Montfauconius
2431 2037 2685 2110 (Hexapl.
2725 2045 2766 2094 t.
2796 2035 2858 2101 ll,
2887 2053 2941 2107 p.
2974 2035 3064 2107 87)
3120 2034 3398 2107 quatridui
3444 2042 3639 2089 tantum

397 2141 576 2210 spatio
601 2154 923 2196 concessum
957 2140 1061 2195 sibi
1106 2140 1310 2195 codicis
1346 2154 1505 2195 usum
1542 2137 1714 2195 fuisse
1757 2138 1951 2193 dolens
1979 2135 2074 2190 ait.
2106 2133 2236 2206 (Sed
2263 2141 2445 2189 tamen
2489 2132 2702 2189 Esaiam
2746 2131 3030 2187 Curterius
3074 2139 3234 2186 antea
3289 2130 3635 2199 contulerat.)

398 2229 582 2301 Itaque
609 2231 932 2287 festinanter
971 2231 1291 2303 trepideque
1326 2232 1397 2286 ob
1453 2230 1734 2301 angustias
1783 2228 2045 2298 temporis
2073 2226 2296 2280 nonnisi
2322 2242 2387 2279 ex
2424 2226 2600 2280 tribus
2635 2224 2936 2294 majoribus
2962 2222 3263 2293 praphetis,
3299 2223 3515 2279 omisso
3543 2222 3638 2276 Da-

396 2322 538 2377 niele
563 2330 616 2377 et
643 2323 891 2394 reliquis,
921 2324 1206 2378 lectionem
1236 2322 1610 2394 hexaplarium
1635 2320 1955 2377 varietatem
1980 2319 2273 2389 excerpsit.
2303 2316 2520 2373 Interim
2545 2333 2647 2373 nos
2674 2333 2784 2371 uno
2822 2317 3005 2372 oblato
3034 2315 3183 2383 folio,
3210 2330 3327 2371 rem
3364 2314 3640 2387 philologis

394 2413 793 2485 philocalisque
827 2423 1137 2485 pergratam
1164 2414 1343 2470 facere
1372 2415 1599 2469 scimus.

462 2582 582 2638 Jam
618 2599 744 2639 vero
773 2584 899 2654 quia
932 2584 1063 2651 dixi,
1093 2593 1219 2640 ante
1266 2584 1483 2641 Esaiam
1532 2587 1587 2640 in
1618 2587 1807 2643 codice
1852 2588 2136 2659 prologum
2166 2586 2453 2657 quemdam
2504 2598 2645 2642 esse.
2677 2582 2725 2638 is
2757 2581 2831 2636 ita
2865 2597 2924 2636 se
2945 2580 3141 2635 habet:
3179 2580 3407 2651 Ὀρασις
3453 2579 3520 2648 ἣν
3545 2576 3639 2632 ἴδεν

405 2675 633 2741 Ἡσαΐας
664 2679 776 2741 υίὸς
820 2676 1017 2747 Ἀμώς.
1047 2678 1269 2750 Οίηθείη
1303 2680 1401 2750 μὲν
1433 2680 1498 2734 ἄν
1521 2697 1604 2745 τις
1633 2680 1723 2733 τὸν
1768 2681 1948 2752 Ἀμὼς
1967 2681 2177 2745 τοῦτον,
2211 2682 2327 2751 ἦτοι
2361 2678 2647 2750 ὁμώνυμον
2677 2673 2814 2729 εἶναι
2848 2675 2943 2729 τοῦ
2990 2676 3046 2727 ὲν
3092 2676 3203 2753 τοῖς
3229 2671 3460 2737 δώδεκα,
3500 2671 3532 2743 ἢ
3558 2672 3640 2726 τὸν

392 2767 555 2822 αὐτὸν
588 2771 820 2822 ἐκεῖνον·
848 2772 954 2842 χρὴ
981 2772 1039 2824 δὲ
1059 2772 1275 2837 εἰδέναι,
1309 2773 1389 2826 ὅτι
1419 2776 1446 2827 6
1483 2775 1580 2845 μὲν
1616 2774 1796 2847 πατὴρ
1836 2776 2076 2840 Ἡσαΐου,
2111 2777 2239 2846 παρ’
2270 2778 2398 2846 ἡμῖν
2427 2775 2730 2827 τελευταῖον
2762 2774 2930 2843 σῖγμα
2953 2770 3084 2841 ἔχει,
3116 2768 3179 2822 τὸ
3208 2770 3339 2840 παρ’
3384 2766 3641 2838 Ἑϐραίοις

391 2859 720 2930 καλούμενον
746 2861 857 2927 σὲν,
881 2864 1017 2934 ὅπερ
1039 2865 1201 2917 οἱονεὶ
1217 2864 1348 2918 δασύ
1375 2868 1492 2920 ἐστι
1520 2870 1713 2938 σῖγμα·
1740 2872 1768 2922 6
1792 2869 1847 2922 δὲ
1888 2870 1945 2923 ὲν
1983 2873 2094 2933 τοῖς
2121 2869 2344 2933 δώδεκα,
2374 2868 2527 2939 λήγει
2557 2870 2636 2932 εἰς
2659 2866 2967 2921 τελευταῖον
3003 2866 3260 2936 στοιχεῖον
3288 2863 3352 2915 τὸ
3387 2859 3638 2932 καλούμε-

391 2966 481 3041 νον
520 2952 673 3023 σαδὴ,
695 2953 830 3025 ὅπερ
867 2954 1027 3007 οίονε)⁵
1060 2955 1379 3027 φιλούμενόν
1400 2959 1530 3041 ¹ἐστι
1575 2962 1744 3031 σῖγμα
1780 2961 1877 3031 (α)·
1915 2960 2096 3033 ἔχουσι
2132 2961 2187 3014 δὲ
2225 2961 2462 3032 Ἑϐραῖοι
2497 2962 2591 3014 καὶ
2623 2959 2826 3031 τρίτον,
2858 2959 3102 3031 παρὰ-τὰ
3137 2957 3229 3011 δύο
3255 2954 3451 3021 ταῦτα,
3488 2956 3640 3025 σῖγμα

388 3040 451 3095 τὸ
476 3042 807 3114 καλούμενον
832 3046 1070 3116 σαμχὰθ,
1098 3049 1234 3118 ὅπερ
1269 3049 1381 3102 ἴσον
1400 3040 1631 3103 δύναται
1660 3052 1736 3123 τῷ
1770 3055 1944 3107 εἰπεῖν
1980 3056 2167 3126 σῖγμα.
2199 3084 2269 3094 —
2298 3052 2540 3125 Ἤρξατο
2567 3052 2663 3123 μὲν
2698 3055 2755 3106 ὲν
2803 3050 3049 3123 βασιλείᾳ
3080 3049 3254 3116 Ὀζίου
3291 3045 3640 3121 προφητεύειν

389 3133 419 3184 6
458 3133 701 3199 Ἡσαΐας,
725 3138 818 3190 καὶ
843 3140 1158 3210 παρατείνει
1189 3142 1350 3213 μέχρι
1396 3143 1655 3208 Ἐζεκίου·
1686 3147 1754 3200 τὰ
1780 3147 1836 3200 δὲ
1867 3147 2070 3201 τούτων
2096 3148 2189 3220 ἔτη
2234 3147 2341 3200 ἀπὸ
2367 3146 2466 3218 τῆς
2503 3146 2768 3218 τετάρτης
2798 3144 2906 3199 τῶν
2934 3142 3226 3198 Βασιλειῶν
3253 3143 3272 3174 ¹
3299 3143 3418 3195 ἐστι
3440 3139 3601 3194 ταῦτα
3621 3154 3635 3167 ’

402 3226 581 3292 Ὀζίας
613 3229 643 3281 ὁ
675 3232 767 3283 καὶ
798 3230 1049 3304 Ἀζαρίας
1077 3234 1149 3306 (b)
1189 3235 1281 3309 ἔτη
1329 3240 1666 3311 πεντήκοντα
1709 3240 1819 3295 δύου
1858 3241 1994 3312 μετὰ
2043 3242 2231 3295 τοῦτον
2288 3240 2524 3312 Ἰωάθαμ
2567 3239 2660 3312 ἔτη
2704 3237 2928 3305 δεκαέξ·
2974 3240 3089 3309 μετ’
3134 3237 3296 3293 αὑτὸν
3338 3235 3511 3306 ’Δχαζ
3551 3232 3637 3303 ἔτη

388 3317 612 3385 δεκαέξ·
658 3322 774 3391 μετ’
813 3324 972 3377 αὑτὸν
1012 3326 1256 3392 Ἐζεκίας
1283 3331 1312 3382 6
1361 3331 1472 3394 υίὸς
1520 3332 1683 3386 αὐτοῦ
1722 3332 1814 3405 ἔτη
1847 3335 2206 3388 εἰκοσιεννέαο
2241 3333 2431 3402 ἐπειδὴ
2475 3333 2697 3404 φέρεται
2753 3332 3056 3404 προφητεία
3100 3331 3322 3385 Ἡσαΐου
3367 3333 3425 3384 ὲν
3462 3343 3638 3381 τεσσα-

391 3412 792 3485 ρεσκαιδεκάτῳ
819 3415 927 3469 ἔτει
973 3416 1211 3484 Ἐζεκίου
1254 3422 1538 3495 εἰρημένη,
1574 3424 1743 3496 χωρὶς
1780 3425 1887 3480 τῶν
1912 3443 1975 3496 γε
2015 3425 2188 3492 Ὀζίου
2221 3427 2425 3499 χρόνων
2459 3426 2667 3499 ἀδήλων
2702 3425 2891 3490 ὄντων,
2926 3424 3152 3478 καὶτῶν
3191 3422 3331 3495 μετὰ
3364 3421 3423 3476 τὸ
3452 3434 3636 3474 τεσσα-

391 3505 806 3606 ρεσκαιιὲκαεον
851 3506 1111 3606 Ἐξζεκίου,
1146 3511 1213 3565 τὰ
1260 3512 1460 3606 μεταξὺ
1501 3516 1703 3571 τούτων
1734 3518 1831 3590 τῆς
1861 3519 2196 3591 προφητείας
2215 3519 2311 3592 ἔτη
2349 3520 2560 3589 γίνεται
2597 3518 3099 3591 τεσσαρακονταέξ·
3134 3520 3192 3571 ὲν
3223 3518 3438 3580 τούτοις
3469 3514 3522 3568 δὲ
3551 3511 3635 3566 καὶ

378 3596 426 3668 δή
457 3596 554 3649 τοῦ
593 3598 748 3671 Ὠσηὲ
776 3600 1065 3672 γεγένηται
1103 3604 1430 3676 προφητεία.

470 3761 616 3818 Visio
644 3779 802 3834 quam
827 3764 958 3818 vidit
990 3765 1180 3821 Esaias
1207 3768 1356 3838 [ilius
1380 3770 1563 3826 Amos.
1592 3771 1931 3829 Existimabit
1956 3775 2184 3845 fortasse
2204 3776 2414 3847 aliquis,
2450 3777 2584 3832 hunc
2611 3778 2773 3832 Amos
2801 3780 2880 3834 vel
2908 3781 3277 3853 homonymum
3308 3799 3422 3838 esse
3444 3784 3524 3839 illi
3550 3781 3634 3854 qui

389 3864 561 3911 estea:
591 3857 865 3913 duodecim
903 3877 1138 3925 numero,
1210 3866 1288 3919 rel
1322 3866 1428 3920 imo
1474 3867 1713 3922 eumdem
1761 3869 2045 3925 hominem.
2084 3870 2367 3926 Sciendum
2388 3890 2511 3928 itero
2538 3883 2638 3939 est,
2674 3873 2853 3929 Esaia:
2892 3880 3059 3944 patris
3104 3894 3292 3932 nomen
3323 3878 3551 3934 desinere
3581 3881 3632 3932 in

392 3947 526 4002 illud
554 3950 743 4020 sigma,
773 3951 912 4022 quod
943 3953 1154 4009 Hebrwi
1195 3958 1463 4027 appellant
1498 3961 1603 4024 sin,
1635 3959 1870 4031 quodque
1906 3970 1985 4016 est
2019 3963 2178 4017 veluti
2206 3980 2445 4033 asperum
2468 3967 2659 4036 sigma.
2695 3964 2859 4020 Illum
2890 3980 3064 4022 autem
3091 3971 3181 4039 qui
3209 3980 3287 4025 est
3331 3987 3397 4025 ea:
3431 3986 3631 4025 numero

387 4044 685 4107 duodecim,
715 4046 904 4100 habere
950 4058 1271 4115 postremum
1299 4052 1610 4107 elementum
1656 4054 1794 4126 quod
1821 4057 1948 4109 sade
1994 4056 2213 4123 dicitur,
2249 4058 2490 4129 quodque
2526 4061 2701 4115 instar
2732 4060 2861 4115 lenis
2887 4062 3127 4131 sigmatis
3166 4070 3265 4118 est.
3308 4063 3513 4119 Habent
3536 4061 3632 4117 He-

393 4135 542 4228 braei,
569 4146 760 4205 prater
787 4137 897 4191 haec
919 4138 1042 4205 duo,
1069 4142 1280 4195 tertium
1300 4159 1500 4215 quoque
1526 4146 1718 4215 sigma,
1749 4147 1950 4201 dictant
1981 4148 2280 4213 samchatlt,
2311 4151 2451 4221 quod
2477 4151 2614 4207 idem
2641 4161 2719 4207 est
2740 4169 2803 4207 ac
2832 4155 2880 4209 si
2901 4154 3052 4209 dicas
3074 4155 3263 4228 sigma.
3287 4184 3361 4198 —-
3383 4154 3631 4227 Regnante

392 4226 531 4332 .Oaia
565 4232 713 4332 erupit
740 4232 1047 4332 prophetare
1079 4234 1292 4332 Esaias,
1323 4240 1652 4314 pervenitque
1700 4256 1861 4310 usque
1893 4241 1961 4294 ad
1992 4242 2296 4300 Eur/tiam.
2337 4243 2463 4299 Jam
2491 4245 2678 4299 horum
2705 4241 2833 4301 anni
2869 4248 2927 4302 in
2958 4226 3149 4320 quarto
3180 4226 3476 4320 Regnorum
3505 4248 3628 4303 libro

388 4319 445 4375 hi
470 4333 613 4375 sunt.
667 4320 849 4390 Ozias,
877 4326 966 4396 qui
1020 4337 1068 4380 et
1101 4327 1352 4395 Azarias,
1385 4332 1542 4384 annis
1574 4333 1956 4404 quinquaginta
2007 4336 2233 4393 duobus.
2288 4337 2419 4393 Post
2458 4339 2598 4394 hunc
2629 4339 2883 4396 Joatham
2936 4319 3089 4399 annis
3123 4319 3409 4398 sexdecim.
3447 4341 3627 4397 Deinde

385 4412 568 4518 deliga
590 4416 1196 4518 ann-isitemsexdeeim.
1226 4419 1424 4518 Postea
1457 4422 1713 4518 Ezechias
1745 4427 1891 4497 ﬁlius
1923 4430 2037 4500 ejus
2069 4433 2224 4486 antiis
2261 4433 2445 4503 viginti
2484 4450 2686 4489 novem.
2727 4434 2990 4502 Quoniam
3025 4438 3186 4508 igitur
3219 4437 3400 4494 Esaia
3424 4439 3626 4508 prophe-

386 4505 785 4604 tia-ﬁeriudhuc
799 4506 996 4604 dicitur
1016 4526 1153 4566 anno
1184 4513 1576 4583 quartodecimo
1605 4514 1865 4588 Ezechiae,
1895 4525 2093 4579 omissa
2121 4526 2280 4579 etiam
2309 4526 2457 4582 Ozia:
2483 4538 2634 4597 parte
2663 4529 2762 4584 illa
2802 4505 3065 4586 artnoruni
3090 4548 3208 4604 qua!
3244 4505 3620 4603 incognitam,

382 4607 434 4710 et
466 4600 576 4708 illis
597 4617 802 4710 quoque
820 4601 1059 4710 Ezechiae
1087 4607 1238 4710 annis
1265 4610 1358 4710 qui
1384 4619 1502 4679 post
1524 4622 1771 4683 quartum
1808 4615 2068 4672 decimum
2100 4618 2266 4689 fuere,
2286 4622 2571 4692 prophetia:
2594 4622 2691 4677 hoc
2727 4623 3038 4679 intermedio
3062 4600 3292 4695 tempore
3323 4600 3478 4696 facta
3493 4625 3622 4695 ﬁunt

384 4696 514 4748 anni
542 4695 898 4769 quadraginta
935 4715 1047 4754 sex.
1086 4698 1240 4755 Intra
1263 4702 1363 4757 hoc
1394 4717 1571 4760 autem
1602 4711 1835 4779 spatium
1871 4709 2021 4768 Osca:
2056 4729 2258 4783 quoque
2275 4715 2480 4769 exstitit
2520 4715 2816 4786 prophetia.

453 4850 646 4908 Adhuc
665 4868 845 4957 .unum
870 4855 938 4909 de
966 4854 1071 4910 hoc
1120 4855 1309 4957 codice
1356 4859 1727 4957 adnotandum
1772 4876 2040 4939 superest.
2090 4868 2223 4927 Post
2262 4872 2600 4931 Eusebianas
2653 4875 3039 4947 prophetarum
3071 4875 3248 4945 Vitas,
3284 4894 3423 4952 quas
3468 4891 3619 4949 supra

381 4952 829 5015 memoravimus,
860 4957 1162 5020 sequuntur
1211 4952 1330 5007 alia:
1358 4955 1674 5012 eorumdem
1723 4961 2035 5030 ampliores,
2080 4973 2139 5017 ut
2171 4965 2301 5021 item
2349 4966 2608 5035 diximus,
2650 4969 2839 5024 eadem
2889 4984 3052 5024 manu
3087 4978 3293 5038 vetere,
3334 4972 3621 5039 iisdemque

453 5118 472 5152 ⁸
499 5118 546 5175 ιι
574 5118 757 5178 Paral.
793 5139 922 5180 sxw
955 5141 1070 5197 seq.

383 5297 534 5392 Ἀραὶ
554 5297 1255 5392 γείιίεὲἰιμιοοηοηϐνξεουιη
1299 5307 1920 5392 ιθξιιιιηιᾘὶεῐοηγιηυε,
1950 5313 2033 5367 vel
2063 5325 2210 5392 certe
2235 5331 2366 5392 cum
2398 5333 2464 5392 eo
2497 5323 2790 5387 consentit,
2822 5322 3116 5383 Comma",
3152 5329 3209 5382 in
3261 5329 3475 5386 Εεαίαηι
3516 5328 3612 5385 ωδ

382 5371 649 5464 initio-
659 5384 943 5464 nigris-ialm
965 5371 1167 5464 Esaiae,
1183 5388 1382 5464 ,τίθημί
1403 5379 1634 5464 plerique
1655 5364 1951 5464 autumant,
1985 5386 2169 5464 tertius
2185 5364 2486 5464 duodecim
2499 5364 2895 5462 ἵνᾮὲἲὲἱὲιῖιῆ

380 5440 648 5561 (ἐξείπω
681 5439 930 5497 Hebrwos
963 5445 1264 5501 scribuntur
1302 5439 1511 5506 litteris.
1548 5439 1665 5504 'Iste
1686 5452 1913 5519 primam
1940 5439 1999 5507 et
2033 5439 2325 5511 extremam
2360 5439 3020 5522 ἰὶὶῐένἏᾶι”’ῐὶιῐὲῖ’ῖιέιὲἱι
3043 5439 3604 5540 ETsIBE'a'IQ'Iﬁt

390 5715 403 5729 .
456 5645 530 5717 (b)
552 5648 892 5734 Codzprima
922 5670 1107 5738 manu,
1142 5661 1218 5714 Ζα
1256 5661 1435 5733 αρξας,
1464 5679 1591 5721 mox
1632 5667 1708 5726 ibi
1734 5684 1895 5728 einen

383 5732 492 5789 ψει
511 5727 588 5771 est
622 5733 711 5785 qui
743 5730 793 5776 et
812 5726 1063 5794 Azanos,
1095 5679 1296 5799 ἀνι»έεὶ
1321 5735 1545 5791 nomine.

2121 5671 2394 5745 Ἀζαρίας.
2430 5673 2644 5748 Reapse
2683 5674 2742 5736 S.
2778 5675 3142 5753 Hieronymus
3169 5680 3276 5738 loc.
3310 5683 3432 5739 cit.:
3462 5676 3592 5739 Otia
