3830 6260
190 342 302 398 873
1325 321 1415 380 DE
1453 322 1666 382 CURIS
1707 321 1995 378 BIBLICIS
2029 321 2319 379 EUSEB".
3252 395 3260 404 _
3340 329 3451 386 87‘

189 462 503 517 litterarum
558 448 777 517 formis,
799 466 921 507 cum
969 448 1126 504 titul‘o
1162 465 1175 501 :
1217 445 1486 517 Ὀνόματα
1516 461 1701 516 προφηι

1937 445 1953 496 ι
1987 440 2148 495 πόθεν
2176 441 2304 505 είσὶ,
2330 441 2425 494 καὶ
2477 440 2579 493 ποῦ
2607 440 2898 508 ἀπέθανον,
2941 444 3034 498 καὶ
3072 443 3188 508 πῶς
3221 446 3316 499 καὶ
3344 446 3449 500 ποῦ

188 558 406 609 κεῖνται
424 569 440 584 ο
478 548 711 603 Nomina
740 546 1132 616 prophetarum,
1163 550 1211 594 et
1233 541 1464 608 ipsorum
1496 538 1706 607 patriar,
1735 546 1784 590 ct
1812 537 2028 588 ubinam
2059 534 2274 597 mortui,
2302 542 2352 586 et
2387 533 2645 602 quomodo
2671 542 2719 588 σι
2747 551 2846 605 quo
2886 536 2999 592 loco
3020 537 3211 603 sepulti
3230 535 3451 602 fuerim,

187 647 396 703 Mirum
437 656 601 716 porro
629 650 715 696 est
745 637 890 708 quod
919 649 1094 705 neque
1143 630 1428 688 Curterius
1457 645 1644 715 neque
1685 627 2122 683 Montl‘auconius
2172 627 2337 681 ullam
2389 627 2553 697 hujus
2603 629 2794 700 scripti
2842 630 3172 686 mentionem
3223 631 3455 689 fecerint

186 707 456 806 (diversa'
473 735 616 789 enim
665 707 794 786 sunt
819 729 1073 804 lemmata
1113 725 1203 779 illa
1241 739 1362 794 quae
1395 707 1561 777 manu
1585 723 1886 777 recentiore
1927 723 2133 793 scripta
2162 721 2602 780 Montlauconius
2647 727 2888 795 neglecta
2928 741 2958 778 a
2992 725 3245 782 Curterio
3273 728 3452 801 dlcit).

183 828 507 898 Caeteroqul
549 825 745 896 legenti
781 823 914 876 mihi
949 819 1092 875 haud
1121 833 1261 887 κει-ο
1317 816 1574 878 innotuit,
1617 815 1716 870 has
1745 832 1868 872 esse
1905 816 2026 872 illas
2067 817 2456 887 prophetarum
2506 816 2681 880 Vitas,
2721 833 2951 888 quarum
3002 819 3200 875 cinnus
3233 822 3453 891 quidam

182 928 456 992 peractus
484 919 583 972 fuit
619 918 674 970 in
713 916 870 970 libris
899 913 1093 977 editis;
1126 919 1241 964 tum
1263 908 1514 963 videlicet
1537 906 1824 978 Epiphanii
1854 909 1908 962 in
1937 909 2173 964 editione
2210 907 2505 962 Petaviana
2535 907 2627 961 Gr.
2657 909 2776 966 Lat.
2803 917 2844 964 t.
2871 909 2935 975 ll,
2969 920 3081 965 tum
3111 913 3166 966 in
3195 913 3457 969 Chronico

176 1011 438 1082 paschali
484 1011 570 1065 ed.
619 1008 821 1071 Paris.,
857 1021 912 1076 p.
952 1004 1053 1058 NG
1107 1018 1296 1072 seqq.:
1328 1015 1639 1071 quanquam
1685 1000 1907 1055 Graecus
1950 1009 2132 1056 textus
2163 1010 2216 1054 et
2249 1001 2304 1054 in
2351 1001 2608 1055 Chronico
2641 1002 2795 1058 valde
2829 1013 2912 1057 est
2966 1006 3281 1070 mendosus,
3315 1015 3368 1062 et
3402 1008 3460 1062 in

177 1104 506 1176 Epiphanio
539 1117 646 1155 non
674 1114 863 1170 parum
894 1097 1086 1151 variat.
1129 1095 1369 1164 Denique
1389 1095 1471 1150 ha:
1501 1093 1638 1148 Vitae
1670 1095 1773 1149 sub
1806 1093 2061 1150 Dorothei
2088 1093 2237 1166 Tyrii
2271 1095 2492 1150 nomine
2512 1103 2726 1150 exstant
2765 1097 2818 1149 in
2843 1095 3196 1166 Lugdunensi
3229 1099 3459 1154 Patrum

177 1197 546 1260 Bibliotheca,
588 1201 629 1247 t.
655 1191 740 1257 Ill,
777 1205 828 1262 p.
866 1189 991 1254 422,
1021 1189 1211 1244 Latine
1260 1187 1659 1242 tantummodo.
1685 1185 1986 1258 Caeteroqui
2033 1187 2236 1242 frustra
2268 1188 2667 1258 {propemodum
2701 1189 2775 1243 ait
2805 1189 3029 1245 Cavaeus
3059 1189 3307 1246 Graecum
3348 1192 3462 1247 Do-

175 1291 373 1344 rothei
401 1296 608 1342 textum
649 1300 770 1340 esse
795 1284 1078 1346 ineditum,
1109 1281 1550 1352 quandoquidem
1581 1282 1636 1335 in
1664 1282 1905 1350 paschali
1935 1282 2195 1337 Chronico
2232 1298 2367 1352 pene
2389 1293 2533 1337 totus
2564 1283 2782 1352 legitur.
2814 1276 2970 1338 Nunc
2998 1292 3222 1354 propter
3250 1285 3461 1342 codici.

174 1380 451 1436 Vaticani
505 1378 884 1449 antiquitatem
935 1391 997 1431 ac
1027 1377 1347 1439 bonitatem,
1375 1374 1522 1430 haud
1550 1376 1666 1430 scio
1696 1392 1764 1431 an
1806 1377 1995 1447 scripti
2048 1377 2213 1446 hujus
2254 1391 2392 1431 nova
2422 1376 2590 1432 editio
2638 1377 2938 1447 meliorque
2996 1378 3289 1448 aliquando
3342 1396 3464 1435 mo-

174 1473 376 1530 lienda
420 1474 508 1529 sit.
546 1471 804 1540 Exemplo
831 1470 1123 1541 gustuique
1149 1468 1220 1524 sit
1259 1468 1500 1522 narratio
1530 1468 1919 1523 miraculorum
1955 1468 2155 1533 Elistei,
2185 1485 2306 1540 qua:
2331 1469 2483 1524 deest
2523 1469 2578 1522 in
2613 1467 2871 1524 Chronico
2899 1487 2951 1541 p.
2987 1470 3112 1535 161,
3150 1471 3243 1525 ubi
3280 1471 3462 1528 brevis

173 1569 443 1639 ejusdem
474 1567 598 1623 Vita
631 1569 845 1637 legitur,
879 1562 1039 1636 prout
1068 1567 1123 1620 in
1147 1566 1338 1620 codice
1372 1573 1563 1620 nostro
1588 1574 1694 1630 est,
1728 1566 1824 1620 sed
1853 1567 2060 1636 reliqua
2093 1581 2201 1620 non
2225 1567 2373 1629 item,
2399 1580 2519 1636 qua:
2542 1573 2668 1619 sunt
2697 1566 2750 1618 in
2775 1565 2966 1621 codice
2988 1565 3083 1620 fol.
3114 1565 3202 1630 10,
3231 1567 3316 1632 il,
3343 1569 3423 1623 sic
3445 1587 3459 1600 '

173 1662 261 1715 Τὰ
298 1663 362 1714 δὲ
393 1663 594 1731 σημεῖα
619 1659 653 1712 ἃ
685 1659 959 1728 ἐποίησεν,
987 1657 1093 1710 εἰσι
1113 1656 1304 1710 ταῦτα.
1348 1656 1616 1720 Ἐπάταξε
1638 1657 1731 1710 καὶ
1759 1658 1920 1720 αὐτὸς
1960 1657 2051 1709 τὸν
2102 1657 2370 1728 Ἰορδάνην
2401 1659 2467 1727 τῇ
2510 1655 2728 1726 μηλωτῇ
2761 1658 2826 1727 τῇ
2870 1655 3071 1719 Ἠλιοῦ,
3103 1657 3199 1710 καὶ
3237 1657 3463 1731 διῃρέθη

170 1753 235 1807 τὸ
279 1752 456 1824 ὕδωρ,
499 1752 592 1804 καὶ
611 1750 761 1822 διέϐη
791 1751 883 1804 καὶ
909 1748 1070 1813 αὐτὸς
1100 1747 1249 1820 ξηρῷ
1280 1747 1358 1820 τῷ
1387 1749 1526 1802 ποδί.
1561 1749 1639 1803 Τὰ
1666 1749 1836 1804 ὕδατα
1877 1751 1934 1802 ἐν
1987 1749 2195 1822 ’ῐεριχὼ
2225 1750 2436 1822 πονηρὰ
2464 1743 2530 1820 ἦν
2569 1750 2660 1803 καὶ
2702 1749 2901 1818 ἀγοναο
2932 1749 3025 1804 καὶ
3049 1749 3286 1814 ἀκούσας
3311 1755 3464 1824 παρὰ

167 1845 291 1898 τῶν
323 1844 431 1915 τῆς
450 1844 675 1907 πόλεως,
693 1842 1061 1896 ἐπεκαλέσατο
1087 1841 1180 1894 τὸν
1202 1843 1356 1905 Θεὸν,
1379 1843 1473 1896 καὶ
1501 1838 1672 1898 εἶπενο
1700 1862 1718 1896 ι
1747 1845 1934 1916 Ἴαμαι
1966 1845 2035 1899 τὰ
2062 1845 2226 1900 ῦδατα
2253 1844 2445 1908 ταῦτα,
2475 1843 2568 1897 καὶ⁹
2582 1845 2682 1897 οὐκ
2715 1843 2864 1897 ἔσται
2891 1844 2970 1897 ἔτι
2997 1845 3206 1898 ἐκεῖθεν
3235 1845 3462 1912 Θάνατος

169 1938 275 1990 καὶ
297 1934 696 2005 ἀτεκνουμένη·
724 1953 742 1986 ι
767 1933 861 1988 καὶ
880 1933 1107 2004 ίάθησαν
1133 1933 1204 1987 τά
1231 1932 1398 1987 ὕδατα
1411 1933 1515 1998 ἕως
1539 1935 1640 2004 τῆς
1666 1935 1883 2008 ἡμέρας
1907 1937 2126 2008 ταύτης.
2146 1936 2356 1990 Παίδων
2373 1935 2747 1990 ἀτακτούντων
2776 1935 2894 1988 κατ’
2921 1935 3085 1989 αὑτοῦ
3117 1938 3461 2009 κατηράσατο

168 2031 229 2083 ἐν
263 2031 486 2093 αὐτοῖς,
504 2031 596 2083 καὶ
622 2028 933 2093 ἐξελθοῦσαι
957 2027 1050 2081 δύο
1077 2029 1268 2100 ἀρκτοι
1297 2027 1596 2101 ὲνὲῤῥηξαν
1613 2027 1671 2094 ἐξ
1697 2028 1874 2082 αὐτῶν
1907 2030 2015 2101 μϐ’.
2048 2030 2190 2102 Γυνὴ
2227 2030 2506 2101 προφήτου
2535 2027 2953 2101 τελευτήσαντος
2983 2029 3282 2101 ὀχλουμένη
3316 2032 3465 2102 παρά

166 2123 508 2189 δανειστῶν,
526 2123 704 2195 καὶμὴ
734 2123 932 2192 ἔχουσα
958 2123 1268 2187 ἀποδοῦναι,
1301 2121 1574 2194 προσῆλθε
1596 2122 1674 2193 τῷ
1721 2122 1989 2194 Ἐλισαίῳ,
2025 2124 2118 2176 καὶ
2151 2122 2452 2176 ἐνετείλατο
2477 2123 2613 2194 αὐτῇ
2649 2125 2968 2192 συναγαγεῖν
2994 2121 3161 2190 ἀγγία
3183 2121 3344 2175 καινά
3365 2123 3465 2176 ὃσα

165 2217 440 2282 δύναται,
478 2215 569 2268 καὶ
601 2215 662 2267 τὸ
685 2214 807 2286 ἔχον
828 2215 1101 2282 ὀλιγοστὸν
1125 2215 1300 2268 ἔλαιον
1329 2213 1584 2268 ἐκκενοῦν
1607 2217 1686 2277 εἰς
1714 2213 1854 2268 αὐτά
1879 2215 1982 2278 ἕως
2009 2213 2220 2285 ἀποσχῇ
2251 2213 2318 2268 τά
2349 2213 2535 2282 ἀγγία,
2571 2214 2663 2266 καὶ
2689 2213 2848 2266 τοῦτο
2883 2215 3154 2284 ποιήσασα
3177 2213 3464 2284 ἐπλήρωσε

164 2308 238 2361 τά
283 2307 492 2376 ἀγγία,
520 2307 614 2360 καὶ
652 2306 957 2360 ἀποδέδωκε
998 2309 1110 2371 τοῖς
1138 2304 1460 2367 δανεισταῖς,
1487 2307 1582 2361 καὶ
1613 2306 1673 2361 τὸ
1712 2307 2036 2380 περισσεῦον
2077 2309 2232 2379 ἔσχεν
2278 2309 2358 2371 είς
2399 2303 2692 2379 διατροφὴν
2724 2307 2832 2385 τῶν
2873 2306 3098 2361 παίδων.
3134 2303 3228 2370 Εἰς
3251 2307 3465 2379 Σουμᾶν

166 2398 449 2454 ἀπελθὼν
479 2399 656 2470 ἔμεινε
696 2399 846 2471 παρά
872 2415 978 2452 τινι
1009 2399 1250 2468 γυναικὶ,
1282 2398 1377 2452 καὶ
1421 2399 1497 2472 μὴ
1539 2399 1800 2453 ποιοῦσαν
1853 2400 2023 2471 αὐτὴν
2056 2392 2289 2465 παιδίον,
2321 2398 2691 2470 ἐπιθυμοῦσαν
2735 2399 2792 2452 δὲ
2837 2401 3004 2470 σχεῖν,
3043 2397 3336 2469 εὐξάμενος
3365 2415 3462 2452 πε-

165 2493 390 2565 ποίηκε
421 2490 704 2544 συλλαϐεῖν
733 2491 826 2544 καὶ
855 2493 1034 2544 τεκεῖν
1055 2508 1068 2521 ·
1101 2487 1220 2544 εἶτα
1247 2487 1586 2545 ἀποθανόντα
1626 2489 1716 2544 τὸν
1757 2491 1943 2556 παῖδα,
1983 2491 2275 2562 εὐξάμενος
2313 2490 2472 2544 πάλιν
2497 2490 2714 2562 ἤγειρεν
2747 2490 2810 2542 ὲκ
2838 2490 3066 2561 νεκρῶν.
3097 2490 3191 2552 Εἰς
3215 2489 3466 2559 Γάλγαλα

165 2584 360 2638 ἐλθὼν
395 2583 643 2655 κατήχθη
670 2599 743 2637 πα
754 2583 821 2652 ρὰ
842 2586 953 2647 τοῖς
975 2583 1111 2647 υἱοῖς
1124 2581 1230 2634 τῶν
1249 2582 1561 2655 προφητῶν,
1586 2585 1679 2638 καὶ
1695 2569 1978 2654 ἐψεθέντος
2002 2583 2366 2656 προσφαγίου,
2393 2583 2487 2636 καὶ
2509 2582 2801 2652 θανατικῆς
2831 2581 3060 2653 βοτάνης
3082 2581 3462 2652 συνεψεθείσης

163 2675 245 2747 τῷ
282 2675 648 2748 προσφαγίῳ,
678 2675 770 2728 καὶ
794 2677 926 2747 παρ’
953 2674 1130 2744 ὀλίγον
1167 2675 1581 2730 κινδυνευόντων
1607 2675 1842 2741 πάντων,
1867 2677 2164 2747 πεποίηκεν
2193 2677 2425 2741 ἀϐλαϐὲς
2465 2677 2559 2730 καὶ
2584 2677 2680 2746 ἡδὺ
2713 2675 2774 2729 τὸ
2801 2676 3014 2748 βρῶμα.
3048 2677 3168 2730 Τῶν
3202 2677 3332 2730 υἱῶν
3354 2678 3462 2730 τῶν

164 2767 496 2839 προφητῶν
523 2768 825 2820 κοπτόντων
851 2765 982 2834 ξύλα
1011 2767 1162 2839 παρά
1181 2767 1271 2821 τὸν
1313 2768 1600 2839 Ἰορδάνην,
1635 2767 1858 2833 ἐξέπεσε
1890 2769 1952 2822 τὸ
1986 2769 2246 2842 δρέπανον
2267 2769 2360 2823 καὶ
2390 2768 2782 2840 κατεποντίσθη
2803 2769 2872 2855 ’.ὁ
2911 2769 2968 2822 δὲ
3010 2763 3273 2832 Ἐλισαῖος
3311 2771 3465 2840 εὐχό-

164 2877 352 2930 μενος
395 2859 696 2928 πεποίηκεν
719 2860 1044 2914 ἐπιπολᾶσαι
1073 2861 1134 2914 τὸ
1165 2861 1450 2932 δρέπανον.
1479 2862 1677 2932 Ναμᾶν
1705 2864 1733 2915 ὁ
1766 2861 1938 2935 Σύρος
1962 2862 2028 2915 δι’
2053 2862 2220 2916 αὑτοῦ
2249 2861 2584 2934 ἐκαθαρίσθη
2609 2865 2629 2893 ²
2657 2861 2764 2914 ἀπὸ
2792 2863 2888 2932 τῆς
2909 2861 3114 2932 λέπρας
3167 2863 3270 2914 Τὸν
3299 2862 3464 2916 παῖδα

161 2952 356 3007 αὑτοῦ
399 2952 663 3016 Ἐλισαῖος
685 2953 972 3025 λεγόμενον
998 2954 1194 3019 Γιεζεὶ,
1224 2954 1521 3008 ἀπελθόντα
1544 2955 1728 3025 κρυφᾶ
1757 2955 1910 3027 παρά
1928 2941 2152 3026 γνώμην
2181 2953 2500 3026 αὑτοῦξπρὸς
2525 2954 2723 3021 Ναμᾶν
2743 2953 2835 3006 καὶ
2857 2955 3155 3024 αἰτήσαντα
3182 2955 3464 3026 ἀργύριον,

162 3043 310 3099 ῦστε
320 3061 426 3117 ρον
456 3043 674 3099 ἐλθόντα
715 3047 807 3100 καὶ
839 3034 1170 3118 ἀρνούμενον
1207 3047 1397 3118 ἤλεγξε
1424 3049 1517 3102 καὶ
1551 3048 1901 3120 κατηράσατο
1933 3049 2116 3115 αὑτὸν,
2142 3049 2236 3103 καὶ
2284 3047 2475 3118 γέγονε
2505 3048 2704 3119 λεπρός
2725 3063 2739 3078 ο
2773 3046 3031 3117 βασιλέως
3063 3042 3262 3120 Συρίας
3306 3046 3463 3101 πολε-

164 3137 428 3210 μοῦντος
450 3135 541 3190 τὸν
583 3137 816 3210 Ἰσραὴλ,
849 3139 1179 3209 ήσφαλίζετο
1213 3139 1303 3192 τὸν
1336 3139 1560 3210 βασιλέα
1599 3140 1816 3212 Ἰσραὴλ
1843 3129 2198 3209 ἀπαγγέλλων
2242 3139 2390 3210 αὐτῷ
2417 3139 2514 3203 τὰς
2543 3138 2762 3209 σκέψεις
2785 3139 2880 3193 τοῦ
2919 3137 3114 3210 ἐχθροῦ
3133 3153 3146 3169 °
3176 3138 3332 3192 τοῦτο
3363 3155 3467 3209 μαά

163 3231 283 3285 θὼν
317 3232 354 3283 ὁ
386 3229 643 3299 βασιλεὺς
673 3228 869 3301 Συρίας
899 3231 1106 3302 πέμπει
1135 3231 1363 3303 δύναμιν
1386 3233 1613 3302 ἀγαγεῖν
1639 3231 1730 3284 τὸν
1755 3232 2069 3305 προφήτην·
2098 3233 2126 3285 ὁ
2153 3232 2209 3286 δὲ
2229 3231 2524 3302 εὐξάμενος
2568 3230 2864 3301 πεποίηκεν
2902 3229 3100 3293 αὐτοὺς
3125 3228 3466 3300 παταχθῆναι

161 3320 456 3394 ἀορασίᾳ,
483 3322 576 3375 καὶ
599 3324 884 3393 ἀπήγαγεν
906 3324 985 3386 είς
1011 3323 1323 3396 Σαμάρειαν
1354 3324 1504 3395 παρά
1523 3325 1649 3388 τοὺς
1671 3325 1919 3397 ἐχθροὺς,
1960 3325 2215 3389 ἀϐλαϐεῖς
2240 3343 2298 3379 τε
2331 3325 2527 3388 αὐτοὺς
2587 3324 2826 3393 φυλάξας
2855 3322 3079 3378 διέσωσε
3111 3323 3205 3376 καὶ
3236 3321 3462 3394 ἐθρεψεο

160 3417 350 3471 τοῦτο
375 3413 568 3484 μαθὼν
602 3417 631 3468 ὁ
652 3416 904 3488 βασιλεὺς
926 3418 1126 3489 Συρίας
1155 3419 1432 3472 ἐπαύσατο
1452 3416 1548 3473 τοῦ
1585 3419 1856 3490 πολεμεῖν.
1877 3418 2034 3472 Μετά
2063 3418 2291 3473 θάνατον
2333 3417 2600 3472 Ἐλισαίου
2632 3414 2918 3473 ἀποθανών
2945 3432 3030 3479 τις
3069 3416 3164 3469 καὶ
3195 3414 3467 3486 θαπτόμει

161 3525 257 3573 νος
284 3505 513 3579 ἐρρίφη
545 3507 637 3561 ἐπὶ
659 3508 726 3563 τὰ
745 3507 876 3564 ὀστᾶ
901 3508 1088 3576 αὑτοῦ,
1113 3510 1206 3564 καὶ
1233 3509 1393 3580 μόνον
1415 3509 1492 3574 ὡς
1515 3509 1692 3581 ἥψατο
1717 3511 1823 3566 τῶν
1845 3511 2018 3566 ὀστῶν
2041 3509 2136 3564 τοῦ
2179 3509 2466 3575 Ἐλισαίου,
2499 3511 2528 3563 ό
2548 3507 2742 3579 νεκρὸς
2770 3506 2930 3572 εὐθὺς
2955 3506 3234 3579 ἀνέζησεν.

239 3693 265 3728 ³
302 3674 488 3758 ϐοά..
519 3691 870 3764 ἐκαθερίσθη.

483 5821 763 5884 Parnm.
797 5820 886 5882 Gn
901 5866 916 5881 .
950 5817 1150 5883 XX“.

3019 5789 3103 5852 28
