3830 6260
190 376 278 432 επ
748 371 1213 442 QUIESTIONES
1251 366 1702 426 EVANGELICA

1886 368 2330 428 STEPHANUM.
2370 401 2439 412 -—
2477 367 2817 431 MONITUM.
3291 377 3395 433 878

188 550 2197 585 ω

2207 548 3393 581 ἓξὲξ-τέω

2142 565 2232 575 ἢ

811 722 989 835 DE
1067 700 1867 837 NOMINIBUS
1946 723 2752 836 HEBRAICIS.

550 939 681 996 Vide
704 940 1024 1011 Patrologiaz
1048 938 1256 1022 Latina
1281 949 1407 996 tom.
1436 939 1634 1007 XXIII,
1656 940 1884 1010 Operum
1918 939 1978 996 S.
2012 939 2324 1013 Hieronymi
2352 951 2480 997 tom.
2505 940 2593 1009 Ill,
2620 944 2722 998 col.
2754 942 3008 1000 121—190.

478 1228 1496 1408 ΩΠΑΞΞΤΙΟΝ
1502 1227 1733 1384 ES
1821 1234 1990 1381 E‘

1573 1227 1733 1384 ES
1821 1234 3085 1396 EVANGELICZE

1103 1495 1320 1560 (Angelo
1340 1495 1459 1558 Mn,
1494 1493 1720 1547 Biblioth.
1745 1509 1867 1547 nova
1889 1497 2116 1561 Patrum,
2143 1497 2229 1561 IV,
2252 1512 2302 1562 p.
2326 1498 2460 1565 217.)

196 1088 3393 1138 W

1133 1728 1717 1826 EDITORIS
1754 1668 2415 1824 'MONI'I‘UM.

239 2002 340 2060 Cur
372 2003 654 2068 Eusebius,
683 2003 758 2058 rei
798 2001 1118 2059 Christiana:
1147 2001 1394 2073 defensor
1447 2004 1737 2058 acerrimus
1764 2044 1780 2069 ,
1832 2018 1959 2070 opus
2008 1999 2106 2054 hoc
2144 1998 2477 2055 scribendum
2502 2004 2786 2072 susceperit
2814 2042 2828 2066 ,
2864 2017 3085 2058 causam
3140 2004 3296 2075 facile
3327 2016 3408 2060 est

177 2097 424 2159 divinare,
453 2097 584 2164 quia
617 2095 798 2149 multa:
841 2105 1123 2149 occurrunt
1155 2111 1337 2165 reapse
1367 2096 1508 2165 apud
1556 2095 1906 2165 evangeltstas
1940 2095 2221 2148 varietates
2240 2133 2255 2158 ,
2294 2093 2483 2164 quibus
2514 2095 2709 2150 ethnici
2738 2097 2815 2151 vel
2854 2097 3086 2151 hwrctici
3112 2098 3407 2153 abuteban-

180 2202 270 2258 tur,
302 2202 356 2246 ut
386 2192 687 2246 divinorum
734 2191 990 2246 librorum
1019 2192 1291 2245 veritatem
1322 2202 1590 2261 negarent.
1633 2190 1769 2245 Hinc
1832 2199 1907 2244 tot
1965 2190 2256 2244 harmonia:
2284 2191 2595 2261 evangelica:
2638 2191 2757 2261 jam
2818 2193 2938 2247 inde
2965 2212 2998 2246 a
3029 2193 3248 2248 Tatiani
3281 2186 3409 2266 Syri

180 2286 471 2356 temporibus
495 2304 665 2357 usque
693 2286 763 2341 ad
786 2296 968 2341 nostra
984 2296 1320 2340 constructre.
1356 2285 1474 2355 Ipse
1504 2286 1757 2340 Eusebius
1775 2286 1870 2339 sub
1888 2287 2054 2340 initiis
2078 2302 2279 2357 quoque
2301 2284 2558 2341 Historiae
2587 2304 2697 2341 sua:
2729 2287 3127 2346 Ecclesiasticaa
3156 2291 3248 2345 lib.
3274 2306 3317 2353 ι,
3352 2295 3408 2358 7,

186 2382 455 2434 necessario
501 2380 974 2435 demonstrandam
1012 2380 1211 2449 putavit
1269 2378 1671 2450 Evangeliorum
1720 2379 1858 2433 inter
1911 2397 1966 2434 se
2024 2380 2446 2443 consensionem,
2486 2378 2623 2449 quod
2642 2388 2692 2434 et
2716 2379 2862 2449 fecit,
2890 2382 3049 2439 citato
3074 2386 3411 2459 etiamAfri-

179 2472 284 2525 cani
307 2473 533 2541 exemplo
562 2474 619 2527 in
654 2474 842 2527 litteris
866 2471 934 2526 ad
962 2472 1249 2527 Aristidem
1271 2472 1335 2526 de
1367 2473 1810 2543 evangelistarum
1840 2474 1896 2527 in
1934 2472 2209 2528 narranda
2247 2472 2447 2528 Christi
2475 2473 2779 2544 genealogia
2808 2491 3081 2535 consensu.
3109 2476 3233 2533 lam
3255 2480 3413 2551 quale

181 2563 317 2632 fuerit
336 2566 436 2630 hoc
482 2566 699 2621 Eusebii
729 2565 793 2620 de
831 2565 1238 2636 Evangeliorum
1287 2565 1575 2635 diaphonia
1625 2583 1716 2620 seu
1750 2564 2106 2633 discrepantia
2133 2563 2512 2635 (concilianda)
2543 2580 2693 2633 opus,
2725 2564 2872 2619 docet
2902 2568 3201 2622 authentico
3254 2574 3405 2626 testi-

180 2658 334 2709 monio
360 2667 543 2711 auctor
573 2659 627 2710 in
656 2657 1068 2728 prtefatiuncula
1097 2655 1165 2710 ad
1188 2653 1481 2709 Marinum.
1519 2674 1536 2704 ι
1558 2653 1939 2725 Ambignarum
1964 2656 2311 2725 qua-stionum
2346 2670 2408 2706 ac
2430 2654 2776 2717 solutionum,
2803 2671 2919 2724 qute
2948 2657 3089 2711 circa
3111 2658 3411 2715 divinorum

182 2742 559 2817 Evangeliorum
584 2749 737 2801 initia
766 2757 1069 2811 occurrunt,
1094 2764 1212 2799 cum
1226 2746 1344 2817 jam
1368 2745 1501 2800 duos
1535 2746 1838 2815 scripserim
1865 2744 2051 2808 libros,
2084 2746 2229 2821 venio
2250 2762 2408 2803 nunc.
2443 2746 2627 2798 mediis
2662 2748 3032 2812 pratermissis
3067 2750 3138 2802 ad
3177 2760 3413 2806 extrema

178 2849 280 2901 qute
304 2854 496 2907 semper
530 2837 674 2905 apud
722 2854 899 2891 omnes
950 2845 1283 2890 controversa
1336 2836 1571 2905 fuerunt.
1618 2854 1637 2886 ο
1679 2833 1891 2889 Priores
1928 2845 2103 2889 autem
2148 2834 2252 2887 duo
2282 2834 2402 2888 libri
2442 2836 2626 2904 scripti
2658 2848 2809 2891 erant
2844 2838 2913 2892 ad
2965 2840 3317 2912 Stephanum;
3352 2860 3413 2897 ιιι

179 2928 324 2983 codex
357 2932 645 2988 Vaticanus
671 2932 1022 2994 demonstrat,
1059 2933 1243 2985 tertius
1276 2932 1344 2985 ad
1372 2930 1665 2985 Marinum.
1720 2929 1861 3002 Ergo
1896 2930 2151 2986 Eusebius
2182 2932 2496 3001 qutestiones
2525 2933 2894 2987 tantummodo
2933 2937 3075 2990 circa
3104 2939 3314 2993 initium
3362 2949 3417 2994 et

182 3022 319 3091 ﬁnem
350 3025 755 3098 Evangeliorum
789 3027 1001 3081 obortas
1052 3036 1393 3087 tractaverat,
1426 3026 1612 3080 mediis
1642 3027 1847 3081 cunctis
1880 3026 2133 3089 omissis;
2167 3043 2299 3097 quas
2322 3026 2504 3081 deinde
2555 3044 2732 3082 omnes
2766 3032 3135 3097 operosissima
3160 3034 3414 3089 lucubrae

183 3118 302 3173 tione
336 3100 401 3174 ἀθ
447 3137 709 3174 consensu
737 3120 1175 3190 evangelistarum
1200 3119 1498 3185 complexus
1528 3128 1606 3171 est
1643 3127 1858 3171 sanctus
1890 3118 2216 3188 Augustinus
2238 3158 2249 3179 ,
2306 3118 2397 3187 qui
2451 3117 2580 3172 dicti
2619 3121 2790 3187 operis
2835 3119 2986 3174 libris
3044 3138 3107 3186 ιι,
3143 3139 3200 3177 Ill
3232 3133 3283 3178 et
3337 3141 3414 3191 Iv,

181 3208 499 3276 difﬁcultates
527 3210 795 3279 plurimas
824 3226 915 3280 per
952 3219 1118 3263 totum
1149 3208 1593 3277 evangelistarum
1623 3218 1925 3262 contextum
1953 3224 2049 3276 pro
2081 3225 2177 3262 suo
2208 3210 2405 3277 ingenii
2437 3211 2679 3264 acumine
2713 3211 3024 3266 enucleavit.
3059 3212 3127 3266 Et
3156 3216 3364 3285 quidem
3392 3255 3409 3279 ,

182 3300 303 3369 quod
330 3302 449 3371 jure
474 3304 647 3357 miror
678 3301 950 3373 (quodque
978 3318 1121 3370 spem
1147 3300 1533 3370 quodammodo
1575 3299 1693 3363 alit,
1720 3315 1989 3367 superesse
2014 3301 2216 3353 alicubi
2258 3315 2385 3367 opus
2414 3299 2629 3355 Eusebii
2659 3302 2887 3370 fortasse
2916 3305 3173 3376 integrum
3199 3349 3216 3371 ,
3260 3308 3418 3370 cuius

185 3397 374 3451 nonnisi
401 3397 772 3466 compendium
801 3396 888 3448 hic
906 3394 1209 3448 exhibemus
1229 3398 1265 3453 i,
1287 3391 1511 3446 Latinus
1538 3391 1784 3445 Latinius
1813 3390 2003 3459 0pp.t.
2028 3389 2112 3453 ΙΙ,
2140 3408 2192 3460 p.
2226 3390 2349 3453 116,
2367 3393 2443 3445 sic
2472 3392 2541 3444 ad
2561 3394 2826 3446 Andream
2858 3394 3091 3450 Masium
3118 3401 3375 3456 scribebat
3398 3414 3420 3453 :

188 3508 205 3541 t
245 3488 456 3546 Sirletus
488 3489 855 3562 (cardinalis)
887 3490 1022 3542 scire
1078 3496 1125 3540 te
1176 3487 1317 3545 vult.
1369 3487 1424 3538 in
1480 3485 1669 3540 Sicilia
1712 3486 1945 3539 inventos
1975 3500 2087 3538 esse
2118 3484 2281 3538 libros
2327 3494 2430 3538 tres
2464 3484 2681 3538 Eusebii
2708 3487 3051 3542 Crvsariensis
3081 3489 3148 3543 de
3182 3490 3422 3563 Evange-

185 3584 357 3637 liorum
392 3584 705 3654 diaphonia,
730 3583 820 3652 qui
850 3591 906 3634 ut
928 3582 1035 3649 ipse
1065 3590 1236 3647 sperat
1273 3580 1411 3631 brevi
1450 3579 1501 3630 in
1522 3579 1687 3630 lucem
1718 3576 1958 3630 edentur.
1992 3595 2011 3627 ι
2048 3576 2174 3630 Tres
2201 3593 2323 3646 ergo
2341 3576 2459 3645 jant
2486 3587 2595 3629 tum
2625 3577 2938 3632 dicebantur
2958 3579 3012 3632 hi
3037 3581 3250 3637 Eusebii
3276 3584 3419 3656 libri,

184 3688 234 3730 ut
260 3679 390 3747 apud
418 3697 512 3734 nos
536 3688 720 3749 postea
744 3680 798 3729 in
826 3676 1042 3745 prologo
1072 3674 1140 3728 ad
1173 3673 1444 3727 Marinum
1470 3672 1735 3738 apparuit.
1782 3670 1893 3725 Nec
1930 3688 2044 3724 vero
2069 3671 2346 3742 quisquam
2375 3671 2605 3725 codicem
2635 3682 2875 3727 nostrum
2899 3690 2966 3728 ea:
2984 3674 3173 3731 Sicilia
3196 3679 3422 3736 allatum

189 3770 386 3826 Romam
408 3781 585 3839 putet;
617 3779 695 3823 est
732 3769 869 3821 enim
898 3767 944 3820 is
974 3782 1110 3818 unus
1131 3767 1195 3819 de
1236 3763 1500 3816 Palatinis
1534 3761 2085 3833 Heidelbergensibus,
2139 3772 2196 3813 ut
2226 3761 2341 3831 ejus
2374 3762 2649 3833 inscriptio
2694 3763 3043 3833 demonstrat,
3081 3785 3280 3824 necnon
3311 3771 3424 3827 Sil-

189 3863 340 3933 burgii
366 3866 654 3933 impressus
684 3861 881 3915 σταται
907 3860 1051 3913 illius
1100 3856 1422 3910 bibliotheca:
1450 3854 1749 3924 catalogus,
1777 3854 1866 3924 qui
1906 3862 2026 3907 ante
2054 3862 2265 3921 captam
2301 3852 2701 3926 Heidelbergam
2744 3864 2791 3910 tr
2804 3855 3134 3926 wslatosque
3165 3860 3285 3915 illos
3323 3860 3425 3916 lio-

189 3969 313 4006 mam
339 3955 537 4010 codices
565 3958 832 4023 con,’ectus
862 3953 983 4007 fuit.
1016 3951 1169 4017 Quod
1201 3951 1248 4003 si
1269 3949 1566 4019 Silburgius
1591 3964 1694 4000 non
1724 3956 1827 4000 tres
1860 3946 1990 3999 dicit
2016 3946 2201 4010 libros,
2229 3946 2320 4000 sed
2349 3948 2501 4012 duos,
2526 3948 2583 4001 id
2611 3949 2749 4004 brevi
2773 3950 3183 4009 hallucinatione
3204 3955 3421 4019 accidit,

186 4048 297 4111 quia
325 4065 501 4119 nempe
532 4050 671 4103 duas
712 4059 914 4102 tantum
945 4048 1115 4115 operis
1144 4046 1400 4099 sectiones
1440 4042 1646 4097 videbat
1684 4043 1741 4096 in
1768 4040 1969 4125 codice,
2002 4041 2071 4096 ad
2105 4042 2428 4113 Stephanum
2456 4052 2507 4097 et
2534 4044 2604 4098 ad
2644 4044 2936 4114 Marinum,
2965 4050 3117 4120 cujus
3145 4063 3425 4123 postrema:

185 4146 471 4209 prooemium
504 4162 612 4200 non
641 4146 783 4216 legit.

250 4236 377 4291 Mihi
404 4241 458 4294 in
490 4239 672 4294 codice
716 4238 833 4292 Vat.
884 4236 1061 4292 Palat.
1112 4234 1265 4291 CXX
1312 4234 1687 4305 pulcherrimo.
1729 4234 1913 4289 saeculi
1967 4233 2127 4304 ferme
2160 4250 2226 4300 ι,
2285 4233 2451 4287 trium
2486 4235 2864 4304 pradictorum
2914 4237 3171 4294 librorum
3199 4242 3426 4311 epitome

186 4337 435 4396 comperta
466 4338 579 4395 est,
623 4338 679 4382 ut
728 4329 918 4382 diserte
967 4328 1275 4382 inscribitur
1327 4328 1557 4397 Ἐκλογὴ
1597 4327 1657 4378 ἐν
1688 4325 1941 4397 συντόμῳ
1972 4367 1986 4388 ,
2021 4337 2123 4381 etc.
2147 4366 2161 4388 ς
2215 4340 2373 4396 prout
2402 4342 2469 4381 ex
2513 4330 2691 4382 codice
2727 4331 2783 4382 in
2823 4330 3036 4384 titulum
3078 4331 3201 4385 libri
3229 4333 3329 4386 ntei
3355 4332 3425 4385 ad

187 4418 380 4472 verbum
408 4422 702 4474 transtuli:
730 4422 780 4473 in
809 4421 930 4475 aliis
967 4438 1083 4475 vero
1130 4420 1400 4475 Vaticanis
1434 4432 1741 4475 catenarum
1773 4420 2042 4474 codicibus
2080 4430 2258 4489 partes
2312 4422 2473 4475 etiam
2508 4422 2697 4494 integri
2720 4423 2891 4492 operis
2922 4433 3107 4477 nactus
3132 4441 3269 4489 sum,
3292 4440 3424 4494 quas

186 4518 293 4575 post
337 4513 596 4581 epitomen
632 4512 880 4566 recitabo.
939 4512 1098 4566 Nunc
1141 4515 1312 4583 operis
1355 4529 1446 4582 per
1486 4512 1872 4583 se'certissimi
1928 4522 2081 4565 testes
2131 4511 2472 4566 nihilominus
2502 4523 2698 4568 veteres
2747 4513 3033 4583 producere
3076 4531 3281 4586 (equum
3323 4525 3423 4571 est.

187 4600 236 4654 i.
273 4602 511 4675 Namque
548 4604 807 4658 Eusebius
836 4605 1143 4658 Demonslr.
1178 4606 1381 4674 Evang.
1425 4604 1517 4657 lib.
1559 4620 1667 4665 vn,

1915 4618 1932 4655 :
1961 4603 2077 4656 Τίνι
2104 4602 2161 4655 δὲ
2186 4602 2326 4673 λόγῳ
2374 4605 2466 4658 τὸν
2488 4604 2703 4675 ’Ἰωσὴφ
2746 4605 3157 4674 γενεαλογοῦσιν
3196 4608 3245 4659 ol
3290 4606 3427 4678 ἱεροὶ

188 4693 582 4765 εὐαγγελισταὶ,
646 4700 847 4770 καίπερ
894 4699 966 4768 μὴ
1000 4698 1151 4761 ὄντος
1182 4697 1278 4750 τοῦ
1331 4697 1584 4768 Σωτῆρος
1625 4695 1780 4768 ἡμῶν
1814 4696 1873 4763 ἐξ
1903 4695 2089 4761 αὑτοῦ,
2125 4694 2237 4749 ἀλλ’
2290 4695 2351 4760 ἐξ
2405 4695 2563 4764 ἁγίου
2595 4695 2911 4766 Πνεύματος
2968 4697 3062 4750 καὶ
3117 4696 3217 4767 τῆς
3263 4697 3424 4765 ἁγίας

186 4785 469 4859 Παρθένου,
500 4793 650 4855 ὅπως
674 4810 734 4845 τε
756 4794 849 4845 καὶ
884 4791 1021 4860 αὕτη
1063 4794 1096 4863 ή
1134 4791 1228 4845 τοῦ
1267 4792 1470 4862 Κυρίου
1510 4792 1706 4862 Μήτηρ
1739 4789 1846 4843 ἀπὸ
1883 4790 2072 4859 γένους
2102 4789 2197 4843 καὶ
2228 4787 2541 4859 σπέρματος
2572 4787 2947 4842 ἀποδείκνυται
2980 4784 3117 4842 εἶναι
3149 4788 3331 4853 Δαϐὶδ,
3365 4790 3426 4843 ἐν

187 4878 259 4950 τῷ
281 4882 477 4953 πρώτῳ
503 4885 614 4937 τῶν
642 4888 721 4947 εἰς
756 4887 852 4957 τὴν
887 4884 1234 4953 γενεαλογίαν
1254 4882 1349 4937 τοῦ
1375 4884 1625 4953 Σωτῆρος
1649 4881 1806 4952 ἡμῶν
1836 4881 2178 4951 ζητημάτων
2208 4881 2306 4934 καὶ
2329 4882 2571 4935 λύσεων
2596 4880 2950 4952 διειληφότες,
2980 4881 3067 4933 ἐπ’
3093 4882 3272 4934 ἐκεῖνα
3299 4880 3425 4942 τοὺς

189 4969 492 5043 φιλομαθεῖς
511 4976 935 5046 ἀπεπέμπομεν.
973 4993 991 5024 ι
1034 4974 1145 5031 Cur
1176 4973 1393 5043 Iosephi
1422 4990 1582 5045 genus
1620 4990 1701 5026 sat

1911 4974 2126 5044 igelistte
2154 4971 2456 5026 describant
2481 5012 2498 5037 ,
2517 4973 2754 5042 quamvis
2787 4971 3036 5027 Servator
3065 4983 3240 5027 noster
3265 4987 3331 5027 ex
3359 4987 3423 5027 ea

188 5071 334 5116 natus
360 5080 464 5117 non
490 5067 586 5129 sit,
616 5068 705 5120 sed
729 5067 793 5121 de
831 5067 1036 5136 Spiritu
1074 5077 1256 5121 sancto
1286 5076 1337 5120 et
1374 5076 1562 5119 sancta
1592 5064 1841 5135 Virgine;
1872 5081 2032 5135 quove
2062 5064 2217 5119 modo
2248 5064 2367 5134 ipsa
2404 5062 2623 5119 Domini
2646 5064 2819 5119 Mater
2844 5065 2909 5119 de
2930 5081 3115 5136 genere
3146 5063 3428 5121 ac‘semine

188 5153 395 5215 Davidis
418 5161 589 5230 fuisse
608 5163 956 5227 ostendatur;
987 5165 1042 5217 in
1070 5164 1241 5232 primo
1268 5163 1617 5231 qutvstionum
1651 5172 1700 5214 et
1744 5160 2072 5229 solutionum
2103 5159 2168 5214 de
2205 5159 2502 5215 Servatoris
2532 5159 2703 5214 nostri
2743 5161 2994 5229 prosapia
3024 5160 3425 5229 explicavimus.

192 5246 324 5308 Illuc
358 5256 524 5325 igitur
551 5259 630 5311 rei
658 5258 925 5312 studiosos
948 5258 1325 5312 amandamus.
1369 5277 1388 5308 ι
1422 5255 1593 5310 Parro
1619 5257 1704 5309 titr

1916 5273 2016 5309 unc
2049 5256 2379 5327 ζητημάτων
2410 5255 2504 5309 καὶ
2552 5254 2779 5319 λύσεων,
2815 5254 3164 5325 quwstionum
3189 5263 3240 5307 et
3273 5252 3426 5307 solu-

190 5342 397 5410 tionum,
427 5349 715 5417 genuinum
746 5364 859 5404 esse
891 5347 1270 5409 Eusebianum,
1301 5348 1449 5402 docet
1482 5347 1564 5400 hic
1588 5356 1777 5400 auctor
1800 5386 1816 5408 ,
1863 5356 1911 5400 et
1943 5347 2141 5400 codicis
2188 5346 2356 5399 nostri
2387 5344 2626 5399 Palatini
2656 5345 2927 5413 inscriptio
2975 5344 3274 5414 conﬁrmat.
3315 5341 3427 5397 Alii

188 5432 353 5505 itaque
384 5451 649 5502 auctores,
674 5456 724 5495 υ.
757 5457 835 5510 gr.
858 5450 1073 5494 sanctus
1100 5439 1471 5509 Hieronymus.
1509 5448 1566 5492 ut
1596 5454 1719 5492 mox
1743 5440 1997 5498 dicemus,
2025 5438 2242 5491 liberius
2271 5438 2433 5491 locuti
2464 5446 2609 5503 sunt,
2640 5453 2758 5491 cum
2807 5438 2965 5506 paulo
2997 5437 3183 5503 aliter,
3231 5446 3288 5489 ut
3320 5437 3384 5507 ﬁt
3403 5475 3424 5503 ,

191 5542 361 5584 sensus
393 5533 760 5587 tantummodo
782 5535 986 5587 ratione
1013 5532 1216 5597 habita,
1246 5531 1622 5598 inscripserunt
1651 5546 1669 5584 :
1698 5546 1814 5598 qua
1859 5530 2086 5583 varietas
2116 5530 2170 5581 in
2205 5527 2357 5580 titulo
2385 5542 2587 5597 quoque
2607 5526 3003 5582 Chronicorum
3043 5526 3259 5581 Eusebii
3303 5528 3422 5597 jam

191 5620 276 5676 diu
304 5624 580 5682 observata
615 5628 738 5698 fuit.
777 5627 833 5682 2.
868 5626 1095 5682 Sanctus
1128 5640 1250 5696 ergo
1276 5624 1629 5694 Hieronymus
1662 5622 1735 5677 De
1756 5623 1946 5692 script.
1972 5623 2172 5678 illustr.
2209 5638 2331 5691 cap.
2376 5621 2438 5677 8i
2461 5661 2476 5686 ,
2519 5621 2594 5675 ait
2647 5637 2665 5674 :
2728 5640 2748 5671 ι
2782 5620 3038 5676 Eusebius
3078 5619 3431 5677 Casariensis‘

192 5713 343 5771 edidit
366 5719 432 5773 de
449 5718 859 5789 Evangeliorum
882 5717 1185 5786 diaphonia.
1222 5735 1241 5769 ι
1284 5717 1338 5771 5.
1369 5714 1571 5770 Rursus
1598 5716 1737 5770 idem
1766 5715 2121 5785 Hieronymus
2149 5715 2205 5767 in
2231 5713 2443 5768 Comm.
2474 5712 2542 5766 ad
2564 5711 2754 5766 Matth.
2775 5728 2815 5777 ι,
2858 5712 2925 5766 16
2952 5731 2966 5767 :
3013 5732 3032 5767 ι
3072 5711 3240 5784 Super
3260 5713 3356 5767 hoc
3370 5723 3427 5768 et

194 5807 468 5871 Alricanus
494 5823 786 5884 temporum
804 5812 1060 5880 scriptor,
1085 5824 1133 5865 et
1161 5808 1420 5867 Eusebius
1460 5808 1706 5864 Cwsariet

1927 5805 2377 5876 ΓὶῢτὶδΔιαφωνίας
2405 5804 2754 5874 Εὐαγγελίων
2774 5804 2977 5875 plenius
3001 5805 3360 5876 disputarunt.
3394 5822 3439 5881 ι,
