3830 6260
418 365 521 420 879
1065 366 1328 421 EUSEBII
1368 366 1843 422 CESA‘RIENSIS
1881 365 2032 421 ΟΡΡ.
2075 365 2252 422 PARS
2293 365 2381 421 111.
2419 395 2490 407 —-
2531 364 2941 421 EXEGETICA.
3521 373 3608 429 880

418 475 588 531 Porro
618 475 958 546 Sophronias,
996 475 1305 545 Hieronymi
1337 479 1613 545 interpres,
1641 477 1859 542 Suidas,
1912 476 2184 532 Honorius
2220 479 2256 530 Α
2271 478 2728 548 ugustodunensis,
2762 479 3079 533 Trithemiu-s
3107 519 3122 542 ,
3181 481 3401 552 aliique,
3434 488 3610 542 nonnisi

414 570 667 636 prmdicta
703 573 998 624 testimonia
1036 573 1400 638 repetiverunt.
1441 573 1494 625 4.
1537 571 1796 626 Ebediesu
1826 573 1881 625 in
1930 572 2186 625 librorum
2217 572 2470 643 Syrorum
2512 575 2774 642 catalogo,
2801 575 2875 627 sic
2899 590 2918 626 :
2961 591 2979 624 ‹
3020 573 3273 628 Eusebius
3307 574 3611 635 Ca’sariensis

415 663 702 728 composuit
725 660 916 714 librum
947 662 1226 717 solutionis
1255 663 1735 718 contradictionum
1765 663 2060 734 Evangelii.
2102 686 2119 718 ›
2157 665 2353 734 Rcapse
2381 667 2436 719 in
2479 665 2600 719 Vat.
2639 664 2764 735 Syr.
2796 666 2971 718 codice
2995 664 3157 730 CIII,
3180 682 3229 734 p.
3261 667 3382 730 502,
3407 679 3616 737 excerpta

417 753 618 820 aliquot
651 767 715 805 ea:
741 752 833 806 illo
857 769 1007 820 opere
1036 754 1168 822 ﬁunt
1192 795 1206 817 ,
1231 771 1346 808 cum
1377 756 1530 808 titulo
1551 773 1568 808 :
1603 775 1621 806 ι
1664 755 1874 810 Eusebii
1907 757 2247 812 Caesariensis
2275 774 2336 812 ea:
2367 759 2498 812 libro
2527 760 2870 828 quaestionum
2911 759 2965 812 in
3005 758 3362 824 Evangelium.
3393 779 3410 811 ί
3449 763 3496 816 5.
3531 760 3614 816 Ni-

415 844 660 911 cep/torus
687 861 886 915 quoque
919 845 1175 900 Callistus
1215 847 1358 901 Hist.
1397 865 1436 912 ι,
1479 849 1565 911 11,
1615 865 1742 918 opus
1783 849 1878 901 hoc

2105 851 2140 902 ii
2171 851 2302 904 satis
2350 852 2520 904 innuit
2565 851 2777 904 dicens:
2820 851 2955 921 Περὶ
3004 849 3100 919 τὴν
3142 850 3398 903 δοκοῦσαν
3447 853 3616 920 διαφω-

415 934 530 986 νίαν
568 936 669 988 οὐκ
694 935 865 1005 ὀλίγοι
901 937 1117 1008 βίϐλους
1145 939 1271 1002 ὅλας
1297 939 1582 1003 ἐξέδωκαν·
1622 958 1640 990 ‹
1671 939 1829 993 Circa
1877 957 1927 1008 ιη

2116 952 2213 994 tem
2239 940 2625 994 dissonantiam
2680 958 2780 994 non
2821 940 2976 1008 pauci
3021 940 3183 992 libros
3235 941 3452 1011 integros
3478 943 3616 997 edide-

413 1039 553 1080 runt.
578 1049 596 1080 ι
621 1029 674 1083 6.
711 1029 924 1085 Eusebii
967 1031 1063 1085 hoc
1098 1048 1225 1101 opus
1247 1031 1311 1084 de
1331 1031 1769 1102 evangelistarum
1791 1032 2152 1102 discrepantia
2179 1033 2427 1103 permulti
2454 1033 2655 1086 codices
2677 1043 2988 1094 memorant,
3011 1033 3303 1098 prwsertim
3327 1042 3616 1099 catenarum,

411 1135 530 1172 cum
558 1122 706 1186 alibi,
735 1133 845 1175 tum
868 1125 1028 1178 etiam
1067 1125 1120 1178 in
1159 1124 1468 1178 bibliotheca
1503 1124 1782 1188 Vaticana,
1815 1136 1871 1178 ut
1899 1126 2072 1196 legens
2102 1126 2352 1194 comperi.
2382 1124 2513 1179 Ecce
2549 1128 2687 1180 enim
2717 1135 2765 1178 et
2795 1123 3142 1193 Conibeﬁsius
3175 1141 3240 1178 ea:
3259 1135 3438 1179 catena
3455 1128 3619 1182 codicis

415 1213 700 1275 Gallicani,
737 1213 988 1269 Latinum
1018 1233 1051 1269 a
1071 1232 1125 1270 se
1158 1215 1419 1268 redditum
1445 1214 1612 1270 edidit
1643 1217 1698 1270 in
1738 1217 1874 1272 Bibl.
1906 1219 2157 1272 concion.
2192 1228 2232 1272 t.
2282 1216 2446 1284 VIII,
2475 1233 2527 1286 p.
2562 1219 2659 1281 15,
2693 1219 2855 1272 latum
2885 1218 3240 1288 fragmentum
3262 1258 3278 1283 ,
3317 1216 3448 1284 quod
3475 1217 3623 1271 Cra-ce

413 1305 551 1373 apud
583 1320 676 1360 nos
705 1306 949 1359 recurrit.
983 1310 1144 1375 Atque
1171 1304 1281 1357 hwc
1313 1303 1565 1360 librorum
1595 1307 1663 1360 ad
1693 1305 2016 1376 Stephanum
2049 1309 2351 1362 testimonia
2378 1317 2519 1362 sunt.
2565 1308 2615 1362 7.
2648 1309 2806 1362 Libro
2837 1323 3010 1363 autent
3035 1307 3104 1360 ad
3125 1306 3394 1360 Marinum
3422 1311 3607 1362 testimo.

413 1401 563 1453 nium
587 1399 716 1452 dant
750 1398 1068 1452 Anastasius
1100 1398 1312 1454 Sinaita
1347 1401 1400 1454 in
1429 1400 1832 1471 quwstionibus,
1863 1401 1915 1462 8,
1954 1403 2077 1467 MS,
2112 1403 2245 1468 155,
2287 1401 2559 1456 Macarius
2590 1400 3036 1473 Chrysocephalus
3067 1401 3122 1454 in
3149 1399 3433 1470 Florilegio
3456 1417 3470 1467 ;
3495 1400 3624 1454 chro-

414 1494 665 1563 nographi
717 1491 967 1562 Georgius
1026 1491 1377 1548 Hamartolus
1410 1533 1425 1558 ,
1471 1493 1707 1549 Joannes
1742 1493 1976 1561 Siculus,
2005 1505 2053 1549 et
2084 1494 2351 1551 Cedrenus
2375 1513 2502 1567 quos
2539 1497 2685 1566 infra
2708 1497 3220 1552 laudabimuthem
3235 1506 3418 1550 auctor
3433 1497 3625 1550 scholia-

414 1603 530 1639 rum
558 1585 625 1638 ad
659 1585 686 1638 1
718 1585 841 1654 Reg.
881 1601 995 1652 cap.
1025 1599 1082 1645 ll,
1111 1595 1252 1638 cant.
1295 1585 1461 1640 Annae
1489 1587 1544 1638 in
1567 1584 1782 1640 Sirctina
1810 1586 1900 1640 Gr.
1933 1586 2192 1654 editione;
2227 1597 2335 1640 tum
2369 1595 2587 1650 catenae,
2626 1586 2838 1641 Possini
2859 1588 3068 1658 quidem
3097 1588 3150 1640 in
3176 1585 3418 1640 Marcum
3448 1603 3497 1655 p.
3519 1587 3627 1642 545-

413 1677 538 1739 364,
566 1676 806 1731 Cordcrii
833 1685 1007 1728 autem
1040 1677 1093 1728 in
1123 1675 1382 1731 Joannem
1402 1692 1454 1745 ρ.
1487 1677 1678 1731 456-8.
1716 1677 1946 1732 Sanctus
1978 1678 2312 1741 Ambrosius,
2350 1680 2452 1732 etsi
2491 1677 2776 1732 Eusebium
2800 1679 3111 1732 nominatim
3147 1695 3246 1732 non
3271 1679 3511 1747 appellat,
3535 1682 3627 1748 ejus

415 1783 588 1824 tamen
626 1787 774 1839 opere
805 1771 1061 1825 latissime
1089 1772 1258 1824 utitur
1281 1772 1333 1824 in
1365 1771 1772 1826 Commentario
1797 1773 1861 1826 ad
1897 1773 2097 1826 Lucam
2130 1788 2206 1826 Ix.
2247 1771 2436 1826 Utrum
2463 1781 2678 1826 sanctus
2708 1764 3055 1842 Augustinus,
3080 1772 3169 1841 qui
3188 1787 3285 1824 suo
3315 1770 3528 1839 quodam
3554 1789 3628 1840 pe-

413 1863 602 1916 culiari
632 1862 783 1914 modo
812 1863 1115 1932 ingenioque
1138 1863 1389 1932 loquitur,
1426 1863 1494 1917 ad
1525 1863 1809 1918 Eusebium
1838 1877 2083 1920 nostrum
2115 1869 2419 1936 respexerit,
2446 1883 2549 1920 non
2575 1865 2802 1935 deﬁnio;
2840 1882 2964 1918 nam
3008 1864 3161 1918 modo
3187 1865 3425 1934 congruit
3444 1904 3458 1927 ,
3500 1865 3628 1918 modo

413 1954 660 2016 dissidet,
715 1955 852 2024 quod
887 1955 982 2008 tali
1016 1957 1069 2010 in
1102 1973 1252 2026 opere
1305 1958 1423 2026 ﬁeri
1467 1975 1670 2013 necesse
1702 1969 1799 2014 est.
1843 1959 1894 2014 9.
1945 1959 2173 2015 Sanctus
2211 1960 2563 2030 Hieronymus
2613 1959 2670 2012 in
2696 1959 2906 2013 Comm.
2939 1957 3006 2012 ad
3036 1955 3226 2010 Matth.
3254 1997 3270 2022 ,
3306 1955 3399 2010 sub
3432 1957 3566 2011 initio
3591 1967 3628 2010 et

414 2049 536 2114 ﬁne,
559 2061 621 2099 ex
654 2045 966 2100 Eusebianis
988 2049 1366 2116 quaestionibus
1393 2050 1595 2116 haurit,
1635 2060 1682 2105 et
1712 2054 1921 2122 quidem
1951 2067 2015 2105 ex
2036 2052 2147 2108 illis
2179 2054 2247 2106 ad
2277 2052 2549 2106 Marinum
2581 2048 2910 2106 abundanter
2932 2052 2986 2104 in
3019 2049 3241 2118 epistola
3279 2049 3401 2111 120,
3424 2065 3559 2120 capp.
3584 2051 3628 2116 5,

413 2139 468 2201 4,
508 2139 562 2200 5,
585 2137 639 2200 6,
673 2137 724 2203 7,
760 2138 812 2191 9.
855 2137 1150 2210 Ca’teroqui
1175 2141 1384 2198 Crcecos
1421 2146 1714 2214 praesertim
1747 2145 2062 2198 biblicarum
2088 2148 2438 2216 quwstionum
2469 2155 2730 2210 auctores,
2766 2161 2988 2216 quorum
3019 2145 3204 2214 longus
3232 2143 3500 2215 catalogus
3527 2161 3630 2201 cou-

416 2229 520 2282 tezi
555 2239 743 2297 potest,
775 2229 1056 2284 Eusebium
1085 2250 1195 2303 pra:
1223 2237 1388 2290 oculis
1414 2235 1678 2300 habuisse,
1713 2239 1828 2308 quis
1850 2239 2090 2294 dubitet?

1432 2586 1888 2672 EKAOI‘H
1928 2590 2070 2672 EN
2125 2590 2660 2728 ΣΥΝΤΟΜῼ
2745 2553 2748 2556 ”

1643 2766 1738 2820 ΕΚ
1776 2767 1911 2819 ΤΩΝ
1949 2767 2452 2823 ΣΥΝΤΕΘΕΝΤΩΝ

650 2928 1022 3062 ΥΠΟ
1098 2925 1900 3068 ΕΥΣΕΒΙΟΥ
1977 2937 2440 3070 ΠΡΟΣ
2525 2936 3414 3078 ΣΤΕΦΑΝΟΝ

1543 3163 1730 3218 ΠΕΡΙ
1772 3168 1911 3221 ΤΩΝ
1938 3169 2042 3222 ΕΝ
2068 3167 2562 3225 ΕΥΑΓΓΕΛΙΟῘΣ

1029 3319 1978 3449 ΖΗἸῊΜΑΤΩΝ
2053 3337 2327 3447 ΚΑΙ
2419 3249 3041 3458 ΛΥΣΕΩΝ.

1364 3651 1992 3770 ΕΡΙΤΟΜΕ
2072 3659 2704 3779 SELECTA

1793 3897 1879 3940 EX
1923 3897 2295 3946 COMPOSITIS

886 4053 1085 4180 AB
1164 4056 1826 4191 EUSEBIO
1918 4067 2125 4192 AD
2207 4069 3171 4210 STEPHANUM

1712 4296 1918 4353 CIRCA
1974 4300 2367 4359 EVANGELIA

951 4464 1900 4570 QUIESTIONIBUS
1971 4473 2108 4564 AC
2183 4477 3134 4580 SOLUTIONIBUS.

1177 4761 1214 4816 l.
2838 4788 2889 4841 Α,

411 4867 520 4926 Cur
571 4871 898 4940 evangelistw
949 4870 1336 4954 Josephi,_lnon
1365 4885 1537 4929 autem
1577 4874 1787 4947 Marica,
1815 4897 1923 4950 gem

2158 4868 2261 4922 Διά
2293 4869 2350 4923 τί
2381 4869 2488 4924 τὸν
2533 4873 2768 4943 Ἰωσὴφ,
2807 4877 2948 4931 ἀλλ’
2982 4880 3053 4932 οὐ
3100 4875 3215 4948 τὴν
3247 4883 3502 4952 Μαρίαν,
3529 4883 3580 4938 ol

1089 4944 1345 4998 scribant.
1775 4944 1782 4947 ⁷
1815 4944 1834 4950 ⁷
2409 4964 2601 5034 εὐαγγε

1881 5040 1898 5041 η
2409 4964 2820 5034 εὐαγγελισταὶ
2854 4972 3339 5041 γενεαλογοῦσιν.

477 5029 584 5098 Qui
611 5031 688 5097 ﬁt,
720 5040 781 5087 ut
809 5031 1088 5088 Christum
1120 5036 1470 5104 evangelista:
1498 5045 1756 5107 tanquam
1803 5055 1834 5093 a
1873 5040 1980 5096 Da-

2157 5049 2326 5105 Πόθεν
2375 5053 2466 5106 τὸν
2506 5029 2738 5126 Χριστὸν
2779 5029 3000 5122 ὼςύἱὸν
3041 5029 3208 5117 Δαέὶδ
3247 5067 3629 5134 γενεαλσγούσις

404 5123 530 5178 vide
552 5141 724 5195 genus
758 5126 1044 5180 ducentem
1068 5129 1330 5181 narrent?
1366 5127 1606 5186 Prorsus
1634 5140 1859 5203 propter
1885 5133 1914 5188 J

2118 5142 2302 5206 πάντως
2327 5145 2408 5198 ὅτι
2433 5145 2520 5199 διὰ
2548 5123 2638 5200 ’ἑὸν
2689 5149 2887 5221 Ἰωσὴφ
2929 5151 3023 5205 τὸν
3052 5156 3116 5207 ἐκ
3155 5123 3318 5211 Δαέὶδ
3349 5123 3630 5228 veni/61¢;

408 5216 635 5280 sephum
686 5215 906 5272 Davidis
933 5220 1189 5288 prosapia
1235 5221 1498 5290 genitum.
1543 5225 1704 5293 Atqui
1737 5241 1843 5279 non
1877 5228 1920 5281 al

2121 5235 2195 5288 λλ’
2227 5237 2326 5289 οὐκ
2351 5239 2414 5291 ἐκ
2438 5238 2532 5291 τοῦ
2574 5240 2770 5312 Ἰωσὴφ
2790 5215 3096 5314 ὁνὶξριστὸς,
3123 5246 3237 5299 ἀλλ’
3259 5250 3322 5302 ἐκ
3345 5215 3633 5318 ᾐνεύματος

406 5303 643 5376 Josepbo
669 5307 922 5363 Christus
956 5317 1062 5373 est,
1111 5310 1206 5364 sed
1251 5326 1281 5362 a
1318 5322 1510 5366 sancto
1543 5311 1751 5381 Spiritu
1783 5323 1834 5368 et.
1866 5314 1912 5367 Μ

2121 5328 2237 5395 γίου
2271 5331 2365 5381 καὶ
2395 5331 2630 5402 Μαρίας,
2666 5303 2934 5404 ὥξφησιῡν
2965 5339 2998 5408 ἡ
3032 5303 3221 5410 ᾖραφή
3244 5357 3258 5372 ο
3296 5341 3458 5412 ἐχρῆν
3476 5303 3633 5393 $0!qu

407 5404 510 5470 ria,
549 5413 608 5459 ut
651 5406 727 5461 ait
757 5407 1065 5480 Scriptura.
1105 5408 1449 5479 Oportuissct
1477 5413 1644 5483 igitur
1671 5413 1854 5469 Maria:
1882 5433 1914 5486 g

2117 5421 2175 5487 ὴν
2208 5421 2424 5491 Μαρίαν
2455 5424 2817 5492 γενεαλογεῖν,
2853 5404 3012 5498 εἴπερ
3037 5404 3126 5482 τον
3399 5404 3629 5500 ἧενεαλο-

407 5507 512 5546 nus
541 5496 805 5559 enarrari,
842 5499 1109 5568 siquidem
1142 5500 1346 5555 Christi
1405 5509 1636 5557 stemma
1671 5520 1780 5559 non
1819 5503 1916 5561 Jos

2121 5513 2198 5563 εἰν
2234 5511 2536 5577 ἐϐούλοντο,
2583 5515 2696 5568 ἀλλ’
2739 5517 2801 5570 οὐ
2834 5516 2925 5571 τὸν
2965 5496 3180 5591 Ἰωσὴφ,
3201 5496 3260 5590 ’ᾧ
3295 5496 3455 5594 μηδὲν
3484 5533 3631 5590 1:900-

409 5585 498 5652 phi
528 5589 940 5654 contexebatur,
968 5591 1035 5644 ad
1071 5607 1232 5661 quem
1271 5591 1478 5650 Christi
1505 5595 1746 5650 humana
1776 5605 1921 5652 natul

2120 5618 2230 5654 κων
2262 5603 2518 5672 τυγχάνει
2555 5606 2696 5660 κατὰ
2729 5607 2907 5679 σάρκα
2945 5612 2973 5663 ὁ
2994 5585 3257 5681 Χριοίτδςν,
3400 5611 3459 5676 ἐξ
3483 5585 3631 5664 dimi

411 5675 543 5727 nihil
568 5677 819 5744 pertinet,
854 5681 984 5750 quia
1019 5683 1237 5750 genitus
1274 5683 1344 5739 ab
1391 5699 1456 5740 eo
1507 5700 1617 5741 non
1684 5686 1805 5743 fuit.
1854 5688 1917 5744 Ja

2115 5695 2494 5764 ‘ayewnpévog'
2533 5699 2580 5749 εἰ
2609 5696 2665 5750 δὲ
2707 5698 2781 5770 μὴ
2804 5675 2876 5764 ⁷ἐξ
2907 5675 3070 5755 αὐτοῧ
3101 5675 3366 5773 τυγχάνει·
3385 5675 3489 5766 ὢν,
3525 5697 3627 5756 m'

405 5781 536 5820 vero
585 5766 631 5820 si
678 5764 836 5826 Iesus
871 5787 900 5827 a
929 5771 1167 5843 Josepho
1215 5792 1326 5832 non
1374 5777 1553 5832 oritur
1596 5777 1692 5835 sed
1721 5795 1753 5834 a
1802 5779 1917 5836 Mar

2116 5803 2145 5838 κ
2163 5785 2330 5858 μόνης
2357 5787 2454 5860 τῆς
2483 5764 2720 5862 Μαρίας,
2747 5764 2845 5847 οὐκ
2873 5792 2940 5848 ἂν
2963 5794 3046 5865 εἴη
3067 5796 3129 5849 ἐκ
3253 5796 3428 5860 Δαῦὶδ,
3458 5764 3628 5858 ἐπειδὴ
