  <div class='ocr_page' id='page_1' title='image "/cluster/home/n/w/nwhite01/storage/ocr_20150623/22/mdp.39015078384388/458.png"; bbox 0 0 3830 6260; ppageno 0'>
   <div class='ocr_carea' id='block_1_1' title="bbox 222 300 311 360">
    <p class='ocr_par' dir='ltr' id='par_1_1' title="bbox 222 300 311 360">
     <span class='ocr_line' id='line_1_1' title="bbox 222 300 311 360; baseline -0.067 0"><span class='ocrx_word' id='word_1_1' title='bbox 222 300 311 360; x_wconf 67' lang='grc'><strong>881</strong></span> 
     </span>
    </p>
   </div>
   <div class='ocr_carea' id='block_1_2' title="bbox 724 278 1760 357">
    <p class='ocr_par' dir='ltr' id='par_1_2' title="bbox 724 281 1760 357">
     <span class='ocr_line' id='line_1_2' title="bbox 724 281 1760 357; baseline -0.009 -12"><span class='ocrx_word' id='word_1_2' title='bbox 724 286 1185 357; x_wconf 61' lang='grc' dir='ltr'>ρυκιῑδτιοαεδ</span> <span class='ocrx_word' id='word_1_3' title='bbox 1220 282 1678 347; x_wconf 66' lang='grc' dir='ltr'><strong>ΕΥΔΝΟΕΙΛΕᾹΣ</strong></span> <span class='ocrx_word' id='word_1_4' title='bbox 1716 281 1760 336; x_wconf 74' lang='grc' dir='ltr'><strong>Α</strong></span> 
     </span>
    </p>
   </div>
   <div class='ocr_carea' id='block_1_3' title="bbox 1865 278 2836 357">
    <p class='ocr_par' dir='ltr' id='par_1_3' title="bbox 1865 278 2836 347">
     <span class='ocr_line' id='line_1_3' title="bbox 1865 278 2836 347; baseline 0 -11"><span class='ocrx_word' id='word_1_5' title='bbox 1865 279 2286 338; x_wconf 67' lang='grc' dir='ltr'><strong>ΞΤΕΡΗΑΝυΜ.</strong></span> <span class='ocrx_word' id='word_1_6' title='bbox 2325 311 2394 321; x_wconf 93' lang='lat'><strong>—</strong></span> <span class='ocrx_word' id='word_1_7' title='bbox 2431 279 2758 347; x_wconf 62' lang='lat' dir='ltr'><strong>QUESTIO</strong></span> <span class='ocrx_word' id='word_1_8' title='bbox 2795 278 2836 336; x_wconf 91' lang='lat' dir='ltr'><strong>l.</strong></span> 
     </span>
    </p>
   </div>
   <div class='ocr_carea' id='block_1_4' title="bbox 3307 280 3415 338">
    <p class='ocr_par' dir='ltr' id='par_1_4' title="bbox 3307 280 3415 338">
     <span class='ocr_line' id='line_1_4' title="bbox 3307 280 3415 338; baseline -0.028 0"><span class='ocrx_word' id='word_1_9' title='bbox 3307 280 3415 338; x_wconf 70' lang='lat'><strong>882</strong></span> 
     </span>
    </p>
   </div>
   <div class='ocr_carea' id='block_1_5' title="bbox 218 397 1760 486">
    <p class='ocr_par' dir='ltr' id='par_1_5' title="bbox 218 401 1755 486">
     <span class='ocr_line' id='line_1_5' title="bbox 218 401 1755 486; baseline -0.01 -17"><span class='ocrx_word' id='word_1_10' title='bbox 218 416 307 486; x_wconf 80' lang='grc' dir='ltr'><strong>τὴν</strong></span> <span class='ocrx_word' id='word_1_11' title='bbox 332 408 535 480; x_wconf 77' lang='grc' dir='ltr'>Μαρίαν</span> <span class='ocrx_word' id='word_1_12' title='bbox 554 406 726 470; x_wconf 72' lang='grc' dir='ltr'>οὐδεὶς</span> <span class='ocrx_word' id='word_1_13' title='bbox 752 406 906 474; x_wconf 72' lang='grc' dir='ltr'>λόγος</span> <span class='ocrx_word' id='word_1_14' title='bbox 931 404 1305 460; x_wconf 79' lang='grc' dir='ltr'><strong>ἀποδείκνυσιν</strong></span> <span class='ocrx_word' id='word_1_15' title='bbox 1338 403 1446 457; x_wconf 83' lang='grc' dir='ltr'>ἀπὸ</span> <span class='ocrx_word' id='word_1_16' title='bbox 1472 401 1637 457; x_wconf 73' lang='grc' dir='ltr'>Δαϐὶδ</span> <span class='ocrx_word' id='word_1_17' title='bbox 1663 417 1755 470; x_wconf 82' lang='grc' dir='ltr'>γε·</span> 
     </span>
    </p>
   </div>
   <div class='ocr_carea' id='block_1_6' title="bbox 1865 397 3416 486">
    <p class='ocr_par' dir='ltr' id='par_1_6' title="bbox 1865 397 3416 471">
     <span class='ocr_line' id='line_1_6' title="bbox 1865 397 3416 471; baseline -0.001 -18"><span class='ocrx_word' id='word_1_18' title='bbox 1865 400 2258 465; x_wconf 80' lang='lat' dir='ltr'><strong>tantummodo,</strong></span> <span class='ocrx_word' id='word_1_19' title='bbox 2291 400 2430 456; x_wconf 82' lang='lat' dir='ltr'><strong>isne</strong></span> <span class='ocrx_word' id='word_1_20' title='bbox 2455 414 2484 453; x_wconf 91' lang='lat' dir='ltr'><strong>a</strong></span> <span class='ocrx_word' id='word_1_21' title='bbox 2509 398 2713 461; x_wconf 80' lang='lat' dir='ltr'><strong>Davide</strong></span> <span class='ocrx_word' id='word_1_22' title='bbox 2742 397 2962 471; x_wconf 85' lang='lat' dir='ltr'><strong>quidem</strong></span> <span class='ocrx_word' id='word_1_23' title='bbox 3002 406 3085 454; x_wconf 88' lang='lat' dir='ltr'><strong>est</strong></span> <span class='ocrx_word' id='word_1_24' title='bbox 3123 415 3137 454; x_wconf 89' lang='lat'>:</span> <span class='ocrx_word' id='word_1_25' title='bbox 3171 399 3416 469; x_wconf 63' lang='lat' dir='ltr'><strong>quanio-</strong></span> 
     </span>
    </p>
   </div>
   <div class='ocr_carea' id='block_1_7' title="bbox 221 492 1756 574">
    <p class='ocr_par' dir='ltr' id='par_1_7' title="bbox 221 492 1756 574">
     <span class='ocr_line' id='line_1_7' title="bbox 221 492 1756 574; baseline -0.006 -20"><span class='ocrx_word' id='word_1_26' title='bbox 221 501 447 574; x_wconf 71' lang='grc' dir='ltr'>νομάνην·</span> <span class='ocrx_word' id='word_1_27' title='bbox 479 498 651 568; x_wconf 80' lang='grc' dir='ltr'><strong>μάτην</strong></span> <span class='ocrx_word' id='word_1_28' title='bbox 672 496 780 567; x_wconf 80' lang='grc' dir='ltr'>ἄρα</span> <span class='ocrx_word' id='word_1_29' title='bbox 800 496 890 550; x_wconf 79' lang='grc' dir='ltr'>τὸν</span> <span class='ocrx_word' id='word_1_30' title='bbox 915 496 1145 567; x_wconf 83' lang='grc' dir='ltr'>Χριστὸν</span> <span class='ocrx_word' id='word_1_31' title='bbox 1173 496 1238 548; x_wconf 83' lang='grc' dir='ltr'>ὲκ</span> <span class='ocrx_word' id='word_1_32' title='bbox 1269 494 1577 565; x_wconf 83' lang='grc' dir='ltr'>σπέρματος</span> <span class='ocrx_word' id='word_1_33' title='bbox 1595 492 1756 546; x_wconf 81' lang='grc' dir='ltr'><strong>Δαόὶδ</strong></span> 
     </span>
    </p>
   </div>
   <div class='ocr_carea' id='block_1_8' title="bbox 222 582 1756 665">
    <p class='ocr_par' dir='ltr' id='par_1_8' title="bbox 222 582 1756 665">
     <span class='ocr_line' id='line_1_8' title="bbox 222 582 1756 665; baseline -0.008 -17"><span class='ocrx_word' id='word_1_34' title='bbox 222 587 498 665; x_wconf 82' lang='grc' dir='ltr'>θρυλλοῦσι,</span> <span class='ocrx_word' id='word_1_35' title='bbox 539 587 672 658; x_wconf 84' lang='grc' dir='ltr'>μήτε</span> <span class='ocrx_word' id='word_1_36' title='bbox 698 584 791 640; x_wconf 84' lang='grc' dir='ltr'><strong>τοῦ</strong></span> <span class='ocrx_word' id='word_1_37' title='bbox 821 585 1018 657; x_wconf 85' lang='grc' dir='ltr'>Ἰωσὴφ</span> <span class='ocrx_word' id='word_1_38' title='bbox 1047 584 1175 640; x_wconf 74' lang='grc' dir='ltr'>ὂντα</span> <span class='ocrx_word' id='word_1_39' title='bbox 1204 584 1337 648; x_wconf 87' lang='grc' dir='ltr'>υἱὺν,</span> <span class='ocrx_word' id='word_1_40' title='bbox 1363 584 1495 656; x_wconf 86' lang='grc' dir='ltr'>μήτε</span> <span class='ocrx_word' id='word_1_41' title='bbox 1520 582 1619 653; x_wconf 82' lang='grc' dir='ltr'><strong>τῆς</strong></span> <span class='ocrx_word' id='word_1_42' title='bbox 1636 583 1756 637; x_wconf 90' lang='grc' dir='ltr'><strong>Μα-</strong></span> 
     </span>
    </p>
   </div>
   <div class='ocr_carea' id='block_1_9' title="bbox 222 675 1757 758">
    <p class='ocr_par' dir='ltr' id='par_1_9' title="bbox 222 675 1757 758">
     <span class='ocr_line' id='line_1_9' title="bbox 222 675 1757 758; baseline -0.006 -21"><span class='ocrx_word' id='word_1_43' title='bbox 222 685 327 758; x_wconf 87' lang='grc' dir='ltr'>ρίας</span> <span class='ocrx_word' id='word_1_44' title='bbox 355 679 456 736; x_wconf 76' lang='grc' dir='ltr'>ἀπὸ</span> <span class='ocrx_word' id='word_1_45' title='bbox 486 678 644 733; x_wconf 78' lang='grc' dir='ltr'>Δαθὶδ</span> <span class='ocrx_word' id='word_1_46' title='bbox 679 677 1177 749; x_wconf 80' lang='grc' dir='ltr'>γενεαλογουμένης</span> <span class='ocrx_word' id='word_1_47' title='bbox 1196 695 1209 707; x_wconf 91' lang='grc'><strong>·</strong></span> <span class='ocrx_word' id='word_1_48' title='bbox 1239 676 1457 731; x_wconf 83' lang='grc' dir='ltr'>τοιαῦτα</span> <span class='ocrx_word' id='word_1_49' title='bbox 1506 675 1603 747; x_wconf 92' lang='grc' dir='ltr'><strong>μέν</strong></span> <span class='ocrx_word' id='word_1_50' title='bbox 1634 692 1757 729; x_wconf 90' lang='grc' dir='ltr'>τινα</span> 
     </span>
    </p>
   </div>
   <div class='ocr_carea' id='block_1_10' title="bbox 219 766 1756 846">
    <p class='ocr_par' dir='ltr' id='par_1_10' title="bbox 219 766 1756 846">
     <span class='ocr_line' id='line_1_10' title="bbox 219 766 1756 846; baseline -0.007 -16"><span class='ocrx_word' id='word_1_51' title='bbox 219 776 270 830; x_wconf 84' lang='grc' dir='ltr'><strong>τὺ</strong></span> <span class='ocrx_word' id='word_1_52' title='bbox 296 772 495 846; x_wconf 75' lang='grc' dir='ltr'>πρῶτον</span> <span class='ocrx_word' id='word_1_53' title='bbox 519 769 624 824; x_wconf 89' lang='grc' dir='ltr'><strong>τῶν</strong></span> <span class='ocrx_word' id='word_1_54' title='bbox 652 770 1013 841; x_wconf 74' lang='grc' dir='ltr'><strong>ἠπορημένων</strong></span> <span class='ocrx_word' id='word_1_55' title='bbox 1042 770 1280 841; x_wconf 81' lang='grc' dir='ltr'>περιεῖχε</span> <span class='ocrx_word' id='word_1_56' title='bbox 1301 785 1314 799; x_wconf 71' lang='grc'>⁸</span> <span class='ocrx_word' id='word_1_57' title='bbox 1340 768 1495 833; x_wconf 82' lang='grc' dir='ltr'><strong>λύσις</strong></span> <span class='ocrx_word' id='word_1_58' title='bbox 1514 768 1559 822; x_wconf 85' lang='grc' dir='ltr'>δ’</span> <span class='ocrx_word' id='word_1_59' title='bbox 1588 766 1756 839; x_wconf 78' lang='grc' dir='ltr'>δινείη</span> 
     </span>
    </p>
   </div>
   <div class='ocr_carea' id='block_1_11' title="bbox 218 863 486 938">
    <p class='ocr_par' dir='ltr' id='par_1_11' title="bbox 218 863 486 938">
     <span class='ocr_line' id='line_1_11' title="bbox 218 863 486 938; baseline -0.03 -14"><span class='ocrx_word' id='word_1_60' title='bbox 218 865 349 938; x_wconf 81' lang='grc' dir='ltr'><strong>αὐτῷ</strong></span> <span class='ocrx_word' id='word_1_61' title='bbox 376 863 486 936; x_wconf 79' lang='grc' dir='ltr'>ἥδε.</span> 
     </span>
    </p>
   </div>
   <div class='ocr_carea' id='block_1_12' title="bbox 277 1036 1761 1113">
    <p class='ocr_par' dir='ltr' id='par_1_12' title="bbox 277 1036 1761 1113">
     <span class='ocr_line' id='line_1_12' title="bbox 277 1036 1761 1113; baseline 0.001 -20"><span class='ocrx_word' id='word_1_62' title='bbox 277 1045 339 1093; x_wconf 83' lang='grc' dir='ltr'><strong>α’.</strong></span> <span class='ocrx_word' id='word_1_63' title='bbox 385 1036 501 1090; x_wconf 86' lang='grc' dir='ltr'><strong>Τῶν</strong></span> <span class='ocrx_word' id='word_1_64' title='bbox 524 1036 616 1090; x_wconf 82' lang='grc' dir='ltr'>τοῦ</span> <span class='ocrx_word' id='word_1_65' title='bbox 661 1038 911 1110; x_wconf 80' lang='grc' dir='ltr'><strong>Σωτῆρος</strong></span> <span class='ocrx_word' id='word_1_66' title='bbox 952 1037 1110 1109; x_wconf 83' lang='grc' dir='ltr'>ἡμῶν</span> <span class='ocrx_word' id='word_1_67' title='bbox 1150 1040 1323 1112; x_wconf 85' lang='grc' dir='ltr'>Ἰησοῦ</span> <span class='ocrx_word' id='word_1_68' title='bbox 1350 1040 1586 1112; x_wconf 83' lang='grc' dir='ltr'><strong>Χριστοῦ</strong></span> <span class='ocrx_word' id='word_1_69' title='bbox 1620 1041 1761 1113; x_wconf 77' lang='grc' dir='ltr'>πρά-</span> 
     </span>
    </p>
   </div>
   <div class='ocr_carea' id='block_1_13' title="bbox 219 1122 1759 1203">
    <p class='ocr_par' dir='ltr' id='par_1_13' title="bbox 219 1122 1759 1203">
     <span class='ocr_line' id='line_1_13' title="bbox 219 1122 1759 1203; baseline 0.001 -19"><span class='ocrx_word' id='word_1_70' title='bbox 219 1129 355 1196; x_wconf 82' lang='grc' dir='ltr'>ξεων,</span> <span class='ocrx_word' id='word_1_71' title='bbox 382 1129 448 1183; x_wconf 84' lang='grc' dir='ltr'><strong>τά</strong></span> <span class='ocrx_word' id='word_1_72' title='bbox 477 1129 573 1199; x_wconf 80' lang='grc' dir='ltr'>μὲν</span> <span class='ocrx_word' id='word_1_73' title='bbox 601 1122 915 1198; x_wconf 67' lang='grc' dir='ltr'>σιωπᾶσθαι</span> <span class='ocrx_word' id='word_1_74' title='bbox 941 1131 1233 1199; x_wconf 86' lang='grc' dir='ltr'>ἀναγκαῖον</span> <span class='ocrx_word' id='word_1_75' title='bbox 1259 1126 1325 1203; x_wconf 79' lang='grc' dir='ltr'><strong>ῆν</strong></span> <span class='ocrx_word' id='word_1_76' title='bbox 1352 1134 1463 1195; x_wconf 84' lang='grc' dir='ltr'>τοῖς</span> <span class='ocrx_word' id='word_1_77' title='bbox 1493 1132 1615 1185; x_wconf 82' lang='grc' dir='ltr'>τότε</span> <span class='ocrx_word' id='word_1_78' title='bbox 1634 1172 1649 1197; x_wconf 94' lang='grc'><strong>,</strong></span> <span class='ocrx_word' id='word_1_79' title='bbox 1692 1132 1759 1187; x_wconf 89' lang='grc' dir='ltr'><strong>τά</strong></span> 
     </span>
    </p>
   </div>
   <div class='ocr_carea' id='block_1_14' title="bbox 217 1219 1760 1296">
    <p class='ocr_par' dir='ltr' id='par_1_14' title="bbox 217 1219 1760 1296">
     <span class='ocr_line' id='line_1_14' title="bbox 217 1219 1760 1296; baseline 0.001 -22"><span class='ocrx_word' id='word_1_80' title='bbox 217 1222 266 1275; x_wconf 88' lang='grc' dir='ltr'>δὲ</span> <span class='ocrx_word' id='word_1_81' title='bbox 290 1222 363 1285; x_wconf 86' lang='grc' dir='ltr'><strong>είς</strong></span> <span class='ocrx_word' id='word_1_82' title='bbox 399 1219 604 1273; x_wconf 81' lang='grc' dir='ltr'>πολλῶν</span> <span class='ocrx_word' id='word_1_83' title='bbox 651 1221 819 1285; x_wconf 87' lang='grc' dir='ltr'>ἀκοὰς</span> <span class='ocrx_word' id='word_1_84' title='bbox 859 1221 1141 1286; x_wconf 83' lang='grc' dir='ltr'>διεδίδοτο,</span> <span class='ocrx_word' id='word_1_85' title='bbox 1173 1223 1273 1276; x_wconf 80' lang='grc' dir='ltr'>ὅσα</span> <span class='ocrx_word' id='word_1_86' title='bbox 1317 1222 1453 1296; x_wconf 70' lang='grc' dir='ltr'>πρὸς</span> <span class='ocrx_word' id='word_1_87' title='bbox 1496 1222 1760 1293; x_wconf 80' lang='grc' dir='ltr'>ὠφέλειαν</span> 
     </span>
    </p>
   </div>
   <div class='ocr_carea' id='block_1_15' title="bbox 216 1309 1762 1385">
    <p class='ocr_par' dir='ltr' id='par_1_15' title="bbox 216 1309 1762 1385">
     <span class='ocr_line' id='line_1_15' title="bbox 216 1309 1762 1385; baseline 0.001 -19"><span class='ocrx_word' id='word_1_88' title='bbox 216 1313 396 1385; x_wconf 78' lang='grc' dir='ltr'>ἦμελλε</span> <span class='ocrx_word' id='word_1_89' title='bbox 435 1310 832 1383; x_wconf 58' lang='grc' dir='ltr'>συμβάλλεσθαι</span> <span class='ocrx_word' id='word_1_90' title='bbox 867 1316 977 1376; x_wconf 88' lang='grc' dir='ltr'>τοῖς</span> <span class='ocrx_word' id='word_1_91' title='bbox 1007 1313 1395 1385; x_wconf 58' lang='grc' dir='ltr'>ἀκροωμένοις</span> <span class='ocrx_word' id='word_1_92' title='bbox 1424 1309 1533 1371; x_wconf 70' lang='grc' dir='ltr'>οἷον</span> <span class='ocrx_word' id='word_1_93' title='bbox 1567 1314 1642 1374; x_wconf 81' lang='grc' dir='ltr'><strong>ὡς</strong></span> <span class='ocrx_word' id='word_1_94' title='bbox 1670 1316 1762 1368; x_wconf 76' lang='grc' dir='ltr'><strong>ἐπὶ</strong></span> 
     </span>
    </p>
   </div>
   <div class='ocr_carea' id='block_1_16' title="bbox 216 1403 1758 1479">
    <p class='ocr_par' dir='ltr' id='par_1_16' title="bbox 216 1403 1758 1479">
     <span class='ocr_line' id='line_1_16' title="bbox 216 1403 1758 1479; baseline 0.001 -19"><span class='ocrx_word' id='word_1_95' title='bbox 216 1403 631 1476; x_wconf 78' lang='grc' dir='ltr'><strong>παραδείγματος</strong></span> <span class='ocrx_word' id='word_1_96' title='bbox 650 1404 967 1476; x_wconf 82' lang='grc' dir='ltr'>τριακοστὸν</span> <span class='ocrx_word' id='word_1_97' title='bbox 989 1405 1135 1473; x_wconf 80' lang='grc' dir='ltr'>ἄγων</span> <span class='ocrx_word' id='word_1_98' title='bbox 1150 1406 1249 1477; x_wconf 86' lang='grc' dir='ltr'><strong>τῆς</strong></span> <span class='ocrx_word' id='word_1_99' title='bbox 1261 1405 1355 1460; x_wconf 80' lang='grc' dir='ltr'><strong>τοῦ</strong></span> <span class='ocrx_word' id='word_1_100' title='bbox 1377 1405 1625 1478; x_wconf 84' lang='grc' dir='ltr'>σώματος</span> <span class='ocrx_word' id='word_1_101' title='bbox 1643 1407 1758 1479; x_wconf 86' lang='grc' dir='ltr'>ἠλι-</span> 
     </span>
    </p>
   </div>
   <div class='ocr_carea' id='block_1_17' title="bbox 217 1494 1759 1571">
    <p class='ocr_par' dir='ltr' id='par_1_17' title="bbox 217 1494 1759 1571">
     <span class='ocr_line' id='line_1_17' title="bbox 217 1494 1759 1571; baseline 0.003 -22"><span class='ocrx_word' id='word_1_102' title='bbox 217 1495 325 1559; x_wconf 87' lang='grc' dir='ltr'>κίας</span> <span class='ocrx_word' id='word_1_103' title='bbox 351 1494 485 1560; x_wconf 75' lang='grc' dir='ltr'>ἔτος,</span> <span class='ocrx_word' id='word_1_104' title='bbox 514 1494 762 1566; x_wconf 76' lang='grc' dir='ltr'>πάρεισιν</span> <span class='ocrx_word' id='word_1_105' title='bbox 798 1496 890 1550; x_wconf 74' lang='grc' dir='ltr'><strong>ἐπὶ</strong></span> <span class='ocrx_word' id='word_1_106' title='bbox 919 1496 978 1550; x_wconf 79' lang='grc' dir='ltr'>τὸ</span> <span class='ocrx_word' id='word_1_107' title='bbox 1015 1496 1166 1569; x_wconf 86' lang='grc' dir='ltr'><strong>παρά</strong></span> <span class='ocrx_word' id='word_1_108' title='bbox 1201 1498 1277 1569; x_wconf 83' lang='grc' dir='ltr'><strong>τῷ</strong></span> <span class='ocrx_word' id='word_1_109' title='bbox 1317 1498 1535 1571; x_wconf 82' lang='grc' dir='ltr'><strong>Ἰωάννῃ</strong></span> <span class='ocrx_word' id='word_1_110' title='bbox 1564 1499 1759 1569; x_wconf 80' lang='grc' dir='ltr'>βάπτι-</span> 
     </span>
    </p>
   </div>
   <div class='ocr_carea' id='block_1_18' title="bbox 218 1586 1761 1661">
    <p class='ocr_par' dir='ltr' id='par_1_18' title="bbox 218 1586 1761 1661">
     <span class='ocr_line' id='line_1_18' title="bbox 218 1586 1761 1661; baseline 0.003 -21"><span class='ocrx_word' id='word_1_111' title='bbox 218 1603 343 1657; x_wconf 87' lang='grc' dir='ltr'>σμα·</span> <span class='ocrx_word' id='word_1_112' title='bbox 388 1587 479 1640; x_wconf 77' lang='grc' dir='ltr'><strong>καὶ</strong></span> <span class='ocrx_word' id='word_1_113' title='bbox 510 1586 758 1641; x_wconf 76' lang='grc' dir='ltr'>ἐντεῦθεν</span> <span class='ocrx_word' id='word_1_114' title='bbox 797 1588 1103 1659; x_wconf 85' lang='grc' dir='ltr'>άπάρχεται</span> <span class='ocrx_word' id='word_1_115' title='bbox 1138 1589 1239 1661; x_wconf 83' lang='grc' dir='ltr'><strong>τῆς</strong></span> <span class='ocrx_word' id='word_1_116' title='bbox 1282 1590 1627 1655; x_wconf 81' lang='grc' dir='ltr'>διδασκαλίας</span> <span class='ocrx_word' id='word_1_117' title='bbox 1666 1592 1761 1646; x_wconf 78' lang='grc' dir='ltr'>καὶ</span> 
     </span>
    </p>
   </div>
   <div class='ocr_carea' id='block_1_19' title="bbox 215 1676 1762 1753">
    <p class='ocr_par' dir='ltr' id='par_1_19' title="bbox 215 1676 1762 1753">
     <span class='ocr_line' id='line_1_19' title="bbox 215 1676 1762 1753; baseline 0.005 -24"><span class='ocrx_word' id='word_1_118' title='bbox 215 1677 310 1730; x_wconf 84' lang='grc' dir='ltr'><strong>τῶν</strong></span> <span class='ocrx_word' id='word_1_119' title='bbox 333 1676 621 1749; x_wconf 87' lang='grc' dir='ltr'>τεραστίων</span> <span class='ocrx_word' id='word_1_120' title='bbox 646 1677 819 1747; x_wconf 77' lang='grc' dir='ltr'>ἔργων</span> <span class='ocrx_word' id='word_1_121' title='bbox 836 1696 851 1709; x_wconf 88' lang='grc'><strong>·</strong></span> <span class='ocrx_word' id='word_1_122' title='bbox 880 1678 998 1732; x_wconf 87' lang='grc' dir='ltr'>τίνα</span> <span class='ocrx_word' id='word_1_123' title='bbox 1033 1680 1091 1733; x_wconf 82' lang='grc' dir='ltr'>δὲ</span> <span class='ocrx_word' id='word_1_124' title='bbox 1113 1680 1183 1734; x_wconf 86' lang='grc' dir='ltr'><strong>τά</strong></span> <span class='ocrx_word' id='word_1_125' title='bbox 1210 1681 1316 1753; x_wconf 82' lang='grc' dir='ltr'>πρὸ</span> <span class='ocrx_word' id='word_1_126' title='bbox 1338 1680 1762 1753; x_wconf 52' lang='grc' dir='ltr'>τοῦηβαπτίσμα-</span> 
     </span>
    </p>
   </div>
   <div class='ocr_carea' id='block_1_20' title="bbox 1857 488 3414 564">
    <p class='ocr_par' dir='ltr' id='par_1_20' title="bbox 1857 488 3414 564">
     <span class='ocr_line' id='line_1_20' title="bbox 1857 488 3414 564; baseline -0.001 -18"><span class='ocrx_word' id='word_1_127' title='bbox 1857 493 2074 564; x_wconf 80' lang='lat' dir='ltr'><strong>quidem</strong></span> <span class='ocrx_word' id='word_1_128' title='bbox 2126 493 2351 547; x_wconf 83' lang='lat' dir='ltr'><strong>Mariam</strong></span> <span class='ocrx_word' id='word_1_129' title='bbox 2395 492 2545 547; x_wconf 88' lang='lat' dir='ltr'><strong>nulla</strong></span> <span class='ocrx_word' id='word_1_130' title='bbox 2589 491 2825 547; x_wconf 76' lang='lat' dir='ltr'><strong>historia</strong></span> <span class='ocrx_word' id='word_1_131' title='bbox 2870 488 3077 545; x_wconf 85' lang='lat' dir='ltr'><strong>Davide</strong></span> <span class='ocrx_word' id='word_1_132' title='bbox 3128 491 3414 546; x_wconf 88' lang='lat' dir='ltr'><strong>oriundam</strong></span> 
     </span>
    </p>
   </div>
   <div class='ocr_carea' id='block_1_21' title="bbox 1857 580 3415 655">
    <p class='ocr_par' dir='ltr' id='par_1_21' title="bbox 1857 580 3415 655">
     <span class='ocr_line' id='line_1_21' title="bbox 1857 580 3415 655; baseline -0.004 -13"><span class='ocrx_word' id='word_1_133' title='bbox 1857 587 2217 644; x_wconf 69' lang='lat' dir='ltr'><strong>demonstrat.</strong></span> <span class='ocrx_word' id='word_1_134' title='bbox 2258 582 2488 642; x_wconf 80' lang='lat' dir='ltr'><strong>Temere</strong></span> <span class='ocrx_word' id='word_1_135' title='bbox 2536 584 2706 655; x_wconf 79' lang='lat' dir='ltr'><strong>igitur</strong></span> <span class='ocrx_word' id='word_1_136' title='bbox 2733 581 3085 655; x_wconf 69' lang='lat' dir='ltr'><strong>evangelista:</strong></span> <span class='ocrx_word' id='word_1_137' title='bbox 3135 580 3415 637; x_wconf 82' lang='lat' dir='ltr'><strong>Christum</strong></span> 
     </span>
    </p>
   </div>
   <div class='ocr_carea' id='block_1_22' title="bbox 1858 671 3419 747">
    <p class='ocr_par' dir='ltr' id='par_1_22' title="bbox 1858 671 3419 747">
     <span class='ocr_line' id='line_1_22' title="bbox 1858 671 3419 747; baseline -0.003 -17"><span class='ocrx_word' id='word_1_138' title='bbox 1858 675 2082 731; x_wconf 87' lang='lat' dir='ltr'><strong>Davidis</strong></span> <span class='ocrx_word' id='word_1_139' title='bbox 2112 689 2313 747; x_wconf 79' lang='lat' dir='ltr'><strong>genere</strong></span> <span class='ocrx_word' id='word_1_140' title='bbox 2343 681 2523 730; x_wconf 90' lang='lat' dir='ltr'><strong>ortum</strong></span> <span class='ocrx_word' id='word_1_141' title='bbox 2562 674 2864 737; x_wconf 84' lang='lat' dir='ltr'><strong>celebrant,</strong></span> <span class='ocrx_word' id='word_1_142' title='bbox 2889 688 3013 729; x_wconf 90' lang='lat' dir='ltr'><strong>cum</strong></span> <span class='ocrx_word' id='word_1_143' title='bbox 3044 688 3222 743; x_wconf 88' lang='lat' dir='ltr'><strong>neque</strong></span> <span class='ocrx_word' id='word_1_144' title='bbox 3254 674 3302 727; x_wconf 89' lang='lat' dir='ltr'><strong>is</strong></span> <span class='ocrx_word' id='word_1_145' title='bbox 3325 671 3419 727; x_wconf 83' lang='lat' dir='ltr'><strong>Jo—</strong></span> 
     </span>
    </p>
   </div>
   <div class='ocr_carea' id='block_1_23' title="bbox 1857 761 3418 839">
    <p class='ocr_par' dir='ltr' id='par_1_23' title="bbox 1857 761 3418 839">
     <span class='ocr_line' id='line_1_23' title="bbox 1857 761 3418 839; baseline -0.003 -16"><span class='ocrx_word' id='word_1_146' title='bbox 1857 766 2009 839; x_wconf 81' lang='lat' dir='ltr'><strong>sephi</strong></span> <span class='ocrx_word' id='word_1_147' title='bbox 2051 766 2124 820; x_wconf 88' lang='lat' dir='ltr'><strong>sit</strong></span> <span class='ocrx_word' id='word_1_148' title='bbox 2171 766 2347 837; x_wconf 72' lang='lat' dir='ltr'><strong>illius,</strong></span> <span class='ocrx_word' id='word_1_149' title='bbox 2386 779 2565 835; x_wconf 87' lang='lat' dir='ltr'><strong>neque</strong></span> <span class='ocrx_word' id='word_1_150' title='bbox 2596 763 2823 819; x_wconf 76' lang='lat' dir='ltr'><strong>Mariam</strong></span> <span class='ocrx_word' id='word_1_151' title='bbox 2869 764 2926 819; x_wconf 87' lang='lat' dir='ltr'><strong>in</strong></span> <span class='ocrx_word' id='word_1_152' title='bbox 2960 762 3164 818; x_wconf 82' lang='lat' dir='ltr'><strong>familia</strong></span> <span class='ocrx_word' id='word_1_153' title='bbox 3198 761 3418 820; x_wconf 87' lang='lat' dir='ltr'><strong>Davidis</strong></span> 
     </span>
    </p>
   </div>
   <div class='ocr_carea' id='block_1_24' title="bbox 1859 854 3414 928">
    <p class='ocr_par' dir='ltr' id='par_1_24' title="bbox 1859 854 3414 928">
     <span class='ocr_line' id='line_1_24' title="bbox 1859 854 3414 928; baseline -0.003 -16"><span class='ocrx_word' id='word_1_154' title='bbox 1859 857 2031 914; x_wconf 78' lang='lat' dir='ltr'><strong>fuisse</strong></span> <span class='ocrx_word' id='word_1_155' title='bbox 2050 856 2358 913; x_wconf 86' lang='lat' dir='ltr'><strong>docuerint.</strong></span> <span class='ocrx_word' id='word_1_156' title='bbox 2387 855 2779 928; x_wconf 79' lang='lat' dir='ltr'><strong>llujuscemodi</strong></span> <span class='ocrx_word' id='word_1_157' title='bbox 2810 862 2934 911; x_wconf 87' lang='lat' dir='ltr'><strong>erat</strong></span> <span class='ocrx_word' id='word_1_158' title='bbox 2958 855 3191 926; x_wconf 63' lang='lat' dir='ltr'><strong>quaestio</strong></span> <span class='ocrx_word' id='word_1_159' title='bbox 3215 854 3414 927; x_wconf 89' lang='lat' dir='ltr'><strong>prima,</strong></span> 
     </span>
    </p>
   </div>
   <div class='ocr_carea' id='block_1_25' title="bbox 1858 947 3245 1023">
    <p class='ocr_par' dir='ltr' id='par_1_25' title="bbox 1858 947 3245 1023">
     <span class='ocr_line' id='line_1_25' title="bbox 1858 947 3245 1023; baseline 0.001 -21"><span class='ocrx_word' id='word_1_160' title='bbox 1858 963 1979 1023; x_wconf 76' lang='lat' dir='ltr'><strong>qua:</strong></span> <span class='ocrx_word' id='word_1_161' title='bbox 2002 947 2083 1004; x_wconf 90' lang='lat' dir='ltr'><strong>sic</strong></span> <span class='ocrx_word' id='word_1_162' title='bbox 2113 947 2453 1003; x_wconf 83' lang='lat' dir='ltr'><strong>dissolvitur.</strong></span> <span class='ocrx_word' id='word_1_163' title='bbox 3239 966 3245 973; x_wconf 68' lang='grc'><strong>“</strong></span> 
     </span>
    </p>
   </div>
   <div class='ocr_carea' id='block_1_26' title="bbox 1931 1036 3418 1106">
    <p class='ocr_par' dir='ltr' id='par_1_26' title="bbox 1931 1036 3418 1106">
     <span class='ocr_line' id='line_1_26' title="bbox 1931 1036 3418 1106; baseline -0.005 -11"><span class='ocrx_word' id='word_1_164' title='bbox 1931 1039 1984 1095; x_wconf 78' lang='grc'><strong>1.</strong></span> <span class='ocrx_word' id='word_1_165' title='bbox 2026 1039 2137 1095; x_wconf 80' lang='lat' dir='ltr'><strong>Res</strong></span> <span class='ocrx_word' id='word_1_166' title='bbox 2182 1037 2315 1103; x_wconf 76' lang='lat' dir='ltr'><strong>Iesu</strong></span> <span class='ocrx_word' id='word_1_167' title='bbox 2355 1037 2561 1093; x_wconf 85' lang='lat' dir='ltr'><strong>Christi</strong></span> <span class='ocrx_word' id='word_1_168' title='bbox 2621 1036 2928 1097; x_wconf 69' lang='lat' dir='ltr'><strong>Senatoris</strong></span> <span class='ocrx_word' id='word_1_169' title='bbox 2983 1036 3162 1099; x_wconf 81' lang='lat' dir='ltr'><strong>nostri</strong></span> <span class='ocrx_word' id='word_1_170' title='bbox 3216 1036 3418 1106; x_wconf 85' lang='lat' dir='ltr'><strong>partim</strong></span> 
     </span>
    </p>
   </div>
   <div class='ocr_carea' id='block_1_27' title="bbox 1856 1127 3419 1203">
    <p class='ocr_par' dir='ltr' id='par_1_27' title="bbox 1856 1127 3419 1203">
     <span class='ocr_line' id='line_1_27' title="bbox 1856 1127 3419 1203; baseline -0.006 -13"><span class='ocrx_word' id='word_1_171' title='bbox 1856 1132 1996 1191; x_wconf 86' lang='lat' dir='ltr'><strong>clam</strong></span> <span class='ocrx_word' id='word_1_172' title='bbox 2032 1131 2231 1187; x_wconf 87' lang='lat' dir='ltr'><strong>habere</strong></span> <span class='ocrx_word' id='word_1_173' title='bbox 2270 1131 2559 1203; x_wconf 83' lang='lat' dir='ltr'><strong>oportebat</strong></span> <span class='ocrx_word' id='word_1_174' title='bbox 2583 1131 2801 1185; x_wconf 86' lang='lat' dir='ltr'><strong>illorum</strong></span> <span class='ocrx_word' id='word_1_175' title='bbox 2828 1141 3130 1200; x_wconf 78' lang='lat' dir='ltr'><strong>temporum</strong></span> <span class='ocrx_word' id='word_1_176' title='bbox 3181 1127 3419 1182; x_wconf 86' lang='lat' dir='ltr'><strong>homini-</strong></span> 
     </span>
    </p>
   </div>
   <div class='ocr_carea' id='block_1_28' title="bbox 1858 1218 3421 1293">
    <p class='ocr_par' dir='ltr' id='par_1_28' title="bbox 1858 1218 3421 1293">
     <span class='ocr_line' id='line_1_28' title="bbox 1858 1218 3421 1293; baseline -0.006 -12"><span class='ocrx_word' id='word_1_177' title='bbox 1858 1225 2001 1291; x_wconf 87' lang='lat' dir='ltr'><strong>bus:</strong></span> <span class='ocrx_word' id='word_1_178' title='bbox 2031 1223 2230 1293; x_wconf 86' lang='lat' dir='ltr'><strong>partim</strong></span> <span class='ocrx_word' id='word_1_179' title='bbox 2269 1238 2400 1278; x_wconf 89' lang='lat' dir='ltr'><strong>vero</strong></span> <span class='ocrx_word' id='word_1_180' title='bbox 2443 1222 2512 1278; x_wconf 88' lang='lat' dir='ltr'><strong>ad</strong></span> <span class='ocrx_word' id='word_1_181' title='bbox 2556 1237 2901 1287; x_wconf 88' lang='lat' dir='ltr'><strong>communem</strong></span> <span class='ocrx_word' id='word_1_182' title='bbox 2950 1221 3199 1279; x_wconf 82' lang='lat' dir='ltr'><strong>natitiam</strong></span> <span class='ocrx_word' id='word_1_183' title='bbox 3230 1218 3421 1277; x_wconf 69' lang='grc' dir='ltr'>εποιε-</span> 
     </span>
    </p>
   </div>
   <div class='ocr_carea' id='block_1_29' title="bbox 1859 1312 3422 1383">
    <p class='ocr_par' dir='ltr' id='par_1_29' title="bbox 1859 1312 3422 1383">
     <span class='ocr_line' id='line_1_29' title="bbox 1859 1312 3422 1383; baseline -0.003 -15"><span class='ocrx_word' id='word_1_184' title='bbox 1859 1314 2082 1380; x_wconf 84' lang='lat' dir='ltr'><strong>bantur,</strong></span> <span class='ocrx_word' id='word_1_185' title='bbox 2127 1328 2467 1383; x_wconf 67' lang='lat' dir='ltr'><strong>quaecunque</strong></span> <span class='ocrx_word' id='word_1_186' title='bbox 2518 1312 2869 1378; x_wconf 80' lang='lat' dir='ltr'><strong>audientibus</strong></span> <span class='ocrx_word' id='word_1_187' title='bbox 2921 1312 3210 1367; x_wconf 85' lang='lat' dir='ltr'><strong>utilitatem</strong></span> <span class='ocrx_word' id='word_1_188' title='bbox 3265 1315 3422 1365; x_wconf 76' lang='lat' dir='ltr'><strong>erant</strong></span> 
     </span>
    </p>
   </div>
   <div class='ocr_carea' id='block_1_30' title="bbox 1860 1403 3422 1474">
    <p class='ocr_par' dir='ltr' id='par_1_30' title="bbox 1860 1403 3422 1474">
     <span class='ocr_line' id='line_1_30' title="bbox 1860 1403 3422 1474; baseline -0.003 -13"><span class='ocrx_word' id='word_1_189' title='bbox 1860 1407 2125 1473; x_wconf 72' lang='lat' dir='ltr'><strong>allatum.</strong></span> <span class='ocrx_word' id='word_1_190' title='bbox 2165 1404 2342 1468; x_wconf 80' lang='lat' dir='ltr'><strong>Veluti</strong></span> <span class='ocrx_word' id='word_1_191' title='bbox 2373 1404 2560 1468; x_wconf 66' lang='lat' dir='ltr'><strong>Iesus,</strong></span> <span class='ocrx_word' id='word_1_192' title='bbox 2615 1412 2675 1467; x_wconf 88' lang='lat' dir='ltr'><strong>ut</strong></span> <span class='ocrx_word' id='word_1_193' title='bbox 2707 1404 2911 1474; x_wconf 90' lang='lat' dir='ltr'><strong>aliquid</strong></span> <span class='ocrx_word' id='word_1_194' title='bbox 2961 1403 3193 1473; x_wconf 77' lang='lat' dir='ltr'><strong>exempli</strong></span> <span class='ocrx_word' id='word_1_195' title='bbox 3235 1417 3422 1456; x_wconf 85' lang='lat' dir='ltr'><strong>causa</strong></span> 
     </span>
    </p>
   </div>
   <div class='ocr_carea' id='block_1_31' title="bbox 1858 1497 3421 1565">
    <p class='ocr_par' dir='ltr' id='par_1_31' title="bbox 1858 1497 3421 1565">
     <span class='ocr_line' id='line_1_31' title="bbox 1858 1497 3421 1565; baseline -0.003 -12"><span class='ocrx_word' id='word_1_196' title='bbox 1858 1497 2060 1565; x_wconf 89' lang='lat' dir='ltr'><strong>dicam,</strong></span> <span class='ocrx_word' id='word_1_197' title='bbox 2117 1497 2366 1552; x_wconf 82' lang='lat' dir='ltr'><strong>mortalis</strong></span> <span class='ocrx_word' id='word_1_198' title='bbox 2399 1498 2574 1551; x_wconf 84' lang='lat' dir='ltr'><strong>aelatis</strong></span> <span class='ocrx_word' id='word_1_199' title='bbox 2617 1497 2952 1557; x_wconf 79' lang='lat' dir='ltr'><strong>tricesimum</strong></span> <span class='ocrx_word' id='word_1_200' title='bbox 3004 1509 3206 1549; x_wconf 87' lang='lat' dir='ltr'><strong>annum</strong></span> <span class='ocrx_word' id='word_1_201' title='bbox 3240 1509 3421 1564; x_wconf 82' lang='lat' dir='ltr'><strong>agens</strong></span> 
     </span>
    </p>
   </div>
   <div class='ocr_carea' id='block_1_32' title="bbox 1860 1587 3423 1661">
    <p class='ocr_par' dir='ltr' id='par_1_32' title="bbox 1860 1587 3423 1661">
     <span class='ocr_line' id='line_1_32' title="bbox 1860 1587 3423 1661; baseline -0.003 -15"><span class='ocrx_word' id='word_1_202' title='bbox 1860 1592 2001 1646; x_wconf 89' lang='lat' dir='ltr'><strong>stitit</strong></span> <span class='ocrx_word' id='word_1_203' title='bbox 2022 1606 2081 1646; x_wconf 91' lang='lat' dir='ltr'><strong>se</strong></span> <span class='ocrx_word' id='word_1_204' title='bbox 2113 1591 2328 1661; x_wconf 85' lang='lat' dir='ltr'><strong>publice</strong></span> <span class='ocrx_word' id='word_1_205' title='bbox 2361 1589 2428 1644; x_wconf 89' lang='lat' dir='ltr'><strong>ad</strong></span> <span class='ocrx_word' id='word_1_206' title='bbox 2469 1588 2699 1644; x_wconf 85' lang='lat' dir='ltr'><strong>Joannis</strong></span> <span class='ocrx_word' id='word_1_207' title='bbox 2728 1589 3024 1658; x_wconf 87' lang='lat' dir='ltr'><strong>baptisma,</strong></span> <span class='ocrx_word' id='word_1_208' title='bbox 3080 1595 3244 1656; x_wconf 86' lang='lat' dir='ltr'><strong>atque</strong></span> <span class='ocrx_word' id='word_1_209' title='bbox 3295 1587 3423 1641; x_wconf 88' lang='lat' dir='ltr'><strong>hinc</strong></span> 
     </span>
    </p>
   </div>
   <div class='ocr_carea' id='block_1_33' title="bbox 1865 1680 3422 1753">
    <p class='ocr_par' dir='ltr' id='par_1_33' title="bbox 1865 1680 3422 1753">
     <span class='ocr_line' id='line_1_33' title="bbox 1865 1680 3422 1753; baseline -0.002 -16"><span class='ocrx_word' id='word_1_210' title='bbox 1865 1682 1994 1740; x_wconf 83' lang='lat' dir='ltr'><strong>fecit</strong></span> <span class='ocrx_word' id='word_1_211' title='bbox 2023 1683 2239 1744; x_wconf 85' lang='lat' dir='ltr'><strong>initium</strong></span> <span class='ocrx_word' id='word_1_212' title='bbox 2269 1682 2573 1753; x_wconf 78' lang='lat' dir='ltr'><strong>magisterii</strong></span> <span class='ocrx_word' id='word_1_213' title='bbox 2628 1683 2712 1737; x_wconf 88' lang='lat' dir='ltr'><strong>sui</strong></span> <span class='ocrx_word' id='word_1_214' title='bbox 2748 1696 2812 1735; x_wconf 89' lang='lat' dir='ltr'><strong>ac</strong></span> <span class='ocrx_word' id='word_1_215' title='bbox 2842 1681 3214 1752; x_wconf 77' lang='lat' dir='ltr'><strong>prodigiorum</strong></span> <span class='ocrx_word' id='word_1_216' title='bbox 3240 1700 3254 1736; x_wconf 89' lang='lat'>:</span> <span class='ocrx_word' id='word_1_217' title='bbox 3291 1680 3422 1750; x_wconf 86' lang='lat' dir='ltr'><strong>quid</strong></span> 
     </span>
    </p>
   </div>
   <div class='ocr_carea' id='block_1_34' title="bbox 215 1750 1760 1847">
    <p class='ocr_par' dir='ltr' id='par_1_34' title="bbox 215 1750 1760 1847">
     <span class='ocr_line' id='line_1_34' title="bbox 215 1750 1760 1847; baseline 0.004 -25"><span class='ocrx_word' id='word_1_218' title='bbox 215 1787 295 1835; x_wconf 70' lang='grc' dir='ltr'><strong>τος</strong></span> <span class='ocrx_word' id='word_1_219' title='bbox 325 1770 466 1834; x_wconf 78' lang='grc' dir='ltr'>ἐντὸς</span> <span class='ocrx_word' id='word_1_220' title='bbox 492 1770 631 1824; x_wconf 84' lang='grc' dir='ltr'>ὅλων</span> <span class='ocrx_word' id='word_1_221' title='bbox 655 1772 791 1825; x_wconf 80' lang='grc' dir='ltr'>ἐτῶν</span> <span class='ocrx_word' id='word_1_222' title='bbox 814 1773 1105 1844; x_wconf 84' lang='grc' dir='ltr'>τριάκοντα</span> <span class='ocrx_word' id='word_1_223' title='bbox 1139 1750 1645 1847; x_wconf 55' lang='grc' dir='ltr'>πραγθέντααὺτῷ,</span> <span class='ocrx_word' id='word_1_224' title='bbox 1663 1750 1760 1828; x_wconf 80' lang='grc' dir='ltr'><strong>οὐ·</strong></span> 
     </span>
    </p>
   </div>
   <div class='ocr_carea' id='block_1_35' title="bbox 1865 1750 3423 1847">
    <p class='ocr_par' dir='ltr' id='par_1_35' title="bbox 1865 1772 3423 1844">
     <span class='ocr_line' id='line_1_35' title="bbox 1865 1772 3423 1844; baseline -0.004 -14"><span class='ocrx_word' id='word_1_225' title='bbox 1865 1781 2046 1830; x_wconf 86' lang='lat' dir='ltr'><strong>tamen</strong></span> <span class='ocrx_word' id='word_1_226' title='bbox 2075 1774 2214 1829; x_wconf 88' lang='lat' dir='ltr'><strong>citra</strong></span> <span class='ocrx_word' id='word_1_227' title='bbox 2243 1773 2589 1829; x_wconf 84' lang='lat' dir='ltr'><strong>tricesimum</strong></span> <span class='ocrx_word' id='word_1_228' title='bbox 2629 1788 2832 1828; x_wconf 91' lang='lat' dir='ltr'><strong>annum</strong></span> <span class='ocrx_word' id='word_1_229' title='bbox 2862 1773 3115 1844; x_wconf 83' lang='lat' dir='ltr'><strong>gesserit,</strong></span> <span class='ocrx_word' id='word_1_230' title='bbox 3147 1772 3293 1826; x_wconf 90' lang='lat' dir='ltr'><strong>nulla</strong></span> <span class='ocrx_word' id='word_1_231' title='bbox 3340 1772 3423 1824; x_wconf 85' lang='lat' dir='ltr'><strong>hi-</strong></span> 
     </span>
    </p>
   </div>
   <div class='ocr_carea' id='block_1_36' title="bbox 214 1858 1764 1937">
    <p class='ocr_par' dir='ltr' id='par_1_36' title="bbox 214 1858 1764 1937">
     <span class='ocr_line' id='line_1_36' title="bbox 214 1858 1764 1937; baseline 0.003 -23"><span class='ocrx_word' id='word_1_232' title='bbox 214 1858 355 1928; x_wconf 80' lang='grc' dir='ltr'>δεμία</span> <span class='ocrx_word' id='word_1_233' title='bbox 382 1858 588 1930; x_wconf 82' lang='grc' dir='ltr'>ἱστορία</span> <span class='ocrx_word' id='word_1_234' title='bbox 619 1859 802 1931; x_wconf 82' lang='grc' dir='ltr'>δηλοῖ,</span> <span class='ocrx_word' id='word_1_235' title='bbox 828 1861 935 1915; x_wconf 77' lang='grc' dir='ltr'>οὐδ’</span> <span class='ocrx_word' id='word_1_236' title='bbox 969 1862 1114 1915; x_wconf 73' lang='grc' dir='ltr'>ἐστιν</span> <span class='ocrx_word' id='word_1_237' title='bbox 1145 1864 1252 1917; x_wconf 87' lang='grc' dir='ltr'><strong>ἀπό</strong></span> <span class='ocrx_word' id='word_1_238' title='bbox 1281 1881 1424 1927; x_wconf 88' lang='grc' dir='ltr'>τινος</span> <span class='ocrx_word' id='word_1_239' title='bbox 1447 1865 1595 1929; x_wconf 80' lang='grc' dir='ltr'>θείας</span> <span class='ocrx_word' id='word_1_240' title='bbox 1624 1865 1764 1937; x_wconf 86' lang='grc' dir='ltr'>Γρα-</span> 
     </span>
    </p>
   </div>
   <div class='ocr_carea' id='block_1_37' title="bbox 215 1950 1762 2027">
    <p class='ocr_par' dir='ltr' id='par_1_37' title="bbox 215 1950 1762 2027">
     <span class='ocr_line' id='line_1_37' title="bbox 215 1950 1762 2027; baseline 0.004 -22"><span class='ocrx_word' id='word_1_241' title='bbox 215 1950 308 2021; x_wconf 60' lang='lat' dir='ltr'><strong>qui];</strong></span> <span class='ocrx_word' id='word_1_242' title='bbox 332 1950 417 2004; x_wconf 88' lang='grc' dir='ltr'>τὸν</span> <span class='ocrx_word' id='word_1_243' title='bbox 434 1950 535 2023; x_wconf 82' lang='grc' dir='ltr'>πρὸ</span> <span class='ocrx_word' id='word_1_244' title='bbox 554 1952 747 2006; x_wconf 80' lang='grc' dir='ltr'>τούτου</span> <span class='ocrx_word' id='word_1_245' title='bbox 779 1954 1113 2025; x_wconf 83' lang='grc' dir='ltr'>καταμαθεῖν</span> <span class='ocrx_word' id='word_1_246' title='bbox 1141 1955 1303 2009; x_wconf 76' lang='grc' dir='ltr'>αὐτοῦ</span> <span class='ocrx_word' id='word_1_247' title='bbox 1331 1956 1462 2027; x_wconf 80' lang='grc' dir='ltr'>βίον.</span> <span class='ocrx_word' id='word_1_248' title='bbox 1488 1955 1648 2011; x_wconf 81' lang='grc' dir='ltr'>Ἀλλά</span> <span class='ocrx_word' id='word_1_249' title='bbox 1668 1956 1762 2011; x_wconf 72' lang='grc' dir='ltr'>καὶ</span> 
     </span>
    </p>
   </div>
   <div class='ocr_carea' id='block_1_38' title="bbox 215 2036 1764 2119">
    <p class='ocr_par' dir='ltr' id='par_1_38' title="bbox 215 2036 1764 2119">
     <span class='ocr_line' id='line_1_38' title="bbox 215 2036 1764 2119; baseline 0.006 -25"><span class='ocrx_word' id='word_1_250' title='bbox 215 2040 266 2108; x_wconf 75' lang='grc' dir='ltr'><strong>ἒξ</strong></span> <span class='ocrx_word' id='word_1_251' title='bbox 282 2036 438 2113; x_wconf 77' lang='grc' dir='ltr'>οὗπερ</span> <span class='ocrx_word' id='word_1_252' title='bbox 468 2045 548 2108; x_wconf 87' lang='grc' dir='ltr'><strong>είς</strong></span> <span class='ocrx_word' id='word_1_253' title='bbox 579 2045 788 2111; x_wconf 81' lang='grc' dir='ltr'>πάντας</span> <span class='ocrx_word' id='word_1_254' title='bbox 819 2046 1167 2118; x_wconf 80' lang='grc' dir='ltr'>ἐγνώσθη,τά</span> <span class='ocrx_word' id='word_1_255' title='bbox 1198 2049 1296 2119; x_wconf 82' lang='grc' dir='ltr'>μὲν</span> <span class='ocrx_word' id='word_1_256' title='bbox 1324 2051 1403 2113; x_wconf 86' lang='grc' dir='ltr'><strong>είς</strong></span> <span class='ocrx_word' id='word_1_257' title='bbox 1432 2050 1599 2114; x_wconf 86' lang='grc' dir='ltr'>ἀκοὰς</span> <span class='ocrx_word' id='word_1_258' title='bbox 1628 2050 1764 2105; x_wconf 88' lang='grc' dir='ltr'>πάν-</span> 
     </span>
    </p>
   </div>
   <div class='ocr_carea' id='block_1_39' title="bbox 215 2134 1763 2211">
    <p class='ocr_par' dir='ltr' id='par_1_39' title="bbox 215 2134 1763 2211">
     <span class='ocr_line' id='line_1_39' title="bbox 215 2134 1763 2211; baseline 0.006 -27"><span class='ocrx_word' id='word_1_259' title='bbox 215 2147 309 2186; x_wconf 87' lang='grc' dir='ltr'><strong>των</strong></span> <span class='ocrx_word' id='word_1_260' title='bbox 336 2134 614 2205; x_wconf 79' lang='grc' dir='ltr'>ἐκήρυττε,</span> <span class='ocrx_word' id='word_1_261' title='bbox 630 2136 698 2189; x_wconf 84' lang='grc' dir='ltr'>τὰ</span> <span class='ocrx_word' id='word_1_262' title='bbox 715 2136 772 2190; x_wconf 87' lang='grc' dir='ltr'>δὲ</span> <span class='ocrx_word' id='word_1_263' title='bbox 795 2137 987 2209; x_wconf 86' lang='grc' dir='ltr'>μόνους</span> <span class='ocrx_word' id='word_1_264' title='bbox 1015 2140 1137 2202; x_wconf 82' lang='grc' dir='ltr'>τοὺς</span> <span class='ocrx_word' id='word_1_265' title='bbox 1162 2138 1329 2193; x_wconf 83' lang='grc' dir='ltr'>αὑτοῦ</span> <span class='ocrx_word' id='word_1_266' title='bbox 1358 2139 1600 2211; x_wconf 82' lang='grc' dir='ltr'>μαθητάς</span> <span class='ocrx_word' id='word_1_267' title='bbox 1627 2140 1763 2211; x_wconf 75' lang='grc' dir='ltr'>ἐμυ-</span> 
     </span>
    </p>
   </div>
   <div class='ocr_carea' id='block_1_40' title="bbox 217 2222 1765 2302">
    <p class='ocr_par' dir='ltr' id='par_1_40' title="bbox 217 2222 1765 2302">
     <span class='ocr_line' id='line_1_40' title="bbox 217 2222 1765 2302; baseline 0.006 -28"><span class='ocrx_word' id='word_1_268' title='bbox 217 2222 495 2294; x_wconf 27' lang='grc' dir='ltr'>σταγὼγειι·</span> <span class='ocrx_word' id='word_1_269' title='bbox 531 2228 630 2281; x_wconf 79' lang='grc' dir='ltr'>καὶ</span> <span class='ocrx_word' id='word_1_270' title='bbox 658 2227 785 2281; x_wconf 80' lang='grc' dir='ltr'>ποτὲ</span> <span class='ocrx_word' id='word_1_271' title='bbox 815 2228 914 2299; x_wconf 82' lang='grc' dir='ltr'>μὲν</span> <span class='ocrx_word' id='word_1_272' title='bbox 946 2228 1381 2300; x_wconf 79' lang='grc' dir='ltr'>παραδοξοποιῶν</span> <span class='ocrx_word' id='word_1_273' title='bbox 1406 2230 1633 2302; x_wconf 84' lang='grc' dir='ltr'>παρῄνει</span> <span class='ocrx_word' id='word_1_274' title='bbox 1662 2248 1765 2302; x_wconf 86' lang='grc' dir='ltr'>μη-</span> 
     </span>
    </p>
   </div>
   <div class='ocr_carea' id='block_1_41' title="bbox 213 2310 1763 2391">
    <p class='ocr_par' dir='ltr' id='par_1_41' title="bbox 213 2310 1763 2391">
     <span class='ocr_line' id='line_1_41' title="bbox 213 2310 1763 2391; baseline 0.005 -25"><span class='ocrx_word' id='word_1_275' title='bbox 213 2310 310 2366; x_wconf 82' lang='grc' dir='ltr'>δενὶ</span> <span class='ocrx_word' id='word_1_276' title='bbox 331 2313 521 2382; x_wconf 88' lang='grc' dir='ltr'>λέγειν,</span> <span class='ocrx_word' id='word_1_277' title='bbox 559 2317 694 2370; x_wconf 84' lang='grc' dir='ltr'>ποτὲ</span> <span class='ocrx_word' id='word_1_278' title='bbox 722 2316 778 2370; x_wconf 78' lang='grc' dir='ltr'>δὲ</span> <span class='ocrx_word' id='word_1_279' title='bbox 796 2317 924 2371; x_wconf 79' lang='grc' dir='ltr'>ἄνευ</span> <span class='ocrx_word' id='word_1_280' title='bbox 942 2318 1041 2387; x_wconf 82' lang='grc' dir='ltr'><strong>τῆς</strong></span> <span class='ocrx_word' id='word_1_281' title='bbox 1064 2318 1273 2371; x_wconf 82' lang='grc' dir='ltr'>τοιᾶσδε</span> <span class='ocrx_word' id='word_1_282' title='bbox 1300 2320 1672 2391; x_wconf 85' lang='grc' dir='ltr'>παραινέσεως</span> <span class='ocrx_word' id='word_1_283' title='bbox 1693 2319 1763 2374; x_wconf 82' lang='grc' dir='ltr'><strong>τὰ</strong></span> 
     </span>
    </p>
   </div>
   <div class='ocr_carea' id='block_1_42' title="bbox 215 2403 1765 2481">
    <p class='ocr_par' dir='ltr' id='par_1_42' title="bbox 215 2403 1765 2481">
     <span class='ocr_line' id='line_1_42' title="bbox 215 2403 1765 2481; baseline 0.005 -24"><span class='ocrx_word' id='word_1_284' title='bbox 215 2403 467 2476; x_wconf 87' lang='grc' dir='ltr'>θαυμάσια</span> <span class='ocrx_word' id='word_1_285' title='bbox 497 2409 910 2480; x_wconf 77' lang='grc' dir='ltr'>κατειργάζετο.</span> <span class='ocrx_word' id='word_1_286' title='bbox 947 2411 1041 2463; x_wconf 82' lang='grc' dir='ltr'><strong>’Ἑν</strong></span> <span class='ocrx_word' id='word_1_287' title='bbox 1071 2409 1134 2481; x_wconf 79' lang='grc' dir='ltr'>δὴ</span> <span class='ocrx_word' id='word_1_288' title='bbox 1156 2406 1247 2464; x_wconf 80' lang='grc' dir='ltr'>οὖν</span> <span class='ocrx_word' id='word_1_289' title='bbox 1283 2411 1516 2481; x_wconf 81' lang='grc' dir='ltr'>μάλιστα</span> <span class='ocrx_word' id='word_1_290' title='bbox 1540 2411 1647 2464; x_wconf 86' lang='grc' dir='ltr'><strong>τῶν</strong></span> <span class='ocrx_word' id='word_1_291' title='bbox 1678 2428 1765 2464; x_wconf 89' lang='grc' dir='ltr'>σε-</span> 
     </span>
    </p>
   </div>
   <div class='ocr_carea' id='block_1_43' title="bbox 215 2494 1762 2573">
    <p class='ocr_par' dir='ltr' id='par_1_43' title="bbox 215 2494 1762 2573">
     <span class='ocr_line' id='line_1_43' title="bbox 215 2494 1762 2573; baseline 0.007 -28"><span class='ocrx_word' id='word_1_292' title='bbox 215 2494 448 2564; x_wconf 85' lang='grc' dir='ltr'>σιγῆσθαι</span> <span class='ocrx_word' id='word_1_293' title='bbox 491 2496 868 2569; x_wconf 86' lang='grc' dir='ltr'>δεδογμένων,</span> <span class='ocrx_word' id='word_1_294' title='bbox 902 2499 964 2552; x_wconf 82' lang='grc' dir='ltr'>τὸ</span> <span class='ocrx_word' id='word_1_295' title='bbox 1016 2500 1153 2554; x_wconf 85' lang='grc' dir='ltr'><strong>κατά</strong></span> <span class='ocrx_word' id='word_1_296' title='bbox 1198 2501 1297 2573; x_wconf 83' lang='grc' dir='ltr'>τὴν</span> <span class='ocrx_word' id='word_1_297' title='bbox 1343 2501 1552 2570; x_wconf 87' lang='grc' dir='ltr'>γένεσιν</span> <span class='ocrx_word' id='word_1_298' title='bbox 1598 2501 1762 2555; x_wconf 77' lang='grc' dir='ltr'>αὑτοῦ</span> 
     </span>
    </p>
   </div>
   <div class='ocr_carea' id='block_1_44' title="bbox 213 2584 1761 2667">
    <p class='ocr_par' dir='ltr' id='par_1_44' title="bbox 213 2584 1761 2667">
     <span class='ocr_line' id='line_1_44' title="bbox 213 2584 1761 2667; baseline 0.006 -30"><span class='ocrx_word' id='word_1_299' title='bbox 213 2585 378 2657; x_wconf 80' lang='grc' dir='ltr'>θαῦμα</span> <span class='ocrx_word' id='word_1_300' title='bbox 406 2584 492 2661; x_wconf 77' lang='grc' dir='ltr'><strong>ἦν’</strong></span> <span class='ocrx_word' id='word_1_301' title='bbox 522 2590 740 2655; x_wconf 80' lang='grc' dir='ltr'>οὐδενὸς</span> <span class='ocrx_word' id='word_1_302' title='bbox 770 2591 878 2645; x_wconf 87' lang='grc' dir='ltr'><strong>τῶν</strong></span> <span class='ocrx_word' id='word_1_303' title='bbox 905 2591 1025 2645; x_wconf 82' lang='grc' dir='ltr'>καθ’</span> <span class='ocrx_word' id='word_1_304' title='bbox 1058 2594 1116 2647; x_wconf 78' lang='grc' dir='ltr'>ὃν</span> <span class='ocrx_word' id='word_1_305' title='bbox 1154 2592 1533 2666; x_wconf 78' lang='grc' dir='ltr'>ὲνηνθρώπησε</span> <span class='ocrx_word' id='word_1_306' title='bbox 1554 2595 1761 2667; x_wconf 88' lang='grc' dir='ltr'>χρόνον,</span> 
     </span>
    </p>
   </div>
   <div class='ocr_carea' id='block_1_45' title="bbox 210 2675 1410 2754">
    <p class='ocr_par' dir='ltr' id='par_1_45' title="bbox 210 2675 1410 2754">
     <span class='ocr_line' id='line_1_45' title="bbox 210 2675 1410 2754; baseline 0.008 -26"><span class='ocrx_word' id='word_1_307' title='bbox 210 2675 386 2746; x_wconf 79' lang='grc' dir='ltr'>ὀλίγων</span> <span class='ocrx_word' id='word_1_308' title='bbox 413 2680 571 2745; x_wconf 78' lang='grc' dir='ltr'>ἐκτὸς</span> <span class='ocrx_word' id='word_1_309' title='bbox 604 2681 793 2735; x_wconf 84' lang='grc' dir='ltr'>τούτου</span> <span class='ocrx_word' id='word_1_310' title='bbox 826 2682 1027 2752; x_wconf 86' lang='grc' dir='ltr'>γνῶσιν</span> <span class='ocrx_word' id='word_1_311' title='bbox 1056 2684 1410 2754; x_wconf 79' lang='grc' dir='ltr'>κεκτημένου.</span> 
     </span>
    </p>
   </div>
   <div class='ocr_carea' id='block_1_46' title="bbox 273 2852 1761 2932">
    <p class='ocr_par' dir='ltr' id='par_1_46' title="bbox 273 2852 1761 2932">
     <span class='ocr_line' id='line_1_46' title="bbox 273 2852 1761 2932; baseline 0.005 -26"><span class='ocrx_word' id='word_1_312' title='bbox 273 2852 331 2924; x_wconf 81' lang='grc' dir='ltr'><strong>β’.</strong></span> <span class='ocrx_word' id='word_1_313' title='bbox 363 2856 567 2927; x_wconf 78' lang='grc' dir='ltr'>Φησὶδέ</span> <span class='ocrx_word' id='word_1_314' title='bbox 593 2874 693 2911; x_wconf 80' lang='grc' dir='ltr'><strong>που</strong></span> <span class='ocrx_word' id='word_1_315' title='bbox 710 2860 736 2912; x_wconf 86' lang='grc' dir='ltr'>ὁ</span> <span class='ocrx_word' id='word_1_316' title='bbox 754 2858 905 2927; x_wconf 76' lang='grc' dir='ltr'>ἅγιος</span> <span class='ocrx_word' id='word_1_317' title='bbox 924 2859 1062 2932; x_wconf 81' lang='grc' dir='ltr'>ἀνὴρ</span> <span class='ocrx_word' id='word_1_318' title='bbox 1079 2859 1365 2931; x_wconf 83' lang='grc' dir='ltr'>(Ἰγνάτιος</span> <span class='ocrx_word' id='word_1_319' title='bbox 1385 2858 1555 2932; x_wconf 77' lang='grc' dir='ltr'>ὄνομα</span> <span class='ocrx_word' id='word_1_320' title='bbox 1573 2860 1761 2931; x_wconf 80' lang='grc' dir='ltr'>αὐτῷ),</span> 
     </span>
    </p>
   </div>
   <div class='ocr_carea' id='block_1_47' title="bbox 209 2943 1764 3023">
    <p class='ocr_par' dir='ltr' id='par_1_47' title="bbox 209 2943 1764 3023">
     <span class='ocr_line' id='line_1_47' title="bbox 209 2943 1764 3023; baseline 0.002 -22"><span class='ocrx_word' id='word_1_321' title='bbox 209 2943 297 3014; x_wconf 83' lang='grc' dir='ltr'><strong>τῆς</strong></span> <span class='ocrx_word' id='word_1_322' title='bbox 346 2946 663 3018; x_wconf 76' lang='grc' dir='ltr'>Ἀντιοχέων</span> <span class='ocrx_word' id='word_1_323' title='bbox 691 2950 1011 3021; x_wconf 82' lang='grc' dir='ltr'>Ἐκκλησίας</span> <span class='ocrx_word' id='word_1_324' title='bbox 1058 2951 1306 3023; x_wconf 84' lang='grc' dir='ltr'>δεύτερος</span> <span class='ocrx_word' id='word_1_325' title='bbox 1344 2950 1580 3021; x_wconf 86' lang='grc' dir='ltr'>γεγονὼς</span> <span class='ocrx_word' id='word_1_326' title='bbox 1626 2950 1764 3023; x_wconf 83' lang='grc' dir='ltr'><strong>μετά</strong></span> 
     </span>
    </p>
   </div>
   <div class='ocr_carea' id='block_1_48' title="bbox 209 3038 1762 3116">
    <p class='ocr_par' dir='ltr' id='par_1_48' title="bbox 209 3038 1762 3116">
     <span class='ocr_line' id='line_1_48' title="bbox 209 3038 1762 3116; baseline 0.008 -29"><span class='ocrx_word' id='word_1_327' title='bbox 209 3038 320 3099; x_wconf 80' lang='grc' dir='ltr'>τοὺς</span> <span class='ocrx_word' id='word_1_328' title='bbox 351 3038 680 3104; x_wconf 83' lang='grc' dir='ltr'>ἀποστόλους</span> <span class='ocrx_word' id='word_1_329' title='bbox 703 3041 1017 3106; x_wconf 67' lang='grc' dir='ltr'>ἐπίσκοπος,</span> <span class='ocrx_word' id='word_1_330' title='bbox 1050 3043 1125 3106; x_wconf 87' lang='grc' dir='ltr'>ὡς</span> <span class='ocrx_word' id='word_1_331' title='bbox 1144 3042 1251 3114; x_wconf 78' lang='grc' dir='ltr'>ἄρα</span> <span class='ocrx_word' id='word_1_332' title='bbox 1286 3044 1381 3099; x_wconf 79' lang='grc' dir='ltr'>καὶ</span> <span class='ocrx_word' id='word_1_333' title='bbox 1405 3046 1499 3098; x_wconf 84' lang='grc' dir='ltr'>τὸν</span> <span class='ocrx_word' id='word_1_334' title='bbox 1529 3047 1762 3116; x_wconf 79' lang='grc' dir='ltr'>ἄρχοντα</span> 
     </span>
    </p>
   </div>
   <div class='ocr_carea' id='block_1_49' title="bbox 209 3127 1757 3210">
    <p class='ocr_par' dir='ltr' id='par_1_49' title="bbox 209 3127 1757 3210">
     <span class='ocr_line' id='line_1_49' title="bbox 209 3127 1757 3210; baseline 0.008 -30"><span class='ocrx_word' id='word_1_335' title='bbox 209 3127 290 3180; x_wconf 81' lang='grc' dir='ltr'>τοῦ</span> <span class='ocrx_word' id='word_1_336' title='bbox 311 3128 499 3195; x_wconf 84' lang='grc' dir='ltr'>αἰῶνος</span> <span class='ocrx_word' id='word_1_337' title='bbox 529 3132 726 3186; x_wconf 77' lang='grc' dir='ltr'>τούτου</span> <span class='ocrx_word' id='word_1_338' title='bbox 757 3133 941 3188; x_wconf 79' lang='grc' dir='ltr'>ἔλαθεν</span> <span class='ocrx_word' id='word_1_339' title='bbox 974 3136 1007 3206; x_wconf 86' lang='grc' dir='ltr'><strong>ἡ</strong></span> <span class='ocrx_word' id='word_1_340' title='bbox 1038 3136 1302 3209; x_wconf 87' lang='grc' dir='ltr'>παρθενία</span> <span class='ocrx_word' id='word_1_341' title='bbox 1334 3138 1572 3210; x_wconf 84' lang='grc' dir='ltr'>Μαρίας,</span> <span class='ocrx_word' id='word_1_342' title='bbox 1603 3137 1697 3192; x_wconf 73' lang='grc' dir='ltr'>καὶ</span> <span class='ocrx_word' id='word_1_343' title='bbox 1724 3140 1757 3210; x_wconf 78' lang='grc' dir='ltr'>ἡ</span> 
     </span>
    </p>
   </div>
   <div class='ocr_carea' id='block_1_50' title="bbox 208 3218 1761 3296">
    <p class='ocr_par' dir='ltr' id='par_1_50' title="bbox 208 3218 1761 3296">
     <span class='ocr_line' id='line_1_50' title="bbox 208 3218 1761 3296; baseline 0.008 -25"><span class='ocrx_word' id='word_1_344' title='bbox 208 3218 291 3272; x_wconf 81' lang='grc' dir='ltr'>τοῦ</span> <span class='ocrx_word' id='word_1_345' title='bbox 306 3221 549 3295; x_wconf 84' lang='grc' dir='ltr'>Σωτῆρος</span> <span class='ocrx_word' id='word_1_346' title='bbox 587 3223 645 3290; x_wconf 79' lang='grc' dir='ltr'>ἐξ</span> <span class='ocrx_word' id='word_1_347' title='bbox 670 3226 837 3294; x_wconf 80' lang='grc' dir='ltr'>αὐτῆς</span> <span class='ocrx_word' id='word_1_348' title='bbox 852 3226 1090 3295; x_wconf 82' lang='grc' dir='ltr'>γένεσις’</span> <span class='ocrx_word' id='word_1_349' title='bbox 1131 3228 1276 3296; x_wconf 83' lang='grc' dir='ltr'>λέγει</span> <span class='ocrx_word' id='word_1_350' title='bbox 1313 3228 1357 3281; x_wconf 87' lang='grc' dir='ltr'>δ’</span> <span class='ocrx_word' id='word_1_351' title='bbox 1388 3229 1579 3293; x_wconf 80' lang='grc' dir='ltr'>οὕτως·</span> <span class='ocrx_word' id='word_1_352' title='bbox 1604 3247 1622 3280; x_wconf 76' lang='grc' dir='ltr'><strong>ι</strong></span> <span class='ocrx_word' id='word_1_353' title='bbox 1652 3229 1761 3283; x_wconf 79' lang='grc' dir='ltr'><strong>Καὶ</strong></span> 
     </span>
    </p>
   </div>
   <div class='ocr_carea' id='block_1_51' title="bbox 209 3309 1761 3393">
    <p class='ocr_par' dir='ltr' id='par_1_51' title="bbox 209 3309 1761 3393">
     <span class='ocr_line' id='line_1_51' title="bbox 209 3309 1761 3393; baseline 0.008 -31"><span class='ocrx_word' id='word_1_354' title='bbox 209 3309 350 3365; x_wconf 80' lang='grc' dir='ltr'>ἔλαθε</span> <span class='ocrx_word' id='word_1_355' title='bbox 371 3314 459 3368; x_wconf 87' lang='grc' dir='ltr'>τὸν</span> <span class='ocrx_word' id='word_1_356' title='bbox 483 3315 724 3388; x_wconf 82' lang='grc' dir='ltr'>ἄρχοντα</span> <span class='ocrx_word' id='word_1_357' title='bbox 743 3316 836 3369; x_wconf 76' lang='grc' dir='ltr'>τοῦ</span> <span class='ocrx_word' id='word_1_358' title='bbox 868 3317 1060 3382; x_wconf 87' lang='grc' dir='ltr'>αἰῶνος</span> <span class='ocrx_word' id='word_1_359' title='bbox 1082 3318 1269 3372; x_wconf 76' lang='grc' dir='ltr'>τούτου</span> <span class='ocrx_word' id='word_1_360' title='bbox 1300 3322 1333 3391; x_wconf 82' lang='grc' dir='ltr'><strong>η</strong></span> <span class='ocrx_word' id='word_1_361' title='bbox 1370 3319 1629 3393; x_wconf 87' lang='grc' dir='ltr'>παρθενία</span> <span class='ocrx_word' id='word_1_362' title='bbox 1643 3321 1761 3374; x_wconf 83' lang='grc' dir='ltr'>Μα-</span> 
     </span>
    </p>
   </div>
   <div class='ocr_carea' id='block_1_52' title="bbox 211 3402 1760 3481">
    <p class='ocr_par' dir='ltr' id='par_1_52' title="bbox 211 3402 1760 3481">
     <span class='ocr_line' id='line_1_52' title="bbox 211 3402 1760 3481; baseline 0.006 -26"><span class='ocrx_word' id='word_1_363' title='bbox 211 3402 337 3474; x_wconf 85' lang='grc' dir='ltr'>ρίας,</span> <span class='ocrx_word' id='word_1_364' title='bbox 368 3407 461 3459; x_wconf 79' lang='grc' dir='ltr'>καὶ</span> <span class='ocrx_word' id='word_1_365' title='bbox 482 3409 512 3461; x_wconf 85' lang='grc' dir='ltr'><strong>ό</strong></span> <span class='ocrx_word' id='word_1_366' title='bbox 542 3408 765 3477; x_wconf 75' lang='grc' dir='ltr'>τοκετὸς</span> <span class='ocrx_word' id='word_1_367' title='bbox 791 3410 982 3481; x_wconf 81' lang='grc' dir='ltr'>αὐτῆς,</span> <span class='ocrx_word' id='word_1_368' title='bbox 1011 3410 1211 3479; x_wconf 84' lang='grc' dir='ltr'>ὁμοίως</span> <span class='ocrx_word' id='word_1_369' title='bbox 1240 3411 1334 3465; x_wconf 77' lang='grc' dir='ltr'>καὶ</span> <span class='ocrx_word' id='word_1_370' title='bbox 1359 3414 1388 3465; x_wconf 87' lang='grc' dir='ltr'>ὁ</span> <span class='ocrx_word' id='word_1_371' title='bbox 1415 3410 1641 3476; x_wconf 89' lang='grc' dir='ltr'>θάνατος</span> <span class='ocrx_word' id='word_1_372' title='bbox 1667 3411 1760 3465; x_wconf 83' lang='grc' dir='ltr'>τοῦ</span> 
     </span>
    </p>
   </div>
   <div class='ocr_carea' id='block_1_53' title="bbox 206 3493 1763 3574">
    <p class='ocr_par' dir='ltr' id='par_1_53' title="bbox 206 3493 1763 3574">
     <span class='ocr_line' id='line_1_53' title="bbox 206 3493 1763 3574; baseline 0.006 -28"><span class='ocrx_word' id='word_1_373' title='bbox 206 3493 452 3565; x_wconf 67' lang='grc' dir='ltr'>Χριστοῦ*</span> <span class='ocrx_word' id='word_1_374' title='bbox 498 3498 635 3569; x_wconf 83' lang='grc' dir='ltr'>τρία</span> <span class='ocrx_word' id='word_1_375' title='bbox 670 3500 941 3571; x_wconf 83' lang='grc' dir='ltr'>μυστήρια</span> <span class='ocrx_word' id='word_1_376' title='bbox 981 3501 1223 3572; x_wconf 83' lang='grc' dir='ltr'>κραυγῆς</span> <span class='ocrx_word' id='word_1_377' title='bbox 1248 3540 1263 3565; x_wconf 93' lang='grc'><strong>,</strong></span> <span class='ocrx_word' id='word_1_378' title='bbox 1299 3502 1454 3555; x_wconf 83' lang='grc' dir='ltr'>ἆτινα</span> <span class='ocrx_word' id='word_1_379' title='bbox 1481 3503 1539 3554; x_wconf 86' lang='grc' dir='ltr'>ὲν</span> <span class='ocrx_word' id='word_1_380' title='bbox 1565 3502 1763 3574; x_wconf 80' lang='grc' dir='ltr'>ἡσυχίᾳ</span> 
     </span>
    </p>
   </div>
   <div class='ocr_carea' id='block_1_54' title="bbox 206 3585 1760 3665">
    <p class='ocr_par' dir='ltr' id='par_1_54' title="bbox 206 3585 1760 3665">
     <span class='ocr_line' id='line_1_54' title="bbox 206 3585 1760 3665; baseline 0.006 -27"><span class='ocrx_word' id='word_1_381' title='bbox 206 3585 326 3641; x_wconf 87' lang='grc' dir='ltr'><strong>Θεοῦ</strong></span> <span class='ocrx_word' id='word_1_382' title='bbox 357 3589 626 3662; x_wconf 78' lang='grc' dir='ltr'><strong>ἐπράχθη.</strong></span> <span class='ocrx_word' id='word_1_383' title='bbox 656 3611 675 3643; x_wconf 70' lang='grc' dir='ltr'><strong>ι</strong></span> <span class='ocrx_word' id='word_1_384' title='bbox 708 3592 861 3645; x_wconf 86' lang='grc' dir='ltr'>Ἔστι</span> <span class='ocrx_word' id='word_1_385' title='bbox 892 3592 947 3645; x_wconf 85' lang='grc' dir='ltr'>δὲ</span> <span class='ocrx_word' id='word_1_386' title='bbox 971 3594 1064 3646; x_wconf 76' lang='grc' dir='ltr'>καὶ</span> <span class='ocrx_word' id='word_1_387' title='bbox 1085 3592 1327 3664; x_wconf 81' lang='grc' dir='ltr'>λογισμῷ</span> <span class='ocrx_word' id='word_1_388' title='bbox 1346 3593 1547 3657; x_wconf 73' lang='grc' dir='ltr'>λαϐεῖν,</span> <span class='ocrx_word' id='word_1_389' title='bbox 1574 3595 1654 3648; x_wconf 90' lang='grc' dir='ltr'>ὄτι</span> <span class='ocrx_word' id='word_1_390' title='bbox 1688 3594 1760 3665; x_wconf 81' lang='grc' dir='ltr'>μὴ</span> 
     </span>
    </p>
   </div>
   <div class='ocr_carea' id='block_1_55' title="bbox 206 3676 1760 3757">
    <p class='ocr_par' dir='ltr' id='par_1_55' title="bbox 206 3676 1760 3757">
     <span class='ocr_line' id='line_1_55' title="bbox 206 3676 1760 3757; baseline 0.006 -28"><span class='ocrx_word' id='word_1_391' title='bbox 206 3677 406 3733; x_wconf 83' lang='grc' dir='ltr'>πάντων</span> <span class='ocrx_word' id='word_1_392' title='bbox 437 3676 504 3753; x_wconf 81' lang='grc' dir='ltr'><strong>ἧν</strong></span> <span class='ocrx_word' id='word_1_393' title='bbox 524 3682 638 3735; x_wconf 87' lang='grc' dir='ltr'><strong>τῶν</strong></span> <span class='ocrx_word' id='word_1_394' title='bbox 665 3684 722 3735; x_wconf 83' lang='grc' dir='ltr'>ὲν</span> <span class='ocrx_word' id='word_1_395' title='bbox 762 3684 924 3755; x_wconf 77' lang='grc' dir='ltr'>σαρκὶ</span> <span class='ocrx_word' id='word_1_396' title='bbox 956 3682 1210 3753; x_wconf 78' lang='grc' dir='ltr'>βιούντων</span> <span class='ocrx_word' id='word_1_397' title='bbox 1241 3685 1331 3738; x_wconf 84' lang='grc' dir='ltr'>τὸν</span> <span class='ocrx_word' id='word_1_398' title='bbox 1356 3686 1587 3757; x_wconf 84' lang='grc' dir='ltr'>Χριστὸν</span> <span class='ocrx_word' id='word_1_399' title='bbox 1627 3685 1760 3739; x_wconf 82' lang='grc' dir='ltr'>Θεοῦ</span> 
     </span>
    </p>
   </div>
   <div class='ocr_carea' id='block_1_56' title="bbox 204 3768 1763 3850">
    <p class='ocr_par' dir='ltr' id='par_1_56' title="bbox 204 3768 1763 3850">
     <span class='ocr_line' id='line_1_56' title="bbox 204 3768 1763 3850; baseline 0.01 -30"><span class='ocrx_word' id='word_1_400' title='bbox 204 3768 288 3821; x_wconf 78' lang='grc' dir='ltr'><strong>καὶ</strong></span> <span class='ocrx_word' id='word_1_401' title='bbox 314 3771 407 3825; x_wconf 84' lang='grc' dir='ltr'>σὺν</span> <span class='ocrx_word' id='word_1_402' title='bbox 433 3772 741 3845; x_wconf 83' lang='grc' dir='ltr'>ἀνθρώποις</span> <span class='ocrx_word' id='word_1_403' title='bbox 756 3775 1160 3847; x_wconf 78' lang='grc' dir='ltr'>ἀναστραφέντα</span> <span class='ocrx_word' id='word_1_404' title='bbox 1174 3771 1262 3835; x_wconf 75' lang='grc' dir='ltr'>οἷα</span> <span class='ocrx_word' id='word_1_405' title='bbox 1282 3777 1455 3831; x_wconf 87' lang='grc' dir='ltr'>κοινὸν</span> <span class='ocrx_word' id='word_1_406' title='bbox 1482 3777 1577 3831; x_wconf 82' lang='grc' dir='ltr'>ἄνθ</span> <span class='ocrx_word' id='word_1_407' title='bbox 1586 3794 1763 3850; x_wconf 72' lang='grc' dir='ltr'>ρωπον</span> 
     </span>
    </p>
   </div>
   <div class='ocr_carea' id='block_1_57' title="bbox 204 3862 1762 3942">
    <p class='ocr_par' dir='ltr' id='par_1_57' title="bbox 204 3862 1762 3942">
     <span class='ocr_line' id='line_1_57' title="bbox 204 3862 1762 3942; baseline 0.004 -26"><span class='ocrx_word' id='word_1_408' title='bbox 204 3862 458 3932; x_wconf 76' lang='grc' dir='ltr'>ὁρώντων,</span> <span class='ocrx_word' id='word_1_409' title='bbox 485 3866 547 3919; x_wconf 85' lang='grc' dir='ltr'>τὸ</span> <span class='ocrx_word' id='word_1_410' title='bbox 577 3866 833 3921; x_wconf 84' lang='grc' dir='ltr'>δύνασθαι</span> <span class='ocrx_word' id='word_1_411' title='bbox 864 3867 1135 3922; x_wconf 84' lang='grc' dir='ltr'>πιστεύειν</span> <span class='ocrx_word' id='word_1_412' title='bbox 1177 3869 1236 3935; x_wconf 81' lang='grc' dir='ltr'><strong>ἐξ</strong></span> <span class='ocrx_word' id='word_1_413' title='bbox 1263 3869 1637 3942; x_wconf 85' lang='grc' dir='ltr'>ἀπειρογάμου</span> <span class='ocrx_word' id='word_1_414' title='bbox 1669 3870 1762 3924; x_wconf 60' lang='grc' dir='ltr'>κόν</span> 
     </span>
    </p>
   </div>
   <div class='ocr_carea' id='block_1_58' title="bbox 207 3946 1763 4031">
    <p class='ocr_par' dir='ltr' id='par_1_58' title="bbox 207 3946 1763 4031">
     <span class='ocr_line' id='line_1_58' title="bbox 207 3946 1763 4031; baseline 0.003 -21"><span class='ocrx_word' id='word_1_415' title='bbox 207 3969 299 4022; x_wconf 86' lang='grc' dir='ltr'><strong>ρης</strong></span> <span class='ocrx_word' id='word_1_416' title='bbox 322 3956 482 4011; x_wconf 81' lang='grc' dir='ltr'>αὐτὸν</span> <span class='ocrx_word' id='word_1_417' title='bbox 506 3957 632 4028; x_wconf 84' lang='grc' dir='ltr'>δίχα</span> <span class='ocrx_word' id='word_1_418' title='bbox 661 3959 866 4031; x_wconf 83' lang='grc' dir='ltr'>πατρὸς</span> <span class='ocrx_word' id='word_1_419' title='bbox 890 3959 1170 4028; x_wconf 84' lang='grc' dir='ltr'>γεγονέναι</span> <span class='ocrx_word' id='word_1_420' title='bbox 1197 3946 1303 4015; x_wconf 71' lang='grc' dir='ltr'>οὐδ’</span> <span class='ocrx_word' id='word_1_421' title='bbox 1329 3963 1409 4024; x_wconf 87' lang='grc' dir='ltr'><strong>είς</strong></span> <span class='ocrx_word' id='word_1_422' title='bbox 1424 3960 1649 4025; x_wconf 78' lang='grc' dir='ltr'>πολλοὺς</span> <span class='ocrx_word' id='word_1_423' title='bbox 1671 3963 1763 4015; x_wconf 80' lang='grc' dir='ltr'><strong>ἐκ·</strong></span> 
     </span>
    </p>
   </div>
   <div class='ocr_carea' id='block_1_59' title="bbox 204 4045 1764 4125">
    <p class='ocr_par' dir='ltr' id='par_1_59' title="bbox 204 4045 1764 4125">
     <span class='ocr_line' id='line_1_59' title="bbox 204 4045 1764 4125; baseline 0.007 -28"><span class='ocrx_word' id='word_1_424' title='bbox 204 4045 395 4116; x_wconf 75' lang='grc' dir='ltr'>φέρειν,</span> <span class='ocrx_word' id='word_1_425' title='bbox 435 4048 519 4102; x_wconf 80' lang='grc' dir='ltr'>ὅτι</span> <span class='ocrx_word' id='word_1_426' title='bbox 556 4048 633 4121; x_wconf 78' lang='grc' dir='ltr'>μὴ</span> <span class='ocrx_word' id='word_1_427' title='bbox 673 4052 738 4104; x_wconf 80' lang='grc' dir='ltr'>ἐκ</span> <span class='ocrx_word' id='word_1_428' title='bbox 767 4048 861 4103; x_wconf 80' lang='grc' dir='ltr'><strong>τοῦ</strong></span> <span class='ocrx_word' id='word_1_429' title='bbox 902 4052 1100 4123; x_wconf 83' lang='grc' dir='ltr'>Ἰωσὴφ</span> <span class='ocrx_word' id='word_1_430' title='bbox 1136 4053 1169 4124; x_wconf 83' lang='grc' dir='ltr'>ή</span> <span class='ocrx_word' id='word_1_431' title='bbox 1211 4053 1398 4125; x_wconf 86' lang='grc' dir='ltr'>Μαρία</span> <span class='ocrx_word' id='word_1_432' title='bbox 1430 4052 1764 4119; x_wconf 78' lang='grc' dir='ltr'>συλλαϐοῦσα</span> 
     </span>
    </p>
   </div>
   <div class='ocr_carea' id='block_1_60' title="bbox 203 4134 1763 4218">
    <p class='ocr_par' dir='ltr' id='par_1_60' title="bbox 203 4134 1763 4218">
     <span class='ocr_line' id='line_1_60' title="bbox 203 4134 1763 4218; baseline 0.008 -29"><span class='ocrx_word' id='word_1_433' title='bbox 203 4134 286 4189; x_wconf 76' lang='grc' dir='ltr'>τὸν</span> <span class='ocrx_word' id='word_1_434' title='bbox 328 4139 538 4211; x_wconf 76' lang='grc' dir='ltr'>Ἰησοῦν</span> <span class='ocrx_word' id='word_1_435' title='bbox 572 4143 786 4210; x_wconf 74' lang='grc' dir='ltr'>ἐγέννα,</span> <span class='ocrx_word' id='word_1_436' title='bbox 812 4143 1080 4208; x_wconf 86' lang='grc' dir='ltr'>λυσιτιλὲς</span> <span class='ocrx_word' id='word_1_437' title='bbox 1100 4140 1187 4216; x_wconf 78' lang='grc' dir='ltr'><strong>ἦν’</strong></span> <span class='ocrx_word' id='word_1_438' title='bbox 1216 4141 1252 4217; x_wconf 80' lang='grc' dir='ltr'>ἦ</span> <span class='ocrx_word' id='word_1_439' title='bbox 1275 4145 1384 4218; x_wconf 86' lang='grc' dir='ltr'><strong>γάρ</strong></span> <span class='ocrx_word' id='word_1_440' title='bbox 1410 4145 1475 4201; x_wconf 85' lang='grc' dir='ltr'>ἂν</span> <span class='ocrx_word' id='word_1_441' title='bbox 1496 4149 1588 4201; x_wconf 78' lang='grc' dir='ltr'><strong>καὶ</strong></span> <span class='ocrx_word' id='word_1_442' title='bbox 1610 4147 1763 4217; x_wconf 80' lang='grc' dir='ltr'>δίκην</span> 
     </span>
    </p>
   </div>
   <div class='ocr_carea' id='block_1_61' title="bbox 203 4228 1765 4309">
    <p class='ocr_par' dir='ltr' id='par_1_61' title="bbox 203 4228 1765 4309">
     <span class='ocr_line' id='line_1_61' title="bbox 203 4228 1765 4309; baseline 0.008 -29"><span class='ocrx_word' id='word_1_443' title='bbox 203 4228 332 4283; x_wconf 83' lang='grc' dir='ltr'><strong>κατά</strong></span> <span class='ocrx_word' id='word_1_444' title='bbox 363 4230 454 4285; x_wconf 86' lang='grc' dir='ltr'>τὸν</span> <span class='ocrx_word' id='word_1_445' title='bbox 486 4232 767 4302; x_wconf 73' lang='grc' dir='ltr'>Μωῡσέως</span> <span class='ocrx_word' id='word_1_446' title='bbox 797 4233 960 4304; x_wconf 90' lang='grc' dir='ltr'>νόμον</span> <span class='ocrx_word' id='word_1_447' title='bbox 996 4234 1028 4305; x_wconf 79' lang='grc' dir='ltr'><strong>ἡ</strong></span> <span class='ocrx_word' id='word_1_448' title='bbox 1067 4234 1332 4307; x_wconf 85' lang='grc' dir='ltr'>παρθένος</span> <span class='ocrx_word' id='word_1_449' title='bbox 1373 4237 1640 4309; x_wconf 85' lang='grc' dir='ltr'>ὑπέσχεν,</span> <span class='ocrx_word' id='word_1_450' title='bbox 1688 4238 1765 4301; x_wconf 84' lang='grc' dir='ltr'>ὡς</span> 
     </span>
    </p>
   </div>
   <div class='ocr_carea' id='block_1_62' title="bbox 202 4317 1764 4400">
    <p class='ocr_par' dir='ltr' id='par_1_62' title="bbox 202 4317 1764 4400">
     <span class='ocr_line' id='line_1_62' title="bbox 202 4317 1764 4400; baseline 0.007 -30"><span class='ocrx_word' id='word_1_451' title='bbox 202 4317 300 4388; x_wconf 80' lang='grc' dir='ltr'><strong>πρὸ</strong></span> <span class='ocrx_word' id='word_1_452' title='bbox 326 4319 476 4392; x_wconf 84' lang='grc' dir='ltr'>ῶρας</span> <span class='ocrx_word' id='word_1_453' title='bbox 503 4324 684 4393; x_wconf 85' lang='grc' dir='ltr'>γάμου</span> <span class='ocrx_word' id='word_1_454' title='bbox 708 4323 1059 4397; x_wconf 83' lang='grc' dir='ltr'>διαφθαρεῖσα</span> <span class='ocrx_word' id='word_1_455' title='bbox 1095 4326 1193 4397; x_wconf 87' lang='grc' dir='ltr'><strong>τὴν</strong></span> <span class='ocrx_word' id='word_1_456' title='bbox 1222 4326 1514 4399; x_wconf 85' lang='grc' dir='ltr'>παρθενίαν</span> <span class='ocrx_word' id='word_1_457' title='bbox 1536 4344 1549 4358; x_wconf 85' lang='grc'><strong>·</strong></span> <span class='ocrx_word' id='word_1_458' title='bbox 1578 4327 1764 4400; x_wconf 84' lang='grc' dir='ltr'>διόπερ</span> 
     </span>
    </p>
   </div>
   <div class='ocr_carea' id='block_1_63' title="bbox 1860 1864 3423 1936">
    <p class='ocr_par' dir='ltr' id='par_1_63' title="bbox 1860 1864 3423 1936">
     <span class='ocr_line' id='line_1_63' title="bbox 1860 1864 3423 1936; baseline -0.005 -12"><span class='ocrx_word' id='word_1_459' title='bbox 1860 1868 2033 1925; x_wconf 89' lang='lat' dir='ltr'><strong>storia</strong></span> <span class='ocrx_word' id='word_1_460' title='bbox 2077 1867 2273 1931; x_wconf 89' lang='lat' dir='ltr'><strong>docet;</strong></span> <span class='ocrx_word' id='word_1_461' title='bbox 2328 1882 2507 1936; x_wconf 86' lang='lat' dir='ltr'><strong>neque</strong></span> <span class='ocrx_word' id='word_1_462' title='bbox 2555 1882 2621 1920; x_wconf 81' lang='lat' dir='ltr'><strong>ex</strong></span> <span class='ocrx_word' id='word_1_463' title='bbox 2672 1866 2783 1929; x_wconf 83' lang='lat' dir='ltr'><strong>ulla</strong></span> <span class='ocrx_word' id='word_1_464' title='bbox 2826 1865 3037 1920; x_wconf 63' lang='lat' dir='ltr'><strong>divinae</strong></span> <span class='ocrx_word' id='word_1_465' title='bbox 3077 1864 3423 1925; x_wconf 81' lang='lat' dir='ltr'><strong>auctoritatis</strong></span> 
     </span>
    </p>
   </div>
   <div class='ocr_carea' id='block_1_64' title="bbox 1864 1951 3423 2033">
    <p class='ocr_par' dir='ltr' id='par_1_64' title="bbox 1864 1951 3423 2033">
     <span class='ocr_line' id='line_1_64' title="bbox 1864 1951 3423 2033; baseline -0.004 -20"><span class='ocrx_word' id='word_1_466' title='bbox 1864 1956 2144 2033; x_wconf 87' lang='lat' dir='ltr'><strong>Scriptura</strong></span> <span class='ocrx_word' id='word_1_467' title='bbox 2174 1960 2512 2029; x_wconf 84' lang='lat' dir='ltr'><strong>superiorem</strong></span> <span class='ocrx_word' id='word_1_468' title='bbox 2546 1959 2710 2011; x_wconf 86' lang='lat' dir='ltr'><strong>vitam</strong></span> <span class='ocrx_word' id='word_1_469' title='bbox 2741 1956 2861 2025; x_wconf 87' lang='lat' dir='ltr'><strong>ejus</strong></span> <span class='ocrx_word' id='word_1_470' title='bbox 2899 1955 3114 2011; x_wconf 88' lang='lat' dir='ltr'><strong>discere</strong></span> <span class='ocrx_word' id='word_1_471' title='bbox 3140 1954 3285 2009; x_wconf 89' lang='lat' dir='ltr'><strong>licet.</strong></span> <span class='ocrx_word' id='word_1_472' title='bbox 3316 1951 3423 2008; x_wconf 88' lang='lat' dir='ltr'><strong>Sed</strong></span> 
     </span>
    </p>
   </div>
   <div class='ocr_carea' id='block_1_65' title="bbox 1861 2046 3424 2122">
    <p class='ocr_par' dir='ltr' id='par_1_65' title="bbox 1861 2046 3424 2122">
     <span class='ocr_line' id='line_1_65' title="bbox 1861 2046 3424 2122; baseline -0.006 -14"><span class='ocrx_word' id='word_1_473' title='bbox 1861 2053 2007 2108; x_wconf 87' lang='lat' dir='ltr'><strong>enim</strong></span> <span class='ocrx_word' id='word_1_474' title='bbox 2058 2061 2349 2122; x_wconf 81' lang='lat' dir='ltr'><strong>postquam</strong></span> <span class='ocrx_word' id='word_1_475' title='bbox 2399 2051 2564 2107; x_wconf 86' lang='lat' dir='ltr'><strong>etiam</strong></span> <span class='ocrx_word' id='word_1_476' title='bbox 2606 2049 2810 2103; x_wconf 88' lang='lat' dir='ltr'><strong>nemini</strong></span> <span class='ocrx_word' id='word_1_477' title='bbox 2861 2049 3079 2117; x_wconf 85' lang='lat' dir='ltr'><strong>ignotus</strong></span> <span class='ocrx_word' id='word_1_478' title='bbox 3128 2053 3268 2109; x_wconf 89' lang='lat' dir='ltr'><strong>erat,</strong></span> <span class='ocrx_word' id='word_1_479' title='bbox 3317 2046 3424 2100; x_wconf 89' lang='lat' dir='ltr'><strong>alia</strong></span> 
     </span>
    </p>
   </div>
   <div class='ocr_carea' id='block_1_66' title="bbox 1862 2137 3423 2214">
    <p class='ocr_par' dir='ltr' id='par_1_66' title="bbox 1862 2137 3423 2214">
     <span class='ocr_line' id='line_1_66' title="bbox 1862 2137 3423 2214; baseline -0.006 -15"><span class='ocrx_word' id='word_1_480' title='bbox 1862 2143 2083 2214; x_wconf 90' lang='lat' dir='ltr'><strong>quidem</strong></span> <span class='ocrx_word' id='word_1_481' title='bbox 2114 2143 2467 2198; x_wconf 85' lang='lat' dir='ltr'><strong>audientibus</strong></span> <span class='ocrx_word' id='word_1_482' title='bbox 2498 2140 2757 2197; x_wconf 86' lang='lat' dir='ltr'><strong>omnibus</strong></span> <span class='ocrx_word' id='word_1_483' title='bbox 2785 2138 3140 2211; x_wconf 72' lang='lat' dir='ltr'><strong>predicabat;</strong></span> <span class='ocrx_word' id='word_1_484' title='bbox 3172 2137 3295 2191; x_wconf 87' lang='lat' dir='ltr'><strong>aliis</strong></span> <span class='ocrx_word' id='word_1_485' title='bbox 3320 2149 3423 2191; x_wconf 89' lang='lat' dir='ltr'><strong>au-</strong></span> 
     </span>
    </p>
   </div>
   <div class='ocr_carea' id='block_1_67' title="bbox 1862 2223 3425 2305">
    <p class='ocr_par' dir='ltr' id='par_1_67' title="bbox 1862 2223 3425 2305">
     <span class='ocr_line' id='line_1_67' title="bbox 1862 2223 3425 2305; baseline -0.008 -14"><span class='ocrx_word' id='word_1_486' title='bbox 1862 2241 1995 2299; x_wconf 86' lang='lat' dir='ltr'><strong>tem,</strong></span> <span class='ocrx_word' id='word_1_487' title='bbox 2041 2242 2298 2305; x_wconf 89' lang='lat' dir='ltr'><strong>tanquam</strong></span> <span class='ocrx_word' id='word_1_488' title='bbox 2345 2232 2641 2304; x_wconf 72' lang='lat' dir='ltr'><strong>mysteriis,</strong></span> <span class='ocrx_word' id='word_1_489' title='bbox 2689 2229 2992 2299; x_wconf 86' lang='lat' dir='ltr'><strong>discipulos</strong></span> <span class='ocrx_word' id='word_1_490' title='bbox 3044 2223 3425 2293; x_wconf 82' lang='lat' dir='ltr'><strong>tantummodo</strong></span> 
     </span>
    </p>
   </div>
   <div class='ocr_carea' id='block_1_68' title="bbox 1863 2317 3425 2393">
    <p class='ocr_par' dir='ltr' id='par_1_68' title="bbox 1863 2317 3425 2393">
     <span class='ocr_line' id='line_1_68' title="bbox 1863 2317 3425 2393; baseline -0.009 -9"><span class='ocrx_word' id='word_1_491' title='bbox 1863 2341 1994 2384; x_wconf 86' lang='lat' dir='ltr'><strong>suos</strong></span> <span class='ocrx_word' id='word_1_492' title='bbox 2043 2326 2334 2381; x_wconf 89' lang='lat' dir='ltr'><strong>initiabat:</strong></span> <span class='ocrx_word' id='word_1_493' title='bbox 2374 2340 2441 2380; x_wconf 87' lang='lat' dir='ltr'><strong>ac</strong></span> <span class='ocrx_word' id='word_1_494' title='bbox 2468 2324 2631 2379; x_wconf 91' lang='lat' dir='ltr'><strong>modo</strong></span> <span class='ocrx_word' id='word_1_495' title='bbox 2663 2322 2909 2393; x_wconf 82' lang='lat' dir='ltr'><strong>prodigia</strong></span> <span class='ocrx_word' id='word_1_496' title='bbox 2940 2321 3009 2377; x_wconf 87' lang='lat' dir='ltr'><strong>ab</strong></span> <span class='ocrx_word' id='word_1_497' title='bbox 3040 2334 3101 2379; x_wconf 82' lang='lat' dir='ltr'><strong>se</strong></span> <span class='ocrx_word' id='word_1_498' title='bbox 3150 2319 3295 2375; x_wconf 87' lang='lat' dir='ltr'><strong>edita</strong></span> <span class='ocrx_word' id='word_1_499' title='bbox 3339 2317 3425 2372; x_wconf 81' lang='lat' dir='ltr'><strong>di~</strong></span> 
     </span>
    </p>
   </div>
   <div class='ocr_carea' id='block_1_69' title="bbox 1862 2400 3424 2487">
    <p class='ocr_par' dir='ltr' id='par_1_69' title="bbox 1862 2400 3424 2487">
     <span class='ocr_line' id='line_1_69' title="bbox 1862 2400 3424 2487; baseline -0.004 -18"><span class='ocrx_word' id='word_1_500' title='bbox 1862 2418 2073 2487; x_wconf 86' lang='lat' dir='ltr'><strong>vulgari</strong></span> <span class='ocrx_word' id='word_1_501' title='bbox 2126 2400 2364 2480; x_wconf 87' lang='lat' dir='ltr'><strong>nolebat,</strong></span> <span class='ocrx_word' id='word_1_502' title='bbox 2399 2415 2561 2471; x_wconf 90' lang='lat' dir='ltr'><strong>modo</strong></span> <span class='ocrx_word' id='word_1_503' title='bbox 2609 2415 2729 2470; x_wconf 91' lang='lat' dir='ltr'><strong>sine</strong></span> <span class='ocrx_word' id='word_1_504' title='bbox 2775 2414 2889 2469; x_wconf 91' lang='lat' dir='ltr'><strong>ullo</strong></span> <span class='ocrx_word' id='word_1_505' title='bbox 2938 2411 3210 2484; x_wconf 83' lang='lat' dir='ltr'><strong>ejusmodi</strong></span> <span class='ocrx_word' id='word_1_506' title='bbox 3256 2410 3424 2465; x_wconf 88' lang='lat' dir='ltr'><strong>vetito</strong></span> 
     </span>
    </p>
   </div>
   <div class='ocr_carea' id='block_1_70' title="bbox 1863 2504 3425 2577">
    <p class='ocr_par' dir='ltr' id='par_1_70' title="bbox 1863 2504 3425 2577">
     <span class='ocr_line' id='line_1_70' title="bbox 1863 2504 3425 2577; baseline -0.005 -12"><span class='ocrx_word' id='word_1_507' title='bbox 1863 2510 2127 2565; x_wconf 86' lang='lat' dir='ltr'><strong>miracula</strong></span> <span class='ocrx_word' id='word_1_508' title='bbox 2162 2508 2418 2564; x_wconf 80' lang='lat' dir='ltr'><strong>faciebat.</strong></span> <span class='ocrx_word' id='word_1_509' title='bbox 2472 2506 2591 2562; x_wconf 80' lang='lat' dir='ltr'><strong>Jam</strong></span> <span class='ocrx_word' id='word_1_510' title='bbox 2641 2508 2696 2562; x_wconf 94' lang='lat' dir='ltr'><strong>in</strong></span> <span class='ocrx_word' id='word_1_511' title='bbox 2745 2508 2838 2571; x_wconf 88' lang='lat' dir='ltr'><strong>iis,</strong></span> <span class='ocrx_word' id='word_1_512' title='bbox 2886 2519 3009 2577; x_wconf 74' lang='lat' dir='ltr'><strong>quze</strong></span> <span class='ocrx_word' id='word_1_513' title='bbox 3049 2504 3267 2566; x_wconf 86' lang='lat' dir='ltr'><strong>silentio</strong></span> <span class='ocrx_word' id='word_1_514' title='bbox 3300 2518 3425 2573; x_wconf 87' lang='lat' dir='ltr'><strong>pre-</strong></span> 
     </span>
    </p>
   </div>
   <div class='ocr_carea' id='block_1_71' title="bbox 1863 2592 3425 2672">
    <p class='ocr_par' dir='ltr' id='par_1_71' title="bbox 1863 2592 3425 2672">
     <span class='ocr_line' id='line_1_71' title="bbox 1863 2592 3425 2672; baseline -0.007 -15"><span class='ocrx_word' id='word_1_515' title='bbox 1863 2617 2012 2657; x_wconf 87' lang='lat' dir='ltr'><strong>mere</strong></span> <span class='ocrx_word' id='word_1_516' title='bbox 2041 2603 2262 2672; x_wconf 85' lang='lat' dir='ltr'><strong>plaeuit,</strong></span> <span class='ocrx_word' id='word_1_517' title='bbox 2296 2602 2623 2657; x_wconf 85' lang='lat' dir='ltr'><strong>miraculum</strong></span> <span class='ocrx_word' id='word_1_518' title='bbox 2653 2600 2774 2669; x_wconf 84' lang='lat' dir='ltr'><strong>ejus</strong></span> <span class='ocrx_word' id='word_1_519' title='bbox 2808 2594 3119 2655; x_wconf 77' lang='lat' dir='ltr'><strong>nativitatis</strong></span> <span class='ocrx_word' id='word_1_520' title='bbox 3163 2601 3304 2657; x_wconf 86' lang='lat' dir='ltr'><strong>erat,</strong></span> <span class='ocrx_word' id='word_1_521' title='bbox 3348 2592 3425 2653; x_wconf 89' lang='lat' dir='ltr'><strong>ita</strong></span> 
     </span>
    </p>
   </div>
   <div class='ocr_carea' id='block_1_72' title="bbox 1863 2688 3426 2760">
    <p class='ocr_par' dir='ltr' id='par_1_72' title="bbox 1863 2688 3426 2760">
     <span class='ocr_line' id='line_1_72' title="bbox 1863 2688 3426 2760; baseline -0.004 -13"><span class='ocrx_word' id='word_1_522' title='bbox 1863 2702 1923 2747; x_wconf 93' lang='lat' dir='ltr'><strong>ut</strong></span> <span class='ocrx_word' id='word_1_523' title='bbox 1948 2692 2187 2755; x_wconf 81' lang='lat' dir='ltr'><strong>illonm,</strong></span> <span class='ocrx_word' id='word_1_524' title='bbox 2214 2693 2307 2760; x_wconf 89' lang='lat' dir='ltr'><strong>qui</strong></span> <span class='ocrx_word' id='word_1_525' title='bbox 2334 2692 2553 2746; x_wconf 85' lang='lat' dir='ltr'><strong>mortali</strong></span> <span class='ocrx_word' id='word_1_526' title='bbox 2591 2691 2712 2760; x_wconf 89' lang='lat' dir='ltr'><strong>ejus</strong></span> <span class='ocrx_word' id='word_1_527' title='bbox 2760 2690 2886 2745; x_wconf 72' lang='lat' dir='ltr'><strong>vita:</strong></span> <span class='ocrx_word' id='word_1_528' title='bbox 2914 2688 3301 2751; x_wconf 80' lang='lat' dir='ltr'><strong>interfuerunt,</strong></span> <span class='ocrx_word' id='word_1_529' title='bbox 3329 2699 3426 2740; x_wconf 84' lang='lat' dir='ltr'><strong>ne-</strong></span> 
     </span>
    </p>
   </div>
   <div class='ocr_carea' id='block_1_73' title="bbox 1861 2780 3113 2853">
    <p class='ocr_par' dir='ltr' id='par_1_73' title="bbox 1861 2780 3113 2853">
     <span class='ocr_line' id='line_1_73' title="bbox 1861 2780 3113 2853; baseline -0.002 -16"><span class='ocrx_word' id='word_1_530' title='bbox 1861 2797 1974 2849; x_wconf 88' lang='lat' dir='ltr'><strong>mo,</strong></span> <span class='ocrx_word' id='word_1_531' title='bbox 2008 2784 2199 2853; x_wconf 88' lang='lat' dir='ltr'><strong>paucis</strong></span> <span class='ocrx_word' id='word_1_532' title='bbox 2232 2784 2500 2852; x_wconf 80' lang='lat' dir='ltr'><strong>exceptis,</strong></span> <span class='ocrx_word' id='word_1_533' title='bbox 2530 2785 2609 2837; x_wconf 90' lang='lat' dir='ltr'><strong>rei</strong></span> <span class='ocrx_word' id='word_1_534' title='bbox 2641 2783 2898 2837; x_wconf 90' lang='lat' dir='ltr'><strong>conscius</strong></span> <span class='ocrx_word' id='word_1_535' title='bbox 2927 2780 3113 2836; x_wconf 79' lang='lat' dir='ltr'><strong>fuerit.</strong></span> 
     </span>
    </p>
   </div>
   <div class='ocr_carea' id='block_1_74' title="bbox 1934 2869 3439 2941">
    <p class='ocr_par' dir='ltr' id='par_1_74' title="bbox 1934 2869 3439 2941">
     <span class='ocr_line' id='line_1_74' title="bbox 1934 2869 3439 2941; baseline -0.004 -12"><span class='ocrx_word' id='word_1_536' title='bbox 1934 2872 1990 2929; x_wconf 77' lang='lat'><strong>2.</strong></span> <span class='ocrx_word' id='word_1_537' title='bbox 2032 2872 2173 2927; x_wconf 88' lang='lat' dir='ltr'><strong>Dicit</strong></span> <span class='ocrx_word' id='word_1_538' title='bbox 2202 2881 2381 2928; x_wconf 89' lang='lat' dir='ltr'><strong>autem</strong></span> <span class='ocrx_word' id='word_1_539' title='bbox 2408 2873 2491 2927; x_wconf 88' lang='lat' dir='ltr'><strong>vir</strong></span> <span class='ocrx_word' id='word_1_540' title='bbox 2521 2881 2767 2937; x_wconf 89' lang='lat' dir='ltr'><strong>sanctus,</strong></span> <span class='ocrx_word' id='word_1_541' title='bbox 2796 2872 3017 2927; x_wconf 90' lang='lat' dir='ltr'><strong>nomine</strong></span> <span class='ocrx_word' id='word_1_542' title='bbox 3045 2870 3308 2941; x_wconf 87' lang='lat' dir='ltr'><strong>lgnatius,</strong></span> <span class='ocrx_word' id='word_1_543' title='bbox 3330 2869 3439 2939; x_wconf 80' lang='lat' dir='ltr'><strong>qui</strong></span> 
     </span>
    </p>
   </div>
   <div class='ocr_carea' id='block_1_75' title="bbox 1860 2962 3425 3034">
    <p class='ocr_par' dir='ltr' id='par_1_75' title="bbox 1860 2962 3425 3034">
     <span class='ocr_line' id='line_1_75' title="bbox 1860 2962 3425 3034; baseline -0.003 -14"><span class='ocrx_word' id='word_1_544' title='bbox 1860 2963 2215 3021; x_wconf 73' lang='lat' dir='ltr'><strong>Antiochena:</strong></span> <span class='ocrx_word' id='word_1_545' title='bbox 2245 2965 2506 3022; x_wconf 68' lang='lat' dir='ltr'><strong>Ecclesia:</strong></span> <span class='ocrx_word' id='word_1_546' title='bbox 2540 2966 2817 3021; x_wconf 85' lang='lat' dir='ltr'><strong>secundus</strong></span> <span class='ocrx_word' id='word_1_547' title='bbox 2847 2964 2949 3019; x_wconf 83' lang='lat' dir='ltr'><strong>fuit</strong></span> <span class='ocrx_word' id='word_1_548' title='bbox 2989 2972 3115 3034; x_wconf 86' lang='lat' dir='ltr'><strong>post</strong></span> <span class='ocrx_word' id='word_1_549' title='bbox 3144 2962 3425 3033; x_wconf 87' lang='lat' dir='ltr'><strong>apostolos</strong></span> 
     </span>
    </p>
   </div>
   <div class='ocr_carea' id='block_1_76' title="bbox 1862 3054 3428 3131">
    <p class='ocr_par' dir='ltr' id='par_1_76' title="bbox 1862 3054 3428 3131">
     <span class='ocr_line' id='line_1_76' title="bbox 1862 3054 3428 3131; baseline -0.004 -17"><span class='ocrx_word' id='word_1_550' title='bbox 1862 3059 2176 3131; x_wconf 90' lang='lat' dir='ltr'><strong>episcopus,</strong></span> <span class='ocrx_word' id='word_1_551' title='bbox 2210 3060 2386 3130; x_wconf 88' lang='lat' dir='ltr'><strong>ipsum</strong></span> <span class='ocrx_word' id='word_1_552' title='bbox 2413 3059 2598 3115; x_wconf 85' lang='lat' dir='ltr'><strong>saeculi</strong></span> <span class='ocrx_word' id='word_1_553' title='bbox 2639 3058 2940 3129; x_wconf 88' lang='lat' dir='ltr'><strong>principem</strong></span> <span class='ocrx_word' id='word_1_554' title='bbox 2980 3057 3208 3112; x_wconf 89' lang='lat' dir='ltr'><strong>latuisse</strong></span> <span class='ocrx_word' id='word_1_555' title='bbox 3239 3054 3428 3109; x_wconf 63' lang='lat' dir='ltr'><strong>Maria</strong></span> 
     </span>
    </p>
   </div>
   <div class='ocr_carea' id='block_1_77' title="bbox 1861 3145 3427 3222">
    <p class='ocr_par' dir='ltr' id='par_1_77' title="bbox 1861 3145 3427 3222">
     <span class='ocr_line' id='line_1_77' title="bbox 1861 3145 3427 3222; baseline -0.003 -16"><span class='ocrx_word' id='word_1_556' title='bbox 1861 3151 2253 3222; x_wconf 82' lang='lat' dir='ltr'><strong>virginitatem,</strong></span> <span class='ocrx_word' id='word_1_557' title='bbox 2283 3166 2347 3207; x_wconf 85' lang='lat' dir='ltr'><strong>ac</strong></span> <span class='ocrx_word' id='word_1_558' title='bbox 2375 3151 2685 3207; x_wconf 89' lang='lat' dir='ltr'><strong>Servatoris</strong></span> <span class='ocrx_word' id='word_1_559' title='bbox 2723 3166 2790 3205; x_wconf 77' lang='lat' dir='ltr'><strong>ex</strong></span> <span class='ocrx_word' id='word_1_560' title='bbox 2838 3165 2901 3207; x_wconf 90' lang='lat' dir='ltr'><strong>ea</strong></span> <span class='ocrx_word' id='word_1_561' title='bbox 2932 3149 3296 3203; x_wconf 87' lang='lat' dir='ltr'><strong>nativitatem.</strong></span> <span class='ocrx_word' id='word_1_562' title='bbox 3332 3145 3427 3201; x_wconf 88' lang='lat' dir='ltr'><strong>Sic</strong></span> 
     </span>
    </p>
   </div>
   <div class='ocr_carea' id='block_1_78' title="bbox 1861 3238 3434 3313">
    <p class='ocr_par' dir='ltr' id='par_1_78' title="bbox 1861 3238 3434 3313">
     <span class='ocr_line' id='line_1_78' title="bbox 1861 3238 3434 3313; baseline -0.003 -16"><span class='ocrx_word' id='word_1_563' title='bbox 1861 3243 2006 3297; x_wconf 90' lang='lat' dir='ltr'><strong>enim</strong></span> <span class='ocrx_word' id='word_1_564' title='bbox 2068 3243 2143 3297; x_wconf 86' lang='lat' dir='ltr'><strong>ait</strong></span> <span class='ocrx_word' id='word_1_565' title='bbox 2194 3243 2319 3313; x_wconf 81' lang='lat' dir='ltr'><strong>(l):</strong></span> <span class='ocrx_word' id='word_1_566' title='bbox 2374 3261 2393 3295; x_wconf 75' lang='grc' dir='ltr'><strong>ι</strong></span> <span class='ocrx_word' id='word_1_567' title='bbox 2430 3241 2617 3298; x_wconf 81' lang='lat' dir='ltr'><strong>Latuit</strong></span> <span class='ocrx_word' id='word_1_568' title='bbox 2670 3242 2972 3313; x_wconf 88' lang='lat' dir='ltr'><strong>principem</strong></span> <span class='ocrx_word' id='word_1_569' title='bbox 3020 3242 3187 3306; x_wconf 85' lang='lat' dir='ltr'><strong>hujus</strong></span> <span class='ocrx_word' id='word_1_570' title='bbox 3241 3238 3434 3299; x_wconf 64' lang='lat' dir='ltr'><strong>saeculi,</strong></span> 
     </span>
    </p>
   </div>
   <div class='ocr_carea' id='block_1_79' title="bbox 1860 3331 3427 3405">
    <p class='ocr_par' dir='ltr' id='par_1_79' title="bbox 1860 3331 3427 3405">
     <span class='ocr_line' id='line_1_79' title="bbox 1860 3331 3427 3405; baseline -0.001 -17"><span class='ocrx_word' id='word_1_571' title='bbox 1860 3335 2147 3405; x_wconf 76' lang='lat' dir='ltr'><strong>virginitas</strong></span> <span class='ocrx_word' id='word_1_572' title='bbox 2176 3334 2378 3399; x_wconf 69' lang='lat' dir='ltr'><strong>Mariae,</strong></span> <span class='ocrx_word' id='word_1_573' title='bbox 2411 3335 2641 3405; x_wconf 89' lang='lat' dir='ltr'><strong>ejusque</strong></span> <span class='ocrx_word' id='word_1_574' title='bbox 2670 3343 2881 3405; x_wconf 89' lang='lat' dir='ltr'><strong>partus,</strong></span> <span class='ocrx_word' id='word_1_575' title='bbox 2929 3334 3170 3402; x_wconf 89' lang='lat' dir='ltr'><strong>itemque</strong></span> <span class='ocrx_word' id='word_1_576' title='bbox 3216 3331 3427 3386; x_wconf 85' lang='lat' dir='ltr'><strong>Christi</strong></span> 
     </span>
    </p>
   </div>
   <div class='ocr_carea' id='block_1_80' title="bbox 1860 3423 3435 3498">
    <p class='ocr_par' dir='ltr' id='par_1_80' title="bbox 1860 3423 3435 3498">
     <span class='ocr_line' id='line_1_80' title="bbox 1860 3423 3435 3498; baseline -0.001 -18"><span class='ocrx_word' id='word_1_577' title='bbox 1860 3441 2011 3483; x_wconf 89' lang='lat' dir='ltr'><strong>mors</strong></span> <span class='ocrx_word' id='word_1_578' title='bbox 2042 3443 2057 3480; x_wconf 89' lang='lat'><strong>:</strong></span> <span class='ocrx_word' id='word_1_579' title='bbox 2089 3427 2347 3498; x_wconf 83' lang='lat' dir='ltr'><strong>mysteria</strong></span> <span class='ocrx_word' id='word_1_580' title='bbox 2393 3427 2498 3480; x_wconf 93' lang='lat' dir='ltr'><strong>tria</strong></span> <span class='ocrx_word' id='word_1_581' title='bbox 2532 3427 2797 3492; x_wconf 88' lang='lat' dir='ltr'><strong>clamosa,</strong></span> <span class='ocrx_word' id='word_1_582' title='bbox 2836 3441 2958 3496; x_wconf 74' lang='lat' dir='ltr'><strong>qua:</strong></span> <span class='ocrx_word' id='word_1_583' title='bbox 2993 3434 3176 3480; x_wconf 89' lang='lat' dir='ltr'><strong>tamen</strong></span> <span class='ocrx_word' id='word_1_584' title='bbox 3209 3424 3313 3479; x_wconf 89' lang='lat' dir='ltr'><strong>sub</strong></span> <span class='ocrx_word' id='word_1_585' title='bbox 3341 3423 3435 3479; x_wconf 76' lang='lat' dir='ltr'><strong>di-..</strong></span> 
     </span>
    </p>
   </div>
   <div class='ocr_carea' id='block_1_81' title="bbox 1859 3514 3426 3588">
    <p class='ocr_par' dir='ltr' id='par_1_81' title="bbox 1859 3514 3426 3588">
     <span class='ocr_line' id='line_1_81' title="bbox 1859 3514 3426 3588; baseline -0.004 -15"><span class='ocrx_word' id='word_1_586' title='bbox 1859 3519 1987 3573; x_wconf 91' lang='lat' dir='ltr'><strong>vino</strong></span> <span class='ocrx_word' id='word_1_587' title='bbox 2037 3517 2257 3574; x_wconf 89' lang='lat' dir='ltr'><strong>silentio</strong></span> <span class='ocrx_word' id='word_1_588' title='bbox 2304 3526 2524 3588; x_wconf 88' lang='lat' dir='ltr'><strong>peracta</strong></span> <span class='ocrx_word' id='word_1_589' title='bbox 2569 3517 2810 3572; x_wconf 78' lang='lat' dir='ltr'><strong>fuerunt.</strong></span> <span class='ocrx_word' id='word_1_590' title='bbox 2856 3534 2877 3568; x_wconf 77' lang='grc' dir='ltr'><strong>ι</strong></span> <span class='ocrx_word' id='word_1_591' title='bbox 2909 3514 3028 3569; x_wconf 88' lang='lat' dir='ltr'><strong>Jam</strong></span> <span class='ocrx_word' id='word_1_592' title='bbox 3072 3516 3192 3585; x_wconf 82' lang='lat' dir='ltr'><strong>ipso</strong></span> <span class='ocrx_word' id='word_1_593' title='bbox 3223 3514 3426 3573; x_wconf 86' lang='lat' dir='ltr'><strong>mentis</strong></span> 
     </span>
    </p>
   </div>
   <div class='ocr_carea' id='block_1_82' title="bbox 1860 3605 3431 3678">
    <p class='ocr_par' dir='ltr' id='par_1_82' title="bbox 1860 3605 3431 3678">
     <span class='ocr_line' id='line_1_82' title="bbox 1860 3605 3431 3678; baseline -0.003 -14"><span class='ocrx_word' id='word_1_594' title='bbox 1860 3608 2152 3665; x_wconf 88' lang='lat' dir='ltr'><strong>ratiocinio</strong></span> <span class='ocrx_word' id='word_1_595' title='bbox 2198 3607 2501 3678; x_wconf 85' lang='lat' dir='ltr'><strong>intelligere</strong></span> <span class='ocrx_word' id='word_1_596' title='bbox 2529 3609 2676 3675; x_wconf 88' lang='lat' dir='ltr'><strong>licet,</strong></span> <span class='ocrx_word' id='word_1_597' title='bbox 2712 3607 2857 3662; x_wconf 89' lang='lat' dir='ltr'><strong>haud</strong></span> <span class='ocrx_word' id='word_1_598' title='bbox 2892 3606 3008 3662; x_wconf 81' lang='lat' dir='ltr'><strong>ﬁeri</strong></span> <span class='ocrx_word' id='word_1_599' title='bbox 3060 3605 3330 3676; x_wconf 88' lang='lat' dir='ltr'><strong>potuisse,</strong></span> <span class='ocrx_word' id='word_1_600' title='bbox 3365 3613 3431 3659; x_wconf 88' lang='lat' dir='ltr'><strong>ut</strong></span> 
     </span>
    </p>
   </div>
   <div class='ocr_carea' id='block_1_83' title="bbox 1860 3698 3425 3771">
    <p class='ocr_par' dir='ltr' id='par_1_83' title="bbox 1860 3698 3425 3771">
     <span class='ocr_line' id='line_1_83' title="bbox 1860 3698 3425 3771; baseline -0.002 -17"><span class='ocrx_word' id='word_1_601' title='bbox 1860 3699 2120 3759; x_wconf 76' lang='lat' dir='ltr'><strong>mortales</strong></span> <span class='ocrx_word' id='word_1_602' title='bbox 2165 3715 2376 3764; x_wconf 87' lang='lat' dir='ltr'><strong>omnes,</strong></span> <span class='ocrx_word' id='word_1_603' title='bbox 2425 3700 2519 3771; x_wconf 91' lang='lat' dir='ltr'><strong>qui</strong></span> <span class='ocrx_word' id='word_1_604' title='bbox 2566 3699 2657 3756; x_wconf 90' lang='lat' dir='ltr'><strong>Dei</strong></span> <span class='ocrx_word' id='word_1_605' title='bbox 2710 3706 2937 3755; x_wconf 89' lang='lat' dir='ltr'><strong>unctum</strong></span> <span class='ocrx_word' id='word_1_606' title='bbox 2986 3700 3129 3753; x_wconf 90' lang='lat' dir='ltr'><strong>inter</strong></span> <span class='ocrx_word' id='word_1_607' title='bbox 3173 3698 3425 3754; x_wconf 86' lang='lat' dir='ltr'><strong>homines</strong></span> 
     </span>
    </p>
   </div>
   <div class='ocr_carea' id='block_1_84' title="bbox 1860 3790 3426 3853">
    <p class='ocr_par' dir='ltr' id='par_1_84' title="bbox 1860 3790 3426 3853">
     <span class='ocr_line' id='line_1_84' title="bbox 1860 3790 3426 3853; baseline -0.003 -6"><span class='ocrx_word' id='word_1_608' title='bbox 1860 3792 2136 3847; x_wconf 91' lang='lat' dir='ltr'><strong>communi</strong></span> <span class='ocrx_word' id='word_1_609' title='bbox 2160 3793 2398 3848; x_wconf 89' lang='lat' dir='ltr'><strong>hominis</strong></span> <span class='ocrx_word' id='word_1_610' title='bbox 2430 3792 2604 3848; x_wconf 80' lang='lat' dir='ltr'><strong>forma</strong></span> <span class='ocrx_word' id='word_1_611' title='bbox 2636 3797 2947 3847; x_wconf 89' lang='lat' dir='ltr'><strong>versantem</strong></span> <span class='ocrx_word' id='word_1_612' title='bbox 2983 3790 3304 3853; x_wconf 82' lang='lat' dir='ltr'><strong>cernebant,</strong></span> <span class='ocrx_word' id='word_1_613' title='bbox 3325 3804 3426 3844; x_wconf 87' lang='lat' dir='ltr'><strong>na-</strong></span> 
     </span>
    </p>
   </div>
   <div class='ocr_carea' id='block_1_85' title="bbox 1859 3880 3428 3957">
    <p class='ocr_par' dir='ltr' id='par_1_85' title="bbox 1859 3880 3428 3957">
     <span class='ocr_line' id='line_1_85' title="bbox 1859 3880 3428 3957; baseline 0.001 -21"><span class='ocrx_word' id='word_1_614' title='bbox 1859 3888 1976 3936; x_wconf 90' lang='lat' dir='ltr'><strong>tum</strong></span> <span class='ocrx_word' id='word_1_615' title='bbox 2024 3881 2314 3937; x_wconf 89' lang='lat' dir='ltr'><strong>crederent</strong></span> <span class='ocrx_word' id='word_1_616' title='bbox 2345 3897 2378 3938; x_wconf 89' lang='lat' dir='ltr'><strong>e</strong></span> <span class='ocrx_word' id='word_1_617' title='bbox 2423 3882 2604 3952; x_wconf 89' lang='lat' dir='ltr'><strong>puella</strong></span> <span class='ocrx_word' id='word_1_618' title='bbox 2653 3880 2969 3952; x_wconf 88' lang='lat' dir='ltr'><strong>nuptiarum</strong></span> <span class='ocrx_word' id='word_1_619' title='bbox 3010 3880 3224 3952; x_wconf 84' lang='lat' dir='ltr'><strong>ignara,</strong></span> <span class='ocrx_word' id='word_1_620' title='bbox 3270 3887 3428 3957; x_wconf 81' lang='lat' dir='ltr'><strong>patre</strong></span> 
     </span>
    </p>
   </div>
   <div class='ocr_carea' id='block_1_86' title="bbox 1861 3971 3430 4045">
    <p class='ocr_par' dir='ltr' id='par_1_86' title="bbox 1861 3971 3430 4045">
     <span class='ocr_line' id='line_1_86' title="bbox 1861 3971 3430 4045; baseline -0.002 -16"><span class='ocrx_word' id='word_1_621' title='bbox 1861 3974 2034 4038; x_wconf 89' lang='lat' dir='ltr'><strong>nullo.</strong></span> <span class='ocrx_word' id='word_1_622' title='bbox 2065 3971 2254 4044; x_wconf 87' lang='lat' dir='ltr'><strong>Neque</strong></span> <span class='ocrx_word' id='word_1_623' title='bbox 2303 3988 2470 4044; x_wconf 84' lang='lat' dir='ltr'><strong>porro</strong></span> <span class='ocrx_word' id='word_1_624' title='bbox 2518 3974 2864 4045; x_wconf 82' lang='lat' dir='ltr'><strong>expediebat,</strong></span> <span class='ocrx_word' id='word_1_625' title='bbox 2904 3981 2964 4028; x_wconf 91' lang='lat' dir='ltr'><strong>ut</strong></span> <span class='ocrx_word' id='word_1_626' title='bbox 2993 3973 3150 4031; x_wconf 84' lang='lat' dir='ltr'><strong>multi</strong></span> <span class='ocrx_word' id='word_1_627' title='bbox 3180 3987 3430 4043; x_wconf 82' lang='lat' dir='ltr'><strong>comper-</strong></span> 
     </span>
    </p>
   </div>
   <div class='ocr_carea' id='block_1_87' title="bbox 1860 4062 3427 4136">
    <p class='ocr_par' dir='ltr' id='par_1_87' title="bbox 1860 4062 3427 4136">
     <span class='ocr_line' id='line_1_87' title="bbox 1860 4062 3427 4136; baseline -0.001 -16"><span class='ocrx_word' id='word_1_628' title='bbox 1860 4072 1975 4120; x_wconf 87' lang='lat' dir='ltr'><strong>tum</strong></span> <span class='ocrx_word' id='word_1_629' title='bbox 2009 4064 2292 4133; x_wconf 87' lang='lat' dir='ltr'><strong>haberent,</strong></span> <span class='ocrx_word' id='word_1_630' title='bbox 2322 4064 2547 4120; x_wconf 80' lang='lat' dir='ltr'><strong>Mariam</strong></span> <span class='ocrx_word' id='word_1_631' title='bbox 2578 4065 2722 4119; x_wconf 87' lang='lat' dir='ltr'><strong>haud</strong></span> <span class='ocrx_word' id='word_1_632' title='bbox 2753 4080 2822 4121; x_wconf 71' lang='lat' dir='ltr'><strong>ex</strong></span> <span class='ocrx_word' id='word_1_633' title='bbox 2843 4062 3080 4136; x_wconf 84' lang='lat' dir='ltr'><strong>Josepho</strong></span> <span class='ocrx_word' id='word_1_634' title='bbox 3102 4076 3427 4136; x_wconf 88' lang='lat' dir='ltr'><strong>conceptum</strong></span> 
     </span>
    </p>
   </div>
   <div class='ocr_carea' id='block_1_88' title="bbox 1860 4152 3428 4226">
    <p class='ocr_par' dir='ltr' id='par_1_88' title="bbox 1860 4152 3428 4226">
     <span class='ocr_line' id='line_1_88' title="bbox 1860 4152 3428 4226; baseline -0.003 -15"><span class='ocrx_word' id='word_1_635' title='bbox 1860 4156 2141 4226; x_wconf 85' lang='lat' dir='ltr'><strong>peperisse</strong></span> <span class='ocrx_word' id='word_1_636' title='bbox 2169 4152 2357 4212; x_wconf 71' lang='lat' dir='ltr'><strong>Iesum</strong></span> <span class='ocrx_word' id='word_1_637' title='bbox 2388 4174 2402 4211; x_wconf 91' lang='lat'><strong>:</strong></span> <span class='ocrx_word' id='word_1_638' title='bbox 2444 4169 2676 4225; x_wconf 86' lang='lat' dir='ltr'><strong>prorsus</strong></span> <span class='ocrx_word' id='word_1_639' title='bbox 2710 4155 2857 4209; x_wconf 91' lang='lat' dir='ltr'><strong>enim</strong></span> <span class='ocrx_word' id='word_1_640' title='bbox 2887 4168 3063 4225; x_wconf 65' lang='lat' dir='ltr'><strong>prauae</strong></span> <span class='ocrx_word' id='word_1_641' title='bbox 3091 4153 3287 4209; x_wconf 76' lang='lat' dir='ltr'><strong>fuisset</strong></span> <span class='ocrx_word' id='word_1_642' title='bbox 3322 4153 3428 4207; x_wconf 72' lang='grc' dir='ltr'><strong>οὶ)-</strong></span> 
     </span>
    </p>
   </div>
   <div class='ocr_carea' id='block_1_89' title="bbox 1865 4241 3443 4316">
    <p class='ocr_par' dir='ltr' id='par_1_89' title="bbox 1865 4241 3443 4316">
     <span class='ocr_line' id='line_1_89' title="bbox 1865 4241 3443 4316; baseline -0.004 -15"><span class='ocrx_word' id='word_1_643' title='bbox 1865 4246 2027 4301; x_wconf 79' lang='lat' dir='ltr'><strong>noxia</strong></span> <span class='ocrx_word' id='word_1_644' title='bbox 2054 4245 2123 4302; x_wconf 90' lang='lat' dir='ltr'><strong>de</strong></span> <span class='ocrx_word' id='word_1_645' title='bbox 2150 4243 2404 4302; x_wconf 66' lang='lat' dir='ltr'><strong>Mosaicae</strong></span> <span class='ocrx_word' id='word_1_646' title='bbox 2434 4245 2571 4316; x_wconf 86' lang='lat' dir='ltr'><strong>legis</strong></span> <span class='ocrx_word' id='word_1_647' title='bbox 2596 4243 2858 4299; x_wconf 86' lang='lat' dir='ltr'><strong>mandato</strong></span> <span class='ocrx_word' id='word_1_648' title='bbox 2885 4244 3060 4315; x_wconf 84' lang='lat' dir='ltr'><strong>virgo,</strong></span> <span class='ocrx_word' id='word_1_649' title='bbox 3096 4258 3197 4300; x_wconf 87' lang='lat' dir='ltr'><strong>ceu</strong></span> <span class='ocrx_word' id='word_1_650' title='bbox 3229 4241 3277 4297; x_wconf 91' lang='lat' dir='ltr'><strong>si</strong></span> <span class='ocrx_word' id='word_1_651' title='bbox 3298 4247 3443 4296; x_wconf 85' lang='lat' dir='ltr'><strong>ante.</strong></span> 
     </span>
    </p>
   </div>
   <div class='ocr_carea' id='block_1_90' title="bbox 1862 4333 3436 4409">
    <p class='ocr_par' dir='ltr' id='par_1_90' title="bbox 1862 4333 3436 4409">
     <span class='ocr_line' id='line_1_90' title="bbox 1862 4333 3436 4409; baseline -0.004 -15"><span class='ocrx_word' id='word_1_652' title='bbox 1862 4339 2175 4409; x_wconf 90' lang='lat' dir='ltr'><strong>nuptiarum</strong></span> <span class='ocrx_word' id='word_1_653' title='bbox 2206 4352 2419 4409; x_wconf 89' lang='lat' dir='ltr'><strong>tempus</strong></span> <span class='ocrx_word' id='word_1_654' title='bbox 2454 4337 2821 4409; x_wconf 88' lang='lat' dir='ltr'><strong>virginitatem</strong></span> <span class='ocrx_word' id='word_1_655' title='bbox 2857 4335 3188 4392; x_wconf 79' lang='lat' dir='ltr'><strong>violavisset.</strong></span> <span class='ocrx_word' id='word_1_656' title='bbox 3225 4333 3436 4399; x_wconf 82' lang='lat' dir='ltr'><strong>Quam-.</strong></span> 
     </span>
    </p>
   </div>
   <div class='ocr_carea' id='block_1_91' title="bbox 202 4410 1760 4513">
    <p class='ocr_par' dir='ltr' id='par_1_91' title="bbox 202 4410 1755 4513">
     <span class='ocr_line' id='line_1_91' title="bbox 202 4410 1755 4513; baseline 0.015 -52"><span class='ocrx_word' id='word_1_657' title='bbox 202 4410 416 4513; x_wconf 53' lang='grc' dir='ltr'>εἰκότως</span> <span class='ocrx_word' id='word_1_658' title='bbox 468 4416 891 4485; x_wconf 71' lang='grc' dir='ltr'>ἐπισημαίνεται</span> <span class='ocrx_word' id='word_1_659' title='bbox 917 4418 1158 4490; x_wconf 77' lang='grc' dir='ltr'>ἀκριϐῶς</span> <span class='ocrx_word' id='word_1_660' title='bbox 1190 4421 1408 4490; x_wconf 79' lang='grc' dir='ltr'>φήσασα</span> <span class='ocrx_word' id='word_1_661' title='bbox 1449 4423 1482 4492; x_wconf 80' lang='grc' dir='ltr'>ἡ</span> <span class='ocrx_word' id='word_1_662' title='bbox 1529 4420 1755 4491; x_wconf 60' lang='grc' dir='ltr'>Γρᾳφὴν</span> 
     </span>
    </p>
   </div>
   <div class='ocr_carea' id='block_1_92' title="bbox 1865 4410 3428 4513">
    <p class='ocr_par' dir='ltr' id='par_1_92' title="bbox 1865 4425 3428 4498">
     <span class='ocr_line' id='line_1_92' title="bbox 1865 4425 3428 4498; baseline -0.004 -11"><span class='ocrx_word' id='word_1_663' title='bbox 1865 4433 2051 4488; x_wconf 88' lang='lat' dir='ltr'><strong>obrem</strong></span> <span class='ocrx_word' id='word_1_664' title='bbox 2084 4433 2281 4488; x_wconf 88' lang='lat' dir='ltr'><strong>merito</strong></span> <span class='ocrx_word' id='word_1_665' title='bbox 2313 4430 2755 4486; x_wconf 84' lang='lat' dir='ltr'><strong>animadversum</strong></span> <span class='ocrx_word' id='word_1_666' title='bbox 2789 4435 2896 4493; x_wconf 88' lang='lat' dir='ltr'><strong>est,</strong></span> <span class='ocrx_word' id='word_1_667' title='bbox 2926 4427 3214 4498; x_wconf 84' lang='lat' dir='ltr'><strong>vigilanter</strong></span> <span class='ocrx_word' id='word_1_668' title='bbox 3237 4425 3428 4480; x_wconf 84' lang='lat' dir='ltr'><strong>admo-</strong></span> 
     </span>
    </p>
   </div>
   <div class='ocr_carea' id='block_1_93' title="bbox 206 4502 1760 4594">
    <p class='ocr_par' dir='ltr' id='par_1_93' title="bbox 206 4502 1755 4584">
     <span class='ocr_line' id='line_1_93' title="bbox 206 4502 1755 4584; baseline 0.01 -32"><span class='ocrx_word' id='word_1_669' title='bbox 206 4519 224 4551; x_wconf 77' lang='grc' dir='ltr'><strong>ι</strong></span> <span class='ocrx_word' id='word_1_670' title='bbox 247 4502 376 4574; x_wconf 75' lang='grc' dir='ltr'>Πρὶν</span> <span class='ocrx_word' id='word_1_671' title='bbox 399 4505 431 4575; x_wconf 80' lang='grc' dir='ltr'>ἢ</span> <span class='ocrx_word' id='word_1_672' title='bbox 464 4506 737 4567; x_wconf 66' lang='grc' dir='ltr'>συνελθεῖν</span> <span class='ocrx_word' id='word_1_673' title='bbox 753 4508 967 4572; x_wconf 72' lang='grc' dir='ltr'>αὐτοὺς,</span> <span class='ocrx_word' id='word_1_674' title='bbox 989 4509 1181 4582; x_wconf 82' lang='grc' dir='ltr'>εὑρέθη</span> <span class='ocrx_word' id='word_1_675' title='bbox 1201 4513 1256 4565; x_wconf 80' lang='grc' dir='ltr'>ἐν</span> <span class='ocrx_word' id='word_1_676' title='bbox 1272 4512 1467 4583; x_wconf 80' lang='grc' dir='ltr'>γαστρὶ</span> <span class='ocrx_word' id='word_1_677' title='bbox 1497 4512 1691 4584; x_wconf 71' lang='grc' dir='ltr'>ἔχουσα</span> <span class='ocrx_word' id='word_1_678' title='bbox 1708 4529 1720 4541; x_wconf 83' lang='grc'><em>’</em></span> <span class='ocrx_word' id='word_1_679' title='bbox 1735 4532 1755 4567; x_wconf 70' lang='grc' dir='ltr'><strong>ι</strong></span> 
     </span>
    </p>
   </div>
   <div class='ocr_carea' id='block_1_94' title="bbox 1865 4502 3428 4594">
    <p class='ocr_par' dir='ltr' id='par_1_94' title="bbox 1865 4516 3428 4594">
     <span class='ocr_line' id='line_1_94' title="bbox 1865 4516 3428 4594; baseline -0.006 -16"><span class='ocrx_word' id='word_1_680' title='bbox 1865 4526 1990 4579; x_wconf 90' lang='lat' dir='ltr'><strong>dum</strong></span> <span class='ocrx_word' id='word_1_681' title='bbox 2029 4522 2369 4594; x_wconf 89' lang='lat' dir='ltr'><strong>Scripturam</strong></span> <span class='ocrx_word' id='word_1_682' title='bbox 2406 4521 2589 4577; x_wconf 89' lang='lat' dir='ltr'><strong>dicere</strong></span> <span class='ocrx_word' id='word_1_683' title='bbox 2628 4539 2642 4574; x_wconf 91' lang='lat'><strong>:</strong></span> <span class='ocrx_word' id='word_1_684' title='bbox 2682 4537 2702 4572; x_wconf 71' lang='grc' dir='ltr'><strong>ι</strong></span> <span class='ocrx_word' id='word_1_685' title='bbox 2754 4520 3057 4588; x_wconf 84' lang='lat' dir='ltr'><strong>Antequam</strong></span> <span class='ocrx_word' id='word_1_686' title='bbox 3092 4516 3196 4586; x_wconf 79' lang='lat' dir='ltr'><strong>ipsi</strong></span> <span class='ocrx_word' id='word_1_687' title='bbox 3228 4526 3428 4571; x_wconf 82' lang='lat' dir='ltr'><strong>conve-</strong></span> 
     </span>
    </p>
   </div>
   <div class='ocr_carea' id='block_1_95' title="bbox 203 4597 1758 4678">
    <p class='ocr_par' dir='ltr' id='par_1_95' title="bbox 203 4597 1758 4678">
     <span class='ocr_line' id='line_1_95' title="bbox 203 4597 1758 4678; baseline 0.016 -32"><span class='ocrx_word' id='word_1_688' title='bbox 203 4597 476 4667; x_wconf 73' lang='grc' dir='ltr'>μονονουχὶ</span> <span class='ocrx_word' id='word_1_689' title='bbox 501 4598 826 4653; x_wconf 83' lang='grc' dir='ltr'>διδάσκουσα</span> <span class='ocrx_word' id='word_1_690' title='bbox 870 4602 951 4655; x_wconf 85' lang='grc' dir='ltr'>ὅτι</span> <span class='ocrx_word' id='word_1_691' title='bbox 994 4602 1069 4673; x_wconf 84' lang='grc' dir='ltr'>μὴ</span> <span class='ocrx_word' id='word_1_692' title='bbox 1108 4601 1213 4674; x_wconf 79' lang='grc' dir='ltr'>πρὸ</span> <span class='ocrx_word' id='word_1_693' title='bbox 1243 4603 1418 4675; x_wconf 88' lang='grc' dir='ltr'>γάμου</span> <span class='ocrx_word' id='word_1_694' title='bbox 1452 4607 1758 4678; x_wconf 71' lang='grc' dir='ltr'>συνείληφεν</span> 
     </span>
    </p>
   </div>
   <div class='ocr_carea' id='block_1_96' title="bbox 203 4686 1764 4768">
    <p class='ocr_par' dir='ltr' id='par_1_96' title="bbox 203 4686 1764 4768">
     <span class='ocr_line' id='line_1_96' title="bbox 203 4686 1764 4768; baseline 0.008 -29"><span class='ocrx_word' id='word_1_695' title='bbox 203 4686 330 4755; x_wconf 77' lang='grc' dir='ltr'>μηδὲ</span> <span class='ocrx_word' id='word_1_696' title='bbox 359 4689 466 4761; x_wconf 86' lang='grc' dir='ltr'>πρὸ</span> <span class='ocrx_word' id='word_1_697' title='bbox 482 4689 584 4754; x_wconf 37' lang='grc' dir='ltr'>τοῦ,</span> <span class='ocrx_word' id='word_1_698' title='bbox 634 4691 782 4764; x_wconf 85' lang='grc' dir='ltr'><strong>παρά</strong></span> <span class='ocrx_word' id='word_1_699' title='bbox 805 4692 897 4747; x_wconf 83' lang='grc' dir='ltr'>τὸν</span> <span class='ocrx_word' id='word_1_700' title='bbox 922 4690 1092 4764; x_wconf 81' lang='grc' dir='ltr'>ἀνδρα</span> <span class='ocrx_word' id='word_1_701' title='bbox 1114 4694 1305 4749; x_wconf 73' lang='grc' dir='ltr'><strong>ἐλθεῖν⁸</strong></span> <span class='ocrx_word' id='word_1_702' title='bbox 1328 4697 1463 4768; x_wconf 86' lang='grc' dir='ltr'><strong>μετά</strong></span> <span class='ocrx_word' id='word_1_703' title='bbox 1490 4698 1546 4752; x_wconf 83' lang='grc' dir='ltr'>δὲ</span> <span class='ocrx_word' id='word_1_704' title='bbox 1565 4698 1625 4751; x_wconf 84' lang='grc' dir='ltr'>τὸ</span> <span class='ocrx_word' id='word_1_705' title='bbox 1641 4714 1764 4752; x_wconf 90' lang='grc' dir='ltr'>συν-</span> 
     </span>
    </p>
   </div>
   <div class='ocr_carea' id='block_1_97' title="bbox 200 4778 1761 4862">
    <p class='ocr_par' dir='ltr' id='par_1_97' title="bbox 200 4778 1761 4862">
     <span class='ocr_line' id='line_1_97' title="bbox 200 4778 1761 4862; baseline 0.008 -31"><span class='ocrx_word' id='word_1_706' title='bbox 200 4778 428 4850; x_wconf 68' lang='grc' dir='ltr'>αφθῆναι</span> <span class='ocrx_word' id='word_1_707' title='bbox 464 4783 560 4836; x_wconf 85' lang='grc' dir='ltr'>τὸν</span> <span class='ocrx_word' id='word_1_708' title='bbox 592 4784 789 4855; x_wconf 81' lang='grc' dir='ltr'>Ἰωσὴφ</span> <span class='ocrx_word' id='word_1_709' title='bbox 823 4784 919 4839; x_wconf 74' lang='grc' dir='ltr'>καὶ</span> <span class='ocrx_word' id='word_1_710' title='bbox 947 4785 1076 4857; x_wconf 88' lang='grc' dir='ltr'>παρ’</span> <span class='ocrx_word' id='word_1_711' title='bbox 1104 4786 1249 4857; x_wconf 83' lang='grc' dir='ltr'>αὐτῷ</span> <span class='ocrx_word' id='word_1_712' title='bbox 1303 4788 1573 4857; x_wconf 85' lang='grc' dir='ltr'>γενέσθαι,</span> <span class='ocrx_word' id='word_1_713' title='bbox 1611 4790 1761 4862; x_wconf 85' lang='grc' dir='ltr'><strong>παρά</strong></span> 
     </span>
    </p>
   </div>
   <div class='ocr_carea' id='block_1_98' title="bbox 199 4871 1760 4953">
    <p class='ocr_par' dir='ltr' id='par_1_98' title="bbox 199 4871 1760 4953">
     <span class='ocr_line' id='line_1_98' title="bbox 199 4871 1760 4953; baseline 0.008 -31"><span class='ocrx_word' id='word_1_714' title='bbox 199 4871 326 4924; x_wconf 83' lang='grc' dir='ltr'>πᾶσί</span> <span class='ocrx_word' id='word_1_715' title='bbox 345 4890 406 4926; x_wconf 88' lang='grc' dir='ltr'><strong>τε</strong></span> <span class='ocrx_word' id='word_1_716' title='bbox 430 4877 668 4942; x_wconf 84' lang='grc' dir='ltr'>γυναῖκα</span> <span class='ocrx_word' id='word_1_717' title='bbox 698 4875 863 4930; x_wconf 81' lang='grc' dir='ltr'>αὑτοῦ</span> <span class='ocrx_word' id='word_1_718' title='bbox 904 4879 1261 4949; x_wconf 83' lang='grc' dir='ltr'>χρηματίσαι,</span> <span class='ocrx_word' id='word_1_719' title='bbox 1298 4879 1563 4933; x_wconf 88' lang='grc' dir='ltr'>συνόντων</span> <span class='ocrx_word' id='word_1_720' title='bbox 1595 4881 1760 4953; x_wconf 85' lang='grc' dir='ltr'>ἀλλή-</span> 
     </span>
    </p>
   </div>
   <div class='ocr_carea' id='block_1_99' title="bbox 195 4959 1761 5044">
    <p class='ocr_par' dir='ltr' id='par_1_99' title="bbox 195 4959 1761 5044">
     <span class='ocr_line' id='line_1_99' title="bbox 195 4959 1761 5044; baseline 0.008 -29"><span class='ocrx_word' id='word_1_721' title='bbox 195 4959 322 5027; x_wconf 82' lang='grc' dir='ltr'>λοις,</span> <span class='ocrx_word' id='word_1_722' title='bbox 351 4966 583 5038; x_wconf 78' lang='grc' dir='ltr'>καὶτῆς</span> <span class='ocrx_word' id='word_1_723' title='bbox 636 4969 880 5039; x_wconf 85' lang='grc' dir='ltr'>γαμικῆς</span> <span class='ocrx_word' id='word_1_724' title='bbox 924 4969 1139 5041; x_wconf 83' lang='grc' dir='ltr'>ὁμιλίας</span> <span class='ocrx_word' id='word_1_725' title='bbox 1176 4970 1437 5025; x_wconf 74' lang='grc' dir='ltr'>ἅπτεσθαι</span> <span class='ocrx_word' id='word_1_726' title='bbox 1486 4972 1586 5044; x_wconf 69' lang='grc' dir='ltr'>ἤδη</span> <span class='ocrx_word' id='word_1_727' title='bbox 1630 4972 1761 5042; x_wconf 82' lang='grc' dir='ltr'>γοῦν</span> 
     </span>
    </p>
   </div>
   <div class='ocr_carea' id='block_1_100' title="bbox 201 5051 1760 5133">
    <p class='ocr_par' dir='ltr' id='par_1_100' title="bbox 201 5051 1760 5133">
     <span class='ocr_line' id='line_1_100' title="bbox 201 5051 1760 5133; baseline 0.008 -28"><span class='ocrx_word' id='word_1_728' title='bbox 201 5051 528 5122; x_wconf 78' lang='grc' dir='ltr'>μελλόντων,</span> <span class='ocrx_word' id='word_1_729' title='bbox 579 5056 751 5127; x_wconf 73' lang='grc' dir='ltr'>αὐτῆς</span> <span class='ocrx_word' id='word_1_730' title='bbox 784 5059 860 5122; x_wconf 86' lang='grc' dir='ltr'><strong>ὡς</strong></span> <span class='ocrx_word' id='word_1_731' title='bbox 893 5060 1065 5113; x_wconf 77' lang='grc' dir='ltr'>εἰπεῖν</span> <span class='ocrx_word' id='word_1_732' title='bbox 1091 5058 1239 5132; x_wconf 82' lang='grc' dir='ltr'>ὥρας</span> <span class='ocrx_word' id='word_1_733' title='bbox 1272 5061 1457 5133; x_wconf 73' lang='grc' dir='ltr'>πρὶνῆ</span> <span class='ocrx_word' id='word_1_734' title='bbox 1491 5062 1760 5117; x_wconf 86' lang='grc' dir='ltr'>συνελθεῖν</span> 
     </span>
    </p>
   </div>
   <div class='ocr_carea' id='block_1_101' title="bbox 198 5141 1758 5223">
    <p class='ocr_par' dir='ltr' id='par_1_101' title="bbox 198 5141 1758 5223">
     <span class='ocr_line' id='line_1_101' title="bbox 198 5141 1758 5223; baseline 0.009 -30"><span class='ocrx_word' id='word_1_735' title='bbox 198 5141 406 5211; x_wconf 79' lang='grc' dir='ltr'>αὐτοὺς,</span> <span class='ocrx_word' id='word_1_736' title='bbox 433 5146 636 5219; x_wconf 80' lang='grc' dir='ltr'>εὑρέθη</span> <span class='ocrx_word' id='word_1_737' title='bbox 657 5148 715 5201; x_wconf 83' lang='grc' dir='ltr'>ἐν</span> <span class='ocrx_word' id='word_1_738' title='bbox 733 5150 930 5221; x_wconf 76' lang='grc' dir='ltr'>γαστρὶ</span> <span class='ocrx_word' id='word_1_739' title='bbox 949 5150 1146 5222; x_wconf 73' lang='grc' dir='ltr'>ἔχουσα</span> <span class='ocrx_word' id='word_1_740' title='bbox 1173 5153 1237 5205; x_wconf 77' lang='grc' dir='ltr'>ἐκ</span> <span class='ocrx_word' id='word_1_741' title='bbox 1257 5151 1569 5223; x_wconf 84' lang='grc' dir='ltr'>Πνεύματος</span> <span class='ocrx_word' id='word_1_742' title='bbox 1581 5153 1758 5222; x_wconf 85' lang='grc' dir='ltr'>ἁγίου.</span> 
     </span>
    </p>
   </div>
   <div class='ocr_carea' id='block_1_102' title="bbox 196 5230 1762 5313">
    <p class='ocr_par' dir='ltr' id='par_1_102' title="bbox 196 5230 1762 5313">
     <span class='ocr_line' id='line_1_102' title="bbox 196 5230 1762 5313; baseline 0.008 -27"><span class='ocrx_word' id='word_1_743' title='bbox 196 5230 300 5287; x_wconf 73' lang='grc' dir='ltr'><strong>Καὶ</strong></span> <span class='ocrx_word' id='word_1_744' title='bbox 318 5235 478 5290; x_wconf 75' lang='grc' dir='ltr'>τοῦτό</span> <span class='ocrx_word' id='word_1_745' title='bbox 508 5253 577 5306; x_wconf 89' lang='grc' dir='ltr'><strong>γε</strong></span> <span class='ocrx_word' id='word_1_746' title='bbox 603 5240 999 5313; x_wconf 86' lang='grc' dir='ltr'>παγχρησίμως</span> <span class='ocrx_word' id='word_1_747' title='bbox 1024 5243 1104 5305; x_wconf 85' lang='grc' dir='ltr'><strong>είς</strong></span> <span class='ocrx_word' id='word_1_748' title='bbox 1127 5240 1188 5295; x_wconf 83' lang='grc' dir='ltr'>τὸ</span> <span class='ocrx_word' id='word_1_749' title='bbox 1205 5241 1385 5296; x_wconf 89' lang='grc' dir='ltr'>λαθεῖν</span> <span class='ocrx_word' id='word_1_750' title='bbox 1399 5244 1522 5307; x_wconf 78' lang='grc' dir='ltr'>τοὺς</span> <span class='ocrx_word' id='word_1_751' title='bbox 1535 5243 1762 5308; x_wconf 82' lang='grc' dir='ltr'>πολλοὺς</span> 
     </span>
    </p>
   </div>
   <div class='ocr_carea' id='block_1_103' title="bbox 223 5435 1761 5516">
    <p class='ocr_par' dir='ltr' id='par_1_103' title="bbox 223 5435 1761 5516">
     <span class='ocr_line' id='line_1_103' title="bbox 223 5435 1761 5516; baseline 0.008 -28"><span class='ocrx_word' id='word_1_752' title='bbox 223 5503 235 5516; x_wconf 38' lang='grc' dir='ltr'><strong>ο</strong></span> <span class='ocrx_word' id='word_1_753' title='bbox 262 5435 337 5516; x_wconf 74' lang='grc'><strong>(1)</strong></span> <span class='ocrx_word' id='word_1_754' title='bbox 376 5436 557 5516; x_wconf 76' lang='lat' dir='ltr'><strong>Epist.</strong></span> <span class='ocrx_word' id='word_1_755' title='bbox 586 5438 1307 5516; x_wconf 57' lang='lat' dir='ltr'><strong>{gnatiiadﬁpbesioscap</strong></span> <span class='ocrx_word' id='word_1_756' title='bbox 1340 5457 1455 5510; x_wconf 73' lang='lat' dir='ltr'><strong>nx,</strong></span> <span class='ocrx_word' id='word_1_757' title='bbox 1490 5444 1580 5500; x_wconf 90' lang='lat' dir='ltr'><strong>ubi</strong></span> <span class='ocrx_word' id='word_1_758' title='bbox 1607 5445 1761 5502; x_wconf 84' lang='lat' dir='ltr'><strong>vide-</strong></span> 
     </span>
    </p>
   </div>
   <div class='ocr_carea' id='block_1_104' title="bbox 193 5508 1756 5584">
    <p class='ocr_par' dir='ltr' id='par_1_104' title="bbox 193 5508 1756 5584">
     <span class='ocr_line' id='line_1_104' title="bbox 193 5508 1756 5584; baseline 0.006 -25"><span class='ocrx_word' id='word_1_759' title='bbox 193 5508 269 5584; x_wconf 68' lang='lat' dir='ltr'><strong>sis</strong></span> <span class='ocrx_word' id='word_1_760' title='bbox 299 5508 616 5584; x_wconf 81' lang='lat' dir='ltr'><strong>doctissimi</strong></span> <span class='ocrx_word' id='word_1_761' title='bbox 646 5508 1369 5584; x_wconf 72' lang='lat' dir='ltr'><strong>Coteleriiadnotationem,</strong></span> <span class='ocrx_word' id='word_1_762' title='bbox 1397 5508 1558 5584; x_wconf 75' lang='lat' dir='ltr'><strong>apud</strong></span> <span class='ocrx_word' id='word_1_763' title='bbox 1595 5530 1756 5584; x_wconf 85' lang='lat' dir='ltr'><strong>quem</strong></span> 
     </span>
    </p>
   </div>
   <div class='ocr_carea' id='block_1_105' title="bbox 196 5571 1758 5639">
    <p class='ocr_par' dir='ltr' id='par_1_105' title="bbox 196 5571 1758 5639">
     <span class='ocr_line' id='line_1_105' title="bbox 196 5571 1758 5639; baseline 0.006 -12"><span class='ocrx_word' id='word_1_764' title='bbox 196 5571 449 5634; x_wconf 84' lang='lat' dir='ltr'><strong>Usscrius</strong></span> <span class='ocrx_word' id='word_1_765' title='bbox 480 5580 648 5633; x_wconf 86' lang='lat' dir='ltr'><strong>verba</strong></span> <span class='ocrx_word' id='word_1_766' title='bbox 679 5580 793 5633; x_wconf 68' lang='lat' dir='ltr'><strong>haec</strong></span> <span class='ocrx_word' id='word_1_767' title='bbox 825 5578 1013 5635; x_wconf 85' lang='lat' dir='ltr'><strong>eadem</strong></span> <span class='ocrx_word' id='word_1_768' title='bbox 1044 5582 1241 5636; x_wconf 88' lang='lat' dir='ltr'><strong>recitat</strong></span> <span class='ocrx_word' id='word_1_769' title='bbox 1281 5571 1758 5639; x_wconf 12' lang='lat' dir='ltr'><strong>ex’An&#39;drea&#39;llie-</strong></span> 
     </span>
    </p>
   </div>
   <div class='ocr_carea' id='block_1_106' title="bbox 192 5647 1759 5726">
    <p class='ocr_par' dir='ltr' id='par_1_106' title="bbox 192 5647 1759 5726">
     <span class='ocr_line' id='line_1_106' title="bbox 192 5647 1759 5726; baseline 0.015 -31"><span class='ocrx_word' id='word_1_770' title='bbox 192 5647 656 5726; x_wconf 59' lang='lat' dir='ltr'><strong>rosol._Cretettsi</strong></span> <span class='ocrx_word' id='word_1_771' title='bbox 704 5649 984 5726; x_wconf 41' lang='lat' dir='ltr'><strong>cpi-scorto,</strong></span> <span class='ocrx_word' id='word_1_772' title='bbox 1033 5650 1137 5726; x_wconf 85' lang='lat' dir='ltr'><strong>nisi</strong></span> <span class='ocrx_word' id='word_1_773' title='bbox 1186 5653 1329 5726; x_wconf 79' lang='lat' dir='ltr'><strong>quod</strong></span> <span class='ocrx_word' id='word_1_774' title='bbox 1379 5669 1478 5726; x_wconf 80' lang='lat' dir='ltr'><strong>pro</strong></span> <span class='ocrx_word' id='word_1_775' title='bbox 1516 5657 1759 5726; x_wconf 78' lang='grc' dir='ltr'>κραυγῆς</span> 
     </span>
    </p>
   </div>
   <div class='ocr_carea' id='block_1_107' title="bbox 195 5716 1756 5796">
    <p class='ocr_par' dir='ltr' id='par_1_107' title="bbox 195 5716 1756 5796">
     <span class='ocr_line' id='line_1_107' title="bbox 195 5716 1756 5796; baseline 0.008 -30"><span class='ocrx_word' id='word_1_776' title='bbox 195 5716 456 5773; x_wconf 82' lang='lat' dir='ltr'><strong>scribitur</strong></span> <span class='ocrx_word' id='word_1_777' title='bbox 490 5718 567 5772; x_wconf 88' lang='lat' dir='ltr'><strong>ibi</strong></span> <span class='ocrx_word' id='word_1_778' title='bbox 602 5718 824 5787; x_wconf 80' lang='grc' dir='ltr'>φρικτὰ,</span> <span class='ocrx_word' id='word_1_779' title='bbox 874 5735 994 5788; x_wconf 72' lang='grc' dir='ltr'>(ιιιίυ</span> <span class='ocrx_word' id='word_1_780' title='bbox 1026 5716 1265 5777; x_wconf 80' lang='lat' dir='ltr'><strong>deterior</strong></span> <span class='ocrx_word' id='word_1_781' title='bbox 1312 5716 1470 5778; x_wconf 76' lang='lat' dir='ltr'><strong>lectio</strong></span> <span class='ocrx_word' id='word_1_782' title='bbox 1494 5716 1596 5788; x_wconf 70' lang='lat' dir='ltr'><strong>est,</strong></span> <span class='ocrx_word' id='word_1_783' title='bbox 1629 5716 1756 5796; x_wconf 70' lang='lat' dir='ltr'><strong>quia</strong></span> 
     </span>
    </p>
   </div>
   <div class='ocr_carea' id='block_1_108' title="bbox 1863 4604 3433 4678">
    <p class='ocr_par' dir='ltr' id='par_1_108' title="bbox 1863 4604 3433 4678">
     <span class='ocr_line' id='line_1_108' title="bbox 1863 4604 3433 4678; baseline -0.006 -9"><span class='ocrx_word' id='word_1_784' title='bbox 1863 4617 2064 4678; x_wconf 89' lang='lat' dir='ltr'><strong>nirent,</strong></span> <span class='ocrx_word' id='word_1_785' title='bbox 2102 4616 2319 4669; x_wconf 84' lang='lat' dir='ltr'><strong>inventa</strong></span> <span class='ocrx_word' id='word_1_786' title='bbox 2351 4622 2437 4668; x_wconf 91' lang='lat' dir='ltr'><strong>est</strong></span> <span class='ocrx_word' id='word_1_787' title='bbox 2469 4612 2525 4667; x_wconf 91' lang='lat' dir='ltr'><strong>in</strong></span> <span class='ocrx_word' id='word_1_788' title='bbox 2551 4622 2708 4674; x_wconf 83' lang='lat' dir='ltr'><strong>utero</strong></span> <span class='ocrx_word' id='word_1_789' title='bbox 2734 4611 2975 4676; x_wconf 85' lang='lat' dir='ltr'><strong>habens;</strong></span> <span class='ocrx_word' id='word_1_790' title='bbox 3032 4627 3051 4659; x_wconf 71' lang='grc' dir='ltr'><strong>ι</strong></span> <span class='ocrx_word' id='word_1_791' title='bbox 3086 4615 3346 4676; x_wconf 87' lang='lat' dir='ltr'><strong>tanquam</strong></span> <span class='ocrx_word' id='word_1_792' title='bbox 3373 4604 3433 4663; x_wconf 63' lang='lat' dir='ltr'><strong>si.</strong></span> 
     </span>
    </p>
   </div>
   <div class='ocr_carea' id='block_1_109' title="bbox 1864 4698 3423 4780">
    <p class='ocr_par' dir='ltr' id='par_1_109' title="bbox 1864 4698 3423 4780">
     <span class='ocr_line' id='line_1_109' title="bbox 1864 4698 3423 4780; baseline -0.006 -17"><span class='ocrx_word' id='word_1_793' title='bbox 1864 4717 2049 4780; x_wconf 88' lang='lat' dir='ltr'><strong>aperte</strong></span> <span class='ocrx_word' id='word_1_794' title='bbox 2077 4708 2306 4771; x_wconf 84' lang='lat' dir='ltr'><strong>diceret,</strong></span> <span class='ocrx_word' id='word_1_795' title='bbox 2359 4721 2480 4761; x_wconf 88' lang='lat' dir='ltr'><strong>eam</strong></span> <span class='ocrx_word' id='word_1_796' title='bbox 2522 4713 2647 4761; x_wconf 87' lang='lat' dir='ltr'><strong>ante</strong></span> <span class='ocrx_word' id='word_1_797' title='bbox 2683 4705 2902 4774; x_wconf 88' lang='lat' dir='ltr'><strong>nuptias</strong></span> <span class='ocrx_word' id='word_1_798' title='bbox 2932 4718 3043 4757; x_wconf 91' lang='lat' dir='ltr'><strong>non</strong></span> <span class='ocrx_word' id='word_1_799' title='bbox 3084 4698 3423 4769; x_wconf 82' lang='lat' dir='ltr'><strong>concepisse.</strong></span> 
     </span>
    </p>
   </div>
   <div class='ocr_carea' id='block_1_110' title="bbox 1862 4789 3429 4867">
    <p class='ocr_par' dir='ltr' id='par_1_110' title="bbox 1862 4789 3429 4867">
     <span class='ocr_line' id='line_1_110' title="bbox 1862 4789 3429 4867; baseline -0.006 -16"><span class='ocrx_word' id='word_1_800' title='bbox 1862 4812 2039 4865; x_wconf 90' lang='lat' dir='ltr'><strong>neque</strong></span> <span class='ocrx_word' id='word_1_801' title='bbox 2081 4796 2234 4867; x_wconf 91' lang='lat' dir='ltr'><strong>prius</strong></span> <span class='ocrx_word' id='word_1_802' title='bbox 2265 4810 2426 4864; x_wconf 83' lang='lat' dir='ltr'><strong>quam</strong></span> <span class='ocrx_word' id='word_1_803' title='bbox 2461 4793 2530 4849; x_wconf 88' lang='lat' dir='ltr'><strong>ad</strong></span> <span class='ocrx_word' id='word_1_804' title='bbox 2558 4795 2738 4849; x_wconf 88' lang='lat' dir='ltr'><strong>virum</strong></span> <span class='ocrx_word' id='word_1_805' title='bbox 2772 4790 3057 4855; x_wconf 78' lang='lat' dir='ltr'><strong>accederet</strong></span> <span class='ocrx_word' id='word_1_806' title='bbox 3102 4809 3115 4846; x_wconf 89' lang='lat'><strong>:</strong></span> <span class='ocrx_word' id='word_1_807' title='bbox 3149 4789 3247 4846; x_wconf 85' lang='lat' dir='ltr'><strong>sed</strong></span> <span class='ocrx_word' id='word_1_808' title='bbox 3279 4796 3429 4859; x_wconf 90' lang='lat' dir='ltr'><strong>post-</strong></span> 
     </span>
    </p>
   </div>
   <div class='ocr_carea' id='block_1_111' title="bbox 1861 4876 3426 4953">
    <p class='ocr_par' dir='ltr' id='par_1_111' title="bbox 1861 4876 3426 4953">
     <span class='ocr_line' id='line_1_111' title="bbox 1861 4876 3426 4953; baseline -0.005 -15"><span class='ocrx_word' id='word_1_809' title='bbox 1861 4898 2025 4953; x_wconf 90' lang='lat' dir='ltr'><strong>quam</strong></span> <span class='ocrx_word' id='word_1_810' title='bbox 2054 4898 2177 4937; x_wconf 90' lang='lat' dir='ltr'><strong>cum</strong></span> <span class='ocrx_word' id='word_1_811' title='bbox 2209 4880 2446 4953; x_wconf 82' lang='lat' dir='ltr'><strong>Josepho</strong></span> <span class='ocrx_word' id='word_1_812' title='bbox 2473 4882 2766 4952; x_wconf 85' lang='lat' dir='ltr'><strong>conjugata</strong></span> <span class='ocrx_word' id='word_1_813' title='bbox 2785 4880 2908 4948; x_wconf 81' lang='lat' dir='ltr'><strong>fuit,</strong></span> <span class='ocrx_word' id='word_1_814' title='bbox 2942 4889 3103 4951; x_wconf 87' lang='lat' dir='ltr'><strong>atque</strong></span> <span class='ocrx_word' id='word_1_815' title='bbox 3132 4876 3275 4950; x_wconf 88' lang='lat' dir='ltr'><strong>apud</strong></span> <span class='ocrx_word' id='word_1_816' title='bbox 3299 4893 3426 4934; x_wconf 89' lang='lat' dir='ltr'><strong>eum</strong></span> 
     </span>
    </p>
   </div>
   <div class='ocr_carea' id='block_1_112' title="bbox 1861 4974 3427 5047">
    <p class='ocr_par' dir='ltr' id='par_1_112' title="bbox 1861 4974 3427 5047">
     <span class='ocr_line' id='line_1_112' title="bbox 1861 4974 3427 5047; baseline -0.002 -16"><span class='ocrx_word' id='word_1_817' title='bbox 1861 4976 2127 5032; x_wconf 87' lang='lat' dir='ltr'><strong>diversari</strong></span> <span class='ocrx_word' id='word_1_818' title='bbox 2162 4976 2327 5047; x_wconf 78' lang='lat' dir='ltr'><strong>coepit</strong></span> <span class='ocrx_word' id='word_1_819' title='bbox 2362 4975 2462 5047; x_wconf 69' lang='lat'><strong>(2),</strong></span> <span class='ocrx_word' id='word_1_820' title='bbox 2494 4987 2549 5032; x_wconf 91' lang='lat' dir='ltr'><strong>ct</strong></span> <span class='ocrx_word' id='word_1_821' title='bbox 2575 4977 2644 5031; x_wconf 91' lang='lat' dir='ltr'><strong>ab</strong></span> <span class='ocrx_word' id='word_1_822' title='bbox 2669 4977 2925 5032; x_wconf 88' lang='lat' dir='ltr'><strong>omnibus</strong></span> <span class='ocrx_word' id='word_1_823' title='bbox 2954 4976 3157 5045; x_wconf 79' lang='lat' dir='ltr'><strong>conjux</strong></span> <span class='ocrx_word' id='word_1_824' title='bbox 3182 4974 3304 5044; x_wconf 90' lang='lat' dir='ltr'><strong>ejus</strong></span> <span class='ocrx_word' id='word_1_825' title='bbox 3326 4989 3427 5043; x_wconf 85' lang='lat' dir='ltr'><strong>ap-</strong></span> 
     </span>
    </p>
   </div>
   <div class='ocr_carea' id='block_1_113' title="bbox 1862 5068 3428 5139">
    <p class='ocr_par' dir='ltr' id='par_1_113' title="bbox 1862 5068 3428 5139">
     <span class='ocr_line' id='line_1_113' title="bbox 1862 5068 3428 5139; baseline -0.002 -17"><span class='ocrx_word' id='word_1_826' title='bbox 1862 5069 2054 5139; x_wconf 90' lang='lat' dir='ltr'><strong>pellari</strong></span> <span class='ocrx_word' id='word_1_827' title='bbox 2087 5090 2102 5124; x_wconf 85' lang='lat'><strong>:</strong></span> <span class='ocrx_word' id='word_1_828' title='bbox 2133 5084 2258 5124; x_wconf 92' lang='lat' dir='ltr'><strong>cum</strong></span> <span class='ocrx_word' id='word_1_829' title='bbox 2305 5085 2415 5124; x_wconf 87' lang='lat' dir='ltr'><strong>una</strong></span> <span class='ocrx_word' id='word_1_830' title='bbox 2464 5069 2799 5135; x_wconf 82' lang='lat' dir='ltr'><strong>habitarent,</strong></span> <span class='ocrx_word' id='word_1_831' title='bbox 2833 5084 2897 5124; x_wconf 90' lang='lat' dir='ltr'><strong>ac</strong></span> <span class='ocrx_word' id='word_1_832' title='bbox 2927 5068 3158 5138; x_wconf 90' lang='lat' dir='ltr'><strong>nuptiali</strong></span> <span class='ocrx_word' id='word_1_833' title='bbox 3191 5080 3428 5122; x_wconf 86' lang='lat' dir='ltr'><strong>consuc-</strong></span> 
     </span>
    </p>
   </div>
   <div class='ocr_carea' id='block_1_114' title="bbox 1861 5157 3513 5230">
    <p class='ocr_par' dir='ltr' id='par_1_114' title="bbox 1861 5157 3513 5230">
     <span class='ocr_line' id='line_1_114' title="bbox 1861 5157 3513 5230; baseline -0.005 -15"><span class='ocrx_word' id='word_1_834' title='bbox 1861 5161 2053 5217; x_wconf 90' lang='lat' dir='ltr'><strong>tudine</strong></span> <span class='ocrx_word' id='word_1_835' title='bbox 2100 5160 2216 5230; x_wconf 89' lang='lat' dir='ltr'><strong>jam</strong></span> <span class='ocrx_word' id='word_1_836' title='bbox 2266 5161 2418 5217; x_wconf 90' lang='lat' dir='ltr'><strong>usuri</strong></span> <span class='ocrx_word' id='word_1_837' title='bbox 2469 5160 2811 5227; x_wconf 83' lang='lat' dir='ltr'><strong>viderentur,</strong></span> <span class='ocrx_word' id='word_1_838' title='bbox 2855 5161 2975 5230; x_wconf 87' lang='lat' dir='ltr'><strong>ipsa</strong></span> <span class='ocrx_word' id='word_1_839' title='bbox 3032 5157 3424 5229; x_wconf 82' lang='lat' dir='ltr'><strong>propemodum</strong></span> <span class='ocrx_word' id='word_1_840' title='bbox 3506 5198 3513 5205; x_wconf 78' lang='lat'><strong>.</strong></span> 
     </span>
    </p>
   </div>
   <div class='ocr_carea' id='block_1_115' title="bbox 1863 5247 3458 5324">
    <p class='ocr_par' dir='ltr' id='par_1_115' title="bbox 1863 5247 3458 5324">
     <span class='ocr_line' id='line_1_115' title="bbox 1863 5247 3458 5324; baseline -0.004 -16"><span class='ocrx_word' id='word_1_841' title='bbox 1863 5254 2000 5308; x_wconf 87' lang='lat' dir='ltr'><strong>hora</strong></span> <span class='ocrx_word' id='word_1_842' title='bbox 2055 5260 2353 5324; x_wconf 89' lang='lat' dir='ltr'><strong>antequam</strong></span> <span class='ocrx_word' id='word_1_843' title='bbox 2415 5253 2799 5319; x_wconf 89' lang='lat' dir='ltr'><strong>convenirent,</strong></span> <span class='ocrx_word' id='word_1_844' title='bbox 2860 5252 3132 5306; x_wconf 85' lang='lat' dir='ltr'><strong>inventam</strong></span> <span class='ocrx_word' id='word_1_845' title='bbox 3186 5261 3312 5304; x_wconf 82' lang='lat' dir='ltr'><strong>esse</strong></span> <span class='ocrx_word' id='word_1_846' title='bbox 3369 5247 3458 5301; x_wconf 85' lang='lat' dir='ltr'><strong>in.</strong></span> 
     </span>
    </p>
   </div>
   <div class='ocr_carea' id='block_1_116' title="bbox 1860 5442 2883 5567">
    <p class='ocr_par' dir='ltr' id='par_1_116' title="bbox 1860 5442 2883 5567">
     <span class='ocr_line' id='line_1_116' title="bbox 1860 5442 2883 5567; baseline -0.007 -66"><span class='ocrx_word' id='word_1_847' title='bbox 1860 5461 1970 5501; x_wconf 91' lang='lat' dir='ltr'><strong>non</strong></span> <span class='ocrx_word' id='word_1_848' title='bbox 1999 5445 2293 5567; x_wconf 44' lang='lat' dir='ltr'><strong>apponitur</strong></span> <span class='ocrx_word' id='word_1_849' title='bbox 2322 5444 2591 5525; x_wconf 72' lang='lat' dir='ltr'><strong>vocabulo</strong></span> <span class='ocrx_word' id='word_1_850' title='bbox 2620 5442 2883 5529; x_wconf 79' lang='grc' dir='ltr'>κραυγῆς.</span> 
     </span>
     <span class='ocr_line' id='line_1_117' title="bbox 1932 5511 2883 5567; baseline 0 0"><span class='ocrx_word' id='word_1_851' title='bbox 1932 5515 2008 5567; x_wconf 75' lang='lat' dir='ltr'><strong>(2i</strong></span> <span class='ocrx_word' id='word_1_852' title='bbox 2096 5531 2126 5567; x_wconf 89' lang='lat' dir='ltr'><strong>e</strong></span> <span class='ocrx_word' id='word_1_853' title='bbox 2155 5515 2254 5567; x_wconf 90' lang='lat' dir='ltr'><strong>hac</strong></span> <span class='ocrx_word' id='word_1_854' title='bbox 2287 5529 2562 5567; x_wconf 88' lang='lat' dir='ltr'><strong>communl</strong></span> <span class='ocrx_word' id='word_1_855' title='bbox 2601 5512 2703 5567; x_wconf 72' lang='lat' dir='ltr'><strong>Sb.</strong></span> <span class='ocrx_word' id='word_1_856' title='bbox 2731 5511 2883 5567; x_wconf 71' lang='lat' dir='ltr'><strong>Patri</strong></span> 
     </span>
    </p>
   </div>
   <div class='ocr_carea' id='block_1_117' title="bbox 1932 5502 3427 5585">
    <p class='ocr_par' dir='ltr' id='par_1_117' title="bbox 1932 5502 3427 5585">
     <span class='ocr_line' id='line_1_118' title="bbox 1932 5502 3427 5585; baseline -0.004 -16"><span class='ocrx_word' id='word_1_857' title='bbox 1932 5515 2008 5585; x_wconf 74' lang='grc'><strong>(2)</strong></span> <span class='ocrx_word' id='word_1_858' title='bbox 2038 5502 2254 5585; x_wconf 22' lang='grc' dir='ltr'>’ῧεᾉὴεο</span> <span class='ocrx_word' id='word_1_859' title='bbox 2287 5513 2562 5585; x_wconf 80' lang='lat' dir='ltr'><strong>communi</strong></span> <span class='ocrx_word' id='word_1_860' title='bbox 2601 5502 2954 5585; x_wconf 69' lang='lat' dir='ltr'><strong>S$._Patruni</strong></span> <span class='ocrx_word' id='word_1_861' title='bbox 2979 5502 3427 5585; x_wconf 55' lang='lat' dir='ltr'><strong>opinioneﬁom-</strong></span> 
     </span>
    </p>
   </div>
   <div class='ocr_carea' id='block_1_118' title="bbox 1863 5579 3425 5654">
    <p class='ocr_par' dir='ltr' id='par_1_118' title="bbox 1863 5579 3425 5654">
     <span class='ocr_line' id='line_1_119' title="bbox 1863 5579 3425 5654; baseline -0.004 -16"><span class='ocrx_word' id='word_1_862' title='bbox 1863 5579 2088 5642; x_wconf 77' lang='lat' dir='ltr'><strong>betisius</strong></span> <span class='ocrx_word' id='word_1_863' title='bbox 2109 5583 2253 5637; x_wconf 77' lang='lat' dir='ltr'><strong>Bibl.</strong></span> <span class='ocrx_word' id='word_1_864' title='bbox 2286 5600 2436 5637; x_wconf 83' lang='lat' dir='ltr'><strong>conc.</strong></span> <span class='ocrx_word' id='word_1_865' title='bbox 2466 5592 2508 5638; x_wconf 91' lang='lat' dir='ltr'><strong>t.</strong></span> <span class='ocrx_word' id='word_1_866' title='bbox 2542 5582 2584 5646; x_wconf 90' lang='lat' dir='ltr'><strong>l,</strong></span> <span class='ocrx_word' id='word_1_867' title='bbox 2618 5600 2672 5654; x_wconf 89' lang='lat' dir='ltr'><strong>p.</strong></span> <span class='ocrx_word' id='word_1_868' title='bbox 2697 5582 2789 5647; x_wconf 71' lang='grc'><strong>22,</strong></span> <span class='ocrx_word' id='word_1_869' title='bbox 2815 5579 3350 5654; x_wconf 22' lang='lat' dir='ltr'><strong>contraiSuaresjum</strong></span> <span class='ocrx_word' id='word_1_870' title='bbox 3372 5586 3425 5654; x_wconf 70' lang='lat' dir='ltr'><strong>et</strong></span> 
     </span>
    </p>
   </div>
   <div class='ocr_carea' id='block_1_119' title="bbox 1862 5642 3424 5726">
    <p class='ocr_par' dir='ltr' id='par_1_119' title="bbox 1862 5642 3424 5726">
     <span class='ocr_line' id='line_1_120' title="bbox 1862 5642 3424 5726; baseline -0.005 -18"><span class='ocrx_word' id='word_1_871' title='bbox 1862 5654 2222 5726; x_wconf 62' lang='lat' dir='ltr'><strong>Raynaldum.</strong></span> <span class='ocrx_word' id='word_1_872' title='bbox 2260 5642 2864 5726; x_wconf 12' lang='lat' dir='ltr'><strong>Niicephorusfquoque</strong></span> <span class='ocrx_word' id='word_1_873' title='bbox 2894 5652 3155 5708; x_wconf 86' lang='lat' dir='ltr'><strong>Callistus</strong></span> <span class='ocrx_word' id='word_1_874' title='bbox 3196 5642 3344 5704; x_wconf 78' lang='lat' dir='ltr'><strong>Hist.</strong></span> <span class='ocrx_word' id='word_1_875' title='bbox 3382 5646 3424 5713; x_wconf 89' lang='grc' dir='ltr'>Ι,</span> 
     </span>
    </p>
   </div>
   <div class='ocr_carea' id='block_1_120' title="bbox 1861 5722 2677 5790">
    <p class='ocr_par' dir='ltr' id='par_1_120' title="bbox 1861 5722 2677 5790">
     <span class='ocr_line' id='line_1_121' title="bbox 1861 5722 2677 5790; baseline -0.004 -9"><span class='ocrx_word' id='word_1_876' title='bbox 1861 5727 1917 5790; x_wconf 81' lang='grc'>8,</span> <span class='ocrx_word' id='word_1_877' title='bbox 1949 5722 2073 5781; x_wconf 70' lang='lat' dir='ltr'><strong>cum</strong></span> <span class='ocrx_word' id='word_1_878' title='bbox 2116 5722 2354 5779; x_wconf 84' lang='lat' dir='ltr'><strong>Eusebio</strong></span> <span class='ocrx_word' id='word_1_879' title='bbox 2381 5722 2677 5779; x_wconf 77' lang='lat' dir='ltr'><strong>consentit.</strong></span> 
     </span>
    </p>
   </div>
  </div>
