3830 6260
394 272 505 342 883

1080 285 1351 343 EUSEBII
1381 288 1866 347 CESARIENSIS
1898 291 2050 348 OPP.
2090 292 2272 349 PARS
2304 292 2393 349 ill.
2431 324 2492 336 -
2539 291 2948 351 EXEGETICA.
3523 293 3611 352 ιιι

395 407 553 452 utero
584 396 871 453 habentem
902 399 968 453 de
997 405 1187 452 sancto
1218 396 1447 468 Spiritu.
1480 399 1659 473 Atque
1688 402 1804 458 haec
1837 418 1957 474 per-

2062 406 2399 479 ᾠκονόμητο·
2431 408 2479 460 εί
2517 406 2625 480 γὰρ
2646 407 2710 479 δὴ
2743 406 2893 477 παρὰ
2922 408 3035 472 τοῖς
3064 409 3234 481 αὐτῆς
3258 406 3614 479 ’γονεῦσινοῦ-

395 486 683 544 commode
714 487 784 541 ob
807 488 1081 542 vitandam
1119 488 1267 559 vulgi
1304 492 1553 545 notitiam
1581 502 1772 547 curata
1806 504 1955 550 sunt.

394 576 531 632 Nam
560 580 607 632 si
642 574 824 630 Maria:
845 592 875 630 a
902 578 1222 647 parentibus
1254 580 1496 635 nondum
1528 580 1808 652 digressae,
1836 599 1961 653 gra-

396 670 534 723 vida:
563 668 675 722 fleri
707 668 1061 739 contigisset;
1089 669 1216 739 quia
1248 686 1471 728 necesse
1496 680 1613 727 erat
1642 689 1755 728 rem
1779 675 1959 743 palam

394 759 726 830 famigerari,
760 775 953 829 nempe
984 762 1130 831 quod
1167 763 1283 832 ipsa
1314 762 1458 817 haud
1491 780 1555 819 ex
1586 766 1803 834 publice
1829 775 1959 824 noto

392 852 512 904 viro
541 865 643 906 suo
673 852 1035 921 concepisset,
1066 854 1318 923 protinus
1343 856 1669 925 supplicium
1696 873 1760 912 ex
1784 857 1959 915 forma

388 941 532 1009 juris
563 942 581 974 ¹
611 943 872 998 subiisset
907 963 919 997 :
979 945 1029 999 si
1085 947 1286 1011 minus,
1326 955 1474 1002 certe
1519 950 1696 1019 stupri
1743 953 1960 1007 macula

392 1046 503 1086 non
532 1045 783 1089 vacasset
819 1054 833 1089 :
865 1052 1046 1105 neque
1075 1037 1221 1093 enim
1259 1038 1375 1108 ipsa
1399 1040 1505 1096 sibi
1529 1042 1690 1098 testis
1716 1058 1839 1098 esse
1864 1059 1961 1113 po-

340 1110 345 1111 i
392 1131 556 1187 terat,
589 1139 768 1194 neque
795 1125 865 1179 ad
899 1125 1061 1181 fidem
1106 1128 1414 1183 faciendam
1468 1145 1659 1186 eorum
1690 1148 1811 1203 qua:
1854 1110 1959 1188 sibi

392 1215 711 1271 acciderant
741 1222 866 1271 “erat
915 1216 1113 1274 idonea
1165 1238 1180 1273 :
1228 1233 1332 1273 nec
1378 1220 1668 1292 quisquam
1723 1223 1827 1279 sibi
1866 1233 1962 1279 aut

390 1306 574 1375 angeli
603 1306 784 1362 visum
815 1308 1136 1377 persuaderi
1162 1325 1362 1379 passus
1376 1302 1551 1378 esset,
1582 1322 1678 1369 aut
1721 1314 1797 1369 illi
1831 1331 1960 1370 nar-

392 1396 540 1452 ranti
574 1398 896 1455 credidisset
931 1415 1052 1470 qua:
1098 1399 1272 1456 eidem
1300 1417 1330 1455 a
1370 1402 1620 1460 Gabriele
1652 1406 1798 1461 dicta
1841 1406 1962 1462 fue-

392 1499 517 1543 rant
570 1509 584 1545 :
620 1507 796 1560 neque
831 1507 949 1545 eam
982 1491 1093 1561 jam
1141 1503 1510 1563 praegnantem
1541 1494 1690 1550 domi
1726 1512 1839 1553 sua:
1868 1496 1956 1553 Jo-

393 1582 599 1651 sephus
624 1582 943 1651 recepisset,
968 1598 1129 1653 quem
1157 1583 1385 1653 justitize
1409 1587 1688 1655 publicum
1712 1589 1962 1644 testimo-

394 1674 544 1728 nium
577 1674 826 1729 ornabat.
853 1672 996 1730 Bene
1023 1676 1187 1747 igitur
1209 1692 1318 1731 non
1342 1679 1485 1749 apud
1509 1681 1660 1751 ipsos
1678 1689 1956 1752 parentes,

2062 518 2158 554 σαν
2198 502 2278 554 ἔτι
2319 501 2515 571 συνέϐη
2547 502 2685 556 κατὰ
2725 502 2963 575 γαστρὸς
2994 503 3209 564 λαϐεῖν,
3240 505 3343 559 κᾶν
3386 506 3538 571 είκδς
3558 504 3616 580 ἤν

2062 591 2317 664 βοηθῆναι
2340 592 2400 646 τὸ
2428 594 2656 664 πρᾶγμα
2683 594 2764 647 ὅτι
2788 594 2861 665 μὴ
2890 595 2954 646 ἐκ
2981 594 3243 666 προδήλου
3261 597 3453 669 ἀνδρὸς
3474 600 3619 652 smo-

2062 682 2293 754 φορήθη,
2318 681 2508 735 θᾶττον
2534 683 2577 735 δ’
2605 682 2670 737 ἂν
2694 682 2789 735 καὶ
2818 681 3055 753 ἀνῄρητο
3077 684 3217 736 κατὰ
3246 685 3337 738 τὸν
3377 686 3564 755 νόμον·
3588 687 3617 759 ἢ

2061 776 2109 827 εἰ
2136 774 2210 846 μὴ
2231 774 2407 838 τοῦτο,
2422 776 2650 845 αἰσχρᾶς
2663 775 2707 827 δ’
2722 771 2816 828 οὖν
2830 775 2930 828 οὐκ
2943 774 3008 828 ἂν
3036 774 3372 847 ἠλευθέρωτο
3390 777 3617 849 ὕϐρεως·

2059 865 2121 919 οὐ
2149 865 2256 936 γὰρ
2283 865 2455 936 δήπου
2490 866 2695 936 μάρτυς
2723 864 2856 935 αὐτὴ
2886 867 3082 936 ἑαυτῆς
3098 866 3320 919 καὶτῶν
3345 868 3477 939 περὶ
3497 868 3621 940 αὐτῇ

2061 957 2465 1026 πεπραγμένων
2497 955 2805 1020 ἀξιόπιστος
2840 952 2927 1027 ἦν’
2965 957 3074 1009 οὐδ’
3106 955 3172 1010 ἂν
3212 958 3438 1025 ἐπείσθη
3483 959 3621 1030 τιςῆ

2059 1048 2291 1116 ἀγγέλου
2312 1046 2649 1115 ἐπιφάνειαν,
2669 1046 2843 1100 καὶτὰ
2870 1047 3007 1117 πρὸς
3025 1047 3193 1118 αὐτὴν
3215 1047 3482 1118 εἰρημένα
3502 1047 3627 1118 πρὸς

2059 1139 2152 1192 τοῦ
2186 1137 2422 1209 Γαϐριὴλ
2452 1138 2587 1207 αὐτῇ
2620 1137 2977 1210 διηγουμένη,
3010 1138 3119 1190 οὐδ’
3152 1137 3218 1191 ἂν
3263 1138 3511 1191 κύουσαν
3541 1138 3628 1209 ἠδη

2061 1231 2376 1301 προσήκατο
2407 1230 2487 1291 εἰς
2501 1228 2589 1281 τὸν
2617 1227 2811 1281 ἑαυτοῦ
2830 1224 2978 1280 οἷκον
3023 1227 3395 1299 Ἰωσὴφ,ἁνὴρ
3427 1227 3629 1291 δίκαιος

2061 1313 2199 1371 εἶναι
2237 1316 2744 1388 μεμαρτυρημένος·
2773 1315 2961 1387 διόπερ
2987 1316 3213 1380 είκότως
3239 1318 3301 1369 οὐ
3343 1316 3501 1387 παρὰ
3534 1320 3630 1381 τοῖς

2060 1409 2235 1479 αὑτῆς
2267 1406 2534 1477 γονεῦσιν,
2561 1407 2672 1460 ἀλλ’
2702 1407 2803 1477 ἤδη
2838 1408 2967 1477 παρ’
2990 1406 3138 1477 αὐτῷ
3166 1407 3434 1479 γενομένη
3469 1406 3630 1475 ἐγκύ-

2064 1517 2178 1573 μων
2213 1501 2311 1553 σὺν
2323 1497 2469 1569 αὐτῷ
2503 1499 2790 1569 γενομένη,
2809 1499 2936 1567 παρ’
2956 1497 3122 1566 αὐτὴν
3138 1498 3214 1560 ὡς
3226 1500 3397 1551 εἰπεῖν
3411 1499 3520 1568 τὴν
3547 1494 3629 1549 τοῦ

2060 1590 2238 1660 γάμου
2275 1588 2447 1654 τάξινο
2497 1585 2603 1658 πρὸ
2631 1586 2739 1657 γὰρ
2783 1587 2876 1641 τοῦ
2921 1587 3195 1639 συνελθεῖν
3240 1589 3461 1651 αὐτοὺς,
3487 1586 3568 1650 ὡς
3601 1589 3630 1658 η

2061 1678 2247 1750 Γραφὴ
2278 1680 2561 1749 μαρτυρεῖ,
2591 1675 2789 1747 εὑρέθη
2822 1677 2880 1728 ὲν
2903 1678 3099 1746 γαστρὶ
3133 1675 3351 1746 ἔχουσα.

394 1768 487 1824 sed
515 1767 660 1837 apud
716 1768 1013 1840 Josephum
1078 1774 1303 1843 gravida
1352 1774 1493 1829 facta
1538 1787 1645 1842 est,
1684 1793 1748 1834 ac
1785 1778 2022 1833 maritali
2062 1774 2457 1847 propemodum
2493 1786 2643 1827 more
2671 1790 2684 1824 :
2717 1779 3011 1841 antequam
3042 1772 3189 1825 enim
3253 1769 3631 1834 convenirent,

394 1870 452 1917 ut
509 1862 792 1934 Scriptura
840 1873 1107 1933 testatur,
1163 1868 1217 1922 in
1266 1878 1422 1925 utero
1472 1872 1681 1928 habens
1732 1874 1955 1929 inventa
1992 1881 2097 1928 est.

461 1955 516 2011 ὅ.
557 1955 658 2010 Cui
687 1970 854 2026 porro
885 1956 1103 2011 inventa
1129 1966 1236 2025 est,
1261 1961 1367 2015 nisi
1394 1960 1668 2034 Josepho?
1715 1966 1826 2021 Cur
1855 1983 1954 2021 au-

2123 1968 2193 2031 γ’.
2229 1960 2344 2014 Τίνι
2368 1960 2411 2014 δ’
2433 1959 2547 2031 -άρα
2579 1958 2798 2030 εὑρέθη,
2821 1956 2935 2010 ἀλλ’
2967 1956 3000 2028 ἢ
3033 1955 3111 2027 τῷ
3153 1956 3383 2027 Ἰωσήφῖ
3425 1954 3553 2018 πῶς
3582 1954 3632 2008 δὲ

392 2053 500 2102 tem
546 2052 600 2101 et
650 2048 926 2117 quomodo
976 2064 1067 2105 res
1133 2048 1374 2121 Josepho
1430 2066 1708 2126 comperta
1768 2057 1952 2124 fuerit,

393 2136 677 2207 Scriptura
708 2141 868 2194 docet
893 2138 1025 2194 dum
1058 2141 1158 2206 ait,
1192 2157 1223 2195 a
1268 2153 1461 2199 sancto
1494 2145 1702 2217 Spiritu
1750 2151 1959 2219 patefa-

391 2238 536 2283 ctam
563 2246 687 2286 esse
710 2229 950 2303 Josepho
972 2234 1125 2302 justo
1146 2235 1383 2303 homini;
1416 2240 1512 2309 qui
1538 2242 1608 2294 ob
1631 2243 1956 2313 hancipsam

386 2320 659 2389 justitiam
690 2337 849 2376 suam
882 2324 960 2377 nil
992 2325 1192 2379 mirum
1224 2342 1309 2382 est
1357 2329 1403 2383 si
1457 2344 1487 2382 a
1529 2330 1716 2386 divino
1747 2331 1956 2402 Spiritu

392 2411 637 2481 adjutus,
670 2412 922 2483 conjugis
955 2430 1079 2469 mox
1120 2415 1319 2473 futura:
1361 2423 1745 2491 conceptiones
1796 2425 1957 2480 intel-

393 2500 545 2565 lexit,
582 2509 749 2571 atque
777 2518 806 2555 a
856 2505 1092 2558 maritali
1125 2520 1423 2576 congressu
1474 2511 1762 2566 abstinuit.
1808 2515 1959 2569 Illico

392 2593 561 2661 igitur
590 2609 648 2649 re
695 2596 913 2666 cognita
957 2599 1185 2655 territus
1218 2600 1392 2655 voluit
1438 2606 1655 2659 occulte
1686 2606 1961 2663 dimittere

392 2681 618 2739 Mariam
654 2703 670 2734 :
697 2701 819 2755 qua:
847 2688 1161 2744 acciderant
1189 2692 1395 2761 majora
1426 2694 1770 2761 existimans,
1796 2715 1958 2767 quam

394 2782 453 2828 ut
499 2777 616 2847 ipse
667 2793 793 2833 cum
842 2794 904 2834 ea
951 2781 1202 2850 posthinc
1225 2794 1557 2842 versaretur.
1615 2789 1791 2860 Atque
1846 2793 1961 2847 haec

393 2883 560 2923 causa
598 2875 720 2937 fuit,
751 2875 1104 2941 quamobrem
1130 2876 1314 2945 justus
1344 2895 1469 2934 cum
1496 2889 1664 2947 esset,
1714 2884 1861 2939 haud
1888 2901 1962 2940 a3-

391 2977 560 3030 quum
595 2963 858 3031 judicavit
901 2982 1021 3021 eam
1059 2968 1341 3026 dili‘amare
1379 2991 1392 3026 :
1428 2974 1623 3028 maluit
1653 2983 1832 3030 autem
1863 2991 1960 3031 oc—

394 3053 540 3107 culte
566 3054 811 3110 eamdem
838 3056 1131 3114 dimittere.
1169 3060 1418 3117 Profecto
1440 3064 1508 3127 is,
1540 3066 1646 3120 nisi
1680 3066 1783 3121 sibi
1834 3082 1960 3138 per-

393 3144 687 3209 suasisset,
722 3162 842 3201 eam
893 3149 961 3204 de
989 3164 1180 3207 sancto
1216 3152 1424 3223 Spiritu
1457 3158 1807 3228 concepisse;
1835 3175 1960 3213 cum

2061 2054 2157 2108 καὶ
2183 2053 2302 2105 τίνα
2332 2052 2529 2123 τρόπον
2555 2052 2783 2122 εὓρηται
2802 2048 2959 2102 τοῦτο
2978 2049 3055 2118 τῷ
3094 2048 3311 2118 Ἰωσὴφ,
3330 2048 3535 2116 ὀλὸγος
3560 2046 3632 2099 δι-

2059 2145 2204 2208 δάξει
2236 2143 2363 2210 φὰς,
2386 2144 2451 2195 ὲκ
2483 2140 2795 2210 Πνεύματος
2824 2140 2976 2207 ἁγίου
2990 2137 3228 2198 γνωστὸν
3255 2137 3478 2205 γέγονεν
3497 2134 3634 2189 οὕτω

2061 2238 2155 2289 καὶ
2186 2235 2262 2305 τῷ
2302 2234 2518 2304 Ἰωσήφ·
2547 2232 2750 2294 δίκαιος
2764 2228 2872 2299 γὰρ
2892 2225 2980 2300 ἦν’
3010 2229 3215 2291 δίκαιος
3239 2228 3297 2281 δὲ
3325 2228 3629 2298 τυγχάνων,

2061 2332 2121 2382 οὺ
2151 2329 2458 2399 θαυμαστὸν
2488 2330 2535 2380 εί
2564 2328 2657 2381 καὶ
2679 2327 2823 2381 θείου
2852 2325 3164 2397 Πνεύματος
3193 2325 3392 2394 ἠξίωτο
3426 2323 3630 2395 πρὸςτὸ

2063 2425 2297 2474 συνεῖναι
2323 2421 2419 2490 μὲν
2447 2419 2547 2489 τῆς
2575 2418 2869 2490 μελλούσης
2885 2416 3131 2488 γαμετῆς
3157 2416 3373 2485 κύησιν,
3389 2416 3631 2485 ἐπισχεῖν

2061 2513 2116 2565 δὲ
2145 2514 2242 2583 τὴν
2263 2512 2401 2566 κατὰ
2422 2511 2587 2582 ἄνδρα
2620 2511 2920 2564 κοινωνίαν.
2962 2509 3169 2562 Αὐτίκα
3200 2507 3380 2570 συνεὶς
3414 2508 3511 2560 καὶ
3537 2525 3630 2561 κα-

2061 2603 2357 2671 ταπλαγεὶς
2388 2602 2651 2674 ἐϐουλήθη
2677 2603 2849 2673 λάθρα
2888 2602 3153 2656 ἀπολῦσαι
3187 2602 3387 2673 αὑτήν
3417 2598 3631 2671 μείζονα

2062 2696 2093 2766 ἢ
2119 2698 2257 2749 κατὰ
2284 2697 2383 2766 τὴν
2410 2697 2505 2749 σὺν
2536 2694 2686 2765 αὑτῷ
2716 2694 2997 2766 διατριϐὴν
3021 2693 3090 2747 τὰ
3120 2692 3480 2764 πεπραγμένα
3496 2687 3628 2743 εἶναι

2061 2788 2415 2857 λογισάμενος
2435 2828 2446 2839 .
2469 2787 2579 2841 Καὶ
2603 2786 2759 2839 τοῦτο
2794 2786 2902 2858 ἄρα
2930 2782 2998 2857 ἦν
3034 2785 3095 2837 τὸ
3125 2783 3325 2847 αἴτιον,
3360 2784 3427 2837 δι’
3458 2783 3506 2848 δ,
3554 2783 3629 2836 δί-

2063 2896 2215 2942 καιος
2244 2878 2338 2943 ὣν,
2394 2879 2493 2932 οὐκ
2532 2879 2713 2948 ἔκρινε
2756 2878 2853 2948 μὲν
2884 2877 3089 2930 δῖκαιον
3122 2872 3258 2929 εἶναι
3290 2873 3628 2945 δειγματίσαι

2063 2971 2250 3041 αὐτὴν,
2289 2969 2552 3041 ἐϐουλήθη
2580 2969 2636 3022 δὲ
2665 2967 2839 3039 λάθρα
2865 2966 3132 3020 ἀπολῦσαι
3167 2965 3359 3035 αὐτῆνο
3407 2964 3499 3017 καὶ
3529 2963 3628 3033 μὴν

2064 3066 2111 3117 εί
2139 3063 2212 3134 μὴ
2240 3064 2297 3129 ἐξ
2329 3063 2484 3131 ἁγίου
2520 3060 2831 3131 Πνεύματος
2876 3060 3135 3113 πέπειστο
3178 3057 3346 3126 αὐτὴν
3396 3055 3627 3123 συνειλη-

2065 3156 2247 3223 φέναι,
2271 3154 2509 3223 ἁκριϐὦς
2540 3154 2695 3218 εἰδὼς
2717 3154 2798 3207 ὅτι
2831 3152 2966 3224 μηδὲ
2996 3151 3054 3218 ἐξ
3100 3150 3262 3204 αὐτοῦ
3288 3149 3348 3202 τὸ
3374 3147 3514 3201 κατὰ
3536 3164 3628 3214 γα-

393 3235 563 3306 probe
587 3238 751 3293 simul
780 3240 945 3296 sciret
972 3244 1217 3299 eamdem
1251 3260 1280 3298 a
1307 3261 1366 3301 se
1390 3247 1509 3302 viro
1571 3259 1786 3304 uterum
1846 3264 1956 3306 non

2069 3248 2226 3318 στρὸς
2259 3247 2441 3317 ἔφερε,
2476 3247 2529 3299 τί
2548 3246 2681 3317 δῆτα
2712 3245 2917 3307 δίκαιος
2944 3242 3063 3295 ὢνὸ
3084 3242 3243 3312 ἀνὴρ,
3275 3241 3377 3294 οὐκ
3407 3241 3488 3302 είς
3506 3238 3628 3292 πάν-

392 3332 616 3399 get‘ere;
649 3332 743 3401 qui
784 3334 1003 3389 tandem
1037 3336 1154 3392 fieri
1191 3348 1427 3410 poterat,
1465 3350 1524 3397 ut
1554 3357 1686 3408 non,
1725 3358 1824 3414 pro
1850 3357 1960 3398 suae

2065 3317 2161 3401 τας
2193 3338 2401 3407 ἐξάγων
2432 3339 2529 3409 τὴν
2562 3320 2946 3408 διαφθαρεῖσαν
2979 3335 3084 3406 πρὸ
3115 3335 3294 3405 γάμου
3325 3333 3426 3405 τὴν
3465 3331 3621 3400 ὥραν,

388 3420 621 3489 justitiae
654 3438 898 3493 munere,
938 3434 1066 3484 ante
1112 3432 1335 3501 nuptias
1382 3442 1697 3504 corruptam
1745 3434 1964 3505 publice

391 3512 654 3582 ediceret,
689 3523 855 3588 atque
884 3520 957 3574 ob
1002 3522 1055 3576 id
1106 3525 1520 3594 magistratibus
1570 3527 1783 3583 idoneis
1812 3526 1963 3598 judi-

392 3604 622 3660 candam
653 3608 891 3666 traderet
913 3627 977 3667 ac
999 3613 1386 3672 diffamandam
1403 3618 1428 3672 ?
1446 3620 1663 3690 Alioqui
1688 3622 1964 3691 quomodo

387 3695 577 3765 justus
606 3708 774 3764 esset,
824 3703 919 3773 qui
948 3705 1016 3760 de
1055 3721 1116 3761 re
1162 3707 1328 3779 impia
1371 3714 1597 3781 tegenda
1626 3712 1965 3783 celaudaque

392 3791 704 3859 satageret?
749 3792 914 3850 Certe
959 3794 1259 3868 Josephum
1317 3800 1394 3854 ita
1445 3816 1505 3857 se
1557 3810 1857 3871 gerentem,
1894 3804 1964 3858 ab

390 3882 724 3952 evangelista
771 3884 975 3955 justum
1014 3891 1298 3960 appellari,
1346 3909 1459 3948 non
1504 3901 1623 3948 erat
1672 3902 1964 3949 consenta—

391 3985 579 4024 neum.
612 3970 718 4028 Sed
762 3976 911 4031 enim
939 3980 1068 4048 quia
1102 3981 1220 4050 ipse
1265 3980 1595 4039 diviniorem
1623 3982 1865 4056 Virginis
1895 3986 1964 4041 de

393 4068 587 4115 sancto
615 4061 821 4131 Spiritu
849 4078 1177 4140 conceptum
1204 4074 1387 4141 novit;
1440 4082 1496 4130 et
1543 4076 1673 4145 quia
1713 4075 1960 4130 eamdem

393 4158 766 4227 augustiorem
797 4163 1153 4233 existimavit,
1179 4185 1344 4239 quam
1370 4180 1429 4225 ut
1458 4172 1563 4226 sibi
1598 4171 1810 4228 diutius
1832 4173 1964 4229 licc-

392 4254 477 4301 ret
505 4263 631 4305 cum
678 4252 771 4307 illa
827 4255 1114 4326 habitare;
1170 4271 1320 4317 recte
1362 4263 1572 4320 idcirco
1622 4264 1963 4335 evangelista

391 4334 550 4402 dicit,
579 4354 612 4393 a
639 4337 879 4413 Joaepho
903 4354 1123 4417 captum
1153 4364 1279 4407 esse
1301 4352 1593 4408 consilium
1629 4334 1963 4423 clamspon-

2062 3434 2176 3495 τοῖς
2201 3431 2267 3484 τὰ
2299 3431 2522 3484 τοιαῦτα
2551 3430 2755 3501 κρίνειν
2788 3427 3073 3501 παρεδίδου
3105 3428 3382 3500 δράσασαν
3408 3425 3623 3494 δειγμα-

2063 3521 2243 3586 τίσαι;
2272 3522 2388 3585 πῶς
2414 3521 2469 3573 δὲ
2503 3520 2707 3583 δίκαιος
2739 3520 2768 3572 ὁ
2803 3520 2901 3590 τὴν
2930 3520 3242 3590 παράνομον
3275 3515 3475 3588 πρᾶξιν
3515 3518 3626 3568 ὲπι-

2066 3612 2309 3678 σκιάζειν
2355 3614 2449 3666 καὶ
2493 3611 2849 3683 ἐπικρύπτειν
2888 3610 3371 3683 προθυμούμενος;
3398 3608 3508 3662 ἀλλ’
3533 3608 3623 3661 οὐκ

2064 3706 2211 3770 εἰκὸς
2238 3706 2328 3759 τὸν
2348 3705 2729 3777 εὑαγγελιστὴν
2759 3704 2964 3758 δίκαιον
2994 3703 3153 3757 αὐτὸν
3175 3704 3269 3755 ἐπὶ
3295 3701 3501 3764 τούτοις
3532 3700 3625 3769 φά-

2064 3814 2171 3864 ναι,
2188 3797 2324 3851 ἁλλὰ
2345 3797 2453 3869 γὰρ
2477 3795 2893 3866 συναισθόμενον
2917 3795 3003 3849 διὰ
3026 3795 3181 3863 άγίου
3203 3793 3517 3864 Πνεύματος
3532 3792 3622 3863 τὴν

2065 3888 2342 3962 θειοτέραν
2374 3889 2473 3959 τῆς
2516 3888 2792 3961 Παρθένου
2833 3888 2932 3957 (2')
2968 3887 3246 3956 γεγονέναι
3284 3887 3498 3957 κύησιν,
3541 3883 3624 3937 καὶ

2063 3983 2346 4055 κρείττονα
2358 3982 2455 4050 τῆς
2472 3982 2565 4035 σὺν
2578 3980 2724 4052 αὐτῷ
2737 3981 2765 4033 δ
2771 3998 2855 4033 ιατ
2861 3980 3018 4053 ριϐῆς
3028 3982 3133 4051 ήγη
3142 3979 3209 4032 σά
3215 3996 3375 4049 μενον
3390 3975 3522 4032 εἷναι
3536 3976 3623 4048 τὴν

2061 4074 2392 4145 οἰκονομίαν,
2423 4074 2645 4132 εἰκότως
2687 4072 2849 4146 φησιν
2878 4072 3039 4126 αὐτὸν
3065 4071 3438 4141 διανενοῆσθαι
3465 4068 3619 4140 λάθρα

2062 4167 2331 4221 ἀπολῦσαι
2365 4166 2532 4238 αὐτὴν
2558 4166 2631 4238 μὴ
2661 4164 3130 4237 δειγματισθεῖσαν
3157 4166 3249 4219 ὑπ’
3272 4164 3460 4229 αὑτοῦ,
3504 4161 3617 4235 μηδὲ

2060 4264 2173 4325 τοῖς
2206 4260 2419 4322 πολλοῖς
2442 4259 2678 4328 φανερὰν
2703 4256 3000 4328 γενομένην
3022 4273 3035 4285 ·
3067 4250 3125 4308 εὗ
3173 4254 3306 4323 γοῦν
3336 4254 3433 4307 καὶ
3481 4253 3537 4305 τὸ
3554 4251 3614 4321 μή

2064 4351 2234 4405 θέλων
2269 4349 2435 4419 αὐτὴν
2469 4348 2814 4420 δειγματίσαι
2844 4346 3095 4419 εἰρῆσθαι
3119 4346 3267 4398 δοκεῖ
3294 4344 3402 4398 ὑπὸ
3432 4342 3520 4397 τοῦ
3542 4341 3616 4394 εὖ·

391 4443 508 4484 sam
539 4430 848 4490 dimittendi
872 4453 1050 4509 neque
1081 4440 1418 4499 diﬂ'amatam
1449 4459 1481 4498 a
1515 4460 1574 4501 se
1606 4459 1786 4515 neque
1811 4446 1960 4515 obje-

2067 4441 2410 4512 αγγελιστοῦ·
2442 4443 2501 4494 οὐ
2532 4441 2640 4513 γὰρ
2676 4440 2843 4511 ἔφησε
2881 4439 2955 4511 μὴ
2981 4436 3148 4492 θέλων
3191 4436 3363 4509 αὐτὴν
3397 4434 3620 4507 παραδει-

388 4529 537 4579 ctam
570 4528 716 4599 vulgi
744 4533 1113 4589 sermonibus.
1144 4534 1288 4591 Bene
1318 4537 1485 4607 igitur
1523 4538 1593 4593 ab
1623 4539 1960 4609 evangelista

2062 4535 2348 4606 γματίσαι,
2364 4533 2500 4588 ἀλλὰ
2524 4535 2597 4606 μὴ
2611 4534 2953 4604 δειγματίσαι
2969 4532 3041 4602 (5)
3058 4531 3245 4585 θέλων·
3261 4529 3461 4600 πολλῆς
3474 4526 3617 4596 οὔσης

387 4612 499 4671 dici
545 4618 783 4686 videtur,
828 4625 976 4694 quod
1022 4625 1477 4685 eam‘diﬂ‘amare
1530 4631 1789 4687 noluerit.
1838 4630 1960 4686 Non

2067 4631 2124 4682 έν
2150 4629 2357 4693 τούτοις
2382 4629 2645 4700 διαφορᾶς
2664 4644 2681 4657 ’
2706 4627 2782 4691 ὡς
2818 4626 2923 4699 γὰρ
2953 4626 3012 4679 οὐ
3046 4624 3244 4678 ταυτὸν
3298 4623 3540 4694 σημαίνει
3565 4616 3616 4671 τὸ

390 4710 536 4764 enim
572 4714 650 4766 ait
677 4715 871 4772 nolens
905 4732 1025 4772 eam
1069 4718 1360 4786 infamare,
1394 4722 1490 4778 sed
1522 4740 1543 4772 ε
1579 4721 1900 4789 diffamare;
1939 4742 1957 4775 ι

2070 4721 2274 4793 γράψαι
2301 4720 2396 4773 καὶ
2420 4718 2801 4790 παραγράψαι,
2830 4718 2924 4771 καὶ
2944 4716 3004 4770 τὸ
3039 4714 3359 4783 λογίσασθαι
3402 4714 3491 4767 καὶ
3525 4728 3613 4763 πα·

389 4817 623 4873 quorum
657 4809 1048 4866 vocabulorum
1101 4814 1271 4869 multa
1304 4824 1388 4871 est
1435 4816 1762 4872 differentia.
1802 4813 1960 4869 Sicut

2073 4814 2480 4886 ραλογίσασθαι,
2519 4813 2612 4866 καὶ
2642 4812 2876 4882 ψηφίσαι
2910 4811 3003 4863 καὶ
3034 4809 3433 4879 παραψηφίσαν
3470 4806 3614 4866 οὕτως

387 4898 535 4949 enim
569 4913 677 4954 non
727 4899 868 4955 idem
912 4903 1184 4973 significat
1218 4907 1463 4964 scribere
1504 4916 1559 4965 et
1593 4909 1958 4978 proscribere,

2068 4905 2187 4959 οὐδὲ
2206 4905 2267 4958 τὸ
2296 4903 2638 4974 δειγματίσαι
2663 4904 2755 4955 καὶ
2782 4900 3297 4973 παραδειγματίσαι’
3324 4899 3387 4952 τὸ
3415 4897 3507 4968 μὲν
3526 4896 3614 4966 γὰρ

390 4996 585 5058 putare
608 4998 666 5046 et
697 4990 986 5062 imputare,
1019 5011 1213 5067 rogare
1246 5006 1301 5054 et
1328 5001 1627 5071 abrogare;
1657 5000 1739 5055 sic
1781 5015 1959 5071 neque

388 5075 679 5136 diffamare
703 5088 759 5136 et
788 5082 1057 5140 infamare
1090 5104 1105 5139 :
1138 5102 1373 5159 namque
1418 5090 1689 5145 infamare
1729 5089 1863 5144 facit
1901 5097 1962 5144 ut

390 5168 696 5239 cogitemus
726 5170 795 5228 de
822 5174 1038 5243 publica
1069 5176 1307 5235 hominis
1332 5180 1561 5236 malefici
1594 5181 1961 5252 patefactione

2069 4997 2586 5071 παραδειγματίσαι,
2616 4995 2714 5066 τὴν
2734 4996 2825 5048 ἐπὶ
2843 4994 3029 5058 κακῶς
3051 4993 3319 5064 πράξαντι
3342 4995 3424 5057 εἰς
3436 4991 3614 5050 πάντας

2068 5089 2375 5160 φανέρωσίν
2427 5105 2486 5142 τε
2525 5088 2618 5141 καὶ
2664 5087 2916 5157 διαϐολὴν
2960 5085 3252 5139 ὑποϐάλλει
3284 5087 3443 5138 νοεῖν³
3474 5084 3530 5137 τὸ
3567 5079 3611 5132 δὲ

2062 5182 2422 5252 δειγματίσαι,
2458 5181 2518 5235 τὸ
2550 5179 2783 5249 φανερὸν
2805 5176 2990 5240 ἁπλῶς
3018 5177 3261 5247 ποιῆσαι.

392 5270 459 5312 se
509 5260 819 5331 delatione;
868 5265 1150 5324 dilfamare
1199 5278 1379 5326 autem
1424 5272 1788 5342 patefaciendi
1837 5274 2220 5328 tantummodo
2248 5275 2543 5328 notionem
2577 5271 2765 5326 habet.

462 5351 482 5384 ¹
522 5352 680 5410 Deut.
717 5373 868 5426 χχιι,
901 5360 992 5416 23.

460 5444 558 5526 (ἓξ)
608 5447 726 5513 Τὴν
769 5451 1083 5526 θειοτέραν
1120 5453 1232 5521 τῆς
1277 5455 1606 5521 Παρθένου.
1652 5455 1960 5526 Legendum

2077 5453 2247 5526 codex
2297 5453 2533 5509 biblicus
2583 5453 2898 5526 Vaticanus.
2959 5468 3057 5507 nec
3103 5468 3212 5506 non
3250 5453 3601 5526 palimpsgsm

388 5514 602 5598 videtur
653 5534 797 5598 esse,
834 5514 1026 5577 leviter
1072 5514 1379 5578 immutatu'
1406 5527 1697 5580 verborum
1732 5514 1961 5588 ‘ordinc,
2075 5525 2439 5598 Dublinensis.
2471 5526 2627 5598 Apud
2656 5524 2994 5598 Sabaterium
3022 5514 3330 5598 consonant
3350 5514 3462 5577 cod.
3472 5518 3600 5598 ﬁatf-

388 5580 633 5667 est???
651 5587 748 5667 τὴν
785 5580 894 5667 τῆς
915 5592 1213 5667 Παρθένου.
1247 5596 1410 5667 Egt'r.
1512 5664 1525 5667 Α
1626 5666 1633 5667 ί
1854 5665 1865 5667 ς
1948 5580 1960 5588 1

2067 5596 2264 5667 tahrig.
2306 5580 2623 5667 prccpelare.
2662 5594 2722 5651 S.
2758 5593 3119 5667 Augustinus,
3156 5594 3438 5658 dirulqare,
3472 5584 3597 5660 Vigi»

463 5651 659 5734 (5)‘.En
699 5651 1206 5736 Eusebiusdiserte
1240 5664 1471 5736 afﬁrmat
1511 5664 1800 5736 lectionem
1846 5665 1956 5718 δει-
2068 5666 2171 5720 lius
2206 5651 2394 5735 Taps.,
2418 5651 2679 5736 'detegere.

390 5721 683 5790 γματίσαι,
708 5742 870 5795 quam
902 5730 1063 5786 habet
1091 5736 1253 5788 etiam
1276 5734 1692 5805 antiquissimus
1713 5738 1957 5791 omnium
