3830 6260
241 290 342 349 885

794 293 1249 362 QUASSTIONES
1285 297 1743 353 EVANGELICE
1782 298 1883 352 AD.
1912 297 2349 355 STEPHANUM.
2390 327 2459 339 —
2495 298 2822 366 QUIESTIO
2860 299 2901 354 Ι.

3359 302 3462 359 886

305 402 369 455 6'.
417 403 634 473 Ἐπειδὴ
655 403 709 456 δὲ
743 405 930 459 τούτου
962 408 1271 478 γενομένου,
1308 411 1357 461 εί
1377 409 1472 462 καὶ
1505 408 1677 479 λάθρα
1707 410 1770 462 αύ

1872 464 1875 471 ,
1973 411 2027 464 4.
2074 408 2179 465 Sed
2213 411 2341 478 quia
2371 417 2548 469 tamen
2601 411 2715 466 lieri
2764 428 2875 466 non
2916 418 3129 482 poterat
3158 420 3217 468 ut
3258 416 3462 475 multos

236 494 332 566 τὴν
354 494 695 559 ἁπολελύκει,
729 498 907 566 μεῖξον
938 493 1004 569 ἦν
1029 500 1090 553 τὸ
1119 501 1367 570 πρᾶγμα,
1396 501 1429 570 ἦ
1453 503 1591 554 κατὰ
1614 502 1676 553 τὸ
1701 500 1797 554 λα-

232 585 348 637 θεῖν
371 587 499 648 τοὺς
530 584 775 652 πολλοὺς,
806 588 1029 651 εἰκότως
1066 588 1291 652 ἐπιστὰς
1330 590 1460 661 ὄναρ
1505 594 1533 645 6
1568 591 1795 661 ἄγγελος

231 675 334 747 ἔφη
356 676 434 747 τῷ
466 678 682 747 Ἰωσήφ·
715 698 732 730 ι
777 681 968 752 Ἰωσὴφ
1014 683 1209 753 Ἰωσὴφ
1238 682 1351 746 υίὸς
1376 683 1558 747 Δαόὶδ,
1597 686 1672 757 μὴ
1703 703 1797 755 φο-

232 763 407 836 ϐηθῇς
434 766 763 836 παραλαϐεῖν
791 770 1022 841 Μαριὰμ
1054 770 1150 842 τὴν
1182 772 1418 839 γυναῖκά
1439 790 1531 826 σου
1556 790 1569 803 ·
1592 774 1655 827 τὸ
1687 775 1794 847 γάρ

229 854 289 906 ἐν
315 856 453 927 αὐτῇ
493 855 747 926 γεννηθὲν
774 858 843 911 ἐκ
868 858 1179 929 Πνεύματός
1222 864 1369 914 ἐστιν
1408 862 1583 931 ἁγίου.
1623 882 1640 913 ι
1684 864 1794 918 Καὶ

228 940 328 994 θέα
362 960 428 1011 γε
456 944 532 1008 ὡς
566 945 779 1017 πρῶτον
804 946 917 1001 υἱὸν
956 949 1120 1002 Δαόὶδ
1149 950 1426 1013 ἀνακαλεῖ,
1454 953 1793 1022 ἀναπέμπων

228 1033 321 1084 ἐπὶ
342 1033 434 1087 τὸν
465 1037 807 1109 προπάτορα,
829 1038 916 1091 διὰ
946 1039 1036 1092 τὸν
1065 1041 1128 1093 ἐκ
1150 1043 1461 1113 σπέρματος
1493 1043 1656 1097 Δαϐὶδ
1680 1047 1791 1108 τοῖς

226 1127 360 1177 πᾶσι
389 1126 852 1198 προσδοκώμενον·
879 1130 1000 1182 ἐπεὶ
1014 1130 1101 1184 διὰ
1133 1131 1184 1184 τί
1221 1133 1295 1203 μὴ
1326 1133 1440 1186 υἱὸν
1470 1134 1629 1187 αὑτὸν
1655 1133 1789 1206 ἔφη·

226 1231 318 1266 σεν
354 1214 574 1282 Ίακώ6;
603 1210 756 1281 οὗτος
780 1217 889 1290 γὰρ
909 1214 975 1291 ἦν
998 1220 1161 1273 αὑτοῦ
1200 1221 1341 1275 κατά
1378 1223 1553 1295 σάρκα
1585 1225 1789 1297 πατὴρ,

223 1305 299 1367 ὡς
334 1309 601 1379 μαρτυρεῖ
631 1308 659 1360 6
689 1308 1097 1380 εὐαγγελιστής·
1138 1330 1156 1363 ι
1186 1312 1411 1367 Ματθὰν
1436 1314 1494 1367 δὲ
1537 1315 1787 1388 ἐγέννησε

220 1394 312 1448 τὸν
358 1396 552 1449 Ἰακώὸ
574 1414 588 1427 ·
635 1399 824 1451 Ἰακὼό
844 1400 899 1453 δὲ
922 1402 1173 1474 ἐγέννησε
1203 1403 1291 1457 τὸν
1331 1404 1545 1475 Ἰωσήφ·
1574 1425 1592 1457 ι
1618 1406 1713 1459 νῦν
1729 1408 1787 1461 δὲ

219 1488 419 1558 παρεὶς
449 1487 544 1541 τοῦ
580 1490 782 1560 πατρὸς
830 1491 927 1562 τήν
982 1496 1200 1565 μνήμην
1232 1535 1247 1559 ,
1297 1494 1389 1549 τοῦ
1447 1498 1786 1570 προπάτορος

217 1578 641 1651 ὑπομιμνήσκει·
678 1582 957 1652 μονονουχὶ
996 1585 1271 1654 σημαίνων
1304 1586 1379 1650 ὡς
1415 1585 1522 1658 ἄρα
1553 1590 1581 1641 6
1611 1589 1783 1658 ἐπηγ-

213 1669 476 1739 γελμένας
502 1669 576 1740 τῷ
605 1672 786 1737 Δαϐὶδ,
808 1668 960 1737 οὗτος
973 1669 1041 1743 ἦν
1071 1676 1099 1728 6
1126 1676 1439 1747 παραδόξως
1459 1679 1488 1730 6
1511 1678 1584 1749 μὴ
1604 1677 1663 1743 ἐξ
1687 1680 1784 1733 αύ-

1901 515 1965 556 ea
1994 515 2082 555 res
2103 500 2318 565 lateret,
2350 502 2567 556 etiamsi
2594 502 2820 555 Mariam
2842 499 3114 572 Iosephus
3144 503 3285 560 clam
3311 504 3461 563 dese-

1899 592 2121 657 ruisset,
2153 593 2437 648 commode
2465 595 2692 663 angelus
2718 609 2814 664 per
2856 594 3131 649 somnium
3159 595 3286 652 huic
3308 598 3459 654 obla-

1900 690 1990 738 tus
2017 684 2092 737 ait
2127 701 2141 737 :
2196 701 2214 733 ι
2255 681 2455 752 Ioseph
2494 681 2695 753 Ioseph
2744 683 2819 736 lili
2866 683 3107 747 Davidis,
3264 686 3457 744 timeas

1897 776 2148 845 accipere
2180 774 2402 828 Mariam
2423 775 2704 845 conjugem
2738 783 2884 830 tuam
2913 796 2926 830 :
2953 778 3094 847 quod
3122 777 3266 831 enim
3303 777 3360 833 in
3391 794 3455 835 ea

1893 876 2080 922 natum
2105 874 2211 931 est,
2238 866 2307 923 de
2331 867 2538 938 Spiritu
2561 879 2752 924 sancto
2780 876 2865 924 est
2888 870 2929 921 ¹.
2965 889 2983 919 ι
3012 868 3078 922 Et
3104 869 3303 925 videsis
3338 877 3395 924 ut
3423 886 3456 924 a

1896 958 2164 1028 principio
2187 959 2356 1014 lilium
2389 960 2610 1016 Davidis
2632 960 2781 1015 hunc
2805 960 3060 1032 appellat,
3085 961 3294 1016 scilicet
3308 976 3455 1015 eum-

1892 1048 2015 1101 dem
2046 1063 2313 1104 revocans
2351 1049 2416 1104 ad
2459 1049 2859 1119 progenitorem
2893 1063 2996 1117 ope
3043 1049 3190 1104 illius
3232 1064 3390 1120 quem
3421 1064 3455 1103 a

1891 1137 2115 1202 Davidis
2168 1155 2366 1209 genere
2412 1155 2605 1195 omnes
2651 1138 3063 1210 exspectabant.
3099 1141 3312 1210 Alioqui
3352 1156 3453 1195 cur

1891 1246 1997 1285 non
2040 1247 2165 1286 eum
2195 1230 2384 1286 Iacobi
2418 1231 2585 1285 lilium
2619 1232 2885 1288 dixisset?
2932 1231 3033 1287 Hic
3070 1232 3213 1286 cnim
3242 1240 3359 1287 erat
3386 1233 3453 1287 il-

1889 1323 2000 1379 lius
2046 1329 2241 1378 natura
2296 1323 2576 1393 proximus
2624 1332 2798 1393 pater,
2856 1332 2994 1378 teste
3046 1325 3378 1394 evangelista
3431 1345 3445 1381 :

1895 1433 1915 1466 ι
1956 1412 2268 1469 Matthanus
2302 1423 2481 1467 autem
2532 1415 2719 1484 genuit
2749 1413 3051 1482 Iacobum;
3081 1414 3318 1472 Iacobus
3351 1432 3450 1474 att-

1887 1512 1994 1559 tem
2040 1505 2226 1575 genuit
2269 1502 2584 1573 Iosephum.
2625 1524 2644 1556 ›
2700 1504 2853 1560 Nunc
2895 1521 3047 1571 vero,
3078 1508 3449 1576 praetermissa

1887 1597 2060 1667 patris
2091 1598 2386 1663 mentione,
2415 1598 2814 1668 progenitorem
2855 1606 3273 1667 commemorat;
3316 1614 3447 1669 pro-

1883 1690 2175 1759 pemodum
2203 1690 2536 1761 signiﬁcans,
2568 1689 2662 1758 qui
2688 1688 2873 1745 Daviali
2909 1691 3214 1760 promissus
3242 1690 3443 1756 fuerat,

210 1760 327 1827 τοῦ,
361 1762 430 1814 ὲκ
453 1761 766 1831 Πνεύματος
790 1763 846 1817 δὲ
867 1765 1022 1832 ἁγίου
1057 1766 1161 1819 ὑπὸ
1180 1767 1278 1837 τῆς
1305 1769 1524 1838 Μαρίας
1553 1769 1682 1822 κυού
1692 1788 1770 1842 με-

1887 1783 2033 1837 hunc
2073 1798 2195 1839 esse
2241 1797 2402 1853 quem
2450 1783 2759 1853 prodigiose
2806 1792 2860 1836 et
2910 1782 3030 1837 sine
3065 1784 3176 1837 ullo
3220 1784 3445 1855 Iosephi

210 1868 320 1915 νος·
355 1853 547 1908 ἔπειτα
574 1855 630 1907 δὲ
647 1855 792 1926 αὐτῷ
819 1856 1037 1928 θαρσεῖν
1069 1859 1502 1931 παρακελεύεται
1530 1862 1597 1916 δι’
1624 1863 1682 1918 ὃν
1707 1861 1783 1918 εῐ-

211 1961 306 2013 χεν
323 1945 505 2013 φόϐον·
541 1947 639 2017 οὐχ
665 1948 694 1998 6
725 1947 903 2018 τυχὼν
933 1947 1042 2020 γάρ
1064 1949 1225 2017 φόϐος
1245 1946 1312 2021 ἦν
1333 1949 1482 2024 αὖτῷ
1500 1955 1782 2010 συναισθο-

210 2034 359 2104 μέυῳ
396 2035 469 2106 μὴ
500 2037 556 2103 ἐξ
583 2037 772 2109 ἀνδρὸς
802 2040 1124 2110 κεκυηκέναι
1155 2040 1252 2111 τὴν
1277 2043 1514 2114 Μαρίαν·
1547 2045 1780 2100 κᾶπειτα

205 2125 372 2178 αὐτὸν
402 2126 640 2181 διδάσκει
682 2130 780 2198 οὐχ
809 2130 839 2182 6
867 2131 942 2203 μὴ
982 2132 1185 2201 ἠγνόει,
1228 2134 1363 2188 ἀλλὰ
1397 2134 1491 2188 τοῦ
1520 2137 1614 2190 καὶ
1646 2138 1779 2209 πρό-

199 2232 361 2287 τερον
396 2221 832 2290 γιγνωσκομένου
868 2222 966 2291 τὴν
998 2223 1197 2278 αἰτίαν·
1232 2224 1379 2294 λέγει
1419 2226 1466 2279 δ’
1495 2223 1609 2280 οὖν·
1649 2247 1668 2279 ι
1706 2228 1778 2282 T6

200 2307 313 2378 γάρ
343 2312 405 2363 ὲν
432 2312 571 2385 αὐτῇ
598 2314 872 2386 γεννηθὲν,
903 2318 967 2369 ὲκ
1000 2319 1313 2390 Πνεύματός
1333 2323 1477 2376 ἐστιν
1506 2322 1677 2389 ἁγίου.
1717 2342 1737 2373 ι

267 2530 333 2584 ε’.
384 2530 613 2605 Τοιαύτη
660 2552 744 2598 τις
784 2537 878 2591 καὶ
919 2538 1153 2610 τοσαύτη
1193 2541 1442 2610 γενέσθαι
1496 2544 1772 2614 οἰκονομία

189 2623 340 2695 ὑπὲρ
369 2623 462 2676 τοῦ
499 2624 680 2680 λαθεῖν
707 2628 804 2699 τὴν
831 2633 930 2701 τῆς
964 2630 1229 2702 παρθένου
1264 2632 1453 2703 κύησιν
1485 2636 1610 2698 τοὺς
1641 2635 1769 2688 άπί-

189 2730 380 2779 στους,
408 2717 471 2770 ἐκ
494 2716 593 2788 τῆς
609 2716 756 2782 θείας
773 2721 1128 2790 ὑποφαίνεταί
1161 2742 1250 2794 μοι
1278 2725 1514 2796 Γραφῆς·
1545 2727 1640 2780 καὶ
1662 2727 1768 2799 γάρ

184 2802 297 2855 οὐκ
338 2802 407 2856 ἂν
455 2803 743 2879 ἐπιστεύθη
777 2810 974 2880 ῥᾳδίως
1000 2815 1027 2866 6
1054 2812 1210 2881 λόγος
1257 2815 1408 2885 παρὰ
1452 2818 1564 2879 τοῖς
1611 2816 1769 2869 τοῦτο

186 2893 509 2962 ἀκούουσιν,
542 2897 709 2971 ἄνδρα
745 2918 806 2953 τε
833 2903 992 2957 αὑτὸν
1017 2906 1145 2974 ἡμῖν
1161 2904 1465 2976 ὁμοιοπαθῆ
1493 2906 1554 2958 τὸ
1586 2906 1764 2976 σῶμα,

182 2989 288 3043 καὶ
309 2988 432 3043 κατ’
460 2989 610 3042 οὐδὲν
644 2991 741 3062 τὴν
775 2991 971 3064 θνητὴν
991 2995 1147 3063 φύσιν
1168 2996 1610 3069 παραλλάττοντα
1630 2998 1765 3051 θεω-

186 3078 413 3144 μένοις·
448 3080 502 3132 τί
537 3080 645 3153 γάρ
693 3084 743 3134 εί
799 3084 891 3136 καὶ
927 3084 1064 3154 μετὰ
1107 3085 1277 3139 ταῦτα
1327 3086 1764 3158 παραδοξοποιῶν

1884 1874 2080 1941 ollicio,
2130 1875 2225 1931 sed
2257 1875 2324 1929 de
2371 1873 2577 1944 Spiritu
2628 1882 2819 1929 sancto
2876 1874 3049 1932 Maria
3096 1886 3443 1947 conceperat.

1882 1964 2090 2022 Deinde
2131 1981 2254 2022 eum
2286 1966 2443 2036 jubet
2492 1966 2765 2030 timorem,
2819 1981 2936 2035 quo
2972 1974 3259 2036 correptus
3297 1974 3437 2032 erat,

1880 2056 2173 2112 dimittere.
2207 2055 2326 2110 Non
2355 2057 2499 2111 enim
2530 2056 2587 2110 in
2617 2055 2882 2111 mediocri
2912 2055 3231 2110 versabatur
3253 2054 3440 2111 formi-

1879 2147 2027 2210 dine,
2082 2147 2212 2202 dum
2262 2156 2543 2217 reputaret
2569 2146 2719 2201 haud
2744 2162 2808 2201 ex
2839 2146 2959 2200 viro
2998 2144 3276 2216 gravidam
3317 2159 3441 2201 esse

1878 2236 2126 2293 Mariam.
2151 2236 2287 2291 Exin
2310 2235 2559 2292 eumdem
2582 2237 2743 2291 docet
2764 2251 2874 2290 non
2905 2235 3046 2306 quod
3080 2250 3190 2289 non
3222 2235 3442 2307 ignora-

1878 2327 1990 2392 bat,
2015 2327 2111 2382 sed
2139 2327 2451 2397 prmcogniti
2484 2342 2728 2382 causam.
2761 2326 2851 2381 Ait
2896 2327 3061 2398 igitur
3089 2345 3102 2381 :
3143 2344 3163 2378 ι
3198 2326 3355 2394 Quod
3381 2329 3438 2383 iu

1874 2434 1938 2473 ea
1958 2426 2145 2473 natum
2175 2428 2281 2484 est,
2306 2419 2372 2473 de
2397 2417 2603 2488 Spiritu
2628 2427 2815 2472 sancto
2836 2426 2940 2473 est.
2973 2436 2993 2469 ι

1945 2530 1998 2584 5.
2039 2529 2170 2585 Tale
2208 2530 2341 2585 mihi
2390 2538 2710 2599 tantumque
2739 2530 2999 2599 agitatum
3042 2528 3335 2585 consilium
3365 2545 3434 2583 ex

1873 2621 2072 2678 divinis
2094 2621 2290 2675 litteris
2317 2629 2558 2691 apparet,
2580 2632 2801 2692 propter
2847 2622 3235 2676 occultandum
3260 2622 3434 2677 incre-

1871 2714 2015 2769 dulis
2043 2721 2366 2783 conceptum
2391 2713 2638 2783 virginis.
2675 2712 2862 2784 Neque
2893 2715 3039 2768 enim
3065 2714 3223 2770 facile
3252 2714 3434 2770 credi-

1870 2804 1981 2859 turi
2024 2812 2203 2869 erant,
2256 2804 2351 2874 qui
2405 2819 2709 2859 sermonem
2754 2804 3025 2873 ejusmodi
3082 2805 3333 2860 audirent
3364 2806 3433 2860 de

1867 2896 2089 2952 homine
2110 2897 2248 2950 mira
2271 2904 2604 2960 narrantem,
2634 2911 2793 2966 quem
2824 2912 2977 2966 atque
3005 2912 3069 2951 ac
3093 2913 3194 2952 nos
3219 2898 3443 2953 inlirmo.

1869 3003 2097 3058 corpore
2136 2994 2439 3057 naturaque
2465 2988 2612 3042 haud
2642 2987 2896 3043 dissimili
2938 2988 3227 3058 praaditum
3278 2989 3432 3044 vide-

1867 3092 2008 3136 rent.
2039 3080 2222 3146 Quid?
2245 3081 2457 3136 etiamsi
2479 3079 2739 3151 deinceps
2759 3077 2921 3136 Iesus
2946 3080 3210 3136 miracula
3237 3080 3427 3144 edens,

181 3171 284 3226 καὶ
320 3171 422 3236 τὰς
444 3172 660 3229 ἐνθέους
687 3176 1004 3247 εὐεργεσίας
1024 3179 1104 3241 είς
1132 3180 1358 3243 πολλοὺς
1383 3182 1635 3235 ἐκτείνων
1678 3182 1766 3248 ἐξ·

1872 3171 2218 3243 divinamque
2245 3172 2356 3228 vim
2385 3171 2685 3228 beneﬁcam
2713 3186 2843 3243 erga
2872 3171 3074 3228 multos
3102 3187 3429 3242 expromens

177 3263 425 3335 έπληττε
458 3266 584 3329 τοὺς
624 3267 891 3339 ὁρῶντας;
939 3268 1059 3340 οὐχὶ
1098 3269 1155 3322 δὲ
1186 3272 1281 3324 καὶ
1311 3274 1548 3344 Μωῦσῆς
1593 3276 1763 3334 πολλὰ

176 3356 702 3429 θαυματουργήσας,
721 3359 821 3429 τῆς
842 3360 1026 3430 κοινῆς
1050 3362 1197 3432 ὅμως
1212 3363 1476 3429 γενέσεως
1497 3367 1595 3419 οὐκ
1610 3369 1766 3438 ἠμοί-

177 3463 303 3519 ρει;
341 3447 526 3512 Ἠλίας
556 3466 638 3516 τε,
659 3452 752 3504 καὶ
780 3452 1100 3517 Ἐλισσαῖος,
1118 3455 1209 3506 καὶ
1239 3456 1267 3506 6
1299 3455 1485 3520 καθεῖς
1508 3457 1613 3511 τῶν
1632 3478 1765 3532 προ-

173 3537 408 3608 φητῶν;
441 3541 591 3594 οὐδὲν
623 3538 716 3596 οὖν
748 3543 883 3614 πρὸς
912 3544 974 3596 τὸ
1010 3545 1082 3615 μὴ
1118 3544 1176 3609 ιε
1234 3546 1424 3617 ἀνδρὸς
1450 3550 1763 3620 νομίζεσθαι

169 3631 271 3683 τὸν
320 3630 528 3701 Ἰησοῦν
566 3636 599 3705 ή
632 3634 738 3688 τῶν
776 3637 1076 3707 τεραστίων
1111 3637 1289 3707 ἔργων
1323 3640 1577 3705 ἐπίδειξις
1613 3643 1760 3715 αὐτῷ

173 3722 558 3778 συνεϐάλλετο·
595 3726 789 3780 αὐτίκα
826 3729 875 3780 οἱ
911 3730 1028 3783 κατ’
1061 3728 1218 3783 αὐτὸν
1251 3729 1359 3782 οὐδ’
1396 3731 1522 3786 ἄλλο
1550 3749 1604 3785 τι
1633 3735 1761 3804 περὶ

169 3814 285 3884 τῆς
331 3815 598 3882 γενέσεως
629 3817 789 3871 αὐτοῦ
841 3817 1251 3889 φανταζόμενοι,
1285 3821 1485 3894 καίπερ
1516 3823 1585 3876 τὰ
1622 3823 1759 3895 δρώ-

176 3921 327 3975 μενα
349 3904 441 3957 ὑπ’
459 3906 620 3959 αὑτοῦ
645 3908 895 3978 ὁρῶντες,
931 3908 1115 3979 ἔλεγον
1141 3910 1277 3980 πρὸς
1300 3909 1577 3980 ἀλλήλους·
1617 3931 1635 3963 ι
1654 3913 1758 3967 Πό-

170 3995 273 4047 θεν
305 3994 481 4066 τούτῳ
513 4000 661 4049 πᾶσα
689 3998 723 4068 ἡ
757 3997 917 4067 σοφία
944 3997 1081 4069 αὕτη
1114 4000 1207 4053 καὶ
1252 4002 1306 4053 αἱ
1332 3999 1618 4070 δυνάμεις;
1656 4003 1756 4072 οὐχ

165 4078 335 4149 οὗτός
356 4087 503 4140 ἐστιν
523 4088 551 4139 6
572 4087 666 4141 τοῦ
705 4089 952 4153 τέκτονος
978 4090 1119 4156 υἱός;
1158 4091 1278 4162 οὐχὶ
1310 4092 1343 4162 ἡ
1380 4092 1562 4162 μήτηρ
1593 4092 1755 4145 αὐτοῦ

164 4175 400 4246 λέγεται
442 4178 662 4248 Μαρίας
690 4181 780 4234 καὶ
811 4181 860 4233 oi
897 4180 1113 4250 ἀδελφοὶ
1145 4181 1332 4245 αὐτοῦ,
1368 4181 1622 4247 Ἰάκωϐος
1659 4183 1757 4236 καὶ

175 4268 389 4341 Ἰωσὴφ
406 4272 499 4323 καὶ
522 4269 705 4341 Σίμων
731 4274 821 4325 καὶ
854 4273 1085 4339 Ἰούδας;
1119 4275 1213 4327 καὶ
1241 4274 1298 4326 αί
1332 4273 1555 4343 ἀδελφαὶ
1587 4274 1752 4330 αὐτοῦ

161 4362 299 4431 οὐχὶ
327 4362 499 4413 πᾶσαι
525 4363 661 4433 πρὸς
690 4364 836 4433 ἡμᾶς
869 4366 973 4417 είσι
999 4381 1014 4431 ;
1053 4384 1071 4415 ι
1111 4365 1221 4418 Καὶ
1251 4363 1437 4418 ἄλλοτε
1463 4365 1624 4419 πάλιν
1650 4365 1751 4436 τῆς

1867 3266 2097 3336 perculit
2124 3264 2466 3321 cernentium
2516 3265 2760 3331 animos;
2811 3279 2992 3320 nonne
3039 3263 3274 3336 Moyses,
3329 3264 3436 3335 qui.

1866 3361 2036 3413 multa
2069 3359 2204 3412 mira
2238 3357 2387 3421 fecit,
2419 3363 2606 3411 tamen
2633 3356 3272 3413 communisnativitatis
3303 3372 3429 3425 par-

1868 3452 2045 3520 ticeps
2088 3449 2234 3503 fuit?
2289 3450 2528 3517 itemque
2574 3445 2721 3500 Elias
2761 3453 2924 3516 atque
2966 3446 3214 3510 Eliszeus,
3267 3455 3439 3516 atque

1865 3543 2140 3613 prophetae
2161 3540 2401 3611 singuli?
2418 3526 2561 3593 Nihil
2584 3538 2753 3607 igitur
2776 3537 3031 3607 proderat
3054 3536 3426 3608 prodigiorum

1862 3633 2052 3697 editio,
2103 3631 2411 3702 quominus.
2440 3627 2601 3683 Iesus
2652 3628 2967 3683 crederetur
3020 3629 3138 3682 viro
3188 3627 3424 3698 genitus.

1865 3725 2076 3795 Reapse
2121 3723 2370 3778 homines
2422 3721 2568 3777 illius
2600 3721 2802 3784 mtatis,
2853 3719 2987 3774 nihil
3024 3719 3304 3774 insolitum
3359 3720 3429 3776 de

1861 3817 2145 3872 nativitate
2192 3813 2314 3883 ejus
2372 3812 2762 3881 suspicantes,
2810 3824 3121 3881 quanquam
3175 3809 3424 3879 ejusdem

1859 3909 2005 3963 liacta
2027 3906 2386 3976 aspiciebant,
2414 3904 2490 3958 ita
2506 3903 2967 3973 .colloquebantur
3004 3920 3018 3956 :
3055 3921 3073 3953 ι
3108 3900 3263 3958 Unde
3296 3902 3427 3960 huic

1859 4001 2037 4057 omnis
2068 3997 2342 4068 sapientia
2363 3996 2479 4052 haec
2508 4002 2565 4049 et
2592 3994 2861 4050 virtutes?
2897 3982 3079 4051 nonne
3111 3993 3200 4048 hic
3229 4000 3313 4049 est
3343 3993 3428 4047 fa.

1856 4092 1942 4148 bri
1972 4090 2155 4147 ﬁlius?
2178 4103 2362 4143 nonne
2387 4096 2563 4141 mater
2603 4087 2726 4157 ejus
2756 4085 2961 4141 dicitur
2996 4084 3201 4152 Maria;
3232 4084 3423 4143 ettra-

1856 4189 1969 4237 tres
2000 4180 2120 4251 ejus
2146 4177 2384 4234 Iacobus
2428 4185 2483 4233 et
2514 4176 2790 4247 Iosephus
2811 4182 2865 4230 et
2896 4172 3085 4229 Simon
3113 4181 3169 4228 et
3209 4170 3380 4231 Iudas
3401 4174 3431 4232 ἶ

1855 4273 2094 4343 itemque
2123 4286 2342 4327 sorores
2367 4271 2486 4341 ejus
2514 4285 2694 4327 nonne
2709 4284 2900 4325 omnes
2922 4265 3066 4338 apud
3088 4282 3189 4323 nos
3209 4256 3371 4323 sntit?
3398 4286 3418 4319 ι

1856 4366 2072 4422 ltursus
2101 4365 2238 4420 alias
2263 4372 2439 4419 matre
2466 4363 2587 4434 ejus
2620 4361 2990 4430 fratribusque
3012 4358 3424 4414 extraconcio-

166 4452 391 4525 μητρὸς
405 4452 629 4506 καὶτῶν
652 4454 893 4523 ἀδελφῶν
922 4455 1170 4510 ἑστώτων
1204 4455 1308 4521 ἔξω
1339 4457 1431 4509 καὶ
1446 4457 1750 4530 ζητούντων

1872 4473 1977 4513 rem
2009 4456 2303 4519 stantibus,
2356 4469 2482 4509 cum
2534 4469 2708 4523 eoque
2748 4452 2899 4521 loqui
2950 4449 3283 4515 volentibus,
3344 4448 3427 4505 ait

158 4546 406 4616 λαλῆσαι
426 4545 593 4616 αὐτῷ,
630 4542 748 4599 εἶπέ
783 4565 867 4611 τις
890 4547 1039 4618 αὐτῷ
1080 4564 1093 4578 ·
1146 4567 1166 4600 ι
1210 4550 1338 4605 Ἰδοὺ
1374 4553 1405 4623 ή
1436 4552 1619 4623 μήτηρ
1658 4569 1752 4606 σου

160 4637 271 4693 καὶ
296 4637 348 4689 οἱ
379 4636 595 4706 ἀδελφοί
628 4640 730 4691 σου⁹
747 4641 1040 4712 ἑστήκασιν
1072 4641 1196 4707 ἔξω,
1220 4643 1344 4697 ἰδεῖν
1369 4661 1428 4696 σε
1448 4643 1744 4708 θέλοντες.»

162 4729 290 4782 Καὶ
308 4727 365 4781 τί
400 4727 706 4799 θαυμαστὸν
733 4733 822 4784 ὅτε
855 4733 949 4786 καὶ
972 4735 1019 4785 οἱ
1040 4732 1204 4786 αὐτοῦ
1240 4735 1585 4804 μαθηταὶκαὶ
1616 4737 1750 4789 ἀπό-

163 4822 359 4877 στολοι
391 4823 772 4893 ἐρωτηθέντες,
801 4845 819 4877 ι
847 4826 979 4879 Τίνα
1024 4844 1090 4896 με
1110 4867 1123 4889 ,
1160 4829 1351 4899 φησὶν,
1385 4830 1433 4881 οἱ
1476 4828 1750 4900 ἄνθρωποι

158 4912 423 4981 λέγουσιν
443 4930 457 4977 ;
485 4933 501 4963 ι
522 4914 905 4986 ἀπεκρίναντο,
923 4918 998 4981 ὡς
1015 4918 1120 4989 ἄρα
1136 4921 1183 4972 οί
1207 4919 1303 4989 μὲν
1321 4920 1569 4991 Ἰωάννην
1588 4922 1747 4974 αὐτὸν

160 5002 315 5058 εἶναι
346 5002 627 5072 ἡγοῦνται.
656 5009 705 5059 oi
735 5007 791 5060 δὲ
835 5008 1043 5071 Ἠλίαν,
1075 5010 1125 5062 οἱ
1158 5011 1255 5081 μὲν
1291 5011 1580 5081 Ἰερεμίαν,
1613 5014 1664 5065 oi
1690 5013 1749 5066 δὲ

163 5097 366 5167 ἕτερόν
411 5114 535 5151 τινα
579 5098 688 5151 τῶν
754 5101 1071 5171 προφητῶν·
1135 5102 1478 5174 ἐρωτώμενοι
1522 5105 1579 5157 δὲ
1627 5105 1750 5159 τίνα

165 5186 303 5241 ποτὲ
332 5188 429 5241 καὶ
465 5189 617 5242 αὐτοὶ
656 5190 813 5255 δόξαν
847 5191 1028 5261 ἔχουσι
1066 5193 1200 5264 περὶΔ
1226 5194 1414 5257 αὐτοῦ,
1454 5197 1504 5248 οἱ
1549 5195 1748 5260 πάντες

158 5275 591 5347 άπεσιὼπησαν,
613 5278 689 5343 ὡς
713 5281 811 5332 οὐκ
835 5280 1045 5351 ἔχοντες
1060 5283 1251 5333 εἰπεῖν·
1275 5283 1434 5352 μόνου
1457 5282 1512 5336 δὲ
1538 5284 1744 5356 Πέτρου

159 5371 461 5439 φήσαντος,
491 5369 567 5432 ὡς
590 5369 696 5441 ἄρα
718 5371 878 5434 αὐτὸς
893 5372 977 5441 εἴη
997 5373 1271 5444 ὁΧριστὺς
1295 5374 1323 5426 6
1354 5373 1480 5437 Υίὸς
1496 5372 1590 5427 τοῦ
1605 5372 1740 5426 Θεοῦ

153 5458 258 5512 τοῦ
294 5457 518 5523 ζῶντος,
554 5461 650 5511 ἅτε
682 5461 824 5531 μόνῳ
865 5462 1012 5532 αὐτῷ
1043 5461 1198 5515 τοῦτο
1228 5462 1521 5530 γνωσθέντι
1553 5460 1744 5530 ἐπιφέ-

160 5569 247 5624 ρει
272 5550 449 5617 λέγων
467 5567 480 5580 ·
516 5569 535 5601 ι
556 5551 840 5621 Μακάριος
864 5549 941 5606 εἴ.
973 5553 1153 5606 Σίμων
1182 5553 1286 5624 βὰρ
1302 5542 1472 5618 Ἰωνᾶ,
1490 5555 1569 5608 ὅτι
1606 5551 1743 5625 σὰρξ

234 5710 257 5739 ¹
299 5705 487 5765 Matth.
527 5724 565 5783 ι,
592 5710 686 5767 ΞΟ.

849 5706 868 5737 ³
907 5706 1094 5762 Matth.
1129 5721 1242 5772 xu,
1283 5705 1367 5763 47.
1445 5709 1463 5740 ⁸
1506 5707 1696 5762 Matth.
1735 5724 1855 5775 xw,
1903 5708 1984 5761 15.

1856 4547 2076 4619 quidam
2110 4565 2126 4601 :
2172 4564 2191 4597 ι
2230 4545 2312 4599 En
2339 4560 2541 4616 parens
2578 4550 2674 4598 tua
2701 4541 3009 4611 fratresque
3038 4542 3117 4597 tui
3156 4538 3291 4596 l‘oris
3325 4540 3422 4595 ad-

1853 4649 2006 4708 sunt,
2034 4648 2196 4710 teque
2229 4639 2408 4694 visere
2461 4636 2690 4707 cupiunt
2708 4636 2750 4689 ³.
2785 4633 2948 4689 ›.Νεε
2977 4633 3217 4698 mirum;
3253 4632 3421 4703 siquis

1852 4732 1978 4788 dem
2025 4733 2190 4788 etiam
2242 4726 2498 4800 discipuli
2553 4737 2717 4798 atque
2767 4727 3000 4798 apostoli
3052 4726 3227 4797 rogati
3257 4725 3325 4779 ab
3353 4739 3419 4781 eo

1852 4840 2015 4897 quem
2058 4840 2118 4880 se
2162 4838 2286 4879 esse
2328 4822 2579 4876 homines
2629 4820 2898 4885 dicerent,
2945 4817 3351 4889 responderunt
3400 4835 3427 4873 ε

1858 4940 1877 4972 ι
1918 4919 2058 4975 Aliis
2079 4932 2203 4973 eum
2228 4914 2402 4970 videri
2424 4911 2711 4976 Joannem,
2736 4912 2859 4966 aliis
2879 4910 3074 4974 Eliam,
3105 4908 3230 4964 aliis
3265 4906 3420 4965 Iere-

1854 5007 2042 5071 miam,
2072 5006 2195 5061 aliis
2229 5005 2396 5059 alium
2429 5004 2498 5059 de
2524 5001 2807 5074 prophetis
2830 5002 2876 5054 ‘.
2918 5018 2937 5052 ι
2969 4997 3295 5068 Rursusque
3326 5013 3421 5052 ro-

1852 5094 1961 5163 gati
1993 5108 2157 5162 quem
2188 5092 2369 5163 etipsi
2399 5107 2459 5146 se
2487 5106 2612 5147 esse
2639 5095 2919 5160 putarent,
2941 5088 3176 5145 silebant
3205 5086 3422 5155 cuncti,

1851 5184 1988 5239 nihil
2020 5184 2204 5240 dicere
2259 5183 2526 5238 habentes
2573 5200 2588 5236 :
2639 5197 2891 5252 unusque
2934 5178 3130 5237 Petrus
3162 5178 3258 5241 ait,
3289 5193 3421 5236 eum

1849 5293 1973 5333 esse
1993 5278 2277 5333 Christum
2305 5275 2403 5332 Dei
2442 5275 2676 5330 viventis
2705 5273 2926 5328 Filium.
2953 5271 3166 5340 Quippe
3199 5277 3253 5324 et
3285 5270 3415 5325 huic

1850 5371 1968 5434 uni,
2007 5377 2263 5436 tanquam
2296 5367 2372 5421 rei
2394 5366 2642 5429 conscio,
2672 5361 2958 5435 respondit
2987 5360 3148 5417 Iesus
3183 5380 3196 5416 :
3229 5379 3247 5411 ι
3281 5360 3416 5420 Hea.-

1850 5467 1939 5515 tus
1972 5475 2052 5525 es,
2084 5457 2270 5514 Simon
2298 5458 2588 5522 bar-Iona,
2619 5457 2747 5527 quia
2780 5470 2912 5510 caro
2954 5462 3008 5510 et
3037 5452 3263 5525 sanguis
3302 5469 3413 5511 non

1852 5551 2109 5606 revelavit
2138 5550 2256 5614 tibi,
2292 5548 2387 5604 sed
2409 5547 2752 5605 Pater-meus
2776 5546 2869 5617 qui
2898 5547 2954 5602 in
2984 5545 3138 5602 caelis
3177 5552 3261 5601 est
3295 5544 3337 5601 '.
3384 5564 3404 5598 ι

2061 5709 2080 5738 ⁵
2124 5705 2310 5760 Matth.
2353 5721 2439 5758 xvi
2468 5745 2482 5770 ,
2523 5704 2611 5761 l7.
