3830 6260
479 306 589 366 88τ

1135 303 1407 363 EUSEBII
1444 304 1931 362 cmsamnnsrs
1965 303 2117 377 opp.
2160 302 2338 379 PARS
2378 303 2466 377 ιιι.
2494 335 2562 345 --
2599 303 3009 363 exussum.
3577 316 3659 372 333

476 424 658 485 Testis
691 427 819 483 item
854 425 1046 493 Maria,
1080 441 1139 481 se
1166 426 1406 496 cogitatu
1427 434 1644 483 secreto
1675 425 1821 499 apud
1848 440 1907 491 se
1928 440 2018 495 qu:

2154 423 2247 489 καὶ
2278 420 2418 495 αἷμα
2448 424 2548 481 οὐκ
2573 423 2885 494 ἀπεκάλυψὲ
2913 442 3016 489 σοι,
3051 424 3161 478 ἀλλ’
3191 427 3221 481 6
3257 426 3441 499 Πατήρ
3458 445 3548 500 μου
3573 431 3659 487 ὁὲν

474 530 626 590 gesta
666 518 882 575 l‘uerant
912 519 1275 576 continuisse.
1329 519 1422 575 Ait
1469 520 1655 588 itaque
1690 518 1974 589 Scriptura
2025 536 2040 575 :

479 632 503 665 ι
543 610 711 668 Maria
743 620 925 669 autem
956 613 1327 669 conservabat
1357 615 1541 670 omnia
1567 613 1731 670 verba
1763 612 1879 669 haec
1909 627 2045 668 con-

472 706 654 763 ferens
680 706 736 760 in
757 704 921 761 corde
949 720 1051 760 suo
1073 707 1115 759 ⁸.
1157 727 1176 759 ν

541 881 596 936 6.
641 877 815 953 Igitur
842 879 1280 949 demonstratum
1309 891 1416 950 est,
1447 883 1657 942 utiliter
1687 898 1786 955 per
1814 881 1868 940 id
1898 890 2039 939 tem-

354 1024 361 1029 .
469 989 574 1045 pus
595 974 1013 1044 conceptionem
1037 973 1167 1037 Iesu
1197 974 1265 1029 de
1287 982 1480 1038 sancto
1513 972 1723 1047 Spiritu
1760 974 1901 1045 apud
1920 975 2040 1030 vul-é

465 1080 568 1135 gus
595 1062 764 1121 fuisse
791 1066 1045 1121 celatam.
1082 1065 1350 1136 Iosephus
1381 1074 1559 1122 autem
1594 1067 1648 1121 in
1689 1067 1931 1137 parentis
1953 1067 2039 1121 lo-

466 1171 593 1211 cum
623 1165 945 1228 assumptus
981 1164 1086 1223 est,
1124 1158 1198 1212 ita
1247 1166 1308 1214 ut
1360 1160 1557 1221 merito
1589 1168 1850 1231 tanquam
1883 1164 2038 1231 pueri

465 1250 682 1321 genitor
718 1249 773 1305 in
809 1250 1128 1321 genealogia
1185 1260 1505 1320 poneretur.
1573 1252 1632 1307 ld
1682 1254 1788 1321 nisi
1849 1253 2035 1318 ﬁebat,

463 1340 623 1395 nullo
678 1349 906 1412 parente
935 1349 1254 1397 censeretur
1286 1358 1442 1412 puer,
1484 1343 1645 1413 cujus
1688 1353 1921 1399 stemma
1968 1344 2037 1399 ab

464 1431 562 1487 illo
601 1448 710 1493 non
739 1434 1137 1498 deduceretur:
1183 1420 1307 1506 quas
1336 1451 1422 1490 res
1454 1435 1509 1490 in
1536 1435 1869 1506 impietatem
1902 1437 2036 1491 mul-

392 1580 409 1607 ς
464 1532 553 1581 tos
592 1526 971 1599 pertraxisset,
1008 1527 1054 1581 si
1107 1527 1178 1583 ob
1227 1527 1305 1583 rei
1356 1543 1499 1584 verae
1541 1528 1931 1603 ignorantiam,
1967 1529 2036 1594 de

394 1636 430 1691 ιβ
461 1617 742 1683 natalibus
789 1617 911 1687 ejus
949 1618 1095 1679 haud
1155 1618 1386 1675 honeste
1454 1622 1745 1679 sentirent.
1812 1621 2035 1689 Utiliter

461 1708 647 1778 itaque
674 1718 729 1765 et
760 1708 899 1765 l‘abri
930 1709 1167 1781 ﬁllus,et
1186 1709 1579 1781 appellatorum
1604 1715 1839 1771 liliorum
1863 1716 2033 1772 frater

2149 517 2262 579 τοῖς
2288 516 2553 587 οὐρανοῖς.
2588 536 2608 570 ι
2641 518 2926 592 Μαρτυρεῖ
2951 517 3010 570 δὲ
3043 518 3135 571 καί
3163 518 3197 589 ὴ
3230 519 3409 589 Μαρία
3439 519 3570 590 βαθεί
3592 523 3659 576 λο-

2146 606 2332 677 γισμῷ
2387 608 2519 679 παρ’
2560 609 2728 681 ἑαυτῇ
2771 607 3019 679 κατέχειν
3061 608 3131 663 τὰ
3183 611 3519 682 γεγενημένα·
3555 619 3658 685 φησι

2144 698 2275 766 γοῦν
2307 699 2341 770 ὴ
2375 698 2627 771 Γραφή⁶·
2658 718 2677 752 ι
2719 701 2783 753 Ἦ
2814 701 2873 755 δὲ
2904 701 3092 774 Μαρία
3124 702 3300 756 πάντα
3335 706 3584 775 συνετήρει
3605 708 3658 761 τὰ

2146 788 2364 860 ῥήματα
2400 788 2573 842 ταῦτα
2603 789 2985 860 συμϐάλλουσα
3004 792 3062 844 ὲν
3089 793 3155 863 τῇ
3395 793 3561 865 αὐτῆς.
3585 814 3602 847 ι

2215 886 2287 945 ς’.
2321 881 2530 934 Οὐκοῦν
2557 881 2931 939 ἀποδέδεικται
2966 883 3048 939 ὃτι
3088 884 3366 955 χρησίμως
3390 887 3498 939 κατ’
3521 888 3659 943 ἐκεῖνο

2140 970 2356 1043 καιροῦ,
2385 974 2418 1044 ή
2446 973 2543 1044 μὲν
2569 972 2629 1038 ἐξ
2656 973 2811 1042 ἁγίου
2833 973 3146 1046 Πνεύματος
3170 976 3264 1029 τοῦ
3296 976 3459 1048 Ἰησοῦ
3485 978 3657 1046 γένεσις

2140 1080 2217 1116 πα
2226 1062 2294 1135 ρὰ
2323 1067 2435 1128 τοῖς
2465 1064 2677 1129 πολλοῖς
2709 1066 3080 1131 άπεσιωπᾶτο,
3103 1069 3131 1123 6
3156 1066 3212 1120 δὲ
3252 1068 3439 1139 Ἰωσὴφ
3466 1070 3516 1122 ὲν
3538 1070 3658 1143 χώρᾳ

2140 1157 2346 1227 πατρὸς
2386 1157 2862 1229 παρελαμϐάνετο·
2897 1159 3119 1223 εἰκότως
3174 1155 3266 1214 οὖν
3316 1162 3345 1214 6
3387 1163 3550 1233 πατὴρ
3583 1162 3655 1217 τοῦ

2138 1249 2329 1312 παιδὸς
2358 1249 2757 1318 ὲγενεαλογεῖτο
2774 1267 2789 1281 ·
2833 1252 2881 1304 εί
2925 1250 2982 1305 δὲ
3014 1247 3107 1306 οὖν
3146 1252 3221 1323 μὴ
3250 1252 3403 1306 τοῦτο
3441 1254 3655 1322 ἐγεγόνει,

2136 1341 2366 1414 ἀπάτωρ
2399 1341 2466 1395 ἂν
2490 1342 2747 1415 ἐνομίσθη
2778 1344 2808 1396 6
2839 1345 2968 1408 παῖς
2999 1345 3072 1415 μὴ
3117 1346 3184 1398 ὲκ
3224 1345 3425 1417 πατρὸς
3454 1348 3658 1414 γενεαλο-

2136 1432 2433 1505 γούμενος·
2480 1434 2637 1496 τοῦτο
2684 1435 2741 1491 δὲ
2788 1436 2869 1498 είς
2916 1436 3169 1498 ἀσέϐειαν
3219 1438 3421 1507 ήγαγεν
3464 1438 3523 1491 ἂν
3560 1438 3659 1502 τοὺς

2136 1526 2382 1592 πολλοὺς,
2407 1527 2457 1582 οἳ
2483 1527 2552 1581 δι’
2580 1526 2799 1596 ἄγνοιαν
2823 1526 2923 1598 τῆς
2952 1529 3080 1600 περὶ
3104 1529 3165 1581 τὸ
3190 1530 3419 1599 πρᾶγμα
3446 1529 3657 1600 ἀληθείας

2133 1614 2473 1689 ὲδυσφήμουν
2499 1615 2598 1687 τὴν
2630 1616 2840 1685 γένεσιν
2859 1632 2872 1646 ·
2911 1616 3193 1688 χρησίμως
3219 1613 3313 1671 οὖν
3358 1618 3449 1671 καὶ⁸
3482 1618 3564 1672 τοῦ
3587 1619 3657 1673 ab

2134 1724 2321 1771 κτονος
2355 1706 2511 1779 (υἱὸς)
2543 1706 2637 1771 καὶ
2671 1707 2777 1760 τῶν
2808 1704 3211 1777 ὠνομασμένων
3242 1707 3443 1767 τέκνων
3473 1708 3657 1778 ἀδελφὸς

459 1776 677 1859 habitus
705 1809 809 1857 est.
866 1776 1179 1871 Et‘quidem
1224 1776 1352 1874 ipse
1392 1804 1537 1861 Deus
1594 1803 1834 1863 Verbum
1883 1808 2018 1864 baud

2132 1776 2526 1868 ἐχρημάτιζεν·
2580 1796 2701 1850 ἐπεὶ
2756 1797 2852 1851 καὶ
2898 1776 3233 1867 ΘεὸςΛόγος
3263 1796 3359 1864 ὢν,
3389 1798 3484 1853 οὐκ
3516 1776 3659 1871 ἀπηρ-

457 1905 519 1945 se
550 1891 821 1959 hominem
864 1908 988 1950 esse
1039 1895 1303 1965 negabat:
1360 1896 1469 1953 imo
1510 1896 1798 1969 discipulis
1836 1900 2018 1970 praeci-

2131 1889 2273 1941 νεῖτο
2304 1887 2493 1941 ἑαυτὸν
2529 1883 2668 1941 εἶναι
2707 1886 3011 1960 ἄνθρωπον,
3043 1889 3178 1944 ἀλλὰ
3220 1889 3318 1945 καὶ
3363 1889 3655 1961 παρήγγελλε

459 1981 662 2053 piebat,
698 1999 769 2040 ne
818 1986 908 2040 cui
960 1985 1209 2049 dicerent
1237 2003 1363 2043 eum
1419 2004 1480 2045 se
1523 2005 1667 2054 esse,
1703 2007 1863 2062 quem
1899 2008 2018 2064 pro-

2128 1982 2239 2044 τοῐς
2294 1978 2483 2034 ἑαυτοῦ
2520 1980 2789 2053 μαθηταῖς
2827 1981 2911 2034 ἴνα
2946 1981 3133 2053 μηδενὶ
3157 1982 3401 2049 εἴπωσιν,
3428 1983 3501 2037 ὅτι
3528 1982 3658 2047 αὐτὸς

452 2073 634 2157 pheta:
670 2085 966 2147 venturum
1010 2079 1351 2145 eecinerant,
1391 2089 1616 2137 unctum
1650 2082 1821 2139 Dci':
1852 2100 2018 2157 neque

2129 2070 2215 2141 εἴη
2257 2073 2286 2125 6
2333 2069 2498 2125 πάλαι
2540 2070 2675 2143 πρὸς
2706 2073 2816 2126 τῶν
2859 2073 3153 2149 προφητῶν
3189 2073 3345 2145 ἥξειν
3378 2071 3657 2145 βοώμενοςὸ

456 2152 604 2239 enim
636 2164 797 2228 [idem
830 2168 1075 2241 plerique
1110 2179 1267 2239 erant
1297 2174 1625 2243 arrogaturi,
1653 2175 1745 2244 qui
1776 2190 1901 2230 eum
1926 2152 2018 2231 hu-

2128 2162 2359 2234 Χριστὸς
2374 2162 2467 2221 τοῦ
2495 2163 2651 2217 Θεοῦ·
2680 2165 2741 2218 οὐ
2771 2164 2880 2237 γὰρ
2922 2164 2990 2221 ἂν
3016 2166 3135 2219 οὐδὲ
3164 2166 3481 2220 ἐπίστευσαν
3494 2168 3539 2221 οἱ
3556 2166 3657 2220 πολ-

457 2255 572 2310 mili
606 2256 860 2314 indutum
918 2260 1103 2331 specie
1157 2260 1436 2333 videbant.
1507 2261 1598 2318 Sic
1638 2263 1693 2319 in
1734 2266 1826 2322 illa
1861 2268 2027 2323 etiam

455 2356 721 2404 montana
753 2350 1239 2423 transﬁguratione
1267 2369 1488 2417 rursum
1536 2356 1814 2412 mandavit
1861 2358 2027 2414 disci-

455 2438 602 2517 pulis
651 2447 717 2522 ut
736 2441 926 2502 visum
946 2438 1153 2499 nemini
1193 2443 1461 2511 dicerent,
1510 2446 1684 2517 donec
1719 2447 1891 2504 Filius
1923 2449 2025 2505 ho-

455 2530 622 2586 minis
671 2545 702 2585 a
763 2532 1002 2589 mortuis
1075 2543 1391 2606 resurgeret
1413 2535 1458 2590 ⁸.
1526 2535 1766 2595 Pronum
1825 2541 2026 2611 quippe

450 2628 571 2689 erat
605 2632 666 2677 ut
701 2623 860 2697 multi
884 2622 953 2679 de
981 2626 1275 2686 coaetaneis
1301 2641 1370 2681 ne
1399 2626 1453 2699 id
1500 2627 1719 2698 quidem
1758 2630 1862 2685 sibi
1904 2646 2026 2701 per-

453 2714 674 2775 suaderi
707 2724 1045 2786 paterentur.
1106 2716 1264 2785 Quod
1297 2719 1345 2773 si
1381 2719 1496 2774 haec
1524 2735 1634 2776 non
1664 2722 1877 2793 putavit
1905 2725 2025 2778 vul-

458 2806 662 2879 ganda,
721 2809 897 2864 multo
953 2811 1130 2883 magis
1164 2812 1408 2882 oportuit
1458 2814 1662 2871 natalia
1704 2816 1773 2881 de
1814 2816 2027 2886 virgine

452 2909 586 2973 tunc
617 2900 673 2956 in
702 2903 906 2972 populo
938 2903 1330 2979 reticerizquae
1354 2907 1644 2962 commodo
1665 2906 1860 2964 deinde
1883 2915 2018 2969 tem-

2125 2899 2389 2968 γενέσεως
2449 2899 2866 2954 άποσιωπᾶσθαι
2908 2900 2969 2953 τὸ
3018 2900 3319 2971 τηνικαῦτα
3382 2900 3523 2973 παρὰ
3568 2900 3657 2994 τοῖς

452 3009 585 3065 pore
642 3010 859 3051 omnem
910 2995 977 3052 de
1038 3010 1104 3052 eo
1150 2999 1436 3057 veritatem
1496 3006 1655 3055 erant
1707 3008 2018 3075 ostensum.

2126 2988 2338 3053 πολλοῖς
2368 2988 2552 3061 ἐχρῆν,
2587 2990 2666 3053 είς
2696 2990 2992 3061 ἐπιτήδειον
3024 2990 3209 3059 καιρὸν
3237 2989 3339 3062 τῆς
3373 2988 3493 3059 περὶ
3522 2988 3654 3040 αὑτοῦ

458 3084 704 3158 Tempus
744 3096 928 3145 autem
982 3091 1330 3146 commodum
1390 3090 1634 3153 futurum
1688 3101 1829 3159 erat,
1896 3111 2018 3151 eum

2125 3080 2381 3151 ἀληθείας
2408 3080 2883 3152 ἀναφανησόμενα·
2931 3076 3082 3146 οὗτος
3127 3081 3183 3134 δὲ
3230 3077 3301 3154 ἦν
3331 3081 3359 3133 6
3387 3080 3480 3153 τῆς
3506 3081 3560 3132 tit
3587 3093 3658 3132 νε-

449 3178 568 3248 ipse
600 3194 631 3233 a
664 3180 899 3236 mortuis
944 3193 1277 3254 resurgeret,
1317 3192 1371 3239 et
1418 3199 1545 3240 cum
1577 3186 1633 3240 in
1674 3188 1873 3242 coelum
1925 3204 2018 3252 as-

2125 3171 2269 3243 κρῶν
2308 3172 2654 3235 ἀναστάσεως
2692 3170 2876 3235 αὑτοῦ,
2904 3171 3131 3241 καὶτῆς
3158 3174 3234 3236 είς
3275 3171 3525 3233 οὐρανοὺς
3549 3170 3653 3222 ἀνσ-

452 3281 781 3340 sumeretur,
809 3281 864 3330 et
898 3289 1024 3329 cum
1057 3276 1246 3332 orbem
1278 3284 1551 3334 terrarum
1585 3279 1729 3341 fama
1757 3281 1877 3351 ejus
1899 3292 2018 3337 tan-

2125 3264 2355 3334 λὴψεως,
2385 3263 2485 3334 τῆς
2528 3281 2587 3318 τε
2620 3265 2699 3327 είς
2744 3263 2917 3317 πάντα
2954 3263 3043 3317 τὸν
3086 3263 3290 3334 κόσμον
3342 3263 3417 3327 ὡς
3456 3260 3515 3316 ἂν
3551 3257 3653 3330 περὶ

448 3380 616 3436 quam
647 3364 740 3421 Dei
779 3364 944 3425 Verbi
978 3368 1342 3438 pervaderet;
1392 3387 1516 3427 cum
1560 3372 1798 3444 denique
1828 3382 2016 3445 gentes

2125 3355 2289 3423 Λόγου
2321 3354 2454 3409 Θεοῦ
2484 3355 2881 3427 διαδραμούσης
2927 3356 3054 3426 περὶ
3101 3355 3266 3425 αὑτοῦ
3318 3358 3521 3427 φήμης
3551 3354 3575 3445 6
3608 3368 3654 3445 tt

2128 2348 2489 2419 ϐεϐλημένον·
2518 2348 2661 2403 οὕτω
2692 2349 2748 2403 δὲ
2776 2351 2871 2415 καὶ
2912 2351 3005 2404 ἐπὶ
3046 2351 3143 2422 τῆς
3178 2353 3236 2404 ὲν
3282 2350 3360 2422 τῷ
3397 2350 3502 2422 ὄρει
3527 2367 3657 2422 μετα-

2130 2440 2463 2513 μορφώσεως
2488 2441 2789 2497 ἐνετείλατο
2840 2442 3001 2497 πάλιν
3046 2446 3158 2506 τοῖς
3197 2443 3392 2497 ἑαυτοῦ
3435 2443 3656 2514 μαθηταῖς

2126 2532 2329 2602 λέγων·
2360 2550 2378 2583 ι
2416 2532 2620 2604 Μηδενὶ
2664 2535 2857 2604 εἴπητε
2871 2533 2931 2586 τὸ
2956 2533 3135 2604 ὅραμα
3167 2533 3273 2597 ἕως
3300 2526 3362 2586 οὗ
3393 2535 3421 2595 6
3450 2533 3563 2597 Υἱὸς
3583 2530 3656 2584 τοῦ

2126 2622 2411 2694 ἀνθρώπου
2428 2624 2492 2677 ὲκ
2508 2625 2715 2696 νεκρῶν
2739 2626 2944 2696 ἀναστῇ
2964 2642 2978 2655 ·
3019 2645 3038 2677 ι
3071 2626 3216 2690 εἰκὸς
3240 2625 3356 2697 γάρ
3385 2625 3510 2696 μηδὲ
3533 2623 3657 2677 τοῦτο

2126 2715 2409 2769 πιστεῦσαι
2436 2715 2545 2770 τῶν
2574 2716 2693 2770 τότε
2719 2718 2845 2780 τοὺς
2878 2716 3131 2781 πολλούς·
3161 2718 3208 2769 εί
3238 2716 3299 2769 δὲ
3324 2715 3487 2770 ταῦτα
3512 2714 3574 2786 μή
3596 2715 3655 2778 εἰς

2127 2805 2356 2879 φανερὸν
2382 2807 2536 2878 ήκειν
2566 2806 2797 2879 ἔκρινεν,
2826 2803 2861 2879 ἦ
2889 2806 2991 2861 πού
3025 2825 3088 2877 γε
3110 2808 3179 2861 τὰ
3210 2809 3315 2880 τῆς
3343 2810 3404 2861 ἐκ
3429 2805 3656 2879 παρθένου

2127 2255 2209 2310 λοὶ
2238 2256 2346 2311 τῶν
2390 2256 2512 2310 τότε
2560 2256 2845 2328 θεωμένων
2890 2258 3052 2313 αὐτὸν
3080 2258 3296 2323 εὐτελὲς
3325 2260 3501 2330 σχῆμα
3536 2277 3659 2330 περι·
3766 2288 3773 2301 ο

443 3465 798 3525 vocarentur,
846 3475 910 3515 ac
953 3460 1139 3516 divina
1174 3461 1323 3520 illius
1372 3465 1599 3522 oracula
1631 3467 1836 3522 exitum
1877 3484 2015 3524 nan-

442 3549 807 3618 ciscerentur;
836 3567 1021 3607 rerum
1072 3553 1286 3610 scilicet
1316 3566 1516 3620 eventu
1560 3559 1842 3629 praesagiis
1867 3561 2018 3630 ejus-

442 3640 568 3695 dem
630 3657 695 3697 ac
746 3643 1194 3713 praedictionibus
1255 3644 1416 3700 ﬁdem
1464 3646 1809 3718 perspicuam
1876 3648 2016 3719 adji-

440 3732 642 3788 ciente.

515 3821 566 3875 7.
606 3822 786 3894 Atque
824 3824 969 3894 apud
1012 3835 1214 3883 nostrae
1249 3826 1470 3897 quidem
1513 3830 1694 3887 aetatis
1739 3830 2010 3902 homines.

439 3913 536 3984 qui
570 3930 754 3987 rerum
794 3916 954 3973 fidem
995 3931 1025 3970 a
1073 3917 1377 3986 majoribus
1418 3928 1768 3989 acceperunt,
1809 3922 2014 3993 quique

439 4005 649 4070 Christi
695 4007 1068 4063 conditionem
1118 4010 1243 4086 plus
1288 4025 1451 4082 quam
1506 4012 1796 4067 mortalem
1842 4012 2013 4068 fuisse

441 4098 650 4162 sciunt,
703 4098 913 4168 reliqua
946 4115 1165 4170 quoque
1204 4102 1402 4157 merito
1452 4103 1507 4157 in
1555 4102 1812 4161 confesso
1858 4114 2008 4169 sunt,

440 4187 640 4251 nedum
686 4188 988 4251 nativitatis
1024 4190 1764 4261 mysteriumwerumtamen
1821 4194 2011 4267 inclyti

439 4279 791 4350 evangelista:
826 4283 1142 4339 necessario
1178 4290 1311 4347 tunc
1345 4279 1644 4354 Josephum
1704 4286 1760 4359 in
1807 4302 2009 4358 geneag

440 4371 584 4443 logia
635 4381 961 4444 posuerunt,
1011 4378 1103 4445 qui
1152 4374 1409 4434 videlicet
1451 4376 1522 4430 ab
1567 4376 1824 4434 omnibus
1877 4379 2008 4437 Iesu

2118 3446 2216 3517 τῆς
2238 3445 2348 3499 τῶν
2378 3444 2546 3501 ἐθνῶν
2574 3446 2838 3517 κλήσεως,
2868 3445 2987 3499 καθ’
3033 3444 3091 3499 ὃν
3128 3446 3222 3505 καὶ
3250 3448 3308 3498 αἱ
3345 3445 3482 3499 θεῖαι
3521 3440 3652 3497 αὐτοῦ

2119 3516 2292 3607 ςρωναὶ
2322 3536 2475 3600 τέλος
2507 3516 2828 3608 ἐλάμϐανον,
2859 3537 2928 3591 τά
2976 3536 3082 3590 τῶν
3132 3535 3489 3608 προγνώσεων
3522 3528 3653 3587 αὑτοῦ

2116 3630 2212 3703 καὶ
2241 3630 2599 3702 προρρήσεων
2642 3627 2729 3682 διά
2765 3628 2864 3698 τῆς
2901 3626 3009 3682 τῶν
3048 3628 3390 3699 πραγμάτων
3419 3623 3652 3685 ἐκϐάσεως

2116 3729 2360 3801 ἐναργῶς
2391 3728 2580 3783 πιστοό
2589 3746 2764 3790 μεναι.

2114 3839 2130 3879 ‘.-
2186 3821 2251 3886 ζ’.
2301 3822 2427 3885 Τοῖς
2475 3824 2604 3892 γοῦν
2650 3822 2770 3876 καθ’
2820 3823 2966 3894 ἡμᾶς
3005 3824 3176 3881 ταῦτα
3229 3818 3653 3895 παραδεξαμένθις

2113 3912 2208 3967 καὶ
2237 3914 2336 3985 τὴν
2379 3915 2519 3985 ὑπὲρ
2560 3914 2844 3986 ἄνθρωπον
2894 3914 3056 3968 αὑτοῦ
3101 3914 3260 3983 φύσιν
3304 3910 3651 3982 ὲπεγνῳκόσινν

2114 4007 2336 4071 εἰκότως
2366 4009 2435 4062 τά
2462 4026 2521 4061 τε
2545 4008 2706 4063 λοιπά
2728 4009 2822 4061 καὶ
2844 4007 2916 4062 τά
2937 4008 3037 4078 τῆς
3060 4007 3328 4076 γενέσεως
3359 4003 3518 4060 πιστά
3542 3998 3651 4055 εἶναι

2111 4101 2480 4171 ὁμολογεῖται·
2516 4100 2653 4172 πλὴν
2702 4100 2817 4154 ἀλλ’
2867 4102 2916 4153 οί
2967 4098 3257 4169 θαυμάσιοι
3311 4089 3651 4175 εὐαγγελισταὶ

2112 4191 2421 4261 άναγκαίως
2449 4191 2572 4259 τότε
2603 4191 2751 4264 παρὰ
2766 4191 3037 4254 Ἰουδαίοις
3065 4192 3155 4243 τὸν
3191 4190 3390 4261 Ἰωσὴφ
3417 4181 3653 4263 ἐγενεαλό-

2112 4299 2241 4351 γουν
2271 4283 2432 4339 αὑτὸν
2458 4285 2661 4347 ἐκεῖνον
2688 4284 2780 4337 τὸν
2807 4282 2955 4356 παρὰ
2987 4283 3119 4336 πᾶσι
3152 4280 3429 4352 βοώμενον
3456 4276 3540 4333 τοῦ
3568 4275 3651 4343 ’1η-

2113 4371 2208 4426 σοῦ
2245 4373 2486 4445 πατέρα·
2534 4374 2584 4425 εί
2630 4372 2739 4443 γὰρ
2777 4372 2933 4427 τοῦτο
2976 4371 3334 4444 παρελθόντες
3356 4411 3369 4431 .
3425 4363 3650 4439 μητρόθεν

436 4477 636 4532 parens
669 4464 1066 4535 appellabatur.
1101 4463 1257 4535 Quod
1291 4465 1338 4522 si
1369 4466 1472 4523 hac
1505 4467 1719 4525 ratione
1739 4471 2007 4541 neglecta,

2125 4462 2274 4535 ιυτὸν
2294 4462 2695 4532 ἐγενεαλόγουν,
2715 4463 2848 4537 πρὸς
2867 4463 2944 4534 τῷ
2967 4463 3061 4517 καὶ
3084 4464 3334 4535 ἀπρεπὲς
3349 4457 3482 4521 εἶναι
3503 4456 3648 4515 τοῦτον

440 4570 471 4609 a
505 4563 679 4610 matre
728 4572 901 4631 genus
953 4560 1074 4628 ejus
1121 4561 1562 4633 ordinavissent;
1609 4570 1806 4634 praeter
1842 4578 2007 4634 quam

2125 4558 2207 4629 καὶ
2233 4558 2331 4628 τῆς
2365 4557 2476 4611 τῶν
2517 4557 2675 4613 θείων
2722 4555 2952 4629 Γραφῶν
2985 4556 3236 4628 εὐηθείας
3272 4554 3559 4624 ἀλλότριον,
3585 4548 3649 4600 ὅτι

435 4648 585 4718 quod
619 4648 673 4703 id
729 4648 1044 4721 indecorum
1089 4659 1230 4717 erat,
1283 4660 1339 4711 et
1383 4653 1694 4727 divinarum
1762 4656 2010 4726 Scriptu-

2125 4647 2302 4718 μηδεὶς
2333 4648 2393 4701 τὸ
2421 4648 2680 4720 πρότερον
2712 4649 2776 4707 ἐκ
2807 4648 3055 4716 γυναικὸς
3094 4645 3503 4717 γενεαλογηθεὶς
3533 4644 3649 4694 ἱστο-

437 4750 625 4793 rarum
668 4737 1020 4810 simplicitate
1058 4741 1321 4806 alienum,
1377 4744 1507 4815 quia
1556 4744 1793 4819 neminis
1848 4756 2007 4819 antea

2125 4742 2307 4809 ρεῖται,
2350 4739 2526 4806 ἔδοξεν
2572 4741 2638 4795 ἂν
2678 4741 2906 4817 ᾁπάτωρ
2947 4757 3033 4804 τις
3064 4735 3200 4793 εἶναι
3236 4739 3331 4793 καὶ
3370 4728 3647 4804 δυσγενὴςδ

430 4843 530 4899 per
554 4836 783 4885 matrem
834 4845 1006 4901 genus
1034 4830 1371 4903 descriptum
1399 4834 1572 4893 fertur
1598 4853 1612 4902 ;
1647 4837 1694 4890 is
1725 4818 1884 4906 cujus
1915 4818 2008 4909 ge?

2125 4830 2615 4903 γενεαλογούμενος·
2633 4831 2790 4886 τοῦτο
2803 4832 2879 4897 δὲ,
2906 4833 2981 4895 ὡς
2994 4830 3149 4903 ἔφην,
3170 4830 3232 4883 οὐ
3257 4830 3458 4901 μικρᾶς
3471 4823 3531 4897 ἦν
3547 4825 3626 4878 δυσ
3642 4848 3647 4851 -

429 4920 681 4991 nealogia
715 4922 1023 4990 texebatur,
1051 4925 1263 4981 incerto
1304 4936 1461 4997 patre
1499 4928 1689 4991 nescio
1717 4929 1843 4999 quis
1891 4936 2007 4984 ter-

422 5027 614 5083 raeque
643 5011 791 5070 illius
829 5014 979 5077 visus
1010 5026 1178 5073 esset.
1253 5017 1311 5072 ld
1345 5026 1547 5093 autem,
1587 5027 1646 5074 ut
1688 5020 1825 5089 dixi,
1858 5020 2002 5091 haud

427 5104 696 5160 mediocri
718 5104 1032 5176 ignominia:
1071 5116 1125 5163 et
1145 5109 1514 5166 criminationi
1544 5113 1840 5173 obnoxium
1862 5122 2001 5189 erat.

426 5195 724 5253 Commode
749 5198 915 5271 igitur
946 5200 1074 5255 dum
1101 5199 1400 5273 losephum
1426 5203 1746 5274 praedictam
1775 5204 1847 5259 ob
1870 5219 2002 5259 cau-

425 5299 543 5342 sam
576 5304 608 5343 a
645 5287 866 5347 Davidis
902 5292 1071 5362 stirpe
1103 5293 1374 5363 derivaut,
1407 5294 1636 5358 Mariam
1681 5296 1847 5363 simul
1892 5294 2000 5350 Da-

429 5376 553 5432 vide
586 5381 874 5436 oriundam
926 5384 1304 5454 comprobant,
1353 5400 1553 5457 genere
1604 5388 1857 5459 conjugis
1896 5402 1995 5458 per

429 5482 692 5537 sponsum
737 5473 1133 5533 demonstrato.
1191 5475 1395 5549 Moysis
1472 5479 1674 5550 quippe
1721 5480 1837 5551 lege
1880 5478 1999 5551 edi-

428 5565 612 5621 conte,
647 5568 707 5613 ut
735 5579 803 5619 ne
831 5565 1054 5623 aliunde
1078 5567 1270 5624 liceret
1295 5569 1516 5640 nuptias
1559 5570 1661 5626 sibi
1687 5570 1992 5626 conciliare

2111 4921 2318 4994 φημίας
2363 4923 2497 4994 ὁμοῦ
2549 4923 2645 4977 καὶ
2699 4923 3062 4997 κατηγορίας·
3116 4921 3195 4975 διὸ
3239 4919 3516 4993 χρησίμως
3572 4911 3644 4965 τδν

2122 5012 2319 5087 Ἰωσὴφ
2348 5014 2456 5070 ἀπὸ
2482 5016 2652 5090 Δαϐὶᾷ
2675 5015 2765 5069 διά
2790 5017 2896 5096 τὴν,
2919 5015 3269 5078 ἀποδοθεῖσαν
3294 5013 3468 5068 αἰτίαν
3493 5022 3645 5077 γενεῦ

2102 5107 2402 5178 λογοῦντες,
2437 5111 2496 5169 ὲν
2528 5105 2710 5178 ταυτῷ
2739 5107 2834 5167 καὶ
2864 5106 2962 5185 τὴν
2993 5105 3225 5178 Μαριὰμ
3243 5106 3307 5159 ὲκ
3333 5102 3494 5158 Δαϐὶδ
3512 5112 3641 5170 γεγο-

2101 5201 2250 5256 νέναι
2302 5200 2583 5266 συνίστων,
2611 5200 2698 5255 διὰ
2725 5199 2822 5254 τοῦ
2853 5198 3160 5273 μνηστῆρος
3192 5197 3252 5252 τὺ
3291 5197 3392 5265 τῆς
3433 5190 3641 5264 γαμετῆς

2100 5294 2493 5365 ὑποφαίνοντες
2540 5294 2694 5362 γένος
2718 5308 2732 5324 ·
2791 5291 2957 5362 νόμου
2991 5290 3100 5362 γάρ
3162 5288 3438 5351 Μωῦσέως
3488 5285 3640 5350 διαγο-

2106 5384 2351 5455 ρεύοντος
2384 5384 2459 5455 μὴ
2477 5382 2696 5444 ἂλλοθεν
2717 5381 2913 5448 ἐξεῖναι
2928 5380 3064 5455 πρὸς
3094 5382 3269 5451 γάμον
3291 5377 3584 5448 λαμϐάνειν.
3609 5367 3636 5438 ἢ

2102 5478 2168 5529 ὲκ
2197 5473 2293 5530 τοῦ
2322 5474 2510 5545 γένους
2530 5472 2640 5528 ’τοῦ
2676 5472 2877 5528 οἰκείου
2924 5471 3017 5524 καὶ
3050 5469 3171 5562 τῆς
3197 5469 3330 5562 ίδίας
3367 5458 3638 5562 ipa-1'7;ng

2101 5567 2167 5626 ἂν
2197 5569 2270 5641 μὴ
2302 5565 2712 5640 περιστρέφοιτο
2732 5565 2823 5621 τοῦ
2853 5565 3041 5635 γένους
3069 5565 3097 5617 6
3127 5560 3323 5636 κλῆρος
3362 5555 3467 5613 ἀπὸ
3495 5551 3636 5626 ουλῆί

496 5741 516 5770 ⁸
554 5735 686 5793 Luc.
730 5758 806 5811 ιι,
840 5744 931 5799 2|.
1009 5749 1032 5780 '
1069 5749 1257 5808 Matth.
1296 5768 1417 5821 ut,
1452 5752 1542 5811 20.
1592 5755 1636 5836 _'
1678 5753 1867 5809 Mallh-
1904 5768 2051 5823 1"“:
2087 5752 2138 5809 9~
