3830 6260
229 335 335 397 889

788 336 1253 406 QU£ST|ONES
1294 333 1760 392 EVANGELICE

1932 331 2374 390 STEPIIANUM.
2415 366 2484 376 —
2521 333 2848 401 QUA-ZSTIO
2889 337 2926 388 l.

3376 339 3479 398 890

232 452 310 515 εις
335 451 525 522 φυλὴν,
555 449 834 522 αὐτάρκης
861 447 928 520 ἦν
953 451 987 520 ή
1015 449 1142 519 περὶ
1172 447 1266 500 τοῦ
1298 447 1490 518 ἀνδρὸς
1519 446 1801 518 ἀναγραφὴ

1909 459 2070 514 quam
2104 459 2170 499 ex
2201 460 2398 514 genere
2432 445 2655 515 proprio
2693 461 2902 515 suaque
2934 445 3100 515 tribu,
3132 461 3202 502 ne
3231 447 3479 505 videlicet

233 543 326 596 καὶ
373 541 471 612 τὴν
513 544 746 610 γυναῖκα
785 541 1055 612 δηλῶσαι·
1094 538 1331 612 νομικῶς
1364 538 1472 610 γὰρ
1519 538 1666 608 βιοὺς
1703 537 1808 590 οὐδ’

231 633 454 688 ἄλλοθεν
505 634 706 704 ἐμνᾶτο
748 633 846 705 τὴν
882 637 1134 702 γυναῖκα,
1174 634 1207 704 ἢ
1253 631 1442 703 πρῶτα
1476 631 1574 701 μὲν
1608 632 1672 683 ὲκ
1711 630 1808 700 τῆς

230 725 406 796 φυλῆς
435 725 534 796 τῆς
561 725 830 796 πατρικῆς
861 725 1048 790 αὑτοῦ,
1080 724 1218 796 αὕτη
1250 725 1306 776 δὲ
1334 719 1401 795 ῆν
1431 724 1465 794 ῆ
1494 721 1586 775 τοῦ
1613 720 1805 774 Ἰούδα·

231 816 423 870 ἔπειτα
469 819 534 869 ὲκ
569 816 661 869 τοῦ
699 817 871 886 δήμου
914 817 1007 871 καὶ
1039 818 1138 889 τῆς
1175 816 1343 887 αὐτῆς
1381 817 1633 885 πατριᾶς,
1669 812 1808 882 αὕτη

230 908 286 961 δὲ
329 905 397 980 ἦν
439 910 472 980 ἡ
532 909 627 962 τοῦ
674 911 868 963 Δαϐίδ·
915 910 1141 965 τοιαῦτα
1171 909 1278 982 γάρ
1308 905 1376 979 ῆν
1419 908 1487 962 τὰ
1517 907 1610 960 τοῦ
1643 907 1805 977 νόμου

232 1001 700 1072 παραγγέλματα·
734 1003 821 1056 ὅτε
863 1003 1040 1056 τοίνυν
1078 1006 1107 1056 6
1154 1003 1348 1073 Ἰωσὴφ
1379 1001 1550 1071 φυλῆς
1571 999 1806 1067 γεγονὼς

229 1093 610 1146 ἀποδείκνυται
653 1091 839 1156 Ἰούδα,
873 1093 1074 1164 κλήρου
1106 1110 1165 1145 τε
1209 1092 1302 1146 καὶ
1346 1092 1576 1162 πατριᾶς
1623 1088 1803 1152 Δαὸὶδ,

230 1181 349 1246 πῶς
389 1184 487 1252 οὐχ
531 1184 720 1236 ἕπεται
759 1183 853 1236 καὶ¹
896 1187 961 1254 τῇ
1001 1184 1189 1255 Μαρίᾳ
1225 1184 1289 1236 ὲκ
1319 1181 1428 1236 τῶν
1465 1180 1642 1234 αὐτῶν
1680 1181 1808 1250 ὁρᾶ-

231 1277 393 1346 σθαι;

200 1363 211 1388 1

298 1478 370 1544 η’.
395 1474 460 1526 El
481 1475 538 1526 δὲ
559 1472 767 1541 λέγοιτο
794 1471 1057 1542 ὑπάρχειν
1086 1469 1351 1541 συγγενὴς
1374 1469 1472 1540 τῆς
1506 1467 1802 1532 Ἐλισάδετ,

228 1565 400 1635 αὐτῆς
433 1566 529 1636 μὲν
549 1564 714 1635 οὔσης
742 1566 806 1618 ἐκ
823 1563 994 1633 φυλῆς
1012 1564 1198 1625 Ἰούδα.
1217 1563 1313 1633 τῆς
1334 1580 1393 1616 τε
1411 1563 1509 1633 (5‘)
1527 1561 1803 1614 Ἐλισάὸετ

228 1659 293 1711 ὲκ
334 1659 436 1728 τῆς
478 1658 569 1712 τοῦ
620 1656 770 1722 Λευῒ,
809 1657 882 1728 μὴ
921 1656 1237 1730 θαυμάσῃς·
1285 1657 1390 1708 πᾶν
1423 1655 1530 1726 γὰρ
1572 1654 1633 1706 τὸ
1675 1655 1804 1706 Ἰου-

225 1749 391 1802 δαίων
433 1749 582 1813 ἔθνος
607 1749 724 1812 ἑνὸς
753 1745 820 1821 ῆν
849 1748 1056 1816 γένους,
1100 1748 1158 1801 αῖ
1196 1765 1254 1800 τε
1305 1747 1466 1815 φυλαὶ
1502 1747 1669 1799 πᾶσαι
1707 1745 1802 1799 ἁλ-

226 1838 406 1908 λήλων
438 1842 746 1908 συγγενεῖς·
785 1838 937 1893 ἐνθεν
971 1839 1064 1891 καὶ
1095 1840 1122 1890 6
1149 1837 1290 1900 θεῖος
1307 1837 1630 1900 Ἀπόστολος
1672 1854 1803 1905 συγ-

225 1933 405 1999 γενεῖς
459 1929 624 1984 αὑτοῦ
670 1930 874 1993 πάντας
927 1928 1181 2000 ὀνομάζει
1220 1929 1500 1992 Ἰουδαίους
1526 1969 1540 1994 ,
1599 1928 1802 1997 λέγων·

232 2039 250 2072 ι
300 2022 559 2093 Ηόχόμην
612 2021 721 2092 γὰρ
763 2020 1016 2090 ἀνάθημα
1055 2016 1195 2072 εἶναι
1239 2018 1374 2091 ὑπὲρ
1416 2017 1522 2071 τῶν
1561 2019 1804 2088 ἀδελφῶν

230 2127 355 2180 μου,
383 2109 489 2163 τῶν
526 2110 803 2180 συγγενῶν
833 2128 935 2182 μου
984 2109 1126 2163 κατὰ
1175 2108 1373 2180 σάρκα,
1429 2109 1623 2172 οῖτινές
1670 2111 1804 2162 εἰσιν

238 2201 598 2271 Ἰσραηλῖται·
663 2220 682 2253 ι
732 2201 908 2254 καίτοι
971 2201 1248 2268 συγγενεῖς
1303 2200 1464 2253 αὑτοῦ
1512 2199 1804 2270 ἐτύγχανον

229 2294 382 2364 μόνοι
405 2295 470 2346 ἐκ
501 2293 673 2363 φυλῆς
697 2293 950 2364 Βενιαμίν
971 2310 983 2324 ·
1013 2291 1206 2345 οὐκοῦν
1233 2292 1438 2354 πάντας
1464 2290 1651 2354 ἁπλῶς
1679 2293 1806 2355 τοὺς

224 2384 286 2450 ἐξ
325 2384 540 2456 Ἰσραὴλ
596 2379 855 2452 ἀδελφοὺς
899 2383 992 2436 καὶ
1033 2385 1310 2452 συγγενεῖς
1357 2380 1550 2435 ἑαυτοῦ
1590 2386 1805 2454 προςιεῖι⁵

224 2491 329 2527 πεν
354 2475 382 2526 6
415 2474 656 2536 Παῦλος·
689 2473 830 2527 οὓτω
872 2474 916 2528 δ’
949 2468 1041 2525 οὖν
1081 2473 1176 2526 καὶ
1217 2473 1312 2544 τὴν
1361 2472 1633 2528 Ἐλισάϐετ
1677 2489 1806 2542 συγ-

223 2565 416 2633 γενίδα
438 2569 730 2636 προσεῖπεν
761 2567 789 2618 6
817 2566 1042 2633 ἄγγελος
1061 2569 1124 2638 τῇ
1154 2565 1404 2636 Μαριὰμ,
1433 2565 1520 2619 διὰ
1553 2565 1612 2618 τὸ
1639 2565 1804 2635 ἄμφω

238 2655 626 2725 Ίσραηλίτιδας
661 2650 824 2707 εἶναι·
862 2655 955 2706 καὶ
987 2653 1159 2716 ἄλλως
1202 2653 1259 2706 δὲ
1305 2653 1450 2715 εἰκὸς
1497 2652 1604 2705 ἀπὸ
1635 2651 1802 2703 τόπου

227 2746 518 2815 συγγενίδα
549 2747 646 2816 τῆς
673 2747 892 2817 Μαρίας
926 2745 1219 2816 κεκλῆσθαι
1251 2746 1349 2817 τὴν
1388 2743 1685 2807 Ἐλισάϐετ,
1715 2743 1804 2797 διὰ

221 2839 288 2892 τὸ
320 2842 488 2893 οἰκεῖν
513 2841 605 2893 ἐπὶ
635 2842 732 2911 τῆς
765 2839 932 2894 Ἰούδα
957 2840 1128 2910 φυλῆς
1161 2839 1252 2908 ἀφ’
1283 2835 1350 2911 ἧς
1377 2837 1599 2908 ὡρμᾶτο
1626 2838 1659 2907 ἡ
1693 2837 1807 2890 Μα-

227 2931 354 3002 ρία·
399 2934 663 3002 μαρτυρεῖ
705 2930 832 2998 γοῦν
877 2932 904 2983 6
945 2931 1157 2992 Λουκᾶς
1189 2930 1394 2997 λέγων·
1435 2947 1453 2980 ι
1503 2928 1804 2982 Ἀναστᾶσα

219 3024 283 3079 δὲ
327 3023 560 3094 Μαριάμ
610 3025 667 3074 ὲν
711 3027 830 3087 ταῖς
867 3024 1098 3095 ἡμέραις
1136 3021 1380 3084 ταύταις,
1414 3019 1680 3093 ἐπορεύθη
1724 3020 1803 3082 εἰς

217 3115 323 3184 τὴν
347 3113 561 3185 ὀρεινὴν
599 3113 736 3183 μετὰ
773 3114 1004 3184 σπουᾶῆς
1030 3115 1110 3176 εἰς
1150 3113 1299 3166 πόλιν
1341 3112 1527 3174 Ἰούδα,
1555 3111 1648 3164 καὶ
1693 3113 1803 3163 είσ-
1827 3150 1868 3208 C

219 3204 386 3275 ῆλθεν
417 3207 492 3267 εἰς
519 3205 607 3256 τὸν
633 3200 778 3258 οἷκον
811 3205 1073 3276 Ζαχαρίου
1105 3205 1196 3257 καὶ
1221 3204 1500 3272 ἠσπάσατο
1527 3203 1622 3274 τὴν
1663 3201 1798 3254 Ἐλι-

222 3297 426 3350 σάϐετ·
466 3316 484 3348 ι
518 3296 610 3350 τοῦ
657 3298 764 3369 γὰρ
813 3298 1090 3362 Μωῦσέως
1137 3298 1301 3369 νόμου
1337 3297 1410 3368 μὴ
1445 3296 1799 3367 ἀφορίσαντος

217 3391 289 3459 τῇ
325 3388 434 3440 τῶν
465 3390 653 3460 ἱερέων
681 3390 816 3460 φυλῇ
849 3390 1065 3460 κλῆρον,
1091 3391 1170 3444 ὃτι
1194 3391 1396 3460 Κύριος
1422 3391 1450 3442 6
1473 3389 1602 3450 Θεὸς
1645 3389 1799 3459 μερὶς

219 3476 424 3541 αὐτῶν,
457 3478 845 3550 διαταξαμένου
888 3479 944 3532 δὲ
984 3478 1184 3549 μεταξὺ
1229 3478 1338 3532 τῶν
1376 3477 1577 3530 λοιπῶν
1619 3477 1799 3546 φυλῶν

215 3570 392 3620 οἰκεῖν
436 3570 651 3632 αὐτοὺς,
699 3569 789 3622 τοῦ
839 3587 895 3622 τε
935 3570 1200 3642 Ζαχαρίου
1251 3571 1343 3624 καὶ
1381 3572 1478 3641 τῆς
1524 3567 1800 3620 Ἐλισάϐετ

220 3658 380 3711 πόλιν
427 3659 598 3729 φυλῆς
645 3659 812 3713 Ἰούδα
840 3662 1299 3730 κατοικησάντων,
1343 3662 1437 3729 ἀφ’
1480 3654 1548 3732 ἦς
1579 3659 1801 3730 ὡρμᾶτο

187 3747 431 3819 -Μαρίαθ
460 3749 603 3812 εεκδς
623 3750 718 3802 καί
750 3748 952 3820 ταύτης
979 3749 1164 3802 ἕνεκεν
1185 3752 1283 3820 τῆς
1309 3749 1485 3811 αἰτίας
1524 3749 1801 3816 συγγενεῖς

216 3839 394 3903 αὑτὰς
422 3841 737 3912 ἀνειρῆσθαι
756 3856 770 3871 ·
798 3842 898 3893 οὐκ
927 3841 1150 3904 ἀπεικὸς
1181 3841 1236 3893 δὲ
1271 3841 1363 3893 καὶ
1399 3839 1494 3910 τῆς
1523 3842 1798 3909 ὁμοιοτρο-

215 3929 354 3994 πίας
398 3932 578 4003 χάριν,
617 3931 682 3984 δι’
723 3925 790 4004 ῆς
838 3932 1004 4002 ἄμφω
1049 3926 1147 4001 τῆς
1182 3930 1449 4000 σωτηρίου
1493 3928 1800 3998 οἰκονομίας

215 4020 556 4092 ἠξιώθησαν,
601 4024 632 4094 ἡ
672 4023 768 4094 μὲν
811 4023 902 4076 τὸν
940 4025 1188 4094 Σωτῆρα,
1289 4023 1344 4075 δὲ
1376 4023 1465 4074 τὸν
1499 4022 1800 4094 πρόδρομον

213 4112 315 4165 τοῦ
346 4113 597 4184 Σωτῆρος
640 4113 1054 4185 ὑποδεξάμεναι,
1091 4115 1209 4177 ἑνός
1253 4131 1311 4166 τε
1361 4115 1454 4166 καὶ
1497 4111 1590 4165 τοῦ
1634 4111 1797 4164 αὑτοῦ

212 4203 382 4272 ἁγίου
413 4205 727 4275 Πνεύματος
761 4205 1124 4276 μετασχοῦσαι
1143 4223 1154 4234 ·
1185 4205 1264 4258 διὸ
1293 4205 1384 4258 καὶ
1412 4203 1642 4275 μάλιστα
1673 4205 1800 4274 μιᾶς

212 4297 318 4367 τῆς
344 4295 489 4349 κατὰ
516 4297 648 4349 Θεὸν
674 4299 987 4366 συγγενείας
1036 4300 1299 4370 μετεῖχον.
1332 4297 1492 4350 Ἀλλὰ
1517 4296 1672 4350 τοῦτο
1703 4296 1798 4368 μὲν

201 4367 398 4451 ὀὕτως
421 4388 738 4443 ἀπολυτὲον,

290 4593 356 4646 θ’.
380 4593 444 4647 Εἰ
481 4594 538 4647 δὲ
572 4594 777 4666 κεφαλὴ
807 4596 904 4666 τῆς
933 4597 1185 4665 γυναικὸς
1204 4597 1455 4666 τυγχάνει
1478 4596 1506 4647 6
1531 4593 1604 4647 ῶν
1633 4593 1793 4665 ἀνὴρ,

213 4685 363 4740 κατὰ
384 4686 475 4738 τὸν
491 4686 633 4739 θεῖον
649 4688 985 4750 ’Λπόστολον,
1004 4689 1095 4741 καὶ
1117 4687 1325 4741 ἔσονται
1344 4689 1392 4740 οἱ
1413 4686 1506 4740 δύο
1518 4687 1599 4749 εἰς
1619 4686 1796 4757 σάρκα

217 4777 378 4847 μίαν,
408 4779 552 4831 κατὰ
574 4778 666 4832 τὸν
685 4779 960 4844 Μωῦσέως
985 4780 1164 4850 νόμον,
1197 4781 1231 4850 ἦ
1261 4797 1318 4831 τε
1346 4779 1794 4850 μεμνηστευμένη

213 4867 374 4938 ἀνδρὶ
401 4868 772 4940 διαμαρτοὼα
805 4871 1045 4940 μοιχείας
1084 4869 1221 4924 κατὰ
1258 4869 1320 4922 τὸ
1356 4869 1484 4922 αὐτὸ
1537 4868 1793 4940 τιμωρίαν

213 4956 500 5027 ὑπομένει,
535 4959 610 5023 ὼς
634 4959 734 5030 ἢδη
758 4960 851 5012 τοῦ
884 4961 1188 5032 μνηστῆρος
1225 4959 1383 5029 σῶμα
1409 4957 1670 5029 γενομένη
1701 4959 1794 5011 καὶ

212 5049 463 5124 κεφαλὴν
483 5051 903 5123 ὲπιγραψαμένη
938 5053 1032 5116 τὸν,
1057 5053 1243 5120 ἄνδρα,
1275 5051 1390 5115 πῶς
1434 5051 1554 5121 οὐχὶ
1573 5051 1672 5121 τῆς
1702 5068 1794 5103 κε-

213 5143 396 5213 φαλῆς
421 5143 933 5216 γενεαλογουμένης,
964 5143 1154 5198 ἕπεται
1194 5143 1285 5198 καὶ
1320 5143 1380 5196 τὸ
1411 5143 1570 5214 σῶμα
1593 5144 1658 5213 τῇ
1703 5159 1794 5194 κε-

212 5235 360 5305 φαλῇ
415 5235 891 5306 συναριθμεῖσθαι;
945 5233 1086 5291 ὥστε
1139 5236 1230 5291 καὶ
1282 5234 1378 5306 τὴν
1423 5233 1639 5305 Μαρίαν
1692 5233 1792 5304 ῆδη

287 5391 310 5421 ⁹
347 5388 506 5460 Rom.
541 5405 628 5454 ix,
662 5391 716 5446 3.
793 5391 838 5423 ¹⁶
875 5389 1074 5462 Ephes.
1112 5407 1162 5458 v,
1195 5390 1286 5445 23.
1364 5392 1405 5423 ¹¹
1445 5389 1578 5446 Gen.
1615 5405 1693 5455 ιι,
1721 5389 1817 5444 24.

290 5545 395 5685 $9)
439 5548 526 5601 Τε.
559 5545 702 5618 Lege
722 5546 800 5600 δέ.
831 5545 988 5600 Eorr.

315 5617 372 5685 4)
413 5615 654 5683 Quaestio
681 5617 793 5671 haec
815 5617 885 5672 de
907 5631 988 5685 co;

1911 535 2130 605 generis
2162 535 2459 602 haereditas
2484 553 2550 592 ex
2578 551 2686 591 una
2716 538 2772 591 in
2813 538 2974 591 aliam
3009 537 3208 592 tribum
3235 554 3480 595 commo-

1909 636 2166 696 veretur;
2203 632 2340 686 satis
2364 638 2486 684 erat
2509 630 2610 684 viri
2637 631 2934 700 descriptio
2972 631 3038 686 ad
3066 631 3350 702 conjugem
3378 631 3478 688 de-

1917 719 2328 773 monstrandam
2355 741 2367 773 :
2402 735 2528 773 nam
2567 720 2660 789 qui
2705 719 2772 774 ad
2805 722 2938 791 legis
2970 737 3218 776 normam
3248 724 3476 789 viveret,

1909 808 2055 863 haud
2112 809 2276 864 aliam
2329 810 2436 874 sibi
2489 825 2723 866 uxorem
2773 811 3159 880 copulavisset,
3206 814 3313 867 nisi
3360 829 3480 884 quas

1908 902 2148 972 primum
2173 909 2320 956 esset
2345 917 2410 956 ex
2438 902 2562 972 ejus
2589 902 2770 972 patria
2803 901 3165 972 tribuJJuda:
3194 904 3478 973 videlicet;

1909 991 2104 1046 deinde
2130 1007 2198 1054 ex
2222 991 2411 1048 eadem
2446 999 2606 1064 gente
2637 991 2974 1062 familiaque,
3009 1010 3204 1065 nempe
3233 993 3475 1050 Davidis.

1908 1081 2166 1135 lllatenus
2195 1083 2342 1136 enim
2377 1083 2461 1136 lex
2500 1081 2752 1151 jubebat.
2809 1080 2864 1135 Si
2901 1081 3173 1154 .losephus
3217 1084 3382 1154 igitur
3413 1084 3481 1140 de

1906 1171 2059 1228 Judae
2101 1175 2250 1228 tribu
2304 1174 2477 1245 deque
2520 1173 2742 1230 Davidis
2794 1181 2954 1245 gente
2986 1185 3039 1230 et
3076 1176 3278 1232 familia
3309 1179 3482 1234 fuisse

1907 1263 2338 1328 demonstratur,
2385 1279 2485 1318 cur
2529 1279 2640 1319 non
2681 1265 2935 1334 sequitur
2978 1273 3037 1320 ut
3066 1265 3236 1320 Maria
3273 1283 3338 1322 ex
3378 1269 3477 1324 iis-

1908 1355 2028 1410 dem
2059 1356 2364 1427 originibus
2398 1355 2617 1427 prodire
2653 1355 2949 1411 videatur?

1977 1471 2030 1525 8.
2081 1469 2237 1535 Quod
2274 1469 2320 1523 si
2360 1470 2551 1530 eadem
2598 1470 2802 1525 dicitur
2832 1469 3166 1526 Elisabethae
3210 1480 3474 1541 cognata;

1907 1577 2029 1616 eum
2058 1571 2240 1618 tamen
2272 1561 2364 1615 illa
2401 1563 2469 1619 de
2505 1564 2650 1618 tribu
2675 1561 2846 1628 Judze,
2880 1562 3194 1620 Elisabetha
3221 1564 3287 1619 de
3314 1563 3477 1620 Levi-

1907 1656 2014 1708 tica
2057 1654 2251 1720 fuerit;
2295 1669 2364 1709 ne
2413 1655 2675 1711 mireris:
2717 1656 2971 1712 universa
3018 1657 3218 1727 quippe
3262 1655 3478 1710 Judaeo—

1907 1762 2028 1800 rum
2059 1761 2192 1817 gens
2244 1761 2356 1801 uno
2400 1761 2601 1817 genere
2646 1748 2998 1812 censebatur,
3033 1756 3350 1818 cunctaeque
3380 1750 3480 1804 tri-

1905 1839 2006 1892 bus
2037 1838 2271 1893 invicem
2298 1850 2542 1909 cognatae
2563 1851 2738 1895 erant.
2783 1841 2922 1896 Hine
2945 1843 3109 1897 etiam
3144 1843 3303 1898 divus
3330 1843 3478 1914 Apo-

1905 1929 2078 1985 stolus
2105 1927 2322 1986 Iudaeos
2363 1946 2556 1987 omnes
2587 1933 2826 2002 appellat
2858 1941 3121 2003 cognatos
3155 1949 3308 2000 suos,
3345 1933 3478 1988 dum

1905 2019 2007 2073 ait:
2074 2017 2376 2088 «Optabam
2427 2035 2529 2091 ego
2577 2022 2870 2076 anathema
2915 2038 3038 2077 esse
3071 2038 3171 2094 pro
3213 2023 3478 2091 fratribus

1903 2111 2064 2173 meis,
2096 2110 2189 2180 qui
2241 2110 2376 2164 mihi
2419 2113 2724 2166 secundum
2777 2128 3034 2166 carneam
3077 2097 3329 2167 naturam
3383 2128 3479 2168 co-

1903 2200 2052 2269 gnati
2112 2206 2262 2264 sunt,
2320 2200 2673 2256 lsraelitis’.»
2724 2202 2891 2273 Atqui
2935 2203 3149 2272 cognati
3191 2203 3325 2274 ,ejus
3373 2203 3476 2259 soli

1905 2305 2092 2345 revera
2126 2299 2282 2345 erant
2319 2291 2671 2359 Bcnjamitze:
2714 2301 2768 2348 et
2819 2303 2997 2348 tamen
3033 2310 3225 2348 omnes
3257 2293 3477 2350 Israeli-

1904 2386 1989 2433 tas
2024 2378 2257 2434 fratrum
2292 2381 2606 2435 nominibus
2651 2388 2707 2435 et
2751 2391 3108 2451 cognatorum
3137 2381 3342 2436 Paulus
3391 2383 3474 2436 in-

1903 2471 2114 2542 digitat.
2163 2471 2255 2525 Sic
2284 2487 2416 2540 ergo
2454 2472 2679 2543 angelus
2702 2473 3072 2528 Elisabetham
3111 2474 3248 2528 dixit
3285 2473 3470 2530 Mariae

1903 2571 2209 2634 cognatam,
2260 2571 2549 2634 pr0pterea
2599 2564 2745 2634 quod
2794 2565 2968 2630 amba:
3018 2565 3353 2621 lsraelitides
3385 2581 3477 2622 es-

1904 2661 2044 2710 sent.
2089 2654 2316 2725 Insuper
2335 2669 2402 2710 ex
2430 2655 2550 2724 ipso
2579 2655 2700 2708 loco
2727 2654 2863 2711 satis
2887 2655 3072 2710 decuit
3099 2653 3475 2710 Elisabetham

1905 2744 2170 2815 appellari
2203 2744 2388 2799 Mariae
2414 2754 2722 2816 cognatam,
2770 2745 2896 2814 quia
2950 2746 3209 2800 nimirum
3260 2745 3477 2799 habita-

1903 2835 1996 2889 bat
2041 2835 2097 2888 in
2121 2833 2276 2890 ludat
2306 2835 2475 2900 tribu,
2516 2835 2661 2890 unde
2707 2851 2878 2906 genus
2908 2837 3076 2890 traxit
3121 2835 3310 2898 Maria.
3374 2833 3475 2890 Rei

1904 2925 2058 2980 testis
2085 2925 2280 2991 Lucas,
2317 2927 2410 2996 qui
2435 2926 2539 2979 ait:
2573 2944 2592 2977 ι
2620 2925 2928 2996 Exsurgens
2963 2933 3141 2983 autem
3166 2928 3251 2982 his
3280 2927 3474 2983 diebus

1903 3015 2074 3072 Maria
2106 3019 2241 3073 abiit
2271 3020 2325 3074 in
2358 3027 2612 3073 montana
2640 3033 2766 3073 cum
2800 3018 3171 3086 festinatione,
3205 3022 3257 3076 in
3283 3023 3473 3076 urbem

1901 3107 2074 3173 Judaa,
2110 3118 2163 3166 et
2195 3111 2439 3181 ingressa
2471 3119 2555 3166 est
2603 3112 2826 3166 domum
2874 3112 3176 3177 Zachariae,
3228 3129 3292 3167 ac
3320 3114 3472 3167 salu-

1900 3199 2032 3254 tavit
2054 3199 2438 3256 Elisabetham.
2466 3222 2485 3254 ι
2529 3202 2738 3257 Etenim
2764 3220 2887 3259 cum
2914 3205 2996 3276 lex
3026 3204 3259 3259 Mosaiea
3290 3219 3475 3259 sacer-

1901 3291 2070 3346 dotali
2114 3294 2279 3347 tribui
2329 3295 2712 3362 possessiones
2742 3313 2854 3352 non
2891 3299 3304 3368 assignavisset,
3340 3297 3469 3368 quia

1901 3383 2166 3439 Dominus
2212 3383 2355 3440 Deus
2399 3401 2525 3455 pars
2571 3387 2692 3455 ejus
2725 3396 2830 3454 est,
2885 3389 3255 3444 mandavisset
3289 3399 3470 3445 autem

1906 3486 1966 3531 ut
1995 3477 2138 3530 inter
2170 3489 2392 3531 caeteras
2418 3479 2592 3532 tribus
2639 3479 2928 3544 incoleret;
2979 3495 3215 3548 cumque
3257 3479 3472 3533 Zacha-

1900 3569 2014 3623 rias
2049 3576 2102 3622 et
2127 3567 2438 3622 Elisabetha
2469 3570 2702 3638 quadam
2728 3570 2782 3622 in
2817 3570 2951 3623 urbe
2991 3572 3166 3624 tribus
3195 3569 3347 3624 Iudae
3376 3573 3472 3624 h-a-

1901 3658 2155 3723 bitarent,
2210 3659 2355 3714 unde
2398 3659 2622 3714 oriunda
2679 3666 2797 3713 erat
2844 3659 3051 3727 Maria;
3095 3675 3194 3730 par
3239 3660 3340 3714 fuit
3377 3677 3470 3717 eas

1901 3751 1971 3805 ob
1999 3751 2139 3804 hanc
2169 3766 2390 3805 causam
2427 3759 2692 3820 cognatas
2720 3751 3016 3820 appellari:
3049 3767 3222 3821 neque
3257 3752 3314 3807 id
3346 3769 3471 3805 rur-

1902 3858 1996 3897 sus
2039 3843 2312 3896 immerito
2342 3852 2563 3912 propter
2593 3856 2805 3895 morum
2857 3843 3293 3907 similitudinem,
3333 3859 3470 3910 quo-

1901 3947 2023 3986 rum
2061 3933 2235 4004 gratia
2269 3944 2501 4004 utraque
2531 3933 2727 3986 mulier
2769 3930 3032 4003 mysterio
3065 3933 3258 3988 salutis
3306 3935 3470 4003 digna

1902 4024 2038 4081 fuit:
2085 4033 2136 4078 et
2166 4027 2333 4081 altera
2363 4026 2584 4096 quidem
2632 4024 3006 4088 Servatorem,
3049 4025 3216 4079 altera
3265 4023 3463 4079 Serva-

1901 4113 2038 4168 toris
2075 4129 2463 4183 pmeursorem
2497 4115 2708 4170 sinibus
2749 4114 2864 4169 suis
2913 4121 3254 4183 receperunt,
3300 4113 3465 4167 unius

1903 4202 2152 4257 videlicet
2177 4203 2530 4272 ejusdemque
2580 4205 2754 4261 sancti
2787 4204 3022 4274 Spiritus
3056 4203 3225 4272 gratia
3264 4205 3464 4272 potitze.

1905 4291 2083 4361 Atque
2127 4292 2230 4347 hoc
2278 4293 2362 4348 vel
2394 4294 2626 4350 maxime
2674 4296 2892 4350 nomine
2949 4293 3248 4349 secundum
3299 4293 3465 4346 Deum

1901 4390 2146 4452 cognata:
2193 4382 2411 4438 fuerunt
2445 4383 2544 4456 (4).
2604 4383 2728 4440 Haec
2776 4383 3060 4457 praesentis
3101 4381 3461 4437 dubitationis

1818 4485 1864 4540 ι)
1894 4477 2094 4532 solutio
2124 4482 2228 4532 est.

1970 4591 2026 4648 9.
2058 4591 2214 4658 Quod
2241 4591 2288 4646 si
2316 4598 2498 4647 autem
2522 4598 2685 4662 caput
2708 4590 2953 4646 mulieris
2984 4590 3062 4643 vir
3107 4596 3210 4651 est,
3233 4588 3300 4642 de
3322 4587 3466 4656 Apo-

1899 4684 2026 4739 stoli
2075 4683 2187 4737 divi
2223 4680 2577 4747 Sententia”,
2609 4683 2832 4753 duoque
2880 4690 3010 4738 sunt
3044 4682 3097 4734 in
3142 4692 3322 4735 carne'
3354 4695 3462 4732 una

1899 4792 1967 4831 ex
2006 4775 2256 4830 Mosaicae
2289 4776 2426 4846 legis
2472 4776 2754 4846 regula“;
2789 4783 2845 4830 et
2873 4774 2919 4831 si
2962 4785 3125 4842 nupta
3157 4774 3295 4834 viro,
3339 4787 3459 4841 qua:

1897 4866 2162 4938 ﬂagitium
2195 4867 2503 4931 admiserit,
2549 4867 2801 4922 adulterii
2847 4881 3062 4937 poenam
3091 4865 3160 4918 ob
3193 4865 3244 4917 id
3285 4864 3463 4932 ipsum

1900 4960 2045 5014 subit
2064 4977 2078 5026 ;
2095 4973 2196 5012 ceu
2215 4975 2334 5029 quae
2350 4959 2460 5028 jam
2487 4960 2673 5028 sponsi
2697 4974 2901 5030 corpus
2924 4957 3064 5012 facta
3096 4963 3232 5018 erat,
3250 4956 3464 5026 sibique

1899 5059 2061 5120 caput
2088 5051 2423 5121 imposuerat
2455 5051 2674 5118 virum;
2708 5066 2809 5105 cur
2837 5049 2884 5104 si
2917 5048 3116 5120 capitis
3147 5047 3464 5117 genealogia

1900 5145 2194 5207 scribatur,
2251 5158 2453 5214 corpus
2508 5159 2633 5198 eum
2672 5143 2849 5214 capite
2909 5138 3294 5195 eonnumerari
3352 5153 3464 5192 non

1901 5233 1973 5288 sit
1999 5233 2461 5299 consectaneum?
2491 5231 2856 5298 Quamobrem
2891 5228 3060 5284 Maria
3091 5227 3330 5298 Josepho
3347 5227 3462 5298 jam

1895 5543 2012 5596 Vat.
2043 5540 2342 5611 palatinum
2374 5536 2641 5611 epitomm,
2661 5537 2822 5611 etiam
2849 5536 2909 5611 _i_n
2941 5534 3151 5611 catenis
3173 5531 3456 5611 _Va“ti_caliis

315 5602 391 5686 4),
413 5602 667 5683 Quastid’
681 5617 793 5671 haec
815 5617 885 5672 de
907 5615 1230 5686 cognatione
1254 5615 1435 5686 Mariae
1462 5614 1654 5686 matris
1675 5613 1783 5686 D07
1887 5602 2088 5667 Nicetae
2117 5612 2242 5664 cod.
2279 5612 2340 5663 Α.
2381 5602 2423 5686 f_.'
2448 5607 2541 5671 Ὦ,
2576 5617 2629 5663 et
2665 5606 2892 5686 δίωτοι-Ξῖ
2919 5605 3042 5686 cod.
3079 5603 3147 5686 E._
3169 5603 3208 5658 ί.
3245 5603 3332 5660 50.
3360 5602 3459 5685 ἑξεῖ

218 5675 507 5764 miriﬁcum
544 5687 878 5751 Elisabetha,
933 5675 1109 5764 ei'stat
1151 5685 1254 5764 sub
1285 5685 1524 5753 ejusdem
1563 5683 1783 5764 Eusebii
1885 5681 2561 5764 .quensltamen-quinque
2604 5677 2892 5735 verborum
2937 5675 3184 5731 clausula
3235 5675 3454 5731 nonnisi

222 5754 467 5828 (terniue,
505 5759 592 5812 vix
629 5758 818 5832 paucis
852 5757 1031 5812 verbis
1063 5750 1522 5826 variatis,'pr:eler
1544 5755 1786 5811 codicem
1884 5750 1940 5808 in
1977 5753 2164 5810 codice
2189 5751 2252 5805 Α.
2287 5750 2503 5821 legitur.

3489 5379 3498 5436 Ξ
