3830 6260
404 313 504 371 891

1119 312 1385 368 EUSEBII
1417 310 1896 368 CAESARIENSIS
1932 312 2083 369 OPP.
2120 310 2300 367 PARS
2325 310 2413 368 Ill.
2455 339 2524 352 —-
2550 309 2958 367 EXEGETICA.

3543 310 3634 364 89‘!

406 446 600 506 nupta,
633 435 829 491 merito
865 435 919 487 in
962 433 1082 503 ejus
1117 434 1436 504 genealogia
1471 434 1824 504 intelligenda
1848 443 1954 499 est;

2070 435 2419 505 συνημμένην
2443 433 2520 504 τῷ
2550 434 2769 506 Ἰωσὴφ,
2814 434 3036 495 εἰκότως
3069 429 3634 500 συναντιλαμϐάνεσθαι

405 541 531 583 cum
569 527 871 597 praesertim
919 526 1205 595 perspicue
1259 525 1697 580 demonstratum
1748 527 1817 579 sit
1865 541 1971 578 non

408 620 586 675 solum
622 633 689 673 ex
729 616 849 686 ejus
880 617 1027 671 tribu
1085 617 1279 680 fuisse,
1318 634 1506 672 verum
1539 618 1701 672 etiam
1738 625 1895 688 gente
1921 626 1973 672 et

407 710 632 764 familia.
689 707 1086 779 Praeterquam
1119 710 1263 780 quod
1313 713 1476 765 etiam
1522 708 1742 764 Gabriel
1777 711 1831 763 in
1879 711 1973 766 illo

407 819 533 858 cum
577 802 748 856 Maria
804 803 1082 873 colloquio
1113 804 1417 857 vaticinans
1449 804 1590 857 inter
1621 810 1816 857 caetera
1856 803 1968 858 ait:

409 894 610 950 «Dabit
670 896 749 950 illi
805 893 950 952 Deus
996 896 1180 952 sedem
1249 896 1471 953 Davidis
1527 897 1697 966 patris
1751 898 1965 966 ejusu

403 996 586 1054 aperte
617 987 847 1051 docens,
885 988 1006 1052 ejus
1043 990 1135 1059 qui
1176 1005 1244 1045 ex
1301 991 1419 1060 ipsa
1462 991 1780 1046 nasciturus
1829 1000 1968 1056 erat,

400 1073 659 1132 Davidem
687 1093 810 1135 esse
847 1082 1274 1150 progenitorem.
1325 1080 1586 1151 Alioquin
1624 1082 1719 1153 qui
1747 1081 1969 1138 decuis-

400 1177 486 1223 set
512 1168 626 1224 haec
671 1171 741 1224 ab
771 1172 964 1242 angelo
1002 1173 1109 1227 diei
1159 1173 1301 1243 apud
1343 1174 1632 1244 virginem,
1676 1174 1782 1228 nisi
1821 1190 1972 1228 eam-

398 1260 523 1315 dem
575 1260 642 1316 de
673 1261 893 1317 Davidis
933 1278 1132 1332 genere
1179 1281 1303 1319 esse
1333 1265 1729 1319 conﬁteretur?
1782 1264 1969 1334 Neque

398 1367 533 1407 sane
556 1352 775 1409 femina
813 1356 1004 1411 alienae
1046 1371 1075 1409 a
1118 1356 1340 1413 Davidis
1372 1359 1543 1428 stirpe
1576 1358 1785 1412 dictum
1838 1358 1968 1415 luis-

396 1450 501 1508 set,
558 1444 748 1499 «dabit
781 1448 859 1500 illi
895 1446 1040 1503 Deus
1070 1449 1255 1503 sedem
1304 1449 1525 1504 Davidis
1570 1451 1744 1521 patris
1787 1451 1959 1520 ejus.»

396 1532 569 1599 Quem
628 1536 773 1591 enim
836 1553 1031 1592 narras
1094 1548 1325 1607 patrem,
1376 1542 1531 1611 virgo
1594 1542 1965 1610 respondisset

394 1624 538 1695 (quae
567 1627 788 1696 quidem
846 1626 1124 1682 fatebatur
1168 1645 1227 1684 se
1277 1631 1454 1684 virum
1515 1632 1749 1694 nescire,
1811 1631 1967 1687 intel-

394 1715 600 1771 lexerat
633 1725 812 1772 autem
861 1719 980 1774 fore
1012 1730 1073 1774 ut
1114 1719 1183 1775 de
1217 1719 1421 1791 Spiritu
1466 1731 1659 1778 sancto
1703 1725 1961 1793 concipe-

2075 527 2173 596 τῆς
2198 525 2542 594 γενεαλογίας
2574 526 2668 579 ὅτε
2698 525 2929 595 μάλιστα
2966 523 3057 593 τῆς
3093 522 3261 591 αὐτῆς
3302 521 3455 592 αὐτῷ
3482 522 3633 594 φυλῆς

2072 618 2133 669 οὐ
2166 618 2344 687 μόνον,
2380 617 2516 671 ἀλλά
2539 617 2633 671 καὶ
2665 617 2729 687 δή
2741 634 2839 688 μου
2872 616 2966 669 καὶ
3011 616 3245 686 πατριᾶς
3273 614 3634 670 ἀποδέδεικται
3662 620 3675 633 ‘

2072 708 2334 779 γενομένη
2359 725 2372 738 ·
2423 710 2515 761 καὶ
2558 708 2729 771 ἄλλως
2764 708 2821 761 δὲ
2863 709 2921 761 ἐν
2965 707 3043 778 τῷ
3074 707 3208 778 πρὸς
3231 706 3398 778 αὐτὴν
3429 723 3631 778 χρημα-

2070 798 2249 869 τισμῷ
2276 798 2543 863 θεσπίζων
2575 801 2602 852 6
2635 798 2873 870 Γαϐριὴλ
2906 800 3041 868 μετά
3085 798 3193 851 τῶν
3221 797 3395 852 ἄλλων
3429 799 3631 869 εἴρηκε·

2079 910 2097 941 ι
2134 891 2240 943 Καὶ
2266 889 2420 943 δώσει
2456 891 2605 962 αὐτῷ
2636 894 2665 944 ό
2698 891 2827 954 θεὸς
2859 891 2947 944 τὸν
2984 890 3169 962 θρόνον
3208 890 3371 943 Δαᾶδ
3408 890 3503 943 τοῦ
3542 908 3633 944 πα-

2068 983 2197 1053 τρὸς
2223 982 2385 1035 αὐτοῦ
2407 1002 2421 1012 ι
2459 1002 2477 1035 ι
2506 982 2693 1053 σαφῶς
2726 982 2988 1037 διδάσκων
3014 984 3096 1036 ὅτι
3128 982 3221 1035 τοῦ
3257 981 3317 1047 ἐξ
3345 983 3518 1052 αὐτῆς
3561 998 3633 1051 γε.

2070 1072 2698 1145 νησομένουνπροπάτωρ
2741 1068 2808 1144 ἦν
2855 1075 2884 1126 ό
2927 1072 3119 1126 Δαϐίδ’
3168 1070 3283 1136 πῶς
3323 1071 3435 1143 γὰρ
3473 1070 3629 1134 ἄλλως

2070 1165 2214 1229 εἰκὸς
2238 1160 2306 1235 ἦν
2328 1165 2497 1219 ταῦτα
2518 1168 2583 1237 τῇ
2611 1165 2864 1236 παρθένῳ
2885 1164 3045 1233 φάναι
3069 1164 3159 1218 τὸν
3183 1163 3437 1232 ἄγγελον,
3461 1163 3494 1235 ἢ
3525 1180 3633 1216 συν-

2069 1256 2430 1326 ομολογοῦντα
2474 1258 2538 1311 ὲκ
2577 1257 2671 1310 τοῦ
2721 1255 2882 1310 Δαϐὶδ
2923 1251 3095 1321 εἶναι;
3138 1256 3198 1308 οὐ
3240 1255 3348 1325 γὰρ
3379 1253 3448 1308 ἂν
3485 1255 3559 1326 μὴ
3581 1257 3633 1308 ἐκ

2072 1346 2237 1400 Δαϐἱδ
2251 1347 2590 1421 τυγχανούσῃ
2610 1349 2817 1419 εἰρήκει
2833 1347 2913 1411 τὸ,
2939 1366 2956 1397 ι
2976 1345 3305 1417 Δώσειαύτῷ
3334 1348 3362 1399 6
3393 1344 3530 1409 Θεὸς
3558 1348 3633 1399 τὸν

2068 1438 2253 1510 θρόνον
2290 1439 2452 1492 Δαϐὶδ
2507 1440 2600 1493 τοῦ
2660 1439 2864 1511 πατρὸς
2921 1437 3116 1491 αὐτοῦ’
3150 1458 3170 1491 ι
3196 1439 3349 1492 ποίου
3381 1437 3494 1510 γὰρ
3539 1454 3633 1491 πα-

2066 1531 2227 1600 τρός;
2263 1532 2484 1595 εἰκότως
2505 1531 2569 1585 ἂν
2609 1533 2771 1603 ἤρετο
2802 1533 2835 1602 ἡ
2865 1530 3148 1604 παρθένος,
3184 1529 3524 1600 ὁμολογοῦσα
3549 1528 3633 1599 μὲν

2065 1621 2144 1673 ὅτι
2172 1622 2339 1691 ἄνδρα
2377 1623 2437 1674 οὐ
2481 1621 2754 1690 γινώσκει,
2790 1622 3034 1692 μαθοῦσα
3065 1621 3125 1674 δὲ
3154 1621 3234 1674 ὃτι
3282 1622 3348 1673 ὲκ
3386 1620 3627 1691 Πνεύμα-

2064 1729 2155 1775 τος
2189 1713 2346 1781 ἁγίου
2394 1713 2738 1784 συλλήψεται,
2768 1715 2816 1766 εί
2860 1714 2934 1785 μὴ
2977 1714 3059 1766 ὃτι
3101 1712 3273 1785 σαφὴς
3308 1708 3378 1784 ἧν
3419 1713 3452 1765 6
3488 1713 3630 1782 λόγος

392 1808 496 1877 ret)
527 1849 541 1873 ,
599 1810 706 1864 nisi
752 1811 976 1866 omnino
1032 1813 1079 1867 is
1127 1829 1309 1868 sermo
1340 1814 1483 1884 apud
1530 1814 1747 1872 Davidis
1794 1815 1954 1870 tiliam

2063 1804 2196 1873 πρὸς
2235 1803 2505 1877 θυγατέρα
2548 1805 2712 1858 Δαϐὶδ
2746 1805 3063 1876 λεγόμενος·
3099 1804 3246 1858 ἔνθεν
3284 1804 3515 1868 εἰκότως
3542 1822 3630 1876 φη-

392 1898 578 1953 lieret?
621 1899 759 1956 llinc
796 1909 920 1971 apte
965 1901 1143 1959 Lucas
1174 1904 1287 1959 ait:
1329 1923 1347 1955 ι
1372 1903 1633 1961 Ascendit
1660 1915 1840 1961 autem
1865 1906 1960 1962 Jo-

393 1991 596 2061 sepbus
631 1991 699 2046 de
732 1992 952 2047 Galilaaa
992 2011 1061 2060 ex
1112 1996 1246 2051 urbe
1295 1995 1567 2051 Nazareth
1596 1999 1651 2052 in
1691 1997 1956 2062 Judaaam,

391 2088 453 2135 ut
479 2097 678 2137 nomen
726 2098 887 2137 suum
922 2085 1275 2154 proﬁteretur
1307 2086 1362 2140 in
1411 2088 1547 2142 urbe
1594 2087 1817 2145 Davidis
1871 2093 1959 2147 cui

390 2184 593 2225 nomen
627 2170 963 2239 Bethlehem,
1005 2184 1292 2245 propterea
1328 2177 1468 2246 quod
1505 2186 1650 2233 esset
1693 2179 1759 2234 de
1796 2179 1959 2235 domo

391 2258 706 2330 familiaque
742 2260 960 2319 Davidis
989 2280 1112 2318 cum
1138 2265 1308 2320 Maria
1337 2267 1662 2339 desponsata
1687 2269 1792 2324 sibi
1823 2286 1957 2341 pra:-

389 2357 644 2418 gnaute.»
716 2349 873 2405 Haud
900 2369 1028 2425 ergo
1068 2346 1296 2412 ullerius
1324 2373 1447 2410 cum
1489 2359 1843 2428 perplexitate
1882 2361 1959 2415 le-

389 2455 579 2511 gemus
628 2441 774 2497 hunc
831 2442 1108 2516 Evangelii
1158 2446 1362 2513 locum,
1416 2464 1514 2503 ceu
1558 2450 1601 2505 si
1661 2449 1831 2504 Maria
1888 2450 1957 2504 ad

387 2531 752 2599 proﬁtendum
803 2535 1188 2590 tantummodo
1245 2553 1443 2593 nomen
1506 2539 1783 2606 venisset;
1857 2539 1954 2595 sed

387 2621 564 2690 ipsam
595 2634 815 2691 quoque
859 2625 1196 2692 putabimus,
1232 2626 1378 2681 haud
1404 2642 1565 2682 secus
1597 2643 1761 2697 quam
1799 2627 1956 2684 Jose-

386 2711 578 2782 p‘ium,
613 2711 677 2768 de
732 2713 896 2767 domo
946 2714 1261 2790 familiaque
1331 2717 1552 2774 Davidis
1590 2736 1742 2777 esse;
1793 2723 1953 2790 quam

390 2799 736 2869 Scripturam
783 2812 843 2858 ut
888 2804 963 2859 ita
1006 2789 1448 2878 interpretemur,
1496 2813 1832 2881 argumentis
1886 2813 1953 2867 iis

386 2893 595 2948 utimur
621 2910 750 2965 quae
793 2898 1061 2955 hactenus
1092 2901 1439 2971 protulimus.
1477 2902 1618 2973 Ergo
1644 2904 1950 2973 perspicue,

386 2995 448 3039 ut
477 2986 691 3054 opinor,
722 2988 1151 3046 demonstratum
1184 3000 1288 3055 est,
1323 2993 1465 3047 haud
1498 3001 1704 3049 tenuere
1731 2994 1952 3065 Josephi

383 3074 757 3145 genealogiam
798 3079 865 3133 ab
894 3080 1113 3151 inclytis
1153 3083 1415 3151 apostolis
1447 3082 1619 3138 fuisse
1645 3095 1946 3153 narratam,

385 3173 439 3219 et
470 3161 694 3218 Mariam
721 3167 786 3220 de
830 3183 1025 3237 genere
1068 3169 1290 3226 Davidis
1335 3188 1463 3228 vere
1495 3174 1754 3242 derivari,
1789 3178 1949 3235 item-

385 3272 492 3325 que
523 3272 670 3320 eum,
703 3257 796 3326 qui
834 3275 901 3314 ex
928 3261 1046 3332 ipsa
1085 3273 1247 3321 natus
1287 3274 1399 3332 est,
1446 3264 1633 3324 Jesum
1687 3268 1782 3324 Dei
1842 3288 1946 3326 un-

384 3358 554 3403 ctum.

385 3552 496 3607 Cur
557 3554 698 3631 alter
747 3560 1063 3631 evangelista
1110 3578 1331 3631 superne
1387 3563 1450 3617 ab
1499 3564 1804 3623 Abrahamo
1852 3584 1953 3623 ea:-

454 3641 607 3701 arsus
662 3628 891 3684 deducat
947 3628 1337 3701 genealogiam;
1414 3636 1550 3689 alter
1620 3653 1796 3693 autem
1865 3642 1947 3694 in-

464 3694 610 3777 ferne
641 3694 1271 3777 .sabgrediat'ur;_neque
1314 3694 1370 3757 in
1418 3706 1724 3777 Abrahamo
1769 3712 1949 3777 sistat,

464 3717 610 3764 jerne
657 3717 751 3751 sua
790 3717 1062 3767 rearatur;
1110 3720 1271 3767 neque
1314 3721 1370 3757 ιη
1418 3717 1717 3762 Abrahama

453 3766 543 3819 sed
583 3766 652 3819 ad
679 3717 944 3824 Adgmmm
974 3789 1036 3825 ac
1067 3772 1235 3826 Deum
1264 3790 1425 3844 usque
1458 3775 1717 3835 deveniat.

455 3854 507 3912 1.
543 3854 917 3922 Quaestionum
954 3876 983 3915 a
1017 3873 1069 3915 te
1097 3865 1499 3933 propositarum
1543 3869 1784 3923 secunda
1834 3870 1949 3926 haec

384 3944 510 3999 fuit.
564 3947 946 4020 Genealogiam
996 3952 1283 4020 Matthaeus
1335 3970 1403 4009 ex
1446 3956 1757 4012 Abrahamo
1805 3960 1951 4014 deri-

383 4042 515 4102 vat;
556 4035 734 4093 Lucas
765 4050 945 4094 autem
978 4045 1312 4096 contrariam
1353 4044 1481 4099 huic
1513 4047 1658 4100 viam
1692 4050 1949 4106 insistens

383 4123 577 4195 incipit
627 4128 725 4182 abs
782 4128 1043 4200 Josepho,
1101 4135 1385 4204 tenditque
1441 4136 1508 4190 ad
1560 4137 1828 4192 Adamum
1885 4156 1949 4196 ac

382 4212 574 4271 Deum.
613 4216 772 4288 Atqui
803 4223 1108 4289 oportebat,
1149 4223 1417 4293 siquidem
1476 4225 1530 4279 bi
1576 4242 1823 4283 consona
1864 4230 1948 4285 in-

379 4307 555 4362 vicem
599 4316 652 4363 et
712 4321 1080 4368 consentanea
1112 4316 1446 4380 scribebant,
1492 4319 1575 4372 vel
1609 4319 1811 4375 Lucam
1859 4338 1948 4378 as-

2063 1895 2145 1947 alv
2183 1896 2211 1948 6
2245 1897 2483 1960 Λουκᾶς·
2517 1915 2535 1948 ι
2578 1897 2765 1968 Ἀνέϐη
2806 1897 2864 1950 δὲ
2899 1898 2993 1951 καὶ
3034 1898 3227 1967 Ἰωσὴφ
3257 1897 3322 1949 ἐκ
3355 1897 3457 1968 τῆς
3484 1898 3525 1949 Γ
3526 1896 3630 1950 αλι-

2057 1986 2212 2051 λαίας
2238 1989 2303 2041 ὲκ
2329 1988 2533 2052 πόλεως
2571 1988 2824 2060 Ναζαρὲθ
2864 1991 2943 2053 εἰς
2972 1988 3069 2060 τὴν
3103 1989 3358 2042 Ἰουδαίαν
3389 1990 3629 2061 ἀπογρά-

2056 2077 2257 2147 ψασθαι
2288 2081 2365 2143 είς
2398 2080 2548 2134 πόλιν
2572 2080 2736 2134 Δαϐὶδ
2759 2081 2879 2150 ἥτις
2906 2080 3143 2133 καλεῖται
3167 2080 3436 2151 Βηθλεὲμ,
3464 2079 3556 2134 διὰ
3576 2082 3628 2135 τὸ

2058 2166 2194 2224 εἶναι
2228 2172 2386 2224 αὐτὸν
2419 2171 2477 2238 ἐξ
2510 2171 2659 2225 οἴκου
2702 2172 2797 2225 καὶ
2831 2173 3063 2243 πατριᾶς
3105 2173 3268 2226 Δαϐὶδ
3311 2174 3408 2225 σὺν
3447 2174 3628 2244 Μαρία

2055 2265 2120 2333 τῇ
2152 2264 2602 2336 μεμνηστευμένῃ
2647 2264 2794 2335 αὐτῷ
2825 2263 2960 2338 οὔσῃ
3006 2265 3205 2335 ἐγκύῳ.
3240 2284 3258 2315 ι
3295 2265 3496 2319 Οὐκέτι
3529 2266 3627 2334 γὰρ

2056 2354 2364 2423 ἀμφιϐόλους
2384 2355 2804 2425 ἀναγνωσόμεθα
2825 2356 2921 2426 τὴν
2937 2357 3214 2428 παροῦσαν
3240 2356 3412 2423 λέξιν,
3436 2356 3516 2420 ὡς
3535 2357 3625 2427 τῆς

2056 2445 2274 2514 Μαρίας
2320 2445 2737 2516 ἀπογράψασθαι
2779 2446 2943 2516 μόνης
2985 2445 3365 2517 συνελθούσης,
3409 2444 3526 2498 ἀλλ’
3559 2446 3624 2509 ὡς

2057 2535 2150 2587 καὶ
2183 2536 2350 2606 αὐτῆς
2375 2538 2470 2589 σὺν
2491 2535 2569 2606 τῷ
2607 2536 2803 2606 Ἰωσὴφ
2830 2535 2889 2603 ἐξ
2912 2533 3061 2590 οἴκου
3088 2537 3181 2589 καὶ
3217 2538 3455 2607 πατριᾶς
3475 2536 3625 2591 Δαϐίό

2056 2623 2401 2695 ὑπαρχούσης
2426 2664 2441 2688 ,
2485 2626 2583 2689 τὰς
2626 2625 2925 2693 ἀποδείξεις
2978 2626 3191 2698 ἔχοντες
3234 2628 3335 2698 τῆς
3375 2628 3624 2697 τοιαύτης

2055 2714 2344 2786 ἑρμηνείας
2372 2715 2465 2769 τοῦ
2508 2717 2663 2785 λόγου
2707 2718 2773 2771 ἐκ
2812 2718 2918 2773 τῶν
2963 2718 3498 2789 προαποδεδομένων.
3533 2722 3621 2770 Δε-

2054 2806 2257 2876 δεῖχθαι
2289 2808 2467 2862 τοίνυν
2505 2808 2689 2877 σαφῶς
2729 2810 2987 2881 ἠγοῦμαι,
3016 2811 3096 2862 ὅτι
3135 2809 3208 2880 μὴ
3253 2810 3433 2879 μάτην
3459 2812 3487 2863 6
3523 2812 3623 2870 Ἰω·

2056 2899 2162 2969 σὴφ
2185 2900 2579 2970 ὲγενεαλογεῖτο
2602 2900 2753 2973 παρὰ
2773 2906 2885 2965 τοῖς
2914 2902 3234 2972 θαυμασίοις
3258 2900 3351 2953 τοῦ
3379 2900 3622 2971 Σωτῆρος

2054 2990 2210 3060 ἡμῶν
2242 2991 2576 3056 ἀποστόλοις,
2610 2993 2705 3046 καὶ
2743 2994 2890 3056 ὅπως
2928 2994 2960 3063 ή
3002 2992 3186 3063 Μαρία
3220 2996 3283 3046 ἐκ
3318 2994 3621 3063 crispatam;

2052 3078 2185 3135 οὖσα
2229 3083 2322 3136 τοῦ
2365 3083 2526 3137 Δαϐὶδ
2559 3086 2891 3149 συνίσταται,
2925 3086 2953 3137 ὃ
2979 3101 3039 3137 τε
3077 3085 3135 3151 ἐξ
3166 3085 3337 3154 αὐτῆς
3368 3101 3619 3154 γεγεννη-

2058 3175 2215 3245 μένος
2255 3174 2462 3246 Ἰησοῦς
2489 3177 2518 3229 6
2549 3177 2782 3249 Χριστὸς
2813 3177 2906 3231 τοῦ
2939 3177 3095 3232 Θεοῦ.

2802 3466 2873 3519 B'.

2051 3575 2154 3629 Διὰ
2182 3576 2253 3649 τί.
2269 3578 2302 3630 ὁ
2459 3577 2683 3631 ἄνωθεν
2734 3579 2851 3633 ἀπὸ
2878 3580 2981 3634 τοῦ
3027 3579 3269 3649 Ἀϐραὰμ
3293 3579 3618 3649 ἀρξάμενος

2108 3647 2347 3739 κατάγει
2379 3648 2493 3739 ςὴν
2513 3650 2944 3739 χενξεαὶὶοηίανζ
2964 3653 2997 3703 ό
3018 3650 3085 3703 δὲ
3111 3647 3382 3739 κάτξυθέν
3398 3647 3614 3739 ιᾶηεισι,

2360 3733 2393 3739 _
2471 3735 2499 3739 _
2538 3734 2571 3739 __
2642 3728 2656 3739 .
2722 3736 2780 3739 ,μ
2838 3737 2864 3739 α
2958 3736 3153 3739 μηδέ
3268 3723 3327 3739 η
3434 3735 3463 3739 μ
3564 3722 3575 3739 ς

2122 3720 2271 3771 κούκ
2319 3718 2419 3770 ἐπὶ
2465 3717 2572 3770 τὸν
2610 3719 2867 3789 Ἀϐραὰμ
2921 3720 3176 3783 ἵσταται,
3208 3720 3347 3774 ἀλλ’
3384 3720 3484 3774 ἐπὶ
3518 3722 3618 3775 τὸν

2135 3786 2316 3856 Ἀδὰμ
2346 3786 2445 3840 καὶ
2474 3787 2578 3841 τὸν
2613 3791 2781 3843 Θεόν.

2122 3887 2188 3933 α’.
2220 3880 2292 3932 Τὸ
2334 3879 2582 3950 δεύτερον
2620 3880 2726 3933 τῶν
2764 3881 2868 3935 ὑπὸ
2914 3881 3009 3936 σοῦ
3056 3881 3432 3954 προταθέντων
3470 3884 3616 3937 τοῦτο

2049 3965 2149 4041 ἦν’
2182 3973 2211 4023 ό
2239 3971 2335 4041 μὲν
2362 3971 2637 4034 Ματθαίος
2673 3973 2780 4026 ἀπὸ
2816 3973 2909 4026 τοῦ
2952 3973 3198 4046 Ἀϐραὰμ
3246 3976 3475 4045 κατάγει
3525 3976 3613 4047 τὴν

2048 4063 2413 4133 γενεαλογίαν,
2441 4064 2468 4115 6
2499 4063 2554 4115 δὲ
2582 4064 2796 4128 Λουκᾶς
2833 4066 2930 4136 τὴν
2971 4067 3219 4120 ἐναντίαν
3259 4071 3450 4122 τούτου
3481 4067 3615 4139 βαδί-

2053 4171 2168 4218 σας,
2198 4155 2398 4228 ήρξατο
2434 4155 2533 4227 μὲν
2562 4155 2668 4208 ἀπὸ
2700 4155 2792 4209 τοῦ
2834 4157 3049 4227 Ἰωσὴφ,
3079 4157 3267 4226 ἀνάγει
3302 4158 3361 4211 δὲ
3403 4159 3494 4211 ἐπὶ
3529 4158 3612 4210 τὸν

2063 4246 2232 4317 ’Λδάμ
2277 4247 2371 4299 καὶ
2410 4246 2499 4298 τὸν
2546 4246 2708 4299 Θεόν·
2745 4246 2882 4312 δέον,
2913 4246 3026 4315 εἴγε
3071 4247 3337 4319 σύμφωνα
3377 4252 3468 4303 καὶ
3500 4265 3612 4301 συν-

2048 4336 2158 4407 ῳδὰ
2204 4337 2448 4405 ἀλλήλοις
2475 4336 2730 4408 ἔγραφον,
2761 4337 2793 4408 ἢ
2829 4336 2919 4391 τὸν
2954 4338 3168 4392 Λουκᾶν
3199 4339 3419 4393 ἀνιόντα
3446 4338 3611 4411 ,μέχρι

382 4400 704 4456 cendentem
741 4403 797 4456 in
827 4405 1137 4459 Abrahamo
1165 4410 1497 4477 consistere;
1527 4413 1611 4466 vel
1638 4411 1944 4468 Matthaeum

2060 4400 2140 4479 τοῦ
2198 4400 2443 4497 Ἀϐραὰμ
2482 4400 2896 4498 salivae-16v
2935 4427 3210 4482 Ματθαῖον
3256 4429 3331 4500 μὴ
3373 4400 3478 4483 ἀπό

377 4489 523 4545 haud
545 4509 611 4545 ex
623 4493 928 4549 Abrahamo
944 4499 1308 4569 genealogiam
1327 4476 1518 4567 ordiri,
1542 4504 1635 4558 sed
1653 4522 1719 4558 ex
1738 4506 1946 4559 Adamo

2061 4476 2753 4588 aesar,"aristas
2796 4476 3204 4590 ’λ’έάιῖξζεῖἐᾴ
3254 4476 3539 4589 Etangs
3582 4518 3609 4569 δ

379 4580 439 4635 in
469 4596 628 4650 quem
665 4581 841 4638 Lucas
870 4584 1086 4640 desivit.
1112 4620 1183 4628 ——-
1220 4588 1419 4646 Facilis
1463 4599 1546 4648 est
1589 4594 1753 4663 bujus
1809 4610 1946 4664 quo-

377 4685 487 4739 que
510 4673 830 4740 quaestionis
860 4676 1180 4745 explicatio,
1227 4666 1406 4751 neque
1448 4686 1621 4737 multo
1665 4688 1941 4743 sermonis

377 4762 609 4817 artiﬁcio
668 4765 910 4835 indiget:
958 4778 1187 4840 uterque
1243 4775 1387 4828 enim
1451 4778 1785 4848 evangelista
1836 4795 1945 4834 una

375 4854 463 4906 via
506 4855 773 4924 graditur.
813 4855 947 4912 Nam
989 4869 1043 4916 et
1071 4862 1194 4919 illos
1239 4867 1333 4934 qui
1393 4881 1649 4936 prorsum
1695 4884 1946 4924 sursum-

375 4961 483 5016 que
506 4948 828 5016 ascendunt,
865 4953 1101 5025 itemque
1135 4955 1260 5012 illos’
1291 4960 1384 5030 qui
1428 4962 1720 5018 adversum
1753 4966 1941 5020 eadem

376 5037 464 5092 via
522 5038 886 5110 descendunt,
931 5044 1076 5099 haud
1137 5048 1426 5120 quisquam
1473 5051 1680 5108 diceret
1729 5054 1944 5111 diverso

375 5130 594 5186 tramite
641 5133 910 5190 incedere.
985 5138 1109 5207 quia
1137 5140 1349 5195 scilicet
1391 5158 1498 5198 una
1543 5144 1612 5199 ab
1656 5147 1939 5217 ,utrisquc,

378 5220 435 5275 id
484 5230 568 5278 est
622 5225 692 5280 ab
745 5228 1167 5284 ascendentibus
1218 5232 1811 5308 descendentibusque,
1858 5239 1943 5292 via

379 5313 596 5371 teritur.
637 5316 840 5373 Eadem
891 5319 1054 5391 igitur
1091 5323 1235 5377 ratio
1263 5336 1349 5380 est
1382 5326 1438 5380 in
1465 5329 1683 5398 generis
1719 5346 1941 5386 succes-

382 5403 650 5461 sionibus.
712 5408 889 5480 Atque
918 5410 1007 5464 hic
1044 5427 1163 5468 mos
1202 5416 1507 5486 antiquitus
1546 5418 1789 5477 Hebraeis
1826 5423 1943 5492 pla-

379 5493 515 5556 cuit,
546 5505 599 5549 et
634 5496 686 5548 in
728 5498 931 5554 divinis
980 5498 1279 5572 Scripturis
1328 5509 1590 5565 solemnis
1634 5520 1739 5566 est.
1800 5512 1942 5570 Ecce

378 5580 522 5634 enim
559 5582 614 5679 in
637 5581 828 5642 Ruthze
850 5587 1066 5658 quidem
1096 5591 1234 5647 libro
1260 5609 1432 5664 genus
1458 5594 1676 5653 Davidis
1706 5614 1940 5670 superne

452 5712 532 5782 (ὅ)
568 5713 704 5768 Cod.
739 5718 802 5788 Α,
836 5722 875 5777 f.
905 5721 994 5791 65,
1026 5724 1186 5782 habet
1210 5728 1380 5790 οὕτως
1410 5745 1509 5799 pro
1532 5731 1619 5785 διὰ
1644 5730 1864 5790 τούτων.

2047 4608 2293 4671 Λουκᾶς,
2347 4607 2689 4679 ἀπάρξασθαι
2719 4607 2816 4679 τῆς
2849 4608 3215 4678 γενεαλογίας.
3251 4638 3321 4647 —
3352 4608 3527 4680 Ῥᾳδία
3554 4607 3607 4661 δὲ

2047 4699 2140 4750 καὶ
2183 4697 2384 4753 τούτων
2430 4702 2464 4771 ἡ
2513 4700 2683 4764 λύσις,
2731 4702 2824 4754 καὶ
2873 4701 2991 4754 οὐδὲ
3042 4700 3240 4770 πολλῆς
3278 4701 3607 4770 κατασκευῆς

2047 4789 2292 4861 δεομένη,
2349 4790 2474 4861 μίαν
2518 4792 2849 4863 ἀμφοτέροις
2899 4793 3015 4845 ὁδὸν
3068 4793 3438 4864 πορευθεῖσιν·
3494 4794 3605 4846 ἐπεὶ

2046 4882 2141 4933 καὶ
2187 4882 2311 4945 τοὺς
2353 4883 2550 4953 ἀνάντη
2597 4884 2688 4937 καὶ
2730 4883 2910 4954 ὄρθιον
2944 4884 3164 4955 πορείαν
3211 4886 3475 4951 ἀνιόντας,
3515 4884 3604 4937 καὶ

2045 4973 2169 5035 τοὺς
2199 4971 2431 5043 ἔμπαλιν
2458 4973 2544 5025 διὰ
2580 4977 2678 5044 τῆς
2721 4975 2890 5042 αὐτῆς
2936 4974 3239 5039 κατιόντας,
3281 4977 3382 5030 οὐκ
3426 4976 3484 5030 ἄν
3525 4991 3603 5037 τις

2047 5061 2237 5132 ἑτέραν
2277 5062 2406 5134 φαίη
2456 5063 2716 5132 βαδίζειν,
2752 5065 2878 5133 μιᾶς
2918 5066 3247 5137 ἀμφοτέροις
3276 5066 3599 5138 ἐγκειμένης

2045 5156 2157 5216 τοῖς
2185 5171 2242 5205 τε
2278 5154 2483 5207 ἀνιοῦσι
2514 5156 2608 5209 καὶ
2635 5158 2744 5219 τοῖς
2787 5154 3059 5221 κατιοῦσι,
3089 5158 3276 5228 τρίϐου
3298 5177 3311 5190 ο
3343 5160 3433 5212 τὸν
3456 5156 3600 5211 αὐτὸν

2046 5241 2176 5312 γοῦν
2205 5246 2401 5312 τρόπον
2438 5246 2531 5299 καὶ
2572 5246 2664 5298 ἐπὶ
2697 5247 2795 5317 τῆς
2833 5246 2938 5299 τῶν
2971 5248 3141 5316 γενῶν
3174 5249 3425 5321 διαδοχῆς
3470 5248 3597 5321 πάρ-
3688 5248 3695 5255 ’

2045 5351 2210 5388 εστιν·
2239 5328 2392 5398 οὗτος
2415 5336 2470 5389 δὲ
2498 5335 2774 5409 πόρρωθεν
2799 5338 3065 5409 Ἑϐραίοις
3086 5338 3236 5407 φίλος
3261 5318 3595 5412 ἦννό-τρύποςν

2043 5426 2138 5478 καὶ
2160 5425 2268 5479 τῶν
2299 5427 2456 5480 θείων
2491 5427 2726 5498 συνήθης
2749 5429 3007 5500 Γραφῶν·
3037 5430 3235 5486 αὐτίκα
3258 5431 3390 5500 γοῦν
3420 5435 3472 5485 ἐν
3502 5428 3594 5499 μὲν

2041 5518 2105 5586 τῇ
2131 5515 2294 5588 βίϐλῳ
2319 5518 2417 5588 τῆς
2449 5519 2618 5579 ῬοὺΟ,
2644 5519 2803 5572 Δαϐὶδ
2835 5520 3039 5573 ἄνωθεν
3066 5522 3171 5574 ἀπὸ
3198 5522 3293 5576 τοῦ
3329 5523 3482 5577 Ἰούδα
3501 5537 3591 5588 γε-

2042 5604 2369 5675 νεαλογεῖται
2391 5606 2476 5660 διὰ
2506 5607 2707 5661 τούτων
2738 5607 2843 5679 (5)’
2874 5628 2893 5661 ι
2930 5610 3039 5662 Καὶ
3073 5605 3227 5664 αὗται
3274 5614 3327 5665 αἱ
3370 5609 3594 5681 γενέσεις
