3830 6260
196 316 303 376 893

744 315 1208 386 QUIESTIONES
1246 318 1702 375 EVANGELICA".
1742 318 1834 373 AD
1873 316 2315 375 STEPHANUM.
2354 349 2425 360 —-
2461 315 2784 385 QUASSTIO
2824 313 2907 370 lll.

3337 317 3442 374 8M

192 431 368 503 Φαρὲς
408 429 457 501 (6
480 430 541 484 δὲ
574 425 642 502 ἦν
681 431 851 485 Ἰούδα
892 431 987 485 τοῦ
1024 432 1321 504 ἁρχιφύλου
1367 434 1561 505 stuic)-
1602 435 1765 506 Φαρὲς

1876 448 1907 486 a
1928 431 2070 487 Juda
2094 431 2364 486 evolvitur
2397 430 2479 485 sic
2505 448 2518 484 :
2560 449 2582 480 ο
2607 428 2701 484 Has
2737 438 2866 486 sunt
2890 429 3273 500 generationes
3297 428 3443 485 Pha-

192 523 449 593 ἐγέννησε
501 523 594 577 τὸν
648 523 894 597 Ἐσρώμο
956 525 1048 577 καὶ
1104 524 1320 596 Ἐσρὼμ
1368 526 1621 596 ἐγέννησε
1679 526 1769 579 τὸν

204 609 412 684 Ἀράμο
470 613 561 667 κα)⁸
620 611 797 684 Ἀρὰμ
846 613 1106 683 ἐγέννησε
1147 613 1239 666 τὸν
1291 614 1582 687 Ἀμιναδάϐ
1602 633 1617 648 ο
1676 616 1770 669 καὶ

202 703 498 776 Ἀμιναδὰὸ
550 704 805 776 ἐγέννησε
864 706 955 759 τὸν
1005 707 1306 763 Ναασσών·
1357 708 1451 761 καὶ
1501 705 1769 761 Ναασσὼν

189 798 450 870 ἐγέννησε
491 798 581 851 τὸν
628 796 884 869 Σαλμών
936 802 1030 852 καὶ
1090 800 1317 872 Σαλμὼν
1374 802 1631 872 ἐγέννησε
1679 800 1769 853 τὸν

188 887 324 953 Βοός
343 906 357 918 ·
384 887 482 941 καὶ
511 887 645 953 Βοὸξ
675 888 930 960 ἐγέννησε
965 890 1056 943 τὸν
1085 891 1272 963 Ὠδηδ·
1298 893 1392 946 καὶ
1423 892 1580 964 Ὠϐὴδ
1619 892 1770 960 ἐγέν-

186 997 320 1049 νησε
349 980 440 1033 τὸν
474 979 672 1033 Ἰεσσαὶ
695 999 708 1011 ·
739 981 833 1034 καὶ
873 982 1067 1035 Ἰεσσαὶ
1106 982 1361 1054 ἐγέννησε
1400 983 1491 1036 τὸν
1528 983 1707 1037 Δαϐίδ.
1745 1002 1762 1033 ι

188 1068 393 1123 Τοῦτον
414 1068 460 1121 δ’
483 1064 575 1122 οὖν
601 1070 761 1124 αὑτὸν
784 1070 1017 1126 τέθειται
1043 1074 1134 1127 καὶ
1154 1076 1181 1128 6
1205 1073 1479 1139 Ματθαῖος
1509 1076 1600 1129 τὸν
1641 1076 1767 1147 τρό-

190 1173 294 1210 πον
327 1156 426 1229 (6).

162 1266 169 1275 ’
261 1250 332 1320 β’.
372 1251 437 1303 Ἠ
458 1249 515 1304 δέ
538 1268 601 1319 γε
618 1251 811 1323 πρώτη
824 1252 931 1307 τῶν
951 1255 1245 1309 Βασιλειῶν
1266 1256 1391 1328 ἑξῆς
1412 1255 1765 1326 διαδεξαμένη

152 1342 286 1427 1τῆς
325 1341 483 1395 Ῥοὺθ
528 1342 626 1414 τὴν
673 1345 912 1415 γραφὴν,
944 1345 1053 1399 ἀπὸ
1097 1346 1206 1400 τῶν
1251 1347 1491 1400 κάτωθεν
1540 1349 1763 1411 ἄνεισιν,

184 1433 378 1505 ῶσπερ
401 1430 494 1489 οῦν
526 1436 827 1508 πεποίηκεν
860 1439 889 1491 6
911 1439 1149 1504 Λουκᾶς*
1175 1439 1266 1493 τὸν
1290 1440 1418 1509 γοῦν
1440 1437 1649 1512 πατέρα
1672 1438 1766 1492 τοῦ

185 1525 438 1597 Σαμουὴλ
471 1526 563 1580 τὸν
600 1526 831 1581 Ἐλκανᾶ
859 1529 1259 1599 γενεαλογοῦσα
1288 1523 1392 1583 ὧδέ
1427 1547 1581 1602 φησι’
1613 1547 1632 1578 t
1658 1529 1769 1582 Kal.

184 1617 402 1685 ἐγένετο
446 1618 728 1689 ἄνθρωπος
776 1619 835 1685 ἐξ
872 1620 1186 1692 ’Δρμαθαὶμ
1236 1621 1468 1692 Σουφεὶρ
1512 1619 1573 1688 ἐξ
1610 1620 1769 1689 ὅρους

198 1706 442 1779 Ἐφραῒμ
464 1727 477 1739 ·
515 1708 611 1762 καὶ
646 1709 816 1781 ὄνομα
857 1710 1006 1782 αὐτῷ
1049 1712 1300 1776 Ἐλκανᾶ,
1328 1712 1444 1776 υἱὸς
1478 1710 1764 1783 Ίερεμιὴλ,

1872 539 1961 578 res
2023 523 2135 594 (hic
2166 530 2284 577 erat
2324 519 2478 576 Iuda:
2503 521 2828 590 patriarcha:
2862 521 3027 592 tilius)
3049 562 3063 574 .
3099 519 3305 576 Phares
3347 537 3443 592 ge-

1870 616 1990 669 nuit
2052 613 2377 679 Esronem;,
2405 612 2581 668 Esron
2623 614 2812 684 genuit
2862 612 3163 679 Aramum;
3206 612 3442 668 Aramus

1870 706 2060 777 genuit
2092 704 2531 770 Aminadabum;
2591 704 2966 760 Aminadabus
2998 705 3187 775 genuit
3239 703 3444 761 Nasso-

1869 814 2029 865 nem;
2070 796 2306 851 .Nasson
2354 799 2543 868 genuit
2594 795 2942 859 Salmonem;
2988 795 3212 851 Salmon
3257 798 3445 867 genuit

1869 887 2148 949 Boozum;
2213 884 2426 940 Boozus
2492 886 2681 955 genuit
2749 885 3033 952 Ohedum;
3091 884 3311 942 Obedus
3350 902 3445 956 ge-

1870 979 1989 1032 nuit
2018 975 2315 1044 Jessazum;
2345 974 2583 1031 Jessazus
2624 977 2812 1045 genuit
2856 974 3117 1039 Davidem
3142 977 3240 1029 “.i
3291 974 3443 1030 Hanc

1869 1072 2037 1140 igitur
2067 1069 2360 1124 Mattbaaus
2394 1085 2613 1139 quoque
2658 1069 2987 1140 genealogite
3022 1068 3328 1124 scribendae
3359 1083 3445 1125 ra-

1870 1163 2075 1216 tionem
2115 1168 2356 1215 sectatus
2388 1169 2492 1215 est.

1937 1253 1992 1307 2.
2030 1252 2099 1306 At
2132 1253 2343 1323 primus
2380 1251 2588 1324 Regum
2622 1252 2779 1316 liber,
2810 1252 2902 1326 qui
2936 1250 3132 1306 Rutbze
3159 1252 3443 1310 historiam

1871 1334 2247 1416 subsequitur,
2285 1344 2499 1399 inferne
2530 1345 2797 1410 ascendit,
2828 1352 2888 1399 ut
2931 1345 2987 1399 ﬁt
3034 1343 3175 1414 apud
3216 1342 3441 1397 Lucam.

1870 1438 2080 1508 Quippe
2136 1436 2408 1501 llelcanae,
2454 1435 2547 1506 qui
2581 1443 2736 1506 pater
2785 1435 2889 1489 fuit
2934 1433 3224 1497 Samuelis,
3274 1448 3446 1504 genus

1868 1546 2184 1594 recensens,
2221 1530 2298 1584 ait
2328 1550 2340 1584 :
2372 1548 2392 1581 ι
2423 1530 2528 1584 fuit
2557 1531 2642 1583 vir
2670 1544 2737 1584 ex
2784 1529 3102 1583 Armathem
3146 1525 3351 1596 Suphir
3378 1525 3448 1581 de

1868 1629 2053 1676 monte
2084 1620 2394 1691 Ephraimi;
2429 1636 2628 1675 nomen
2669 1620 2790 1687 ejus
2837 1620 3099 1681 Helcana,
3149 1617 3290 1672 ﬁlius
3329 1616 3452 1672 Hie-

1871 1712 2127 1777 remielis,
2177 1711 2270 1765 ﬁlii
2325 1710 2475 1776 Elite,
2536 1711 2627 1766 ﬁlii
2680 1710 2839 1776 Tboi,
2896 1711 2989 1765 ﬁlii
3038 1709 3186 1774 Suri,
3234 1708 3445 1779 prra-

186 1800 305 1852 υἱοῦ
322 1800 520 1864 Ἠλίου,
549 1801 665 1854 υἱοῦ
692 1802 847 1867 Θοοῦ,
878 1802 994 1855 υἱοῦ
1024 1802 1183 1873 Σοῦρ,
1216 1804 1554 1875 Ἐφραταῖος.
1572 1822 1589 1855 ι
1610 1802 1765 1856 Ἀλλὰ

1876 1812 2008 1859 laus
2030 1804 2097 1857 “.
2123 1823 2141 1855 ι
2181 1802 2286 1858 Sed
2315 1811 2369 1857 et
2400 1804 2456 1857 in
2489 1802 2920 1873 Paralipomenis
2950 1802 3113 1856 modo
3141 1817 3171 1855 a
3200 1801 3448 1871 superio-

183 1892 282 1945 καὶ
330 1893 390 1944 ἐν
430 1895 543 1956 τοῖς
577 1894 1076 1966 Παραλειπομένοις
1105 1896 1181 1967 (7)
1227 1897 1360 1951 ποτὲ
1395 1896 1630 1968 μὲνσὰπδ
1658 1896 1769 1950 τῶν

185 1982 425 2054 πρώτων
467 1984 562 2045 ἐπὶ
600 1985 726 2050 τοὺς
753 1986 1035 2059 δευτέρους
1080 1987 1314 2059 καθεξῆς
1355 1987 1599 2060 πρόεισιν
1624 1989 1653 2041 6
1683 1988 1770 2041 λό-

183 2077 400 2155 γοςκτῇ
425 2074 521 2128 τοῦ
558 2075 839 2131 Ματθαίου
877 2080 1061 2149 γραφῇ
1102 2078 1516 2150 παραπλησίως,
1551 2078 1681 2132 ποτὲ
1710 2078 1769 2132 δὲ

184 2166 450 2238 ἐμφερῶς
496 2166 574 2238 τῷ
620 2168 805 2240 Aoule
846 2169 1188 2238 γενεαλογεῖ’
1221 2170 1450 2223 ἄκουσον
1497 2169 1627 2239 γοῦν
1674 2170 1769 2223 κα)⁸

178 2258 375 2311 τῶνδεο
414 2278 432 2309 ι
462 2258 643 2322 Δαϐἱδ,
678 2261 861 2331 φησὶν,
896 2256 964 2331 ἦν
1013 2261 1125 2325 υἱὸς
1174 2259 1441 2330 Σολομῶν,
1471 2262 1582 2326 υἱὸς
1613 2262 1768 2315 Σολο-

187 2350 313 2421 μῶν
354 2349 609 2421 Ῥοὸοὰμ,
628 2351 782 2404 Ἀόιὰ
810 2351 923 2415 υἱὸς
951 2350 1137 2415 αὑτοῦ,
1157 2352 1288 2406 Ἀσὰ
1309 2353 1422 2416 υἱὸς
1453 2352 1639 2416 αὐτοῦ,
1657 2354 1768 2407 Ἰω-

184 2441 371 2510 σαφὰτ
415 2442 529 2505 υἱὸς
574 2441 981 2515 αὐτοῦ,’ἰωρὰμ
1028 2443 1142 2506 υἱὸς
1175 2443 1624 2514 αὑτοῦ,’οχοζίας
1655 2446 1767 2508 υἱὸς

177 2532 379 2597 αὐτοῦ,
399 2533 548 2597 Ἰωὰς
596 2533 709 2597 υἱὸς
742 2533 928 2599 αὐτοῦ,
947 2534 1355 2605 Ἀμασίας,υἱὸς
1384 2534 1548 2588 αὐτοῦ
1568 2553 1581 2565 ·
1616 2554 1636 2589 ι
1674 2536 1766 2590 καὶ

174 2625 329 2678 οὕτω
380 2625 610 2696 καθεξῆς
657 2625 866 2679 κάτεισι
934 2625 1095 2698 μέχρι
1129 2626 1223 2680 τοῦ
1264 2628 1511 2699 Ἰεχονίου
1539 2629 1632 2682 καὶ
1668 2630 1765 2699 τῆς

168 2718 259 2780 εἰς
306 2717 599 2770 Βαϐυλῶνα
628 2718 1023 2789 αἰχμαλωσίας,
1053 2720 1128 2783 ὡς
1162 2720 1192 2772 6
1225 2719 1627 2784 Ματθαῖος.Ὣς
1655 2720 1710 2773 δὲ
1737 2724 1765 2774 6

166 2810 421 2871 Λουκᾶς,
451 2810 484 2879 ἡ
508 2808 646 2880 αὐτὴ
672 2808 830 2862 πάλιν
861 2809 1031 2862 ἄνεισι
1060 2810 1250 2881 Γραφὴ
1283 2811 1373 2863 τὸν
1406 2810 1657 2881 Σαμουὴλ
1680 2828 1765 2878 γε·

166 2899 549 2967 νεαλογοῦσα·
600 2901 732 2971 φησὶ
783 2899 947 2969 γοῦν·
999 2920 1017 2952 ε
1048 2900 1299 2973 Σαμουὴλ
1354 2902 1471 2955 υἱοῦ
1511 2902 1760 2965 Ἐλκανᾶ,

163 2990 300 3045 υἱοῦ
346 2992 629 3063 ἰεροὸοὰμ
681 2991 797 3063 (8),
842 2991 958 3045 υἱοῦ
1003 2993 1209 3065 Ἠλιὴλ,
1263 2994 1376 3048 υἱοῦ
1438 2994 1593 3061 Θοοῦ,
1646 2994 1764 3048 υἱοῦ

163 3088 323 3160 Σοὺρ
352 3088 452 3157 (9).
497 3088 613 3141 υἱοῦ
654 3088 905 3150 Ἐλκανᾶ,
948 3087 1063 3162 υἱοῦ
1104 3088 1277 3160 Ἰωὴλ,
1329 3086 1446 3141 υἱοῦ
1491 3088 1760 3159 Ἀςαρίου,

163 3177 299 3232 υἱοῦ
357 3178 633 3247 Σοφονίου,
683 3177 800 3232 υἱοῦ
852 3178 1027 3250 Θαὰρ,
1060 3178 1178 3232 υἱοῦ
1225 3179 1406 3252 ’Λσεὶρ
1458 3178 1589 3251 (10),
1644 3177 1762 3231 υἱοῦ

173 3272 481 3343 ’Δϐιάσαρ,
521 3271 636 3324 υἱοῦ
666 3272 831 3345 Κορὲ,
867 3271 983 3325 υἱοῦ
1021 3272 1260 3343 ἰσσαὰρ,
1296 3270 1412 3324 υἱοῦ
1443 3270 1620 3335 Καὰθ,
1645 3268 1763 3323 υἱοῦ

160 3363 332 3428 Acut,
379 3362 499 3417 υἱοῦ
538 3363 781 3435 Ἰσραήλο
822 3383 840 3417 ι
878 3365 971 3419 καὶ
1016 3365 1116 3436 ὅρα
1162 3367 1210 3418 εί
1252 3363 1326 3435 μὴ
1378 3364 1633 3436 ἄντικρυς
1673 3366 1765 3417 τὸν

162 3457 367 3527 ὅμοιον
394 3454 604 3519 τούτοις
632 3456 939 3527 μεμίμηται
974 3456 1171 3528 τρόπον
1203 3458 1231 3508 6
1255 3458 1467 3518 Λουκᾶς
1486 3473 1499 3487 ’
1530 3456 1698 3527 μυρία
1720 3456 1764 3507 δ’

161 3543 236 3598 ἂν
289 3541 393 3597 καὶ
440 3543 602 3607 αὐτὸς
633 3543 814 3615 εῦροις
844 3544 1068 3598 τοιαῦτα
1089 3560 1102 3572 ·
1135 3545 1226 3614 ἀφ’
1260 3539 1335 3598 ὧν
1367 3545 1609 3597 λείπεται
1639 3548 1767 3615 ὁμο-

160 3638 386 3706 λογεῖν,
422 3637 582 3707 μηδὲν
610 3635 813 3701 ξενίζον
845 3640 1198 3709 πεποιηκέναι
1232 3641 1356 3702 τοὺς
1391 3638 1482 3692 τοῦ
1516 3639 1766 3709 Σωτῆρος

161 3729 341 3802 ἡμῶν
363 3728 781 3797 εὐαγγελιστάς’
808 3732 907 3783 οὐκ
932 3730 1107 3801 ὀρθῶς
1131 3731 1236 3802 γὰρ
1264 3731 1435 3783 οἴεταί
1462 3748 1545 3793 τις
1570 3730 1765 3793 αὐτοὺς

158 3821 473 3891 διαφωνεῖν
490 3836 505 3849 °
534 3819 791 3892 ἑκάτερος
815 3820 923 3891 γὰρ
947 3821 1132 3891 οἱκείῳ
1158 3821 1401 3892 λογισμῷ
1427 3822 1525 3893 τὴν
1551 3820 1764 3874 ἔνθεσιν

160 3914 480 3985 πεποίηται
524 3915 624 3986 τῆς
662 3918 900 3985 γραφῆς,
934 3915 962 3967 6
1000 3916 1096 3985 μὲν
1125 3915 1233 3969 ἀπὸ
1260 3916 1353 3969 τοῦ
1397 3916 1646 3987 Ἀϐραὰμ
1668 3918 1767 3986 ἀρ-

158 4006 418 4079 ξάμενος
448 4007 535 4061 διὰ
561 4007 658 4078 τὴν
689 4007 1000 4077 οἰκονομίαν
1040 4006 1133 4060 τοῦ
1163 4010 1293 4079 παρ’
1317 4008 1465 4078 αὐτῷ
1497 4008 1675 4076 λόγου,
1706 4009 1764 4061 ὃν

155 4100 223 4152 οῦ
252 4097 461 4169 καιρὸς
479 4099 574 4153 νῦν
598 4098 949 4169 ἑρμηνεύειν·
972 4098 1000 4150 6
1018 4097 1074 4150 δὲ
1095 4098 1189 4152 καὶ⁸
1212 4100 1300 4153 τὸν
1332 4099 1579 4171 Ἀϐραὰμ
1599 4100 1765 4171 ὑπερ-

157 4191 272 4254 ϐὰς
315 4190 416 4242 ἐπί
442 4207 501 4243 τε
532 4189 623 4242 τὸν
648 4190 863 4261 πρῶτον
892 4190 1178 4262 ἄνθρωπον
1211 4190 1475 4245 ἀνελθών⁸
1503 4194 1598 4245 καί
1631 4192 1764 4262 μηδὲ

159 4284 343 4354 μέχρι
379 4281 573 4334 τούτου
610 4282 759 4346 στὰς,
790 4282 882 4335 τὸν
910 4283 1088 4337 πάντα
1125 4283 1180 4336 δὲ
1215 4283 1369 4352 λόγον
1395 4285 1489 4337 ἐπὶ
1521 4284 1610 4337 τὸν
1633 4283 1764 4336 Θεὸν

155 4376 519 4447 ἀναρτήσας,
547 4375 634 4429 διὰ
658 4380 755 4447 τῆς
788 4378 845 4429 ἐν
874 4377 1093 4449 Χριστῷ
1121 4378 1535 4447 παλιγγενεσίας
1565 4379 1764 4449 μυστή-

155 4487 288 4544 ριον
317 4467 660 4533 ἀναϐιϐάζει.

944 4583 1019 4636 I".

148 4690 307 4757 Πῶς
340 4692 375 4744 ό
399 4688 518 4761 μὲν
542 4690 837 4757 Ματθαῖος
863 4691 981 4744 ἀπὸ
1011 4692 1115 4745 τοῦ
1138 4692 1317 4744 Δαϐὶδ
1356 4693 1453 4745 καὶ
1493 4692 1765 4761 Σολομῶ-

227 4778 357 4825 νος
386 4759 697 4840 ριαὸόχωη
714 4761 828 4840 ’ἐπὶ
872 4760 1074 4840 ἰαξιὼὸξ
1114 4762 1462 4840 addiderim
1503 4759 1760 4840 :tc‘tuqférn

229 4829 493 4899 κατάγει
516 4846 529 4857 ·
586 4834 618 4883 ό
649 4829 731 4883 ’δὲ
767 4830 1004 4897 Λουκᾶς
1043 4834 1160 4885 ἀπὸ
1208 4832 1387 4885 Δαϐὶδ
1424 4829 1522 4885 καὶ
1560 4829 1763 4885 Νάθαν

229 4899 486 4971 παίὸζων
519 4900 630 4953 ῗέπὶ
672 4899 794 4955 Ἠλὶ
832 4902 929 4955 καὶ
961 4901 1192 4971 Ἰωσὴφ,
1234 4903 1519 4968 ἐναντίως
1562 4920 1764 4971 γει-εα-

227 4970 454 5039 λογῶν
483 4971 563 5035 τῷ
592 4973 884 5038 Ματθαίῳ.

226 5070 317 5120 α’.
367 5060 443 5115 Τὸ
472 5061 654 5133 τρίτον
691 5062 797 5115 τῶν
825 5063 1202 5135 προταθέντων
1245 5063 1434 5132 καιρὸς
1464 5065 1751 5135 ἐπισκέψα-

148 5159 296 5212 σθαι
319 5172 335 5185 ⁶
366 5154 557 5218 ἀτενὲς
577 5151 668 5208 οῦν
694 5157 812 5219 ταῖς
830 5155 1038 5222 λέξεσιν
1067 5158 1256 5220 αὐταῖς
1277 5158 1644 5228 ἐπερεὶσωμεν
1666 5158 1763 5228 τὴν

145 5245 390 5305 ἑαυτῶν
410 5243 677 5298 διάνοιαν’
712 5244 908 5316 ἴδωμεν
935 5246 992 5299 δὲ
1018 5247 1070 5299 τί
1100 5263 1263 5317 φησιν
1285 5249 1313 5299 6
1334 5250 1545 5313 Λουκᾶς
1565 5266 1579 5279 ’
1613 5268 1632 5301 ι
1656 5250 1766 5303 Καὶ

149 5407 199 5438 ⁸³
246 5401 436 5458 Ruth.
467 5417 543 5466 tv,
577 5400 768 5465 18-22.

230 5559 327 5628 (ϐ)
370 5555 508 5630 Cori.
542 5555 610 5617 A,
641 5556 828 5613 τοῦτον
857 5557 919 5630 δὴ
953 5552 1046 5612 οῦν
1079 5558 1170 5612 τὸν
1192 5557 1394 5630 τρόπον
1427 5559 1520 5612 καὶ
1546 5559 1572 5611 6
1602 5560 1759 5614 Ματ-

149 5634 327 5694 θαῖος
356 5629 634 5698 ἐποίησεν.

231 5703 325 5763 (7)
370 5696 513 5770 Tant
544 5698 598 5750 in
630 5698 866 5770 epitome
886 5713 1046 5769 quam
1072 5699 1128 5754 in
1160 5698 1280 5755 cod.
1318 5698 1380 5766 Α,
1411 5700 1467 5754 ἐν
1495 5702 1613 5765 ταῖς
1646 5700 1757 5755 [Ia-

151 5766 624 5849 ρώτιπομέναις.

1871 1894 2025 1949 ribus
2076 1894 2143 1947 ad
2196 1900 2447 1963 posteros
2489 1891 2611 1946 ﬂuit
2661 1907 2882 1955 sermo,
2927 1900 2988 1946 ut
3040 1891 3097 1945 ﬁt
3128 1890 3268 1961 apud
3314 1889 3447 1943 Mat-

1871 1987 2092 2051 thteum,
2125 1985 2288 2039 modo
2320 2000 2476 2054 atque
2510 1999 2575 2040 ac
2606 1984 2750 2054 apud
2778 1983 2982 2038 Lucam
3016 1984 3286 2053 prosapia:
3311 1983 3449 2037 scri-

1876 2074 2104 2130 buntur.
2144 2073 2287 2129 Audi
2320 2090 2451 2145 ergo
2484 2081 2538 2130 et
2573 2074 2689 2128 haec
2720 2093 2734 2130 :
2768 2092 2788 2124 ι
2824 2073 3067 2140 Davidis,
3106 2073 3283 2142 inquit
3311 2087 3449 2142 prte-

1870 2166 2052 2223 dictus
2076 2168 2233 2232 liber,
2266 2167 2413 2222 ﬁlius
2469 2175 2588 2222 erat
2640 2165 2936 2231 Salomon;
2969 2166 3134 2236 hujus
3161 2167 3304 2220 ﬁlius
3336 2163 3449 2222 Ro-

1868 2259 2129 2327 boamus;
2156 2261 2319 2329 hujus
2344 2261 2489 2316 ﬁlius
2510 2260 2683 2323 Abia;
2719 2261 2882 2330 hujus
2914 2260 3073 2328 ﬁlius,
3104 2259 3244 2327 Osa;
3281 2260 3447 2328 hujus

1868 2354 2013 2410 ﬁlius
2038 2352 2400 2424 Josapbatus;
2425 2354 2589 2420 hujus
2615 2352 2759 2408 ﬁlius
2780 2352 3070 2417 Joramus;
3108 2353 3272 2422 hujus
3296 2353 3443 2408 ﬁlius

1868 2442 2169 2513 Ochozias;
2221 2445 2387 2513 hujus
2438 2444 2581 2500 ﬁlius
2613 2443 2847 2511 Jnasus;
2878 2444 3044 2513 hujus
3084 2443 3227 2499 ﬁlius
3274 2444 3443 2497 Ama-

1868 2537 1980 2591 sias
2008 2536 2071 2569 “°
2107 2556 2126 2589 ι
2152 2536 2331 2608 Atque
2370 2538 2446 2591 ita
2485 2552 2552 2591 ex
2589 2537 2780 2592 ordine
2829 2535 3111 2591 descendit
3158 2551 3334 2607 usque
3374 2537 3445 2590 ad

1866 2627 2178 2683 Jechoniam
2210 2637 2374 2699 atque
2399 2628 2468 2682 ad
2498 2628 2884 2699 Bahylonicam
2907 2627 3299 2697 captivitatem,
3330 2643 3439 2683 non

1867 2735 2029 2775 secus
2071 2727 2234 2791 atque
2266 2720 2568 2776 Mattbaaus.
2617 2719 2840 2783 Contra,
2876 2719 2954 2775 uti
3001 2718 3198 2784 Lucas,
3246 2718 3439 2775 eadem

1865 2827 2062 2869 rursus
2111 2814 2360 2868 ascendit
2416 2813 2700 2883 Scriptura
2751 2813 2881 2867 dum
2943 2810 3214 2867 Samuelis
3266 2826 3443 2882 genus

1865 2914 2106 2959 enarrat.
2149 2905 2238 2960 Ait
2285 2904 2431 2959 enim
2461 2923 2473 2958 :
2504 2922 2522 2955 ‹
2558 2903 2832 2959 Samuelis
2879 2905 2973 2957 ﬁlii
3025 2903 3309 2966 Helcanm,
3348 2902 3443 2957 ﬁlii

1865 2993 2232 3058 Hieroboami,
2266 2994 2359 3048 ﬁlii
2402 2993 2644 3060 Helielis,
2682 2995 2774 3047 ﬁlii
2820 2994 2979 3061 Thoi,
3019 2994 3112 3048 ﬁlii
3151 2993 3298 3058 Suri,
3345 2993 3443 3049 lilii
3506 3014 3533 3039 σ

1870 3086 2135 3151 Helcanaa,
2163 3087 2254 3142 ﬁlii
2276 3087 2503 3152 Johelis,
2530 3086 2622 3141 ﬁlii
2642 3086 2871 3153 Azarize,
2905 3086 2995 3140 ﬁlii
3022 3085 3329 3157 Sophoniae,
3350 3085 3445 3142 ﬁlii

1868 3179 2092 3245 Thaari,
2133 3180 2226 3234 ﬁlii
2270 3178 2437 3243 Asiri,
2492 3178 2586 3232 ﬁlii
2631 3178 2932 3243 Abiasaris,
2979 3179 3072 3232 ﬁlii
3117 3176 3292 3241 Cone,
3351 3178 3445 3234 ﬁlii

1866 3271 2088 3333 Issaari,
2143 3270 2233 3325 ﬁlii
2275 3270 2487 3329 Caathi,
2539 3269 2634 3322 ﬁlii
2679 3268 2889 3332 Levini,
2942 3269 3036 3323 ﬁlii
3076 3267 3294 3324 lsraelis
3323 3268 3387 3322 ".
3414 3286 3441 3320 ι

1866 3361 2037 3417 Porro
2064 3363 2217 3417 vides
2247 3375 2305 3417 ut
2334 3365 2492 3432 plane
2520 3362 2668 3416 hunc
2711 3377 2916 3416 morem
2960 3360 3147 3416 Lucas.
3179 3361 3442 3416 imitetur.

1870 3452 2135 3508 Sexcenta
2164 3454 2434 3523 ejusmodi
2459 3456 2703 3524 exempla
2731 3455 2958 3524 ipsemet
2984 3454 3230 3508 invenies
3257 3472 3270 3506 :
3296 3452 3442 3506 unde

1867 3549 2112 3615 sequitur
2138 3553 2197 3598 ut
2244 3543 2533 3609 fateamur,
2574 3546 2713 3600 nihil
2754 3546 3035 3600 insolitum
3068 3544 3264 3599 iecisse
3309 3543 3438 3599 Ser-

1864 3638 2075 3691 vatoris
2095 3638 2266 3691 nostri
2296 3639 2660 3708 evangelistas
2683 3657 2696 3693 :
2722 3655 2900 3709 neque
2921 3638 3118 3691 merito
3149 3637 3440 3707 quisquam

1865 3728 2078 3800 putabit
2106 3744 2200 3784 eos
2234 3729 2466 3784 invicem
2514 3730 2804 3785 dissidere.
2839 3730 3082 3799 Uterque
3128 3729 3274 3782 enim
3312 3741 3443 3797 pro-

1865 3821 1986 3890 prio
2015 3821 2226 3875 calculo
2250 3820 2673 3889 descriptionem
2696 3821 2937 3877 instituit
2963 3839 2977 3874 :
3009 3821 3146 3875 alter
3168 3819 3235 3874 ah
3263 3818 3444 3874 Abra—

1868 3911 2029 3965 hamo
2059 3912 2273 3965 initium
2309 3912 2556 3981 capiens,
2582 3912 2652 3967 ob
2679 3914 2764 3967 sui
2810 3912 3081 3968 sermonis
3109 3911 3443 3982 peculiarem

1864 4004 2153 4067 rationem,
2187 4019 2350 4072 quam
2383 4005 2439 4058 in
2486 3990 2744 4074 pra-senti
2777 4020 2886 4059 non
2917 4013 3075 4059 vacat
3123 4018 3438 4075 exponere:

1866 4096 2003 4149 alter
2026 4096 2202 4164 ipsum
2230 4094 2597 4149 Abrahamum
2631 4104 3075 4167 praetergressus,
3108 4096 3175 4150 ad
3205 4096 3441 4165 primum

1867 4204 2039 4258 usque
2092 4189 2365 4243 hominem
2414 4189 2563 4243 venit
2595 4205 2815 4259 :neque
2850 4190 2906 4242 in
2957 4190 3059 4242 hoc
3114 4188 3289 4251 sistit,
3346 4187 3442 4243 sed

1869 4295 2025 4335 suam
2059 4295 2275 4335 omnem
2304 4280 2590 4336 historiam
2620 4296 2744 4335 cum
2793 4280 2903 4336 Deo
2946 4283 3136 4343 nectit,
3161 4281 3291 4334 dum
3321 4294 3442 4333 eam

1866 4370 2120 4425 videlicet
2160 4386 2257 4441 per
2290 4372 2724 4440 regenerationis
2758 4372 2815 4426 in
2852 4372 3073 4426 Christo
3122 4370 3440 4441 mysterium

1792 4464 1834 4517 D
1866 4464 1920 4517 in
1956 4464 2190 4519 sublime
2219 4464 2418 4519 evehit.
2520 4482 2536 4499 κ

2606 4576 2695 4632 ll].

1868 4692 2140 4760 Quomodo
2182 4690 2467 4762 Matt/unus
2499 4692 2783 4762 quidema
2828 4690 3031 4762 Doride
3073 4690 3289 4761 ejusque
3318 4708 3440 4745 suc-

1935 4780 2139 4818 cessore
2170 4761 2451 4817 Salomone
2484 4760 2551 4814 ad
2579 4760 2838 4816 Iacobum
2860 4772 2908 4815 et
2937 4760 3222 4829 Josepltum
3251 4779 3441 4830 prosa-

1934 4836 2050 4903 pias
2094 4834 2318 4887 deducat
2346 4848 2364 4884 :
2394 4832 2568 4886 Lucas
2602 4843 2774 4886 autem
2818 4832 3082 4903 ambavide
3121 4842 3276 4903 atque
3304 4831 3438 4903 ,Να-

1938 4900 2092 4959 thane
2121 4914 2275 4974 atque
2299 4921 2330 4956 a
2356 4903 2533 4974 liberis
2555 4903 2710 4972 hujus
2746 4903 2814 4956 ad
2852 4902 3023 4956 Ilelim
3053 4912 3100 4955 et
3130 4900 3437 4974 Joscplmm,

1935 4971 2201 5027 contraria
2249 4973 2503 5028 Matt/two
2541 4975 2746 5027 ratione
2792 4974 3149 5043 genealogiam
3180 4971 3436 5026 scribens.

1938 5069 1988 5121 1.
2035 5067 2217 5123 Tertia
2254 5067 2364 5137 jam
2406 5068 2636 5136 qtuestio
2687 5064 3088 5121 consideranda
3135 5071 3238 5119 est.
3269 5061 3440 5119 Porro

1866 5159 2002 5229 ipsis
2046 5159 2230 5214 verbis
2277 5167 2437 5214 acute
2484 5166 2723 5213 mentem
2773 5167 3017 5213 nostram
3066 5155 3436 5211 intendamus.

1866 5250 2059 5320 Agesis
2090 5249 2377 5305 videamus
2405 5251 2537 5321 quid
2570 5248 2746 5307 Lucas
2769 5248 2940 5304 dicat.
2982 5267 3001 5299 ι
3034 5246 3101 5301 Ει
3134 5248 3250 5318 ipse
3276 5242 3441 5303 Jesus

845 5401 890 5433 ¹³
927 5400 948 5454 Ι
979 5399 1112 5472 Reg.
1148 5416 1200 5465 t,
1237 5401 1289 5455 1.
1367 5402 1412 5435 ίδ
1449 5400 1626 5460 lPar.
1659 5420 1753 5470 tu,
1790 5404 1878 5460 £0.
1957 5406 2003 5439 ⁸⁸
2037 5405 2058 5460 Ι
2089 5405 2216 5463 Par.
2248 5422 2340 5474 νι,
2375 5407 2469 5465 54.

1939 5560 2016 5634 l8)
2057 5561 2190 5634 Qud.
2226 5562 2291 5634 Α,
2335 5560 2635 5634 Ἱερῥμιήλ,
2667 5570 2721 5619 et
2752 5577 2880 5619 mox
2925 5559 3122 5620 Ἐλίοιι.

1940 5631 2018 5699 (9)
2061 5631 2203 5700 Epit.
2228 5631 2422 5702 Σουφέζ

1939 5701 2049 5775 (ιο)
2088 5702 2223 5758 Cod.
2259 5703 2325 5768 A,
2352 5701 2355 5702 ί
2378 5703 2563 5775 Ἀσήρ.
