  <div class='ocr_page' id='page_1' title='image "/cluster/home/n/w/nwhite01/storage/ocr_20150623/22/mdp.39015078384388/465.png"; bbox 0 0 3830 6260; ppageno 0'>
   <div class='ocr_carea' id='block_1_1' title="bbox 424 299 533 360">
    <p class='ocr_par' dir='ltr' id='par_1_1' title="bbox 424 299 533 360">
     <span class='ocr_line' id='line_1_1' title="bbox 424 299 533 360; baseline 0.009 -1"><span class='ocrx_word' id='word_1_1' title='bbox 424 299 533 360; x_wconf 84' lang='lat'><strong>895</strong></span> 
     </span>
    </p>
   </div>
   <div class='ocr_carea' id='block_1_2' title="bbox 1174 302 3036 376">
    <p class='ocr_par' dir='ltr' id='par_1_2' title="bbox 1174 302 3036 376">
     <span class='ocr_line' id='line_1_2' title="bbox 1174 302 3036 376; baseline 0.002 -19"><span class='ocrx_word' id='word_1_2' title='bbox 1174 302 1441 363; x_wconf 75' lang='lat' dir='ltr'><strong>EUSEBII</strong></span> <span class='ocrx_word' id='word_1_3' title='bbox 1481 303 1958 362; x_wconf 61' lang='lat' dir='ltr'><strong>CIESARIENSIS</strong></span> <span class='ocrx_word' id='word_1_4' title='bbox 1996 305 2146 363; x_wconf 85' lang='lat' dir='ltr'><strong>OPP.</strong></span> <span class='ocrx_word' id='word_1_5' title='bbox 2184 305 2364 363; x_wconf 73' lang='lat' dir='ltr'><strong>PARS</strong></span> <span class='ocrx_word' id='word_1_6' title='bbox 2397 304 2485 362; x_wconf 80' lang='grc' dir='ltr'>ιιι.</span> <span class='ocrx_word' id='word_1_7' title='bbox 2521 336 2592 347; x_wconf 88' lang='lat'><strong>—-</strong></span> <span class='ocrx_word' id='word_1_8' title='bbox 2629 303 3036 376; x_wconf 74' lang='lat' dir='ltr'><strong>EXEGETICA.</strong></span> 
     </span>
    </p>
   </div>
   <div class='ocr_carea' id='block_1_3' title="bbox 3555 302 3651 365">
    <p class='ocr_par' dir='ltr' id='par_1_3' title="bbox 3555 302 3651 365">
     <span class='ocr_line' id='line_1_3' title="bbox 3555 302 3651 365; baseline -0.052 0"><span class='ocrx_word' id='word_1_9' title='bbox 3555 302 3651 365; x_wconf 76' lang='lat'><strong>896</strong></span> 
     </span>
    </p>
   </div>
   <div class='ocr_carea' id='block_1_4' title="bbox 420 417 1999 496">
    <p class='ocr_par' dir='ltr' id='par_1_4' title="bbox 420 417 1993 495">
     <span class='ocr_line' id='line_1_4' title="bbox 420 417 1993 495; baseline 0.004 -22"><span class='ocrx_word' id='word_1_10' title='bbox 420 424 540 473; x_wconf 90' lang='lat' dir='ltr'><strong>erat</strong></span> <span class='ocrx_word' id='word_1_11' title='bbox 571 417 838 490; x_wconf 78' lang='lat' dir='ltr'><strong>incipiens</strong></span> <span class='ocrx_word' id='word_1_12' title='bbox 885 419 1043 491; x_wconf 92' lang='lat' dir='ltr'><strong>quasi</strong></span> <span class='ocrx_word' id='word_1_13' title='bbox 1072 435 1342 476; x_wconf 88' lang='lat' dir='ltr'><strong>annorum</strong></span> <span class='ocrx_word' id='word_1_14' title='bbox 1394 423 1642 493; x_wconf 73' lang='lat' dir='ltr'><strong>triginta,</strong></span> <span class='ocrx_word' id='word_1_15' title='bbox 1672 435 1733 479; x_wconf 83' lang='lat' dir='ltr'><strong>ut</strong></span> <span class='ocrx_word' id='word_1_16' title='bbox 1763 425 1993 495; x_wconf 85' lang='lat' dir='ltr'><strong>putaba—</strong></span> 
     </span>
    </p>
   </div>
   <div class='ocr_carea' id='block_1_5' title="bbox 2102 417 3648 496">
    <p class='ocr_par' dir='ltr' id='par_1_5' title="bbox 2102 418 3648 496">
     <span class='ocr_line' id='line_1_5' title="bbox 2102 418 3648 496; baseline -0.001 -20"><span class='ocrx_word' id='word_1_17' title='bbox 2102 424 2257 488; x_wconf 80' lang='grc' dir='ltr'>αὐτὸς</span> <span class='ocrx_word' id='word_1_18' title='bbox 2301 425 2332 476; x_wconf 99' lang='lat'><strong>6</strong></span> <span class='ocrx_word' id='word_1_19' title='bbox 2371 423 2574 496; x_wconf 84' lang='grc' dir='ltr'>Ἰησοῦς</span> <span class='ocrx_word' id='word_1_20' title='bbox 2600 418 2669 495; x_wconf 77' lang='grc' dir='ltr'>ἦν</span> <span class='ocrx_word' id='word_1_21' title='bbox 2693 423 2992 495; x_wconf 85' lang='grc' dir='ltr'>ἀρχόμενος</span> <span class='ocrx_word' id='word_1_22' title='bbox 3020 420 3151 483; x_wconf 70' lang='grc' dir='ltr'>ὡσεὶ</span> <span class='ocrx_word' id='word_1_23' title='bbox 3192 419 3328 473; x_wconf 85' lang='grc' dir='ltr'>ἐτῶν</span> <span class='ocrx_word' id='word_1_24' title='bbox 3354 418 3648 490; x_wconf 71' lang='grc' dir='ltr'>τριάκοντα,</span> 
     </span>
    </p>
   </div>
   <div class='ocr_carea' id='block_1_6' title="bbox 422 509 1992 580">
    <p class='ocr_par' dir='ltr' id='par_1_6' title="bbox 422 509 1992 580">
     <span class='ocr_line' id='line_1_6' title="bbox 422 509 1992 580; baseline 0.005 -16"><span class='ocrx_word' id='word_1_25' title='bbox 422 517 533 575; x_wconf 89' lang='lat' dir='ltr'><strong>tur,</strong></span> <span class='ocrx_word' id='word_1_26' title='bbox 566 510 708 566; x_wconf 79' lang='lat' dir='ltr'><strong>illius</strong></span> <span class='ocrx_word' id='word_1_27' title='bbox 734 509 976 580; x_wconf 84' lang='lat' dir='ltr'><strong>Josephi,</strong></span> <span class='ocrx_word' id='word_1_28' title='bbox 1011 512 1106 567; x_wconf 82' lang='lat' dir='ltr'><strong>lilii</strong></span> <span class='ocrx_word' id='word_1_29' title='bbox 1136 511 1278 577; x_wconf 84' lang='lat' dir='ltr'><strong>Heli,</strong></span> <span class='ocrx_word' id='word_1_30' title='bbox 1303 514 1402 569; x_wconf 80' lang='lat' dir='ltr'><strong>lilii</strong></span> <span class='ocrx_word' id='word_1_31' title='bbox 1430 514 1645 571; x_wconf 81' lang='lat' dir='ltr'><strong>Melchi.</strong></span> <span class='ocrx_word' id='word_1_32' title='bbox 1678 536 1695 569; x_wconf 74' lang='grc' dir='ltr'><strong>ι</strong></span> <span class='ocrx_word' id='word_1_33' title='bbox 1726 515 1878 571; x_wconf 83' lang='lat' dir='ltr'><strong>Haud</strong></span> <span class='ocrx_word' id='word_1_34' title='bbox 1912 527 1992 571; x_wconf 89' lang='lat' dir='ltr'><strong>ta-</strong></span> 
     </span>
    </p>
   </div>
   <div class='ocr_carea' id='block_1_7' title="bbox 2099 508 3653 585">
    <p class='ocr_par' dir='ltr' id='par_1_7' title="bbox 2099 508 3653 585">
     <span class='ocr_line' id='line_1_7' title="bbox 2099 508 3653 585; baseline -0.004 -17"><span class='ocrx_word' id='word_1_35' title='bbox 2099 514 2173 568; x_wconf 82' lang='grc' dir='ltr'>ὣν</span> <span class='ocrx_word' id='word_1_36' title='bbox 2197 514 2328 579; x_wconf 83' lang='grc' dir='ltr'>υίὸς,</span> <span class='ocrx_word' id='word_1_37' title='bbox 2360 514 2435 579; x_wconf 85' lang='grc' dir='ltr'>ὡς</span> <span class='ocrx_word' id='word_1_38' title='bbox 2448 514 2749 585; x_wconf 79' lang='grc' dir='ltr'><strong>ἐνομίζετο,</strong></span> <span class='ocrx_word' id='word_1_39' title='bbox 2780 512 2874 567; x_wconf 87' lang='grc' dir='ltr'><strong>τοῦ</strong></span> <span class='ocrx_word' id='word_1_40' title='bbox 2892 511 3108 582; x_wconf 81' lang='grc' dir='ltr'>Ἰωσὴφ,</span> <span class='ocrx_word' id='word_1_41' title='bbox 3131 509 3224 562; x_wconf 88' lang='grc' dir='ltr'><strong>τοῦ</strong></span> <span class='ocrx_word' id='word_1_42' title='bbox 3239 509 3381 575; x_wconf 77' lang='grc' dir='ltr'>Ἠλὶ,</span> <span class='ocrx_word' id='word_1_43' title='bbox 3408 508 3496 561; x_wconf 83' lang='grc' dir='ltr'><strong>τοῦ</strong></span> <span class='ocrx_word' id='word_1_44' title='bbox 3520 509 3653 563; x_wconf 78' lang='grc' dir='ltr'>Μελ·-</span> 
     </span>
    </p>
   </div>
   <div class='ocr_carea' id='block_1_8' title="bbox 421 600 1999 679">
    <p class='ocr_par' dir='ltr' id='par_1_8' title="bbox 421 601 1992 678">
     <span class='ocr_line' id='line_1_8' title="bbox 421 601 1992 678; baseline 0.006 -23"><span class='ocrx_word' id='word_1_45' title='bbox 421 617 545 656; x_wconf 90' lang='lat' dir='ltr'><strong>men</strong></span> <span class='ocrx_word' id='word_1_46' title='bbox 576 601 860 660; x_wconf 67' lang='lat' dir='ltr'><strong>Matthazus</strong></span> <span class='ocrx_word' id='word_1_47' title='bbox 884 620 1019 660; x_wconf 91' lang='lat' dir='ltr'><strong>usus</strong></span> <span class='ocrx_word' id='word_1_48' title='bbox 1047 616 1131 661; x_wconf 90' lang='lat' dir='ltr'><strong>est</strong></span> <span class='ocrx_word' id='word_1_49' title='bbox 1149 621 1282 663; x_wconf 92' lang='lat' dir='ltr'><strong>voce</strong></span> <span class='ocrx_word' id='word_1_50' title='bbox 1318 625 1337 658; x_wconf 87' lang='grc'><strong><em>‹</em></strong></span> <span class='ocrx_word' id='word_1_51' title='bbox 1362 615 1426 670; x_wconf 74' lang='lat' dir='ltr'><strong>ut</strong></span> <span class='ocrx_word' id='word_1_52' title='bbox 1448 609 1763 678; x_wconf 73' lang='lat' dir='ltr'><strong>putabatur.</strong></span> <span class='ocrx_word' id='word_1_53' title='bbox 1800 628 1817 661; x_wconf 77' lang='grc' dir='ltr'><strong>ι</strong></span> <span class='ocrx_word' id='word_1_54' title='bbox 1849 609 1992 677; x_wconf 86' lang='lat' dir='ltr'><strong>Quid</strong></span> 
     </span>
    </p>
   </div>
   <div class='ocr_carea' id='block_1_9' title="bbox 2102 600 3653 679">
    <p class='ocr_par' dir='ltr' id='par_1_9' title="bbox 2102 600 3653 679">
     <span class='ocr_line' id='line_1_9' title="bbox 2102 600 3653 679; baseline -0.01 -20"><span class='ocrx_word' id='word_1_55' title='bbox 2102 606 2165 679; x_wconf 63' lang='grc' dir='ltr'><strong>χί.</strong></span> <span class='ocrx_word' id='word_1_56' title='bbox 2184 627 2201 658; x_wconf 73' lang='grc' dir='ltr'><strong>ι</strong></span> <span class='ocrx_word' id='word_1_57' title='bbox 2223 606 2469 677; x_wconf 78' lang='grc' dir='ltr'>Ἀλλόὐχ</span> <span class='ocrx_word' id='word_1_58' title='bbox 2509 607 2538 660; x_wconf 83' lang='grc' dir='ltr'>ὃ</span> <span class='ocrx_word' id='word_1_59' title='bbox 2563 623 2626 675; x_wconf 90' lang='grc' dir='ltr'><strong>γε</strong></span> <span class='ocrx_word' id='word_1_60' title='bbox 2653 605 2927 667; x_wconf 80' lang='grc' dir='ltr'>Ματθαίος</span> <span class='ocrx_word' id='word_1_61' title='bbox 2951 605 3220 676; x_wconf 84' lang='grc' dir='ltr'>ἐχρήσατο</span> <span class='ocrx_word' id='word_1_62' title='bbox 3244 603 3332 673; x_wconf 78' lang='grc' dir='ltr'>τῇ,</span> <span class='ocrx_word' id='word_1_63' title='bbox 3350 618 3370 650; x_wconf 79' lang='grc' dir='ltr'><strong>ι</strong></span> <span class='ocrx_word' id='word_1_64' title='bbox 3394 600 3467 665; x_wconf 82' lang='grc' dir='ltr'>ὼς</span> <span class='ocrx_word' id='word_1_65' title='bbox 3489 601 3653 672; x_wconf 74' lang='grc' dir='ltr'>ὲνομε.</span> 
     </span>
    </p>
   </div>
   <div class='ocr_carea' id='block_1_10' title="bbox 422 691 1999 771">
    <p class='ocr_par' dir='ltr' id='par_1_10' title="bbox 422 695 1992 770">
     <span class='ocr_line' id='line_1_10' title="bbox 422 695 1992 770; baseline 0.006 -21"><span class='ocrx_word' id='word_1_66' title='bbox 422 709 586 765; x_wconf 87' lang='lat' dir='ltr'><strong>porro</strong></span> <span class='ocrx_word' id='word_1_67' title='bbox 630 695 745 749; x_wconf 84' lang='lat' dir='ltr'><strong>ait?</strong></span> <span class='ocrx_word' id='word_1_68' title='bbox 792 714 811 747; x_wconf 70' lang='grc' dir='ltr'><strong>ί</strong></span> <span class='ocrx_word' id='word_1_69' title='bbox 838 696 1148 754; x_wconf 79' lang='lat' dir='ltr'><strong>Matthanus</strong></span> <span class='ocrx_word' id='word_1_70' title='bbox 1195 699 1383 770; x_wconf 87' lang='lat' dir='ltr'><strong>genuit</strong></span> <span class='ocrx_word' id='word_1_71' title='bbox 1424 697 1725 769; x_wconf 72' lang='lat' dir='ltr'><strong>Iacobum;</strong></span> <span class='ocrx_word' id='word_1_72' title='bbox 1756 700 1992 766; x_wconf 77' lang='lat' dir='ltr'><strong>Jacobus</strong></span> 
     </span>
    </p>
   </div>
   <div class='ocr_carea' id='block_1_11' title="bbox 2102 691 3654 771">
    <p class='ocr_par' dir='ltr' id='par_1_11' title="bbox 2102 691 3654 771">
     <span class='ocr_line' id='line_1_11' title="bbox 2102 691 3654 771; baseline -0.003 -19"><span class='ocrx_word' id='word_1_73' title='bbox 2102 700 2213 765; x_wconf 76' lang='grc' dir='ltr'>ζετο</span> <span class='ocrx_word' id='word_1_74' title='bbox 2240 719 2259 752; x_wconf 76' lang='grc' dir='ltr'><strong>ι</strong></span> <span class='ocrx_word' id='word_1_75' title='bbox 2286 702 2465 771; x_wconf 81' lang='grc' dir='ltr'>φωνῇ’</span> <span class='ocrx_word' id='word_1_76' title='bbox 2495 699 2628 754; x_wconf 81' lang='grc' dir='ltr'>ἀλλὰ</span> <span class='ocrx_word' id='word_1_77' title='bbox 2645 697 2696 752; x_wconf 90' lang='grc' dir='ltr'><strong>τί</strong></span> <span class='ocrx_word' id='word_1_78' title='bbox 2725 714 2889 768; x_wconf 85' lang='grc' dir='ltr'>φησι;</span> <span class='ocrx_word' id='word_1_79' title='bbox 2921 714 2940 748; x_wconf 75' lang='grc' dir='ltr'><strong>ι</strong></span> <span class='ocrx_word' id='word_1_80' title='bbox 2968 694 3191 750; x_wconf 82' lang='grc' dir='ltr'>Ματθάν</span> <span class='ocrx_word' id='word_1_81' title='bbox 3221 693 3276 747; x_wconf 83' lang='grc' dir='ltr'>δὲ</span> <span class='ocrx_word' id='word_1_82' title='bbox 3304 691 3654 763; x_wconf 74' lang='grc' dir='ltr'>ἐγέννησετὺν</span> 
     </span>
    </p>
   </div>
   <div class='ocr_carea' id='block_1_12' title="bbox 420 786 1988 863">
    <p class='ocr_par' dir='ltr' id='par_1_12' title="bbox 420 786 1988 863">
     <span class='ocr_line' id='line_1_12' title="bbox 420 786 1988 863; baseline 0.007 -23"><span class='ocrx_word' id='word_1_83' title='bbox 420 792 603 842; x_wconf 83' lang='lat' dir='ltr'><strong>autem</strong></span> <span class='ocrx_word' id='word_1_84' title='bbox 638 787 827 858; x_wconf 88' lang='lat' dir='ltr'><strong>genuit</strong></span> <span class='ocrx_word' id='word_1_85' title='bbox 854 786 1178 860; x_wconf 87' lang='lat' dir='ltr'><strong>Josephum.</strong></span> <span class='ocrx_word' id='word_1_86' title='bbox 1212 810 1231 844; x_wconf 73' lang='grc' dir='ltr'><strong>ι</strong></span> <span class='ocrx_word' id='word_1_87' title='bbox 1279 791 1443 847; x_wconf 83' lang='lat' dir='ltr'><strong>Aliud</strong></span> <span class='ocrx_word' id='word_1_88' title='bbox 1489 808 1618 849; x_wconf 89' lang='lat' dir='ltr'><strong>vero</strong></span> <span class='ocrx_word' id='word_1_89' title='bbox 1663 801 1747 849; x_wconf 89' lang='lat' dir='ltr'><strong>est</strong></span> <span class='ocrx_word' id='word_1_90' title='bbox 1774 801 1988 863; x_wconf 88' lang='lat' dir='ltr'><strong>putare,</strong></span> 
     </span>
    </p>
   </div>
   <div class='ocr_carea' id='block_1_13' title="bbox 418 874 1994 950">
    <p class='ocr_par' dir='ltr' id='par_1_13' title="bbox 418 874 1994 950">
     <span class='ocr_line' id='line_1_13' title="bbox 418 874 1994 950; baseline 0.004 -22"><span class='ocrx_word' id='word_1_91' title='bbox 418 874 566 929; x_wconf 88' lang='lat' dir='ltr'><strong>aliud</strong></span> <span class='ocrx_word' id='word_1_92' title='bbox 600 890 701 931; x_wconf 89' lang='lat' dir='ltr'><strong>ceu</strong></span> <span class='ocrx_word' id='word_1_93' title='bbox 732 892 822 933; x_wconf 90' lang='lat' dir='ltr'><strong>res</strong></span> <span class='ocrx_word' id='word_1_94' title='bbox 850 877 926 931; x_wconf 89' lang='lat' dir='ltr'><strong>ita</strong></span> <span class='ocrx_word' id='word_1_95' title='bbox 956 893 1018 933; x_wconf 88' lang='lat' dir='ltr'><strong>se</strong></span> <span class='ocrx_word' id='word_1_96' title='bbox 1043 879 1241 933; x_wconf 89' lang='lat' dir='ltr'><strong>habeat</strong></span> <span class='ocrx_word' id='word_1_97' title='bbox 1268 878 1556 934; x_wconf 80' lang='lat' dir='ltr'><strong>allirmare.</strong></span> <span class='ocrx_word' id='word_1_98' title='bbox 1592 877 1648 933; x_wconf 90' lang='lat' dir='ltr'><strong>Si</strong></span> <span class='ocrx_word' id='word_1_99' title='bbox 1672 879 1836 950; x_wconf 85' lang='lat' dir='ltr'><strong>igitur</strong></span> <span class='ocrx_word' id='word_1_100' title='bbox 1857 878 1994 934; x_wconf 83' lang='lat' dir='ltr'><strong>Mat-</strong></span> 
     </span>
    </p>
   </div>
   <div class='ocr_carea' id='block_1_14' title="bbox 419 965 1994 1039">
    <p class='ocr_par' dir='ltr' id='par_1_14' title="bbox 419 965 1994 1039">
     <span class='ocr_line' id='line_1_14' title="bbox 419 965 1994 1039; baseline 0.003 -19"><span class='ocrx_word' id='word_1_101' title='bbox 419 966 562 1022; x_wconf 75' lang='lat' dir='ltr'><strong>tlneo</strong></span> <span class='ocrx_word' id='word_1_102' title='bbox 613 965 914 1024; x_wconf 78' lang='lat' dir='ltr'><strong>aliirmante</strong></span> <span class='ocrx_word' id='word_1_103' title='bbox 954 967 1252 1039; x_wconf 80' lang='lat' dir='ltr'><strong>Josephum</strong></span> <span class='ocrx_word' id='word_1_104' title='bbox 1305 969 1476 1032; x_wconf 81' lang='lat' dir='ltr'><strong>lilium</strong></span> <span class='ocrx_word' id='word_1_105' title='bbox 1521 986 1645 1027; x_wconf 90' lang='lat' dir='ltr'><strong>esse</strong></span> <span class='ocrx_word' id='word_1_106' title='bbox 1695 968 1886 1029; x_wconf 75' lang='lat' dir='ltr'><strong>Jacobi</strong></span> <span class='ocrx_word' id='word_1_107' title='bbox 1939 978 1994 1026; x_wconf 91' lang='lat' dir='ltr'><strong>et</strong></span> 
     </span>
    </p>
   </div>
   <div class='ocr_carea' id='block_1_15' title="bbox 419 1057 1994 1123">
    <p class='ocr_par' dir='ltr' id='par_1_15' title="bbox 419 1057 1994 1123">
     <span class='ocr_line' id='line_1_15' title="bbox 419 1057 1994 1123; baseline 0.004 -11"><span class='ocrx_word' id='word_1_108' title='bbox 419 1057 711 1123; x_wconf 80' lang='lat' dir='ltr'><strong>Matthani,</strong></span> <span class='ocrx_word' id='word_1_109' title='bbox 748 1059 924 1117; x_wconf 87' lang='lat' dir='ltr'><strong>Lucas</strong></span> <span class='ocrx_word' id='word_1_110' title='bbox 967 1061 1221 1118; x_wconf 81' lang='lat' dir='ltr'><strong>similiter</strong></span> <span class='ocrx_word' id='word_1_111' title='bbox 1264 1062 1619 1119; x_wconf 90' lang='lat' dir='ltr'><strong>contenderet</strong></span> <span class='ocrx_word' id='word_1_112' title='bbox 1648 1062 1820 1117; x_wconf 87' lang='lat' dir='ltr'><strong>lilium</strong></span> <span class='ocrx_word' id='word_1_113' title='bbox 1871 1078 1994 1119; x_wconf 85' lang='lat' dir='ltr'><strong>esse</strong></span> 
     </span>
    </p>
   </div>
   <div class='ocr_carea' id='block_1_16' title="bbox 419 1146 1995 1224">
    <p class='ocr_par' dir='ltr' id='par_1_16' title="bbox 419 1146 1995 1224">
     <span class='ocr_line' id='line_1_16' title="bbox 419 1146 1995 1224; baseline 0.005 -22"><span class='ocrx_word' id='word_1_114' title='bbox 419 1146 537 1203; x_wconf 82' lang='lat' dir='ltr'><strong>Heli</strong></span> <span class='ocrx_word' id='word_1_115' title='bbox 590 1165 654 1204; x_wconf 89' lang='lat' dir='ltr'><strong>ac</strong></span> <span class='ocrx_word' id='word_1_116' title='bbox 693 1149 911 1216; x_wconf 84' lang='lat' dir='ltr'><strong>Melchi,</strong></span> <span class='ocrx_word' id='word_1_117' title='bbox 957 1167 1085 1207; x_wconf 89' lang='lat' dir='ltr'><strong>vere</strong></span> <span class='ocrx_word' id='word_1_118' title='bbox 1128 1167 1308 1223; x_wconf 89' lang='lat' dir='ltr'><strong>pugna</strong></span> <span class='ocrx_word' id='word_1_119' title='bbox 1346 1153 1594 1224; x_wconf 68' lang='lat' dir='ltr'><strong>quaedam</strong></span> <span class='ocrx_word' id='word_1_120' title='bbox 1645 1160 1790 1213; x_wconf 85' lang='lat' dir='ltr'><strong>esset</strong></span> <span class='ocrx_word' id='word_1_121' title='bbox 1832 1164 1995 1224; x_wconf 82' lang='lat' dir='ltr'><strong>atque</strong></span> 
     </span>
    </p>
   </div>
   <div class='ocr_carea' id='block_1_17' title="bbox 417 1238 1994 1315">
    <p class='ocr_par' dir='ltr' id='par_1_17' title="bbox 417 1238 1994 1315">
     <span class='ocr_line' id='line_1_17' title="bbox 417 1238 1994 1315; baseline 0.004 -20"><span class='ocrx_word' id='word_1_122' title='bbox 417 1238 730 1305; x_wconf 83' lang='lat' dir='ltr'><strong>conﬂictus,</strong></span> <span class='ocrx_word' id='word_1_123' title='bbox 754 1249 919 1312; x_wconf 89' lang='lat' dir='ltr'><strong>atque</strong></span> <span class='ocrx_word' id='word_1_124' title='bbox 962 1258 1100 1312; x_wconf 90' lang='lat' dir='ltr'><strong>opus</strong></span> <span class='ocrx_word' id='word_1_125' title='bbox 1136 1254 1283 1300; x_wconf 87' lang='lat' dir='ltr'><strong>esset</strong></span> <span class='ocrx_word' id='word_1_126' title='bbox 1323 1246 1553 1301; x_wconf 89' lang='lat' dir='ltr'><strong>arbitrio</strong></span> <span class='ocrx_word' id='word_1_127' title='bbox 1590 1247 1683 1315; x_wconf 88' lang='lat' dir='ltr'><strong>qui</strong></span> <span class='ocrx_word' id='word_1_128' title='bbox 1715 1247 1994 1314; x_wconf 83' lang='lat' dir='ltr'><strong>evangeli-</strong></span> 
     </span>
    </p>
   </div>
   <div class='ocr_carea' id='block_1_18' title="bbox 419 1334 1996 1405">
    <p class='ocr_par' dir='ltr' id='par_1_18' title="bbox 419 1334 1996 1405">
     <span class='ocr_line' id='line_1_18' title="bbox 419 1334 1996 1405; baseline 0.003 -17"><span class='ocrx_word' id='word_1_129' title='bbox 419 1339 536 1388; x_wconf 87' lang='lat' dir='ltr'><strong>stas</strong></span> <span class='ocrx_word' id='word_1_130' title='bbox 577 1340 953 1403; x_wconf 85' lang='lat' dir='ltr'><strong>componeret.</strong></span> <span class='ocrx_word' id='word_1_131' title='bbox 993 1334 1151 1398; x_wconf 84' lang='lat' dir='ltr'><strong>Nunc</strong></span> <span class='ocrx_word' id='word_1_132' title='bbox 1197 1344 1378 1392; x_wconf 87' lang='lat' dir='ltr'><strong>autem</strong></span> <span class='ocrx_word' id='word_1_133' title='bbox 1412 1352 1535 1393; x_wconf 89' lang='lat' dir='ltr'><strong>cum</strong></span> <span class='ocrx_word' id='word_1_134' title='bbox 1576 1338 1863 1405; x_wconf 62' lang='lat' dir='ltr'><strong>Matthwus</strong></span> <span class='ocrx_word' id='word_1_135' title='bbox 1906 1338 1996 1393; x_wconf 85' lang='lat' dir='ltr'><strong>lir-</strong></span> 
     </span>
    </p>
   </div>
   <div class='ocr_carea' id='block_1_19' title="bbox 417 1424 1993 1500">
    <p class='ocr_par' dir='ltr' id='par_1_19' title="bbox 417 1424 1993 1500">
     <span class='ocr_line' id='line_1_19' title="bbox 417 1424 1993 1500; baseline 0.003 -23"><span class='ocrx_word' id='word_1_136' title='bbox 417 1424 580 1478; x_wconf 82' lang='lat' dir='ltr'><strong>miter</strong></span> <span class='ocrx_word' id='word_1_137' title='bbox 635 1432 933 1490; x_wconf 73' lang='lat' dir='ltr'><strong>assereret,</strong></span> <span class='ocrx_word' id='word_1_138' title='bbox 975 1424 1157 1482; x_wconf 89' lang='lat' dir='ltr'><strong>Lucas</strong></span> <span class='ocrx_word' id='word_1_139' title='bbox 1201 1442 1332 1482; x_wconf 86' lang='lat' dir='ltr'><strong>vero</strong></span> <span class='ocrx_word' id='word_1_140' title='bbox 1378 1428 1524 1484; x_wconf 88' lang='lat' dir='ltr'><strong>haud</strong></span> <span class='ocrx_word' id='word_1_141' title='bbox 1573 1429 1627 1485; x_wconf 92' lang='lat' dir='ltr'><strong>id</strong></span> <span class='ocrx_word' id='word_1_142' title='bbox 1675 1431 1993 1500; x_wconf 77' lang='lat' dir='ltr'><strong>contendat,</strong></span> 
     </span>
    </p>
   </div>
   <div class='ocr_carea' id='block_1_20' title="bbox 419 1515 1998 1593">
    <p class='ocr_par' dir='ltr' id='par_1_20' title="bbox 419 1515 1998 1593">
     <span class='ocr_line' id='line_1_20' title="bbox 419 1515 1998 1593; baseline 0.004 -21"><span class='ocrx_word' id='word_1_143' title='bbox 419 1515 516 1572; x_wconf 88' lang='lat' dir='ltr'><strong>sed</strong></span> <span class='ocrx_word' id='word_1_144' title='bbox 555 1517 869 1588; x_wconf 84' lang='lat' dir='ltr'><strong>Opinionem</strong></span> <span class='ocrx_word' id='word_1_145' title='bbox 912 1520 1293 1575; x_wconf 86' lang='lat' dir='ltr'><strong>tantummodo</strong></span> <span class='ocrx_word' id='word_1_146' title='bbox 1334 1522 1574 1592; x_wconf 82' lang='lat' dir='ltr'><strong>proferat</strong></span> <span class='ocrx_word' id='word_1_147' title='bbox 1610 1522 1754 1593; x_wconf 90' lang='lat' dir='ltr'><strong>apud</strong></span> <span class='ocrx_word' id='word_1_148' title='bbox 1798 1523 1998 1579; x_wconf 89' lang='lat' dir='ltr'><strong>multos</strong></span> 
     </span>
    </p>
   </div>
   <div class='ocr_carea' id='block_1_21' title="bbox 419 1611 1999 1684">
    <p class='ocr_par' dir='ltr' id='par_1_21' title="bbox 419 1611 1999 1684">
     <span class='ocr_line' id='line_1_21' title="bbox 419 1611 1999 1684; baseline 0.002 -21"><span class='ocrx_word' id='word_1_149' title='bbox 419 1614 789 1678; x_wconf 89' lang='lat' dir='ltr'><strong>pervagatam,</strong></span> <span class='ocrx_word' id='word_1_150' title='bbox 840 1624 952 1664; x_wconf 88' lang='lat' dir='ltr'><strong>non</strong></span> <span class='ocrx_word' id='word_1_151' title='bbox 1000 1625 1121 1682; x_wconf 71' lang='lat' dir='ltr'><strong>quae</strong></span> <span class='ocrx_word' id='word_1_152' title='bbox 1154 1611 1300 1680; x_wconf 85' lang='lat' dir='ltr'><strong>apud</strong></span> <span class='ocrx_word' id='word_1_153' title='bbox 1350 1628 1411 1667; x_wconf 85' lang='lat' dir='ltr'><strong>se</strong></span> <span class='ocrx_word' id='word_1_154' title='bbox 1443 1613 1674 1684; x_wconf 85' lang='lat' dir='ltr'><strong>vigeret,</strong></span> <span class='ocrx_word' id='word_1_155' title='bbox 1713 1613 1885 1679; x_wconf 88' lang='lat' dir='ltr'><strong>nulla,</strong></span> <span class='ocrx_word' id='word_1_156' title='bbox 1939 1620 1999 1666; x_wconf 90' lang='lat' dir='ltr'><strong>ut</strong></span> 
     </span>
    </p>
   </div>
   <div class='ocr_carea' id='block_1_22' title="bbox 415 1700 1202 1771">
    <p class='ocr_par' dir='ltr' id='par_1_22' title="bbox 415 1700 1202 1771">
     <span class='ocr_line' id='line_1_22' title="bbox 415 1700 1202 1771; baseline 0.005 -17"><span class='ocrx_word' id='word_1_157' title='bbox 415 1700 633 1770; x_wconf 89' lang='lat' dir='ltr'><strong>opinor,</strong></span> <span class='ocrx_word' id='word_1_158' title='bbox 666 1700 898 1770; x_wconf 71' lang='lat' dir='ltr'><strong>quaestio</strong></span> <span class='ocrx_word' id='word_1_159' title='bbox 931 1708 1202 1771; x_wconf 85' lang='lat' dir='ltr'><strong>superest.</strong></span> 
     </span>
    </p>
   </div>
   <div class='ocr_carea' id='block_1_23' title="bbox 2106 783 3654 859">
    <p class='ocr_par' dir='ltr' id='par_1_23' title="bbox 2106 783 3654 859">
     <span class='ocr_line' id='line_1_23' title="bbox 2106 783 3654 859; baseline -0.006 -16"><span class='ocrx_word' id='word_1_160' title='bbox 2106 788 2322 852; x_wconf 74' lang='grc' dir='ltr'>Ἰακὼϐ,</span> <span class='ocrx_word' id='word_1_161' title='bbox 2340 786 2535 842; x_wconf 81' lang='grc' dir='ltr'>Ἰακὼό</span> <span class='ocrx_word' id='word_1_162' title='bbox 2565 789 2621 843; x_wconf 82' lang='grc' dir='ltr'>δὲ</span> <span class='ocrx_word' id='word_1_163' title='bbox 2646 788 2901 859; x_wconf 75' lang='grc' dir='ltr'><strong>ἐγέννησε</strong></span> <span class='ocrx_word' id='word_1_164' title='bbox 2932 787 3022 840; x_wconf 80' lang='grc' dir='ltr'><strong>τὸν</strong></span> <span class='ocrx_word' id='word_1_165' title='bbox 3038 786 3300 857; x_wconf 67' lang='grc' dir='ltr'>Ἰωσήφ-ι</span> <span class='ocrx_word' id='word_1_166' title='bbox 3332 783 3461 837; x_wconf 79' lang='grc' dir='ltr'>ἄλλο</span> <span class='ocrx_word' id='word_1_167' title='bbox 3489 783 3547 837; x_wconf 81' lang='grc' dir='ltr'>δὲ</span> <span class='ocrx_word' id='word_1_168' title='bbox 3572 783 3654 854; x_wconf 72' lang='grc' dir='ltr'>δη-</span> 
     </span>
    </p>
   </div>
   <div class='ocr_carea' id='block_1_24' title="bbox 2094 874 3655 952">
    <p class='ocr_par' dir='ltr' id='par_1_24' title="bbox 2094 874 3655 952">
     <span class='ocr_line' id='line_1_24' title="bbox 2094 874 3655 952; baseline -0.003 -19"><span class='ocrx_word' id='word_1_169' title='bbox 2094 898 2197 933; x_wconf 85' lang='grc' dir='ltr'><strong>που</strong></span> <span class='ocrx_word' id='word_1_170' title='bbox 2226 881 2345 934; x_wconf 76' lang='grc' dir='ltr'>ἐστὶ</span> <span class='ocrx_word' id='word_1_171' title='bbox 2368 880 2428 935; x_wconf 84' lang='grc' dir='ltr'><strong>τὸ</strong></span> <span class='ocrx_word' id='word_1_172' title='bbox 2458 880 2725 952; x_wconf 66' lang='grc' dir='ltr'>νομίζειν,</span> <span class='ocrx_word' id='word_1_173' title='bbox 2752 879 2845 949; x_wconf 78' lang='grc' dir='ltr'><strong>καὶ</strong></span> <span class='ocrx_word' id='word_1_174' title='bbox 2877 877 3004 933; x_wconf 81' lang='grc' dir='ltr'>ἄλλο</span> <span class='ocrx_word' id='word_1_175' title='bbox 3029 878 3089 931; x_wconf 75' lang='grc' dir='ltr'>τὸ</span> <span class='ocrx_word' id='word_1_176' title='bbox 3120 876 3296 940; x_wconf 80' lang='grc' dir='ltr'>οὕτως</span> <span class='ocrx_word' id='word_1_177' title='bbox 3323 875 3468 946; x_wconf 72' lang='grc' dir='ltr'>ἔχειν</span> <span class='ocrx_word' id='word_1_178' title='bbox 3489 874 3655 929; x_wconf 77' lang='grc' dir='ltr'>διαίε-</span> 
     </span>
    </p>
   </div>
   <div class='ocr_carea' id='block_1_25' title="bbox 2096 966 3656 1044">
    <p class='ocr_par' dir='ltr' id='par_1_25' title="bbox 2096 966 3656 1044">
     <span class='ocr_line' id='line_1_25' title="bbox 2096 966 3656 1044; baseline -0.004 -18"><span class='ocrx_word' id='word_1_179' title='bbox 2096 972 2380 1029; x_wconf 87' lang='grc' dir='ltr'>6αιοῦσθαι</span> <span class='ocrx_word' id='word_1_180' title='bbox 2397 991 2410 1004; x_wconf 75' lang='grc' dir='ltr'><strong>ο</strong></span> <span class='ocrx_word' id='word_1_181' title='bbox 2435 975 2484 1026; x_wconf 87' lang='grc' dir='ltr'><strong>εί</strong></span> <span class='ocrx_word' id='word_1_182' title='bbox 2514 973 2610 1044; x_wconf 81' lang='grc' dir='ltr'>μὲν</span> <span class='ocrx_word' id='word_1_183' title='bbox 2635 971 2699 1044; x_wconf 85' lang='grc' dir='ltr'>δὴ</span> <span class='ocrx_word' id='word_1_184' title='bbox 2723 970 2814 1025; x_wconf 88' lang='grc' dir='ltr'><strong>τοῦ</strong></span> <span class='ocrx_word' id='word_1_185' title='bbox 2839 969 3118 1041; x_wconf 19' lang='grc' dir='ltr'>Ματθαςίου</span> <span class='ocrx_word' id='word_1_186' title='bbox 3139 966 3656 1036; x_wconf 71' lang='grc' dir='ltr'>διαδεϐαιωσαμένιυ</span> 
     </span>
    </p>
   </div>
   <div class='ocr_carea' id='block_1_26' title="bbox 2094 1050 3659 1137">
    <p class='ocr_par' dir='ltr' id='par_1_26' title="bbox 2094 1050 3659 1137">
     <span class='ocr_line' id='line_1_26' title="bbox 2094 1050 3659 1137; baseline -0.004 -18"><span class='ocrx_word' id='word_1_187' title='bbox 2094 1065 2186 1119; x_wconf 86' lang='grc' dir='ltr'><strong>τὸν</strong></span> <span class='ocrx_word' id='word_1_188' title='bbox 2218 1065 2419 1137; x_wconf 83' lang='grc' dir='ltr'>Ἰωσὴφ</span> <span class='ocrx_word' id='word_1_189' title='bbox 2446 1064 2560 1118; x_wconf 75' lang='grc' dir='ltr'>υἱὸν</span> <span class='ocrx_word' id='word_1_190' title='bbox 2585 1050 2723 1133; x_wconf 72' lang='grc' dir='ltr'>εἶναι</span> <span class='ocrx_word' id='word_1_191' title='bbox 2746 1060 2938 1119; x_wconf 80' lang='grc' dir='ltr'>Ἰακὼϐ</span> <span class='ocrx_word' id='word_1_192' title='bbox 2966 1061 3060 1114; x_wconf 75' lang='grc' dir='ltr'>καὶ</span> <span class='ocrx_word' id='word_1_193' title='bbox 3086 1059 3180 1113; x_wconf 88' lang='grc' dir='ltr'><strong>τοῦ</strong></span> <span class='ocrx_word' id='word_1_194' title='bbox 3209 1058 3463 1123; x_wconf 83' lang='grc' dir='ltr'>Ματθάν,</span> <span class='ocrx_word' id='word_1_195' title='bbox 3491 1060 3519 1112; x_wconf 89' lang='grc' dir='ltr'>ὁ</span> <span class='ocrx_word' id='word_1_196' title='bbox 3541 1060 3659 1113; x_wconf 86' lang='grc' dir='ltr'>Λου-</span> 
     </span>
    </p>
   </div>
   <div class='ocr_carea' id='block_1_27' title="bbox 2093 1150 3659 1229">
    <p class='ocr_par' dir='ltr' id='par_1_27' title="bbox 2093 1150 3659 1229">
     <span class='ocr_line' id='line_1_27' title="bbox 2093 1150 3659 1229; baseline -0.004 -17"><span class='ocrx_word' id='word_1_197' title='bbox 2093 1160 2197 1221; x_wconf 82' lang='grc' dir='ltr'>κᾶς</span> <span class='ocrx_word' id='word_1_198' title='bbox 2244 1159 2444 1229; x_wconf 87' lang='grc' dir='ltr'>ὁμοίως</span> <span class='ocrx_word' id='word_1_199' title='bbox 2488 1156 2861 1229; x_wconf 81' lang='grc' dir='ltr'>διισχυρίσατο</span> <span class='ocrx_word' id='word_1_200' title='bbox 2901 1155 2993 1208; x_wconf 84' lang='grc' dir='ltr'><strong>τὸν</strong></span> <span class='ocrx_word' id='word_1_201' title='bbox 3027 1153 3224 1224; x_wconf 81' lang='grc' dir='ltr'>Ἰωσὴφ</span> <span class='ocrx_word' id='word_1_202' title='bbox 3251 1151 3535 1222; x_wconf 82' lang='grc' dir='ltr'>γεγονέναι</span> <span class='ocrx_word' id='word_1_203' title='bbox 3562 1150 3659 1205; x_wconf 56' lang='lat' dir='ltr'><strong>oili:</strong></span> 
     </span>
    </p>
   </div>
   <div class='ocr_carea' id='block_1_28' title="bbox 2093 1238 3662 1318">
    <p class='ocr_par' dir='ltr' id='par_1_28' title="bbox 2093 1238 3662 1318">
     <span class='ocr_line' id='line_1_28' title="bbox 2093 1238 3662 1318; baseline -0.004 -16"><span class='ocrx_word' id='word_1_204' title='bbox 2093 1246 2188 1302; x_wconf 89' lang='grc' dir='ltr'><strong>τοῦ</strong></span> <span class='ocrx_word' id='word_1_205' title='bbox 2226 1248 2347 1302; x_wconf 73' lang='grc' dir='ltr'>Ἠλὶ</span> <span class='ocrx_word' id='word_1_206' title='bbox 2383 1249 2478 1302; x_wconf 78' lang='grc' dir='ltr'>καὶ</span> <span class='ocrx_word' id='word_1_207' title='bbox 2501 1247 2593 1301; x_wconf 90' lang='grc' dir='ltr'><strong>τοῦ</strong></span> <span class='ocrx_word' id='word_1_208' title='bbox 2624 1247 2818 1317; x_wconf 78' lang='grc' dir='ltr'>Μελχὶ,</span> <span class='ocrx_word' id='word_1_209' title='bbox 2846 1244 3060 1318; x_wconf 85' lang='grc' dir='ltr'>ἀληθῶς</span> <span class='ocrx_word' id='word_1_210' title='bbox 3092 1244 3239 1315; x_wconf 84' lang='grc' dir='ltr'><strong>μάχη</strong></span> <span class='ocrx_word' id='word_1_211' title='bbox 3266 1260 3349 1307; x_wconf 89' lang='grc' dir='ltr'><strong>τις</strong></span> <span class='ocrx_word' id='word_1_212' title='bbox 3370 1238 3439 1313; x_wconf 84' lang='grc' dir='ltr'>ἦν</span> <span class='ocrx_word' id='word_1_213' title='bbox 3469 1241 3563 1297; x_wconf 76' lang='grc' dir='ltr'>καὶ</span> <span class='ocrx_word' id='word_1_214' title='bbox 3580 1245 3662 1296; x_wconf 72' lang='grc' dir='ltr'>πό-</span> 
     </span>
    </p>
   </div>
   <div class='ocr_carea' id='block_1_29' title="bbox 2096 1332 3662 1412">
    <p class='ocr_par' dir='ltr' id='par_1_29' title="bbox 2096 1332 3662 1412">
     <span class='ocr_line' id='line_1_29' title="bbox 2096 1332 3662 1412; baseline -0.003 -19"><span class='ocrx_word' id='word_1_215' title='bbox 2096 1340 2283 1412; x_wconf 86' lang='grc' dir='ltr'>λεμος,</span> <span class='ocrx_word' id='word_1_216' title='bbox 2320 1341 2415 1395; x_wconf 78' lang='grc' dir='ltr'><strong>καὶ</strong></span> <span class='ocrx_word' id='word_1_217' title='bbox 2461 1335 2530 1412; x_wconf 83' lang='grc' dir='ltr'>ἦν</span> <span class='ocrx_word' id='word_1_218' title='bbox 2573 1339 2681 1393; x_wconf 84' lang='grc' dir='ltr'><strong>τῶν</strong></span> <span class='ocrx_word' id='word_1_219' title='bbox 2730 1338 3114 1410; x_wconf 86' lang='grc' dir='ltr'>διαιτησόντων</span> <span class='ocrx_word' id='word_1_220' title='bbox 3146 1332 3333 1400; x_wconf 79' lang='grc' dir='ltr'>αὐτοῖς</span> <span class='ocrx_word' id='word_1_221' title='bbox 3364 1336 3553 1407; x_wconf 89' lang='grc' dir='ltr'>χρεία·</span> <span class='ocrx_word' id='word_1_222' title='bbox 3580 1335 3662 1389; x_wconf 78' lang='grc' dir='ltr'><strong>νῦν</strong></span> 
     </span>
    </p>
   </div>
   <div class='ocr_carea' id='block_1_30' title="bbox 2096 1429 3660 1500">
    <p class='ocr_par' dir='ltr' id='par_1_30' title="bbox 2096 1429 3660 1500">
     <span class='ocr_line' id='line_1_30' title="bbox 2096 1429 3660 1500; baseline -0.003 -12"><span class='ocrx_word' id='word_1_223' title='bbox 2096 1435 2152 1495; x_wconf 77' lang='grc' dir='ltr'>δὲ</span> <span class='ocrx_word' id='word_1_224' title='bbox 2174 1435 2283 1498; x_wconf 83' lang='grc' dir='ltr'>ὅτε,</span> <span class='ocrx_word' id='word_1_225' title='bbox 2312 1433 2406 1487; x_wconf 86' lang='grc' dir='ltr'><strong>τοῦ</strong></span> <span class='ocrx_word' id='word_1_226' title='bbox 2436 1431 2719 1487; x_wconf 82' lang='grc' dir='ltr'>Ματθαίου</span> <span class='ocrx_word' id='word_1_227' title='bbox 2742 1429 3297 1500; x_wconf 77' lang='grc' dir='ltr'>διαϐεϐαιωσαμένου,</span> <span class='ocrx_word' id='word_1_228' title='bbox 3324 1432 3354 1482; x_wconf 93' lang='lat'><strong>6</strong></span> <span class='ocrx_word' id='word_1_229' title='bbox 3386 1430 3594 1492; x_wconf 79' lang='grc' dir='ltr'><strong>Λουκᾶς</strong></span> <span class='ocrx_word' id='word_1_230' title='bbox 3609 1431 3660 1484; x_wconf 67' lang='grc' dir='ltr'>οὗ</span> 
     </span>
    </p>
   </div>
   <div class='ocr_carea' id='block_1_31' title="bbox 2096 1519 3661 1596">
    <p class='ocr_par' dir='ltr' id='par_1_31' title="bbox 2096 1519 3661 1596">
     <span class='ocr_line' id='line_1_31' title="bbox 2096 1519 3661 1596; baseline -0.005 -16"><span class='ocrx_word' id='word_1_231' title='bbox 2096 1526 2437 1596; x_wconf 87' lang='grc' dir='ltr'>διατείνεται,</span> <span class='ocrx_word' id='word_1_232' title='bbox 2462 1526 2620 1593; x_wconf 78' lang='grc' dir='ltr'>δόξαν</span> <span class='ocrx_word' id='word_1_233' title='bbox 2642 1526 2697 1579; x_wconf 73' lang='grc' dir='ltr'>δὲ</span> <span class='ocrx_word' id='word_1_234' title='bbox 2726 1524 2875 1596; x_wconf 78' lang='grc' dir='ltr'>παρὰ</span> <span class='ocrx_word' id='word_1_235' title='bbox 2902 1527 3014 1587; x_wconf 83' lang='grc' dir='ltr'>τοῖς</span> <span class='ocrx_word' id='word_1_236' title='bbox 3042 1523 3255 1586; x_wconf 78' lang='grc' dir='ltr'>πολλοῖς</span> <span class='ocrx_word' id='word_1_237' title='bbox 3283 1519 3661 1592; x_wconf 66' lang='grc' dir='ltr'>νενομισμένην</span> 
     </span>
    </p>
   </div>
   <div class='ocr_carea' id='block_1_32' title="bbox 2097 1604 3661 1690">
    <p class='ocr_par' dir='ltr' id='par_1_32' title="bbox 2097 1604 3661 1690">
     <span class='ocr_line' id='line_1_32' title="bbox 2097 1604 3661 1690; baseline -0.004 -18"><span class='ocrx_word' id='word_1_238' title='bbox 2097 1619 2329 1690; x_wconf 81' lang='grc' dir='ltr'><strong>τίθησιν,</strong></span> <span class='ocrx_word' id='word_1_239' title='bbox 2359 1620 2418 1673; x_wconf 74' lang='grc' dir='ltr'><strong>οὐ</strong></span> <span class='ocrx_word' id='word_1_240' title='bbox 2460 1618 2558 1690; x_wconf 87' lang='grc' dir='ltr'>τὴν</span> <span class='ocrx_word' id='word_1_241' title='bbox 2607 1617 2739 1689; x_wconf 79' lang='grc' dir='ltr'>παρ’</span> <span class='ocrx_word' id='word_1_242' title='bbox 2770 1604 2918 1687; x_wconf 68' lang='grc' dir='ltr'>αὗτῴ</span> <span class='ocrx_word' id='word_1_243' title='bbox 2951 1614 3276 1686; x_wconf 84' lang='grc' dir='ltr'>κρατοῦσαν,</span> <span class='ocrx_word' id='word_1_244' title='bbox 3310 1609 3466 1685; x_wconf 78' lang='grc' dir='ltr'>οἶμαι</span> <span class='ocrx_word' id='word_1_245' title='bbox 3520 1610 3661 1684; x_wconf 77' lang='grc' dir='ltr'>μηδε-</span> 
     </span>
    </p>
   </div>
   <div class='ocr_carea' id='block_1_33' title="bbox 2103 1707 2923 1781">
    <p class='ocr_par' dir='ltr' id='par_1_33' title="bbox 2103 1707 2923 1781">
     <span class='ocr_line' id='line_1_33' title="bbox 2103 1707 2923 1781; baseline 0.002 -19"><span class='ocrx_word' id='word_1_246' title='bbox 2103 1710 2231 1781; x_wconf 85' lang='grc' dir='ltr'>μίαν</span> <span class='ocrx_word' id='word_1_247' title='bbox 2263 1710 2648 1764; x_wconf 87' lang='grc' dir='ltr'>ὑπολείπεσθαι</span> <span class='ocrx_word' id='word_1_248' title='bbox 2677 1707 2923 1781; x_wconf 77' lang='grc' dir='ltr'>ζήτησιν,</span> 
     </span>
    </p>
   </div>
   <div class='ocr_carea' id='block_1_34' title="bbox 489 1786 1999 1875">
    <p class='ocr_par' dir='ltr' id='par_1_34' title="bbox 489 1791 1999 1851">
     <span class='ocr_line' id='line_1_34' title="bbox 489 1791 1999 1851; baseline 0.002 -6"><span class='ocrx_word' id='word_1_249' title='bbox 489 1792 542 1845; x_wconf 78' lang='grc'><strong>2.</strong></span> <span class='ocrx_word' id='word_1_250' title='bbox 583 1791 719 1846; x_wconf 85' lang='lat' dir='ltr'><strong>Nam</strong></span> <span class='ocrx_word' id='word_1_251' title='bbox 774 1806 902 1847; x_wconf 92' lang='lat' dir='ltr'><strong>cum</strong></span> <span class='ocrx_word' id='word_1_252' title='bbox 942 1793 1108 1848; x_wconf 85' lang='lat' dir='ltr'><strong>variae</strong></span> <span class='ocrx_word' id='word_1_253' title='bbox 1153 1793 1222 1849; x_wconf 90' lang='lat' dir='ltr'><strong>de</strong></span> <span class='ocrx_word' id='word_1_254' title='bbox 1263 1793 1489 1850; x_wconf 84' lang='lat' dir='ltr'><strong>Christo</strong></span> <span class='ocrx_word' id='word_1_255' title='bbox 1531 1794 1689 1851; x_wconf 69' lang='lat' dir='ltr'><strong>famae</strong></span> <span class='ocrx_word' id='word_1_256' title='bbox 1730 1795 1872 1850; x_wconf 89' lang='lat' dir='ltr'><strong>inter</strong></span> <span class='ocrx_word' id='word_1_257' title='bbox 1903 1792 1999 1849; x_wconf 87' lang='lat' dir='ltr'><strong>Ju-</strong></span> 
     </span>
    </p>
   </div>
   <div class='ocr_carea' id='block_1_35' title="bbox 2102 1786 3664 1875">
    <p class='ocr_par' dir='ltr' id='par_1_35' title="bbox 2174 1796 3664 1875">
     <span class='ocr_line' id='line_1_35' title="bbox 2174 1796 3664 1875; baseline -0.005 -18"><span class='ocrx_word' id='word_1_258' title='bbox 2174 1804 2239 1875; x_wconf 82' lang='grc' dir='ltr'><strong>β’.</strong></span> <span class='ocrx_word' id='word_1_259' title='bbox 2279 1803 2562 1874; x_wconf 81' lang='grc' dir='ltr'>Διαφόρων</span> <span class='ocrx_word' id='word_1_260' title='bbox 2587 1801 2697 1874; x_wconf 80' lang='grc' dir='ltr'><strong>γὰρ</strong></span> <span class='ocrx_word' id='word_1_261' title='bbox 2724 1800 2876 1873; x_wconf 80' lang='grc' dir='ltr'>παρὰ</span> <span class='ocrx_word' id='word_1_262' title='bbox 2903 1799 3171 1863; x_wconf 80' lang='grc' dir='ltr'><strong>Ἰουδαίοις</strong></span> <span class='ocrx_word' id='word_1_263' title='bbox 3200 1796 3527 1869; x_wconf 68' lang='grc' dir='ltr'>ὑπολήψεων</span> <span class='ocrx_word' id='word_1_264' title='bbox 3556 1796 3664 1870; x_wconf 60' lang='grc' dir='ltr'>περὶ</span> 
     </span>
    </p>
   </div>
   <div class='ocr_carea' id='block_1_36' title="bbox 417 1882 1999 1958">
    <p class='ocr_par' dir='ltr' id='par_1_36' title="bbox 417 1882 1999 1958">
     <span class='ocr_line' id='line_1_36' title="bbox 417 1882 1999 1958; baseline 0.005 -21"><span class='ocrx_word' id='word_1_265' title='bbox 417 1882 569 1940; x_wconf 67' lang='lat' dir='ltr'><strong>dmos</strong></span> <span class='ocrx_word' id='word_1_266' title='bbox 598 1894 995 1951; x_wconf 86' lang='lat' dir='ltr'><strong>versarentur,</strong></span> <span class='ocrx_word' id='word_1_267' title='bbox 1023 1893 1078 1943; x_wconf 89' lang='lat' dir='ltr'><strong>et</strong></span> <span class='ocrx_word' id='word_1_268' title='bbox 1115 1886 1304 1941; x_wconf 85' lang='lat' dir='ltr'><strong>cuncti</strong></span> <span class='ocrx_word' id='word_1_269' title='bbox 1339 1887 1559 1958; x_wconf 86' lang='lat' dir='ltr'><strong>quidem</strong></span> <span class='ocrx_word' id='word_1_270' title='bbox 1592 1887 1941 1942; x_wconf 85' lang='lat' dir='ltr'><strong>concorditer</strong></span> <span class='ocrx_word' id='word_1_271' title='bbox 1968 1903 1999 1945; x_wconf 70' lang='grc' dir='ltr'><strong>ει</strong></span> 
     </span>
    </p>
   </div>
   <div class='ocr_carea' id='block_1_37' title="bbox 419 1974 1999 2049">
    <p class='ocr_par' dir='ltr' id='par_1_37' title="bbox 419 1974 1999 2049">
     <span class='ocr_line' id='line_1_37' title="bbox 419 1974 1999 2049; baseline 0.004 -23"><span class='ocrx_word' id='word_1_272' title='bbox 419 1974 625 2031; x_wconf 87' lang='lat' dir='ltr'><strong>Davide</strong></span> <span class='ocrx_word' id='word_1_273' title='bbox 664 1992 790 2032; x_wconf 93' lang='lat' dir='ltr'><strong>eum</strong></span> <span class='ocrx_word' id='word_1_274' title='bbox 836 1984 1165 2047; x_wconf 82' lang='lat' dir='ltr'><strong>repeterent,</strong></span> <span class='ocrx_word' id='word_1_275' title='bbox 1198 1987 1424 2049; x_wconf 88' lang='lat' dir='ltr'><strong>propter</strong></span> <span class='ocrx_word' id='word_1_276' title='bbox 1472 1977 1567 2033; x_wconf 87' lang='lat' dir='ltr'><strong>Dei</strong></span> <span class='ocrx_word' id='word_1_277' title='bbox 1599 1978 1999 2049; x_wconf 89' lang='lat' dir='ltr'><strong>promissioncs</strong></span> 
     </span>
    </p>
   </div>
   <div class='ocr_carea' id='block_1_38' title="bbox 419 2067 2000 2140">
    <p class='ocr_par' dir='ltr' id='par_1_38' title="bbox 419 2067 2000 2140">
     <span class='ocr_line' id='line_1_38' title="bbox 419 2067 2000 2140; baseline 0.002 -19"><span class='ocrx_word' id='word_1_278' title='bbox 419 2067 611 2123; x_wconf 87' lang='lat' dir='ltr'><strong>Davidi</strong></span> <span class='ocrx_word' id='word_1_279' title='bbox 640 2068 1018 2140; x_wconf 79' lang='lat' dir='ltr'><strong>significatas;</strong></span> <span class='ocrx_word' id='word_1_280' title='bbox 1054 2071 1273 2125; x_wconf 86' lang='lat' dir='ltr'><strong>interim</strong></span> <span class='ocrx_word' id='word_1_281' title='bbox 1304 2080 1486 2125; x_wconf 88' lang='lat' dir='ltr'><strong>tamen</strong></span> <span class='ocrx_word' id='word_1_282' title='bbox 1516 2071 1611 2125; x_wconf 91' lang='lat' dir='ltr'><strong>alii</strong></span> <span class='ocrx_word' id='word_1_283' title='bbox 1649 2086 1680 2124; x_wconf 91' lang='lat' dir='ltr'><strong>a</strong></span> <span class='ocrx_word' id='word_1_284' title='bbox 1711 2069 1915 2126; x_wconf 86' lang='lat' dir='ltr'><strong>Davide</strong></span> <span class='ocrx_word' id='word_1_285' title='bbox 1945 2078 2000 2126; x_wconf 87' lang='lat' dir='ltr'><strong>et</strong></span> 
     </span>
    </p>
   </div>
   <div class='ocr_carea' id='block_1_39' title="bbox 427 2158 1998 2232">
    <p class='ocr_par' dir='ltr' id='par_1_39' title="bbox 427 2158 1998 2232">
     <span class='ocr_line' id='line_1_39' title="bbox 427 2158 1998 2232; baseline -0.001 -16"><span class='ocrx_word' id='word_1_286' title='bbox 427 2158 721 2217; x_wconf 84' lang='lat' dir='ltr'><strong>Salomone</strong></span> <span class='ocrx_word' id='word_1_287' title='bbox 772 2161 1033 2232; x_wconf 85' lang='lat' dir='ltr'><strong>regioque</strong></span> <span class='ocrx_word' id='word_1_288' title='bbox 1073 2168 1360 2217; x_wconf 89' lang='lat' dir='ltr'><strong>stemmate</strong></span> <span class='ocrx_word' id='word_1_289' title='bbox 1418 2170 1671 2232; x_wconf 89' lang='lat' dir='ltr'><strong>putarent</strong></span> <span class='ocrx_word' id='word_1_290' title='bbox 1720 2162 1998 2217; x_wconf 75' lang='lat' dir='ltr'><strong>Christum</strong></span> 
     </span>
    </p>
   </div>
   <div class='ocr_carea' id='block_1_40' title="bbox 427 2250 2001 2324">
    <p class='ocr_par' dir='ltr' id='par_1_40' title="bbox 427 2250 2001 2324">
     <span class='ocr_line' id='line_1_40' title="bbox 427 2250 2001 2324; baseline 0 -18"><span class='ocrx_word' id='word_1_291' title='bbox 427 2250 656 2320; x_wconf 79' lang='lat' dir='ltr'><strong>adfore;</strong></span> <span class='ocrx_word' id='word_1_292' title='bbox 701 2252 794 2307; x_wconf 88' lang='lat' dir='ltr'><strong>alii</strong></span> <span class='ocrx_word' id='word_1_293' title='bbox 832 2253 902 2308; x_wconf 86' lang='lat' dir='ltr'><strong>ab</strong></span> <span class='ocrx_word' id='word_1_294' title='bbox 956 2254 1059 2308; x_wconf 92' lang='lat' dir='ltr'><strong>hac</strong></span> <span class='ocrx_word' id='word_1_295' title='bbox 1096 2254 1365 2308; x_wconf 77' lang='lat' dir='ltr'><strong>sententia</strong></span> <span class='ocrx_word' id='word_1_296' title='bbox 1395 2254 1733 2320; x_wconf 78' lang='lat' dir='ltr'><strong>recederent,</strong></span> <span class='ocrx_word' id='word_1_297' title='bbox 1782 2263 2001 2324; x_wconf 84' lang='lat' dir='ltr'><strong>propter</strong></span> 
     </span>
    </p>
   </div>
   <div class='ocr_carea' id='block_1_41' title="bbox 423 2346 2000 2417">
    <p class='ocr_par' dir='ltr' id='par_1_41' title="bbox 423 2346 2000 2417">
     <span class='ocr_line' id='line_1_41' title="bbox 423 2346 2000 2417; baseline -0.001 -18"><span class='ocrx_word' id='word_1_298' title='bbox 423 2347 624 2402; x_wconf 88' lang='lat' dir='ltr'><strong>multas</strong></span> <span class='ocrx_word' id='word_1_299' title='bbox 671 2347 893 2417; x_wconf 82' lang='lat' dir='ltr'><strong>regibus</strong></span> <span class='ocrx_word' id='word_1_300' title='bbox 944 2347 1157 2403; x_wconf 86' lang='lat' dir='ltr'><strong>inustas</strong></span> <span class='ocrx_word' id='word_1_301' title='bbox 1208 2346 1648 2411; x_wconf 61' lang='lat' dir='ltr'><strong>crin‘iinationes,</strong></span> <span class='ocrx_word' id='word_1_302' title='bbox 1694 2356 1748 2401; x_wconf 91' lang='lat' dir='ltr'><strong>et</strong></span> <span class='ocrx_word' id='word_1_303' title='bbox 1781 2356 2000 2416; x_wconf 86' lang='lat' dir='ltr'><strong>propter</strong></span> 
     </span>
    </p>
   </div>
   <div class='ocr_carea' id='block_1_42' title="bbox 424 2437 1996 2510">
    <p class='ocr_par' dir='ltr' id='par_1_42' title="bbox 424 2437 1996 2510">
     <span class='ocr_line' id='line_1_42' title="bbox 424 2437 1996 2510; baseline -0.003 -17"><span class='ocrx_word' id='word_1_304' title='bbox 424 2439 791 2509; x_wconf 86' lang='lat' dir='ltr'><strong>proscriptum</strong></span> <span class='ocrx_word' id='word_1_305' title='bbox 876 2439 946 2494; x_wconf 85' lang='lat' dir='ltr'><strong>ab</strong></span> <span class='ocrx_word' id='word_1_306' title='bbox 1026 2440 1267 2495; x_wconf 85' lang='lat' dir='ltr'><strong>Jcremia</strong></span> <span class='ocrx_word' id='word_1_307' title='bbox 1316 2439 1583 2510; x_wconf 86' lang='lat' dir='ltr'><strong>propheta</strong></span> <span class='ocrx_word' id='word_1_308' title='bbox 1642 2437 1996 2501; x_wconf 83' lang='lat' dir='ltr'><strong>Jechoniam,</strong></span> 
     </span>
    </p>
   </div>
   <div class='ocr_carea' id='block_1_43' title="bbox 418 2526 1999 2598">
    <p class='ocr_par' dir='ltr' id='par_1_43' title="bbox 418 2526 1999 2598">
     <span class='ocr_line' id='line_1_43' title="bbox 418 2526 1999 2598; baseline -0.003 -14"><span class='ocrx_word' id='word_1_309' title='bbox 418 2545 547 2584; x_wconf 92' lang='lat' dir='ltr'><strong>cum</strong></span> <span class='ocrx_word' id='word_1_310' title='bbox 590 2530 669 2585; x_wconf 91' lang='lat' dir='ltr'><strong>ait</strong></span> <span class='ocrx_word' id='word_1_311' title='bbox 716 2545 826 2584; x_wconf 91' lang='lat' dir='ltr'><strong>non</strong></span> <span class='ocrx_word' id='word_1_312' title='bbox 875 2538 1258 2586; x_wconf 88' lang='lat' dir='ltr'><strong>surrecturum</strong></span> <span class='ocrx_word' id='word_1_313' title='bbox 1308 2544 1375 2584; x_wconf 83' lang='lat' dir='ltr'><strong>ex</strong></span> <span class='ocrx_word' id='word_1_314' title='bbox 1424 2528 1546 2597; x_wconf 91' lang='lat' dir='ltr'><strong>ejus</strong></span> <span class='ocrx_word' id='word_1_315' title='bbox 1595 2527 1769 2598; x_wconf 88' lang='lat' dir='ltr'><strong>stirpe</strong></span> <span class='ocrx_word' id='word_1_316' title='bbox 1801 2526 1894 2597; x_wconf 88' lang='lat' dir='ltr'><strong>qui</strong></span> <span class='ocrx_word' id='word_1_317' title='bbox 1943 2527 1999 2581; x_wconf 68' lang='lat' dir='ltr'><strong>in</strong></span> 
     </span>
    </p>
   </div>
   <div class='ocr_carea' id='block_1_44' title="bbox 420 2620 2000 2690">
    <p class='ocr_par' dir='ltr' id='par_1_44' title="bbox 420 2620 2000 2690">
     <span class='ocr_line' id='line_1_44' title="bbox 420 2620 2000 2690; baseline -0.002 -15"><span class='ocrx_word' id='word_1_318' title='bbox 420 2620 645 2678; x_wconf 89' lang='lat' dir='ltr'><strong>Davidis</strong></span> <span class='ocrx_word' id='word_1_319' title='bbox 675 2622 874 2677; x_wconf 87' lang='lat' dir='ltr'><strong>throno</strong></span> <span class='ocrx_word' id='word_1_320' title='bbox 910 2621 1145 2688; x_wconf 87' lang='lat' dir='ltr'><strong>sederet,</strong></span> <span class='ocrx_word' id='word_1_321' title='bbox 1178 2635 1413 2690; x_wconf 89' lang='lat' dir='ltr'><strong>cumque</strong></span> <span class='ocrx_word' id='word_1_322' title='bbox 1432 2621 1504 2676; x_wconf 88' lang='lat' dir='ltr'><strong>ob</strong></span> <span class='ocrx_word' id='word_1_323' title='bbox 1533 2620 1586 2675; x_wconf 92' lang='lat' dir='ltr'><strong>id</strong></span> <span class='ocrx_word' id='word_1_324' title='bbox 1626 2620 1731 2673; x_wconf 88' lang='lat' dir='ltr'><strong>alia</strong></span> <span class='ocrx_word' id='word_1_325' title='bbox 1764 2620 1849 2675; x_wconf 85' lang='lat' dir='ltr'><strong>via</strong></span> <span class='ocrx_word' id='word_1_326' title='bbox 1875 2636 2000 2690; x_wconf 91' lang='lat' dir='ltr'><strong>per-</strong></span> 
     </span>
    </p>
   </div>
   <div class='ocr_carea' id='block_1_45' title="bbox 422 2712 2001 2786">
    <p class='ocr_par' dir='ltr' id='par_1_45' title="bbox 422 2712 2001 2786">
     <span class='ocr_line' id='line_1_45' title="bbox 422 2712 2001 2786; baseline -0.003 -16"><span class='ocrx_word' id='word_1_327' title='bbox 422 2723 613 2786; x_wconf 81' lang='lat' dir='ltr'><strong>gerent</strong></span> <span class='ocrx_word' id='word_1_328' title='bbox 643 2735 657 2770; x_wconf 90' lang='lat'>:</span> <span class='ocrx_word' id='word_1_329' title='bbox 685 2722 740 2770; x_wconf 89' lang='lat' dir='ltr'><strong>et</strong></span> <span class='ocrx_word' id='word_1_330' title='bbox 766 2730 890 2770; x_wconf 88' lang='lat' dir='ltr'><strong>cum</strong></span> <span class='ocrx_word' id='word_1_331' title='bbox 926 2716 981 2769; x_wconf 88' lang='lat' dir='ltr'><strong>in</strong></span> <span class='ocrx_word' id='word_1_332' title='bbox 1020 2714 1241 2768; x_wconf 84' lang='lat' dir='ltr'><strong>Davidis</strong></span> <span class='ocrx_word' id='word_1_333' title='bbox 1291 2712 1611 2766; x_wconf 84' lang='lat' dir='ltr'><strong>allirmando</strong></span> <span class='ocrx_word' id='word_1_334' title='bbox 1640 2728 1838 2781; x_wconf 85' lang='lat' dir='ltr'><strong>genere</strong></span> <span class='ocrx_word' id='word_1_335' title='bbox 1867 2730 2001 2766; x_wconf 82' lang='lat' dir='ltr'><strong>con-</strong></span> 
     </span>
    </p>
   </div>
   <div class='ocr_carea' id='block_1_46' title="bbox 423 2801 2000 2877">
    <p class='ocr_par' dir='ltr' id='par_1_46' title="bbox 423 2801 2000 2877">
     <span class='ocr_line' id='line_1_46' title="bbox 423 2801 2000 2877; baseline -0.003 -16"><span class='ocrx_word' id='word_1_336' title='bbox 423 2807 724 2877; x_wconf 83' lang='lat' dir='ltr'><strong>spirarent,</strong></span> <span class='ocrx_word' id='word_1_337' title='bbox 754 2823 865 2860; x_wconf 87' lang='lat' dir='ltr'><strong>non</strong></span> <span class='ocrx_word' id='word_1_338' title='bbox 901 2813 1085 2860; x_wconf 88' lang='lat' dir='ltr'><strong>tamen</strong></span> <span class='ocrx_word' id='word_1_339' title='bbox 1126 2820 1223 2874; x_wconf 90' lang='lat' dir='ltr'><strong>per</strong></span> <span class='ocrx_word' id='word_1_340' title='bbox 1249 2801 1618 2866; x_wconf 83' lang='lat' dir='ltr'><strong>Salomouem,</strong></span> <span class='ocrx_word' id='word_1_341' title='bbox 1646 2804 1740 2858; x_wconf 83' lang='lat' dir='ltr'><strong>sed</strong></span> <span class='ocrx_word' id='word_1_342' title='bbox 1772 2819 1867 2872; x_wconf 90' lang='lat' dir='ltr'><strong>per</strong></span> <span class='ocrx_word' id='word_1_343' title='bbox 1894 2803 2000 2857; x_wconf 83' lang='lat' dir='ltr'><strong>Na-</strong></span> 
     </span>
    </p>
   </div>
   <div class='ocr_carea' id='block_1_47' title="bbox 420 2895 1997 2965">
    <p class='ocr_par' dir='ltr' id='par_1_47' title="bbox 420 2895 1997 2965">
     <span class='ocr_line' id='line_1_47' title="bbox 420 2895 1997 2965; baseline -0.003 -13"><span class='ocrx_word' id='word_1_344' title='bbox 420 2899 651 2953; x_wconf 86' lang='lat' dir='ltr'><strong>thanum</strong></span> <span class='ocrx_word' id='word_1_345' title='bbox 678 2897 900 2953; x_wconf 84' lang='lat' dir='ltr'><strong>Davidis</strong></span> <span class='ocrx_word' id='word_1_346' title='bbox 936 2897 1066 2951; x_wconf 85' lang='lat' dir='ltr'><strong>item</strong></span> <span class='ocrx_word' id='word_1_347' title='bbox 1094 2897 1285 2961; x_wconf 88' lang='lat' dir='ltr'><strong>lilium,</strong></span> <span class='ocrx_word' id='word_1_348' title='bbox 1317 2896 1647 2950; x_wconf 86' lang='lat' dir='ltr'><strong>deducerent</strong></span> <span class='ocrx_word' id='word_1_349' title='bbox 1688 2895 1801 2965; x_wconf 88' lang='lat' dir='ltr'><strong>(qui</strong></span> <span class='ocrx_word' id='word_1_350' title='bbox 1858 2898 1997 2951; x_wconf 76' lang='lat' dir='ltr'><strong>idem</strong></span> 
     </span>
    </p>
   </div>
   <div class='ocr_carea' id='block_1_48' title="bbox 419 2988 1998 3059">
    <p class='ocr_par' dir='ltr' id='par_1_48' title="bbox 419 2988 1998 3059">
     <span class='ocr_line' id='line_1_48' title="bbox 419 2988 1998 3059; baseline -0.004 -13"><span class='ocrx_word' id='word_1_351' title='bbox 419 2989 711 3046; x_wconf 81' lang='lat' dir='ltr'><strong>Nathanus</strong></span> <span class='ocrx_word' id='word_1_352' title='bbox 766 2989 1031 3059; x_wconf 87' lang='lat' dir='ltr'><strong>propheta</strong></span> <span class='ocrx_word' id='word_1_353' title='bbox 1083 2988 1256 3043; x_wconf 82' lang='lat' dir='ltr'><strong>fuisse</strong></span> <span class='ocrx_word' id='word_1_354' title='bbox 1311 2988 1534 3050; x_wconf 89' lang='lat' dir='ltr'><strong>dicitur,</strong></span> <span class='ocrx_word' id='word_1_355' title='bbox 1591 2988 1893 3042; x_wconf 86' lang='lat' dir='ltr'><strong>secundum</strong></span> <span class='ocrx_word' id='word_1_356' title='bbox 1934 3002 1998 3041; x_wconf 91' lang='lat' dir='ltr'><strong>ea</strong></span> 
     </span>
    </p>
   </div>
   <div class='ocr_carea' id='block_1_49' title="bbox 422 3077 1998 3153">
    <p class='ocr_par' dir='ltr' id='par_1_49' title="bbox 422 3077 1998 3153">
     <span class='ocr_line' id='line_1_49' title="bbox 422 3077 1998 3153; baseline -0.005 -16"><span class='ocrx_word' id='word_1_357' title='bbox 422 3098 545 3153; x_wconf 70' lang='lat' dir='ltr'><strong>quae</strong></span> <span class='ocrx_word' id='word_1_358' title='bbox 574 3081 825 3136; x_wconf 83' lang='lat' dir='ltr'><strong>feruntur</strong></span> <span class='ocrx_word' id='word_1_359' title='bbox 851 3081 906 3134; x_wconf 86' lang='lat' dir='ltr'><strong>in</strong></span> <span class='ocrx_word' id='word_1_360' title='bbox 937 3080 1142 3141; x_wconf 58' lang='lat' dir='ltr'><strong>Regum</strong></span> <span class='ocrx_word' id='word_1_361' title='bbox 1180 3077 1389 3145; x_wconf 84' lang='lat' dir='ltr'><strong>libris);</strong></span> <span class='ocrx_word' id='word_1_362' title='bbox 1423 3087 1585 3147; x_wconf 88' lang='lat' dir='ltr'><strong>atque</strong></span> <span class='ocrx_word' id='word_1_363' title='bbox 1602 3078 1864 3146; x_wconf 73' lang='lat' dir='ltr'><strong>ab~~huj’us</strong></span> <span class='ocrx_word' id='word_1_364' title='bbox 1904 3092 1998 3146; x_wconf 87' lang='lat' dir='ltr'><strong>po-</strong></span> 
     </span>
    </p>
   </div>
   <div class='ocr_carea' id='block_1_50' title="bbox 425 3173 1998 3241">
    <p class='ocr_par' dir='ltr' id='par_1_50' title="bbox 425 3173 1998 3241">
     <span class='ocr_line' id='line_1_50' title="bbox 425 3173 1998 3241; baseline -0.004 -10"><span class='ocrx_word' id='word_1_365' title='bbox 425 3176 593 3231; x_wconf 84' lang='lat' dir='ltr'><strong>steris</strong></span> <span class='ocrx_word' id='word_1_366' title='bbox 638 3183 933 3229; x_wconf 91' lang='lat' dir='ltr'><strong>venturum</strong></span> <span class='ocrx_word' id='word_1_367' title='bbox 987 3173 1266 3229; x_wconf 74' lang='lat' dir='ltr'><strong>Christum</strong></span> <span class='ocrx_word' id='word_1_368' title='bbox 1317 3181 1652 3238; x_wconf 81' lang='lat' dir='ltr'><strong>assererem;</strong></span> <span class='ocrx_word' id='word_1_369' title='bbox 1710 3173 1998 3241; x_wconf 81' lang='lat' dir='ltr'><strong>ipsumque</strong></span> 
     </span>
    </p>
   </div>
   <div class='ocr_carea' id='block_1_51' title="bbox 422 3264 1999 3339">
    <p class='ocr_par' dir='ltr' id='par_1_51' title="bbox 422 3264 1999 3339">
     <span class='ocr_line' id='line_1_51' title="bbox 422 3264 1999 3339; baseline -0.004 -16"><span class='ocrx_word' id='word_1_370' title='bbox 422 3266 648 3339; x_wconf 82' lang='lat' dir='ltr'><strong>.Iosephi</strong></span> <span class='ocrx_word' id='word_1_371' title='bbox 694 3282 866 3338; x_wconf 87' lang='lat' dir='ltr'><strong>genus</strong></span> <span class='ocrx_word' id='word_1_372' title='bbox 902 3266 1029 3321; x_wconf 88' lang='lat' dir='ltr'><strong>inde</strong></span> <span class='ocrx_word' id='word_1_373' title='bbox 1069 3281 1245 3338; x_wconf 87' lang='lat' dir='ltr'><strong>usque</strong></span> <span class='ocrx_word' id='word_1_374' title='bbox 1293 3272 1630 3335; x_wconf 88' lang='lat' dir='ltr'><strong>repeterent;</strong></span> <span class='ocrx_word' id='word_1_375' title='bbox 1684 3264 1999 3318; x_wconf 87' lang='lat' dir='ltr'><strong>necessario</strong></span> 
     </span>
    </p>
   </div>
   <div class='ocr_carea' id='block_1_52' title="bbox 424 3356 1999 3430">
    <p class='ocr_par' dir='ltr' id='par_1_52' title="bbox 424 3356 1999 3430">
     <span class='ocr_line' id='line_1_52' title="bbox 424 3356 1999 3430; baseline -0.004 -16"><span class='ocrx_word' id='word_1_376' title='bbox 424 3358 606 3415; x_wconf 90' lang='lat' dir='ltr'><strong>Lucas</strong></span> <span class='ocrx_word' id='word_1_377' title='bbox 637 3359 731 3430; x_wconf 89' lang='lat' dir='ltr'><strong>qui</strong></span> <span class='ocrx_word' id='word_1_378' title='bbox 763 3359 978 3413; x_wconf 91' lang='lat' dir='ltr'><strong>illorum</strong></span> <span class='ocrx_word' id='word_1_379' title='bbox 1011 3359 1323 3429; x_wconf 89' lang='lat' dir='ltr'><strong>opinionem</strong></span> <span class='ocrx_word' id='word_1_380' title='bbox 1350 3356 1541 3420; x_wconf 86' lang='lat' dir='ltr'><strong>refert,</strong></span> <span class='ocrx_word' id='word_1_381' title='bbox 1569 3372 1675 3410; x_wconf 90' lang='lat' dir='ltr'><strong>non</strong></span> <span class='ocrx_word' id='word_1_382' title='bbox 1700 3371 1876 3419; x_wconf 90' lang='lat' dir='ltr'><strong>suam,</strong></span> <span class='ocrx_word' id='word_1_383' title='bbox 1904 3356 1999 3408; x_wconf 82' lang='lat' dir='ltr'><strong>ad-</strong></span> 
     </span>
    </p>
   </div>
   <div class='ocr_carea' id='block_1_53' title="bbox 419 3447 2001 3521">
    <p class='ocr_par' dir='ltr' id='par_1_53' title="bbox 419 3447 2001 3521">
     <span class='ocr_line' id='line_1_53' title="bbox 419 3447 2001 3521; baseline -0.004 -16"><span class='ocrx_word' id='word_1_384' title='bbox 419 3451 555 3521; x_wconf 88' lang='lat' dir='ltr'><strong>jecit</strong></span> <span class='ocrx_word' id='word_1_385' title='bbox 581 3450 885 3505; x_wconf 86' lang='lat' dir='ltr'><strong>narrationi</strong></span> <span class='ocrx_word' id='word_1_386' title='bbox 927 3468 946 3500; x_wconf 87' lang='grc'><em>‹</em></span> <span class='ocrx_word' id='word_1_387' title='bbox 976 3459 1034 3504; x_wconf 91' lang='lat' dir='ltr'><strong>ut</strong></span> <span class='ocrx_word' id='word_1_388' title='bbox 1067 3451 1395 3520; x_wconf 86' lang='lat' dir='ltr'><strong>putabatur;</strong></span> <span class='ocrx_word' id='word_1_389' title='bbox 1433 3469 1450 3499; x_wconf 75' lang='grc' dir='ltr'><strong>ι</strong></span> <span class='ocrx_word' id='word_1_390' title='bbox 1484 3447 1735 3502; x_wconf 67' lang='grc' dir='ltr'>Μιιιιιιωο</span> <span class='ocrx_word' id='word_1_391' title='bbox 1776 3449 2001 3517; x_wconf 81' lang='lat' dir='ltr'><strong>permit-</strong></span> 
     </span>
    </p>
   </div>
   <div class='ocr_carea' id='block_1_54' title="bbox 422 3540 2001 3611">
    <p class='ocr_par' dir='ltr' id='par_1_54' title="bbox 422 3540 2001 3611">
     <span class='ocr_line' id='line_1_54' title="bbox 422 3540 2001 3611; baseline -0.001 -15"><span class='ocrx_word' id='word_1_392' title='bbox 422 3548 549 3598; x_wconf 83' lang='lat' dir='ltr'><strong>tens</strong></span> <span class='ocrx_word' id='word_1_393' title='bbox 586 3558 817 3597; x_wconf 91' lang='lat' dir='ltr'><strong>narrare</strong></span> <span class='ocrx_word' id='word_1_394' title='bbox 865 3559 974 3597; x_wconf 88' lang='lat' dir='ltr'><strong>non</strong></span> <span class='ocrx_word' id='word_1_395' title='bbox 1023 3550 1081 3596; x_wconf 88' lang='lat' dir='ltr'><strong>ut</strong></span> <span class='ocrx_word' id='word_1_396' title='bbox 1113 3542 1424 3611; x_wconf 84' lang='lat' dir='ltr'><strong>putabatur,</strong></span> <span class='ocrx_word' id='word_1_397' title='bbox 1458 3540 1552 3595; x_wconf 88' lang='lat' dir='ltr'><strong>sed</strong></span> <span class='ocrx_word' id='word_1_398' title='bbox 1584 3541 1661 3594; x_wconf 89' lang='lat' dir='ltr'><strong>uti</strong></span> <span class='ocrx_word' id='word_1_399' title='bbox 1697 3556 1886 3594; x_wconf 83' lang='lat' dir='ltr'><strong>revera</strong></span> <span class='ocrx_word' id='word_1_400' title='bbox 1941 3555 2001 3595; x_wconf 91' lang='lat' dir='ltr'><strong>se</strong></span> 
     </span>
    </p>
   </div>
   <div class='ocr_carea' id='block_1_55' title="bbox 425 3632 2001 3706">
    <p class='ocr_par' dir='ltr' id='par_1_55' title="bbox 425 3632 2001 3706">
     <span class='ocr_line' id='line_1_55' title="bbox 425 3632 2001 3706; baseline -0.001 -18"><span class='ocrx_word' id='word_1_401' title='bbox 425 3634 661 3690; x_wconf 88' lang='lat' dir='ltr'><strong>habebat</strong></span> <span class='ocrx_word' id='word_1_402' title='bbox 707 3636 861 3705; x_wconf 77' lang='lat' dir='ltr'><strong>origo</strong></span> <span class='ocrx_word' id='word_1_403' title='bbox 903 3634 1140 3706; x_wconf 87' lang='lat' dir='ltr'><strong>generis.</strong></span> <span class='ocrx_word' id='word_1_404' title='bbox 1171 3632 1349 3702; x_wconf 86' lang='lat' dir='ltr'><strong>Atque</strong></span> <span class='ocrx_word' id='word_1_405' title='bbox 1393 3634 1508 3687; x_wconf 63' lang='lat' dir='ltr'><strong>haec</strong></span> <span class='ocrx_word' id='word_1_406' title='bbox 1543 3633 1722 3702; x_wconf 88' lang='lat' dir='ltr'><strong>prima</strong></span> <span class='ocrx_word' id='word_1_407' title='bbox 1760 3639 1883 3687; x_wconf 90' lang='lat' dir='ltr'><strong>esto</strong></span> <span class='ocrx_word' id='word_1_408' title='bbox 1914 3647 2001 3686; x_wconf 88' lang='lat' dir='ltr'><strong>re—</strong></span> 
     </span>
    </p>
   </div>
   <div class='ocr_carea' id='block_1_56' title="bbox 425 3729 670 3799">
    <p class='ocr_par' dir='ltr' id='par_1_56' title="bbox 425 3729 670 3799">
     <span class='ocr_line' id='line_1_56' title="bbox 425 3729 670 3799; baseline -0.004 -16"><span class='ocrx_word' id='word_1_409' title='bbox 425 3729 670 3799; x_wconf 85' lang='lat' dir='ltr'><strong>sponsio.</strong></span> 
     </span>
    </p>
   </div>
   <div class='ocr_carea' id='block_1_57' title="bbox 493 3821 2003 3894">
    <p class='ocr_par' dir='ltr' id='par_1_57' title="bbox 493 3821 2003 3894">
     <span class='ocr_line' id='line_1_57' title="bbox 493 3821 2003 3894; baseline -0.003 -19"><span class='ocrx_word' id='word_1_410' title='bbox 493 3821 548 3876; x_wconf 81' lang='lat'><strong>5.</strong></span> <span class='ocrx_word' id='word_1_411' title='bbox 590 3823 711 3877; x_wconf 84' lang='lat' dir='ltr'><strong>Alia</strong></span> <span class='ocrx_word' id='word_1_412' title='bbox 742 3839 960 3894; x_wconf 91' lang='lat' dir='ltr'><strong>quoque</strong></span> <span class='ocrx_word' id='word_1_413' title='bbox 1010 3824 1279 3894; x_wconf 78' lang='lat' dir='ltr'><strong>profunda</strong></span> <span class='ocrx_word' id='word_1_414' title='bbox 1327 3832 1383 3878; x_wconf 91' lang='lat' dir='ltr'><strong>et</strong></span> <span class='ocrx_word' id='word_1_415' title='bbox 1428 3837 1629 3877; x_wconf 88' lang='lat' dir='ltr'><strong>arcana</strong></span> <span class='ocrx_word' id='word_1_416' title='bbox 1676 3836 1800 3875; x_wconf 88' lang='lat' dir='ltr'><strong>esse</strong></span> <span class='ocrx_word' id='word_1_417' title='bbox 1823 3824 2003 3890; x_wconf 88' lang='lat' dir='ltr'><strong>potest</strong></span> 
     </span>
    </p>
   </div>
   <div class='ocr_carea' id='block_1_58' title="bbox 428 3911 2000 3981">
    <p class='ocr_par' dir='ltr' id='par_1_58' title="bbox 428 3911 2000 3981">
     <span class='ocr_line' id='line_1_58' title="bbox 428 3911 2000 3981; baseline -0.008 -8"><span class='ocrx_word' id='word_1_418' title='bbox 428 3911 552 3981; x_wconf 77' lang='lat' dir='ltr'><strong>ejus</strong></span> <span class='ocrx_word' id='word_1_419' title='bbox 574 3914 913 3970; x_wconf 87' lang='lat' dir='ltr'><strong>narrationis</strong></span> <span class='ocrx_word' id='word_1_420' title='bbox 943 3915 1348 3970; x_wconf 85' lang='lat' dir='ltr'><strong>ratio.-Etenim</strong></span> <span class='ocrx_word' id='word_1_421' title='bbox 1387 3914 1674 3967; x_wconf 72' lang='lat' dir='ltr'><strong>Matthzeus</strong></span> <span class='ocrx_word' id='word_1_422' title='bbox 1705 3912 2000 3964; x_wconf 86' lang='lat' dir='ltr'><strong>humanam</strong></span> 
     </span>
    </p>
   </div>
   <div class='ocr_carea' id='block_1_59' title="bbox 425 4004 2000 4087">
    <p class='ocr_par' dir='ltr' id='par_1_59' title="bbox 425 4004 2000 4087">
     <span class='ocr_line' id='line_1_59' title="bbox 425 4004 2000 4087; baseline -0.002 -29"><span class='ocrx_word' id='word_1_423' title='bbox 425 4004 635 4070; x_wconf 73' lang='lat' dir='ltr'><strong>Christi</strong></span> <span class='ocrx_word' id='word_1_424' title='bbox 657 4006 1000 4061; x_wconf 80' lang='lat' dir='ltr'><strong>nativitatem</strong></span> <span class='ocrx_word' id='word_1_425' title='bbox 1032 4008 1236 4062; x_wconf 88' lang='lat' dir='ltr'><strong>diserte</strong></span> <span class='ocrx_word' id='word_1_426' title='bbox 1259 4006 1601 4087; x_wconf 76' lang='lat' dir='ltr'><strong>describens,</strong></span> <span class='ocrx_word' id='word_1_427' title='bbox 1636 4017 1870 4072; x_wconf 86' lang='lat' dir='ltr'><strong>vereque</strong></span> <span class='ocrx_word' id='word_1_428' title='bbox 1904 4016 2000 4055; x_wconf 88' lang='lat' dir='ltr'><strong>vo-</strong></span> 
     </span>
    </p>
   </div>
   <div class='ocr_carea' id='block_1_60' title="bbox 427 4093 2000 4166">
    <p class='ocr_par' dir='ltr' id='par_1_60' title="bbox 427 4093 2000 4166">
     <span class='ocr_line' id='line_1_60' title="bbox 427 4093 2000 4166; baseline 0.001 -17"><span class='ocrx_word' id='word_1_429' title='bbox 427 4094 550 4150; x_wconf 89' lang='lat' dir='ltr'><strong>lens</strong></span> <span class='ocrx_word' id='word_1_430' title='bbox 584 4093 880 4166; x_wconf 80' lang='lat' dir='ltr'><strong>Josephum</strong></span> <span class='ocrx_word' id='word_1_431' title='bbox 919 4095 1124 4153; x_wconf 87' lang='lat' dir='ltr'><strong>Davide</strong></span> <span class='ocrx_word' id='word_1_432' title='bbox 1154 4097 1451 4153; x_wconf 87' lang='lat' dir='ltr'><strong>oriundum</strong></span> <span class='ocrx_word' id='word_1_433' title='bbox 1496 4102 1899 4159; x_wconf 87' lang='lat' dir='ltr'><strong>demonstrare,</strong></span> <span class='ocrx_word' id='word_1_434' title='bbox 1933 4111 2000 4150; x_wconf 92' lang='lat' dir='ltr'><strong>eo</strong></span> 
     </span>
    </p>
   </div>
   <div class='ocr_carea' id='block_1_61' title="bbox 436 4187 2003 4259">
    <p class='ocr_par' dir='ltr' id='par_1_61' title="bbox 436 4187 2003 4259">
     <span class='ocr_line' id='line_1_61' title="bbox 436 4187 2003 4259; baseline -0.001 -18"><span class='ocrx_word' id='word_1_435' title='bbox 436 4200 549 4256; x_wconf 91' lang='lat' dir='ltr'><strong>quo</strong></span> <span class='ocrx_word' id='word_1_436' title='bbox 577 4200 677 4257; x_wconf 91' lang='lat' dir='ltr'><strong>par</strong></span> <span class='ocrx_word' id='word_1_437' title='bbox 710 4196 828 4241; x_wconf 92' lang='lat' dir='ltr'><strong>erat</strong></span> <span class='ocrx_word' id='word_1_438' title='bbox 866 4190 1138 4245; x_wconf 91' lang='lat' dir='ltr'><strong>sermonis</strong></span> <span class='ocrx_word' id='word_1_439' title='bbox 1170 4192 1421 4259; x_wconf 84' lang='lat' dir='ltr'><strong>ingressu</strong></span> <span class='ocrx_word' id='word_1_440' title='bbox 1451 4190 1656 4255; x_wconf 88' lang='lat' dir='ltr'><strong>utitur;</strong></span> <span class='ocrx_word' id='word_1_441' title='bbox 1699 4187 1876 4244; x_wconf 83' lang='lat' dir='ltr'><strong>Lucas</strong></span> <span class='ocrx_word' id='word_1_442' title='bbox 1905 4203 2003 4241; x_wconf 58' lang='lat' dir='ltr'><strong>au.</strong></span> 
     </span>
    </p>
   </div>
   <div class='ocr_carea' id='block_1_62' title="bbox 379 4277 2003 4349">
    <p class='ocr_par' dir='ltr' id='par_1_62' title="bbox 379 4277 2003 4349">
     <span class='ocr_line' id='line_1_62' title="bbox 379 4277 2003 4349; baseline -0.003 -15"><span class='ocrx_word' id='word_1_443' title='bbox 379 4306 388 4321; x_wconf 83' lang='grc' dir='ltr'><strong>ι</strong></span> <span class='ocrx_word' id='word_1_444' title='bbox 426 4283 561 4342; x_wconf 82' lang='lat' dir='ltr'><strong>tem,</strong></span> <span class='ocrx_word' id='word_1_445' title='bbox 594 4284 655 4331; x_wconf 91' lang='lat' dir='ltr'><strong>ut</strong></span> <span class='ocrx_word' id='word_1_446' title='bbox 700 4278 918 4348; x_wconf 90' lang='lat' dir='ltr'><strong>opinor,</strong></span> <span class='ocrx_word' id='word_1_447' title='bbox 950 4279 1079 4349; x_wconf 89' lang='lat' dir='ltr'><strong>quia</strong></span> <span class='ocrx_word' id='word_1_448' title='bbox 1109 4280 1276 4336; x_wconf 91' lang='lat' dir='ltr'><strong>nollet</strong></span> <span class='ocrx_word' id='word_1_449' title='bbox 1310 4294 1569 4334; x_wconf 90' lang='lat' dir='ltr'><strong>carneam</strong></span> <span class='ocrx_word' id='word_1_450' title='bbox 1616 4277 1823 4333; x_wconf 84' lang='lat' dir='ltr'><strong>Christi</strong></span> <span class='ocrx_word' id='word_1_451' title='bbox 1859 4277 2003 4331; x_wconf 87' lang='lat' dir='ltr'><strong>nati-</strong></span> 
     </span>
    </p>
   </div>
   <div class='ocr_carea' id='block_1_63' title="bbox 425 4368 2002 4441">
    <p class='ocr_par' dir='ltr' id='par_1_63' title="bbox 425 4368 2002 4441">
     <span class='ocr_line' id='line_1_63' title="bbox 425 4368 2002 4441; baseline -0.001 -17"><span class='ocrx_word' id='word_1_452' title='bbox 425 4371 651 4424; x_wconf 72' lang='lat' dir='ltr'><strong>vitalem</strong></span> <span class='ocrx_word' id='word_1_453' title='bbox 684 4368 1020 4434; x_wconf 88' lang='lat' dir='ltr'><strong>describere,</strong></span> <span class='ocrx_word' id='word_1_454' title='bbox 1050 4372 1126 4425; x_wconf 90' lang='lat' dir='ltr'><strong>ita</strong></span> <span class='ocrx_word' id='word_1_455' title='bbox 1154 4386 1304 4426; x_wconf 85' lang='lat' dir='ltr'><strong>nunc</strong></span> <span class='ocrx_word' id='word_1_456' title='bbox 1328 4386 1387 4427; x_wconf 88' lang='lat' dir='ltr'><strong>se</strong></span> <span class='ocrx_word' id='word_1_457' title='bbox 1415 4371 1607 4441; x_wconf 85' lang='lat' dir='ltr'><strong>gessit.</strong></span> <span class='ocrx_word' id='word_1_458' title='bbox 1641 4368 1775 4423; x_wconf 90' lang='lat' dir='ltr'><strong>Nam</strong></span> <span class='ocrx_word' id='word_1_459' title='bbox 1809 4369 1857 4423; x_wconf 90' lang='lat' dir='ltr'><strong>si</strong></span> <span class='ocrx_word' id='word_1_460' title='bbox 1900 4369 2002 4423; x_wconf 89' lang='lat' dir='ltr'><strong>hoc</strong></span> 
     </span>
    </p>
   </div>
   <div class='ocr_carea' id='block_1_64' title="bbox 2102 1888 3667 1967">
    <p class='ocr_par' dir='ltr' id='par_1_64' title="bbox 2102 1888 3667 1967">
     <span class='ocr_line' id='line_1_64' title="bbox 2102 1888 3667 1967; baseline -0.006 -16"><span class='ocrx_word' id='word_1_461' title='bbox 2102 1896 2193 1951; x_wconf 90' lang='grc' dir='ltr'><strong>τοῦ</strong></span> <span class='ocrx_word' id='word_1_462' title='bbox 2216 1892 2452 1967; x_wconf 84' lang='grc' dir='ltr'>Χριστοῦ</span> <span class='ocrx_word' id='word_1_463' title='bbox 2480 1893 2923 1964; x_wconf 79' lang='grc' dir='ltr'>κεκρατημένων,</span> <span class='ocrx_word' id='word_1_464' title='bbox 2946 1892 3038 1945; x_wconf 73' lang='grc' dir='ltr'><strong>καὶ</strong></span> <span class='ocrx_word' id='word_1_465' title='bbox 3071 1893 3289 1946; x_wconf 82' lang='grc' dir='ltr'>πάντων</span> <span class='ocrx_word' id='word_1_466' title='bbox 3329 1891 3429 1962; x_wconf 86' lang='grc' dir='ltr'><strong>μὲν</strong></span> <span class='ocrx_word' id='word_1_467' title='bbox 3461 1888 3667 1961; x_wconf 77' lang='grc' dir='ltr'>συμφώ-</span> 
     </span>
    </p>
   </div>
   <div class='ocr_carea' id='block_1_65' title="bbox 2100 1979 3667 2054">
    <p class='ocr_par' dir='ltr' id='par_1_65' title="bbox 2100 1979 3667 2054">
     <span class='ocr_line' id='line_1_65' title="bbox 2100 1979 3667 2054; baseline -0.006 -10"><span class='ocrx_word' id='word_1_468' title='bbox 2100 2006 2207 2052; x_wconf 88' lang='grc' dir='ltr'><strong>νως</strong></span> <span class='ocrx_word' id='word_1_469' title='bbox 2236 1987 2327 2041; x_wconf 75' lang='grc' dir='ltr'>ἐπὶ</span> <span class='ocrx_word' id='word_1_470' title='bbox 2356 1986 2447 2041; x_wconf 82' lang='grc' dir='ltr'><strong>τὸν</strong></span> <span class='ocrx_word' id='word_1_471' title='bbox 2467 1985 2630 2039; x_wconf 72' lang='grc' dir='ltr'><strong>Δαῦὶδ</strong></span> <span class='ocrx_word' id='word_1_472' title='bbox 2658 1986 2989 2054; x_wconf 84' lang='grc' dir='ltr'>ἀναγόντων,</span> <span class='ocrx_word' id='word_1_473' title='bbox 3010 1984 3098 2039; x_wconf 78' lang='grc' dir='ltr'>διὰ</span> <span class='ocrx_word' id='word_1_474' title='bbox 3120 1983 3219 2047; x_wconf 82' lang='grc' dir='ltr'>τὰς</span> <span class='ocrx_word' id='word_1_475' title='bbox 3242 1982 3379 2053; x_wconf 77' lang='grc' dir='ltr'>πρὸς</span> <span class='ocrx_word' id='word_1_476' title='bbox 3405 1983 3501 2034; x_wconf 82' lang='grc' dir='ltr'><strong>τὸν</strong></span> <span class='ocrx_word' id='word_1_477' title='bbox 3523 1979 3667 2035; x_wconf 70' lang='grc' dir='ltr'>Δαὸὶδ</span> 
     </span>
    </p>
   </div>
   <div class='ocr_carea' id='block_1_66' title="bbox 2099 2073 3666 2149">
    <p class='ocr_par' dir='ltr' id='par_1_66' title="bbox 2099 2073 3666 2149">
     <span class='ocr_line' id='line_1_66' title="bbox 2099 2073 3666 2149; baseline -0.004 -16"><span class='ocrx_word' id='word_1_478' title='bbox 2099 2080 2193 2133; x_wconf 87' lang='grc' dir='ltr'><strong>τοῦ</strong></span> <span class='ocrx_word' id='word_1_479' title='bbox 2218 2078 2351 2132; x_wconf 81' lang='grc' dir='ltr'>Θεοῦ</span> <span class='ocrx_word' id='word_1_480' title='bbox 2382 2077 2730 2146; x_wconf 81' lang='grc' dir='ltr'>ἐπαγγελίας,</span> <span class='ocrx_word' id='word_1_481' title='bbox 2767 2076 2867 2149; x_wconf 72' lang='grc' dir='ltr'>ἤδη</span> <span class='ocrx_word' id='word_1_482' title='bbox 2897 2076 2954 2130; x_wconf 76' lang='grc' dir='ltr'>δὲ</span> <span class='ocrx_word' id='word_1_483' title='bbox 2982 2075 3090 2130; x_wconf 82' lang='grc' dir='ltr'><strong>τῶν</strong></span> <span class='ocrx_word' id='word_1_484' title='bbox 3126 2076 3223 2147; x_wconf 83' lang='grc' dir='ltr'><strong>μὲν</strong></span> <span class='ocrx_word' id='word_1_485' title='bbox 3255 2074 3365 2127; x_wconf 85' lang='grc' dir='ltr'><strong>ἀπὸ</strong></span> <span class='ocrx_word' id='word_1_486' title='bbox 3396 2073 3562 2133; x_wconf 73' lang='grc' dir='ltr'>Δαόὶδ</span> <span class='ocrx_word' id='word_1_487' title='bbox 3587 2073 3666 2127; x_wconf 74' lang='grc' dir='ltr'><strong>καὶ</strong></span> 
     </span>
    </p>
   </div>
   <div class='ocr_carea' id='block_1_67' title="bbox 2101 2165 3667 2242">
    <p class='ocr_par' dir='ltr' id='par_1_67' title="bbox 2101 2165 3667 2242">
     <span class='ocr_line' id='line_1_67' title="bbox 2101 2165 3667 2242; baseline -0.006 -16"><span class='ocrx_word' id='word_1_488' title='bbox 2101 2171 2412 2242; x_wconf 84' lang='grc' dir='ltr'>Σολομῶνος</span> <span class='ocrx_word' id='word_1_489' title='bbox 2441 2169 2531 2223; x_wconf 76' lang='grc' dir='ltr'><strong>καὶ</strong></span> <span class='ocrx_word' id='word_1_490' title='bbox 2558 2168 2652 2222; x_wconf 88' lang='grc' dir='ltr'><strong>τοῦ</strong></span> <span class='ocrx_word' id='word_1_491' title='bbox 2683 2166 2960 2239; x_wconf 78' lang='grc' dir='ltr'>βασιλικοῦ</span> <span class='ocrx_word' id='word_1_492' title='bbox 2989 2167 3177 2236; x_wconf 76' lang='grc' dir='ltr'>γένους</span> <span class='ocrx_word' id='word_1_493' title='bbox 3209 2165 3549 2236; x_wconf 79' lang='grc' dir='ltr'>πειθομένων</span> <span class='ocrx_word' id='word_1_494' title='bbox 3568 2165 3667 2217; x_wconf 66' lang='grc' dir='ltr'>ἔσει</span> 
     </span>
    </p>
   </div>
   <div class='ocr_carea' id='block_1_68' title="bbox 2102 2256 3664 2333">
    <p class='ocr_par' dir='ltr' id='par_1_68' title="bbox 2102 2256 3664 2333">
     <span class='ocr_line' id='line_1_68' title="bbox 2102 2256 3664 2333; baseline -0.006 -15"><span class='ocrx_word' id='word_1_495' title='bbox 2102 2266 2225 2318; x_wconf 85' lang='grc' dir='ltr'>σθαι</span> <span class='ocrx_word' id='word_1_496' title='bbox 2255 2263 2346 2317; x_wconf 86' lang='grc' dir='ltr'><strong>τὸν</strong></span> <span class='ocrx_word' id='word_1_497' title='bbox 2377 2261 2633 2333; x_wconf 82' lang='grc' dir='ltr'>Χριστὸν,</span> <span class='ocrx_word' id='word_1_498' title='bbox 2664 2260 2770 2313; x_wconf 85' lang='grc' dir='ltr'><strong>τῶν</strong></span> <span class='ocrx_word' id='word_1_499' title='bbox 2794 2259 2849 2313; x_wconf 85' lang='grc' dir='ltr'>δὲ</span> <span class='ocrx_word' id='word_1_500' title='bbox 2884 2258 3089 2330; x_wconf 82' lang='grc' dir='ltr'>ταύτην</span> <span class='ocrx_word' id='word_1_501' title='bbox 3119 2258 3215 2331; x_wconf 87' lang='grc' dir='ltr'>μὲν</span> <span class='ocrx_word' id='word_1_502' title='bbox 3242 2257 3554 2327; x_wconf 79' lang='grc' dir='ltr'>φευγόντων</span> <span class='ocrx_word' id='word_1_503' title='bbox 3581 2256 3664 2326; x_wconf 82' lang='grc' dir='ltr'><strong>τὴν</strong></span> 
     </span>
    </p>
   </div>
   <div class='ocr_carea' id='block_1_69' title="bbox 2100 2348 3665 2425">
    <p class='ocr_par' dir='ltr' id='par_1_69' title="bbox 2100 2348 3665 2425">
     <span class='ocr_line' id='line_1_69' title="bbox 2100 2348 3665 2425; baseline -0.007 -14"><span class='ocrx_word' id='word_1_504' title='bbox 2100 2355 2276 2422; x_wconf 76' lang='grc' dir='ltr'>δόξαν,</span> <span class='ocrx_word' id='word_1_505' title='bbox 2297 2353 2386 2410; x_wconf 81' lang='grc' dir='ltr'>διὰ</span> <span class='ocrx_word' id='word_1_506' title='bbox 2417 2355 2478 2408; x_wconf 83' lang='grc' dir='ltr'><strong>τὸ</strong></span> <span class='ocrx_word' id='word_1_507' title='bbox 2508 2354 2764 2425; x_wconf 77' lang='grc' dir='ltr'>πλείστην</span> <span class='ocrx_word' id='word_1_508' title='bbox 2800 2351 3137 2424; x_wconf 78' lang='grc' dir='ltr'>ἐμφέρεσθαι</span> <span class='ocrx_word' id='word_1_509' title='bbox 3161 2350 3270 2405; x_wconf 83' lang='grc' dir='ltr'><strong>τῶν</strong></span> <span class='ocrx_word' id='word_1_510' title='bbox 3301 2348 3665 2421; x_wconf 59' lang='grc' dir='ltr'>βεϐασιλευκόε</span> 
     </span>
    </p>
   </div>
   <div class='ocr_carea' id='block_1_70' title="bbox 2098 2444 3666 2520">
    <p class='ocr_par' dir='ltr' id='par_1_70' title="bbox 2098 2444 3666 2520">
     <span class='ocr_line' id='line_1_70' title="bbox 2098 2444 3666 2520; baseline -0.004 -19"><span class='ocrx_word' id='word_1_511' title='bbox 2098 2466 2206 2504; x_wconf 88' lang='grc' dir='ltr'><strong>των</strong></span> <span class='ocrx_word' id='word_1_512' title='bbox 2231 2448 2585 2520; x_wconf 84' lang='grc' dir='ltr'>κατηγορίαν,</span> <span class='ocrx_word' id='word_1_513' title='bbox 2614 2447 2704 2500; x_wconf 86' lang='grc' dir='ltr'><strong>διά</strong></span> <span class='ocrx_word' id='word_1_514' title='bbox 2742 2464 2802 2499; x_wconf 88' lang='grc' dir='ltr'><strong>τε</strong></span> <span class='ocrx_word' id='word_1_515' title='bbox 2831 2446 2893 2499; x_wconf 83' lang='grc' dir='ltr'><strong>τὸ</strong></span> <span class='ocrx_word' id='word_1_516' title='bbox 2926 2445 3263 2516; x_wconf 85' lang='grc' dir='ltr'>ἐκκήρυκτον</span> <span class='ocrx_word' id='word_1_517' title='bbox 3293 2444 3403 2497; x_wconf 84' lang='grc' dir='ltr'>ὑπὸ</span> <span class='ocrx_word' id='word_1_518' title='bbox 3428 2444 3525 2496; x_wconf 86' lang='grc' dir='ltr'><strong>τοῦ</strong></span> <span class='ocrx_word' id='word_1_519' title='bbox 3550 2460 3666 2513; x_wconf 78' lang='grc' dir='ltr'>προι</span> 
     </span>
    </p>
   </div>
   <div class='ocr_carea' id='block_1_71' title="bbox 2101 2532 3667 2612">
    <p class='ocr_par' dir='ltr' id='par_1_71' title="bbox 2101 2532 3667 2612">
     <span class='ocr_line' id='line_1_71' title="bbox 2101 2532 3667 2612; baseline -0.006 -19"><span class='ocrx_word' id='word_1_520' title='bbox 2101 2542 2272 2612; x_wconf 82' lang='grc' dir='ltr'>φήτου</span> <span class='ocrx_word' id='word_1_521' title='bbox 2309 2539 2574 2611; x_wconf 83' lang='grc' dir='ltr'>Ἰερεμίου</span> <span class='ocrx_word' id='word_1_522' title='bbox 2612 2537 2890 2606; x_wconf 76' lang='grc' dir='ltr'>γεγονέναι</span> <span class='ocrx_word' id='word_1_523' title='bbox 2929 2537 3020 2591; x_wconf 70' lang='grc' dir='ltr'>τὸν</span> <span class='ocrx_word' id='word_1_524' title='bbox 3064 2535 3341 2608; x_wconf 86' lang='grc' dir='ltr'>Ἰεχονίαν,</span> <span class='ocrx_word' id='word_1_525' title='bbox 3371 2535 3473 2588; x_wconf 75' lang='grc' dir='ltr'>καὶ</span> <span class='ocrx_word' id='word_1_526' title='bbox 3511 2534 3594 2587; x_wconf 80' lang='grc' dir='ltr'>διὰ</span> <span class='ocrx_word' id='word_1_527' title='bbox 3617 2532 3667 2585; x_wconf 82' lang='grc' dir='ltr'>τὸ</span> 
     </span>
    </p>
   </div>
   <div class='ocr_carea' id='block_1_72' title="bbox 2100 2626 3667 2703">
    <p class='ocr_par' dir='ltr' id='par_1_72' title="bbox 2100 2626 3667 2703">
     <span class='ocr_line' id='line_1_72' title="bbox 2100 2626 3667 2703; baseline -0.005 -18"><span class='ocrx_word' id='word_1_528' title='bbox 2100 2631 2349 2702; x_wconf 82' lang='grc' dir='ltr'>εἰρῆσθαι</span> <span class='ocrx_word' id='word_1_529' title='bbox 2372 2631 2445 2703; x_wconf 79' lang='grc' dir='ltr'>μὴ</span> <span class='ocrx_word' id='word_1_530' title='bbox 2461 2629 2859 2700; x_wconf 81' lang='grc' dir='ltr'>ἀναστήσεσθαι</span> <span class='ocrx_word' id='word_1_531' title='bbox 2877 2628 2937 2694; x_wconf 82' lang='grc' dir='ltr'><strong>ἐξ</strong></span> <span class='ocrx_word' id='word_1_532' title='bbox 2952 2628 3117 2699; x_wconf 81' lang='grc' dir='ltr'>αὐτοῦ</span> <span class='ocrx_word' id='word_1_533' title='bbox 3135 2628 3357 2699; x_wconf 82' lang='grc' dir='ltr'>σπέρμα</span> <span class='ocrx_word' id='word_1_534' title='bbox 3379 2626 3667 2697; x_wconf 76' lang='grc' dir='ltr'>καθήμενον</span> 
     </span>
    </p>
   </div>
   <div class='ocr_carea' id='block_1_73' title="bbox 2101 2717 3666 2795">
    <p class='ocr_par' dir='ltr' id='par_1_73' title="bbox 2101 2717 3666 2795">
     <span class='ocr_line' id='line_1_73' title="bbox 2101 2717 3666 2795; baseline -0.007 -18"><span class='ocrx_word' id='word_1_535' title='bbox 2101 2724 2193 2777; x_wconf 72' lang='grc' dir='ltr'>ἐπὶ</span> <span class='ocrx_word' id='word_1_536' title='bbox 2239 2723 2428 2795; x_wconf 88' lang='grc' dir='ltr'>θρόνου</span> <span class='ocrx_word' id='word_1_537' title='bbox 2452 2722 2636 2783; x_wconf 75' lang='grc' dir='ltr'>Δαὸὶδ,</span> <span class='ocrx_word' id='word_1_538' title='bbox 2671 2722 2759 2775; x_wconf 82' lang='grc' dir='ltr'>διὰ</span> <span class='ocrx_word' id='word_1_539' title='bbox 2795 2721 2851 2774; x_wconf 83' lang='grc' dir='ltr'>δὲ</span> <span class='ocrx_word' id='word_1_540' title='bbox 2876 2717 2970 2773; x_wconf 77' lang='grc' dir='ltr'><strong>οὖν</strong></span> <span class='ocrx_word' id='word_1_541' title='bbox 3010 2719 3203 2783; x_wconf 88' lang='grc' dir='ltr'>ταῦτα,</span> <span class='ocrx_word' id='word_1_542' title='bbox 3233 2718 3430 2789; x_wconf 79' lang='grc' dir='ltr'>ἑτέραν</span> <span class='ocrx_word' id='word_1_543' title='bbox 3475 2717 3666 2770; x_wconf 77' lang='grc' dir='ltr'>ὁδευόν-</span> 
     </span>
    </p>
   </div>
   <div class='ocr_carea' id='block_1_74' title="bbox 2100 2806 3669 2886">
    <p class='ocr_par' dir='ltr' id='par_1_74' title="bbox 2100 2806 3669 2886">
     <span class='ocr_line' id='line_1_74' title="bbox 2100 2806 3669 2886; baseline -0.008 -16"><span class='ocrx_word' id='word_1_544' title='bbox 2100 2834 2226 2880; x_wconf 86' lang='grc' dir='ltr'>των,</span> <span class='ocrx_word' id='word_1_545' title='bbox 2254 2816 2347 2869; x_wconf 77' lang='grc' dir='ltr'><strong>καὶ</strong></span> <span class='ocrx_word' id='word_1_546' title='bbox 2372 2816 2477 2869; x_wconf 86' lang='grc' dir='ltr'><strong>ἀπὸ</strong></span> <span class='ocrx_word' id='word_1_547' title='bbox 2507 2816 2604 2886; x_wconf 82' lang='grc' dir='ltr'>μὲν</span> <span class='ocrx_word' id='word_1_548' title='bbox 2633 2813 2796 2867; x_wconf 76' lang='grc' dir='ltr'>Δαϐὶδ</span> <span class='ocrx_word' id='word_1_549' title='bbox 2819 2812 3239 2884; x_wconf 81' lang='grc' dir='ltr'>ὁμολογούντων,</span> <span class='ocrx_word' id='word_1_550' title='bbox 3268 2810 3329 2863; x_wconf 79' lang='grc' dir='ltr'><strong>οὐ</strong></span> <span class='ocrx_word' id='word_1_551' title='bbox 3356 2809 3467 2880; x_wconf 82' lang='grc' dir='ltr'><strong>μὴν</strong></span> <span class='ocrx_word' id='word_1_552' title='bbox 3489 2808 3571 2860; x_wconf 77' lang='grc' dir='ltr'>διὰ</span> <span class='ocrx_word' id='word_1_553' title='bbox 3593 2806 3669 2860; x_wconf 64' lang='grc' dir='ltr'><strong>Σι-</strong></span> 
     </span>
    </p>
   </div>
   <div class='ocr_carea' id='block_1_75' title="bbox 2100 2897 3669 2978">
    <p class='ocr_par' dir='ltr' id='par_1_75' title="bbox 2100 2897 3669 2978">
     <span class='ocr_line' id='line_1_75' title="bbox 2100 2897 3669 2978; baseline -0.008 -17"><span class='ocrx_word' id='word_1_554' title='bbox 2100 2908 2360 2978; x_wconf 85' lang='grc' dir='ltr'>λομῶνος,</span> <span class='ocrx_word' id='word_1_555' title='bbox 2381 2907 2514 2961; x_wconf 85' lang='grc' dir='ltr'>ἀλλὰ</span> <span class='ocrx_word' id='word_1_556' title='bbox 2537 2905 2624 2960; x_wconf 80' lang='grc' dir='ltr'>διὰ</span> <span class='ocrx_word' id='word_1_557' title='bbox 2649 2904 2854 2968; x_wconf 80' lang='grc' dir='ltr'>Νάθαν,</span> <span class='ocrx_word' id='word_1_558' title='bbox 2873 2904 2931 2968; x_wconf 83' lang='grc' dir='ltr'>ὃς</span> <span class='ocrx_word' id='word_1_559' title='bbox 2953 2900 3020 2974; x_wconf 79' lang='grc' dir='ltr'>ἦν</span> <span class='ocrx_word' id='word_1_560' title='bbox 3043 2902 3136 2957; x_wconf 84' lang='grc' dir='ltr'><strong>τοῦ</strong></span> <span class='ocrx_word' id='word_1_561' title='bbox 3170 2900 3337 2954; x_wconf 73' lang='grc' dir='ltr'>Δαϐὶδ</span> <span class='ocrx_word' id='word_1_562' title='bbox 3391 2902 3524 2962; x_wconf 83' lang='grc' dir='ltr'>παῖς</span> <span class='ocrx_word' id='word_1_563' title='bbox 3561 2897 3669 2968; x_wconf 73' lang='grc' dir='ltr'><strong>(φα-</strong></span> 
     </span>
    </p>
   </div>
   <div class='ocr_carea' id='block_1_76' title="bbox 2105 2993 3668 3068">
    <p class='ocr_par' dir='ltr' id='par_1_76' title="bbox 2105 2993 3668 3068">
     <span class='ocr_line' id='line_1_76' title="bbox 2105 2993 3668 3068; baseline -0.008 -14"><span class='ocrx_word' id='word_1_564' title='bbox 2105 3003 2157 3054; x_wconf 73' lang='grc' dir='ltr'><strong>σὶ</strong></span> <span class='ocrx_word' id='word_1_565' title='bbox 2189 3001 2245 3054; x_wconf 79' lang='grc' dir='ltr'><strong>δὲ</strong></span> <span class='ocrx_word' id='word_1_566' title='bbox 2275 3001 2366 3053; x_wconf 83' lang='grc' dir='ltr'><strong>τὸν</strong></span> <span class='ocrx_word' id='word_1_567' title='bbox 2397 2999 2583 3054; x_wconf 73' lang='grc' dir='ltr'>Νάθαν</span> <span class='ocrx_word' id='word_1_568' title='bbox 2615 3000 2709 3053; x_wconf 70' lang='grc' dir='ltr'><strong>καὶ</strong></span> <span class='ocrx_word' id='word_1_569' title='bbox 2754 2996 3126 3068; x_wconf 75' lang='grc' dir='ltr'>προφητεῦσαι</span> <span class='ocrx_word' id='word_1_570' title='bbox 3172 2994 3313 3048; x_wconf 85' lang='grc' dir='ltr'><strong>κατά</strong></span> <span class='ocrx_word' id='word_1_571' title='bbox 3358 2994 3430 3046; x_wconf 68' lang='grc' dir='ltr'><strong>τά</strong></span> <span class='ocrx_word' id='word_1_572' title='bbox 3472 2995 3530 3047; x_wconf 83' lang='grc' dir='ltr'><strong>ἐν</strong></span> <span class='ocrx_word' id='word_1_573' title='bbox 3564 2993 3668 3053; x_wconf 74' lang='grc' dir='ltr'>ταῖς</span> 
     </span>
    </p>
   </div>
   <div class='ocr_carea' id='block_1_77' title="bbox 2027 3083 3669 3185">
    <p class='ocr_par' dir='ltr' id='par_1_77' title="bbox 2027 3083 3669 3185">
     <span class='ocr_line' id='line_1_77' title="bbox 2027 3083 3669 3185; baseline -0.004 -40"><span class='ocrx_word' id='word_1_574' title='bbox 2027 3129 2067 3185; x_wconf 74' lang='lat' dir='ltr'>C</span> <span class='ocrx_word' id='word_1_575' title='bbox 2100 3093 2407 3157; x_wconf 80' lang='grc' dir='ltr'>Βασιλείαις</span> <span class='ocrx_word' id='word_1_576' title='bbox 2441 3093 2713 3162; x_wconf 83' lang='grc' dir='ltr'>φερόμενα</span> <span class='ocrx_word' id='word_1_577' title='bbox 2742 3090 2902 3163; x_wconf 76' lang='grc'><strong>[11]),</strong></span> <span class='ocrx_word' id='word_1_578' title='bbox 2939 3089 3045 3142; x_wconf 85' lang='grc' dir='ltr'><strong>ἀπό</strong></span> <span class='ocrx_word' id='word_1_579' title='bbox 3077 3106 3136 3140; x_wconf 90' lang='grc' dir='ltr'><strong>τε</strong></span> <span class='ocrx_word' id='word_1_580' title='bbox 3164 3086 3256 3140; x_wconf 86' lang='grc' dir='ltr'><strong>τοῦ</strong></span> <span class='ocrx_word' id='word_1_581' title='bbox 3287 3085 3481 3140; x_wconf 85' lang='grc' dir='ltr'>Νάθαν</span> <span class='ocrx_word' id='word_1_582' title='bbox 3511 3083 3669 3139; x_wconf 72' lang='grc' dir='ltr'>διαδό-</span> 
     </span>
    </p>
   </div>
   <div class='ocr_carea' id='block_1_78' title="bbox 2101 3174 3669 3257">
    <p class='ocr_par' dir='ltr' id='par_1_78' title="bbox 2101 3174 3669 3257">
     <span class='ocr_line' id='line_1_78' title="bbox 2101 3174 3669 3257; baseline -0.008 -18"><span class='ocrx_word' id='word_1_583' title='bbox 2101 3204 2210 3257; x_wconf 89' lang='grc' dir='ltr'><strong>χων</strong></span> <span class='ocrx_word' id='word_1_584' title='bbox 2238 3184 2659 3257; x_wconf 73' lang='grc' dir='ltr'>προελεύσεσθαι</span> <span class='ocrx_word' id='word_1_585' title='bbox 2688 3182 2779 3235; x_wconf 78' lang='grc' dir='ltr'><strong>τὸν</strong></span> <span class='ocrx_word' id='word_1_586' title='bbox 2804 3179 3037 3254; x_wconf 83' lang='grc' dir='ltr'>Χριστὸν</span> <span class='ocrx_word' id='word_1_587' title='bbox 3061 3174 3669 3247; x_wconf 76' lang='grc' dir='ltr'>διαϐεϐαιουμένων,καὶ</span> 
     </span>
    </p>
   </div>
   <div class='ocr_carea' id='block_1_79' title="bbox 2100 3267 3671 3347">
    <p class='ocr_par' dir='ltr' id='par_1_79' title="bbox 2100 3267 3671 3347">
     <span class='ocr_line' id='line_1_79' title="bbox 2100 3267 3671 3347; baseline -0.006 -17"><span class='ocrx_word' id='word_1_588' title='bbox 2100 3278 2188 3330; x_wconf 89' lang='grc' dir='ltr'><strong>τόν</strong></span> <span class='ocrx_word' id='word_1_589' title='bbox 2218 3293 2279 3345; x_wconf 87' lang='grc' dir='ltr'><strong>γε</strong></span> <span class='ocrx_word' id='word_1_590' title='bbox 2307 3276 2502 3347; x_wconf 74' lang='grc' dir='ltr'>Ἰωσὴφ</span> <span class='ocrx_word' id='word_1_591' title='bbox 2538 3274 2744 3329; x_wconf 81' lang='grc' dir='ltr'>ἐκεῖθέν</span> <span class='ocrx_word' id='word_1_592' title='bbox 2775 3273 2942 3326; x_wconf 84' lang='grc' dir='ltr'>ποθεν</span> <span class='ocrx_word' id='word_1_593' title='bbox 2971 3269 3465 3340; x_wconf 82' lang='grc' dir='ltr'>γενεαλογούντων,</span> <span class='ocrx_word' id='word_1_594' title='bbox 3485 3267 3671 3339; x_wconf 74' lang='grc' dir='ltr'>σφόδρα</span> 
     </span>
    </p>
   </div>
   <div class='ocr_carea' id='block_1_80' title="bbox 2101 3358 3668 3436">
    <p class='ocr_par' dir='ltr' id='par_1_80' title="bbox 2101 3358 3668 3436">
     <span class='ocr_line' id='line_1_80' title="bbox 2101 3358 3668 3436; baseline -0.007 -15"><span class='ocrx_word' id='word_1_595' title='bbox 2101 3368 2412 3436; x_wconf 82' lang='grc' dir='ltr'>ἀναγκαίως</span> <span class='ocrx_word' id='word_1_596' title='bbox 2457 3369 2485 3420; x_wconf 90' lang='lat'><strong>6</strong></span> <span class='ocrx_word' id='word_1_597' title='bbox 2527 3368 2741 3429; x_wconf 80' lang='grc' dir='ltr'><strong>Λουκᾶς</strong></span> <span class='ocrx_word' id='word_1_598' title='bbox 2791 3365 2889 3435; x_wconf 84' lang='grc' dir='ltr'><strong>τὴν</strong></span> <span class='ocrx_word' id='word_1_599' title='bbox 2937 3363 3141 3417; x_wconf 80' lang='grc' dir='ltr'>τούτων</span> <span class='ocrx_word' id='word_1_600' title='bbox 3174 3360 3480 3432; x_wconf 85' lang='grc' dir='ltr'>ἀνιστορῶν</span> <span class='ocrx_word' id='word_1_601' title='bbox 3510 3358 3668 3423; x_wconf 78' lang='grc' dir='ltr'>δόξαν,</span> 
     </span>
    </p>
   </div>
   <div class='ocr_carea' id='block_1_81' title="bbox 2100 3450 3670 3533">
    <p class='ocr_par' dir='ltr' id='par_1_81' title="bbox 2100 3450 3670 3533">
     <span class='ocr_line' id='line_1_81' title="bbox 2100 3450 3670 3533; baseline -0.007 -18"><span class='ocrx_word' id='word_1_602' title='bbox 2100 3460 2212 3515; x_wconf 80' lang='grc' dir='ltr'>ἀλλ’</span> <span class='ocrx_word' id='word_1_603' title='bbox 2237 3462 2297 3514; x_wconf 82' lang='grc' dir='ltr'><strong>οὐ</strong></span> <span class='ocrx_word' id='word_1_604' title='bbox 2334 3461 2431 3533; x_wconf 79' lang='grc' dir='ltr'>τὴν</span> <span class='ocrx_word' id='word_1_605' title='bbox 2460 3458 2646 3523; x_wconf 86' lang='grc' dir='ltr'>αὑτοῦ,</span> <span class='ocrx_word' id='word_1_606' title='bbox 2683 3457 2989 3527; x_wconf 75' lang='grc' dir='ltr'>προσέθηκε</span> <span class='ocrx_word' id='word_1_607' title='bbox 3023 3458 3087 3526; x_wconf 83' lang='grc' dir='ltr'>τῇ</span> <span class='ocrx_word' id='word_1_608' title='bbox 3123 3455 3244 3509; x_wconf 87' lang='grc' dir='ltr'>κατ’</span> <span class='ocrx_word' id='word_1_609' title='bbox 3276 3454 3443 3508; x_wconf 79' lang='grc' dir='ltr'>αὐτὸν</span> <span class='ocrx_word' id='word_1_610' title='bbox 3479 3450 3670 3523; x_wconf 73' lang='grc' dir='ltr'>ἱστορίᾳ</span> 
     </span>
    </p>
   </div>
   <div class='ocr_carea' id='block_1_82' title="bbox 2099 3541 3670 3621">
    <p class='ocr_par' dir='ltr' id='par_1_82' title="bbox 2099 3541 3670 3621">
     <span class='ocr_line' id='line_1_82' title="bbox 2099 3541 3670 3621; baseline -0.006 -18"><span class='ocrx_word' id='word_1_611' title='bbox 2099 3551 2160 3603; x_wconf 81' lang='grc' dir='ltr'>τὸ</span> <span class='ocrx_word' id='word_1_612' title='bbox 2184 3569 2203 3602; x_wconf 73' lang='grc' dir='ltr'><strong>ι</strong></span> <span class='ocrx_word' id='word_1_613' title='bbox 2225 3550 2299 3614; x_wconf 85' lang='grc' dir='ltr'><strong>ὡς</strong></span> <span class='ocrx_word' id='word_1_614' title='bbox 2319 3550 2597 3621; x_wconf 78' lang='grc' dir='ltr'>ἐνομίζετο</span> <span class='ocrx_word' id='word_1_615' title='bbox 2615 3567 2628 3584; x_wconf 71' lang='grc' dir='ltr'><strong><em>ο</em></strong></span> <span class='ocrx_word' id='word_1_616' title='bbox 2645 3568 2663 3600; x_wconf 72' lang='grc' dir='ltr'><strong>ι</strong></span> <span class='ocrx_word' id='word_1_617' title='bbox 2684 3548 2762 3619; x_wconf 84' lang='grc' dir='ltr'>τῷ</span> <span class='ocrx_word' id='word_1_618' title='bbox 2787 3547 3050 3617; x_wconf 83' lang='grc' dir='ltr'>Ματθαίῳ</span> <span class='ocrx_word' id='word_1_619' title='bbox 3065 3546 3481 3617; x_wconf 81' lang='grc' dir='ltr'>παραχωρήσας</span> <span class='ocrx_word' id='word_1_620' title='bbox 3503 3543 3574 3615; x_wconf 75' lang='grc' dir='ltr'>μὴ</span> <span class='ocrx_word' id='word_1_621' title='bbox 3600 3541 3670 3603; x_wconf 83' lang='grc' dir='ltr'><strong>τὸ,</strong></span> 
     </span>
    </p>
   </div>
   <div class='ocr_carea' id='block_1_83' title="bbox 2100 3634 3669 3712">
    <p class='ocr_par' dir='ltr' id='par_1_83' title="bbox 2100 3634 3669 3712">
     <span class='ocr_line' id='line_1_83' title="bbox 2100 3634 3669 3712; baseline -0.005 -17"><span class='ocrx_word' id='word_1_622' title='bbox 2100 3642 2176 3706; x_wconf 87' lang='grc' dir='ltr'>ὡς</span> <span class='ocrx_word' id='word_1_623' title='bbox 2205 3640 2504 3712; x_wconf 77' lang='grc' dir='ltr'>ἐνομίζετο,</span> <span class='ocrx_word' id='word_1_624' title='bbox 2536 3643 2790 3712; x_wconf 83' lang='grc' dir='ltr'>ἱστορεῖν,</span> <span class='ocrx_word' id='word_1_625' title='bbox 2809 3639 2922 3692; x_wconf 85' lang='grc' dir='ltr'>ἀλλ’</span> <span class='ocrx_word' id='word_1_626' title='bbox 2941 3639 3016 3701; x_wconf 86' lang='grc' dir='ltr'>ὡς</span> <span class='ocrx_word' id='word_1_627' title='bbox 3042 3634 3186 3708; x_wconf 79' lang='grc' dir='ltr'>εἶχεν</span> <span class='ocrx_word' id='word_1_628' title='bbox 3210 3635 3474 3707; x_wconf 79' lang='grc' dir='ltr'>ἀληθείας</span> <span class='ocrx_word' id='word_1_629' title='bbox 3496 3634 3563 3695; x_wconf 68' lang='grc' dir='ltr'><strong>τὰ</strong></span> <span class='ocrx_word' id='word_1_630' title='bbox 3588 3634 3669 3704; x_wconf 75' lang='grc' dir='ltr'>τῆς</span> 
     </span>
    </p>
   </div>
   <div class='ocr_carea' id='block_1_84' title="bbox 2100 3726 3415 3803">
    <p class='ocr_par' dir='ltr' id='par_1_84' title="bbox 2100 3726 3415 3803">
     <span class='ocr_line' id='line_1_84' title="bbox 2100 3726 3415 3803; baseline -0.006 -16"><span class='ocrx_word' id='word_1_631' title='bbox 2100 3734 2395 3803; x_wconf 77' lang='grc' dir='ltr'>γενέσεως·</span> <span class='ocrx_word' id='word_1_632' title='bbox 2424 3730 2561 3802; x_wconf 76' lang='grc' dir='ltr'>αῦτη</span> <span class='ocrx_word' id='word_1_633' title='bbox 2599 3731 2698 3802; x_wconf 81' lang='grc' dir='ltr'><strong>μὲν</strong></span> <span class='ocrx_word' id='word_1_634' title='bbox 2726 3726 2817 3783; x_wconf 77' lang='grc' dir='ltr'>οὖν</span> <span class='ocrx_word' id='word_1_635' title='bbox 2841 3731 2874 3800; x_wconf 88' lang='grc' dir='ltr'><strong>ἡ</strong></span> <span class='ocrx_word' id='word_1_636' title='bbox 2907 3727 3095 3800; x_wconf 85' lang='grc' dir='ltr'>πρώτη</span> <span class='ocrx_word' id='word_1_637' title='bbox 3136 3726 3415 3788; x_wconf 84' lang='grc' dir='ltr'>ἀπόδοσις.</span> 
     </span>
    </p>
   </div>
   <div class='ocr_carea' id='block_1_85' title="bbox 2171 3817 3669 3894">
    <p class='ocr_par' dir='ltr' id='par_1_85' title="bbox 2171 3817 3669 3894">
     <span class='ocr_line' id='line_1_85' title="bbox 2171 3817 3669 3894; baseline -0.005 -19"><span class='ocrx_word' id='word_1_638' title='bbox 2171 3832 2240 3893; x_wconf 85' lang='grc' dir='ltr'><strong>γ’.</strong></span> <span class='ocrx_word' id='word_1_639' title='bbox 2284 3823 2383 3894; x_wconf 86' lang='grc' dir='ltr'>Εἰή</span> <span class='ocrx_word' id='word_1_640' title='bbox 2422 3823 2464 3875; x_wconf 84' lang='grc' dir='ltr'>δ’</span> <span class='ocrx_word' id='word_1_641' title='bbox 2490 3823 2553 3877; x_wconf 82' lang='grc' dir='ltr'>ἄν</span> <span class='ocrx_word' id='word_1_642' title='bbox 2583 3839 2667 3886; x_wconf 88' lang='grc' dir='ltr'><strong>τις</strong></span> <span class='ocrx_word' id='word_1_643' title='bbox 2699 3822 2791 3875; x_wconf 76' lang='grc' dir='ltr'><strong>καὶ</strong></span> <span class='ocrx_word' id='word_1_644' title='bbox 2826 3819 2984 3883; x_wconf 84' lang='grc' dir='ltr'>ἄλλος</span> <span class='ocrx_word' id='word_1_645' title='bbox 3030 3818 3197 3891; x_wconf 80' lang='grc' dir='ltr'>βαθὺς</span> <span class='ocrx_word' id='word_1_646' title='bbox 3239 3818 3333 3870; x_wconf 59' lang='grc' dir='ltr'><strong>καί⁵</strong></span> <span class='ocrx_word' id='word_1_647' title='bbox 3375 3817 3669 3888; x_wconf 74' lang='grc' dir='ltr'>ἀπόρρητος</span> 
     </span>
    </p>
   </div>
   <div class='ocr_carea' id='block_1_86' title="bbox 2102 3907 3668 3983">
    <p class='ocr_par' dir='ltr' id='par_1_86' title="bbox 2102 3907 3668 3983">
     <span class='ocr_line' id='line_1_86' title="bbox 2102 3907 3668 3983; baseline -0.004 -16"><span class='ocrx_word' id='word_1_648' title='bbox 2102 3915 2159 3968; x_wconf 82' lang='grc' dir='ltr'><strong>ἐν</strong></span> <span class='ocrx_word' id='word_1_649' title='bbox 2184 3917 2295 3976; x_wconf 85' lang='grc' dir='ltr'>τοῖς</span> <span class='ocrx_word' id='word_1_650' title='bbox 2328 3912 2712 3983; x_wconf 78' lang='grc' dir='ltr'>προκειμένοις</span> <span class='ocrx_word' id='word_1_651' title='bbox 2741 3911 2898 3979; x_wconf 87' lang='grc' dir='ltr'>λόγος</span> <span class='ocrx_word' id='word_1_652' title='bbox 2918 3926 2931 3940; x_wconf 72' lang='grc' dir='ltr'><strong>ο</strong></span> <span class='ocrx_word' id='word_1_653' title='bbox 2972 3907 3252 3975; x_wconf 75' lang='grc' dir='ltr'>Ματθαίος</span> <span class='ocrx_word' id='word_1_654' title='bbox 3287 3909 3385 3979; x_wconf 81' lang='grc' dir='ltr'><strong>μὲν</strong></span> <span class='ocrx_word' id='word_1_655' title='bbox 3419 3907 3531 3979; x_wconf 83' lang='grc' dir='ltr'>γὰρ</span> <span class='ocrx_word' id='word_1_656' title='bbox 3556 3910 3668 3977; x_wconf 80' lang='grc' dir='ltr'>ὀμο-</span> 
     </span>
    </p>
   </div>
   <div class='ocr_carea' id='block_1_87' title="bbox 2100 4000 3667 4078">
    <p class='ocr_par' dir='ltr' id='par_1_87' title="bbox 2100 4000 3667 4078">
     <span class='ocr_line' id='line_1_87' title="bbox 2100 4000 3667 4078; baseline -0.008 -14"><span class='ocrx_word' id='word_1_657' title='bbox 2100 4008 2442 4078; x_wconf 82' lang='grc' dir='ltr'>λογουμένως</span> <span class='ocrx_word' id='word_1_658' title='bbox 2472 4005 2570 4076; x_wconf 81' lang='grc' dir='ltr'>τὴν</span> <span class='ocrx_word' id='word_1_659' title='bbox 2604 4005 2866 4076; x_wconf 83' lang='grc' dir='ltr'>ἔνσαρκον</span> <span class='ocrx_word' id='word_1_660' title='bbox 2898 4002 3110 4072; x_wconf 80' lang='grc' dir='ltr'>γένεσιν</span> <span class='ocrx_word' id='word_1_661' title='bbox 3162 4002 3390 4072; x_wconf 78' lang='grc' dir='ltr'>ἱστορῶν</span> <span class='ocrx_word' id='word_1_662' title='bbox 3416 4000 3512 4055; x_wconf 90' lang='grc' dir='ltr'><strong>τοῦ</strong></span> <span class='ocrx_word' id='word_1_663' title='bbox 3550 4001 3667 4071; x_wconf 60' lang='lat' dir='ltr'><strong>X3:-</strong></span> 
     </span>
    </p>
   </div>
   <div class='ocr_carea' id='block_1_88' title="bbox 2103 4089 3668 4166">
    <p class='ocr_par' dir='ltr' id='par_1_88' title="bbox 2103 4089 3668 4166">
     <span class='ocr_line' id='line_1_88' title="bbox 2103 4089 3668 4166; baseline -0.006 -15"><span class='ocrx_word' id='word_1_664' title='bbox 2103 4097 2249 4162; x_wconf 89' lang='grc' dir='ltr'>στοῦ,</span> <span class='ocrx_word' id='word_1_665' title='bbox 2284 4098 2379 4150; x_wconf 74' lang='grc' dir='ltr'><strong>καὶ</strong></span> <span class='ocrx_word' id='word_1_666' title='bbox 2425 4097 2518 4151; x_wconf 80' lang='grc' dir='ltr'><strong>τὸν</strong></span> <span class='ocrx_word' id='word_1_667' title='bbox 2561 4095 2757 4166; x_wconf 80' lang='grc' dir='ltr'>Ἰωσὴφ</span> <span class='ocrx_word' id='word_1_668' title='bbox 2807 4093 3081 4157; x_wconf 82' lang='grc' dir='ltr'>ἀποδεῖξαι</span> <span class='ocrx_word' id='word_1_669' title='bbox 3115 4091 3438 4162; x_wconf 81' lang='grc' dir='ltr'>βουλόμενος</span> <span class='ocrx_word' id='word_1_670' title='bbox 3472 4089 3668 4160; x_wconf 67' lang='grc' dir='ltr'>ἀληθῶς</span> 
     </span>
    </p>
   </div>
   <div class='ocr_carea' id='block_1_89' title="bbox 2102 4182 3662 4258">
    <p class='ocr_par' dir='ltr' id='par_1_89' title="bbox 2102 4182 3662 4258">
     <span class='ocr_line' id='line_1_89' title="bbox 2102 4182 3662 4258; baseline -0.006 -15"><span class='ocrx_word' id='word_1_671' title='bbox 2102 4193 2166 4243; x_wconf 85' lang='grc' dir='ltr'><strong>ἐκ</strong></span> <span class='ocrx_word' id='word_1_672' title='bbox 2192 4189 2376 4253; x_wconf 73' lang='grc' dir='ltr'>Δαὸὶδ,</span> <span class='ocrx_word' id='word_1_673' title='bbox 2403 4188 2525 4241; x_wconf 84' lang='grc' dir='ltr'>ὅθεν</span> <span class='ocrx_word' id='word_1_674' title='bbox 2548 4190 2713 4258; x_wconf 83' lang='grc' dir='ltr'>ἐχρῆν</span> <span class='ocrx_word' id='word_1_675' title='bbox 2741 4189 2806 4258; x_wconf 78' lang='grc' dir='ltr'>τῇ</span> <span class='ocrx_word' id='word_1_676' title='bbox 2834 4183 3048 4254; x_wconf 74' lang='grc' dir='ltr'>εἰσϐολῇ</span> <span class='ocrx_word' id='word_1_677' title='bbox 3078 4183 3347 4256; x_wconf 76' lang='grc' dir='ltr'>κέχρηται</span> <span class='ocrx_word' id='word_1_678' title='bbox 3375 4182 3472 4237; x_wconf 91' lang='grc' dir='ltr'><strong>τοῦ</strong></span> <span class='ocrx_word' id='word_1_679' title='bbox 3503 4183 3662 4251; x_wconf 77' lang='grc' dir='ltr'>λόγον’</span> 
     </span>
    </p>
   </div>
   <div class='ocr_carea' id='block_1_90' title="bbox 2102 4274 3666 4348">
    <p class='ocr_par' dir='ltr' id='par_1_90' title="bbox 2102 4274 3666 4348">
     <span class='ocr_line' id='line_1_90' title="bbox 2102 4274 3666 4348; baseline -0.007 -14"><span class='ocrx_word' id='word_1_680' title='bbox 2102 4281 2193 4334; x_wconf 80' lang='grc' dir='ltr'><strong>τὸν</strong></span> <span class='ocrx_word' id='word_1_681' title='bbox 2242 4280 2299 4333; x_wconf 83' lang='grc' dir='ltr'>δὲ</span> <span class='ocrx_word' id='word_1_682' title='bbox 2335 4280 2551 4333; x_wconf 84' lang='grc' dir='ltr'>Λουκᾶν</span> <span class='ocrx_word' id='word_1_683' title='bbox 2584 4275 2824 4348; x_wconf 84' lang='grc' dir='ltr'>ἡγοῦμαι</span> <span class='ocrx_word' id='word_1_684' title='bbox 2852 4275 2926 4347; x_wconf 83' lang='grc' dir='ltr'><strong>μὴ</strong></span> <span class='ocrx_word' id='word_1_685' title='bbox 2957 4276 3054 4347; x_wconf 85' lang='grc' dir='ltr'>τὴν</span> <span class='ocrx_word' id='word_1_686' title='bbox 3088 4275 3228 4328; x_wconf 75' lang='grc' dir='ltr'>κατὰ</span> <span class='ocrx_word' id='word_1_687' title='bbox 3262 4280 3440 4346; x_wconf 80' lang='grc' dir='ltr'>σάρκα</span> <span class='ocrx_word' id='word_1_688' title='bbox 3473 4274 3666 4344; x_wconf 76' lang='grc' dir='ltr'>γένεσιν</span> 
     </span>
    </p>
   </div>
   <div class='ocr_carea' id='block_1_91' title="bbox 2103 4365 3666 4443">
    <p class='ocr_par' dir='ltr' id='par_1_91' title="bbox 2103 4365 3666 4443">
     <span class='ocr_line' id='line_1_91' title="bbox 2103 4365 3666 4443; baseline -0.006 -16"><span class='ocrx_word' id='word_1_689' title='bbox 2103 4374 2195 4427; x_wconf 88' lang='grc' dir='ltr'><strong>τοῦ</strong></span> <span class='ocrx_word' id='word_1_690' title='bbox 2232 4371 2405 4443; x_wconf 87' lang='grc' dir='ltr'>Ἰησοῦ</span> <span class='ocrx_word' id='word_1_691' title='bbox 2433 4370 2772 4441; x_wconf 87' lang='grc' dir='ltr'>γενεαλογεῖν</span> <span class='ocrx_word' id='word_1_692' title='bbox 2787 4370 3059 4433; x_wconf 80' lang='grc' dir='ltr'>ἐθέλοντα,</span> <span class='ocrx_word' id='word_1_693' title='bbox 3080 4369 3182 4422; x_wconf 90' lang='grc' dir='ltr'><strong>νῦν</strong></span> <span class='ocrx_word' id='word_1_694' title='bbox 3207 4368 3367 4422; x_wconf 86' lang='grc' dir='ltr'>τοῦτο</span> <span class='ocrx_word' id='word_1_695' title='bbox 3389 4365 3666 4437; x_wconf 81' lang='grc' dir='ltr'>πεποιηκέ-</span> 
     </span>
    </p>
   </div>
   <div class='ocr_carea' id='block_1_92' title="bbox 424 4455 1999 4534">
    <p class='ocr_par' dir='ltr' id='par_1_92' title="bbox 424 4460 1999 4534">
     <span class='ocr_line' id='line_1_92' title="bbox 424 4460 1999 4534; baseline 0.001 -19"><span class='ocrx_word' id='word_1_696' title='bbox 424 4461 477 4530; x_wconf 86' lang='lat' dir='ltr'><strong>ei</strong></span> <span class='ocrx_word' id='word_1_697' title='bbox 517 4460 864 4533; x_wconf 89' lang='lat' dir='ltr'><strong>propositum</strong></span> <span class='ocrx_word' id='word_1_698' title='bbox 916 4463 1132 4527; x_wconf 83' lang='lat' dir='ltr'><strong>luisset,</strong></span> <span class='ocrx_word' id='word_1_699' title='bbox 1180 4478 1292 4517; x_wconf 93' lang='lat' dir='ltr'><strong>non</strong></span> <span class='ocrx_word' id='word_1_700' title='bbox 1327 4463 1636 4534; x_wconf 82' lang='lat' dir='ltr'><strong>ignorabat,</strong></span> <span class='ocrx_word' id='word_1_701' title='bbox 1689 4476 1829 4532; x_wconf 89' lang='lat' dir='ltr'><strong>opus</strong></span> <span class='ocrx_word' id='word_1_702' title='bbox 1878 4476 1999 4516; x_wconf 89' lang='lat' dir='ltr'><strong>esse</strong></span> 
     </span>
    </p>
   </div>
   <div class='ocr_carea' id='block_1_93' title="bbox 2102 4455 3665 4534">
    <p class='ocr_par' dir='ltr' id='par_1_93' title="bbox 2106 4455 3665 4533">
     <span class='ocr_line' id='line_1_93' title="bbox 2106 4455 3665 4533; baseline -0.008 -14"><span class='ocrx_word' id='word_1_703' title='bbox 2106 4483 2192 4527; x_wconf 86' lang='grc' dir='ltr'><strong>ναι</strong></span> <span class='ocrx_word' id='word_1_704' title='bbox 2216 4481 2232 4496; x_wconf 74' lang='grc' dir='ltr'><strong><em>ο</em></strong></span> <span class='ocrx_word' id='word_1_705' title='bbox 2265 4463 2423 4517; x_wconf 88' lang='grc' dir='ltr'>τοῦτο</span> <span class='ocrx_word' id='word_1_706' title='bbox 2469 4463 2567 4533; x_wconf 79' lang='grc' dir='ltr'><strong>μὲν</strong></span> <span class='ocrx_word' id='word_1_707' title='bbox 2607 4461 2715 4531; x_wconf 79' lang='grc' dir='ltr'>γὰρ</span> <span class='ocrx_word' id='word_1_708' title='bbox 2762 4462 2811 4513; x_wconf 89' lang='grc' dir='ltr'><strong>εί</strong></span> <span class='ocrx_word' id='word_1_709' title='bbox 2843 4462 2984 4514; x_wconf 88' lang='grc' dir='ltr'><strong>κατά</strong></span> <span class='ocrx_word' id='word_1_710' title='bbox 3016 4459 3240 4531; x_wconf 84' lang='grc' dir='ltr'>γνώμην</span> <span class='ocrx_word' id='word_1_711' title='bbox 3268 4459 3554 4531; x_wconf 77' lang='grc' dir='ltr'>ἔπραττεν,</span> <span class='ocrx_word' id='word_1_712' title='bbox 3581 4455 3665 4508; x_wconf 69' lang='grc' dir='ltr'>οὒκ</span> 
     </span>
    </p>
   </div>
   <div class='ocr_carea' id='block_1_94' title="bbox 425 4553 2000 4628">
    <p class='ocr_par' dir='ltr' id='par_1_94' title="bbox 425 4553 2000 4628">
     <span class='ocr_line' id='line_1_94' title="bbox 425 4553 2000 4628; baseline -0.002 -19"><span class='ocrx_word' id='word_1_713' title='bbox 425 4554 696 4625; x_wconf 88' lang='lat' dir='ltr'><strong>originem</strong></span> <span class='ocrx_word' id='word_1_714' title='bbox 760 4555 1035 4626; x_wconf 85' lang='lat' dir='ltr'><strong>ejusmodi</strong></span> <span class='ocrx_word' id='word_1_715' title='bbox 1090 4553 1383 4628; x_wconf 77' lang='lat' dir='ltr'><strong>exponere.</strong></span> <span class='ocrx_word' id='word_1_716' title='bbox 1452 4554 1560 4609; x_wconf 85' lang='lat' dir='ltr'><strong>Sed</strong></span> <span class='ocrx_word' id='word_1_717' title='bbox 1623 4555 1880 4624; x_wconf 91' lang='lat' dir='ltr'><strong>quoniam</strong></span> <span class='ocrx_word' id='word_1_718' title='bbox 1934 4568 2000 4607; x_wconf 90' lang='lat' dir='ltr'><strong>eo</strong></span> 
     </span>
    </p>
   </div>
   <div class='ocr_carea' id='block_1_95' title="bbox 424 4641 2003 4718">
    <p class='ocr_par' dir='ltr' id='par_1_95' title="bbox 424 4641 2003 4718">
     <span class='ocr_line' id='line_1_95' title="bbox 424 4641 2003 4718; baseline 0 -21"><span class='ocrx_word' id='word_1_719' title='bbox 424 4641 705 4715; x_wconf 83' lang='lat' dir='ltr'><strong>Evangelii</strong></span> <span class='ocrx_word' id='word_1_720' title='bbox 735 4645 855 4699; x_wconf 93' lang='lat' dir='ltr'><strong>loco</strong></span> <span class='ocrx_word' id='word_1_721' title='bbox 886 4648 1316 4717; x_wconf 85' lang='lat' dir='ltr'><strong>regenerationis</strong></span> <span class='ocrx_word' id='word_1_722' title='bbox 1339 4663 1435 4718; x_wconf 89' lang='lat' dir='ltr'><strong>per</strong></span> <span class='ocrx_word' id='word_1_723' title='bbox 1460 4648 1736 4700; x_wconf 84' lang='lat' dir='ltr'><strong>lavacrum</strong></span> <span class='ocrx_word' id='word_1_724' title='bbox 1770 4647 2003 4698; x_wconf 86' lang='lat' dir='ltr'><strong>mentio-</strong></span> 
     </span>
    </p>
   </div>
   <div class='ocr_carea' id='block_1_96' title="bbox 424 4735 2001 4807">
    <p class='ocr_par' dir='ltr' id='par_1_96' title="bbox 424 4735 2001 4807">
     <span class='ocr_line' id='line_1_96' title="bbox 424 4735 2001 4807; baseline 0.001 -18"><span class='ocrx_word' id='word_1_725' title='bbox 424 4748 553 4790; x_wconf 83' lang='lat' dir='ltr'><strong>nem</strong></span> <span class='ocrx_word' id='word_1_726' title='bbox 596 4735 747 4802; x_wconf 81' lang='lat' dir='ltr'><strong>facit,</strong></span> <span class='ocrx_word' id='word_1_727' title='bbox 783 4736 1083 4807; x_wconf 83' lang='lat' dir='ltr'><strong>Jesumque</strong></span> <span class='ocrx_word' id='word_1_728' title='bbox 1134 4745 1193 4792; x_wconf 89' lang='lat' dir='ltr'><strong>ut</strong></span> <span class='ocrx_word' id='word_1_729' title='bbox 1236 4736 1329 4792; x_wconf 88' lang='lat' dir='ltr'><strong>Dei</strong></span> <span class='ocrx_word' id='word_1_730' title='bbox 1368 4736 1564 4791; x_wconf 89' lang='lat' dir='ltr'><strong>Filium</strong></span> <span class='ocrx_word' id='word_1_731' title='bbox 1612 4735 1871 4799; x_wconf 81' lang='lat' dir='ltr'><strong>exhibet;</strong></span> <span class='ocrx_word' id='word_1_732' title='bbox 1919 4735 2001 4790; x_wconf 86' lang='lat' dir='ltr'><strong>id-</strong></span> 
     </span>
    </p>
   </div>
   <div class='ocr_carea' id='block_1_97' title="bbox 427 4825 2005 4896">
    <p class='ocr_par' dir='ltr' id='par_1_97' title="bbox 427 4825 2005 4896">
     <span class='ocr_line' id='line_1_97' title="bbox 427 4825 2005 4896; baseline -0.002 -16"><span class='ocrx_word' id='word_1_733' title='bbox 427 4825 581 4887; x_wconf 86' lang='lat' dir='ltr'><strong>circo</strong></span> <span class='ocrx_word' id='word_1_734' title='bbox 611 4827 714 4883; x_wconf 88' lang='lat' dir='ltr'><strong>hoc</strong></span> <span class='ocrx_word' id='word_1_735' title='bbox 736 4829 904 4883; x_wconf 87' lang='lat' dir='ltr'><strong>veluti</strong></span> <span class='ocrx_word' id='word_1_736' title='bbox 928 4828 1177 4896; x_wconf 79' lang='lat' dir='ltr'><strong>exemplo</strong></span> <span class='ocrx_word' id='word_1_737' title='bbox 1197 4828 1579 4883; x_wconf 87' lang='lat' dir='ltr'><strong>demonstrare</strong></span> <span class='ocrx_word' id='word_1_738' title='bbox 1600 4826 1795 4880; x_wconf 90' lang='lat' dir='ltr'><strong>nititur</strong></span> <span class='ocrx_word' id='word_1_739' title='bbox 1816 4839 2005 4895; x_wconf 90' lang='lat' dir='ltr'><strong>quem-</strong></span> 
     </span>
    </p>
   </div>
   <div class='ocr_carea' id='block_1_98' title="bbox 426 4915 2004 4990">
    <p class='ocr_par' dir='ltr' id='par_1_98' title="bbox 426 4915 2004 4990">
     <span class='ocr_line' id='line_1_98' title="bbox 426 4915 2004 4990; baseline -0.001 -19"><span class='ocrx_word' id='word_1_740' title='bbox 426 4917 560 4972; x_wconf 88' lang='lat' dir='ltr'><strong>libet</strong></span> <span class='ocrx_word' id='word_1_741' title='bbox 588 4918 866 4974; x_wconf 86' lang='lat' dir='ltr'><strong>hominem</strong></span> <span class='ocrx_word' id='word_1_742' title='bbox 888 4920 942 4973; x_wconf 93' lang='lat' dir='ltr'><strong>in</strong></span> <span class='ocrx_word' id='word_1_743' title='bbox 974 4918 1087 4974; x_wconf 90' lang='lat' dir='ltr'><strong>Deo</strong></span> <span class='ocrx_word' id='word_1_744' title='bbox 1102 4926 1505 4990; x_wconf 76' lang='lat' dir='ltr'><strong>regeneratum,</strong></span> <span class='ocrx_word' id='word_1_745' title='bbox 1535 4917 1749 4973; x_wconf 89' lang='lat' dir='ltr'><strong>etiamsi</strong></span> <span class='ocrx_word' id='word_1_746' title='bbox 1788 4932 1916 4971; x_wconf 84' lang='lat' dir='ltr'><strong>vere</strong></span> <span class='ocrx_word' id='word_1_747' title='bbox 1939 4915 2004 4979; x_wconf 70' lang='lat' dir='ltr'><strong>fi-</strong></span> 
     </span>
    </p>
   </div>
   <div class='ocr_carea' id='block_1_99' title="bbox 427 5009 2003 5081">
    <p class='ocr_par' dir='ltr' id='par_1_99' title="bbox 427 5009 2003 5081">
     <span class='ocr_line' id='line_1_99' title="bbox 427 5009 2003 5081; baseline -0.001 -16"><span class='ocrx_word' id='word_1_748' title='bbox 427 5009 537 5072; x_wconf 77' lang='lat' dir='ltr'><strong>lius</strong></span> <span class='ocrx_word' id='word_1_749' title='bbox 586 5011 870 5068; x_wconf 88' lang='lat' dir='ltr'><strong>hominum</strong></span> <span class='ocrx_word' id='word_1_750' title='bbox 923 5013 1189 5069; x_wconf 88' lang='lat' dir='ltr'><strong>habeatur</strong></span> <span class='ocrx_word' id='word_1_751' title='bbox 1232 5012 1305 5066; x_wconf 91' lang='lat' dir='ltr'><strong>ob</strong></span> <span class='ocrx_word' id='word_1_752' title='bbox 1352 5027 1573 5071; x_wconf 86' lang='lat' dir='ltr'><strong>carnem</strong></span> <span class='ocrx_word' id='word_1_753' title='bbox 1617 5026 1726 5081; x_wconf 90' lang='lat' dir='ltr'><strong>qua</strong></span> <span class='ocrx_word' id='word_1_754' title='bbox 1777 5009 2003 5071; x_wconf 87' lang='lat' dir='ltr'><strong>indutus</strong></span> 
     </span>
    </p>
   </div>
   <div class='ocr_carea' id='block_1_100' title="bbox 428 5103 2006 5173">
    <p class='ocr_par' dir='ltr' id='par_1_100' title="bbox 428 5103 2006 5173">
     <span class='ocr_line' id='line_1_100' title="bbox 428 5103 2006 5173; baseline -0.003 -15"><span class='ocrx_word' id='word_1_755' title='bbox 428 5111 536 5170; x_wconf 94' lang='lat' dir='ltr'><strong>est,</strong></span> <span class='ocrx_word' id='word_1_756' title='bbox 572 5119 683 5161; x_wconf 89' lang='lat' dir='ltr'><strong>non</strong></span> <span class='ocrx_word' id='word_1_757' title='bbox 712 5113 894 5165; x_wconf 77' lang='lat' dir='ltr'><strong>tamen</strong></span> <span class='ocrx_word' id='word_1_758' title='bbox 924 5119 1049 5161; x_wconf 87' lang='lat' dir='ltr'><strong>cum</strong></span> <span class='ocrx_word' id='word_1_759' title='bbox 1089 5120 1189 5161; x_wconf 88' lang='lat' dir='ltr'><strong>sua</strong></span> <span class='ocrx_word' id='word_1_760' title='bbox 1225 5111 1422 5169; x_wconf 90' lang='lat' dir='ltr'><strong>natura</strong></span> <span class='ocrx_word' id='word_1_761' title='bbox 1450 5105 1507 5159; x_wconf 90' lang='lat' dir='ltr'><strong>iu</strong></span> <span class='ocrx_word' id='word_1_762' title='bbox 1545 5103 1763 5158; x_wconf 88' lang='lat' dir='ltr'><strong>carneis</strong></span> <span class='ocrx_word' id='word_1_763' title='bbox 1791 5103 2006 5173; x_wconf 82' lang='lat' dir='ltr'><strong>genito-</strong></span> 
     </span>
    </p>
   </div>
   <div class='ocr_carea' id='block_1_101' title="bbox 429 5194 2006 5269">
    <p class='ocr_par' dir='ltr' id='par_1_101' title="bbox 429 5194 2006 5269">
     <span class='ocr_line' id='line_1_101' title="bbox 429 5194 2006 5269; baseline -0.001 -18"><span class='ocrx_word' id='word_1_764' title='bbox 429 5194 586 5252; x_wconf 82' lang='lat' dir='ltr'><strong>ribus</strong></span> <span class='ocrx_word' id='word_1_765' title='bbox 618 5196 838 5263; x_wconf 81' lang='lat' dir='ltr'><strong>sistere,</strong></span> <span class='ocrx_word' id='word_1_766' title='bbox 869 5213 1046 5269; x_wconf 90' lang='lat' dir='ltr'><strong>neque</strong></span> <span class='ocrx_word' id='word_1_767' title='bbox 1081 5213 1190 5252; x_wconf 91' lang='lat' dir='ltr'><strong>non</strong></span> <span class='ocrx_word' id='word_1_768' title='bbox 1221 5197 1364 5251; x_wconf 90' lang='lat' dir='ltr'><strong>ultra</strong></span> <span class='ocrx_word' id='word_1_769' title='bbox 1410 5196 1659 5268; x_wconf 87' lang='lat' dir='ltr'><strong>corporis</strong></span> <span class='ocrx_word' id='word_1_770' title='bbox 1688 5201 2006 5267; x_wconf 84' lang='lat' dir='ltr'><strong>procreato-</strong></span> 
     </span>
    </p>
   </div>
   <div class='ocr_carea' id='block_1_102' title="bbox 430 5287 2005 5351">
    <p class='ocr_par' dir='ltr' id='par_1_102' title="bbox 430 5287 2005 5351">
     <span class='ocr_line' id='line_1_102' title="bbox 430 5287 2005 5351; baseline -0.001 -8"><span class='ocrx_word' id='word_1_771' title='bbox 430 5302 525 5351; x_wconf 73' lang='lat' dir='ltr'><strong>res</strong></span> <span class='ocrx_word' id='word_1_772' title='bbox 558 5303 853 5345; x_wconf 75' lang='lat' dir='ltr'><strong>excurrere</strong></span> <span class='ocrx_word' id='word_1_773' title='bbox 879 5308 892 5344; x_wconf 89' lang='lat'><strong>:</strong></span> <span class='ocrx_word' id='word_1_774' title='bbox 916 5304 1108 5346; x_wconf 87' lang='lat' dir='ltr'><strong>verum</strong></span> <span class='ocrx_word' id='word_1_775' title='bbox 1155 5290 1371 5346; x_wconf 89' lang='lat' dir='ltr'><strong>etiamsi</strong></span> <span class='ocrx_word' id='word_1_776' title='bbox 1420 5289 1566 5347; x_wconf 83' lang='lat' dir='ltr'><strong>ﬁlius</strong></span> <span class='ocrx_word' id='word_1_777' title='bbox 1606 5289 1889 5343; x_wconf 90' lang='lat' dir='ltr'><strong>hominum</strong></span> <span class='ocrx_word' id='word_1_778' title='bbox 1922 5287 2005 5343; x_wconf 91' lang='lat' dir='ltr'><strong>vi-</strong></span> 
     </span>
    </p>
   </div>
   <div class='ocr_carea' id='block_1_103' title="bbox 433 5379 2005 5453">
    <p class='ocr_par' dir='ltr' id='par_1_103' title="bbox 433 5379 2005 5453">
     <span class='ocr_line' id='line_1_103' title="bbox 433 5379 2005 5453; baseline -0.003 -17"><span class='ocrx_word' id='word_1_779' title='bbox 433 5380 629 5440; x_wconf 85' lang='lat' dir='ltr'><strong>deatur</strong></span> <span class='ocrx_word' id='word_1_780' title='bbox 649 5383 721 5437; x_wconf 90' lang='lat' dir='ltr'><strong>ob</strong></span> <span class='ocrx_word' id='word_1_781' title='bbox 745 5383 996 5453; x_wconf 91' lang='lat' dir='ltr'><strong>corporis</strong></span> <span class='ocrx_word' id='word_1_782' title='bbox 1019 5382 1445 5452; x_wconf 81' lang='lat' dir='ltr'><strong>generationem,</strong></span> <span class='ocrx_word' id='word_1_783' title='bbox 1477 5381 1837 5449; x_wconf 80' lang='lat' dir='ltr'><strong>nihilominus</strong></span> <span class='ocrx_word' id='word_1_784' title='bbox 1859 5379 2005 5434; x_wconf 91' lang='lat' dir='ltr'><strong>haud</strong></span> 
     </span>
    </p>
   </div>
   <div class='ocr_carea' id='block_1_104' title="bbox 435 5471 2005 5546">
    <p class='ocr_par' dir='ltr' id='par_1_104' title="bbox 435 5471 2005 5546">
     <span class='ocr_line' id='line_1_104' title="bbox 435 5471 2005 5546; baseline 0.001 -20"><span class='ocrx_word' id='word_1_785' title='bbox 435 5471 675 5538; x_wconf 64' lang='lat' dir='ltr'><strong>alienum</strong></span> <span class='ocrx_word' id='word_1_786' title='bbox 721 5490 752 5529; x_wconf 92' lang='lat' dir='ltr'><strong>a</strong></span> <span class='ocrx_word' id='word_1_787' title='bbox 785 5473 878 5531; x_wconf 91' lang='lat' dir='ltr'><strong>Dei</strong></span> <span class='ocrx_word' id='word_1_788' title='bbox 923 5475 1217 5546; x_wconf 89' lang='lat' dir='ltr'><strong>ad0ptione</strong></span> <span class='ocrx_word' id='word_1_789' title='bbox 1265 5475 1498 5531; x_wconf 87' lang='lat' dir='ltr'><strong>censeri.</strong></span> <span class='ocrx_word' id='word_1_790' title='bbox 1551 5472 2005 5543; x_wconf 86' lang='lat' dir='ltr'><strong>Quandoquidem</strong></span> 
     </span>
    </p>
   </div>
   <div class='ocr_carea' id='block_1_105' title="bbox 436 5564 2004 5635">
    <p class='ocr_par' dir='ltr' id='par_1_105' title="bbox 436 5564 2004 5635">
     <span class='ocr_line' id='line_1_105' title="bbox 436 5564 2004 5635; baseline 0.003 -17"><span class='ocrx_word' id='word_1_791' title='bbox 436 5576 569 5635; x_wconf 81' lang='lat' dir='ltr'><strong>ergo</strong></span> <span class='ocrx_word' id='word_1_792' title='bbox 597 5564 775 5622; x_wconf 85' lang='lat' dir='ltr'><strong>Lucas</strong></span> <span class='ocrx_word' id='word_1_793' title='bbox 802 5567 946 5624; x_wconf 91' lang='lat' dir='ltr'><strong>haud</strong></span> <span class='ocrx_word' id='word_1_794' title='bbox 976 5568 1277 5625; x_wconf 85' lang='lat' dir='ltr'><strong>secundum</strong></span> <span class='ocrx_word' id='word_1_795' title='bbox 1307 5567 1545 5623; x_wconf 81' lang='lat' dir='ltr'><strong>Matthaei</strong></span> <span class='ocrx_word' id='word_1_796' title='bbox 1569 5575 1804 5625; x_wconf 82' lang='lat' dir='ltr'><strong>mentem</strong></span> <span class='ocrx_word' id='word_1_797' title='bbox 1828 5567 2004 5622; x_wconf 83' lang='lat' dir='ltr'><strong>histo-</strong></span> 
     </span>
    </p>
   </div>
   <div class='ocr_carea' id='block_1_106' title="bbox 2104 4544 3664 4625">
    <p class='ocr_par' dir='ltr' id='par_1_106' title="bbox 2104 4544 3664 4625">
     <span class='ocr_line' id='line_1_106' title="bbox 2104 4544 3664 4625; baseline -0.006 -18"><span class='ocrx_word' id='word_1_798' title='bbox 2104 4556 2285 4625; x_wconf 75' lang='grc' dir='ltr'>ἠγνόει</span> <span class='ocrx_word' id='word_1_799' title='bbox 2330 4554 2410 4606; x_wconf 85' lang='grc' dir='ltr'><strong>ὅτι</strong></span> <span class='ocrx_word' id='word_1_800' title='bbox 2462 4553 2630 4623; x_wconf 80' lang='grc' dir='ltr'>ἐχρῆν</span> <span class='ocrx_word' id='word_1_801' title='bbox 2658 4551 2857 4621; x_wconf 74' lang='grc' dir='ltr'>ταύτην</span> <span class='ocrx_word' id='word_1_802' title='bbox 2896 4549 3211 4603; x_wconf 81' lang='grc' dir='ltr'>ἐκθέσεσθαι</span> <span class='ocrx_word' id='word_1_803' title='bbox 3231 4568 3246 4581; x_wconf 80' lang='grc'><em>’</em></span> <span class='ocrx_word' id='word_1_804' title='bbox 3282 4550 3469 4621; x_wconf 79' lang='grc' dir='ltr'>ἐπειδὴ</span> <span class='ocrx_word' id='word_1_805' title='bbox 3499 4550 3555 4602; x_wconf 81' lang='grc' dir='ltr'>δὲ</span> <span class='ocrx_word' id='word_1_806' title='bbox 3583 4544 3664 4601; x_wconf 77' lang='grc' dir='ltr'><strong>νῦν</strong></span> 
     </span>
    </p>
   </div>
   <div class='ocr_carea' id='block_1_107' title="bbox 2101 4639 3663 4728">
    <p class='ocr_par' dir='ltr' id='par_1_107' title="bbox 2101 4639 3663 4728">
     <span class='ocr_line' id='line_1_107' title="bbox 2101 4639 3663 4728; baseline -0.004 -28"><span class='ocrx_word' id='word_1_807' title='bbox 2101 4646 2202 4718; x_wconf 75' lang='grc' dir='ltr'>τῆς</span> <span class='ocrx_word' id='word_1_808' title='bbox 2243 4645 2329 4700; x_wconf 76' lang='grc' dir='ltr'>διὰ</span> <span class='ocrx_word' id='word_1_809' title='bbox 2366 4643 2592 4716; x_wconf 90' lang='grc' dir='ltr'>λουτροῦ</span> <span class='ocrx_word' id='word_1_810' title='bbox 2621 4645 3025 4716; x_wconf 82' lang='grc' dir='ltr'>ἀναγεννήσεως</span> <span class='ocrx_word' id='word_1_811' title='bbox 3058 4644 3352 4728; x_wconf 82' lang='grc' dir='ltr'>μέμνηται,</span> <span class='ocrx_word' id='word_1_812' title='bbox 3382 4642 3493 4695; x_wconf 82' lang='grc' dir='ltr'>υίὺν</span> <span class='ocrx_word' id='word_1_813' title='bbox 3520 4639 3663 4693; x_wconf 79' lang='grc' dir='ltr'>αὐτὸν</span> 
     </span>
    </p>
   </div>
   <div class='ocr_carea' id='block_1_108' title="bbox 2102 4729 3662 4807">
    <p class='ocr_par' dir='ltr' id='par_1_108' title="bbox 2102 4729 3662 4807">
     <span class='ocr_line' id='line_1_108' title="bbox 2102 4729 3662 4807; baseline -0.004 -15"><span class='ocrx_word' id='word_1_814' title='bbox 2102 4739 2338 4807; x_wconf 83' lang='grc' dir='ltr'>εἰσάγων</span> <span class='ocrx_word' id='word_1_815' title='bbox 2363 4737 2520 4801; x_wconf 86' lang='grc' dir='ltr'>Θεοῦ,</span> <span class='ocrx_word' id='word_1_816' title='bbox 2558 4735 2804 4806; x_wconf 75' lang='grc' dir='ltr'>βούλεται</span> <span class='ocrx_word' id='word_1_817' title='bbox 2829 4736 2905 4799; x_wconf 87' lang='grc' dir='ltr'>ὡς</span> <span class='ocrx_word' id='word_1_818' title='bbox 2928 4738 2985 4789; x_wconf 83' lang='grc' dir='ltr'><strong>ἐν</strong></span> <span class='ocrx_word' id='word_1_819' title='bbox 3014 4735 3374 4806; x_wconf 82' lang='grc' dir='ltr'>ὑποδείγματι</span> <span class='ocrx_word' id='word_1_820' title='bbox 3400 4729 3662 4805; x_wconf 66' lang='grc' dir='ltr'>παραστῆο</span> 
     </span>
    </p>
   </div>
   <div class='ocr_carea' id='block_1_109' title="bbox 2106 4816 3661 4898">
    <p class='ocr_par' dir='ltr' id='par_1_109' title="bbox 2106 4816 3661 4898">
     <span class='ocr_line' id='line_1_109' title="bbox 2106 4816 3661 4898; baseline -0.005 -17"><span class='ocrx_word' id='word_1_821' title='bbox 2106 4847 2194 4881; x_wconf 85' lang='grc' dir='ltr'><strong>σαι</strong></span> <span class='ocrx_word' id='word_1_822' title='bbox 2228 4829 2307 4882; x_wconf 83' lang='grc' dir='ltr'><strong>ὅτι</strong></span> <span class='ocrx_word' id='word_1_823' title='bbox 2336 4827 2400 4898; x_wconf 82' lang='grc' dir='ltr'>δὴ</span> <span class='ocrx_word' id='word_1_824' title='bbox 2433 4829 2540 4890; x_wconf 82' lang='grc' dir='ltr'>πᾶς</span> <span class='ocrx_word' id='word_1_825' title='bbox 2566 4828 2594 4879; x_wconf 89' lang='grc' dir='ltr'>ὁ</span> <span class='ocrx_word' id='word_1_826' title='bbox 2628 4828 2686 4879; x_wconf 87' lang='grc' dir='ltr'><strong>ἐν</strong></span> <span class='ocrx_word' id='word_1_827' title='bbox 2707 4824 2825 4895; x_wconf 84' lang='grc' dir='ltr'><strong>Θεῷ</strong></span> <span class='ocrx_word' id='word_1_828' title='bbox 2847 4822 3311 4894; x_wconf 84' lang='grc' dir='ltr'>ἁναγεννὼμενος,</span> <span class='ocrx_word' id='word_1_829' title='bbox 3341 4820 3443 4875; x_wconf 76' lang='grc' dir='ltr'>κᾶν</span> <span class='ocrx_word' id='word_1_830' title='bbox 3466 4816 3661 4890; x_wconf 78' lang='grc' dir='ltr'>ἀληθῶς</span> 
     </span>
    </p>
   </div>
   <div class='ocr_carea' id='block_1_110' title="bbox 2105 4912 3662 4993">
    <p class='ocr_par' dir='ltr' id='par_1_110' title="bbox 2105 4912 3662 4993">
     <span class='ocr_line' id='line_1_110' title="bbox 2105 4912 3662 4993; baseline -0.006 -17"><span class='ocrx_word' id='word_1_831' title='bbox 2105 4923 2217 4987; x_wconf 60' lang='lat' dir='ltr'><strong>urb;</strong></span> <span class='ocrx_word' id='word_1_832' title='bbox 2246 4918 2383 4976; x_wconf 76' lang='grc' dir='ltr'>εἶναι</span> <span class='ocrx_word' id='word_1_833' title='bbox 2406 4920 2706 4993; x_wconf 83' lang='grc' dir='ltr'>ἀνθρώπων</span> <span class='ocrx_word' id='word_1_834' title='bbox 2736 4919 3009 4991; x_wconf 78' lang='grc' dir='ltr'>νομίζοιτο</span> <span class='ocrx_word' id='word_1_835' title='bbox 3038 4919 3104 4972; x_wconf 86' lang='grc' dir='ltr'>δι’</span> <span class='ocrx_word' id='word_1_836' title='bbox 3131 4918 3198 4989; x_wconf 79' lang='grc' dir='ltr'>ἢν</span> <span class='ocrx_word' id='word_1_837' title='bbox 3223 4916 3523 4989; x_wconf 83' lang='grc' dir='ltr'>περίκειται</span> <span class='ocrx_word' id='word_1_838' title='bbox 3548 4912 3662 4982; x_wconf 80' lang='grc' dir='ltr'>σάρ-</span> 
     </span>
    </p>
   </div>
   <div class='ocr_carea' id='block_1_111' title="bbox 2105 5001 3658 5084">
    <p class='ocr_par' dir='ltr' id='par_1_111' title="bbox 2105 5001 3658 5084">
     <span class='ocr_line' id='line_1_111' title="bbox 2105 5001 3658 5084; baseline -0.006 -15"><span class='ocrx_word' id='word_1_839' title='bbox 2105 5031 2196 5078; x_wconf 85' lang='grc' dir='ltr'><strong>κα,</strong></span> <span class='ocrx_word' id='word_1_840' title='bbox 2225 5014 2338 5068; x_wconf 87' lang='grc' dir='ltr'>ἀλλ’</span> <span class='ocrx_word' id='word_1_841' title='bbox 2364 5014 2463 5084; x_wconf 79' lang='grc' dir='ltr'><strong>οὐχ</strong></span> <span class='ocrx_word' id='word_1_842' title='bbox 2509 5011 2724 5066; x_wconf 72' lang='grc' dir='ltr'>ἵσταταί</span> <span class='ocrx_word' id='word_1_843' title='bbox 2770 5027 2834 5079; x_wconf 89' lang='grc' dir='ltr'><strong>γε</strong></span> <span class='ocrx_word' id='word_1_844' title='bbox 2884 5009 3022 5080; x_wconf 77' lang='grc' dir='ltr'>αὐτῇ</span> <span class='ocrx_word' id='word_1_845' title='bbox 3072 5008 3142 5061; x_wconf 83' lang='grc' dir='ltr'>τὰ</span> <span class='ocrx_word' id='word_1_846' title='bbox 3188 5005 3289 5076; x_wconf 83' lang='grc' dir='ltr'>τῆς</span> <span class='ocrx_word' id='word_1_847' title='bbox 3311 5004 3572 5075; x_wconf 82' lang='grc' dir='ltr'>γενέσεως</span> <span class='ocrx_word' id='word_1_848' title='bbox 3591 5001 3658 5060; x_wconf 72' lang='grc' dir='ltr'><strong>εἷς</strong></span> 
     </span>
    </p>
   </div>
   <div class='ocr_carea' id='block_1_112' title="bbox 2104 5094 3656 5176">
    <p class='ocr_par' dir='ltr' id='par_1_112' title="bbox 2104 5094 3656 5176">
     <span class='ocr_line' id='line_1_112' title="bbox 2104 5094 3656 5176; baseline -0.01 -13"><span class='ocrx_word' id='word_1_849' title='bbox 2104 5111 2230 5173; x_wconf 78' lang='grc' dir='ltr'>τοὺς</span> <span class='ocrx_word' id='word_1_850' title='bbox 2262 5106 2402 5161; x_wconf 79' lang='grc' dir='ltr'>κατὰ</span> <span class='ocrx_word' id='word_1_851' title='bbox 2441 5106 2618 5176; x_wconf 80' lang='grc' dir='ltr'>σάρκα</span> <span class='ocrx_word' id='word_1_852' title='bbox 2642 5107 2840 5174; x_wconf 85' lang='grc' dir='ltr'>γονεῖς,</span> <span class='ocrx_word' id='word_1_853' title='bbox 2875 5103 2995 5156; x_wconf 79' lang='grc' dir='ltr'>οὐδὲ</span> <span class='ocrx_word' id='word_1_854' title='bbox 3043 5100 3205 5173; x_wconf 80' lang='grc' dir='ltr'>μέχρι</span> <span class='ocrx_word' id='word_1_855' title='bbox 3234 5099 3342 5153; x_wconf 84' lang='grc' dir='ltr'>τῶν</span> <span class='ocrx_word' id='word_1_856' title='bbox 3369 5096 3461 5151; x_wconf 77' lang='grc' dir='ltr'><strong>τοῦ</strong></span> <span class='ocrx_word' id='word_1_857' title='bbox 3489 5094 3656 5165; x_wconf 73' lang='grc' dir='ltr'>σῶμα·</span> 
     </span>
    </p>
   </div>
   <div class='ocr_carea' id='block_1_113' title="bbox 2103 5186 3658 5274">
    <p class='ocr_par' dir='ltr' id='par_1_113' title="bbox 2103 5186 3658 5274">
     <span class='ocr_line' id='line_1_113' title="bbox 2103 5186 3658 5274; baseline -0.013 -18"><span class='ocrx_word' id='word_1_858' title='bbox 2103 5221 2196 5267; x_wconf 90' lang='grc' dir='ltr'><strong>τος</strong></span> <span class='ocrx_word' id='word_1_859' title='bbox 2241 5201 2601 5274; x_wconf 84' lang='grc' dir='ltr'>προπατόρων</span> <span class='ocrx_word' id='word_1_860' title='bbox 2645 5197 2865 5268; x_wconf 77' lang='grc' dir='ltr'>φθάνει·</span> <span class='ocrx_word' id='word_1_861' title='bbox 2902 5195 3015 5249; x_wconf 86' lang='grc' dir='ltr'>ἀλλ’</span> <span class='ocrx_word' id='word_1_862' title='bbox 3044 5196 3091 5249; x_wconf 85' lang='grc' dir='ltr'>εἰ</span> <span class='ocrx_word' id='word_1_863' title='bbox 3139 5194 3234 5248; x_wconf 73' lang='grc' dir='ltr'><strong>καὶ</strong></span> <span class='ocrx_word' id='word_1_864' title='bbox 3272 5192 3539 5264; x_wconf 77' lang='grc' dir='ltr'>νομίζοιτο</span> <span class='ocrx_word' id='word_1_865' title='bbox 3577 5186 3658 5239; x_wconf 82' lang='grc' dir='ltr'>ἀν·</span> 
     </span>
    </p>
   </div>
   <div class='ocr_carea' id='block_1_114' title="bbox 2106 5279 3653 5364">
    <p class='ocr_par' dir='ltr' id='par_1_114' title="bbox 2106 5279 3653 5364">
     <span class='ocr_line' id='line_1_114' title="bbox 2106 5279 3653 5364; baseline -0.007 -18"><span class='ocrx_word' id='word_1_866' title='bbox 2106 5292 2338 5364; x_wconf 86' lang='grc' dir='ltr'>θρώπων</span> <span class='ocrx_word' id='word_1_867' title='bbox 2368 5289 2506 5345; x_wconf 83' lang='grc' dir='ltr'>εἶναι</span> <span class='ocrx_word' id='word_1_868' title='bbox 2540 5290 2654 5353; x_wconf 80' lang='grc' dir='ltr'>υἱὸς</span> <span class='ocrx_word' id='word_1_869' title='bbox 2688 5287 2777 5341; x_wconf 81' lang='grc' dir='ltr'><strong>διὰ</strong></span> <span class='ocrx_word' id='word_1_870' title='bbox 2819 5285 2917 5357; x_wconf 82' lang='grc' dir='ltr'>τὴν</span> <span class='ocrx_word' id='word_1_871' title='bbox 2959 5284 3055 5339; x_wconf 85' lang='grc' dir='ltr'><strong>τοῦ</strong></span> <span class='ocrx_word' id='word_1_872' title='bbox 3109 5283 3364 5354; x_wconf 84' lang='grc' dir='ltr'>σώματος</span> <span class='ocrx_word' id='word_1_873' title='bbox 3405 5279 3653 5349; x_wconf 61' lang='grc' dir='ltr'>γέννησιν,</span> 
     </span>
    </p>
   </div>
   <div class='ocr_carea' id='block_1_115' title="bbox 2108 5365 3657 5457">
    <p class='ocr_par' dir='ltr' id='par_1_115' title="bbox 2108 5365 3657 5457">
     <span class='ocr_line' id='line_1_115' title="bbox 2108 5365 3657 5457; baseline -0.01 -16"><span class='ocrx_word' id='word_1_874' title='bbox 2108 5387 2259 5457; x_wconf 85' lang='grc' dir='ltr'>ὅμως</span> <span class='ocrx_word' id='word_1_875' title='bbox 2305 5385 2350 5438; x_wconf 75' lang='grc' dir='ltr'>δ’</span> <span class='ocrx_word' id='word_1_876' title='bbox 2382 5380 2474 5438; x_wconf 84' lang='grc' dir='ltr'><strong>οὖν</strong></span> <span class='ocrx_word' id='word_1_877' title='bbox 2519 5384 2618 5436; x_wconf 81' lang='grc' dir='ltr'><strong>οὐκ</strong></span> <span class='ocrx_word' id='word_1_878' title='bbox 2667 5380 2943 5451; x_wconf 87' lang='grc' dir='ltr'>ἀλλότριος</span> <span class='ocrx_word' id='word_1_879' title='bbox 2978 5378 3076 5449; x_wconf 81' lang='grc' dir='ltr'>τῆς</span> <span class='ocrx_word' id='word_1_880' title='bbox 3120 5375 3214 5430; x_wconf 89' lang='grc' dir='ltr'><strong>τοῦ</strong></span> <span class='ocrx_word' id='word_1_881' title='bbox 3241 5373 3377 5428; x_wconf 83' lang='grc' dir='ltr'>Θεοῦ</span> <span class='ocrx_word' id='word_1_882' title='bbox 3408 5365 3657 5426; x_wconf 51' lang='lat' dir='ltr'><strong>obesam</strong></span> 
     </span>
    </p>
   </div>
   <div class='ocr_carea' id='block_1_116' title="bbox 2111 5459 3656 5547">
    <p class='ocr_par' dir='ltr' id='par_1_116' title="bbox 2111 5459 3656 5547">
     <span class='ocr_line' id='line_1_116' title="bbox 2111 5459 3656 5547; baseline -0.01 -17"><span class='ocrx_word' id='word_1_883' title='bbox 2111 5477 2414 5547; x_wconf 78' lang='grc' dir='ltr'>ὑφέστηκεν</span> <span class='ocrx_word' id='word_1_884' title='bbox 2433 5492 2446 5505; x_wconf 93' lang='grc'><strong>·</strong></span> <span class='ocrx_word' id='word_1_885' title='bbox 2471 5473 2657 5544; x_wconf 80' lang='grc' dir='ltr'>ἐπειδὴ</span> <span class='ocrx_word' id='word_1_886' title='bbox 2680 5472 2736 5526; x_wconf 80' lang='grc' dir='ltr'><strong>δὲ</strong></span> <span class='ocrx_word' id='word_1_887' title='bbox 2756 5467 2849 5525; x_wconf 81' lang='grc' dir='ltr'><strong>οῦν</strong></span> <span class='ocrx_word' id='word_1_888' title='bbox 2873 5470 2934 5524; x_wconf 83' lang='grc' dir='ltr'><strong>οὐ</strong></span> <span class='ocrx_word' id='word_1_889' title='bbox 2952 5469 3093 5522; x_wconf 85' lang='grc' dir='ltr'><strong>κατά</strong></span> <span class='ocrx_word' id='word_1_890' title='bbox 3115 5469 3212 5538; x_wconf 73' lang='grc' dir='ltr'>τὴν</span> <span class='ocrx_word' id='word_1_891' title='bbox 3241 5465 3407 5537; x_wconf 76' lang='grc' dir='ltr'>αὐτὴν</span> <span class='ocrx_word' id='word_1_892' title='bbox 3426 5460 3502 5532; x_wconf 83' lang='grc' dir='ltr'><strong>τῷ</strong></span> <span class='ocrx_word' id='word_1_893' title='bbox 3520 5459 3656 5515; x_wconf 52' lang='lat' dir='ltr'><strong>Mat.</strong></span> 
     </span>
    </p>
   </div>
   <div class='ocr_carea' id='block_1_117' title="bbox 2110 5543 3657 5637">
    <p class='ocr_par' dir='ltr' id='par_1_117' title="bbox 2110 5543 3657 5637">
     <span class='ocr_line' id='line_1_117' title="bbox 2110 5543 3657 5637; baseline -0.012 -19"><span class='ocrx_word' id='word_1_894' title='bbox 2110 5543 2247 5637; x_wconf 84' lang='grc' dir='ltr'>θαίῳ</span> <span class='ocrx_word' id='word_1_895' title='bbox 2283 5543 2520 5618; x_wconf 86' lang='grc' dir='ltr'>διάνοιαν</span> <span class='ocrx_word' id='word_1_896' title='bbox 2570 5543 2837 5630; x_wconf 70' lang='grc' dir='ltr'>ἐξετίθετο</span> <span class='ocrx_word' id='word_1_897' title='bbox 2883 5559 2981 5630; x_wconf 73' lang='grc' dir='ltr'>τὴν</span> <span class='ocrx_word' id='word_1_898' title='bbox 3031 5559 3302 5629; x_wconf 80' lang='grc' dir='ltr'>διήγησιν,</span> <span class='ocrx_word' id='word_1_899' title='bbox 3332 5551 3547 5615; x_wconf 82' lang='grc' dir='ltr'>εἰκότως</span> <span class='ocrx_word' id='word_1_900' title='bbox 3576 5543 3657 5600; x_wconf 68' lang='grc' dir='ltr'>τὶν</span> 
     </span>
    </p>
   </div>
   <div class='ocr_carea' id='block_1_118' title="bbox 512 5737 3286 5822">
    <p class='ocr_par' dir='ltr' id='par_1_118' title="bbox 512 5737 3286 5822">
     <span class='ocr_line' id='line_1_118' title="bbox 512 5737 3286 5822; baseline -0.002 -25"><span class='ocrx_word' id='word_1_901' title='bbox 512 5739 628 5809; x_wconf 81' lang='lat' dir='ltr'><strong>(ll)</strong></span> <span class='ocrx_word' id='word_1_902' title='bbox 670 5741 872 5802; x_wconf 79' lang='lat' dir='ltr'><strong>Desunt</strong></span> <span class='ocrx_word' id='word_1_903' title='bbox 906 5748 1021 5804; x_wconf 64' lang='lat' dir='ltr'><strong>hac</strong></span> <span class='ocrx_word' id='word_1_904' title='bbox 1057 5750 1111 5803; x_wconf 93' lang='lat' dir='ltr'><strong>in</strong></span> <span class='ocrx_word' id='word_1_905' title='bbox 1138 5750 1237 5806; x_wconf 79' lang='lat' dir='ltr'><strong>cod</strong></span> <span class='ocrx_word' id='word_1_906' title='bbox 1288 5749 1352 5818; x_wconf 83' lang='grc' dir='ltr'>Δ,</span> <span class='ocrx_word' id='word_1_907' title='bbox 1386 5749 1474 5817; x_wconf 78' lang='lat' dir='ltr'><strong>(il,</strong></span> <span class='ocrx_word' id='word_1_908' title='bbox 1509 5766 1537 5804; x_wconf 91' lang='lat' dir='ltr'><strong>a</strong></span> <span class='ocrx_word' id='word_1_909' title='bbox 1566 5765 1673 5822; x_wconf 86' lang='lat' dir='ltr'><strong>quo</strong></span> <span class='ocrx_word' id='word_1_910' title='bbox 1705 5748 1995 5822; x_wconf 68' lang='lat' dir='ltr'><strong>cactcroqui</strong></span> <span class='ocrx_word' id='word_1_911' title='bbox 2036 5749 2290 5806; x_wconf 80' lang='lat' dir='ltr'><strong>mcliorcs</strong></span> <span class='ocrx_word' id='word_1_912' title='bbox 2325 5745 2599 5803; x_wconf 81' lang='lat' dir='ltr'><strong>interdum</strong></span> <span class='ocrx_word' id='word_1_913' title='bbox 2636 5743 2897 5800; x_wconf 84' lang='lat' dir='ltr'><strong>lectiones</strong></span> <span class='ocrx_word' id='word_1_914' title='bbox 2931 5737 3286 5810; x_wconf 78' lang='lat' dir='ltr'><strong>sumpsimus.</strong></span> 
     </span>
    </p>
   </div>
  </div>
