3830 6260
168 343 252 403 897

682 325 1144 397 QUESTIONES
1178 322 1641 381 EVANGELICJE
1681 320 1714 375 Α

1823 319 2349 377 STEPHANUM.——
2385 320 2716 389 ΩῘΙΑΕΞΤΙΟ
2755 321 2845 378 111.

3272 325 3377 381 898

167 458 304 516 αὐτὸν
331 451 513 522 ἐκείνῳ
552 446 736 519 καιρὸν
780 447 1040 518 ὐπερΰάς,
1075 447 1168 499 ἐπὶ
1208 446 1308 516 τὴν
1349 444 1702 513 ἀναγέννησιν

1823 441 1939 495 iam
1974 454 2131 495 suam
2172 438 2387 504 scribit',
2416 445 2848 495 consentaneum
2881 445 2999 495 erat.
3032 446 3093 494 ut
3134 437 3377 495 Matthzei

167 553 250 623 τὴν
267 546 345 602 διὰ
373 540 588 614 λουτροῦ
615 539 974 611 παραγίνεται
992 554 1007 568 ο
1036 539 1129 591 καὶ
1162 535 1394 591 ἐνταῦθα
1424 534 1521 607 τὴν
1550 538 1702 593 ἐναν-

164 620 267 698 τίαν
285 637 542 694 ἐκτίθεται
565 633 672 687 τῶν
697 631 871 702 γενῶν
896 630 1146 702 διαδοχήν
1165 647 1179 662 ο
1211 620 1349 700 ὁμοῦ
1372 629 1467 682 καὶ
1485 627 1702 696 ἀνάγων

166 736 257 792 ἀπὸ
281 732 380 786 τῶν
415 727 653 788 ὑστάτων
686 725 778 779 ἐπὶ
807 724 877 779 τὰ
904 722 1118 797 πρῶτα,
1146 721 1280 794 ὁμοῦ
1308 722 1402 775 καὶ
1432 719 1530 792 τὴν
1566 720 1702 790 μνή-

168 845 258 900 μην
275 824 373 877 τῶν
397 820 542 891 παρὰ
564 817 641 890 τῷ
659 817 925 888 Ματθαίῳ
954 815 1218 871 ὑπαιτίων
1248 814 1339 868 καί
1367 811 1704 884 ἁμαρτωλῶν

164 915 346 988 ἀνδρῶν
390 910 804 982 ἀποσειόμενος⁶
857 909 1155 980 ἐπειδήπερ
1204 910 1232 961 6
1277 905 1429 979 παρά
1465 905 1542 976 τῷ
1586 903 1705 976 Θεῷ

163 1003 645 1076 ἀναγεγεννημένος,
676 1001 954 1074 ἀλλότριος
999 1000 1319 1055 καθίσταται
1369 1001 1469 1071 τῆς
1513 998 1707 1070 ὲνσάρ-

168 1117 248 1156 κου
271 1097 522 1168 γενέσεως
547 1094 640 1150 καὶ
668 1094 776 1148 τῶν
807 1093 946 1148 κατὰ
978 1093 1156 1165 σάρκα
1176 1091 1512 1164 ἁμαρτωλῶν
1541 1090 1706 1145 πατέέ

167 1212 276 1265 ρων,
302 1192 408 1255 υίὸς
435 1188 871 1259 ἀποφαινόμενος
894 1188 1050 1252 Θεοῦ,
1082 1188 1178 1242 καὶ
1198 1187 1416 1241 πάντων
1438 1185 1546 1239 τῶν
1565 1184 1707 1239 κατά

160 1284 273 1340 Θεὸν
301 1281 674 1352 ἀνεπιλήπτως
708 1279 1067 1351 βεϐιωκότων.

216 1397 272 1452 δ’.
308 1391 447 1457 Οἷον,
466 1392 542 1458 ὡς
570 1395 662 1448 ἐπὶ
688 1394 1148 1467 παραδείγματος,
1171 1393 1382 1459 Παῦλος
1417 1396 1447 1448 6
1477 1393 1709 1448 ἀπόστο-

161 1492 236 1554 λος
258 1489 417 1560 ἐχέτω
457 1488 567 1558 μὲν,
596 1487 738 1541 κατά
774 1487 956 1558 σάρκα
990 1487 1204 1559 πατέρα
1249 1486 1495 1541 Ἰουδαῖον
1528 1489 1709 1541 ὅντινα

159 1582 222 1646 ὡς
248 1580 384 1645 εἰκὸς
428 1581 655 1635 ἄπιστον
675 1597 687 1609 ·
716 1580 888 1649 ἐχέτω
917 1577 973 1631 δὲ
1000 1578 1095 1632 καὶ
1123 1578 1263 1632 κατά
1293 1579 1444 1643 Θεὸν,
1479 1572 1539 1632 οὗ
1569 1579 1711 1633 κατά

157 1674 264 1736 τοὺς
290 1672 517 1746 τρόπους
539 1672 687 1724 ὲϐίου
708 1688 721 1701 ·
749 1674 796 1725 εἰ
829 1671 887 1725 δὲ
913 1666 1007 1725 οὖν
1048 1672 1231 1741 μέλλει
1257 1688 1342 1735 τις
1370 1672 1532 1725 αὐτὸν
1568 1670 1709 1725 κατὰ

1805 536 2051 599 tempora
2083 534 2531 600 praetergressus,
2572 528 2641 584 ad
2674 529 3139 600 regenerationem
3169 544 3269 601 per
3295 529 3371 584 la-

1803 635 2027 676 vacrum
2054 619 2287 687 veniret,
2323 620 2507 692 ibique
2538 622 2869 676 contrariam
2909 630 3138 692 poneret
3176 634 3372 691 prosa~

1802 711 2015 780 piarum
2058 711 2465 766 successionem
2497 728 2510 763 :
2538 709 2702 765 simul
2750 724 2983 781 pergens
3025 724 3056 764 a
3086 709 3383 781 postremis

1805 802 1872 856 ad
1898 801 2072 865 initia,
2099 801 2373 870 simulque
2398 800 2718 856 memoriam
2750 800 2990 856 sontium
3020 814 3084 855 ac
3114 799 3380 856 scelesto-

1804 910 1948 960 rum,
1988 894 2084 964 qui
2133 903 2264 949 sunt
2304 893 2447 964 apud
2497 893 2810 947 Matthaeum
2839 892 3121 947 hominum
3162 893 3378 947 vitans:

1806 989 1931 1057 quia
1979 994 2338 1059 regeneratus
2369 986 2514 1058 apud
2543 985 2712 1041 Deum
2754 986 2967 1041 alienus
3016 986 3077 1039 ﬁt
3110 1000 3142 1039 a
3180 998 3382 1040 carnea

1806 1088 2026 1143 natura,
2063 1087 2117 1134 et
2146 1095 2175 1133 a
2204 1079 2586 1150 peccatoribus
2618 1078 2921 1133 secundum
2951 1092 3173 1132 carnem
3208 1075 3383 1147 patri-

1808 1172 1933 1235 bus,
1966 1170 2063 1225 Dei
2103 1172 2364 1225 nimirum
2396 1171 2711 1226 declaratus
2739 1170 2909 1237 ﬁlius,
2935 1178 2989 1225 et
3017 1169 3263 1225 omnium
3287 1168 3383 1239 qui

1808 1262 2110 1319 secundum
2145 1262 2316 1319 Deum
2347 1265 2467 1331 sine
2497 1264 2658 1335 culpa
2685 1263 2958 1319 vixerunt.

1882 1378 1932 1433 ι.
1969 1375 2217 1449 Exempli
2256 1378 2431 1449 gratia
2474 1376 2681 1432 Paulus
2726 1375 3012 1446 apostolus
3045 1381 3253 1445 patrem
3300 1388 3386 1429 se-

1816 1469 2060 1524 cundum
2095 1484 2316 1523 carnem
2371 1469 2561 1522 habuit
2590 1465 2860 1531 Judaeum,
2891 1472 2950 1519 ut
2979 1464 3239 1520 credibile
3278 1468 3384 1527 est,

1810 1576 1842 1614 a
1873 1560 1978 1616 ﬁde
2012 1562 2252 1618 alienum
2287 1578 2301 1614 :
2336 1560 2525 1613 habuit
2560 1574 2779 1629 quoque
2826 1564 3035 1627 patrem
3078 1554 3387 1611 secundum

1812 1653 2005 1716 Deum,
2064 1654 2225 1723 cujus
2279 1653 2533 1707 videlicet
2580 1652 2705 1706 vita:
2748 1652 3056 1705 institutum
3103 1646 3389 1717 amplexus

159 1732 724 1839 capita'ysveailoysiv,
769 1764 913 1826 τίνος
960 1732 1187 1829 εἰκότως
1244 1732 1334 1819 ἂν*
1365 1764 1632 1837 ἐμνήσθη.
1675 1764 1708 1835 ἢ

1823 1747 1936 1803 fuit.
1990 1746 2045 1800 Si
2077 1747 2202 1817 quis
2247 1760 2378 1815 ergo
2412 1743 2565 1797 Pauli
2604 1743 2905 1799 secundum
2949 1732 3169 1795 carnem
3215 1751 3389 1808 genus

159 1859 349 1923 πάντως
376 1876 477 1913 που
511 1858 608 1911 τοῦ
636 1858 779 1911 κατά
814 1859 991 1928 σάρκα
1023 1857 1262 1928 πατρός;
1299 1854 1363 1909 Εἰ
1391 1856 1433 1909 δ’
1456 1852 1521 1910 αὖ
1551 1855 1712 1909 πάλιν

156 1950 316 2023 ἕτερος
343 1941 438 2020 τὴν
470 1950 530 2002 ὲν
578 1948 797 2021 Χριστῷ
828 1950 1041 2018 γένεσιν
1074 1948 1239 2002 αὐτοῦ
1281 1948 1474 2019 δηλοῦν
1518 1947 1710 2012 ἐθέλοι,

155 2044 280 2106 τίνος
304 2042 368 2097 ἂν
392 2043 490 2115 τὴν
516 2044 744 2113 μνήμην
777 2041 894 2113 θείη
930 2040 997 2094 ἂν
1033 2041 1276 2104 εἰκότως,
1309 2039 1342 2110 ἢ
1375 2041 1591 2104 πάντως
1617 2039 1714 2093 τοῦ

156 2134 275 2189 κατὰ
330 2133 461 2187 Θεὸν
507 2133 676 2187 αὐτὸν
725 2134 1219 2204 ἁναγεννήσαντος;
1275 2132 1431 2185 Οῦτω
1486 2132 1582 2185 καὶ
1639 2131 1714 2203 τῷ

165 2224 391 2296 ’Δϐραάμ
418 2222 639 2294 εἴρηται
659 2238 674 2254 ·
712 2238 732 2275 ι
763 2222 836 2277 Σὺ
868 2222 926 2276 δὲ
958 2222 1235 2296 ἀπελεύσῃ
1279 2223 1416 2294 πρὸς
1447 2223 1573 2287 τοὺς
1610 2240 1716 2276 πα-

154 2312 297 2387 τέρας
318 2331 407 2369 σου
426 2316 663 2388 τραφεὶς
682 2317 741 2370 ὲν
761 2317 907 2387 γήρᾳ
936 2314 1099 2386 καλῷ·
1114 2316 1207 2368 »οὐ
1227 2314 1397 2387 δήπου
1422 2317 1546 2380 τοὺς
1576 2316 1717 2370 κατὰ

157 2408 313 2479 σάρκα
343 2408 592 2482 πατέρας
616 2407 900 2480 δηλοῦντος
933 2408 1026 2461 τοῦ
1063 2408 1244 2478 λόγου,
1277 2410 1324 2461 εἰ
1354 2408 1429 2479 μὴ
1462 2408 1557 2462 καὶ
1590 2407 1713 2461 θεο-

156 2500 310 2563 σεϐεῖς
351 2500 600 2568 λέγοιντο
643 2500 943 2569 γεγονέναι,
977 2500 1103 2563 τοὺς
1144 2500 1202 2553 δὲ
1248 2502 1305 2553 ὲν
1331 2500 1450 2572 Θεῷ
1477 2501 1718 2573 πατέρας

152 2589 226 2644 διὰ
258 2592 351 2663 τὴν
392 2593 492 2664 τῆς
538 2591 829 2654 εὐσεϐείας
875 2592 1258 2663 όμοιοτροπίαν
1302 2593 1673 2663 αἰνιττομένου
1699 2608 1713 2621 ·

151 2681 275 2737 οὕτω
293 2684 381 2738 καὶ
401 2685 452 2738 οἱ
472 2682 534 2749 ἐξ
559 2683 834 2757 Ἀϐραὰμ,
851 2685 1067 2749 ἀσεϐεῖς
1088 2680 1229 2756 ἦσαν
1257 2684 1355 2756 μὲν
1375 2684 1517 2739 κατὰ
1542 2684 1719 2757 σάρκα

152 2777 194 2828 οἰ
235 2776 333 2830 υἱοὶ
367 2777 647 2850 Ἀϐραὰμ,
681 2776 826 2830 κατά
864 2777 920 2830 δὲ
965 2777 1059 2831 τὸν
1087 2778 1308 2850 τρόπον,
1336 2776 1443 2830 υἰοὶ
1472 2776 1720 2848 Σοδόμων

151 2869 231 2923 καὶ
251 2869 563 2944 Γομόρρας’
601 2869 681 2923 διὸ
704 2869 923 2939 λέγεται
959 2868 1096 2941 πρὸς
1128 2869 1354 2933 αὐτούς·
1385 2888 1403 2920 ι
1427 2870 1720 2924 Ἀκούσατε

148 2959 287 3029 λόγον
314 2962 542 3035 Κυρίου,
595 2961 852 3034 ἄρχοντες
907 2961 1174 3033 Σοδόμων,
1224 2961 1515 3034 προσέχετε
1560 2962 1721 3033 νόμον

150 3052 289 3119 Θεοῦ,
319 3053 445 3118 λαὸς
482 3055 804 3126 Γομόρρας·
844 3073 864 3107 ι
900 3053 975 3118 ὼς
1007 3050 1074 3107 αὗ
1109 3054 1271 3107 πάλιν
1298 3054 1357 3121 ἐξ
1385 3047 1461 3107 ὧν
1491 3053 1722 3126 ήμελλεν

1813 1853 2043 1894 narrare
2081 1838 2234 1901 velit,
2272 1850 2561 1907 quemnam
2596 1835 2791 1888 merito
2821 1844 3029 1903 patrem
3064 1828 3390 1885 memorabit

1813 1932 1920 1986 nisi
1945 1929 2258 1985 carnalem?
2292 1927 2390 1981 Sin
2419 1942 2640 1981 rursum
2673 1926 2872 1995 aliquis
2898 1923 3053 1978 Pauli
3085 1923 3141 1976 in
3165 1921 3391 1975 Christo

1814 2024 2156 2079 nativitatem
2183 2021 2472 2077 ostendere
2508 2020 2659 2086 velit,
2696 2018 2984 2086 cujusnam
3017 2014 3203 2084 potius
3236 2028 3390 2067 men-

1816 2115 2018 2168 tionem
2050 2113 2293 2183 parentis
2328 2110 2510 2172 faciet,
2545 2123 2708 2179 quam
2737 2107 2856 2177 ejus
2883 2120 2914 2160 a
2944 2120 3055 2175 quo
3086 2102 3390 2159 secundum

1815 2206 1986 2262 Deum
2030 2212 2386 2276 regeneratus
2434 2197 2551 2258 est?
2579 2201 2673 2256 Sic
2703 2200 3016 2254 Abrahamo
3045 2211 3264 2268 quoque
3306 2195 3394 2249 di—

1816 2299 2098 2356 ctnm'fuit
2128 2318 2140 2353 :
2175 2318 2192 2350 ι
2223 2297 2304 2352 Tu
2350 2312 2481 2352 vero
2523 2296 2700 2350 abibis
2745 2293 2811 2348 ad
2858 2299 3042 2362 patres
3074 2299 3198 2345 tuos
3246 2289 3392 2343 bona

1818 2400 2101 2448 saturatas
2148 2385 2430 2446 senectute
2453 2388 2517 2440 “.
2552 2406 2570 2438 ι
2602 2386 2705 2453 Qui
2741 2384 2988 2455 profecto
3020 2394 3204 2438 sermo
3243 2378 3391 2433 haud

1818 2500 2046 2539 carneos
2094 2490 2280 2554 patres
2313 2481 2677 2542 demonstrat,
2712 2479 2816 2533 nisi
2869 2477 2923 2531 hi
2964 2474 3108 2529 forte
3142 2473 3220 2544 pii
3253 2485 3394 2542 quo-

1819 2594 1925 2648 que
1957 2578 2130 2633 fuisse
2164 2576 2494 2642 credantur;
2550 2571 2644 2628 sed
2684 2572 2750 2626 de
2794 2569 3043 2640 patribus
3089 2564 3392 2621 secundum

1825 2670 1995 2726 Deum
2030 2670 2293 2740 loquitur,
2329 2676 2554 2738 propter
2579 2663 2796 2736 pietatis
2828 2659 3269 2717 similitudinem.
3300 2652 3394 2710 Sic

1820 2761 2115 2817 Abrahami
2138 2768 2326 2815 sontes
2351 2757 2466 2823 lilii,
2499 2756 2665 2824 hujus
2687 2752 2906 2824 quidem
2929 2747 3235 2805 secundum
3269 2760 3393 2799 car-

1820 2868 1945 2908 nem
2000 2851 2096 2905 lilii
2140 2855 2328 2913 erant,
2384 2847 2631 2902 moribus
2653 2852 2834 2898 autem
2883 2838 3246 2895 Sodomorum
3295 2834 3396 2889 ﬁlii

1822 2953 1989 3015 atque
2037 2941 2376 2997 Gomorrhte.
2431 2938 2641 2993 Idcirco
2687 2936 2890 2990 dicitur
2942 2933 3099 2986 illis:
3146 2948 3165 2981 ι
3196 2927 3398 2983 Audite

1824 3048 2133 3094 sermonem
2158 3031 2370 3087 Domini
2401 3029 2679 3101 principes
2707 3024 3070 3080 Sodomorum
3091 3062 3106 3087 ,
3133 3017 3402 3076 attendite

150 3144 245 3197 υἱοὶ
277 3113 541 3217 ”Α6ραὰμ
564 3113 879 3214 ’γίγνεσθαι
898 3161 912 3175 ·
956 3113 1013 3197 οἱ
1066 3144 1197 3212 γοῦν
1225 3143 1298 3208 ἐξ
1330 3113 1608 3206 έθνῶνέἰς
1629 3143 1721 3197 τὸν
1746 3141 1790 3198 C
1821 3129 1929 3201 1θεί
1955 3126 2072 3191 Dei:
2109 3141 2142 3181 0
2163 3125 2362 3196 ΡοΡυῙθ
2390 3120 2709 3177 Gomorrha’:
2732 3119 2774 3151 ¹⁷
2809 3137 2822 3173 :
2909 3125 3170 3185 tanquam
3203 3113 3247 3216 si

147 3232 364 3307 Χριστὸν
400 3237 499 3292 τοῦ
533 3235 677 3291 Θεοῦ
706 3236 1146 3300 πεπιστευκότες,
1175 3235 1317 3289 κατὰ
1343 3235 1520 3301 σάρκα
1549 3234 1719 3288 πατέ-

149 3346 247 3398 ρων
290 3330 617 3402 ἀλλοφύλων
670 3329 887 3400 φύντες,
943 3329 1049 3382 υἰοί⁸
1098 3328 1403 3398 γεγόναμεν
1447 3325 1717 3398 ’Δϐραὰμ,

147 3421 367 3493 Χριστοῦ
396 3423 692 3495 γενόμενοι
725 3420 914 3484 παῖδες
956 3422 1053 3474 καὶ
1098 3418 1207 3474 τῶν
1252 3417 1491 3490 Χριστοῦ
1545 3418 1720 3490 μαθη-

146 3513 274 3567 τῶψ
306 3515 449 3570 ὥστε
491 3516 598 3569 καὶ
636 3514 894 3585 δευτέραν
930 3512 1076 3584 ἡμᾶς
1102 3509 1501 3583 ἐπιγράφεσθαι
1532 3508 1722 3577 γένους

145 3604 378 3679 διαδοχὴν
412 3607 554 3661 πολὺ
588 3605 874 3679 κρείττονα
898 3604 995 3675 τῆς
1024 3602 1165 3657 κατά
1192 3602 1370 3673 σάρκα
1396 3600 1483 3655 διὰ
1503 3599 1610 3671 τὴν
1631 3616 1723 3654 κα-

144 3698 205 3751 τὰ
222 3700 456 3770 Χριστὸν
483 3699 870 3770 άναγέννησιν.

205 3984 262 4041 ε’.
305 3987 558 4051 Εἰκότως
584 3984 876 4058 τοιγαροῦν
906 3987 1001 4041 καὶ
1019 3987 1048 4039 6
1080 3987 1312 4050 Λουκᾶς,
1349 3984 1444 4039 ἆτε
1475 3984 1571 4056 τὴν
1595 3985 1726 4038 ἀνα-

145 4076 387 4150 γέννησιν
413 4077 678 4149 ἱστορῶν,
716 4080 776 4132 οὐ
803 4078 900 4151 τὴν
932 4079 1098 4150 αὐτὴν
1130 4077 1299 4133 ὁδεύει
1332 4076 1411 4147 τῷ
1442 4074 1721 4145 Ματθαίῳ,

142 4167 197 4220 οὐ
224 4170 313 4224 τοῦ
349 4169 679 4243 Σολομῶνος
718 4170 812 4226 καὶ
856 4171 956 4242 τῆς
1000 4169 1094 4224 τοῦ
1146 4171 1364 4242 Οὐρίου,
1398 4170 1459 4223 οὐ
1488 4168 1587 4239 τῆς
1614 4167 1724 4222 Θά-

145 4278 270 4335 μαρ,
306 4264 370 4317 οὐ
395 4265 504 4336 τῆς
545 4263 730 4328 Ῥούθ,
755 4263 816 4317 οὐ
842 4262 939 4317 τοῦ
987 4263 1232 4335 Ἰεχονίου
1260 4262 1357 4317 καὶ
1387 4262 1494 4316 τῶν
1525 4259 1729 4333 μεταξύ

139 4354 592 4430 διαϐεϐλημένων
645 4357 856 4431 ἀνδρῶν
908 4356 1007 4428 τὴν
1057 4356 1359 4430 παράθεσιν
1414 4352 1728 4427 πεποίηται,

1822 3235 1918 3276 sus
1959 3235 2027 3275 ex
2075 3218 2166 3274 bis
2206 3224 2393 3271 essent
2437 3212 2735 3268 Abrahami
2778 3208 2874 3263 ﬁlii
2914 3204 3256 3278 proventuri.
3292 3201 3402 3270 Qui

1820 3311 1987 3382 igitur
2016 3324 2085 3364 ex
2121 3308 2376 3379 gentibus
2425 3304 2647 3361 Christo
2693 3300 2791 3354 Dei
2825 3298 3178 3359 credidimus,
3220 3307 3400 3363 quan-

1820 3417 1984 3475 quam
2012 3401 2326 3457 inﬁdelibus
2349 3397 2651 3454 secundum
2673 3407 2895 3448 carnem
2925 3388 3093 3461 geniti
3122 3386 3399 3459 patribus,

1822 3496 1878 3549 in
1908 3492 2203 3549 Abrahami
2250 3491 2471 3545 domum
2507 3485 2885 3556 migravimus,
2931 3479 3140 3534 Christi
3171 3478 3403 3547 ejusque

1822 3584 2220 3655 discipulorum
2262 3582 2409 3635 nacti
2433 3578 2779 3648 adoptionem
2808 3593 2822 3628 :
2856 3580 3021 3641 atque
3049 3570 3122 3623 ita
3154 3570 3208 3622 in
3235 3567 3401 3621 aliam

1823 3684 2039 3733 nosmet
2080 3673 2467 3742 inscripsimus
2500 3668 2717 3741 generis
2762 3662 3198 3723 successionem,
3226 3658 3403 3713 multo

1824 3784 2026 3825 carnea
2088 3768 2367 3823 meliorem
2429 3768 2652 3834 propter
2706 3759 2765 3814 in
2832 3754 3057 3811 Christo
3113 3762 3403 3822 regeneras

1825 3864 2048 3918 tionem.

1896 3978 1951 4033 5.
1988 3974 2181 4031 Merito
2208 3971 2397 4043 igitur
2440 3967 2654 4030 Lucas,
2701 3979 2827 4020 cum
2872 3962 2941 4019 de
2986 3954 3407 4032 regeneratione

1827 4069 2092 4140 loquitur,
2142 4065 2288 4120 haud
2329 4063 2520 4118 eadem
2561 4074 2667 4129 qua
2711 4056 2997 4112 Matthaeus
3047 4052 3242 4109 semita
3273 4063 3403 4120 per-

1832 4166 1908 4234 git
1938 4180 1951 4215 :
1985 4172 2180 4228 nempe
2205 4171 2313 4211 non
2345 4153 2677 4217 Salomonis,
2705 4165 2815 4206 non
2857 4146 3049 4202 uxoris
3093 4142 3259 4208 Uria,
3290 4155 3405 4198 non

1831 4255 2138 4318 Thamarze,
2189 4265 2297 4306 non
2353 4247 2569 4309 Ruthae,
2623 4260 2732 4300 non
2782 4238 3077 4304 Jechoniae,
3124 4250 3226 4291 nec
3268 4249 3406 4305 quo-

1831 4346 2041 4402 rumvis
2075 4351 2274 4418 praeter
2303 4342 2405 4396 hos
2454 4352 2673 4393 reorum
2717 4334 3050 4390 mentionem
3094 4329 3262 4397 facit;
3307 4326 3406 4383 sed

140 4447 270 4502 ἀλλά
299 4418 632 4521 διἠὲτέρων
661 4418 1041 4520 ἀνεπιλήπτων
1075 4418 1270 4513 ἄνεισι,
1300 4449 1395 4503 καὶ
1432 4448 1497 4521 δὴ
1530 4418 1625 4502 καί
1665 4448 1714 4500 ἐν

1836 4454 1931 4509 per
1970 4437 2110 4492 alios
2154 4431 2584 4503 reprehensione
2631 4434 2883 4482 carentes
2931 4419 3202 4493 graditur;
3246 4418 3410 4473 Chri-

2325 4525 2338 4534 .
2400 4530 2410 4534 -
2481 4520 2522 4534 ιι
2564 4521 2597 4534 --
2774 4514 3101 4534 ,,-_‘__A2.--...
3149 4509 3361 4534 -..ιιιυιι

136 4537 227 4593 τοῦ
265 4543 565 4613 προφήτου
612 4539 799 4593 Νάθαν
840 4538 1341 4610 άναγεγεννημένον
1370 4539 1606 4608 εἰσάγει·
1637 4528 1731 4591 καὶ

137 4633 164 4684 6
195 4632 291 4703 μὲν
325 4634 489 4706 παρά
514 4632 598 4704 τῷ
619 4632 884 4703 Ματθαίῳ
919 4631 1058 4686 κατά
1094 4631 1274 4703 σάρκα
1314 4629 1730 4700 γεγεννημένος,

137 4723 247 4790 υἱὸς
287 4721 359 4799 ἦν
405 4725 668 4798 Ἀϐραὰμ
699 4723 948 4781 ἐντεῦθεν
981 4720 1487 4793 γενεαλογούμενος,
1518 4719 1734 4788 ἐπειδή-

136 4834 240 4890 περ
267 4818 347 4890 τῷ
388 4817 659 4891 Ἀδραὰμ
687 4815 889 4890 πρώτῳ
919 4818 955 4887 ή
986 4814 1285 4884 ἐπαγγελία
1305 4812 1484 4880 δέδοτο
1505 4811 1607 4881 τῆς
1625 4810 1734 4864 τῶν

136 4909 302 4966 ἐθνῶν
336 4911 625 4981 εὐλογίας,
651 4909 751 4962 οὐκ
783 4907 958 4972 ἄλλως
1003 4902 1037 4979 ἢ
1083 4906 1172 4960 διὰ
1200 4905 1293 4959 τοῦ
1324 4907 1388 4957 ὲκ
1422 4903 1736 4974 σπέρματος

136 5002 299 5058 αὐτοῦ
331 5001 818 5075 προελευσομένου
845 4998 1213 5071 γενησομένης
1228 5007 1241 5026 ³
1261 4999 1288 5050 6
1312 4995 1369 5049 δὲ
1388 4995 1445 5047 ἐν
1464 4992 1581 5063 Θεῷ
1600 4993 1734 5045 ἀνα-

134 5096 573 5169 γεγεννημένος,
604 5093 823 5165 ἐτέρους
857 5092 1094 5164 πατέρας
1133 5090 1257 5153 τοὺς
1291 5085 1429 5142 κατά
1456 5078 1588 5139 Θεὸν
1617 5085 1738 5138 ἐπι-

135 5189 526 5262 γραψάμενος,
568 5186 676 5240 οὐδ’
710 5186 907 5248 αὐτοὺς
956 5183 1171 5256 ἀληθῶς
1218 5177 1484 5252 ἐσχηκὼς,
1515 5176 1629 5232 ἀλλ’
1662 5177 1740 5242 ὡς

134 5281 425 5355 ἐνομίζετο
470 5278 573 5333 διὰ
619 5279 718 5349 τὴν
764 5276 875 5330 τῶν
916 5273 1064 5347 ήθῶν
1094 5270 1499 5346 όμοιοτροπίαν,
1533 5270 1739 5326 ἄνεισιν

136 5373 228 5428 ἰπὶ
270 5373 369 5429 τὸν
417 5370 608 5443 ἀληθῆ
651 5369 863 5441 πατέρα
887 5406 903 5434 ,
953 5366 1095 5437 μετὰ
1135 5366 1347 5429 πάντας
1395 5364 1740 5437 χρηματίσας

138 5470 264 5542 Υἱὸς
294 5472 400 5531 τοῦ
434 5469 607 5527 Θεοῦ.

204 5629 254 5663 ¹⁶
291 5626 450 5686 Gen.
488 5642 592 5692 xv,
626 5624 715 5685 17.
794 5624 838 5657 ³⁷
878 5622 982 5680 lsa.
1018 5637 1071 5690 ι,
1107 5621 1197 5678 ιο.

1836 4540 2091 4600 stumque
2124 4543 2153 4581 a
2185 4525 2447 4597 pr0pheta
2479 4520 2729 4575 Nathano
2757 4514 3105 4588 progenitum
3144 4509 3404 4566 exhibet.

1838 4628 1913 4681 ita
1944 4599 2017 4679 uti
2034 4623 2128 4693 qui
2152 4618 2295 4690 apud
2319 4615 2631 4670 Manlia-nm
2659 4609 2958 4666 carnaliter
2976 4604 3240 4676 gignitur,
3263 4599 3407 4656 idem

1837 4716 1984 4789 apud
2006 4692 2212 4770 Lucam
2255 4709 2423 4766 veluti
2454 4702 2749 4761 Abrahami
2779 4699 2925 4756 tilius
2957 4703 3216 4768 ponatur.
3247 4692 3411 4748 Certe
3459 4774 3467 4785 ,

1837 4786 2151 4866 Abrahamo
2182 4801 2328 4859 haud
2362 4801 2520 4854 aliter
2538 4793 2848 4854 benedictio
2868 4790 3111 4863 gentium
3135 4786 3412 4858 promissa
3457 4790 3468 4857 ξ

1839 4902 1965 4967 fuit,
2009 4913 2171 4972 quam
2207 4893 2352 4965 quod
2385 4907 2448 4948 ea
2479 4890 2662 4945 futura
2703 4891 2822 4941 erat
2863 4883 2935 4938 ob
2974 4877 3302 4953 gignendum
3342 4874 3413 4933 de

1840 5006 2039 5065 genere
2068 4990 2209 5059 ejus.
2243 4989 2420 5056 Atque
2453 4983 2543 5038 hic
2568 4988 2673 5044 est,
2695 4977 2786 5048 qui
2822 4975 2875 5030 in
2903 4973 3012 5029 Deo
3032 4976 3409 5042 regeneratus,

1841 5094 2006 5155 atque
2035 5083 2174 5137 alios
2214 5086 2396 5151 patres
2432 5073 2734 5131 secundum
2770 5067 2937 5123 Deum
2978 5072 3198 5126 nactus,
3230 5077 3290 5117 re
3331 5069 3415 5113 ια·-

1840 5150 1966 5234 men
2000 5190 2131 5233 vera
2166 5150 2315 5229 haud
2358 5171 2509 5241 ipsos
2544 5164 2708 5221 habet
2735 5169 2942 5234 patres,
2992 5157 3087 5214 sed
3117 5155 3193 5209 ita
3225 5150 3416 5209 crede‘

1840 5272 2003 5327 batur
2034 5274 2258 5340 propter
2291 5276 2505 5318 morum
2534 5253 2950 5315 similitudinem
2991 5267 3004 5304 :
3032 5263 3141 5319 qua
3162 5244 3417 5340 videlicet

1841 5361 1909 5418 ad
1956 5333 2238 5433 parentem
2289 5367 2481 5411 verum
2503 5344 2827 5408 conscendit
2872 5346 2999 5415 post
3034 5350 3227 5397 omnes
3267 5333 3420 5393 exsi-

1842 5463 1996 5514 stens
2025 5450 2199 5508 Filius
2225 5435 2343 5505 Dei.
