3830 6260
437 353 544 414 899
1114 349 1385 409 EUSEBII
1423 342 1907 408 CIESARIENSIS
1944 348 2096 407 OPP.
2129 350 2311 406 PARS
2346 347 2946 408 lll.—EXEGETlCA.
3557 347 3650 404 900

1162 467 1252 523 IV.
2028 482 2075 536 Α
2843 471 2912 521 A'.

428 584 679 655 Africani
709 598 863 651 super
907 582 1215 653 genealogia
1245 599 1362 653 qua:
1413 584 1467 636 in
1497 584 1666 637 sacris
1701 581 1999 652 Evangelii:

2115 574 2466 645 Ἀφρικανοῦ
2498 577 2628 645 περὶ
2682 576 2793 644 τῆς
2814 576 2893 655 -ὲν
2917 574 3253 655 ,τοῖς-ξηροῖς
3286 576 3649 645 Εὐαττελίοις

1077 647 1156 707 es?
1191 647 1327 723 (ιε).
1851 647 1869 652 ⁷

2619 648 3001 717 γενεαλογίας
3025 647 3155 717 (12).

500 745 554 799 1.
587 741 845 797 Nonnulli
890 758 987 798 seu
1039 744 1407 813 evangelicam
1438 742 1718 797 historiam
1753 740 2003 796 nescien-

427 843 511 892 tes
555 851 651 891 seu
709 834 1015 906 intelligere
1069 842 1447 905 nequeuntes,
1496 835 1776 888 laudativo
1816 851 2003 890 errore

429 927 701 982 inscitiam
729 928 1011 981 cumulant
1043 926 1311 991 dicentes,
1356 926 1553 979 merito
1586 926 1703 980 ﬁeri
1736 927 2005 981 dill‘eren-

428 1028 535 1073 tem
567 1020 850 1073 nominum
883 1020 1282 1083 reccnsionem,
1307 1018 1725 1089 mistionemque
1756 1020 2004 1073 sacerdo-

426 1110 618 1164 talium
670 1124 795 1164 cum
851 1109 1148 1179 regalibus,
1183 1115 1241 1162 ut
1288 1109 1413 1178 jure
1443 1109 1697 1163 Christus
1744 1111 2002 1165 sacerdos

428 1210 595 1271 atque
630 1216 727 1256 rex
758 1199 1165 1256 demonstretur
1198 1220 1210 1255 :
1248 1202 1406 1270 quasi
1435 1202 1637 1271 aliquis
1672 1200 1738 1255 de
1773 1202 1873 1256 hoc
1895 1202 2003 1257 du-

427 1293 583 1357 bitet,
625 1298 719 1347 aut
764 1292 924 1345 aliam
966 1308 1116 1364 spem
1157 1293 1396 1359 habeat;
1434 1308 1629 1363 nempe
1668 1292 1803 1363 quin
1844 1294 2003 1348 Chri-

430 1392 552 1440 stus
577 1391 816 1439 aeternus
848 1384 919 1438 sit
954 1383 1098 1453 apud
1135 1382 1351 1438 Patrem
1383 1384 1651 1455 pontifex,
1687 1392 1908 1440 nostras
1953 1385 2005 1440 ei

440 1492 636 1549 preces
667 1477 929 1533 exhibens
966 1493 980 1529 :
1017 1492 1110 1531 rex
1136 1484 1316 1531 autem
1345 1478 1830 1548 supermundialis,
1866 1493 2006 1549 quos

435 1566 692 1623 liberavit
717 1583 949 1639 pascens
978 1565 1210 1638 Spiritu,
1236 1568 1422 1622 socius
1442 1568 1668 1622 eﬂ‘ectus
1686 1568 1740 1622 in
1761 1569 2005 1623 omnium

433 1670 615 1713 rerum
648 1659 1063 1730 gubernatione.
1098 1659 1260 1729 Atqui
1291 1674 1388 1715 eos
1418 1659 1671 1730 ignorare
1698 1675 1810 1714 non
1842 1676 2005 1730 opor-

431 1749 599 1814 tebat,
640 1758 935 1821 utrumque
966 1760 1381 1807 numeratorum
1410 1753 1658 1809 ordinem
1694 1770 1866 1826 genus
1884 1770 2007 1811 esse

2173 744 2244 791 a'.
2305 738 2367 791 οἱ
2415 738 2512 808 μὲν
2546 733 2639 790 οὖν
2699 738 2816 809 ἦτοι
2857 738 2956 808 τὴν
3007 735 3370 805 εὐαγγελικὴν
3439 734 3653 806 ἱστορίαν

2100 828 2429 899 ἠγνοηκότες
2477 826 2509 899 ἣ
2547 830 2782 881 συνεῖναι
2833 827 2907 898 μὴ
2938 826 3275 896 δυνηθέντες,
3324 822 3655 898 δοξολογούσῃ

2104 920 2279 991 πλάνῃ
2308 919 2403 991 τὴν
2429 920 2700 987 ἀγνωσίαν
2722 918 3039 972 ἐπύκνωσαν
3065 918 3309 981 εἰπόντες
3342 918 3427 971 ὃτι
3459 916 3656 979 δικαίως

2102 1014 2325 1082 γέγονεν
2348 1016 2380 1084 ή
2409 1012 2666 1085 διάφορος
2717 1011 2855 1083 αῦτη
2883 1012 2993 1064 τῶν
3021 1011 3299 1081 ὀνομάτων
3332 1010 3655 1083 καταρίθμη-

2105 1106 2189 1168 σίς
2219 1121 2278 1158 τε
2305 1107 2399 1158 καὶ
2435 1106 2682 1176 ἐπιμιξία
2708 1103 2814 1157 τῶν
2853 1121 2911 1156 τε
2935 1102 3223 1175 ἱερατικῶν
3255 1104 3332 1167 ὡς
3359 1097 3473 1155 οἷόν
3498 1120 3555 1154 τε
3581 1103 3657 1156 καὶ

2102 1195 2210 1249 τῶν
2233 1196 2526 1266 βασιλικῶν
2544 1212 2556 1225 ·
2595 1197 2682 1249 ἴνα
2707 1195 2890 1267 δειχθῇ
2917 1180 3141 1258 δικαίως
3174 1196 3202 1247 ό
3233 1194 3473 1266 Χριστὸς
3506 1193 3658 1264 ἱερεύς

2101 1303 2161 1339 τε
2195 1287 2288 1340 καὶ
2318 1287 2568 1358 βασιλεὺς
2587 1288 2871 1359 γενόμενος
2890 1304 2903 1317 ·
2936 1286 3123 1358 ὥσπερ
3150 1286 3296 1350 τινὸς
3328 1285 3658 1351 ἀπειθοῦντος

2103 1378 2137 1451 ἦ
2168 1378 2360 1450 ἐτέραν
2407 1380 2701 1451 ἐσχηκότος
2738 1379 2926 1433 ἐλπίδα
2949 1399 2962 1409 ·
2990 1382 3072 1434 ὅτι
3110 1378 3342 1449 Χριστὸς
3383 1378 3551 1441 ἀΐδιος
3578 1379 3657 1448 μὲν

2103 1470 2392 1542 ἀρχιερεὺς
2448 1471 2680 1544 Πατρὸς,
2724 1471 2822 1534 τάς
2866 1471 3136 1543 ἡμετέρας
3166 1469 3303 1541 πρὸς
3333 1468 3498 1522 αὐτὸν
3520 1466 3660 1537 εύχάς

2104 1564 2410 1635 ἀναφέρων,
2444 1563 2693 1634 βασιλεὺς
2719 1564 2763 1617 δ’
2796 1565 3179 1635 ύπερκόσμιος,
3214 1561 3307 1625 οὒς
3340 1557 3660 1631 ἠλευθέρωσε

2107 1656 2284 1727 νέμων
2327 1656 2406 1726 τῷ
2439 1656 2736 1727 Πνεύματι,
2798 1656 3053 1728 συνεργὸς
3088 1658 3166 1719 εἰς
3190 1654 3288 1725 τὴν
3322 1653 3661 1722 διακόσμησιν

2105 1745 2212 1799 τῶν
2258 1746 2392 1799 ὅλων
2446 1746 2732 1817 γενόμενος
2753 1762 2767 1775 °
2834 1746 3010 1799 καίτοι
3077 1745 3289 1812 ἀγνοεῖν
3331 1742 3527 1805 αὐτοὺς
3576 1742 3662 1794 οὐκ

431 1839 675 1905 Davidis,
701 1857 797 1897 seu
828 1840 981 1897 Judaa
1010 1843 1216 1914 regiam
1246 1844 1471 1900 tribum.
1503 1843 1748 1915 Namque
1777 1854 1836 1899 ut
1871 1846 2007 1901 forte

2113 1838 2275 1910 ἐχρῆν
2303 1839 2378 1902 ὡς
2411 1839 2645 1910 ἑκατέρα
2671 1837 2777 1890 τῶν
2798 1835 3297 1907 κατηριθμημένων
3329 1832 3483 1899 τάξις
3508 1832 3563 1885 τὸ
3580 1831 3660 1884 τοῦ

430 1933 695 2004 propheta
740 1933 1026 1989 Nathanus
1074 1934 1261 2001 fuerit,
1306 1944 1361 1990 et
1392 1936 1611 2007 quidem
1642 1938 1807 1992 etiam
1848 1938 2007 1993 Salo-

432 2038 583 2087 mon,
618 2031 673 2079 et
707 2024 906 2078 horum
941 2026 1228 2095 utriusque
1264 2040 1483 2095 parens,
1524 2035 1686 2096 atque
1717 2042 1784 2081 ex
1824 2028 2008 2083 multis

431 2112 686 2167 tribubus
714 2113 1023 2182 prepbetae;
1070 2120 1218 2167 certe
1265 2113 1576 2168 sacerdotes
1608 2112 1751 2166 haud
1783 2113 2009 2181 quilibet

432 2210 591 2256 erant
620 2203 687 2257 de
720 2203 1005 2257 duodecim
1040 2203 1311 2269 tribubus,
1345 2203 1438 2259 sed
1471 2204 1572 2258 soli
1622 2205 1819 2259 levitaz.
1872 2203 2011 2258 Fru-

433 2300 547 2346 stra
576 2292 741 2362 igitur
761 2293 1127 2362 compositum
1148 2301 1234 2348 est
1256 2293 1632 2361 mendacium;
1667 2310 1844 2365 neque
1874 2310 2011 2365 pra}-

448 2384 652 2438 valebit
681 2384 771 2439 hic
801 2399 981 2440 sermo
1016 2385 1072 2440 in
1103 2384 1346 2440 Ecclesia
1379 2384 1580 2440 Christi
1609 2393 1663 2441 ct
1697 2385 1790 2441 Dei
1820 2396 2011 2441 contra

447 2483 724 2531 accurata:
751 2475 999 2531 veritatis
1021 2485 1234 2547 patres;
1265 2478 1340 2531 ita
1361 2485 1419 2531 ut
1436 2477 1573 2532 falsa
1586 2478 1762 2531 oratio
1792 2492 2012 2534 consar-

441 2567 657 2622 cinetur
687 2568 742 2622 in
772 2568 976 2624 Christi
1013 2568 1226 2623 laudem
1258 2576 1420 2638 atque
1453 2569 1805 2639 prmconium.

508 2661 564 2712 2.
596 2656 777 2725 Quare
817 2667 876 2714 ut
906 2666 962 2714 et
1004 2660 1079 2713 ita
1117 2660 1457 2729 loquentium
1495 2674 1785 2731 coarguam
1840 2659 2010 2716 insci-

435 2750 586 2816 tiam,
613 2754 747 2806 etin
777 2761 1057 2822 posterum
1085 2767 1310 2807 caveam
1347 2767 1416 2807 ne
1443 2752 1566 2822 quis
1598 2753 1652 2806 in
1687 2751 2010 2822 huiusmodi

435 2842 765 2914 imperitiam
802 2843 1071 2907 incurrat,
1098 2858 1284 2897 veram
1316 2851 1592 2913 gestarum
1626 2858 1808 2896 rerum
1839 2843 2013 2905 histo-

436 2935 573 2988 riam
607 2935 900 3006 proferam.
957 2933 1180 2990 Scilicet
1230 2935 1372 3006 apud
1412 2931 1684 2991 lsraelitas
1725 2936 2011 3007 prosapia-

435 3042 557 3080 rum
608 3030 828 3080 nomina
861 3034 955 3080 aut
989 3037 1183 3080 natura
1230 3027 1664 3083 numerabantur
1707 3035 1801 3082 aut
1855 3029 2009 3099 lege;

436 3126 636 3174 natura
665 3118 910 3189 quidem.
940 3118 1163 3189 genuini
1194 3119 1410 3189 generis
1438 3120 1824 3187 successione;
1868 3119 2006 3190 lege,

437 3226 562 3266 cum
594 3210 735 3264 alius
769 3210 1027 3281 gignebat
1058 3211 1260 3265 liberos
1290 3212 1474 3267 fratris
1496 3212 1735 3277 nomine,
1758 3212 1851 3282 qui
1884 3228 2011 3282 pro-

436 3303 505 3357 lis
537 3318 732 3373 expers
763 3303 994 3358 obiisset
1038 3321 1052 3358 :
1086 3319 1212 3357 nam
1250 3304 1377 3374 quia
1424 3308 1667 3359 nondum
1715 3306 1848 3375 ipsis
1886 3321 2011 3375 per-

438 3397 628 3466 spicua
680 3397 1106 3452 resurrectionis
1166 3412 1291 3468 spes
1338 3398 1464 3453 data
1514 3398 1713 3465 fuerat,
1769 3398 2010 3454 futuram

442 3486 863 3556 promissionem
907 3485 1265 3541 imitabantur
1313 3488 1719 3543 resurrectione
1769 3488 2006 3554 mortali,

437 3594 507 3634 ne
524 3578 781 3637 .del'uncti
827 3593 1025 3633 nomen
1066 3580 1526 3651 exstingueretur.
1555 3578 1668 3651 Age
1714 3594 1843 3635 vero
1872 3596 2011 3650 quo-

438 3672 588 3726 niam
627 3673 696 3737 ii,
738 3672 833 3742 qui
879 3671 982 3725 hac
1014 3672 1330 3742 genealogia
1396 3674 1767 3738 continentur,
1811 3672 2010 3743 partim

437 3778 698 3835 germano
728 3763 954 3819 traduce
980 3762 1125 3819 illius
1162 3772 1370 3833 patrem
1397 3772 1728 3821 consecutus
1755 3773 1861 3828 est,
1886 3778 2011 3833 par-

441 3856 537 3910 tim
572 3855 777 3911 abaliis
800 3855 992 3926 geniti,
1024 3870 1200 3925 neque
1232 3863 1415 3910 tamen
1436 3857 1673 3911 naturali
1696 3855 1790 3911 sed
1824 3856 2013 3911 aliena:

440 3945 792 4016 appellationi
841 3943 1040 4000 addicti
1076 3944 1326 4012 fuerunt;
1358 3955 1713 4017 utrorumque
1743 3944 1884 4000 facta
1927 3952 2012 3999 est

438 4037 669 4100 mentio,
696 4052 890 4108 nempe
926 4044 980 4091 et
1019 4052 1207 4091 eorum
1241 4038 1332 4107 qui
1365 4046 1688 4109 genuerunt,
1736 4049 1790 4093 et
1822 4052 2010 4093 eorum

439 4128 570 4181 item
598 4126 692 4197 qui
723 4142 822 4197 pro
852 4127 1200 4199 gignentibus
1243 4129 1412 4182 habiti
1450 4137 1597 4183 sunt.
1641 4127 1719 4181 lta
1757 4136 2011 4184 neutrum

439 4217 793 4291 Evangelium
822 4220 1103 4285 mentitur,
1139 4221 1268 4275 dum
1298 4228 1547 4274 naturam
1572 4227 1823 4276 numerat
1852 4230 2013 4291 atque

513 4376 635 4449 (12)?
648 4376 722 4433 De
742 4377 845 4432 hac
867 4376 1343 4449 celebrigiAl‘ricani
1370 4378 1441 4449 ad
1457 4378 1750 4434 Aristidem
1782 4378 2012 4447 epistola

438 4447 710 4503 videndus
740 4449 796 4503 in
833 4450 1025 4519 primis
1069 4447 1340 4504 Eusebius
1393 4448 1538 4519 Hist.
1584 4452 1712 4502 ecct.
1752 4450 1845 4503 lib.
1882 4467 1918 4512 ι,
1954 4450 2005 4513 7,

2107 1931 2271 1984 Δαϐίδ
2299 1933 2414 1983 ἐστι
2442 1932 2597 1999 γένος
2619 1933 2652 2001 ἡ
2683 1930 2778 1982 τοῦ
2819 1928 2989 1983 Ἰούδα
3014 1928 3153 1998 φυλὴ
3179 1927 3433 1999 βασιλική
3457 1943 3472 1956 ·
3506 1927 3552 1979 εί
3569 1924 3662 1995 γὰρ

2109 2026 2393 2096 προφήτης
2431 2026 2459 2076 ὁ
2479 2023 2683 2087 Νάθαν,
2715 2021 2828 2075 ἀλλ’
2855 2023 3003 2091 ὅμως
3032 2021 3123 2073 καὶ
3157 2018 3407 2091 Σολομῶν
3433 2020 3461 2072 ὃ
3479 2036 3534 2072 τε
3552 2018 3661 2070 τού·

2108 2133 2214 2168 των
2248 2115 2429 2187 πατὴρ
2462 2114 2753 2185 ἐκατέρου·
2780 2115 2844 2167 ἐκ
2885 2110 3095 2166 πολλῶν
3124 2112 3181 2165 δὲ
3219 2110 3405 2181 φυλῶν
3440 2112 3664 2179 ἐγένοντο

2111 2205 2406 2277 προφῆται,
2466 2206 2627 2275 ἱερεῖς
2664 2202 2719 2256 δέ
2757 2203 2819 2255 οὐ
2863 2203 3033 2266 δεῖνες
3086 2201 3193 2255 τῶν
3223 2200 3438 2254 δώδεκα
3479 2200 3662 2269 φυλῶν,

2114 2298 2263 2369 μόνοι
2293 2294 2584 2350 δὲΛευῖται
2602 2313 2616 2325 ’
2653 2296 2827 2367 μάτην
2852 2294 2958 2365 ἀρα
2989 2293 3294 2348 πέπλασται
3326 2292 3388 2345 τὸ
3415 2292 3663 2362 ἐψευσμέ-

2110 2409 2199 2446 νον
2221 2408 2234 2422 ·
2263 2390 2336 2461 μὴ
2363 2390 2425 2460 δὴ
2452 2389 2680 2461 κρατοίη
2709 2388 2945 2451 τοιοῦτος
2973 2386 3128 2456 λόγος
3161 2388 3217 2439 ἐν
3235 2385 3661 2455 ἘκκλησίᾳΧρι-

2112 2480 2238 2533 στοῦ
2268 2480 2359 2533 καὶ
2383 2479 2517 2532 Θεοῦ
2555 2478 2808 2550 πατέρων
2842 2476 3103 2548 ἀκριϐοῦς
3129 2475 3413 2546 ἀληθείας,
3448 2475 3527 2526 ὅτι
3552 2470 3664 2539 ψεῦ-

2110 2573 2196 2638 δος
2231 2573 2512 2641 σύγκειται
2539 2573 2618 2634 εἰς
2648 2565 2794 2623 αἶνον
2812 2570 2906 2623 καὶ
2927 2568 3232 2636 δοξολογίαν
3259 2566 3517 2638 Χριστοῦ.

2183 2666 2247 2737 β’.
2278 2667 2395 2719 Ἵνα
2438 2661 2531 2719 οὖν
2571 2665 2666 2719 καὶ
2696 2663 2855 2717 τοῦτο
2889 2663 2987 2733 μὲν
3018 2661 3112 2715 τοῦ
3152 2662 3437 2733 εἰρηκότος
3462 2658 3668 2728 ἐλέγξω-

2116 2776 2213 2831 μεν
2266 2759 2364 2831 τὴν
2410 2757 2681 2829 ἀμαθίαν,
2740 2755 3040 2825 παύσωμεν
3097 2753 3155 2807 δὲ
3196 2752 3290 2806 τοῦ
3348 2751 3549 2823 μηδένα
3588 2752 3664 2803 ὑπ’

2111 2852 2334 2922 ἀγνοίας
2383 2850 2855 2921 σκανδαλισθῆναι,
2906 2848 3000 2919 τὴν
3047 2847 3223 2918 ἀληθῆ
3248 2846 3358 2899 τῶν
3387 2844 3666 2914 γεγονότων

2113 2945 2355 3018 ἱστορίαν
2398 2943 2722 3015 ἐκθήσομαι.
2791 2941 3008 3012 Ἐπειδὴ
3061 2940 3169 3011 γὰρ
3215 2939 3282 2992 τὰ
3321 2936 3667 3009 όνόματατῶν

2112 3038 2285 3107 γενῶν
2333 3040 2390 3091 ἐν
2423 3037 2638 3108 Ἰσραὴλ
2679 3035 2960 3107 ἠριθμεῖτο
2997 3034 3029 3106 ἢ
3062 3032 3278 3104 φύσειῆ
3307 3033 3494 3103 νόμῳ·
3527 3030 3667 3101 φύσει

2116 3130 2234 3200 μὲν,
2265 3130 2488 3201 γνησίου
2535 3128 2845 3201 σπέρματος
2891 3126 3107 3197 διαδοχῇ
3133 3142 3146 3155 ·
3193 3125 3345 3195 νόμῳ
3374 3122 3456 3185 δὲ,
3502 3122 3669 3193 ἐτέρου

2112 3218 2595 3289 παιδοποιουμένου
2635 3220 2715 3281 εἰς
2777 3217 2948 3288 ὄνομα
2995 3215 3419 3286 τελευτήσαντος
3460 3208 3668 3280 ἀδελφοῦ

2112 3310 2339 3364 ἀτέκνου
2360 3327 2373 3341 ι
2401 3311 2482 3364 ὅτι
2509 3309 2617 3380 γάρ
2637 3309 2849 3363 οὐδέπω
2871 3309 3053 3372 αὐτοῖς
3072 3307 3249 3361 δέδοτο
3277 3306 3434 3369 ἐλπὶς
3456 3302 3669 3359 ἀναστά-

2116 3421 2252 3467 σεως
2291 3402 2484 3475 σαφὴς,
2536 3403 2633 3474 τὴν
2677 3402 2970 3474 μέλλουσαν
3020 3399 3349 3468 ἐπαγγελίαν
3394 3397 3670 3453 ἀναστάσει

2118 3498 2411 3570 ἐμιμοῦντο
2438 3497 2625 3569 θνητῇ,
2649 3495 2737 3550 ἳνα
2757 3495 3106 3551 ἀνέκλειπτον
3128 3494 3190 3547 τὸ
3216 3494 3390 3564 ὄνομα
3418 3492 3573 3564 μείνῃ
3589 3488 3670 3542 τοῦ

2124 3587 2515 3661 μετηλλαχότος
2533 3604 2546 3617 ·
2602 3586 2724 3639 ἐπεὶ⁷
2790 3580 2884 3640 οὖν
2933 3588 2980 3638 οἱ
3037 3588 3105 3656 τῇ
3152 3583 3473 3654 γενεαλογίᾳ
3521 3580 3670 3650 ταύτῃ

2119 3680 2503 3752 ἐμφερόμενοι,
2532 3679 2578 3731 οἱ
2604 3679 2700 3749 μὲν
2732 3676 3032 3742 διεδέξαντο
3056 3677 3186 3738 παῖς
3203 3672 3668 3744 πατέραγνησίως,

2111 3776 2161 3828 οἱ
2198 3774 2255 3827 δέ
2296 3774 2501 3845 ἑτέροις
2552 3772 2651 3843 μὲν
2720 3769 3123 3842 ἐγεννήθησαν,
3172 3768 3379 3838 ἑτέροις
3425 3767 3483 3819 δὲ
3522 3780 3671 3837 προσ-

2112 3866 2372 3936 ετέθησαν
2425 3867 2635 3938 κλήσει,
2673 3864 2996 3936 ἀμφοτέρων
3044 3861 3312 3931 γέγονενή
3359 3859 3546 3930 μνήμη
3590 3857 3670 3910 καὶ

2112 3959 2221 4013 τῶν
2269 3958 2673 4031 γεγεννηκότων
2713 3957 2809 4012 καὶ
2847 3956 2956 4009 τῶν
2998 3954 3073 4017 ὡς
3112 3950 3551 4023 γεγεννηκότωνο
3592 3947 3670 4002 οὗ-

2111 4069 2220 4115 τως
2284 4051 2563 4123 οὐδέτερον
2623 4049 2731 4103 τῶν
2785 4046 3127 4117 Εὐαγγελίων
3161 4044 3413 4114 ψεύδεται
3444 4042 3537 4098 καὶ
3583 4040 3668 4111 φύ-

2116 4159 2199 4195 σιν
2260 4140 2526 4215 ἀριθμοῦν
2587 4141 2680 4194 καὶ
2731 4138 2933 4210 νόμον·
3000 4137 3285 4210 ἐπεπλάκη
3349 4136 3459 4208 γάρ
3516 4131 3663 4202 ἀλλή-

2113 4232 2225 4297 λοις
2285 4232 2355 4285 τὰ
2390 4233 2523 4301 γένη
2572 4232 2640 4285 τά
2679 4248 2739 4284 τε
2788 4229 2896 4283 ἀπὸ
2936 4228 3246 4300 Σολομῶνος
3288 4229 3383 4282 καὶ
3427 4225 3519 4280 τοῦ
3561 4223 3661 4278 Νά-

2115 4391 2238 4443 hius
2268 4386 2569 4460 in__integra
2619 4385 2851 4460 epistola
2877 4400 2963 4460 _se
3002 4383 3203 4460 legisse
3247 4379 3553 4460 signiﬁcat?
3589 4374 3655 4460 En

2117 4461 2277 4513 verba
2305 4451 2520 4512 Eusebii
2553 4451 2669 4511 loc:
2690 4459 2810 4519 cit.,
2840 4455 2893 4509 id
2922 4463 3027 4515 est,
3061 4451 3210 4508 Hist.
3245 4470 3284 4518 ι,
3308 4451 3342 4506 7
3370 4471 3383 4506 :
3419 4451 3547 4522 Φέρε
3575 4451 3659 4522 τὴν

441 4519 678 4607 quinejus
698 4509 1200 4607 plartémningentlem
1224 4519 1411 4601 refert,
1437 4535 1467 4573 a
1491 4518 1797 4607 N‘i’cephoro
1820 4509 2007 4588 postea

2889 4509 3136 4607 εἰς
3161 4509 3402 4607 ἱστορίαν

439 4590 667 4660 Callisto
696 4588 837 4645 Hist.
870 4590 961 4642 lib.
995 4588 1032 4652 i,
1066 4590 1152 4653 il,
1190 4591 1496 4660 repelitam.
1524 4588 1754 4645 Videndi
1783 4590 2007 4660 insuper

441 4656 806 4729 Hieronymus
832 4670 1126 4715 comment.
1157 4663 1223 4713 ad
1253 4656 1447 4714 Matth.
1474 4676 1514 4722 ι,
1540 4661 1642 4721 16ς
1670 4656 2009 4728 Augustinus

442 4727 806 4800 Retract'alib.
844 4747 901 4793 ιι,
932 4730 999 4799 7;
1033 4730 1261 4785 Photius
1291 4730 1413 4785 cod.
1440 4730 1530 4793 54,
1558 4747 1614 4800 p.
1639 4727 2010 4800 22;:denique

440 4800 636 4873 etiam__
670 4799 981 4873 Zacliarias
1016 4801 1342 4873 Chrysopol.
1395 4802 1452 4854 in
1486 4799 1628 4873 ‘Bib.
1680 4799 2007 4873 PP._Lugd.

440 4875 487 4924 t.
523 4868 666 4933 XIX,
710 4887 763 4941 p.
805 4870 927 4931 751,
970 4871 1024 4925 in
1061 4868 1154 4925 (in'.
1194 4868 1499 4940 Caeteroqui
1546 4887 1707 4926 verus
1740 4868 2005 4941 epistolae,

441 4955 755 5011 quanquam
781 4941 922 4995 haud
958 4943 1201 5011 integrae,
1237 4952 1589 4997 conservator
1622 4941 1800 4996 fuerat
1824 4943 2011 4997 hacte-

440 5025 549 5066 nus
577 5012 630 5064 in
671 5010 910 5065 Historia
934 5010 1291 5067 ecclesiastica
1331 5011 1621 5067 Eusebius.
1663 5011 1818 5067 Nunc
1851 5013 2009 5068 nobis

441 5080 677 5138 feliciter
702 5084 924 5144 accidit,
961 5092 1019 5136 ut
1059 5082 1113 5136 in
1143 5083 1247 5137 bac
1264 5083 1628 5151 quaestionum
1657 5081 1876 5138 Eusebii
1901 5084 2010 5152 epi-

441 5158 590 5224 tome
612 5166 752 5224 pars
770 5154 1015 5222 quaedam
1039 5152 1187 5224 prior
1201 5152 1445 5224 ejusdem
1467 5153 1710 5223 epistolae
1723 5160 2009 5224 comperta

442 5223 805 5295 priniuinsit,
832 5222 1117 5295 nempeab
1146 5222 1248 5278 hoc
1266 5222 1555 5295 ίὶιιίιίοοῦκ
1572 5223 1815 5295 ἀκριὸῶς
1837 5238 2011 5293 usque

443 5292 511 5345 ad
530 5291 717 5363 ἐπειδὴ
740 5294 846 5366 γὰρ
951 5291 1185 5366 ὀνόματα
1208 5294 1315 5347 τῶν
1335 5294 1505 5366 γενῶν
1527 5299 1584 5348 ἐν
1616 5291 1855 5366 Ἰσραήλ,
1878 5291 2006 5357 etc.,

444 5368 653 5432 quaerin
685 5362 839 5432 parte
864 5364 956 5417 illa
987 5362 1055 5418 ab
1079 5364 1346 5419 historico
1369 5362 1605 5419 Eusebio
1632 5362 1803 5420 relata
1832 5366 2006 5427 deest,

444 5431 587 5506 apud
611 5431 995 5506 quemiincipit
1019 5434 1213 5506 ἐπειδὴ
1247 5436 1375 5506 γάρ,
1405 5444 1509 5506 etc.
1540 5436 1606 5488 Et
1632 5434 1850 5505 quidem
1876 5434 2009 5487 illud

444 5500 574 5570 γάρ,
597 5500 754 5566 enim,
778 5505 834 5557 in
855 5500 1139 5560 codicibus
1160 5500 1401 5561 historiae
1422 5500 1740 5561 Eusebia—na:
1769 5513 2006 5568 exstare,

444 5572 975 5645 testatuqualesius,
1007 5575 1082 5629 ita
1107 5583 1168 5629 ut
1190 5576 1508 5645 acephalum
1544 5576 1716 5631 fuisse
1745 5575 2011 5644 fragmen-

444 5643 562 5689 tum
601 5643 734 5713 satis
781 5650 1093 5711 constaret;
1135 5643 1450 5700 nunc—vero
1484 5660 1515 5698 a
1553 5654 1738 5700 nostra
1774 5643 2011 5713 epitome

444 5719 669 5773 prorsus
699 5712 1133 5785 demonstratur.
1158 5714 1297 5780 Quid
1333 5715 1477 5785 quod
1512 5716 1567 5769 in
1600 5716 1703 5769 hoc
1733 5712 1878 5785 novo
1898 5714 2010 5768 fra-

440 5785 657 5843 gmento
688 5796 750 5835 ea
792 5792 1020 5850 prorsus
1053 5783 1618 5853 exhibetur'materia,
1643 5799 1805 5853 quam
1839 5783 2007 5840 Euse-

2114 4592 2271 4671 μεθα,
2303 4597 2464 4671 ’ἢν-δι’
2488 4598 2776 4671 ἐπιστολῆς
2819 4592 3121 4671 Ἀριστείδῃ
3140 4592 3368 4671 γρᾲῴων
3391 4592 3659 4671 περισαμ-

2112 4661 2443 4739 ἱρωνίας’τῆς
2474 4671 2531 4722 ἐν
2551 4671 2663 4731 τοῖς
2701 4661 3420 4739 εύαγγελίοις-γενεαλογίας
3431 4661 3474 4716 6⁷
3502 4661 3661 4739 ’ᾼφέι·

2111 4731 2273 4803 κανὸς
2298 4731 2686 4810 ’ἐμνημόνευσε
2701 4755 2715 4767 ·
2738 4731 2860 4810 τάς
2883 4731 3305 4810 μὲν-δηλοιπῷν
3329 4731 3581 4810 δόξαςὼς
3605 4731 3663 4779 ἂν

2113 4800 2318 4882 βιαίοος
2343 4800 2848 4882 και’διεψευσμένας
2877 4800 3202 4882 ἀπελέγξας,
3238 4804 3371 4882 τήνδ’
3394 4800 3549 4863 αὐτὸς
3576 4814 3664 4882 nae

2113 4873 2363 4956 ρείληφίεν
2405 4873 2937 4956 ίστοςξίαν,-’τούτο.ις.
2959 4873 3140 4940 αὐτοῖς
3159 4873 3527 4956 ’ἐκτιθέμενος

2110 4937 2370 5075 geniem;
2401 4937 2596 5032 .énet'ﬁi;
2616 4937 2724 5021 γάρ
2756 4948 2823 5001 τά
2850 4937 3088 5018 ὀνόματα
3118 4937 3225 4999 τῶν
3260 4937 3575 5013 γενῶν,,θιε.
3600 4937 3666 4992 De

2147 5039 2191 5075 is
2227 5020 2564 5075 traditionem
2586 5035 2703 5075 ama
2731 5018 2798 5071 ad
2831 5036 2925 5072 nos
2960 5033 3121 5075 usque
3149 5013 3377 5069 deducta
3405 5022 3481 5066 est
3504 5025 3666 5075 propo-

2147 5013 2200 5076 53'
2227 5020 2564 5075 traditionem
2584 5013 2704 5089 'qiué
2731 5018 2798 5071 ad
2831 5036 2925 5072 nos
2947 5013 3377 5089 'usquepdedncta
3395 5022 3481 5089 _est
3500 5025 3668 5089 propo-

2111 5109 2320 5160 namus,
2354 5107 2512 5163 quam
2548 5078 2920 5163 A'fricanusin
2949 5078 3285 5163 ep_i'stola_ad_
3309 5081 3586 5163 A_ristidem

2110 5148 2379 5218 consensu,
2411 5148 2817 5231 evangeliorum,
2845 5160 2897 5212 in
2946 5148 3358 5231 stirpe_CIiristi
3391 5148 3664 5231 _narranda

2111 5226 2560 5307 commemoravit:
2604 5228 2703 5307 Ubi
2734 5230 2974 5307 _aliorurn
3011 5226 3220 5298 quidem
3258 5226 3526 5307 opiniones
3554 5230 3663 5307 tan:

2109 5319 2269 5373 quam
2300 5303 2557 5357 violentas
2588 5309 2639 5355 et
2668 5299 2806 5373 [atro
2837 5301 3090 5373 conﬁctas
3120 5299 3661 5373 coarguitsipsegera

2109 5358 2269 5444 quam
2312 5379 2638 5441 compererat
2668 5358 2960 5424 'liistorian'i
2998 5371 3078 5424 his
3117 5358 3278 5444 refert
3308 5358 3497 5444 uerbis.
3530 5358 3660 5444 Nam

2109 5430 2233 5510 quia
2270 5430 2666 5515 generationum
2697 5443 2931 5505 nomina,
2970 5447 3078 5515 _et_c.
3129 5430 3296 5492 Vides
3327 5430 3657 5515 itaque‘ajis-

2110 5501 2301 5569 narum
2336 5514 2676 5584 opinionum,
2719 5520 2907 5584 utpote
2919 5501 3291 5584 'violentarum
3324 5501 3482 5576 atque
3504 5501 3654 5584 falsa;

2109 5600 2252 5646 rum,
2307 5577 2713 5653 coargutionem
2766 5577 2835 5636 ab
2883 5580 3148 5653 Africano
3191 5577 3413 5653 iactam,
3457 5579 3653 5653 nonnisi

2111 5642 2253 5724 apud
2286 5642 2530 5709 nostram
2562 5653 2874 5723 epitomen,
2913 5652 3097 5707 statim
3136 5648 3313 5713 initio,
3357 5654 3416 5700 ut
3460 5642 3656 5702 debuit:

2111 5741 2359 5781 lllVCﬂll‘l.
