3830 6260
199 330 288 385 θθνὶ
742 322 1203 390 ΟΙΙᾹΞΞΤΙΟΝΕΞ
1240 324 1698 381 ΕνΑΝοΕιλείΕ
1739 364 1746 379 ι

1870 325 2311 384 STEPHANUM.
2352 359 2422 370 --
2461 328 2790 395 QUA'ZSTIO
2831 327 2890 384 ν.

3342 334 3447 389 902

204 448 319 510 θαν,
360 443 712 499 ἀναστάσεσιν
754 443 997 497 ἀτέκνων
1039 446 1134 499 καλ⁵
1178 445 1628 518 δευτερογαμίαις
1666 449 1746 501 καῖ

1864 448 2056 516 legem.
2083 447 2510 517 Implicahantur
2538 449 2684 504 enim
2716 449 2856 505 inter
2882 463 2943 505 se
2973 463 3172 522 genera
3207 447 3448 504 Salomo-

133 546 140 557 '
203 537 469 594 ἀναστάσει
490 535 820 606 σπερμάτων
843 552 857 566 ο
887 537 963 599 ὡς
977 536 1200 601 δικαίως
1223 538 1349 601 τοὺς
1364 539 1560 602 αὐτοὺς
1576 538 1763 592 ἄλλοτε

199 631 354 686 ἄλλων
379 626 689 697 νομίζεσθαι
714 643 728 655 ’
756 626 865 680 τῶν
903 628 1000 698 μὲν
1024 628 1323 682 δοκούντων
1353 630 1632 699 πατέρων,
1653 630 1764 684 τῶν

199 722 249 773 δὲ
268 717 611 789 ὑπαρχόντων
631 734 643 746 ·
671 719 766 770 καὶ
787 719 1100 790 ἀμφοτέρας
1115 718 1214 783 τὰς
1250 720 1525 791 διηγήσεις
1560 723 1764 793 κυρίως

198 810 397 879 ἀληθεῖς
429 806 591 871 οὔσας
617 809 711 861 ἐπὶ
743 808 833 863 τὸν
871 810 1068 882 Ἰωσὴφ
1096 811 1450 876 πολυπλόκως
1484 812 1600 883 μὲν,
1648 814 1763 867 ἀλλ’

195 899 419 971 ἀκριϐῶς
451 899 750 954 κατελθεῖν.
777 901 893 955 Ἵνα
916 900 973 954 δὲ
1000 903 1169 971 σαφὲς
1260 904 1318 956 τὸ
1336 904 1644 975 λεγόμενον,
1664 905 1763 976 τὴν

195 993 487 1063 ἐπαλλαγὴν
516 993 624 1045 τῶν
656 992 831 1062 γενῶν
859 994 1192 1066 διηγήσομαι
1220 995 1357 1065 (15).
1392 996 1459 1048 Ἠ
1492 997 1633 1049 κατὰ
1663 997 1763 1066 φύ-

196 1102 269 1139 σιν
288 1085 490 1153 γένεσις
519 1084 637 1137 ἔστι
685 1085 964 1140 Ματθαίου
990 1103 1003 1116 ’
1035 1088 1067 1154 ἡ
1100 1088 1242 1140 κατὰ
1274 1087 1437 1158 νόμον
1467 1088 1763 1154 ἀνάστασις

192 1178 381 1245 γένους,
413 1176 559 1230 ἔστιν
590 1181 622 1249 ἡ
657 1178 751 1231 τοῦ
796 1180 1005 1232 Λουκιῖι⁸
1040 1180 1266 1233 Ματθάν
1305 1183 1333 1233 ὁ
1366 1180 1477 1233 ἀπὸ
1510 1180 1763 1250 Σολομῶ-

190 1287 287 1333 νος,
302 1269 552 1341 ὲγέννησε
572 1271 663 1323 τὸν
680 1269 873 1324 Ἰακώϐ
888 1289 901 1301 ·
928 1271 1153 1325 Ματθάν
1175 1272 1558 1338 ἀποθανόντος,
1584 1273 1761 1345 Μελχλ⁵

188 1363 214 1415 ό
256 1362 357 1417 ἀπὸ
394 1362 581 1416 Νάθαν
625 1364 689 1416 ὲκ
718 1365 817 1434 τῆς
856 1365 1026 1434 αὐτῆς
1077 1365 1334 1433 γυναικὸς
1383 1365 1639 1436 ἐγέννησε
1671 1366 1761 1421 τὸν

199 1453 336 1507 Ἥλί·
382 1455 710 1525 ὁμομήτριοι
765 1456 875 1527 ἄρα
920 1456 1164 1524 ἀδελφοὶ,
1208 1457 1330 1510 Ἠλὶ
1381 1458 1477 1512 καὶ
1532 1457 1757 1512 Ἰακώϐ·

199 1546 303 1600 Ἠλὶ
322 1547 548 1602 ἀτέκνου
579 1547 964 1613 ἀποθανόντος,
992 1551 1020 1601 6
1058 1548 1251 1603 Ἰακὼϐ
1286 1550 1580 1621 ἀνέστησεν
1613 1549 1760 1621 αύτῷ

189 1636 429 1707 σπέρμα,
487 1637 761 1708 γεννήσας
810 1637 901 1691 τὸν
971 1638 1194 1710 Ἰωσὴφ,
1258 1639 1399 1693 κατὰ
1448 1640 1607 1709 φύσιν
1662 1643 1759 1713 μὲν

189 1726 368 1798 ἑαυτῷ,
417 1729 563 1781 κατά
593 1728 756 1799 νόμον
807 1730 865 1784 δὲ
914 1729 992 1801 τῷ
1036 1730 1184 1784 Ἥλί·
1215 1731 1388 1796 οὕτως
1434 1733 1757 1807 ἀμφοτέρων

187 1817 284 1881 υἱὸς
320 1819 512 1891 Ἰωσήφ
550 1818 685 1891 (ιι).

920 2016 993 2070 E'.

186 2129 274 2184 Διὰ
316 2129 447 2199 τίίὸ
492 2127 798 2199 Μιιτθαῖος
842 2126 950 2180 τοῦ
1011 2128 1258 2199 Ἀϐραὰμ
1286 2127 1599 2199 προτάττει
1644 2126 1750 2180 τὸν

246 2198 412 2252 Δαϐὶδ
431 2200 502 2252 ἐν
542 2198 627 2269 τῇ
653 2198 760 2251 τοῦ
812 2199 1073 2265 Χριστοῦ
1115 2197 1464 2269 γενεαλογίᾳ
1508 2197 1744 2269 φήσας·

242 2271 443 2334 Βίϐλος
489 2268 788 2337 γενέσεως
832 2269 1026 2337 Ἰησοῦ
1071 2267 1349 2337 Χριστοῦ,
1376 2267 1511 2323 vim)
1550 2267 1746 2332 Δαϐὶὸ,

246 2340 371 2393 υἱοῦ
425 2338 697 2407 Ἁϐραάμ.

244 2451 305 2504 α’.
337 2451 554 2522 Ἐπειδὴ
589 2449 791 2521 πρώτῳ
821 2450 915 2504 καὶ
942 2452 1088 2521 μόνῳ
1117 2450 1194 2522 τῷ
1232 2450 1396 2505 Δαϐὶδ
1428 2449 1548 2522 μεθ’
1587 2452 1748 2523 ὅρκου

184 2543 620 2608 διαδεδαιώσεως,
662 2544 720 2610 ἐξ
775 2545 942 2598 αὐτοῦ
981 2545 1123 2599 κατὰ
1162 2545 1342 2617 σάρκα
1374 2544 1535 2614 φῦναι
1562 2547 1590 2598 6
1620 2547 1752 2616 Χρι-

186 2635 295 2698 στὸς
316 2634 635 2698 ὲθεσπίζετο
660 2651 674 2664 ·
711 2635 1024 2707 γέγραπται
1058 2632 1178 2690 οὖν’
1219 2656 1236 2688 ι
1288 2637 1381 2690 Ἐκ
1418 2635 1631 2708 καρποῦ
1654 2638 1751 2707 τῆς

181 2726 368 2790 κοιλίας
425 2743 518 2780 σου
591 2726 826 2798 θήσομαι
888 2728 980 2780 ἐπὶ
1029 2729 1121 2782 τὸν
1183 2728 1371 2800 θρόνον
1411 2746 1525 2781 σου.
1579 2747 1597 2779 ι
1640 2728 1751 2780 Καὶ

183 2819 360 2871 πάλιν·
414 2837 432 2869 ‹
473 2816 747 2888 Διεθέμην
806 2818 1069 2891 διαθήκην
1121 2822 1234 2884 τοῖς
1282 2819 1556 2881 ἐκλεκτοῖς
1612 2835 1747 2889 μου·

184 2909 352 2980 ὤμοσα
402 2915 572 2968 Δαδὶδ
621 2914 698 2986 τῷ
735 2913 905 2983 δούλῳ
964 2929 1097 2983 μου·
1129 2912 1235 2976 ἓως
1265 2912 1360 2990 τοῦ
1401 2912 1592 2974 αίῶνλς
1616 2912 1752 2964 ἐτοι-

186 3000 324 3070 μᾶσω
348 3003 406 3056 τὸ
445 3005 674 3076 σπέρμα
710 3022 825 3068 σου,
852 3004 943 3058 καὶ
975 3004 1316 3075 οἰκοδομήσω
1337 3003 1416 3065 εἰς
1445 3001 1637 3071 γενεὰν
1659 3002 1751 3055 καὶ

181 3095 352 3161 γενεὰν
388 3096 476 3149 τὸν
505 3097 703 3169 θρόνον
752 3113 867 3150 σου.
903 3115 921 3147 ›
947 3095 1054 3148 Καὶ
1079 3095 1147 3147 τὰ
1177 3093 1275 3164 μὲν
1303 3095 1399 3164 τῆς
1421 3094 1749 3163 ἐπαγγελίας

1867 538 2049 593 nicum
2086 548 2140 593 et
2173 537 2536 594 Nathanicum
2591 540 3033 611 reparationihus
3081 540 3348 596 sterilium
3392 548 3449 597 et

1866 629 2123 685 secundis
2161 630 2370 700 nuptiis
2403 639 2456 687 et
2490 633 2759 687 seminum
2799 632 3159 687 suscitatione
3212 646 3227 683 :
3275 631 3350 686 ita
3384 639 3445 686 ut

1867 720 2063 775 merito
2091 720 2253 776 iidem
2288 721 2537 776 homines
2566 724 2703 779 alias
2734 724 2855 779 aliis
2878 725 3126 794 patribus
3155 725 3440 781 ascriban-

1868 819 1977 874 tur,
2014 826 2209 880 nempe
2237 819 2290 867 et
2313 813 2381 867 iis
2414 814 2505 883 qui
2535 815 2739 883 Specie,
2768 823 2822 869 et
2852 831 3047 871 rursus
3084 817 3152 871 iis
3186 817 3280 886 qui
3313 832 3438 872 rea-

1875 918 1975 972 pse
1996 905 2271 973 genitores
2294 913 2423 959 sunt
2454 925 2467 960 :
2506 915 2667 976 atque
2693 907 2866 961 ambae
2893 908 3235 963 narrationes
3259 908 3442 979 appri-

1864 1007 1951 1046 me
1981 1008 2125 1047 verae
2171 993 2238 1047 ad
2298 992 2596 1064 Joscphum
2634 997 2784 1050 varie
2835 998 3052 1066 quidem
3113 999 3209 1053 sed
3264 1013 3446 1056 tamen

1865 1083 1930 1134 ad
1972 1084 2233 1139 amussim
2265 1085 2577 1141 devenient.
2606 1084 2677 1140 Ut
2711 1095 2889 1141 autem
2912 1087 3058 1157 quod
3100 1089 3190 1143 aio
3236 1095 3442 1158 persm-

1869 1187 2032 1227 cuum
2063 1175 2176 1247 ﬁat,
2202 1179 2656 1246 permutationem
2682 1195 2947 1248 generum
2971 1180 3310 1248 patefaciant.
3338 1180 3443 1235 Ge-

1863 1266 2077 1320 neratio
2106 1269 2374 1322 naturalis
2403 1278 2488 1322 est
2514 1269 2605 1321 illa
2641 1268 2879 1324 Matthzei
2917 1288 2930 1325 :
2960 1271 3178 1339 generis
3208 1274 3443 1327 suscita-

1862 1356 1940 1411 tio
1971 1358 2160 1428 legalis
2182 1366 2265 1414 est
2292 1360 2380 1413 illa
2403 1359 2581 1415 Lucae.
2610 1360 2920 1417 Matthanus
2942 1361 3231 1416 Salomone
3254 1364 3442 1418 oriun—

1861 1448 1964 1505 dus
2022 1456 2211 1521 genuit
2269 1450 2556 1507 Jacobum.
2601 1452 2880 1507 Matthano
2920 1452 3200 1518 defuncto,
3244 1454 3438 1511 Metelli

1859 1540 2110 1595 Nathano
2142 1541 2432 1609 oriundus,
2461 1558 2491 1597 e
2523 1542 2785 1598 Matthani
2826 1559 2996 1599 uxore
3040 1543 3213 1598 llelim
3249 1561 3440 1602 susce-

1860 1632 1958 1702 pit.
2002 1631 2169 1702 Igitur
2210 1634 2411 1687 uterini
2468 1633 2663 1690 fratres
2723 1633 2843 1690 lieli
2905 1643 2960 1691 et
3005 1626 3266 1691 Iacobus.
3317 1637 3437 1693 [leti

1858 1722 2075 1768 mortuo
2109 1716 2230 1770 sine
2273 1717 2480 1780 liberis,
2512 1716 2752 1773 Jacobus
2802 1720 3063 1774 excitavit
3094 1720 3143 1774 ei
3193 1722 3436 1778 sobolem

1770 1811 1817 1870 B
1845 1807 2028 1876 genito
2050 1806 2308 1879 Josepho,
2333 1825 2434 1865 suo
2462 1811 2792 1866 naturaliter
2819 1811 2950 1879 tilio,
2982 1828 3049 1868 ex
3076 1813 3214 1883 legis
3247 1823 3437 1870 autem

1853 1896 2027 1953 forma
2055 1899 2175 1956 Heli
2210 1902 2339 1957 tilio.
2375 1901 2467 1957 Sic
2496 1903 2784 1973 utriusque
2815 1903 2957 1960 filius
2986 1903 3284 1975 Iosephus.

2607 2014 2673 2069 γ.

1852 2125 1961 2201 ϐας
2006 2129 2292 2185 Mattiacas
2344 2141 2466 2186 ante
2513 2132 2872 2185 Abrahamum
2902 2143 3061 2201 ponat
3094 2133 3344 2189 Davidem
3381 2108 3437 2189 in

1922 2199 2119 2273 Qliristi
2149 2203 2450 2273 genealogia
2477 2202 2654 2256 dicens
2686 2218 2702 2254 :
2731 2199 2909 2256 Liber'
2931 2206 3281 2273 generationis
3307 2204 3438 2261 Jul

1922 2269 2272 2340 Christi,ﬁtii
2296 2269 2539 2336 Davidis,
2572 2273 2673 2342 ﬁlii
2698 2269 3012 2329 Abrahami.

1924 2447 1974 2500 1.
2008 2445 2107 2502 Rei
2143 2460 2310 2503 causa
2333 2455 2417 2501 est
2444 2446 2570 2517 quia
2610 2447 2787 2517 primo
2818 2447 3029 2517 solique
3060 2446 3251 2501 Davidi
3290 2448 3438 2502 vati-

1852 2537 2055 2592 cinium
2105 2538 2465 2607 jurejurando
2507 2538 2889 2593 conﬁrmatum
2930 2539 3053 2603 fuit,
3103 2538 3218 2595 fore
3258 2548 3316 2594 ut
3365 2555 3436 2594 ex

1851 2644 1917 2684 eo
1956 2628 2211 2685 Christus
2262 2631 2581 2685 humanitus
2635 2638 2976 2685 nasceretur.
3026 2629 3302 2700 Scriptum
3348 2640 3435 2685 est

1851 2722 1995 2775 enim
2038 2738 2051 2774 :
2088 2740 2106 2772 ι
2142 2720 2216 2777 De
2253 2721 2432 2776 fructu
2465 2724 2671 2777 ventris
2703 2723 2780 2775 tui
2825 2738 3023 2791 ponam
3056 2738 3222 2792 super
3251 2722 3433 2778 sedem

1852 2820 2003 2865 tuam
2047 2813 2111 2867 ’3.
2155 2832 2173 2865 ι
2212 2812 2576 2883 Rursusque:
2612 2832 2631 2865 ι
2682 2812 2853 2868 Posui
2894 2822 3276 2869 testamentum
3325 2813 3436 2867 ele—

1852 2904 1956 2958 ctis
1997 2905 2164 2971 meis;
2187 2906 2367 2973 juravi
2394 2903 2581 2958 Davidi
2612 2920 2770 2958 servo
2801 2920 2943 2969 meo,
2985 2920 3160 2975 usque
3186 2910 3244 2959 in
3275 2912 3436 2959 aeter-

1851 3011 1979 3050 num
2019 2998 2334 3068 praeparabo
2363 3013 2547 3052 semen
2582 3004 2766 3063 tuum;
2797 3005 2850 3051 et
2879 2997 3158 3052 aediﬁcabo
3184 2997 3238 3051 in
3267 3012 3431 3067 gene-

1852 3086 2119 3140 rationem
2148 3094 2202 3141 et
2232 3088 2642 3157 generationem
2687 3087 2872 3141 sedem
2909 3096 3059 3141 tuam
3095 3089 3158 3141 ‘9.
3209 3106 3228 3140 ι
3256 3088 3433 3159 Atque

179 3182 259 3235 τοῦ
292 3186 789 3256 προφητευομένου.
841 3183 1064 3237 τοιαῦτα
1094 3179 1161 3254 ἦν
1181 3200 1194 3213 ·
1230 3182 1323 3236 τοῦ
1358 3183 1414 3235 δὲ
1442 3183 1746 3253 Σολομῶνος

1854 3176 1937 3231 hae
1958 3185 2086 3231 sunt
2108 3177 2175 3232 de
2202 3178 2461 3247 praedicto
2490 3178 2905 3248 promissiones.
2934 3177 3104 3249 Regni
3132 3188 3311 3235 autem
3339 3181 3434 3237 Sa~

180 3274 265 3343 τῆς
303 3274 579 3345 βασιλείας
617 3279 718 3330 οὐκ
760 3276 953 3346 ἄδηλος
985 3276 1012 3327 6
1044 3274 1269 3346 χρόνος·
1310 3273 1528 3343 λέγεται
1569 3274 1626 3328 δὲ
1658 3271 1750 3329 οὖν

180 3365 261 3417 ἐπὶ
282 3367 455 3435 μόνοις
506 3368 659 3422 ἔτεσι
713 3369 1121 3437 τεσσαράκοντα
1166 3364 1481 3437 βασιλεῦσαι
1529 3366 1619 3417 ἐπὶ
1661 3366 1751 3420 τὸν

189 3453 414 3526 Ἰσραήλ·
470 3457 595 3521 πῶς
639 3453 731 3510 οὖν
756 3458 951 3525 γένοιτ’
985 3456 1050 3509 ἂν
1079 3455 1279 3527 ἀληθὲς
1304 3458 1384 3519 εἰς
1419 3455 1579 3509 αὑτὸν
1617 3458 1749 3511 ἀνα-

179 3547 482 3619 φερόμενονο
554 3568 577 3601 ι
633 3549 949 3622 Ἀνορθὼσω
1012 3550 1104 3602 τὸν
1178 3548 1366 3618 θρόνον
1442 3547 1606 3601 αὑτοῦ
1671 3551 1750 3612 είς

176 3638 256 3691 τὸν
284 3639 481 3707 αίῶνα;
523 3660 542 3692 ι
597 3640 735 3693 Ἀλλ’
771 3641 819 3693 εἰ
854 3641 998 3709 λέγοι
1036 3657 1120 3703 τις
1147 3641 1275 3712 περὶ
1328 3639 1425 3710 τῆς
1474 3639 1533 3705 ἐξ
1581 3638 1745 3691 αὑτοῦ

178 3728 405 3803 διαδοχῆς
460 3734 720 3806 εἰρῆσθαι
782 3734 988 3800 ταῦτα,
1029 3734 1129 3787 οὐκ
1177 3732 1464 3804 ἁγνοητέον
1523 3733 1604 3786 ὅτι
1649 3730 1745 3802 μέ-

173 3837 279 3891 χρις
335 3824 586 3895 Ἰεχονίου
649 3824 742 3877 καὶ
800 3825 898 3895 τῆς
950 3825 1031 3888 εἰς
1100 3822 1395 3876 Βαϐυλῶνα
1458 3820 1739 3893 αἰχμαλω-

178 3913 301 3979 σίας,
335 3917 427 3970 καὶ
472 3919 506 3988 ἡ
542 3915 657 3969 ἀπὸ
705 3916 869 3969 Δαὸὶδ
911 3921 1006 3969 καὶ
1050 3914 1362 3985 Σολομῶνος
1398 3913 1611 3984 διαδοχὴ
1645 3914 1744 3984 τῆς

174 4004 429 4072 βασιλείας
458 4007 749 4079 διήρκησε,
784 4007 1013 4077 μηδενὸς
1047 4006 1183 4077 μετὰ
1218 4006 1308 4059 τὸν
1353 4006 1610 4077 Ἰεχονίαν
1649 4008 1743 4060 ἐπὶ

172 4092 251 4145 τὸν
275 4095 455 4165 θρόνον
500 4095 599 4150 τοῦ
651 4096 814 4149 Δαόὶδ
869 4097 1256 4161 καταστάντος.
1291 4096 1401 4150 Θέα
1438 4096 1495 4149 δὲ
1543 4096 1618 4159 ὡς
1650 4099 1742 4150 καὶ

170 4186 310 4241 τοῦτο
325 4189 666 4261 προσέθηκεν
687 4193 719 4260 ή
749 4190 1053 4261 προφητεία
1076 4189 1205 4260 περὶ
1231 4189 1323 4242 τοῦ
1347 4188 1738 4261 θεσπιζομένου

172 4280 376 4350 φήσασα
395 4299 408 4312 ’
449 4301 468 4335 ι
513 4280 660 4351 Ἐγὼ
686 4281 878 4351 ἔσομαι
907 4280 1055 4352 αύτῴ
1082 4283 1166 4344 εἰς
1189 4281 1399 4354 πατέρα
1421 4297 1436 4311 ·
1471 4282 1561 4336 καὶ
1581 4282 1740 4345 αὐτὸς

170 4371 305 4427 ἔσται
354 4392 443 4445 μοι
486 4377 570 4439 είς
611 4374 745 4427 υἱόν.
785 4392 803 4423 ι
837 4373 946 4425 Καὶ
974 4374 1031 4426 ἐν
1069 4375 1238 4445 ἑτέρῳ
1272 4374 1433 4427 πάλιν
1457 4392 1469 4404 ·
1513 4393 1530 4425 ι
1567 4374 1738 4439 Αὐτὸς

168 4464 529 4531 ἐπικαλέσεταί
576 4481 664 4537 με’
707 4466 897 4536 Πατήρ
934 4482 1033 4536 μου
1060 4461 1112 4517 εἷ
1143 4465 1205 4518 σύ
1229 4483 1243 4496 ·
1276 4466 1432 4533 κάγὼ
1463 4466 1734 4537 πρωτότο-
1767 4508 1811 4563 D

166 4569 249 4607 κον
295 4556 528 4629 θήσομαι
562 4556 753 4609 αὐτόν·
795 4575 814 4606 ›
844 4556 981 4627 ὅπερ
1015 4555 1280 4608 ἀνοίκειον
1321 4555 1514 4625 γένοιτ’
1543 4553 1608 4609 ἂν
1640 4554 1736 4605 Σο-

166 4644 373 4717 λομῶνι.

228 4737 287 4807 β’.
318 4740 662 4815 Παραθετέον
682 4739 739 4793 δὲ
764 4740 834 4793 τὰ
854 4741 979 4813 περὶ
991 4740 1157 4795 αὐτοῦ
1178 4742 1235 4796 ὲν
1251 4740 1557 4806 Βασιλείαις
1588 4743 1733 4796 ίστο-

166 4830 387 4902 ρούμενα
416 4836 475 4888 ὲν
508 4833 752 4897 τούτοιςο
799 4852 818 4884 ι
861 4833 972 4887 Καὶ
1017 4837 1045 4886 6
1082 4833 1333 4904 βασιλεὺς
1380 4833 1629 4902 Σολομῶν
1663 4830 1731 4907 ἦν

162 4922 441 4998 φιλογύνης
466 4944 479 4957 ·
523 4926 620 4980 καὶ
654 4925 812 4979 ἐλαὸε
853 4929 1116 4995 γυναῖκας
1162 4924 1449 4996 ἀλλοτρίας
1492 4924 1692 4990 πολλάς
1716 4941 1730 4954 ⁸

1855 3267 2109 3320 lomonici
2147 3268 2382 3336 spatium
2409 3282 2519 3321 non
2552 3275 2637 3323 est
2674 3268 2970 3323 obscurum
3004 3268 3244 3324 :dicitur
3282 3272 3431 3326 enim

1852 3357 2215 3428 quadraginta
2254 3360 2635 3413 tantummodo
2667 3360 2827 3415 annis
2886 3360 3104 3414 lsraelis
3148 3371 3430 3432 sceptrum

1853 3450 2115 3505 tenuisse.
2145 3449 2247 3516 Qui
2271 3465 2401 3521 ergo
2426 3450 2538 3505 ﬁeri
2572 3459 2750 3521 potest
2783 3461 2843 3506 ut
2862 3468 2989 3507 vere
3018 3453 3085 3506 ad
3105 3454 3249 3508 hunc
3288 3455 3430 3510 refe-

1851 3549 2045 3594 rantur
2090 3542 2299 3595 verba:
2339 3563 2357 3593 ι
2415 3540 2633 3611 Erigam
2684 3543 2941 3597 thronum
2990 3543 3112 3613 ejus
3170 3544 3225 3599 in
3269 3553 3429 3600 aeter-

1849 3648 1979 3686 num
2007 3632 2094 3685 ’θῖ
2131 3652 2149 3683 ›
2179 3632 2333 3698 Quod
2367 3633 2411 3687 si
2444 3633 2570 3702 quis
2616 3633 2782 3696 dica’t,
2823 3635 2936 3689 hate
2995 3634 3063 3688 de
3098 3636 3243 3706 regia
3280 3637 3426 3693 illius

1850 3723 2201 3779 successione
2226 3723 2396 3778 Deum
2442 3741 2564 3780 esse
2594 3726 2867 3793 locutum;
2902 3741 3013 3780 non
3051 3735 3136 3782 est
3167 3727 3426 3797 ignoran-

1847 3815 1997 3878 dum,
2035 3831 2207 3884 usque
2238 3815 2615 3871 tantummodo
2645 3815 2711 3870 ad
2751 3814 3068 3871 Jechoniam
3093 3824 3147 3872 et
3189 3816 3422 3889 Babylo-

1845 3906 2026 3961 nicam
2057 3907 2447 3977 captivitatem,
2496 3905 2739 3961 Davidici
2787 3921 2851 3961 ac
2898 3905 3233 3962 Salomonici
3265 3907 3420 3979 regni

1847 3999 2252 4054 successionem
2299 3999 2760 4069 perseveravisse,
2796 3998 3013 4054 nemine
3058 4007 3182 4070 post
3222 3997 3417 4054 Jecho-

1845 4093 1988 4146 niam
2029 4092 2083 4146 in
2125 4093 2272 4161 regia
2306 4092 2523 4148 Davidis
2568 4091 2697 4148 sede
2728 4093 3051 4147 constituto.
3076 4091 3141 4147 Et
3171 4094 3420 4149 animad—

1841 4196 1990 4241 verte
2012 4186 2087 4240 uti
2115 4186 2216 4241 hoc
2239 4176 2400 4241 etiam
2426 4184 2695 4240 addiderit
2722 4186 3008 4255 prOphetia
3043 4185 3108 4241 de
3144 4186 3419 4256 promisso

1842 4274 2084 4345 germine
2119 4275 2307 4329 dicens
2338 4294 2351 4328 :
2387 4295 2405 4325 ι
2445 4273 2557 4346 Ego
2584 4290 2678 4330 ero
2710 4275 2786 4329 illi
2827 4276 2881 4329 in
2924 4282 3166 4345 patrem;
3214 4284 3267 4330 et
3302 4275 3417 4346 ipse

1840 4365 1945 4419 erit
1969 4366 2101 4420 mihi
2137 4365 2193 4419 in
2227 4365 2396 4420 tilium
2426 4367 2490 4422 ²¹.
2528 4386 2548 4418 ι
2581 4365 2905 4436 Rursusque
2930 4366 3057 4420 alibi
3088 4384 3103 4420 :
3142 4384 3161 4416 ι
3188 4366 3310 4436 lpse
3334 4367 3415 4420 in—

1840 4455 2055 4510 vocabit
2086 4471 2192 4520 me,
2216 4455 2377 4509 Pater
2398 4470 2549 4511 meus
2573 4470 2633 4510 es
2667 4462 2721 4508 tu
2744 4473 2758 4521 ;
2781 4461 2836 4507 et
2863 4468 2962 4525 ego
2992 4454 3412 4524 primogenitum

1838 4565 2037 4619 ponam
2077 4550 2229 4603 illum
2262 4550 2307 4580 ³⁸
2342 4566 2356 4602 :
2411 4566 2430 4599 ι
2468 4562 2590 4617 qua‘
2628 4545 3043 4616 incongruentia
3088 4552 3216 4600 sunt
3260 4542 3414 4599 Salo-

1836 4642 2010 4697 moni.
2132 4669 2135 4671 >
2986 4656 2989 4659 ·

1906 4733 1962 4787 2.
1995 4729 2349 4803 Adjungenda
2383 4735 2511 4784 sunt
2542 4726 2705 4782 etiam
2738 4741 2859 4797 quae
2886 4726 2954 4782 de
2985 4725 3174 4782 eodem
3220 4726 3273 4781 in
3305 4725 3409 4782 Re-

1836 4843 1962 4898 gum
2004 4826 2159 4880 lihrts
2185 4831 2477 4878 narrantur
2516 4819 2597 4875 sic
2644 4838 2658 4874 :
2705 4838 2724 4870 ι
2786 4818 2959 4874 Porro
3011 4834 3106 4873 rex
3153 4818 3408 4873 Salomon

1837 4921 2166 4977 mulierosus
2209 4926 2364 4983 crat;
2397 4916 2662 4986 duxitque
2693 4930 2896 4969 UXOHS
2918 4913 3249 4982 alienigenas
3270 4912 3408 4967 mul-

160 5015 243 5068 καὶ
271 5018 366 5087 τὴν
399 5017 678 5090 θυγατέρα
715 5018 932 5089 Φαραὼ,
966 5018 1336 5081 Μωαϐίτιδας,
1376 5018 1469 5069 καὶ
1510 5017 1726 5086 Ἀμμα-

1859 5029 1953 5080 as;
1982 5012 2146 5065 tiliam
2180 5009 2500 5073 Pharaonis,
2524 5017 2576 5061 et
2604 5006 2953 5068 Moabitidas,
2986 5004 3407 5071 Atnmonitidas,

159 5105 364 5176 νίτιδας,
392 5111 490 5165 καὶ
534 5104 856 5182 Ἰδουμαίαςς
876 5110 1381 5182 Σύρας,Χετταίας,
1413 5110 1506 5162 καὶ
1534 5110 1729 5180 Ἀμορ-

221 5312 264 5347 ²⁸
296 5311 441 5371 Psal.
476 5329 638 5370 cxxxt
660 5354 676 5381 ,
711 5315 764 5368 9..

220 5490 324 5563 (lSl
362 5492 577 5547 Abhinc
614 5500 823 5563 partem
856 5507 963 5547 non
995 5492 1264 5546 modicam
1298 5489 1541 5560 epistolae
1573 5502 1713 5559 pne-

162 5562 374 5616 termisit
399 5564 651 5631 epitoma:
688 5563 1004 5616 Eusebianae
1029 5572 1241 5615 auctor.

223 5630 327 5699 (i4)
369 5628 529 5685 Hunc
563 5634 732 5688 fuisse
763 5633 1004 5700 epistulae
1044 5629 1286 5685 Africani
1335 5629 1517 5690 ﬁnem,
1558 5628 1711 5700 testis

159 5691 412 5769 Eusebius
442 5703 547 5755 loc.
568 5704 660 5756 cit.
686 5691 874 5756 dicens
902 5722 913 5755 :
939 5704 1045 5755 Καὶ
1072 5704 1163 5754 ἐπὶ
1185 5701 1327 5753 τέλει
1351 5700 1407 5751 δὲ
1425 5699 1524 5769 τῆς
1546 5699 1715 5769 αὐτῆς

155 5764 449 5843 ἐπιστολῆς,
499 5772 821 5844 προστίθησι
866 5771 1068 5826 ταῦτα’
1114 5770 1339 5827 Ματθὰν
1368 5772 1395 5821 ό
1427 5764 1534 5822 ἀπὸ
1562 5764 1716 5821 Σολοσ

843 5314 885 5346 ¹⁹
922 5312 1068 5368 Psal.
1100 5326 1371 5376 Lxxxvtn,
1407 5310 1464 5366 4.
1542 5309 1587 5341 ’⁸
1625 5306 1672 5363 ll
1698 5304 1835 5377 Reg.
1856 5321 1953 5369 vn,
1976 5305 2063 5359 l3.

1834 5106 2120 5168 Idumaeas,
2161 5102 2345 5173 Syras,
2384 5099 2675 5176 Chettatas,
2708 5097 3050 5151 Amorrhaeas
3082 5115 3094 5149 :
3128 5094 3194 5149 de
3227 5094 3406 5166 genti-

2140 5300 2248 5354 ἰιι
2289 5301 2421 5371 Reg.
2455 5316 2552 5363 vn,
2595 5298 2683 5353 M.
2759 5298 2803 5329 "
2844 5295 3279 5361 Psal.Lxxvvm,
3313 5296 3403 5356 27.

1823 5484 2020 5556 μῶνος,
2050 5494 2181 5546 ete.,
2230 5496 2405 5549 usque
2445 5479 2511 5558 ad
2554 5476 3083 5558 οὓτως-ἀμφοτέρων
3117 5475 3231 5537 υἱὸς
3270 5468 3339 5558 ἦν
3375 5476 3402 5532 ό

1832 5547 2043 5625 Ἰωσήφ.
2079 5554 2261 5606 Ταῦτα
2284 5547 2346 5621 δὴ
2375 5555 2403 5604 ό
2446 5549 2811 5625 Ἀφρικανός..
2833 5547 2894 5599 In
2925 5549 3029 5625 [ine
3056 5557 3230 5625 autem
3257 5547 3400 5625 ejus-

1989 5580 1994 5587 ν

1821 5625 1937 5679 dem
1966 5613 2204 5692 epistulae
2228 5613 2532 5693 Africanus
2551 5613 2660 5671 'lm'c
2685 5618 2832 5693 addit
2863 5633 2881 5669 :
2912 5613 3223 5693 Matttmnus
3248 5613 3288 5668 ai
3310 5613 3401 5693 ξα-

1825 5684 2049 5759 tuumne,
2070 5707 2196 5759 etc.,
2227 5684 2401 5765 usqtle
2437 5689 2525 5754 ad,
2567 5695 2643 5743 sic
2682 5690 2957 5758 utriusque
2989 5685 3135 5756 ﬁlius
3162 5702 3274 5741 erat
3303 5684 3401 5741 Jo-

1824 5766 2035 5837 sep/ms.
