3830 6260
403 317 510 382 903

1113 319 1379 376 EUSEBII
1417 319 1896 378 CESARIENSIS
1934 321 1960 378 ί

2067 368 2079 381 .
2127 322 2305 378 PARS
2338 320 2428 378 ΠΙ.
2456 313 2958 381 -—-EX‘EGETICA.

3547 309 3648 386 θοι

402 442 510 499 bus
537 441 767 508 scilicet,
800 439 1000 512 quibus
1030 439 1312 494 interdixit
1343 439 1604 495 Dominus
1639 439 1764 496 ﬁliis
1793 439 1960 495 lsrae«

2078 439 2256 510 ῥαίας,
2291 440 2355 492 ἐκ
2384 438 2491 494 τῶν
2516 439 2682 492 ἐθνῶν
2713 432 2788 495 ὧν
2821 441 3052 494 ἀπεῖπεν
3077 439 3280 508 Κύριος
3313 441 3342 493 ὁ
3380 439 3512 504 Θεὸς
3540 448 3643 508 τοῖς

403 535 472 591 lis
503 551 571 590 ne
597 535 941 589 sociarentur
977 531 1059 587 eis
1084 531 1153 588 “.
1189 551 1206 583 ι
1244 531 1474 601 Insuper
1521 533 1738 588 additur
1785 553 1796 586 :
1851 550 1868 582 ι
1912 531 1978 586 Et

403 642 510 680 non
536 635 652 680 erat
675 641 770 679 cor
799 625 918 694 ejus
949 622 1251 693 perfectum
1280 639 1406 678 cum
1442 623 1674 678 Domino
1704 623 1816 679 Deo
1854 639 1975 689 suo,

406 720 566 773 sicuti
595 733 692 770 cor
716 716 933 772 Davidis
964 717 1137 785 patris
1183 716 1302 786 ejus
1333 717 1396 770 “.
1430 735 1449 768 ι
1501 715 1777 786 Pauloque
1806 725 1926 786 post
1961 734 1973 770 :

410 827 430 858 ε
467 807 618 860 Tunc
641 805 927 860 aediﬁcavit
945 805 1200 861 Salomon
1229 807 1506 860 excelsum
1529 805 1802 860 Chamoso
1833 805 1978 860 idolo

403 898 762 953 Moabitarum
796 899 850 952 in
892 907 1078 953 monte
1107 899 1198 966 qui
1227 906 1310 953 est
1348 913 1378 951 e
1409 897 1629 967 regione
1663 896 1975 968 Hierosoly-

401 1006 614 1044 morum
649 1009 663 1042 τ
697 990 934 1059 itemque
968 988 1222 1043 Molocho
1260 988 1406 1042 idolo
1434 989 1890 1053 Ammonitarum,
1922 993 1977 1041 et

398 1083 633 1136 Astartae
678 1080 978 1150 impuritati
1029 1079 1400 1133 Sidoniorum.
1435 1079 1613 1148 Atque
1664 1079 1738 1132 ita
1769 1094 1974 1133 morem

399 1172 568 1241 gessit
602 1172 814 1226 cunctis
871 1170 1088 1226 feminis
1127 1171 1242 1224 suis
1291 1170 1633 1240 alienigenis,
1665 1185 1785 1240 qua:
1814 1171 1975 1225 thura

399 1265 688 1318 adolebant
721 1264 826 1318 diis
857 1264 1050 1333 patriis
1085 1271 1138 1316 et
1163 1261 1566 1317 sacriﬁcabant.
1599 1260 1771 1314 Porro
1801 1260 1974 1317 iratus

397 1363 480 1412 est
513 1356 777 1412 Dominus
829 1354 1107 1410 Salomoni
1164 1355 1311 1424 quod
1375 1365 1624 1406 aversum
1695 1359 1842 1406 esset
1876 1367 1974 1407 cor

395 1449 515 1517 ejus
555 1461 585 1502 a
621 1446 850 1501 Domino
884 1445 992 1500 Deo
1024 1445 1242 1500 lsraelis
1278 1444 1346 1497 ’⁸.
1391 1462 1408 1494 ι
1445 1442 1521 1495 Eu
1555 1445 1668 1497 huic
1700 1444 1884 1497 omnia
1915 1443 1973 1498 in

398 1537 706 1593 Salomonis
746 1537 1186 1592 criminationem
1231 1534 1508 1590 dicuntur.
1541 1532 1826 1600 Quomodo
1843 1549 1972 1605 ergo

397 1629 840 1684 accommodabis
864 1629 914 1684 ei
940 1627 1354 1698 jusjurandum,
1397 1627 1451 1681 in
1487 1643 1596 1697 quo
1641 1635 1835 1696 praeter
1865 1642 1970 1682 ete-

395 1731 510 1777 tera
542 1723 746 1777 dictum
777 1731 861 1776 est
911 1740 923 1774 :
974 1739 992 1772 ι
1035 1719 1098 1772 Et
1127 1736 1226 1791 ego
1255 1735 1350 1774 ero
1379 1721 1456 1774 illi
1488 1719 1541 1773 in
1571 1717 1810 1782 Patrem,
1857 1719 1972 1788 ipse

2079 534 2213 594 υίοῖς
2230 532 2467 604 Ἰσραήλ·
2496 533 2607 584 Οὐκ
2628 532 2998 585 εἰσελεύσεσθε
3026 533 3104 596 εἶς
3129 532 3342 596 αὐτούς.
3379 551 3396 584 ι
3420 528 3513 598 Οἷς
3535 536 3635 588 ἐπι⁴

2079 623 2265 693 φέρει·
2303 641 2321 674 t
2358 623 2470 676 Καὶ
2531 624 2632 677 οὐκ
2669 619 2737 695 ἦν
2774 627 2806 696 ἡ
2866 623 3063 698 καρδία
3107 625 3270 678 αὑτοῦ
3299 625 3478 680 τελεία
3517 628 3642 697 μετά

2078 715 2282 786 Κυρίου
2323 715 2457 769 Θεοῦ
2504 716 2690 782 αὐτοῦ,
2723 717 2903 781 καθὼς
2934 721 2967 788 ὴ
3009 717 3205 788 καρδία
3233 718 3396 771 Δαόὶδ
3421 718 3512 772 τοῦ
3547 720 3642 773 Πα-

2077 806 2202 876 τρὸς
2227 805 2412 858 αὐτοῦ.
2449 825 2466 857 ι
2501 807 2611 860 Καὶ
2635 808 2768 878 μετά
2800 806 2967 879 βραχύ
2992 826 3004 838 ·
3025 826 3043 858 ι
3069 807 3201 860 Τότε
3219 808 3534 879 ᾠκοδόμησε
3554 811 3640 863 Σο-

2077 897 2255 967 λομῶν
2287 897 2487 968 ὑψηλὸν
2540 898 2618 969 τῷ
2651 899 2856 970 Χαμὼς
2903 899 3105 970 εἰδώλῳ
3131 899 3304 953 Μωάϐ
3335 902 3394 954 ἐν
3425 900 3505 971 τῷ
3535 902 3640 974 ὄρει

2075 989 2168 1041 ἐπὶ
2195 989 2482 1060 πρόσωπον
2532 991 2881 1062 Ἰερουσαλήμ
2900 1007 2915 1022 ο
2952 992 3045 1044 καὶ
3071 991 3148 1062 τῷ
3185 990 3414 1061 Μολχὼν
3447 991 3640 1065 εἰδώλῳ

2075 1079 2206 1133 υἱῶν
2262 1080 2505 1151 Ἀμμὼν,
2544 1083 2636 1135 καὶ
2679 1079 2744 1152 τῇ
2806 1082 3073 1155 Ἀστάρτῃ
3116 1082 3444 1154 βδελύγματι
3483 1085 3639 1137 Σιδω-

2075 1172 2200 1226 νίων
2219 1190 2232 1202 ·
2260 1175 2353 1226 καὶ
2381 1172 2552 1238 οὕτως
2585 1175 2807 1245 ἐποίησε
2833 1175 3034 1237 πάσαις
3061 1178 3178 1238 ταῖς
3207 1177 3452 1245 γυναιξὶν
3482 1176 3638 1231 αὑτοῦ

2071 1268 2192 1328 ταῖς
2222 1264 2548 1337 ἀλλοτρίαις,
2585 1266 2640 1318 αἳ
2674 1265 2912 1335 ἐθυμίων
2955 1265 3050 1319 καὶ
3081 1265 3235 1319 ἔθυον
3266 1269 3379 1330 τοὶς
3410 1266 3639 1331 εἰδώλοις

2073 1356 2284 1410 αὐτῶν·
2312 1359 2406 1411 καὶ
2451 1358 2693 1429 ὠργίσθη
2744 1358 2946 1430 Κύριος
2985 1358 3077 1410 ἐπὶ
3117 1358 3387 1427 Σολομῶν,
3423 1359 3506 1410 ὅτι
3562 1359 3639 1424 ἐξ·

2074 1447 2246 1502 ἐκλινε
2268 1448 2488 1519 καρδίαν
2515 1448 2678 1502 αὑτοῦ
2710 1449 2818 1502 ἀπὸ
2847 1448 3052 1518 Κυρίου
3085 1447 3218 1501 Θεοῦ
3256 1448 3497 1520 Ἰσραήλ.
3537 1467 3555 1500 ι
3585 1447 3639 1499 Εἰ

2071 1537 2127 1591 δὲ
2157 1539 2224 1593 τὰ
2244 1540 2464 1594 τοιαῦτα
2494 1539 2587 1592 τοῦ
2625 1539 2934 1610 Σολομῶνος
2967 1543 3370 1611 κατηγορεῖται,
3413 1539 3531 1603 πῶς
3555 1535 3640 1592 οὖν

2071 1629 2402 1700 ἐφαρμόσεις
2441 1629 2589 1700 αὐτῷ
2624 1629 2691 1682 τὰ
2715 1628 2808 1682 τοῦ
2841 1630 3025 1701 ὅρκου,
3057 1630 3140 1698 ἐφ’
3167 1622 3211 1696 ᾧ
3243 1629 3455 1700 εἴρηται
3514 1628 3640 1700 πρὸς

2071 1721 2181 1782 τοῖς
2211 1719 2390 1796 ἄλλοις
2413 1719 2508 1771 καὶ
2555 1718 2634 1771 τό’
2667 1736 2685 1769 t
2721 1719 2863 1796 Ἐγώ
2893 1718 3085 1790 ἔσομαι
3126 1719 3273 1790 αὐτῷ
3301 1724 3382 1784 εἰς
3413 1720 3636 1790 πατέρα,

393 1815 498 1868 erit
546 1815 680 1868 mihi
738 1813 792 1867 in
844 1811 1065 1866 filium?
1128 1830 1144 1862 ι
1217 1812 1329 1865 Imo
1361 1826 1492 1865 vero
1535 1810 1822 1865 manifeste
1856 1808 1960 1863 haec

2070 1809 2163 1861 καὶ
2184 1809 2341 1871 αὐτὸς
2362 1808 2511 1861 ἔσται
2540 1826 2628 1879 μοι
2655 1811 2733 1872 εἰς
2757 1809 2868 1863 υἱόν
2891 1826 2904 1873 ;
2933 1828 2950 1860 ι
2975 1808 3108 1863 ἀλλά
3129 1810 3236 1882 γάρ
3264 1811 3522 1882 ἄντικρυς
3553 1813 3642 1864 Σο-

394 1905 568 1960 aliena
599 1920 629 1958 a
669 1901 961 1958 Salomone
991 1908 1120 1956 sunt
1157 1920 1169 1955 :
1203 1903 1461 1970 praeclare
1505 1907 1684 1954 autem
1721 1898 1960 1954 referun-

2071 1897 2311 1968 λομῶνος
2365 1899 2464 1970 μὲν
2511 1899 2767 1971 ἀλλότρια
2811 1900 3018 1952 ταῦτα’
3056 1901 3308 1969 ἀνάγοιτο
3367 1902 3414 1955 δ’
3459 1903 3525 1956 ἂν
3559 1906 3666 1957 sti.-

393 2005 486 2052 tur
517 1999 582 2052 ad
623 2012 768 2062 eum,
825 1996 986 2064 cujus
1041 1994 1108 2048 de
1157 2008 1356 2064 genere
1410 1991 1630 2047 Davidis
1679 1993 1960 2063 praedictus

2070 1989 2159 2042 τὸν
2193 1991 2255 2042 ἐκ
2284 1989 2593 2061 σπέρματος
2626 1989 2789 2043 Δαὸἱδ
2817 1990 2966 2061 ἥξειν
3000 1991 3390 2062 θεσπιζέμενον
3415 1991 3630 2062 Χριστὸς

397 2087 576 2142 fuerat
616 2085 908 2149 adventus,
957 2085 1160 2154 quique
1203 2097 1394 2152 reapse
1431 2097 1460 2136 e
1502 2081 1760 2137 Davidico
1803 2091 1970 2138 stem-

393 2184 539 2230 mate
569 2176 814 2231 emersit.

1143 2284 1231 2338 Vl.

389 2398 500 2455 Cur
534 2397 823 2452 Matthmus
853 2407 970 2468 post
1004 2398 1257 2452 Davidem
1303 2397 1371 2450 ad
1419 2405 1785 2469 consectaneos
1816 2415 1970 2469 gene-

457 2472 533 2524 ris
583 2486 908 2523 successores
976 2485 1080 2522 non
1143 2469 1357 2531 veniat,
1413 2467 1503 2522 sed
1562 2467 1831 2522 transiliat
1898 2470 1968 2522 ad

455 2540 840 2603 Abrahamum,
879 2556 980 2593 non
1018 2549 1190 2592 tamen
1236 2539 1304 2591 ad
1353 2538 1639 2604 Adamum,
1687 2556 1845 2609 neque
1894 2540 1966 2594 ad

457 2611 623 2664 alium
675 2610 954 2680 quemlibet
1009 2625 1074 2663 ea:
1129 2609 1364 2679 antiquis
1435 2609 1545 2662 Deo
1602 2610 1808 2664 dilectis
1872 2611 1967 2665 Ito-

459 2681 710 2734 minibus.

457 2768 596 2838 Quia
627 2769 804 2839 primo
833 2769 1086 2825 similiter
1129 2768 1442 2824 Abrahamo
1474 2770 1624 2824 varia
1663 2769 1808 2826 edita
1848 2769 1965 2825 fue-

385 2870 510 2917 rant
550 2861 619 2917 de
651 2862 934 2918 vocatione
971 2860 1217 2930 gentium
1260 2862 1505 2918 oracula.
1551 2861 1795 2932 Namque
1838 2864 1965 2918 ante

389 2950 680 3006 Mosaicam
745 2950 1144 3020 legislationem
1176 2989 1192 3015 ,
1250 2958 1416 3020 atque
1475 2960 1599 3006 ante
1649 2950 1962 3006 Iudaeorum

389 3043 566 3113 ipsum
607 3055 796 3112 genus,
839 3045 952 3094 imo
982 3047 1035 3094 et
1066 3049 1193 3096 ante
1221 3041 1722 3107 circumcisionem,
1767 3043 1960 3098 alieni-

387 3149 524 3205 gena
572 3132 673 3187 fuit
706 3133 1052 3188 Abrahamus
1081 3150 1094 3185 :
1127 3135 1220 3204 qui
1265 3136 1488 3205 regione
1535 3135 1828 3190 Chaldaica
1859 3137 1962 3190 mi-

384 3197 573 3298 grans,
613 3225 787 3295 patria
829 3225 1077 3279 instituta
1119 3197 1384 3287 deseruit,
1437 3241 1801 3296 supremoque
1851 3226 1960 3280 Deo
1987 3197 2033 3256 C

385 3319 590 3389 agnito,
637 3317 1012 3372 testimonium
1053 3317 1236 3372 retulit
1269 3317 1416 3388 quod
1464 3316 1576 3373 Deo
1621 3315 1957 3384 crediderit;

384 3409 548 3478 idque
579 3408 658 3462 illi
687 3416 998 3478 reputatum
1031 3415 1117 3462 est
1149 3408 1217 3462 ad
1243 3409 1516 3477 justitiam
1545 3407 1614 3466 '°.
1646 3406 1836 3465 Justus
1870 3422 1964 3462 au~

382 3509 492 3556 tem
525 3501 756 3572 piusque
778 3501 932 3555 visus
961 3507 1046 3556 est
1069 3515 1181 3554 non
1209 3501 1278 3555 ob
1309 3501 1555 3571 corporis
1578 3500 1960 3555 circumcisio-

381 3607 530 3656 nem,
560 3607 739 3662 neque
777 3591 848 3646 ob
888 3589 1115 3646 Sabbati
1147 3591 1550 3646 observantiam
1576 3598 1670 3645 aut
1697 3590 1958 3646 festorum

382 3693 476 3739 aut
507 3683 884 3747 kalendarum,
929 3699 1105 3753 neque
1159 3683 1231 3738 ob
1262 3683 1536 3754 quaslibet
1558 3695 1608 3736 ‘a
1647 3681 1831 3754 Moyse
1876 3682 1960 3736 in-

379 3783 565 3830 vectas
606 3774 897 3846 religiones
927 3792 943 3841 ;
984 3774 1080 3830 sed
1112 3775 1184 3830 ob
1217 3775 1414 3829 summi
1443 3775 1537 3830 Dei
1565 3776 1954 3845 cognitionem,

380 3873 543 3935 atque
575 3865 646 3920 ob
687 3863 928 3930 Domini,
971 3865 1064 3937 qui
1106 3866 1185 3919 illi
1232 3865 1450 3921 oblatus
1491 3873 1596 3929 est,
1624 3864 1959 3920 manifesta-

379 3957 582 4009 tionem
621 3955 757 4027 (qui
799 3955 1018 4027 quidem
1049 3965 1166 4012 erat
1200 3955 1458 4011 Sen-ator
1487 3964 1694 4021 noster,
1727 3956 1824 4012 Dei
1849 3958 1959 4012 sci-

378 4048 506 4102 licet
537 4045 771 4101 Verbum
795 4047 814 4113 )
843 4053 898 4102 et
920 4047 991 4101 ob
1022 4061 1177 4102 suam
1215 4047 1454 4118 denique
1483 4054 1729 4102 sanctam
1757 4061 1821 4100 ac
1845 4047 1956 4100 vir-

377 4138 585 4194 tutibus
615 4137 901 4209 prmditam
931 4140 1121 4194 vitam.
1151 4139 1290 4194 Huic
1338 4140 1506 4211 igitur
1544 4140 1639 4210 qui
1685 4138 1955 4209 ejusmodi

377 4232 594 4301 pietatis
633 4247 804 4300 genus
854 4239 1097 4288 sectatus
1127 4231 1325 4296 fuerat,
1361 4232 1504 4286 facta
1551 4231 1844 4302 promissio
1871 4239 1955 4286 est

377 4323 443 4378 de
470 4325 744 4395 gentibus,
768 4324 934 4379 veluti
974 4339 1093 4394 quae
1121 4323 1415 4394 aliquando
1448 4324 1747 4380 secundum
1779 4323 1954 4378 Abra-

375 4417 521 4472 hami
552 4419 727 4472 zelum
762 4416 863 4487 piae
893 4416 1092 4472 futura:
1130 4407 1310 4484 erant,
1359 4432 1654 4488 paremque
1695 4417 1952 4488 religioso

2069 2078 2162 2132 τοῦ
2185 2079 2342 2145 Θεοῦ,
2374 2080 2430 2143 ὂς
2459 2082 2522 2132 ἐκ
2547 2079 2859 2150 σπέρματος
2887 2080 3050 2133 Δαϐὶδ
3071 2080 3290 2152 ἀνέστη.

2070 2392 2173 2446 Διὰ
2200 2393 2259 2446 τί
2305 2394 2458 2463 μετὰ
2487 2396 2590 2448 τὸν
2632 2395 2809 2449 Δαϐὶδ
2840 2397 2951 2450 οὐκ
2982 2395 3081 2448 ἐπὶ
3107 2394 3248 2462 τοὺς
3271 2395 3421 2464 ἑξῆς
3449 2396 3633 2450 διαδό-

2138 2480 2286 2536 χους
2317 2463 2424 2536 τοῦ
2446 2464 2657 2534 γένους
2690 2466 2949 2536 κατάγει,
2981 2465 3292 2534 ἀνατρέχει
3322 2463 3388 2521 δὲ
3417 2467 3517 2520 ἐπὶ
3539 2467 3633 2520 τόν

2155 2535 2417 2604 Ἀϐραὰμ.
2476 2537 2611 2606 ἀλλ’
2667 2539 2777 2590 οὐκ
2825 2535 2922 2589 ἐπὶ
2975 2537 3083 2591 τὸν
3147 2537 3338 2606 Ἀδὰμ,
3388 2537 3632 2602 οὐδ’

2139 2605 2344 2672 ἔτερόν
2370 2623 2506 2659 τινα
2532 2605 2652 2659 τῶν
2689 2606 2874 2661 πάλαι
2900 2606 3192 2675 θεοφιλῶν
3222 2605 3483 2677 ἀνδρῶν.

2149 2760 2364 2834 Ἐπειδὴ
2392 2761 2592 2834 πρώτῳ
2630 2763 2790 2816 πάλιν
2829 2763 2906 2834 τῷ
2949 2762 3196 2835 Ἀϐραὰμ
3227 2765 3352 2837 περὶ
3385 2766 3483 2837 τῆς
3518 2766 3635 2837 κλή-

2066 2871 2203 2916 σεως
2234 2854 2340 2906 τῶν
2369 2853 2539 2908 ἐθνῶν
2572 2855 2818 2927 διάφοροι
2837 2856 3072 2910 ἐδέδοντο
3093 2859 3366 2928 χρησμοί⁹
3398 2859 3508 2931 πρὸ
3537 2860 3634 2931 γὰρ

2063 2944 2162 3015 τῆς
2211 2943 2488 3008 Μωῠσέως
2517 2945 2872 3017 νομοθεσίας,
2937 2948 3031 2999 καὶ
3082 2947 3188 3020 πρὸ
3227 2949 3322 3003 τοῦ
3368 2951 3635 3005 Ἰουδαίων

2065 3035 2265 3100 ἔθνους,
2291 3036 2350 3089 οὐ
2378 3036 2481 3108 μὴν
2511 3037 2645 3090 ἀλλὰ
2684 3038 2776 3091 καὶ
2810 3039 2915 3110 πρὸ
2966 3039 3067 3109 τῆς
3105 3044 3429 3113 περιτομῆς,
3482 3043 3632 3096 ἀλλο-

2063 3128 2220 3199 εθνὴς
2249 3127 2322 3182 ὣν
2351 3129 2378 3180 ὁ
2407 3129 2673 3201 Ἀϐραὰμ,
2707 3132 2920 3202 καὶτῆς
2944 3132 3223 3187 Χαλδαίων
3251 3136 3352 3204 γῆς
3377 3137 3632 3207 ὁρμώμε-

2063 3236 2170 3283 νος,
2229 3219 2511 3273 ἀπολείπει
2549 3222 2645 3292 μὲν
2685 3221 2753 3274 τά
2802 3222 3050 3294 πατρῷα,
3085 3222 3219 3276 Θεὸν
3259 3224 3314 3276 δὲ
3349 3225 3517 3293 γνοὺς
3551 3227 3633 3279 τὸν

2063 3313 2156 3365 ἐπὶ
2205 3313 2441 3376 πάντων,
2500 3314 2914 3387 μεμαρτύρηται
2955 3316 3031 3379 ὡς
3082 3316 3187 3388 ἄρα
3234 3318 3525 3371 ἐπίστευσε
3564 3316 3633 3389 τῷ

2062 3400 2201 3472 Θεῷ,
2233 3403 2326 3455 καὶ
2364 3403 2613 3477 ἐλογίσθη
2658 3405 2806 3476 αὐτῷ
2831 3409 2911 3470 εἰς
2940 3407 3285 3482 δικαιοσύνην
3308 3428 3322 3442 ·
3345 3411 3556 3478 δίκαιός
3579 3430 3632 3466 τε

2062 3493 2158 3545 καὶ
2189 3491 2441 3564 θεοφιλὴς
2485 3495 2888 3565 ἀποπέφανται,
2912 3499 2972 3551 οὑ
3005 3498 3094 3552 διὰ
3119 3501 3424 3574 περιτομὴν
3452 3503 3632 3575 σώμα-

2061 3598 2170 3646 τος,
2205 3583 2326 3636 οὐδὲ
2369 3583 2455 3636 διὰ
2503 3585 2749 3656 φυλακὴν
2788 3588 3000 3659 ἡμέρας
3026 3589 3382 3664 ,σαϐϐάτου,ῆ
3415 3595 3630 3666 ἑορτῶν,

2060 3675 2388 3746 νουμηνιῶν,
2428 3677 2546 3729 οὑδὲ
2599 3695 2661 3748 γε
2710 3679 2774 3732 δι’
2820 3680 2984 3752 ἄλλης
3028 3683 3171 3748 τινὸς
3219 3686 3372 3757 παρά
3414 3689 3632 3743 Μωῡσεί

2061 3765 2368 3838 φερομένης
2397 3768 2867 3841 ἐθελοθρησκείας,
2904 3773 3037 3826 ἀλλὰ
3070 3774 3505 3846 δι’ἐπιγνώσεως
3544 3780 3628 3833 τοῦ

2061 3857 2154 3909 ἐπὶ
2181 3857 2398 3912 πάντων
2441 3858 2598 3925 Θεοῦ,
2640 3862 2963 3932 ἐπιφανείας
2988 3865 3046 3918 δέ
3082 3865 3177 3919 τοῦ
3209 3852 3466 3937 ὀφθέντος
3487 3870 3628 3942 αὐτῷ

2059 3950 2265 4021 Κυρίου
2313 3945 2486 4021 (οὗτος
2517 3951 2574 4004 δέ
2601 3947 2668 4023 ἦν
2692 3955 2719 4006 ό
2744 3955 3011 4028 ἡμέτερος
3066 3959 3278 4032 Σωτὴρ,
3313 3963 3340 4012 ὁ
3366 3962 3462 4016 τοῦ
3499 3963 3626 4017 Θεοῦ

2059 4041 2288 4113 Λόγος),
2326 4042 2415 4095 διά
2471 4061 2529 4096 τε
2579 4045 2778 4116 σεμνοῦ
2821 4049 2915 4101 καὶ
2972 4050 3230 4121 ἐναρέτου
3266 4051 3380 4122 βίου
3406 4070 3421 4083 ·
3447 4055 3627 4110 τοῦτον

2057 4133 2100 4184 δ’
2130 4130 2221 4186 οὖν
2244 4133 2392 4205 αὑτῷ
2421 4136 2772 4207 κατορθοῦντι
2805 4141 2904 4211 τῆς
2944 4140 3254 4207 θεοσεϐείας
3283 4145 3376 4200 τὸν
3413 4147 3622 4218 τρόπον,

2057 4225 2090 4296 ἡ
2117 4227 2246 4297 περί
2272 4226 2380 4280 τῶν
2431 4227 2598 4282 ἐθνῶν
2646 4229 2826 4284 δέδοτο
2858 4234 3176 4302 ἐπαγγελία,
3217 4237 3292 4300 ὡς
3324 4238 3420 4292 καὶ
3457 4241 3624 4294 αὐτῶν

2056 4337 2187 4372 ποτε
2235 4319 2506 4401 κατάιτδν
2537 4322 2630 4375 τοῦ
2673 4323 2922 4396 Ἀϐραὰμ
2949 4325 3109 4399 ζῆλον
3151 4328 3420 4385 θεοσεϐῶν
3463 4333 3622 4386 ὄντων

2056 4413 2262 4483 καὶτῆς
2289 4413 2411 4484 ἴσης
2427 4414 2504 4484 τῷ
2522 4413 2758 4484 θεοφιλεῖ
2773 4415 3328 4492 καταξιωθησομένων
3359 4425 3618 4494 εὐλογίας·

373 4508 699 4578 patriarcha!
741 4507 1176 4587 benedictionem
1209 4518 1608 4578 consecutum.
1641 4508 1773 4575 Quae
1824 4524 1949 4562 cum

2067 4497 2125 4556 ὒν
2152 4503 2323 4568 οὕτως
2353 4505 2606 4575 ἐχόντων,
2636 4507 2926 4562 ἀκόλουθον
2954 4506 3023 4581 ἦν
3050 4511 3149 4582 τῆς
3174 4513 3282 4567 τῶν
3303 4514 3471 4570 ἐθνῶν
3496 4517 3620 4588 κλή-

374 4599 448 4653 ita
482 4615 540 4654 se
573 4599 830 4665 habeant,
867 4611 1296 4656 consentaneum
1325 4613 1462 4669 erat,
1500 4610 1558 4656 ut
1600 4600 1947 4657 Abrahamus

2067 4611 2190 4656 τεως
2213 4595 2683 4668 προπάτοραλὸντα
2713 4599 2802 4651 τὸν
2845 4595 3115 4673 Ἀϐραὰμ,
3147 4605 3252 4658 ὑπὸ
3284 4606 3378 4660 τοῦ
3404 4609 3620 4677 εὐαγγε-

371 4699 688 4747 vocatarum
731 4691 974 4762 gentium
1004 4695 1281 4765 princeps,
1314 4695 1382 4749 ab
1413 4695 1750 4765 evangelista
1784 4709 1944 4749 assu-

369 4793 612 4838 meretur
647 4782 920 4837 secundus
961 4769 1084 4858 pQSt
1123 4783 1402 4840 Davidem.
1438 4784 1684 4857 Namque
1729 4784 1785 4838 hi
1835 4784 1945 4838 duo

369 4869 591 4926 fuerunt
615 4871 859 4924 illustres
889 4871 1013 4934 viri,
1044 4874 1201 4942 queis
1228 4873 1420 4943 primis
1451 4873 1595 4928 Deus
1621 4873 1824 4928 Christi
1855 4873 1946 4926 ad-

367 4974 590 5019 ventum
652 4964 1006 5035 gentiumque
1062 4966 1404 5022 vocationem
1464 4967 1752 5037 dignanter
1817 4976 1943 5022 ante

367 5057 714 5128 signiﬁcavit.
751 5055 857 5111 Par
877 5066 1055 5113 autem
1087 5058 1208 5122 fuit,
1249 5067 1308 5113 ut
1333 5060 1379 5114 is
1402 5061 1487 5114 cui
1525 5059 1781 5114 nativitas
1810 5058 1940 5114 Ser-

366 5150 575 5203 vatoris
629 5148 874 5202 omnium
927 5150 1213 5204 hominum
1241 5151 1530 5221 'promissa
1573 5151 1696 5218 fuit,
1738 5166 1946 5220 praepoo

367 5247 590 5292 neretur
629 5238 707 5292 illi
733 5239 824 5308 qui
871 5239 938 5294 de
969 5239 1230 5295 vocandis
1265 5242 1518 5311 gentibus
1547 5242 1940 5312 promissiones

368 5331 581 5398 accepit
614 5348 628 5383 :
655 5329 932 5385 secundus
957 5341 1138 5386 tamen
1175 5332 1228 5386 in
1257 5333 1575 5404 genealogia
1608 5333 1940 5390 scriberetur

366 5420 606 5483 gentium
677 5421 920 5492 ipsarum
977 5423 1312 5492 patriarcha.
1379 5423 1562 5490 Quare
1617 5426 1754 5481 liber
1804 5424 1934 5481 Jesu

365 5507 569 5566 Christi
619 5512 766 5582 capit
800 5513 1044 5583 auspicia
1088 5515 1324 5584 primum
1371 5517 1590 5586 quidem
1626 5518 1694 5572 ab
1745 5532 1810 5572 eo
1841 5518 1934 5589 qui

365 5597 468 5652 fuit
515 5603 752 5659 carnalis
796 5603 925 5659 Iesu
979 5604 1180 5661 Christi
1223 5608 1579 5678 progenitor;
1625 5608 1821 5664 deinde
1867 5609 1934 5665 ab

2051 4685 2232 4738 λιστοῦ
2298 4686 2549 4761 δεύτερον
2602 4689 3023 4763 παραληφθῆναι
3073 4694 3212 4764 μετά
3274 4696 3368 4750 τὸν
3427 4698 3616 4752 Δαϐίδο

2049 4774 2192 4829 δυοῖν
2218 4778 2325 4848 γὰρ
2347 4779 2550 4833 τούτων
2579 4769 2856 4851 ἐπιφανῶν
2883 4784 3091 4856 ἀνδρῶν
3122 4787 3356 4859 πρώτων
3392 4790 3616 4862 ἠξιωμέ-

2050 4886 2156 4923 νων
2181 4869 2280 4940 τῆς
2321 4869 2416 4924 τοῦ
2443 4871 2577 4925 Θεοῦ
2629 4875 2964 4943 ἐπαγγελίας
3000 4877 3126 4949 περί
3159 4895 3218 4931 τε
3247 4879 3346 4949 τῆς
3371 4881 3462 4934 τοῦ
3487 4880 3616 4952 Χριά

2051 4961 2178 5016 στοῦ
2233 4962 2498 5031 γενέσεως
2549 4966 2644 5018 καὶ
2697 4967 2828 5036 περὶ
2849 4967 2952 5036 τῆς
2994 4968 3240 5040 κλήσεως
3285 4972 3394 5025 τῶν
3436 4971 3610 5034 ἐθνῶν,

2050 5053 2242 5123 χρῆναι
2267 5052 2436 5124 δήπου
2478 5055 2538 5106 τὸ
2573 5054 2670 5125 μὲν
2696 5072 2760 5107 πε
2771 5055 2822 5126 pl.
2867 5056 2968 5126 τῆς
2999 5057 3265 5126 γενέσεως
3291 5061 3382 5114 τοῦ
3409 5061 3612 5114 πάντων

2047 5144 2348 5215 ἀνθρώπων
2396 5147 2647 5217 Σωτῆρος
2687 5147 2784 5210 τὰς
2819 5149 3140 5221 ὑποσχέσεις
3185 5154 3454 5224 εἰληφότα,
3487 5172 3612 5226 προ-

2045 5237 2338 5321 τιμηθῆναι
2367 5241 2432 5316 τῇ
2460 5238 2608 5302 τάξει
2629 5240 2722 5292 τοῦ
2747 5241 2847 5304 τὰς
2882 5245 3010 5315 περὶ
3044 5244 3156 5297 τῶν
3194 5245 3364 5300 ἐθνῶν
3385 5251 3607 5317 ἐπαγγε-

2044 5328 2164 5392 λίας
2213 5331 2652 5403 καταδεξαμένου
2676 5348 2690 5362 °
2719 5333 2971 5407 δεῦτερον
3029 5336 3087 5391 δὲ
3118 5338 3178 5390 ὲν
3197 5341 3265 5411 τῇ
3302 5339 3606 5412 γενεαλογίᾳ

2044 5423 2469 5494 παραληφθῆναι
2498 5424 2587 5479 τὸν
2630 5425 2739 5481 τῶν
2768 5427 2936 5481 ἐθνῶν
2972 5429 3244 5503 ἀρχηγόν·
3275 5432 3504 5505 διόπερή
3527 5431 3603 5502 βία-

2041 5515 2168 5578 6λος
2210 5515 2381 5587 Ἰησοῦ
2429 5513 2662 5590 Χριστοῦ
2699 5519 2901 5592 πρώτῳ
2948 5522 3047 5592 μὲν
3073 5525 3354 5580 ἀνάκειται
3376 5526 3446 5596 τῷ
3467 5522 3604 5579 κατὰ

2043 5609 2221 5681 σάρκα
2278 5611 2451 5682 Ἰησοῦ
2505 5614 2742 5684 Χριστοῦ
2788 5616 3113 5689 προπάτορι,
3157 5617 3406 5691 δεύτερον
3437 5617 3492 5672 δέ
3525 5614 3604 5685 τῷ

437 5755 482 5786 ³³
518 5753 583 5809 lll
615 5759 748 5834 Reg.
786 5776 870 5828 sl,
910 5760 1027 5829 1,2.
1103 5762 1148 5795 "
1185 5762 1315 5817 ibid.
1353 5764 1405 5818 4.
1485 5765 1529 5796 ’⁵
1571 5763 1878 5837 εοεαε-9.,
1939 5766 1960 5798 ³

2067 5779 2182 5820 om.-
2219 5782 2291 5838 iv,
2329 5767 2380 5824 5.
