3830 6260
268 298 371 356 905

791 299 1246 368 ρυειεετιυΝΕε
1278 298 1733 358 EVANGELICE
1770 299 1837 355 Al

1942 295 2339 354 TEPHANUM.
2376 326 2446 341 --
2482 292 2810 366 QUESHO
2849 295 2959 354 γιι.

3383 294 3490 360 οοα

269 422 410 478 κατά
436 419 651 492 πνεῦμα
682 421 855 494 Πατρὶ
881 423 989 476 τῶν
1014 422 1101 477 διά
1134 422 1370 492 Χριστοῦ
1408 420 1798 493 σωθησομένων
1818 438 1831 450 ·

1941 418 2029 471 ἱΙΙο
2060 419 2152 488 qui
2185 416 2382 487 spiritu
2434 415 2594 471 Pater
2624 423 2744 471 erat
2783 413 3175 471 servandorum
3208 430 3307 489 per
3328 419 3492 478 Chri.

248 514 454 586 ⁴ἠγεῖτο
474 516 581 585 γάρ
602 514 630 566 ὀ
656 512 842 579 σώζων
867 513 974 568 τῶν
1009 514 1328 586 σωζομένων
1355 514 1543 570 ἐθνῶν.

1014 670 1089 727 Z'.

268 760 373 815 Διὰ
390 761 466 814 ’τί
626 759 844 831 Θάμαρ,
874 762 1007 831 οὐχὶ
1031 762 1097 815 δὲ
1122 763 1219 848 καὶ
1243 762 1440 830 ἐτέρας
1470 763 1562 848 ἐπς
1588 762 1830 848 ἀγαθοῖς

338 833 749 903 κατορθῶμασι
766 833 1276 903 μαρτυρουμένης
1322 834 1605 903 γυναικὸς
1655 834 1831 902 ἐμνηο

331 905 635 970 μόνευσεν
661 906 692 955 ό
726 902 1037 967 Ματθαῖος.

338 998 409 1047 α’.
452 993 560 1066 Τὴν
591 994 787 1066 Θάμαρ
823 995 875 1050 εῐ
902 1012 985 1058 τις
1024 996 1099 1058 ὼς
1147 996 1347 1067 πόρνην
1373 995 1674 1050 διαϐάλλειν
1713 1012 1832 1049 πει-

271 1084 439 1157 ρῷτο,
481 1085 646 1140 αὑτοῦ
688 1087 751 1157 δὴ
807 1084 897 1139 τοῦ
939 1086 1105 1141 Ἰούδα
1147 1088 1504 1142 ἐπακουσάτω
1550 1089 1829 1158 λέγοντος-

276 1196 295 1229 ι
325 1178 671 1232 Δεδικαίωται
717 1178 913 1250 Θάμαρ
943 1181 975 1250 ἢ
1015 1178 1154 1247 ἐγὼ,
1205 1172 1266 1233 οὖ
1311 1180 1494 1235 ἕνεκεν
1531 1182 1630 1235 οὑκ
1659 1181 1833 1236 ἔδωκα

268 1272 438 1342 αὐτὴν
463 1270 644 1341 Σιλὼμ
691 1269 768 1341 τῷ
809 1270 908 1341 υἱῷ
952 1288 1084 1340 μου’
1122 1292 1142 1323 ι
1191 1273 1251 1325 ού
1298 1273 1405 1344 γὰρ
1448 1272 1510 1344 δὴ
1555 1274 1832 1345 πορνεύειν

268 1359 575 1431 προθεμένη
605 1359 698 1412 ἐπὶ
728 1358 820 1413 τοῦ
855 1360 1058 1428 τέγους,
1076 1360 1228 1432 ἔστη,
1258 1360 1499 1433 λογισμῷ
1548 1362 1605 1416 δὲ
1653 1364 1834 1435 σεμνῷ

267 1449 612 1512 παιδοποιΐας
637 1447 795 1521 χάριν
839 1450 930 1502 τὸν
969 1448 1165 1503 Ἰούδαν
1198 1449 1460 1521 θηρᾶται·
1501 1451 1599 1504 οὐκ
1642 1451 1833 1522 ἄδηλος

268 1539 327 1592 δὲ
353 1540 447 1592 καὶ
469 1541 503 1610 η
537 1539 685 1593 αἰτία
709 1556 723 1571 ·
754 1542 782 1593 ὁ
818 1540 914 1610 μὲν
939 1539 1047 1612 γὰρ
1089 1540 1225 1610 αὐτῇ
1264 1540 1695 1610 παρακελεύεται
1733 1542 1830 1612 μέ-

270 1646 380 1684 νειν
422 1630 509 1683 ἐπ’
552 1630 732 1694 οἴκου,
778 1630 883 1693 ἕως
933 1632 1104 1702 μέγας
1150 1632 1374 1702 γένηται
1420 1629 1602 1702 Σιλὼμ
1645 1634 1674 1684 ὁ
1721 1631 1834 1696 υἱὸς

270 1720 456 1785 αὐτοῦ,
486 1720 561 1784 ὼς
606 1721 768 1785 αὐτὸς
818 1720 1116 1792 ληψόμενος
1169 1723 1367 1793 αὐτήν·
1403 1723 1437 1791 ή
1490 1721 1546 1775 δὲ
1589 1721 1834 1775 ἐπείθετο

269 1809 585 1882 προθύμως,
618 1810 784 1874 ἄπαις
819 1811 1053 1881 μένουσα
1083 1810 1175 1863 καὶ
1203 1811 1367 1882 χήρα,
1398 1810 1496 1876 τάς
1536 1810 1629 1864 τοῦ
1667 1809 1835 1865 Ἰούδα

271 1901 586 1973 παρεηυάς
613 1900 943 1972 ἐκδεχομένη
963 1917 975 1930 ·
1009 1901 1083 1963 ὡς
1113 1901 1169 1954 δὲ
1192 1902 1289 1954 ούκ
1318 1901 1488 1971 ἐπῆγε
1520 1903 1639 1964 ταῖς
1663 1902 1836 1969 ἐπαγ-

272 1992 481 2061 γελιαις
506 1992 678 2056 τέλος,
713 1991 805 2045 τοῦ
842 1993 966 2065 περὶ
999 1993 1192 2056 παῖδας
1235 1993 1399 2046 πόθου
1437 1995 1549 2056 τοῖς
1582 1992 1700 2045 τότε
1741 1993 1835 2047 ἀν-

271 2084 510 2157 θρώποις
536 2086 626 2140 διά
660 2085 893 2155 σπουδῆς
921 2085 1210 2157 ἀγομένου,
1239 2086 1333 2138 καὶ
1371 2086 1469 2156 τῆς
1495 2085 1747 2151 ἀτεκνίας
1778 2087 1836 2138 ἐν

268 2179 518 2254 ισχάτοις
546 2182 733 2242 κακοῖς
783 2177 933 2251 παρά
963 2180 1094 2232 πᾶσι
1124 2178 1243 2232 τότε
1268 2178 1684 2250 λελογισμένης,
1720 2179 1836 2232 δια·

268 2262 613 2338 ψευσάμενον
634 2268 767 2338 αὐτῇ
804 2267 1084 2321 συνιδοῦσα
1107 2268 1197 2321 τὸν
1242 2268 1458 2330 Ἰούδαν,
1484 2268 1577 2323 καὶ
1602 2266 1699 2331 τὰς
1730 2268 1836 2321 ἀπὸ

266 2359 363 2414 τοῦ
395 2358 583 2423 παιδὸς
612 2358 831 2422 ἐλπίδας
868 2362 949 2423 εἰς
987 2359 1160 2431 μάτην
1198 2359 1662 2432 παραληφθείσας,
1697 2359 1833 2431 αὕτη

267 2452 571 2508 ἐπιτίθεται
614 2451 692 2522 τῷ
724 2452 903 2525 ἀνδρε-
951 2454 1009 2504 ού
1062 2451 1279 2505 πώποτε
1328 2452 1489 2523 νόμου
1537 2453 1834 2513 Μωῦσέως,

265 2543 388 2596 οὐδέ
420 2560 485 2612 γε
519 2544 832 2615 προφητῶν,
866 2544 985 2597 οὐδὲ
1012 2544 1198 2614 ἑτέρου
1229 2543 1372 2607 τινὸς
1402 2542 1837 2613 ἀπαγορεύοντος

265 2635 338 2689 τὰ
360 2635 616 2690 τοιαύταν
655 2636 889 2691 κᾶπειτα
920 2637 1194 2707 σοφίζεται
1228 2635 1326 2706 τὴν
1360 2635 1420 2699 ἐξ
1456 2634 1620 2689 αὐτοῦ
1656 2635 1838 2688 παιδο-

267 2727 481 2781 ποιῖανο
519 2726 592 2797 μὴ
632 2726 850 2793 δείξασα
893 2727 1023 2795 γοῦν
1055 2725 1251 2796 ἑαυτὴν
1280 2725 1363 2787 τίς
1399 2740 1530 2777 ποτε
1572 2720 1661 2795 ἦν,
1713 2740 1836 2777 συν-

263 2819 443 2875 ελθεῖν
476 2818 624 2890 αύτῷ
653 2820 986 2890 μηχανᾶται*
1022 2817 1154 2886 ὁμοῦ
1188 2818 1248 2870 τὸ
1284 2816 1496 2888 σῶφρον
1524 2816 1584 2871 τὸ
1617 2817 1833 2888 ἑαυτῆς,

264 2911 520 2967 κάκείνου
561 2911 624 2964 τὸ
664 2911 900 2983 ἀκρατὲς
940 2910 1344 2982 ἀπελέγχουσα·
1377 2911 1411 2981 ή
1461 2909 1559 2981 μὲν
1592 2909 1699 2980 γὰρ
1730 2926 1835 2980 μα-

262 3006 420 3076 κροῖς
496 3001 670 3058 ἔτεσιν
715 3001 862 3073 αύτῷ
922 3002 1254 3075 πειθομένη,
1322 3004 1464 3073 χήρα
1533 3002 1626 3054 καὶ
1672 3000 1837 3065 ἄπαις

1928 515 2092 562 stum.
2119 504 2376 561 Servator
2420 506 2563 564 enim
2611 507 2842 564 servatis
2875 507 3128 578 gentibus
3163 520 3494 580 pavet-ten.

1928 599 2032 654 dus
2072 605 2207 655 erat.

2651 667 2766 725 VII.

1930 757 2039 834 Cur
2068 759 2347 815 Thamar-ar
2377 762 2524 830 facta
2554 764 2832 834 mentione,
2864 764 3067 834 nullam
3095 774 3351 834 praeterea
3374 782 3493 821 mo

2000 829 2178 953 tierent
2213 829 2693 886 commemorauerit
2723 831 3009 889 Hatthwus
3039 829 3303 905 fastorum
3336 837 3491 892 laude

2000 916 2016 952 ι
2065 910 2282 953 ustrem.

2000 910 2282 955 tllustrem.

2000 992 2052 1047 1.
2082 991 2405 1048 Thamaram
2454 994 2500 1051 si
2541 993 2667 1065 quis
2701 1008 2799 1049 ceu
2831 994 3172 1051 meretricem
3207 995 3494 1054 traducere

1932 1081 2133 1145 studet,
2191 1080 2239 1138 is
2288 1084 2471 1139 audiat
2526 1082 2721 1140 Judam
2775 1085 3044 1142 dicentem
3085 1105 3099 1141 :
3146 1105 3166 1139 ι
3217 1083 3494 1146 ἸῚιεωοι-ει

1927 1171 2129 1240 justior
2156 1187 2242 1227 me
2278 1180 2382 1241 est,
2418 1174 2513 1244 qui
2563 1191 2673 1231 non
2716 1191 2832 1231 eam
2886 1177 3083 1234 tradidi
3133 1178 3340 1236 Silomo
3384 1179 3494 1239 ﬁlio

1934 1276 2054 1317 meo
2093 1262 2159 1317 ".
2199 1282 2217 1316 ι
2248 1260 2403 1318 Haud
2436 1266 2578 1323 enim
2626 1264 2927 1322 fornicandi
2961 1282 3126 1324 causa
3171 1272 3412 1341 prostitit
3437 1272 3495 1331 in

1933 1352 2092 1417 cella,
2128 1351 2221 1407 sed
2255 1354 2454 1423 pudico
2485 1357 2716 1413 consilio
2761 1366 2815 1412 et
2862 1358 3156 1414 liberorum
3194 1363 3367 1430 gratia
3397 1360 3496 1418 Ju-

1933 1442 2057 1496 dam
2086 1455 2280 1498 venata
2306 1453 2411 1501 est.
2448 1447 2633 1518 Neque
2655 1447 2729 1503 rei
2750 1462 2919 1504 causa
2955 1448 3105 1505 latet.
3129 1449 3266 1507 Huic
3295 1452 3497 1524 quippe

1933 1532 2103 1591 ludas
2122 1536 2478 1591 mandaverat
2503 1536 2649 1592 domi
2681 1546 2740 1592 ut
2759 1546 3026 1602 maneret,
3047 1539 3222 1598 donec
3257 1540 3498 1599 Silomus

1934 1623 2269 1679 adolesceret
2296 1624 2441 1682 ﬁlius
2473 1642 2647 1690 suus,.
2660 1628 2751 1698 qui
2776 1643 2896 1686 eam
2927 1628 3128 1686 deinde
3150 1645 3374 1689 uxorem
3396 1631 3499 1686 du-

1935 1723 2099 1770 ceret.
2132 1718 2254 1785 lpsa
2276 1732 2406 1772 vero
2433 1719 2687 1774 alacriter
2715 1719 3202 1791 ohlemperaverat,
3238 1724 3499 1780 sterilita~

1938 1806 2007 1860 tis
2027 1807 2239 1876 patiens
2263 1815 2426 1878 atque
2450 1808 2757 1870 viduitatis,
2782 1807 2937 1864 Iudae
2970 1813 3359 1883 sponsionibus
3384 1813 3497 1871 fre-

1937 1904 2012 1951 ta.
2040 1896 2146 1953 Sed
2177 1900 2322 1953 enim
2350 1915 2475 1954 cum
2500 1900 2591 1955 hic
2621 1901 2891 1970 promissa
2916 1916 3025 1961 non
3056 1902 3284 1968 faceret,
3317 1905 3411 1959 illa
3434 1905 3502 1960 lie

1936 1989 2190 2044 berorum
2232 1990 2503 2046 desiderio
2534 1993 2760 2061 percita,
2788 1995 2935 2064 quod
2959 2010 3148 2050 eorum
3192 2003 3500 2068 temporum

1936 2081 2185 2138 homines
2218 2085 2453 2139 maxime
2483 2086 2732 2155 urgebat,
2775 2088 3115 2145 sterilitatem
3170 2089 3228 2143 in
3273 2091 3503 2147 summis

1938 2174 2098 2229 malis
2133 2176 2292 2245 vulgo
2333 2191 2537 2246 ponere
2565 2178 2793 2245 solitos;
2822 2195 2992 2249 seque
3024 2196 3056 2235 a
3093 2178 3233 2243 Iuda
3254 2181 3501 2239 dolosam

1938 2265 2203 2330 sentiens,
2233 2265 2549 2338 frustraque
2584 2266 2734 2341 spem
2763 2271 2815 2325 in
2845 2271 2966 2341 ejus
2996 2271 3109 2328 ﬁlio
3142 2274 3498 2341 collocatam;

1936 2356 2055 2426 ipsa
2084 2356 2187 2413 sibi
2222 2357 2401 2412 virum
2433 2360 2712 2425 conciliat,
2745 2362 2897 2420 nulla
2938 2363 3116 2419 adhuc
3146 2365 3262 2436 lege
3300 2363 3504 2438 Moysis

1937 2457 2028 2502 aut
2054 2449 2443 2520 prophetarum
2480 2458 2573 2506 aut
2592 2452 2886 2524 cujuslibet
2914 2454 3152 2511 hominis
3179 2456 3234 2511 id
3263 2463 3501 2516 vetante.

1936 2540 2073 2595 Tum
2109 2543 2340 2600 solerter
2367 2545 2641 2615 excogitat
2672 2562 2910 2619 quanam
2949 2548 3163 2604 ratione
3186 2563 3254 2604 ex
3287 2548 3409 2621 ipso
3439 2550 3506 2610 |i~

1936 2634 2100 2690 heros
2133 2637 2418 2706 suscipiat.
2453 2635 2596 2708 Ergo
2623 2639 2798 2693 celata
2857 2639 3171 2696 conditione
3200 2656 3300 2697 sua
3338 2642 3504 2699 struit
3602 2636 3606 2641 ’

1937 2723 2166 2781 insidias
2188 2734 2247 2780 ut
2270 2742 2392 2783 cum
2416 2743 2481 2783 eo
2510 2744 2622 2783 rem
2650 2729 2878 2797 habeat;
2901 2730 3063 2785 simul
3090 2732 3502 2804 temperantiam

1938 2831 2090 2873 suam
2119 2825 2283 2889 atque
2306 2820 2455 2876 illius
2479 2821 2930 2877 incontinentiam
2965 2832 3313 2895 coargutura.
3336 2823 3504 2880 Nam-

1937 2923 2042 2979 que
2072 2909 2188 2979 ipsa
2219 2908 2348 2964 dum
2383 2911 2571 2966 multis
2615 2912 2775 2967 annis
2817 2912 2895 2967 illi
2947 2912 3305 2985 obtemperat,
3324 2914 3504 2984 _vidua

1939 3000 2251 3071 sterilisque
2300 3010 2677 3072 permanserat
2711 3022 2725 3058 :
2761 3018 2995 3074 cumque
3021 3004 3073 3060 ei
3101 3003 3334 3062 facultas
3359 3018 3506 3065 esset

259 3093 545 3164 διέμενεν
602 3093 736 3147 ἀλλά
779 3095 874 3149 καὶ
926 3095 1098 3164 παρὸν
1148 3090 1427 3163 γήμασθαι
1474 3092 1679 3164 ἑτέρῳ,
1740 3092 1835 3145 καὶ

1941 3093 2177 3152 nubendi
2211 3094 2390 3159 alteri,
2418 3095 2688 3166 matrique
2733 3095 2849 3151 ﬁeri
2887 3096 3185 3152 liberorum
3222 3114 3289 3155 ex
3309 3098 3505 3170 quovis

260 3187 471 3240 τέκνων
526 3185 736 3257 μητέρα
788 3184 852 3239 ἐκ
906 3201 1048 3248 τινος
1121 3181 1439 3252 ἅλλογενοῦς
1502 3181 1837 3252 καταστῆναι

262 3275 479 3349 ἀνδρὸς,
499 3277 560 3329 οὐ
584 3278 725 3329 ποιεῖ
749 3272 906 3329 τοῦτο
926 3291 939 3307 ο
975 3273 1075 3343 τῆς
1097 3272 1203 3327 τῶν
1229 3272 1504 3344 προγόνων
1528 3270 1621 3324 τοῦ
1651 3270 1837 3335 Ἰούδα,

277 3367 534 3440 Ἀϐραὰμ
584 3368 679 3421 καὶ
717 3366 919 3432 Ἰσαάκ,
969 3366 1062 3422 καὶ
1087 3366 1151 3436 δὴ
1200 3366 1293 3440 καὶ
1333 3364 1434 3435 τῆς
1488 3362 1587 3417 ,τοῦ
1626 3362 1841 3438 Ἰσραὴλ

266 3438 589 3528 συγγενείας
621 3458 900 3529 ἐφιεμένηο
934 3459 963 3512 ὁ
990 3456 1047 3510 δὲ
1074 3438 1325 3527 χηρεύειν
1351 3455 1449 3526 τὴν
1472 3453 1637 3508 παῖδα
1670 3468 1841 3511 κατα·

264 3550 442 3604 λιπὼν
465 3591 479 3613 ,
516 3551 611 3608 καὶ
656 3549 822 3621 κόρην
872 3548 1077 3604 ἄπαιδα
1115 3548 1210 3602 ἐπὶ
1246 3546 1489 3617 μακροὺς
1532 3544 1841 3616 ἀναρτήσας

266 3645 516 3715 χρόνους,
546 3645 644 3714 οὐχ
676 3637 785 3707 οἷός
816 3660 876 3697 τε
904 3638 973 3714 ἦν
997 3642 1215 3713 κρατεῖν
1239 3638 1431 3693 ἑαυτοῦ
1457 3637 1593 3709 μετὰ
1614 3637 1713 3709 τὴν
1737 3635 1840 3705 τῆς

266 3736 529 3805 γυναικὸς
559 3737 842 3806 τελευτήν·
887 3733 1001 3788 ἀλλ’
1034 3734 1150 3804 ἅμα
1192 3733 1419 3804 τελευτᾷ
1455 3734 1488 3802 ἡ
1536 3731 1631 3785 τοῦ
1673 3727 1840 3789 Ἰούδα

266 3829 431 3901 γυνὴ,
473 3829 500 3882 ό
530 3828 607 3891 δὲ,
643 3826 868 3901 μηδενός
902 3843 1017 3889 πως
1050 3825 1214 3896 νόμου
1245 3823 1355 3877 τῶν
1394 3822 1612 3877 τοιῶνδε
1650 3819 1842 3892 ἀπείρ-

265 3936 487 3987 γοντος,
523 3918 724 3990 πόρνην
773 3914 1055 3972 ύπολαδὼν
1086 3914 1184 3986 τὴν
1230 3912 1544 3987 εἰρημένην,
1588 3910 1842 3983 ἡλίσκετο

268 4012 412 4082 πρὸς
443 4010 611 4081 αὐτῆς
638 4010 698 4064 ού
734 4008 915 4063 δίκαια
958 4006 1210 4079 πράττων
1230 4027 1243 4037 ο
1270 4006 1360 4076 ,ὃτι
1389 4004 1453 4076 δὴ
1483 4002 1721 4068 τοιοῦτος
1766 4001 1841 4057 ὢν

271 4102 439 4166 αὐτὸς
488 4100 584 4172 τὴν
635 4101 726 4154 ἐπὶ
761 4102 987 4172 μακροῖς
1027 4098 1171 4151 ἔτεσι
1199 4096 1297 4161 τάς
1335 4095 1654 4167 ὑποσχέσεις
1687 4094 1839 4148 ἐκδε-

273 4193 517 4264 ξαμένην
543 4192 641 4256 τὰς
674 4190 857 4256 αὑτοῦ,
893 4190 1176 4260 φιλόσοφόν
1213 4205 1273 4242 τε
1304 4189 1399 4243 καὶ
1449 4186 1698 4260 σώφρονα
1732 4186 1842 4258 βίον

272 4282 735 4355 ὲπιδεδειγμένην,
774 4282 1062 4354 ἀπεστέρει
1094 4280 1185 4336 τοῦ
1219 4280 1347 4354 περὶ
1383 4278 1477 4349 τὴν
1502 4277 1845 4332 παιδοποιϊαν

273 4372 513 4450 καρποῦ.

1939 3186 2261 3255 alienigena,
2297 3201 2405 3240 non
2437 3188 2671 3255 tulerat;
2703 3187 2799 3244 sed
2824 3187 2980 3245 Iuda:
3002 3190 3295 3260 majorum,
3326 3190 3504 3251 Abra-

1938 3276 2083 3332 bami
2096 3292 2311 3347 nempe,
2326 3276 2493 3332 lsaaci
2510 3287 2670 3349 atque
2687 3278 3280 3355 lsraelis,cognatinnes
3295 3285 3507 3346 malue-

1938 3374 2044 3424 rat.
2089 3367 2294 3424 Contra
2338 3367 2386 3422 is
2419 3368 2509 3439 qui
2565 3368 2730 3423 ﬂliam
2782 3369 2841 3424 in
2871 3370 3135 3427 viduitate
3184 3371 3504 3443 reliquerat,

1938 3456 2291 3527 sterilemque
2342 3456 2573 3527 puellam
2606 3457 2663 3513 in
2693 3459 2912 3530 longum
2947 3468 3163 3537 tempus
3191 3461 3504 3526 distulerat,

1938 3559 2243 3620 temperare
2268 3549 2374 3605 sibi
2409 3565 2516 3608 non
2541 3551 2717 3621 potuit
2741 3560 2863 3623 post
2896 3554 3084 3611 uxoris
3113 3554 3345 3617 obitum,
3368 3553 3505 3610 Nam

1940 3642 2125 3697 statim
2159 3657 2224 3697 ac
2250 3640 2404 3697 Judae
2426 3657 2562 3699 uxor
2582 3642 2838 3701 defuncta
2875 3644 3047 3712 est,is
3075 3646 3223 3705 nulla
3270 3644 3505 3702 fortasse

1938 3732 2056 3807 lege
2085 3746 2200 3786 rem
2233 3731 2505 3804 ejusmodi
2552 3732 2873 3805 prohibente
2910 3732 3044 3807 (15),
3071 3735 3200 3792 dum
3243 3733 3503 3795 feminam

1940 3824 2284 3898 meretricem
2318 3840 2442 3881 esse
2472 3825 2772 3889 existimat,
2806 3824 2874 3881 ab
2902 3838 2988 3890 ea,
3030 3825 3119 3881 cui
3150 3825 3330 3881 fuerat
3355 3825 3504 3895 inju-

1939 3918 2076 3983 rius,
2098 3918 2359 3990 deceptus
2381 3927 2466 3975 est
2495 3938 2508 3973 :
2550 3920 2639 3992 qui
2665 3929 2774 3975 tam
2805 3920 3018 3976 lubrico
3045 3924 3262 3994 ingenio
3308 3920 3504 3994 praedi—

1939 4017 2054 4075 tus,
2085 4012 2321 4082 puellam
2345 4018 2425 4067 tot
2466 4010 2580 4082 jam
2625 4013 2783 4068 annis
2813 4013 3271 4083 promissionibus
3293 4013 3414 4084 ejus
3438 4011 3503 4067 fi-

1941 4099 2181 4163 dentem,
2210 4108 2265 4156 et
2294 4101 2552 4156 solitariae
2599 4103 3028 4178 temperantique
3063 4103 3187 4163 vita:
3237 4101 3502 4168 deditam,

1942 4191 2240 4247 liberorum
2267 4190 2447 4248 fructu
2476 4192 2741 4268 privabat.

346 4469 413 4539 β’.
446 4465 626 4539 Ταύτῃ
649 4462 741 4521 οὖν
767 4467 858 4521 τὸν
896 4466 1064 4538 ἄνδρα
1092 4465 1350 4528 ὑποδῦσα,
1380 4467 1442 4518 ὲκ
1469 4462 1690 4537 πρώτης
1715 4463 1837 4533 ὁμι-

2010 4463 2065 4519 2.
2095 4462 2187 4519 Sic
2237 4480 2367 4536 ergo
2417 4463 2709 4529 Thamara,
2741 4464 2977 4536 peractis
3024 4462 3250 4535 nuptiis,
3276 4463 3504 4534 geminae

270 4561 393 4624 λιας
424 4558 642 4631 διδύμου
673 4558 835 4629 γονῆς
878 4556 939 4623 ἐξ
978 4555 1140 4612 αὑτοῦ
1169 4557 1375 4625 γίνεται
1424 4557 1624 4627 μήτηρ,
1653 4552 1842 4608 τοῦτον

274 4654 417 4723 αὐτῇ
449 4649 543 4705 τοῦ
567 4647 702 4704 Θεοῦ
731 4648 939 4720 καρπὸν
969 4648 1066 4719 τῆς
1093 4646 1303 4719 ἀγαθῆς
1331 4647 1637 4717 προθέσεως
1682 4645 1841 4700 ἕνεκα

273 4741 651 4815 δεδωρημένου
670 4758 683 4770 ·
734 4738 910 4811 παρὸν
958 4738 1067 4808 γὰρ
1116 4737 1295 4801 ἀλλοις
1338 4738 1537 4810 ἑαυτὴν
1577 4739 1805 4810 ἀγαγεῖν
1823 4778 1838 4803 ,

273 4834 372 4888 καὶ
392 4833 594 4905 ἑτέροις
619 4828 932 4900 ἀλλοφύλοις
954 4829 1047 4882 καὶ
1072 4826 1292 4881 ἀσεϐέσι
1316 4827 1666 4900 συναφθῆναι,
1684 4827 1842 4882 τοῦτο

276 4928 381 4999 μὲν
418 4927 481 4980 οὐ
513 4924 758 4997 διενοήθη
779 4938 793 4952 ·
827 4921 919 4975 τοῦ
949 4921 1005 4975 δὲ
1030 4919 1136 4973 τῶν
1173 4917 1431 4990 θεοφιλῶν
1463 4919 1650 4988 γένους
1676 4920 1841 4992 εὐχὴν

274 5019 481 5091 θεμένη
513 5014 932 5085 καταξιωθῆναι,
984 5015 1185 5085 καίπερ
1227 5009 1360 5067 οὖσα
1400 5012 1713 5082 ἀλλόφυλος,
1742 5012 1840 5085 τὴν

271 5110 543 5181 τοσαύτην
577 5107 1008 5163 συνεσκευάσατο
1054 5104 1492 5177 δραματουργιαν
1510 5121 1523 5136 ·
1578 5104 1641 5157 ού
1704 5104 1840 5177 πρό-

273 5220 435 5275 τερον
476 5201 533 5256 δὲ
578 5203 612 5272 ἠ
661 5200 859 5271 Θάμαρ
891 5197 1090 5268 ἐτόλμα
1144 5200 1396 5269 παρεῖναι
1449 5195 1541 5249 ἐπὶ
1585 5195 1682 5266 τὴν
1745 5195 1839 5250 τοῦ

345 5340 395 5371 ⁸⁷
432 5336 571 5393 Gen.
605 5351 814 5391 xxxvm
835 5374 850 5399 ,
879 5334 969 5391 $6.

348 5447 467 5517 (l5)
506 5444 667 5517 Quod
688 5442 762 5500 ait
790 5443 1055 5502 Eusebius
1086 5444 1245 5517 nulla
1266 5442 1507 5517 fortasse
1526 5441 1703 5517 adhuc
1725 5443 1840 5515 lege

276 5511 613 5592 prohibitum
633 5515 670 5592 _f
673 5520 817 5571 uisse
840 5531 869 5570 a
896 5513 1186 5592 sgortando
1216 5511 1435 5592 ludam,
1456 5513 1509 5567 id
1535 5511 1840 5583 intelligen-

278 5583 411 5644 dum
433 5586 607 5642 estde
633 5586 750 5656 lege
773 5586 916 5654 apud
937 5583 1256 5656 Palaestinos
1290 5583 1528 5656 publica,
1558 5598 1677 5656 qua:
1700 5599 1838 5656 non:

278 5659 410 5713 dum
467 5653 709 5712 fortasse
752 5653 1033 5726 proposita
1090 5653 1664 5726 fuerat.'Caeteroquin
1693 5654 1835 5726 apud

281 5730 577 5801 plerasque
627 5723 815 5796 gemas
857 5723 1032 5794 atque
1084 5724 1232 5778 omni
1283 5731 1524 5794 tempore
1573 5723 1835 5779 scortatio

595 5818 867 5878 ΡΔτιιοι..
900 5817 1015 5879 Gn.
1053 5816 1253 5877 XXII.

1944 4555 2126 4610 statim
2158 4556 2327 4626 prolis
2373 4563 2547 4610 mater
2570 4556 2775 4624 evasit;
2811 4556 2915 4611 hoc
2953 4555 3030 4610 illi
3052 4554 3333 4626 praemium
3371 4554 3501 4610 boni

1943 4648 2208 4719 propositi
2245 4648 2509 4718 largiente
2539 4646 2670 4702 Deo.
2703 4646 2833 4714 Quae
2873 4647 3017 4702 enim
3047 4645 3169 4702 aliis
3188 4660 3249 4702 se
3288 4645 3501 4702 tradere

1944 4744 2225 4808 potuerat,
2277 4745 2442 4808 atque
2505 4738 2728 4795 amasiis
2796 4737 3114 4810 alienigenis
3158 4736 3503 4807 ethnicisque

1944 4829 2049 4886 frui
2074 4868 2089 4895 ,
2115 4830 2248 4884 nihil
2266 4828 2538 4900 ejusmodi
2579 4830 2766 4885 molita
2793 4837 2918 4886 est:
2953 4829 3047 4886 sed
3073 4828 3257 4900 potius
3292 4830 3505 4901 rogavit

1942 4928 2003 4976 ut
2028 4921 2245 4993 piorum
2276 4920 2556 4976 hominum
2584 4936 2778 4993 genere
2806 4922 2968 4993 digna
2995 4920 3164 4976 ﬂeret.
3187 4918 3255 4975 Et
3281 4919 3501 4992 quidem

1942 5026 2065 5066 cum
2088 5011 2203 5081 ipsa
2240 5018 2386 5067 esset
2406 5011 2576 5082 stirpe
2606 5011 2928 5083 alienigena,
2957 5009 3117 5066 talem
3140 5017 3361 5081 tamque
3385 5009 3504 5064 lau-

1942 5103 2176 5159 dabilem
2233 5116 2517 5174 personam
2598 5102 2876 5161 sustinuit.
2906 5098 3300 5173 Praeterquam
3357 5098 3501 5172 quod

1942 5196 2211 5254 Thamara
2238 5194 2384 5252 haud
2410 5196 2563 5267 prius
2598 5209 2732 5252 ausa
2751 5201 2837 5251 est
2872 5208 2985 5250 rem
3016 5191 3216 5249 habere
3243 5204 3368 5247 cum
3402 5188 3501 5246 Ju-

1980 5440 2269 5512 ropudjosa
2304 5439 2405 5496 fuit
2436 5447 2491 5512 et
2506 5438 2733 5512 illicita.
2762 5435 2949 5512 Neque
2971 5435 3025 5491 id
3047 5447 3267 5512 mirum,
3290 5432 3506 5493 dicente

1980 5457 2269 5512 ropuamsa
2304 5457 2405 5496 lutt
2436 5457 2491 5496 et
2521 5457 2730 5494 tutcua.
2764 5457 2949 5504 neque
2972 5457 3025 5491 lu
3047 5457 3267 5498 mirum,
3290 5457 3505 5493 urceum

1939 5457 2108 5567 Baulo
2136 5508 2154 5564 Ι
2188 5509 2317 5566 Cor.
2368 5524 2443 5573 vt,
2466 5508 2551 5574 l8,
2588 5508 2676 5584 qui
2706 5507 3020 5584 fornicatur,
3048 5505 3103 5558 in
3133 5518 3323 5584 corpus
3349 5517 3505 5584 suae}

1937 5590 2148 5648 peccat,
2200 5569 2547 5650 quoisu'per'
2580 5569 2729 5635 dicto
2774 5574 2973 5648 legetis
3007 5569 3503 5645 'sancti'Gregorli

1938 5649 2167 5708 stseni
2205 5649 2522 5705 orationem.

3109 5805 3185 5866 '29
