3830 6260
333 328 437 384 9οἸ

1049 321 1317 381 EUSEBII
1355 322 1834 379 CIESARIENSIS
1870 322 2021 378 OPP.
2062 321 2242 377 PARS
2276 319 2367 376 ill.
2400 326 2473 365 -ῗσ
2508 320 2917 382 EXEGETICA.

3479 329 3580 387 908

331 446 424 512 da,
455 460 619 518 quam
662 444 826 516 hujus
850 459 988 499 uxor
1021 444 1157 498 obiit
1192 464 1205 499 :
1249 459 1353 515 qua
1400 444 1643 500 nondum
1699 444 1887 498 exstin-

2019 442 2183 496 Ἰούδα
2211 442 2521 509 κοινωνίαν,
2550 444 2583 515 ἢ
2622 443 2865 497 ἐκποδὼν
2897 444 3144 512 γενέσθαι
3181 446 3281 517 τὴν
3311 449 3581 518 προτέραν

331 545 441 601 cta,
469 536 575 590 tale
612 536 743 605 quid
767 532 984 605 aggredi
1018 532 1173 590 nefas
1190 550 1312 590 esse
1337 542 1640 605 putaverat.
1677 532 1907 588 Mansis-

332 631 417 679 set
446 623 630 694 itaque
679 624 853 693 patria
904 622 959 676 in
993 623 1156 678 domo
1183 625 1269 679 vel
1302 632 1564 695 perpetuo
1611 625 1904 679 literarum

284 727 289 732 ‘
330 731 549 785 expers,
598 715 706 768 nisi
747 715 1097 770 occasionem
1149 716 1253 773 sibi
1300 715 1482 772 favere
1530 717 1901 788 cognovisset;

330 807 583 876 ideoque,
613 813 673 861 ut
695 806 830 871 dixi,
871 806 983 863 Deo
1013 823 1111 864 usa
1150 818 1236 865 est
1264 810 1532 879 adjutore,
1565 814 1656 882 qui
1689 826 1753 867 ex
1794 827 1905 866 uno

329 911 453 951 cum
485 896 625 951 Juda
655 912 954 968 congressu
988 899 1228 970 gemellae
1270 901 1437 970 prolis
1492 902 1825 956 cumulatum
1853 902 1904 957 ei

328 989 559 1060 largitus
580 998 663 1045 est
692 990 965 1046 fructum:
997 992 1158 1047 simul
1189 992 1245 1047 in
1267 993 1563 1048 liberorum
1600 994 1905 1065 generatio-

328 1098 398 1138 ne
453 1098 709 1138 arcanam
742 1085 1091 1153 machinans
1142 1086 1539 1156 providentiam
1583 1105 1597 1141 :
1633 1086 1702 1141 ob
1739 1102 1901 1157 quam

326 1175 675 1245 petissimum
710 1177 963 1232 existimo
991 1177 1059 1233 ab
1093 1177 1297 1249 inclyto
1320 1178 1650 1249 evangelista
1684 1193 1899 1234 omnem

324 1266 494 1336 hujus
523 1267 602 1322 rei
632 1269 963 1324 mentionem
996 1270 1052 1323 in
1099 1270 1409 1325 Servatoris
1444 1270 1619 1326 nostri
1646 1271 1901 1341 genealo-

324 1356 414 1427 gia
439 1357 608 1413 fuisse
637 1360 1111 1429 comprehensam.
1140 1359 1397 1419 Gemellis
1429 1362 1574 1416 enim
1602 1378 1632 1417 e
1665 1360 1900 1417 Thama-

323 1467 388 1507 ra
418 1452 561 1506 natis
592 1451 782 1507 liberis
813 1451 949 1506 Zara
974 1459 1028 1507 et
1055 1451 1280 1519 Phares,
1307 1469 1415 1509 non
1455 1455 1708 1525 vulgares
1736 1470 1901 1510 even-

323 1551 418 1598 tus
457 1542 673 1600 videtur
705 1544 837 1597 mihi
871 1559 934 1598 ex
976 1544 1171 1598 horum
1204 1546 1559 1615 generatione
1615 1546 1897 1618 Scriptura

325 1636 672 1705 portendere.
704 1636 881 1706 Atque
910 1635 1116 1690 idcirco
1149 1635 1432 1694 Mattheus
1463 1641 1748 1695 amborum
1771 1655 1894 1696 cum

323 1733 498 1779 matre
540 1725 787 1779 meminit
816 1725 904 1779 his
928 1725 1108 1781 verbis
1136 1745 1147 1780 :
1177 1745 1194 1778 ι
1212 1726 1383 1783 Judas
1406 1730 1591 1798 genuit
1609 1729 1815 1786 Phares
1841 1740 1894 1786 et

2009 535 2170 588 αὐτοῦ
2211 535 2489 606 γαμετήν·
2526 535 2632 606 πρὸ
2664 536 2758 589 τοῦ
2799 536 3001 607 ταύτης
3043 535 3272 592 θανάτου
3312 538 3413 609 οὐχ
3438 539 3583 595 ὅσιον

2007 626 2283 698 ἡγουμένη
2316 626 2377 679 τὸ
2405 628 2741 699 ἐπιχείρημα
2764 645 2776 657 ·
2813 627 2973 699 ἔμενε
3002 628 3132 699 γοῦν
3171 631 3301 702 παρ’
3327 632 3500 703 ἑαυτῇ
3528 634 3582 686 ἐν

2004 719 2083 791 τῷ
2114 720 2246 790 οἴκῳ
2276 716 2370 771 τοῦ
2394 719 2600 791 πατρὸς
2626 721 2813 792 αὐτῆς,
2843 721 3041 793 καίπερ
3067 717 3203 777 οὖσα
3230 722 3460 788 ἄτεκνος
3480 723 3582 777 κᾶν

2008 810 2168 883 μέχρι
2200 811 2383 874 τέλους
2409 810 2576 876 ἄπαις
2602 811 2866 884 διέμενεν,
2906 815 2955 867 εί
2989 815 3065 887 μὴ
3096 816 3188 869 τὸν
3219 816 3412 888 καιρὸν
3442 817 3579 888 αὐτῇ

2007 902 2363 956 συλλαὸέσθαι
2413 905 2684 974 ἡγήσατο·
2724 905 2803 959 διὸ
2848 905 2934 977 δὴ,
2981 906 3056 970 ὡς
3085 906 3241 977 ἔφην,
3276 907 3412 962 Θεοῦ
3453 925 3584 962 κατ-

2005 993 2246 1059 αξιοῦται
2285 995 2569 1069 συνεργοῦ,
2599 998 2655 1060 ὃς
2687 999 2750 1050 ἐκ
2788 999 2913 1069 μιᾶς
2947 998 3042 1052 τοῦ
3076 998 3243 1053 Ἰούδα
3272 999 3580 1066 κοινωνίας,

2003 1086 2209 1141 παίδων
2259 1087 2398 1160 αὐτῇ
2452 1087 2644 1143 διττῶν
2693 1088 2904 1162 ἀθρόως
2953 1091 3266 1163 ἐδωρήσατο
3322 1093 3544 1166 καρπόν
3566 1111 3579 1124 ·

2002 1178 2137 1250 όμοῦ
2187 1179 2316 1251 περὶ
2361 1178 2458 1251 τὴν
2494 1179 2603 1234 τῶν
2651 1180 2853 1234 παίδων
2906 1181 3117 1250 γένεσιν
3178 1182 3583 1256 μυστηριώδεις

2001 1270 2260 1324 ἐπιτελῶν
2292 1271 2631 1344 οἰκονομίας·
2673 1274 2740 1328 δι’
2773 1273 2841 1337 ἃς
2882 1275 2977 1328 καὶ
3008 1270 3162 1347 οἶμαι
3205 1276 3441 1347 μάλιστα
3490 1277 3583 1329 τὸν

2002 1361 2300 1432 θαυμάσιον
2346 1363 2731 1437 εὐαγγελιστὴν
2766 1366 2862 1437 τὴν
2913 1369 3089 1420 πᾶσαν
3143 1369 3362 1440 μνήμην
3394 1368 3583 1422 αὐτῶν

2000 1457 2065 1525 τῇ
2108 1454 2201 1507 τοῦ
2250 1456 2499 1527 Σωτῆρος
2544 1457 2702 1528 ἡμῶν
2752 1459 3177 1531 συμπεριλαϐεῖν
3218 1460 3578 1532 γενεαλογία-

1998 1546 2235 1618 διδύμων
2264 1547 2372 1619 γὰρ
2421 1548 2626 1603 παίδων
2684 1549 2741 1616 ἐξ
2794 1551 2963 1622 αὐτῆς
3016 1553 3339 1624 γενομένων,
3363 1553 3464 1609 τοῦ
3517 1571 3582 1610 τι

1999 1642 2148 1711 Ζαρξὶ
2178 1643 2271 1695 καὶ⁴
2301 1640 2395 1694 τοῦ
2424 1642 2617 1714 Φαρὲς,
2649 1642 2709 1695 ού
2730 1642 2798 1696 τὰ
2822 1644 3046 1714 τυχόντα
3076 1663 3168 1717 μοι
3196 1645 3343 1700 δοκεῖ
3368 1648 3436 1701 ἐκ
3475 1647 3579 1720 τῆς

1997 1730 2201 1784 τούτων
2239 1731 2508 1800 γενέσεως
2545 1736 2573 1787 6
2605 1733 2705 1803 τῆς
2747 1734 2969 1806 Γραφῆς
3000 1737 3329 1792 αἰνίττεσθαι
3380 1739 3576 1807 λόγος·

325 1813 516 1867 Zaram
538 1815 604 1868 de.
621 1813 879 1869 Thamar.
906 1835 924 1867 ι
945 1814 1063 1869 Cur’
1078 1816 1225 1870 enim
1242 1818 1292 1871 ei
1313 1834 1420 1872 non
1451 1818 1662 1875 suffecit
1689 1820 1887 1885 dicere,

1996 1821 2076 1875 διὸ
2114 1823 2206 1875 καὶ
2252 1824 2450 1894 ἀμφοῖν
2504 1800 2885 1895 μνημονεῦσαι⁷
2914 1800 3003 1880 τὸν
3042 1828 3318 1883 Ματθαῖον
3366 1800 3471 1903 τῆς
3516 1800 3578 1886 τε

321 1905 491 1962 Judas
524 1908 710 1976 genuit
750 1906 995 1962 Phares?
1022 1910 1389 1978 praetermisso
1420 1910 1557 1964 Zara
1584 1951 1600 1976 ,
1626 1912 1771 1983 quod
1817 1912 1888 1967 fe-

323 2001 398 2053 cit
431 2002 484 2054 in
535 1999 760 2066 Iacobo,
793 2016 901 2072 quo
956 2016 1066 2055 uno
1115 2011 1439 2070 memorato,
1497 2000 1731 2058 Esavum
1772 2004 1896 2059 reti-

323 2093 457 2147 cuit.

390 2363 443 2416 3.
476 2362 640 2417 Addit
665 2364 829 2418 etiam
860 2380 927 2420 ex
960 2379 1066 2435 qua
1103 2371 1278 2417 matre
1309 2361 1420 2417 sint
1449 2362 1583 2426 nati,
1618 2377 1811 2432 nempe
1829 2377 1893 2417 ex

320 2454 649 2510 Thamara:
705 2457 904 2526 quibus
959 2457 1139 2511 verbis
1193 2456 1440 2510 hortatur
1499 2453 1897 2523 quodammodo

320 2562 420 2602 nos
459 2547 523 2601 ad
549 2548 1005 2603 considerandam
1054 2548 1248 2602 horum
1300 2547 1612 2602 historiam.
1651 2546 1763 2616 Age
1811 2561 1896 2600 ve-

318 2654 383 2694 ro
444 2638 498 2693 in
559 2638 757 2694 Genesi
809 2638 1023 2711 Moyses
1071 2640 1185 2695 litec
1231 2639 1308 2693 ait
1338 2655 1350 2692 :
1385 2656 1403 2689 ι
1437 2636 1573 2693 Cum
1608 2636 1721 2708 jam
1751 2644 1895 2692 esset

318 2732 566 2802 paritura
613 2730 907 2795 Thamara,
960 2733 1175 2802 gemelli
1219 2737 1378 2787 erant
1419 2731 1474 2784 in
1524 2740 1680 2785 utero
1727 2729 1891 2799 ejus:

318 2825 558 2895 dumque
580 2832 976 2893 pareret,unus
1002 2824 1229 2894 protulit
1255 2838 1502 2888 manum,
1534 2838 1642 2892 qua
1676 2829 1894 2892 arrepta

318 2916 587 2971 obstetrix
636 2916 880 2987 alligavit
913 2916 961 2970 ei
1017 2917 1305 2971 coccinum
1338 2916 1530 2970 dicens
1563 2934 1575 2970 :
1615 2914 1714 2970 ilic
1744 2917 1894 2985 prior

317 3008 507 3063 exibit.
543 3006 649 3063 Sed
680 3009 825 3063 enim
855 3023 920 3063 eo
940 3009 1251 3063 retrahente
1275 3024 1519 3073 manum,
1554 3008 1737 3062 statim
1761 3007 1895 3062 exiit

316 3098 486 3153 fi-ater
508 3098 647 3168 ejus.
678 3100 875 3169 Aitque
925 3100 1159 3153 mulier:
1192 3100 1302 3155 Cur
1336 3099 1510 3154 divisa
1548 3105 1632 3154 est
1670 3107 1891 3169 propter

316 3200 373 3247 te
407 3193 678 3246 maceria?
723 3191 969 3263 dixitque
1006 3207 1201 3247 nomen
1240 3192 1361 3262 ejus
1412 3190 1640 3247 Phares.
1683 3190 1887 3246 Deinde
1917 3188 1957 3207 “

315 3300 572 3353 egressus
621 3294 702 3340 est
733 3284 899 3341 frater
928 3285 1068 3356 ejus,
1103 3286 1157 3340 in
1179 3286 1336 3356 cujus
1366 3300 1529 3339 manu
1563 3293 1679 3338 erat
1702 3285 1885 3338 cocci-

314 3392 448 3431 num
483 3396 495 3431 :
538 3378 863 3447 vocavitque
911 3393 1109 3434 nomen
1142 3378 1268 3447 ejus
1322 3377 1517 3432 Zaram
1548 3377 1614 3432 ³⁸.
1646 3395 1665 3428 ι
1722 3374 1886 3432 Vides

315 3469 595 3542 generatio
624 3471 1011 3540 przedictorum
1064 3478 1264 3541 quanta
1323 3470 1618 3535 contineat,
1652 3485 1886 3541 quorum

315 3576 481 3618 causa
506 3561 698 3633 opinor
728 3578 835 3618 non
868 3579 990 3619 esse
1023 3563 1241 3619 silentio
1274 3578 1461 3634 pressa
1489 3579 1607 3634 qua!
1637 3563 1776 3634 apud
1802 3564 1887 3618 in-

315 3646 523 3727 clytum
555 3655 944 3725 evangelistam
977 3654 1358 3724 significantur
1389 3655 1458 3709 ab
1491 3654 1575 3709 bis
1602 3654 1882 3725 mysteria.
1909 3699 1913 3703 .

312 3744 501 3816 Itaque
528 3761 685 3802 sacer
713 3746 1010 3815 Apostolus
1041 3746 1367 3800 vocabulum
1412 3745 1666 3801 maceriae
1715 3746 1885 3800 inter-

310 3849 534 3910 pretans
583 3839 658 3909 (et
700 3838 921 3908 quidem
963 3837 1195 3894 fortasse
1232 3853 1343 3908 quo
1390 3838 1512 3894 loco
1538 3838 1745 3892 dictum
1777 3846 1882 3903 est,

311 3945 414 3985 cur
445 3929 618 3984 divisa
646 3936 728 3984 est
762 3935 984 3999 propter
1018 3936 1068 3984 te
1121 3928 1418 3998 maceria)?
1452 3928 1531 3983 sic
1562 3929 1638 3983 ait
1666 3929 1722 3983 in
1758 3927 1884 3998 Epi-

312 4021 457 4075 stola
484 4020 553 4074 ad
583 4019 850 4089 Ephesios
884 4038 898 4073 :
943 4037 961 4070 ‹
991 4019 1111 4089 Ipse
1134 4021 1280 4073 enim
1307 4027 1391 4075 est
1420 4034 1525 4089 pax
1544 4029 1745 4085 vestra,
1789 4018 1881 4090 qui
1912 4086 1915 4087 ν

312 4111 443 4167 fecit
489 4119 720 4181 utraque
748 4126 938 4174 unum,
968 4118 1022 4166 et
1051 4111 1288 4165 medium
1324 4110 1587 4180 parietem
1633 4111 1883 4165 maceriae

314 4204 553 4268 solvens,
582 4202 899 4257 inimicitias
930 4202 985 4256 in
1030 4217 1195 4257 carne
1235 4218 1356 4267 sua,
1388 4202 1560 4272 legem
1595 4203 1881 4257 mandato-

310 4311 436 4351 rum
471 4294 707 4351 decretis
740 4310 1035 4362 evacuans,
1072 4302 1131 4348 ut
1164 4294 1303 4350 duos
1331 4296 1530 4350 condat
1579 4296 1634 4349 in
1680 4306 1874 4351 semet-

309 4389 431 4458 ipso
461 4388 515 4443 in
548 4403 713 4442 unum
753 4403 951 4442 novum
987 4387 1296 4451 hominem;
1324 4395 1379 4443 et
1407 4388 1724 4443 reconciliet
1766 4404 1880 4442 am-

310 4480 411 4540 bos
437 4483 495 4539 in
525 4497 632 4537 uno
655 4496 882 4552 corpore
916 4480 1025 4537 Deo
1042 4483 1110 4535 '9.
1150 4501 1167 4533 ι

378 4659 434 4714 4.
470 4657 588 4713 Jam
613 4674 742 4713 vero
765 4658 851 4713 his
894 4665 1129 4713 mentem
1174 4658 1480 4724 intendens,
1516 4661 1718 4716 videsis
1748 4678 1875 4716 num

309 4749 450 4805 forte
517 4749 752 4804 duorum
811 4748 1195 4819 praedictorum
1249 4751 1540 4820 celtjuncta
1600 4752 1875 4818 nativitas,

308 4861 505 4915 nempe
537 4852 591 4899 et
620 4842 825 4897 Phares
857 4850 1078 4912 propter
1126 4858 1285 4912 quem
1343 4842 1484 4898 facta
1543 4853 1626 4900 est
1657 4846 1874 4913 divisio,

307 4949 363 4994 et
414 4936 615 5009 prioris
662 4936 753 5005 qui
794 4950 1014 4988 manum
1051 4936 1346 5005 protendit,
1399 4937 1669 5006 posterior
1696 4949 1875 4994 autem

307 5030 464 5095 exiit,
493 5026 762 5100 signiﬁcet
792 5028 1025 5101 duarum
1056 5027 1291 5082 vitarum
1314 5045 1534 5100 genera,
1560 5032 1762 5101 quibus
1786 5035 1873 5089 usi

307 5129 435 5176 sunt
469 5121 546 5175 illi
576 5120 824 5174 homines
853 5121 945 5189 qui
970 5118 1136 5175 Deum
1159 5117 1374 5191 Patrem
1414 5123 1619 5189 habere
1664 5140 1877 5181 merue-

307 5220 466 5280 runt;
491 5212 688 5281 partim
721 5211 776 5264 in
818 5209 1132 5289 Evangelio,
1166 5213 1365 5283 partim
1405 5213 1459 5268 in
1488 5216 1605 5287 lege
1638 5215 1874 5273 Mosaica

308 5307 640 5362 victitantes.
672 5307 731 5360 ln
765 5306 848 5360 his
882 5306 1033 5374 prior
1065 5319 1283 5359 manum
1318 5308 1546 5376 protulit
1572 5310 1676 5363 vita
1708 5326 1875 5365 evan-

306 5398 511 5469 gelica;
538 5414 714 5469 neque
749 5404 928 5453 tamen
974 5397 1162 5453 eadem
1213 5398 1268 5453 in
1312 5399 1488 5456 lucem
1533 5402 1682 5473 prior
1710 5406 1875 5474 exiit;

308 5488 403 5544 sed
432 5503 596 5541 manu
631 5496 887 5552 retracta,
934 5488 1056 5542 vita:
1111 5487 1383 5556 Mosaicae,
1438 5506 1560 5561 qua:
1607 5497 1877 5563 posterior

306 5580 444 5642 erat,
476 5576 715 5644 permisit
755 5576 943 5645 primae
979 5576 1146 5634 exire.
1186 5576 1277 5633 Sic
1308 5580 1397 5634 illa
1424 5595 1544 5650 quae
1569 5584 1870 5653 priorerat,

374 5750 420 5781 “
494 5748 628 5807 Gen.
662 5763 904 5812 xxxvut,
941 5749 1127 5809 27—50.
1203 5755 1247 5787 ι’
1285 5754 1483 5826 Ephes.
1525 5773 1601 5822 ιι,
1643 5761 1830 5819 ιιι-ιθ.

1996 1914 2201 1967 τούτων
2258 1916 2462 1987 μητρὸς
2505 1917 2725 1971 εἰπόντα
2766 1938 2784 1970 ι
2830 1920 3028 1985 Ἰούδας
3077 1922 3134 1975 δέ
3170 1923 3429 1996 ἐγέννησε
3482 1925 3578 1979 τὸν

1996 2008 2147 2077 Ζαρᾶ
2177 2009 2239 2059 ἐκ
2259 2006 2358 2077 τῆς
2384 2008 2598 2082 Θάμαρ·
2627 2029 2644 2061 ι
2676 2010 2763 2065 διὰ
2784 2012 2837 2064 τί
2869 2012 2977 2083 γὰρ
3006 2013 3105 2068 οὐκ
3120 2015 3362 2090 ἠρκέσθη
3381 2018 3572 2088 φάναι,

2010 2098 2207 2162 Ἰούδας
2251 2100 2507 2173 ἐγέννησε
2540 2102 2631 2156 τὸν
2660 2105 2862 2176 Φαρὲς,
2910 2107 3229 2176 παραλιπὼν
3259 2110 3349 2166 τὸν
3396 2115 3571 2185 Ζαρᾶ,

1995 2192 2132 2262 ὅπερ
2187 2195 2482 2264 πεποίηκεν
2531 2196 2624 2249 ἐπὶ
2664 2197 2759 2250 τοῦ
2818 2200 3043 2267 Ἰακὼ6;
3098 2203 3260 2273 μόνου
3313 2206 3421 2278 γὰρ
3477 2208 3571 2262 τοῦ

2008 2283 2198 2337 Ἰακὼὸ
2225 2284 2502 2356 μνησθεὶς,
2538 2288 2831 2361 ἀποσιωπᾷ
2848 2292 2938 2345 τὸν
2977 2293 3164 2347 Ἠσαῦ.
3224 2279 3239 2291 ’

2064 2373 2129 2444 γ’.
2172 2377 2502 2448 Προστίθησι
2533 2378 2589 2431 δέ
2611 2381 2704 2434 καὶ
2727 2382 2833 2435 ἀπὸ
2865 2383 3009 2448 τίνος
3048 2386 3272 2459 μητρὸς,
3306 2386 3480 2456 λέγων
3505 2392 3568 2442 ἐκ

1993 2467 2094 2536 τῆς
2120 2468 2333 2541 Θάμαρ,
2367 2472 2697 2541 παρακαλῶν
2731 2475 3123 2546 ἐπισκέψασθαι
3156 2480 3253 2552 τὴν
3285 2483 3413 2552 περὶ
3444 2483 3567 2534 τού-

1994 2578 2101 2613 των
2134 2563 2374 2634 ἱστορίαν
2394 2581 2408 2595 ο
2450 2565 2646 2635 γράφει
2668 2566 2798 2635 γοῦν
2826 2570 2854 2621 6
2878 2570 3120 2641 Μωῦσῆς
3149 2572 3207 2624 ἐν
3244 2574 3310 2643 τῇ
3349 2574 3565 2627 Γενέσει

1995 2651 2194 2720 λέγων·
2231 2673 2249 2704 ι
2289 2654 2535 2722 Ἐγένετο
2569 2655 2625 2709 δέ
2659 2657 2820 2728 ἡνίκα
2849 2658 3027 2712 ἔτικτε
3055 2660 3271 2732 Θάμαρ,
3303 2662 3399 2715 καὶ
3438 2662 3563 2735 τῇδε

1992 2740 2059 2815 ἦν
2089 2744 2285 2816 δίδυμα
2341 2746 2399 2798 ἐν
2430 2750 2495 2819 τῇ
2542 2751 2740 2820 γαστρί⁸
2785 2751 2988 2821 αὐτῆς’
3035 2754 3254 2821 ἐγένετο
3291 2754 3348 2809 δέ
3402 2756 3563 2828 ἐντῷ

1992 2836 2198 2891 τίκτειν
2225 2839 2411 2909 αὐτὴν,
2438 2842 2467 2893 6
2490 2834 2569 2904 εἷς
2594 2841 2958 2914 προεξήνεγκε
2980 2845 3080 2916 τὴν
3113 2850 3270 2920 χεῖρα
3288 2864 3304 2878 ο
3327 2847 3562 2904 λαϐοἷσα

1991 2922 2047 2975 δέ
2081 2925 2113 2993 ἡ
2150 2926 2307 2995 μαῖα,
2344 2926 2531 2997 ἔδησεν
2580 2929 2671 2982 ἐπὶ
2720 2930 2817 3003 τὴν
2871 2937 3025 3004 χεῖρα
3078 2937 3242 2990 αὐτοῦ
3291 2938 3558 3003 κόκκινον,

1992 3014 2242 3085 λέγουσα,
2277 3014 2429 3083 οὗτος
2461 3022 2905 3092 προεξελεύσεται
2929 3027 3191 3100 πρότερος
3210 3047 3223 3060 ·
3250 3031 3325 3095 ὡς
3356 3032 3415 3085 δὲ
3441 3034 3557 3086 ἐπι-

1995 3109 2267 3179 συνήγαγε
2293 3110 2390 3181 τὴν
2420 3115 2595 3182 χεῖρα,
2626 3114 2785 3180 εὐθὺς
2808 3116 3028 3187 ἐξῆλθεν
3045 3121 3074 3172 6
3099 3120 3324 3191 ἀδελφὸς
3356 3123 3519 3177 αὑτοῦ
3541 3112 3554 3153 ³

1990 3201 2021 3268 ἡ
2054 3199 2110 3252 δέ
2141 3196 2294 3254 εἶπεν
2318 3218 2330 3231 ·
2362 3203 2414 3255 τί
2446 3203 2667 3277 διεκόπη
2699 3205 2787 3259 διὰ
2814 3208 2873 3261 σὲ
2907 3211 3193 3282 φραγμός;
3218 3214 3311 3266 καὶ
3335 3214 3555 3269 ἐκάλεσε

1988 3290 2047 3343 τὸ
2092 3292 2260 3363 ὄνομα
2292 3293 2454 3347 αὐτοῦ
2488 3297 2694 3368 Φαρέςο
2726 3301 2819 3352 καὶ
2868 3302 3006 3370 μετὰ
3049 3303 3209 3356 τοῦτο
3259 3305 3484 3374 ἐξῆλθεν
3528 3309 3556 3362 6

1987 3383 2213 3452 ἁδελφὸς
2244 3385 2429 3450 αὑτοῦ,
2462 3389 2547 3457 ἐφ’
2648 3390 2740 3443 ἐπὶ
2776 3394 2841 3462 τῇ
2875 3394 3020 3463 χειρὶ
3063 3395 3229 3449 αὑτοῦ
3276 3397 3552 3453 κόκκινον·

1988 3478 2080 3529 καὶ
2112 3476 2337 3531 ἐκάλεσε
2355 3478 2417 3531 τὸ
2442 3469 2805 3551 ὅνομάάὑτοῦ
2830 3486 3031 3556 Ζαρᾶ.»
3068 3487 3230 3559 Ὁρᾷς
3255 3491 3430 3545 ὁπόσα
3455 3491 3554 3546 τῶν

1986 3569 2288 3639 εἰρημένων
2320 3574 2352 3642 ἡ
2383 3571 2596 3639 γένεσις
2622 3577 2896 3647 περιέχει;
2925 3572 3000 3632 ὧν
3029 3579 3189 3633 ἕνεκα
3214 3582 3457 3654 ἡγοῦμαι
3486 3582 3551 3656 μὴ

1986 3664 2511 3736 παρασεσιωπῆσθαι
2564 3666 2630 3721 τὰ
2664 3670 2813 3741 παρὰ
2865 3670 2943 3742 τῷ
2998 3672 3287 3745 θαυμασίῳ
3334 3678 3551 3745 εὐαγγε-

1985 3753 2136 3826 λιστῇ
2168 3756 2236 3810 τὰ
2275 3759 2334 3811 ἐν
2366 3758 2576 3826 τούτοις
2628 3763 2951 3834 αἰνίγματα’
2997 3767 3163 3838 φησὶν
3204 3763 3297 3821 οὖν
3332 3772 3362 3824 6
3417 3770 3550 3843 ἱερὸς

1998 3847 2305 3914 Ἀπόστολος
2331 3851 2698 3925 διερμηνεύων
2730 3855 2800 3909 τὰ
2831 3859 2959 3929 περὶ
2990 3858 3082 3911 τοῦ
3112 3861 3369 3933 φραγμοῦ
3398 3863 3549 3932 (τάχα

1984 3955 2086 4025 που
2118 3942 2245 4013 περὶ
2276 3935 2337 3995 οὗ
2383 3944 2631 4016 εἴρηται,
2667 3947 2719 4000 τί
2761 3947 2982 4020 διεκόπη
3031 3950 3119 4004 διὰ
3176 3953 3237 4006 σέ
3270 3954 3546 4025 φραγμὸς)

1981 4023 2084 4083 ὧδέ
2119 4049 2234 4097 πως
2265 4035 2323 4087 ἐν
2355 4038 2419 4106 τῇ
2468 4036 2602 4106 πρὸς
2659 4039 2938 4107 Ἐφεσίους
2979 4041 3259 4114 Ἐπιστολῇ
3285 4023 3359 4094 σί(
3386 4023 3547 4107 Α-ύτὸς

1981 4121 2090 4193 γάρ
2112 4124 2258 4177 ἐστιν
2284 4126 2315 4195 ἡ
2350 4126 2540 4197 εἰρήνη
2574 4127 2747 4196 ὑμῶν,
2777 4131 3006 4201 ποιήσας
3036 4130 3104 4184 τὰ
3147 4132 3435 4205 ἀμφότερα
3464 4135 3542 4186 ἓν·

1982 4213 2155 4267 καὶτὸ
2181 4215 2493 4286 μεσότοιχον
2516 4216 2610 4271 τοῦ
2644 4220 2899 4291 φραγμοῦ
2926 4220 3109 4286 λύσας,
3138 4224 3238 4294 τὴν
3267 4223 3466 4296 ἔχθραν
3494 4228 3546 4279 ἐν

1981 4308 2044 4376 τῇ
2080 4307 2244 4378 σαρκὶ
2276 4307 2438 4361 αὐτοῦ
2461 4347 2474 4371 ,
2507 4309 2595 4362 τὸν
2636 4312 2796 4380 νόμον
2828 4310 2934 4364 τῶν
2972 4313 3198 4366 ἐντολῶν
3224 4316 3281 4368 ἐν
3324 4316 3544 4386 δόγμασι

1981 4399 2354 4469 καταργήσας,
2389 4399 2475 4453 ἵνα
2518 4401 2644 4463 τοὺς
2689 4401 2781 4455 δύο
2819 4403 2978 4476 κτίσῃ
3025 4404 3083 4458 ἐν
3112 4404 3291 4475 ἐαυτῷ
3339 4408 3420 4470 εἰς
3461 4408 3546 4459 ἕνα

1911 4493 1953 4546 D
1983 4490 2166 4543 καινὸν
2197 4490 2501 4563 ἄνθρωπον,
2530 4496 2623 4547 καὶ
2655 4494 2935 4568 ἀπαλλάξῃ
2968 4499 3093 4560 τοὺς
3119 4497 3464 4569 ἀμφοτέρους
3495 4499 3545 4550 ἐν

1988 4581 2068 4633 ἐνὶ
2095 4580 2304 4652 σώματι
2325 4583 2403 4654 τῷ
2431 4584 2566 4656 Θεῷ.
2602 4605 2619 4637 ι

2054 4674 2117 4728 δ’.
2159 4675 2382 4740 Τούτοις
2433 4674 2526 4732 οὖν
2563 4679 2660 4751 τὴν
2703 4680 2939 4735 διάνοιαν
2969 4684 3291 4755 ἐπιστήσας,
3324 4686 3420 4740 θέα
3455 4686 3546 4756 μή·

1986 4771 2170 4839 ποτεὴ
2199 4768 2307 4821 τῶν
2338 4769 2482 4823 δυοῖν
2530 4772 2638 4824 τῶν
2680 4774 2981 4844 εἰρημένων
3034 4775 3132 4845 μία
3172 4777 3408 4845 γένεσις,
3436 4781 3543 4849 ἥτε

1984 4861 2077 4913 τοῦ
2102 4862 2278 4933 Φαρὲς
2296 4862 2363 4916 δι’
2395 4863 2452 4916 ὃν
2481 4864 2704 4937 διεκόπη
2733 4868 3002 4939 φραγμδς,
3032 4869 3127 4922 καὶ
3153 4871 3187 4941 ή
3208 4870 3304 4923 τοῦ
3338 4870 3541 4942 πρώτου

1989 4954 2085 5022 μέν
2118 4954 2215 5025 τὴν
2249 4958 2407 5027 χεῖρα
2446 4957 2855 5029 προϐάλλοντος,
2884 4959 3135 5033 δευτέρου
3162 4962 3219 5016 δέ
3267 4964 3540 5035 προελθόν-

1984 5061 2093 5108 τος,
2117 5046 2408 5101 αἰνίττεται
2437 5049 2531 5102 δύο
2569 5050 2697 5119 βίων
2725 5052 2957 5122 τρόπους
2978 5053 3085 5106 τῶν
3104 5053 3424 5125 ἠξιωμένων
3450 5054 3535 5123 τῆς

1983 5136 2134 5207 παρὰ
2165 5137 2242 5207 τῷ
2274 5139 2393 5210 Θεῷ
2411 5144 2716 5213 γεννήσεως
2735 5162 2747 5174 ⁸
2773 5138 2847 5197 ὦν
2874 5147 2903 5199 ὁ
2937 5146 3035 5216 μὲν
3065 5146 3204 5199 κατὰ
3233 5148 3295 5200 τὸ
3313 5146 3534 5214 Εὐαγγέ-

1981 5224 2114 5289 λιον,
2138 5229 2166 5279 ὁ
2187 5227 2243 5280 δὲ
2266 5230 2407 5283 κατά
2432 5232 2523 5285 τὸν
2539 5234 2817 5299 Μωῦσέως
2838 5236 3044 5306 ὑπέστη
3078 5237 3239 5307 νόμον
3260 5257 3272 5267 ·
3293 5237 3425 5290 ἀλλὰ
3441 5235 3533 5303 γὰρ

1979 5316 2180 5370 τούτων
2211 5320 2423 5391 πρῶτος
2453 5324 2551 5392 μὲν
2578 5325 2675 5396 τὴν
2695 5329 2854 5399 χεῖρα
2898 5327 3234 5399 προϐέϐλητο
3258 5331 3287 5381 6
3324 5327 3459 5381 κατὰ
3480 5325 3534 5378 τὺ

1979 5409 2308 5478 Εὐαγγέλιον
2330 5430 2341 5442 ·
2390 5415 2450 5467 ού
2486 5417 2590 5488 μὴν
2623 5419 2716 5471 καὶ
2762 5418 2973 5490 πρῶτος
2995 5420 3242 5491 πρόεισιν
3282 5422 3361 5483 εἰς
3392 5418 3494 5488 φῶς
3515 5434 3527 5449 ·

1980 5503 2298 5570 ὑποστείλας
2323 5507 2379 5561 δὲ
2423 5510 2518 5581 τὴν
2557 5515 2733 5583 χεῖρα,
2761 5513 2838 5584 τῷ
2879 5513 3018 5567 κατὰ
3065 5515 3272 5586 Μωῡοῆ
3314 5511 3529 5581 δευτέρῳ

1984 5594 2113 5647 ίόντι
2147 5598 2425 5667 προελθεῖν
2460 5603 2744 5673 ἐπιτρέπει
2785 5602 3010 5677 πρώτῳ·
3052 5599 3152 5657 εἷθ’
3193 5603 3362 5668 οὕτως
3384 5600 3527 5664 αὐτδς
