  <div class='ocr_page' id='page_1' title='image "/cluster/home/n/w/nwhite01/storage/ocr_20150623/22/mdp.39015078384388/472.png"; bbox 0 0 3830 6260; ppageno 0'>
   <div class='ocr_carea' id='block_1_1' title="bbox 247 293 1781 412">
    <p class='ocr_par' dir='ltr' id='par_1_1' title="bbox 247 293 1781 412">
     <span class='ocr_line' id='line_1_1' title="bbox 247 293 1781 412; baseline -0.006 -9"><span class='ocrx_word' id='word_1_1' title='bbox 247 353 338 409; x_wconf 75' lang='lat'><strong>909</strong></span> <span class='ocrx_word' id='word_1_2' title='bbox 737 293 1193 412; x_wconf 58' lang='lat' dir='ltr'><strong>QUAESTIONES</strong></span> <span class='ocrx_word' id='word_1_3' title='bbox 1229 341 1686 400; x_wconf 69' lang='lat' dir='ltr'><strong>EVANGELICIE</strong></span> <span class='ocrx_word' id='word_1_4' title='bbox 1726 340 1781 396; x_wconf 82' lang='lat' dir='ltr'><strong>Al</strong></span> 
     </span>
    </p>
   </div>
   <div class='ocr_carea' id='block_1_2' title="bbox 1887 293 2888 412">
    <p class='ocr_par' dir='ltr' id='par_1_2' title="bbox 1887 337 2888 408">
     <span class='ocr_line' id='line_1_2' title="bbox 1887 337 2888 408; baseline 0.002 -15"><span class='ocrx_word' id='word_1_5' title='bbox 1887 337 2371 396; x_wconf 69' lang='lat' dir='ltr'><strong>.TEPHANUM.—</strong></span> <span class='ocrx_word' id='word_1_6' title='bbox 2406 337 2734 408; x_wconf 58' lang='lat' dir='ltr'><strong>onmno</strong></span> <span class='ocrx_word' id='word_1_7' title='bbox 2773 337 2888 395; x_wconf 77' lang='lat' dir='ltr'><strong>vn.</strong></span> 
     </span>
    </p>
   </div>
   <div class='ocr_carea' id='block_1_3' title="bbox 3347 341 3450 398">
    <p class='ocr_par' dir='ltr' id='par_1_3' title="bbox 3347 341 3450 398">
     <span class='ocr_line' id='line_1_3' title="bbox 3347 341 3450 398; baseline 0.019 -2"><span class='ocrx_word' id='word_1_8' title='bbox 3347 341 3450 398; x_wconf 84' lang='lat'><strong>9|0</strong></span> 
     </span>
    </p>
   </div>
   <div class='ocr_carea' id='block_1_4' title="bbox 245 459 1781 541">
    <p class='ocr_par' dir='ltr' id='par_1_4' title="bbox 245 463 1781 541">
     <span class='ocr_line' id='line_1_4' title="bbox 245 463 1781 541; baseline -0.001 -21"><span class='ocrx_word' id='word_1_9' title='bbox 245 468 440 541; x_wconf 79' lang='grc' dir='ltr'>πρῶτος</span> <span class='ocrx_word' id='word_1_10' title='bbox 461 464 554 526; x_wconf 85' lang='grc' dir='ltr'><strong>ῶν,</strong></span> <span class='ocrx_word' id='word_1_11' title='bbox 589 463 814 528; x_wconf 84' lang='grc' dir='ltr'>ῦστατος</span> <span class='ocrx_word' id='word_1_12' title='bbox 834 465 1019 530; x_wconf 76' lang='grc' dir='ltr'>ἔξεισι,</span> <span class='ocrx_word' id='word_1_13' title='bbox 1052 467 1190 536; x_wconf 81' lang='grc' dir='ltr'><strong>μετά</strong></span> <span class='ocrx_word' id='word_1_14' title='bbox 1218 465 1311 520; x_wconf 88' lang='grc' dir='ltr'><strong>τοῦ</strong></span> <span class='ocrx_word' id='word_1_15' title='bbox 1338 467 1464 537; x_wconf 70' lang='grc' dir='ltr'>περὶ</span> <span class='ocrx_word' id='word_1_16' title='bbox 1494 467 1592 537; x_wconf 74' lang='grc' dir='ltr'>τὴν</span> <span class='ocrx_word' id='word_1_17' title='bbox 1633 469 1781 537; x_wconf 79' lang='grc' dir='ltr'>χεῖρα</span> 
     </span>
    </p>
   </div>
   <div class='ocr_carea' id='block_1_5' title="bbox 1887 459 3456 541">
    <p class='ocr_par' dir='ltr' id='par_1_5' title="bbox 1892 459 3456 532">
     <span class='ocr_line' id='line_1_5' title="bbox 1892 459 3456 532; baseline -0.001 -15"><span class='ocrx_word' id='word_1_18' title='bbox 1892 464 2078 517; x_wconf 88' lang='lat' dir='ltr'><strong>ultima</strong></span> <span class='ocrx_word' id='word_1_19' title='bbox 2104 463 2257 523; x_wconf 74' lang='lat' dir='ltr'><strong>exiit.</strong></span> <span class='ocrx_word' id='word_1_20' title='bbox 2293 461 2448 532; x_wconf 84' lang='lat' dir='ltr'><strong>signo</strong></span> <span class='ocrx_word' id='word_1_21' title='bbox 2473 461 2654 516; x_wconf 88' lang='lat' dir='ltr'><strong>manui</strong></span> <span class='ocrx_word' id='word_1_22' title='bbox 2682 462 2922 532; x_wconf 83' lang='lat' dir='ltr'><strong>alligato,</strong></span> <span class='ocrx_word' id='word_1_23' title='bbox 2955 473 2984 514; x_wconf 85' lang='lat' dir='ltr'><strong>a</strong></span> <span class='ocrx_word' id='word_1_24' title='bbox 3013 475 3123 530; x_wconf 86' lang='lat' dir='ltr'><strong>quo</strong></span> <span class='ocrx_word' id='word_1_25' title='bbox 3156 459 3306 531; x_wconf 90' lang='lat' dir='ltr'><strong>prior</strong></span> <span class='ocrx_word' id='word_1_26' title='bbox 3334 476 3456 516; x_wconf 87' lang='lat' dir='ltr'><strong>esse</strong></span> 
     </span>
    </p>
   </div>
   <div class='ocr_carea' id='block_1_6' title="bbox 245 554 1789 630">
    <p class='ocr_par' dir='ltr' id='par_1_6' title="bbox 245 554 1789 630">
     <span class='ocr_line' id='line_1_6' title="bbox 245 554 1789 630; baseline -0.003 -16"><span class='ocrx_word' id='word_1_27' title='bbox 245 557 492 630; x_wconf 87' lang='grc' dir='ltr'>συμϐόλου</span> <span class='ocrx_word' id='word_1_28' title='bbox 522 557 614 610; x_wconf 88' lang='grc' dir='ltr'><strong>τοῦ</strong></span> <span class='ocrx_word' id='word_1_29' title='bbox 648 557 858 628; x_wconf 85' lang='grc' dir='ltr'>πρῶτον</span> <span class='ocrx_word' id='word_1_30' title='bbox 879 559 1039 612; x_wconf 80' lang='grc' dir='ltr'>αὐτὸν</span> <span class='ocrx_word' id='word_1_31' title='bbox 1069 557 1438 621; x_wconf 87' lang='grc' dir='ltr'>συνιστῶντος·</span> <span class='ocrx_word' id='word_1_32' title='bbox 1462 554 1529 628; x_wconf 83' lang='grc' dir='ltr'>ἦν</span> <span class='ocrx_word' id='word_1_33' title='bbox 1559 557 1602 610; x_wconf 84' lang='lat'><em>6‘</em></span> <span class='ocrx_word' id='word_1_34' title='bbox 1635 560 1662 611; x_wconf 87' lang='lat'><strong>6</strong></span> <span class='ocrx_word' id='word_1_35' title='bbox 1685 557 1789 610; x_wconf 88' lang='grc' dir='ltr'><strong>τῶν</strong></span> 
     </span>
    </p>
   </div>
   <div class='ocr_carea' id='block_1_7' title="bbox 243 649 1792 725">
    <p class='ocr_par' dir='ltr' id='par_1_7' title="bbox 243 649 1792 725">
     <span class='ocr_line' id='line_1_7' title="bbox 243 649 1792 725; baseline -0.004 -17"><span class='ocrx_word' id='word_1_36' title='bbox 243 652 337 725; x_wconf 81' lang='grc' dir='ltr'><strong>πρὸ</strong></span> <span class='ocrx_word' id='word_1_37' title='bbox 357 651 620 713; x_wconf 81' lang='grc' dir='ltr'>Μωῦσέως</span> <span class='ocrx_word' id='word_1_38' title='bbox 636 649 892 720; x_wconf 76' lang='grc' dir='ltr'><strong>θεοφιλῶν</strong></span> <span class='ocrx_word' id='word_1_39' title='bbox 911 650 1115 724; x_wconf 82' lang='grc' dir='ltr'>ἀνδρῶν</span> <span class='ocrx_word' id='word_1_40' title='bbox 1137 650 1248 721; x_wconf 80' lang='grc' dir='ltr'>βίος</span> <span class='ocrx_word' id='word_1_41' title='bbox 1267 651 1296 703; x_wconf 98' lang='lat'><strong>6</strong></span> <span class='ocrx_word' id='word_1_42' title='bbox 1312 651 1453 703; x_wconf 80' lang='grc' dir='ltr'>κατὰ</span> <span class='ocrx_word' id='word_1_43' title='bbox 1475 651 1534 703; x_wconf 89' lang='grc' dir='ltr'><strong>τὸ</strong></span> <span class='ocrx_word' id='word_1_44' title='bbox 1548 649 1640 702; x_wconf 90' lang='grc' dir='ltr'><strong>τοῦ</strong></span> <span class='ocrx_word' id='word_1_45' title='bbox 1660 651 1792 721; x_wconf 79' lang='grc' dir='ltr'>Χρι-</span> 
     </span>
    </p>
   </div>
   <div class='ocr_carea' id='block_1_8' title="bbox 245 742 1788 816">
    <p class='ocr_par' dir='ltr' id='par_1_8' title="bbox 245 742 1788 816">
     <span class='ocr_line' id='line_1_8' title="bbox 245 742 1788 816; baseline -0.002 -16"><span class='ocrx_word' id='word_1_46' title='bbox 245 743 357 800; x_wconf 85' lang='grc' dir='ltr'>στοῦ</span> <span class='ocrx_word' id='word_1_47' title='bbox 371 743 706 812; x_wconf 82' lang='grc' dir='ltr'>Εὐαγγέλιον,</span> <span class='ocrx_word' id='word_1_48' title='bbox 733 743 853 796; x_wconf 84' lang='grc' dir='ltr'>καθ’</span> <span class='ocrx_word' id='word_1_49' title='bbox 881 743 940 798; x_wconf 85' lang='grc' dir='ltr'>ὂν</span> <span class='ocrx_word' id='word_1_50' title='bbox 964 742 1256 816; x_wconf 77' lang='grc' dir='ltr'>διαπρέψαι</span> <span class='ocrx_word' id='word_1_51' title='bbox 1289 743 1713 815; x_wconf 74' lang='grc' dir='ltr'><strong>μνημονεύονται</strong></span> <span class='ocrx_word' id='word_1_52' title='bbox 1739 745 1788 797; x_wconf 89' lang='grc' dir='ltr'><strong>οί</strong></span> 
     </span>
    </p>
   </div>
   <div class='ocr_carea' id='block_1_9' title="bbox 240 831 1789 908">
    <p class='ocr_par' dir='ltr' id='par_1_9' title="bbox 240 831 1789 908">
     <span class='ocr_line' id='line_1_9' title="bbox 240 831 1789 908; baseline -0.001 -21"><span class='ocrx_word' id='word_1_53' title='bbox 240 835 370 908; x_wconf 77' lang='grc' dir='ltr'>ἀμφὶ</span> <span class='ocrx_word' id='word_1_54' title='bbox 393 832 478 887; x_wconf 85' lang='grc' dir='ltr'><strong>τὸν</strong></span> <span class='ocrx_word' id='word_1_55' title='bbox 493 831 758 904; x_wconf 80' lang='grc' dir='ltr'>Ἀϐραὰμ,</span> <span class='ocrx_word' id='word_1_56' title='bbox 788 833 882 892; x_wconf 70' lang='grc' dir='ltr'><strong>καὶ</strong></span> <span class='ocrx_word' id='word_1_57' title='bbox 896 834 1098 898; x_wconf 83' lang='grc' dir='ltr'>Ἰσαὰκ,</span> <span class='ocrx_word' id='word_1_58' title='bbox 1123 834 1216 892; x_wconf 70' lang='grc' dir='ltr'>καὶ</span> <span class='ocrx_word' id='word_1_59' title='bbox 1231 833 1442 896; x_wconf 83' lang='grc' dir='ltr'>Ἰακὼϐ,</span> <span class='ocrx_word' id='word_1_60' title='bbox 1459 833 1789 903; x_wconf 79' lang='grc' dir='ltr'>Μελχισεδέκ</span> 
     </span>
    </p>
   </div>
   <div class='ocr_carea' id='block_1_10' title="bbox 240 923 1786 998">
    <p class='ocr_par' dir='ltr' id='par_1_10' title="bbox 240 923 1786 998">
     <span class='ocr_line' id='line_1_10' title="bbox 240 923 1786 998; baseline -0.003 -15"><span class='ocrx_word' id='word_1_61' title='bbox 240 943 294 983; x_wconf 77' lang='grc' dir='ltr'><strong>τι</strong></span> <span class='ocrx_word' id='word_1_62' title='bbox 333 927 422 980; x_wconf 76' lang='grc' dir='ltr'>καὶ</span> <span class='ocrx_word' id='word_1_63' title='bbox 459 924 599 990; x_wconf 78' lang='grc' dir='ltr'>Ἰὼϐ,</span> <span class='ocrx_word' id='word_1_64' title='bbox 620 926 712 978; x_wconf 80' lang='grc' dir='ltr'>καὶ</span> <span class='ocrx_word' id='word_1_65' title='bbox 738 923 869 979; x_wconf 76' lang='grc' dir='ltr'>πολὺ</span> <span class='ocrx_word' id='word_1_66' title='bbox 897 925 1099 980; x_wconf 83' lang='grc' dir='ltr'>τούτων</span> <span class='ocrx_word' id='word_1_67' title='bbox 1144 926 1395 998; x_wconf 84' lang='grc' dir='ltr'>πρότεροι</span> <span class='ocrx_word' id='word_1_68' title='bbox 1415 927 1462 979; x_wconf 84' lang='grc' dir='ltr'>οἱ</span> <span class='ocrx_word' id='word_1_69' title='bbox 1493 925 1636 996; x_wconf 72' lang='grc' dir='ltr'>ἀμφὶ</span> <span class='ocrx_word' id='word_1_70' title='bbox 1663 923 1786 978; x_wconf 84' lang='grc' dir='ltr'>Νῶε</span> 
     </span>
    </p>
   </div>
   <div class='ocr_carea' id='block_1_11' title="bbox 241 1015 1788 1088">
    <p class='ocr_par' dir='ltr' id='par_1_11' title="bbox 241 1015 1788 1088">
     <span class='ocr_line' id='line_1_11' title="bbox 241 1015 1788 1088; baseline -0.003 -15"><span class='ocrx_word' id='word_1_71' title='bbox 241 1018 323 1073; x_wconf 66' lang='grc' dir='ltr'><strong>καὶ</strong></span> <span class='ocrx_word' id='word_1_72' title='bbox 347 1019 480 1088; x_wconf 83' lang='grc' dir='ltr'>Σὴμ,</span> <span class='ocrx_word' id='word_1_73' title='bbox 503 1017 593 1070; x_wconf 75' lang='grc' dir='ltr'><strong>καὶ</strong></span> <span class='ocrx_word' id='word_1_74' title='bbox 620 1016 819 1086; x_wconf 83' lang='grc' dir='ltr'>Ἰάφεθ,</span> <span class='ocrx_word' id='word_1_75' title='bbox 851 1016 1017 1088; x_wconf 86' lang='grc' dir='ltr'>Ἑνώχ</span> <span class='ocrx_word' id='word_1_76' title='bbox 1044 1035 1101 1072; x_wconf 88' lang='grc' dir='ltr'><strong>τε</strong></span> <span class='ocrx_word' id='word_1_77' title='bbox 1146 1019 1239 1073; x_wconf 72' lang='grc' dir='ltr'><strong>καὶ</strong></span> <span class='ocrx_word' id='word_1_78' title='bbox 1264 1018 1377 1071; x_wconf 81' lang='grc' dir='ltr'>ὅσοι</span> <span class='ocrx_word' id='word_1_79' title='bbox 1400 1017 1546 1071; x_wconf 79' lang='grc' dir='ltr'>ἄλλοι</span> <span class='ocrx_word' id='word_1_80' title='bbox 1579 1015 1788 1081; x_wconf 77' lang='grc' dir='ltr'>τούτοις</span> 
     </span>
    </p>
   </div>
   <div class='ocr_carea' id='block_1_12' title="bbox 240 1106 1789 1178">
    <p class='ocr_par' dir='ltr' id='par_1_12' title="bbox 240 1106 1789 1178">
     <span class='ocr_line' id='line_1_12' title="bbox 240 1106 1789 1178; baseline -0.001 -17"><span class='ocrx_word' id='word_1_81' title='bbox 240 1109 471 1178; x_wconf 84' lang='grc' dir='ltr'>γεγόνασι</span> <span class='ocrx_word' id='word_1_82' title='bbox 500 1106 892 1178; x_wconf 74' lang='grc' dir='ltr'><strong>παραπλήσιοι·</strong></span> <span class='ocrx_word' id='word_1_83' title='bbox 926 1106 1122 1162; x_wconf 86' lang='grc' dir='ltr'>δίκαιοι</span> <span class='ocrx_word' id='word_1_84' title='bbox 1149 1107 1279 1176; x_wconf 90' lang='grc' dir='ltr'>γοῦν</span> <span class='ocrx_word' id='word_1_85' title='bbox 1302 1107 1409 1160; x_wconf 81' lang='grc' dir='ltr'>οἵδε</span> <span class='ocrx_word' id='word_1_86' title='bbox 1439 1106 1659 1170; x_wconf 84' lang='grc' dir='ltr'>πάντες,</span> <span class='ocrx_word' id='word_1_87' title='bbox 1694 1109 1789 1162; x_wconf 71' lang='grc' dir='ltr'><strong>καὶ</strong></span> 
     </span>
    </p>
   </div>
   <div class='ocr_carea' id='block_1_13' title="bbox 237 1199 1789 1272">
    <p class='ocr_par' dir='ltr' id='par_1_13' title="bbox 237 1199 1789 1272">
     <span class='ocr_line' id='line_1_13' title="bbox 237 1199 1789 1272; baseline -0.002 -16"><span class='ocrx_word' id='word_1_88' title='bbox 237 1200 462 1264; x_wconf 79' lang='grc' dir='ltr'>εὐσεϐεῖς</span> <span class='ocrx_word' id='word_1_89' title='bbox 499 1199 592 1254; x_wconf 73' lang='grc' dir='ltr'><strong>καὶ</strong></span> <span class='ocrx_word' id='word_1_90' title='bbox 625 1199 887 1268; x_wconf 75' lang='grc' dir='ltr'>Θεοφιλεῖς</span> <span class='ocrx_word' id='word_1_91' title='bbox 908 1215 922 1229; x_wconf 90' lang='grc'><strong>·</strong></span> <span class='ocrx_word' id='word_1_92' title='bbox 955 1201 1004 1252; x_wconf 84' lang='grc' dir='ltr'>εἰ</span> <span class='ocrx_word' id='word_1_93' title='bbox 1051 1199 1141 1254; x_wconf 89' lang='grc' dir='ltr'><strong>καί</strong></span> <span class='ocrx_word' id='word_1_94' title='bbox 1173 1216 1315 1265; x_wconf 87' lang='grc' dir='ltr'>τινες</span> <span class='ocrx_word' id='word_1_95' title='bbox 1357 1199 1532 1272; x_wconf 71' lang='grc' dir='ltr'>ἕτεροι</span> <span class='ocrx_word' id='word_1_96' title='bbox 1581 1217 1789 1272; x_wconf 84' lang='grc' dir='ltr'>μαρτυ-</span> 
     </span>
    </p>
   </div>
   <div class='ocr_carea' id='block_1_14' title="bbox 239 1287 1786 1363">
    <p class='ocr_par' dir='ltr' id='par_1_14' title="bbox 239 1287 1786 1363">
     <span class='ocr_line' id='line_1_14' title="bbox 239 1287 1786 1363; baseline 0 -19"><span class='ocrx_word' id='word_1_97' title='bbox 239 1290 495 1363; x_wconf 77' lang='grc' dir='ltr'>ρηθέντες,</span> <span class='ocrx_word' id='word_1_98' title='bbox 527 1289 625 1359; x_wconf 67' lang='grc' dir='ltr'>τῆς</span> <span class='ocrx_word' id='word_1_99' title='bbox 663 1289 760 1359; x_wconf 86' lang='grc' dir='ltr'><strong>μὲν</strong></span> <span class='ocrx_word' id='word_1_100' title='bbox 783 1287 922 1343; x_wconf 83' lang='grc' dir='ltr'>κατὰ</span> <span class='ocrx_word' id='word_1_101' title='bbox 947 1288 1185 1344; x_wconf 85' lang='grc' dir='ltr'>Μωῦσέα</span> <span class='ocrx_word' id='word_1_102' title='bbox 1216 1289 1532 1360; x_wconf 83' lang='grc' dir='ltr'><strong>νομοθεσίας</strong></span> <span class='ocrx_word' id='word_1_103' title='bbox 1554 1291 1786 1361; x_wconf 82' lang='grc' dir='ltr'>πάμπαν</span> 
     </span>
    </p>
   </div>
   <div class='ocr_carea' id='block_1_15' title="bbox 238 1379 1787 1455">
    <p class='ocr_par' dir='ltr' id='par_1_15' title="bbox 238 1379 1787 1455">
     <span class='ocr_line' id='line_1_15' title="bbox 238 1379 1787 1455; baseline -0.001 -18"><span class='ocrx_word' id='word_1_104' title='bbox 238 1384 464 1455; x_wconf 80' lang='grc' dir='ltr'>ὑπῆρχον</span> <span class='ocrx_word' id='word_1_105' title='bbox 487 1380 749 1452; x_wconf 73' lang='grc' dir='ltr'>ἀλλότριοι</span> <span class='ocrx_word' id='word_1_106' title='bbox 773 1397 788 1411; x_wconf 88' lang='grc'><strong>·</strong></span> <span class='ocrx_word' id='word_1_107' title='bbox 819 1379 1175 1451; x_wconf 86' lang='grc' dir='ltr'>προλαϐόντες</span> <span class='ocrx_word' id='word_1_108' title='bbox 1201 1381 1257 1434; x_wconf 80' lang='grc' dir='ltr'><strong>δὲ</strong></span> <span class='ocrx_word' id='word_1_109' title='bbox 1276 1382 1364 1435; x_wconf 88' lang='grc' dir='ltr'><strong>τὸν</strong></span> <span class='ocrx_word' id='word_1_110' title='bbox 1392 1382 1535 1436; x_wconf 79' lang='grc' dir='ltr'>κατὰ</span> <span class='ocrx_word' id='word_1_111' title='bbox 1549 1382 1787 1438; x_wconf 82' lang='grc' dir='ltr'>Μωῦσέα</span> 
     </span>
    </p>
   </div>
   <div class='ocr_carea' id='block_1_16' title="bbox 236 1472 1786 1547">
    <p class='ocr_par' dir='ltr' id='par_1_16' title="bbox 236 1472 1786 1547">
     <span class='ocr_line' id='line_1_16' title="bbox 236 1472 1786 1547; baseline -0.001 -17"><span class='ocrx_word' id='word_1_112' title='bbox 236 1475 438 1545; x_wconf 83' lang='grc' dir='ltr'>τρόπον,</span> <span class='ocrx_word' id='word_1_113' title='bbox 486 1476 615 1544; x_wconf 76' lang='grc' dir='ltr'>ἡμῖν</span> <span class='ocrx_word' id='word_1_114' title='bbox 659 1472 860 1545; x_wconf 83' lang='grc' dir='ltr'>ὁμοίως</span> <span class='ocrx_word' id='word_1_115' title='bbox 891 1476 957 1545; x_wconf 76' lang='grc' dir='ltr'>τῇ</span> <span class='ocrx_word' id='word_1_116' title='bbox 1007 1473 1146 1529; x_wconf 78' lang='grc' dir='ltr'>κατὰ</span> <span class='ocrx_word' id='word_1_117' title='bbox 1180 1475 1240 1528; x_wconf 88' lang='grc' dir='ltr'><strong>τὸ</strong></span> <span class='ocrx_word' id='word_1_118' title='bbox 1283 1473 1614 1545; x_wconf 79' lang='grc' dir='ltr'>Εὐαγγέλιον</span> <span class='ocrx_word' id='word_1_119' title='bbox 1639 1475 1786 1547; x_wconf 78' lang='grc' dir='ltr'>φιλο-</span> 
     </span>
    </p>
   </div>
   <div class='ocr_carea' id='block_1_17' title="bbox 235 1565 731 1639">
    <p class='ocr_par' dir='ltr' id='par_1_17' title="bbox 235 1565 731 1639">
     <span class='ocr_line' id='line_1_17' title="bbox 235 1565 731 1639; baseline -0.002 -19"><span class='ocrx_word' id='word_1_120' title='bbox 235 1565 384 1639; x_wconf 80' lang='grc' dir='ltr'>σοφίᾳ</span> <span class='ocrx_word' id='word_1_121' title='bbox 413 1565 731 1636; x_wconf 72' lang='grc' dir='ltr'>διέλαμψαν.</span> 
     </span>
    </p>
   </div>
   <div class='ocr_carea' id='block_1_18' title="bbox 293 1680 1784 1757">
    <p class='ocr_par' dir='ltr' id='par_1_18' title="bbox 293 1680 1784 1757">
     <span class='ocr_line' id='line_1_18' title="bbox 293 1680 1784 1757; baseline 0.003 -22"><span class='ocrx_word' id='word_1_122' title='bbox 293 1681 351 1735; x_wconf 87' lang='grc' dir='ltr'><strong>ε’.</strong></span> <span class='ocrx_word' id='word_1_123' title='bbox 396 1681 452 1736; x_wconf 89' lang='lat'><strong>&#39;0</strong></span> <span class='ocrx_word' id='word_1_124' title='bbox 487 1682 585 1753; x_wconf 84' lang='grc' dir='ltr'><strong>μὲν</strong></span> <span class='ocrx_word' id='word_1_125' title='bbox 616 1680 710 1736; x_wconf 81' lang='grc' dir='ltr'><strong>οῦν</strong></span> <span class='ocrx_word' id='word_1_126' title='bbox 735 1682 966 1756; x_wconf 83' lang='grc' dir='ltr'>πρῶτος,</span> <span class='ocrx_word' id='word_1_127' title='bbox 1000 1684 1086 1739; x_wconf 78' lang='grc' dir='ltr'><strong>διά</strong></span> <span class='ocrx_word' id='word_1_128' title='bbox 1118 1682 1209 1738; x_wconf 87' lang='grc' dir='ltr'><strong>τοῦ</strong></span> <span class='ocrx_word' id='word_1_129' title='bbox 1237 1685 1386 1756; x_wconf 87' lang='grc' dir='ltr'><strong>Ζαρᾶ</strong></span> <span class='ocrx_word' id='word_1_130' title='bbox 1420 1686 1692 1757; x_wconf 77' lang='grc' dir='ltr'><strong>ἐδηλοῦτο,</strong></span> <span class='ocrx_word' id='word_1_131' title='bbox 1725 1686 1784 1752; x_wconf 79' lang='grc' dir='ltr'>ὃς</span> 
     </span>
    </p>
   </div>
   <div class='ocr_carea' id='block_1_19' title="bbox 1891 551 3458 624">
    <p class='ocr_par' dir='ltr' id='par_1_19' title="bbox 1891 551 3458 624">
     <span class='ocr_line' id='line_1_19' title="bbox 1891 551 3458 624; baseline -0.003 -14"><span class='ocrx_word' id='word_1_132' title='bbox 1891 553 2297 623; x_wconf 77' lang='lat' dir='ltr'><strong>comprobatur.</strong></span> <span class='ocrx_word' id='word_1_133' title='bbox 2337 551 2464 606; x_wconf 83' lang='lat' dir='ltr'><strong>Erat</strong></span> <span class='ocrx_word' id='word_1_134' title='bbox 2487 563 2666 608; x_wconf 84' lang='lat' dir='ltr'><strong>autem</strong></span> <span class='ocrx_word' id='word_1_135' title='bbox 2699 562 2827 607; x_wconf 88' lang='lat' dir='ltr'><strong>ante</strong></span> <span class='ocrx_word' id='word_1_136' title='bbox 2857 551 3094 624; x_wconf 80' lang='lat' dir='ltr'><strong>Moysem</strong></span> <span class='ocrx_word' id='word_1_137' title='bbox 3123 553 3334 622; x_wconf 89' lang='lat' dir='ltr'><strong>piorum</strong></span> <span class='ocrx_word' id='word_1_138' title='bbox 3357 551 3458 607; x_wconf 87' lang='lat' dir='ltr'><strong>ho-</strong></span> 
     </span>
    </p>
   </div>
   <div class='ocr_carea' id='block_1_20' title="bbox 1890 643 3455 715">
    <p class='ocr_par' dir='ltr' id='par_1_20' title="bbox 1890 643 3455 715">
     <span class='ocr_line' id='line_1_20' title="bbox 1890 643 3455 715; baseline 0 -15"><span class='ocrx_word' id='word_1_139' title='bbox 1890 647 2094 700; x_wconf 90' lang='lat' dir='ltr'><strong>minum</strong></span> <span class='ocrx_word' id='word_1_140' title='bbox 2119 647 2229 699; x_wconf 90' lang='lat' dir='ltr'><strong>vita</strong></span> <span class='ocrx_word' id='word_1_141' title='bbox 2263 646 2562 700; x_wconf 91' lang='lat' dir='ltr'><strong>secundum</strong></span> <span class='ocrx_word' id='word_1_142' title='bbox 2607 646 2810 700; x_wconf 83' lang='lat' dir='ltr'><strong>Christi</strong></span> <span class='ocrx_word' id='word_1_143' title='bbox 2847 644 3230 715; x_wconf 81' lang='lat' dir='ltr'><strong>Evangelium;</strong></span> <span class='ocrx_word' id='word_1_144' title='bbox 3260 643 3315 698; x_wconf 90' lang='lat' dir='ltr'><strong>in</strong></span> <span class='ocrx_word' id='word_1_145' title='bbox 3347 660 3455 714; x_wconf 89' lang='lat' dir='ltr'><strong>qua</strong></span> 
     </span>
    </p>
   </div>
   <div class='ocr_carea' id='block_1_21' title="bbox 1888 735 3454 802">
    <p class='ocr_par' dir='ltr' id='par_1_21' title="bbox 1888 735 3454 802">
     <span class='ocr_line' id='line_1_21' title="bbox 1888 735 3454 802; baseline 0 -10"><span class='ocrx_word' id='word_1_146' title='bbox 1888 737 2209 794; x_wconf 87' lang='lat' dir='ltr'><strong>excelluisse</strong></span> <span class='ocrx_word' id='word_1_147' title='bbox 2238 737 2527 792; x_wconf 89' lang='lat' dir='ltr'><strong>traduntur</strong></span> <span class='ocrx_word' id='word_1_148' title='bbox 2550 738 2917 802; x_wconf 83' lang='lat' dir='ltr'><strong>Ahrahamus,</strong></span> <span class='ocrx_word' id='word_1_149' title='bbox 2946 735 3454 801; x_wconf 81' lang='lat' dir='ltr'><strong>lsaacus,Jacobus.</strong></span> 
     </span>
    </p>
   </div>
   <div class='ocr_carea' id='block_1_22' title="bbox 1889 829 3457 902">
    <p class='ocr_par' dir='ltr' id='par_1_22' title="bbox 1889 829 3457 902">
     <span class='ocr_line' id='line_1_22' title="bbox 1889 829 3457 902; baseline 0.001 -18"><span class='ocrx_word' id='word_1_150' title='bbox 1889 829 2314 886; x_wconf 81' lang='lat' dir='ltr'><strong>Melchisedecus</strong></span> <span class='ocrx_word' id='word_1_151' title='bbox 2353 839 2515 902; x_wconf 87' lang='lat' dir='ltr'><strong>atque</strong></span> <span class='ocrx_word' id='word_1_152' title='bbox 2541 829 2754 886; x_wconf 84' lang='lat' dir='ltr'><strong>Jobus:</strong></span> <span class='ocrx_word' id='word_1_153' title='bbox 2789 840 2843 886; x_wconf 91' lang='lat' dir='ltr'><strong>et</strong></span> <span class='ocrx_word' id='word_1_154' title='bbox 2886 832 3059 886; x_wconf 88' lang='lat' dir='ltr'><strong>multo</strong></span> <span class='ocrx_word' id='word_1_155' title='bbox 3109 830 3199 887; x_wconf 84' lang='lat' dir='ltr'><strong>his</strong></span> <span class='ocrx_word' id='word_1_156' title='bbox 3243 831 3457 900; x_wconf 80' lang='lat' dir='ltr'><strong>priores</strong></span> 
     </span>
    </p>
   </div>
   <div class='ocr_carea' id='block_1_23' title="bbox 1889 921 3456 995">
    <p class='ocr_par' dir='ltr' id='par_1_23' title="bbox 1889 921 3456 995">
     <span class='ocr_line' id='line_1_23' title="bbox 1889 921 3456 995; baseline 0.001 -18"><span class='ocrx_word' id='word_1_157' title='bbox 1889 922 2163 985; x_wconf 88' lang='lat' dir='ltr'><strong>Noachus,</strong></span> <span class='ocrx_word' id='word_1_158' title='bbox 2213 921 2431 988; x_wconf 89' lang='lat' dir='ltr'><strong>Semus,</strong></span> <span class='ocrx_word' id='word_1_159' title='bbox 2464 933 2630 994; x_wconf 87' lang='lat' dir='ltr'><strong>atque</strong></span> <span class='ocrx_word' id='word_1_160' title='bbox 2682 923 2966 995; x_wconf 71' lang='lat' dir='ltr'><strong>Japbetus.</strong></span> <span class='ocrx_word' id='word_1_161' title='bbox 2998 931 3052 978; x_wconf 92' lang='lat' dir='ltr'><strong>et</strong></span> <span class='ocrx_word' id='word_1_162' title='bbox 3089 923 3368 988; x_wconf 88' lang='lat' dir='ltr'><strong>Enoehus,</strong></span> <span class='ocrx_word' id='word_1_163' title='bbox 3400 931 3456 978; x_wconf 81' lang='lat' dir='ltr'><strong>et</strong></span> 
     </span>
    </p>
   </div>
   <div class='ocr_carea' id='block_1_24' title="bbox 1888 1013 3454 1086">
    <p class='ocr_par' dir='ltr' id='par_1_24' title="bbox 1888 1013 3454 1086">
     <span class='ocr_line' id='line_1_24' title="bbox 1888 1013 3454 1086; baseline 0.002 -17"><span class='ocrx_word' id='word_1_164' title='bbox 1888 1023 2153 1086; x_wconf 88' lang='lat' dir='ltr'><strong>quotquot</strong></span> <span class='ocrx_word' id='word_1_165' title='bbox 2176 1014 2262 1071; x_wconf 90' lang='lat' dir='ltr'><strong>his</strong></span> <span class='ocrx_word' id='word_1_166' title='bbox 2292 1017 2499 1072; x_wconf 85' lang='lat' dir='ltr'><strong>similes</strong></span> <span class='ocrx_word' id='word_1_167' title='bbox 2536 1015 2776 1072; x_wconf 83' lang='lat' dir='ltr'><strong>fuerunt.</strong></span> <span class='ocrx_word' id='word_1_168' title='bbox 2813 1013 2954 1071; x_wconf 85' lang='lat' dir='ltr'><strong>Justi</strong></span> <span class='ocrx_word' id='word_1_169' title='bbox 2986 1016 3152 1086; x_wconf 91' lang='lat' dir='ltr'><strong>igitur</strong></span> <span class='ocrx_word' id='word_1_170' title='bbox 3173 1017 3229 1070; x_wconf 91' lang='lat' dir='ltr'><strong>hi</strong></span> <span class='ocrx_word' id='word_1_171' title='bbox 3261 1033 3454 1073; x_wconf 86' lang='lat' dir='ltr'><strong>omnes</strong></span> 
     </span>
    </p>
   </div>
   <div class='ocr_carea' id='block_1_25' title="bbox 1888 1107 3454 1178">
    <p class='ocr_par' dir='ltr' id='par_1_25' title="bbox 1888 1107 3454 1178">
     <span class='ocr_line' id='line_1_25' title="bbox 1888 1107 3454 1178; baseline 0.001 -15"><span class='ocrx_word' id='word_1_172' title='bbox 1888 1115 1942 1163; x_wconf 88' lang='lat' dir='ltr'><strong>et</strong></span> <span class='ocrx_word' id='word_1_173' title='bbox 1972 1107 2046 1178; x_wconf 87' lang='lat' dir='ltr'><strong>pii</strong></span> <span class='ocrx_word' id='word_1_174' title='bbox 2080 1121 2144 1163; x_wconf 88' lang='lat' dir='ltr'><strong>ac</strong></span> <span class='ocrx_word' id='word_1_175' title='bbox 2165 1107 2276 1163; x_wconf 92' lang='lat' dir='ltr'><strong>Deo</strong></span> <span class='ocrx_word' id='word_1_176' title='bbox 2305 1108 2528 1164; x_wconf 90' lang='lat' dir='ltr'><strong>dilecti:</strong></span> <span class='ocrx_word' id='word_1_177' title='bbox 2571 1116 2625 1164; x_wconf 91' lang='lat' dir='ltr'><strong>et</strong></span> <span class='ocrx_word' id='word_1_178' title='bbox 2664 1108 2882 1178; x_wconf 88' lang='lat' dir='ltr'><strong>quidem</strong></span> <span class='ocrx_word' id='word_1_179' title='bbox 2911 1109 3118 1178; x_wconf 78' lang='lat' dir='ltr'><strong>aliquot</strong></span> <span class='ocrx_word' id='word_1_180' title='bbox 3149 1109 3239 1163; x_wconf 86' lang='lat' dir='ltr'><strong>alii</strong></span> <span class='ocrx_word' id='word_1_181' title='bbox 3268 1109 3454 1165; x_wconf 82' lang='lat' dir='ltr'><strong>ferun-</strong></span> 
     </span>
    </p>
   </div>
   <div class='ocr_carea' id='block_1_26' title="bbox 1887 1198 3454 1270">
    <p class='ocr_par' dir='ltr' id='par_1_26' title="bbox 1887 1198 3454 1270">
     <span class='ocr_line' id='line_1_26' title="bbox 1887 1198 3454 1270; baseline 0.004 -19"><span class='ocrx_word' id='word_1_182' title='bbox 1887 1208 1998 1264; x_wconf 93' lang='lat' dir='ltr'><strong>tur,</strong></span> <span class='ocrx_word' id='word_1_183' title='bbox 2027 1214 2165 1268; x_wconf 88' lang='lat' dir='ltr'><strong>quos</strong></span> <span class='ocrx_word' id='word_1_184' title='bbox 2205 1213 2236 1253; x_wconf 87' lang='lat' dir='ltr'><strong>a</strong></span> <span class='ocrx_word' id='word_1_185' title='bbox 2270 1198 2507 1255; x_wconf 73' lang='lat' dir='ltr'><strong>Mosaica</strong></span> <span class='ocrx_word' id='word_1_186' title='bbox 2538 1200 2655 1270; x_wconf 90' lang='lat' dir='ltr'><strong>lege</strong></span> <span class='ocrx_word' id='word_1_187' title='bbox 2686 1199 2854 1255; x_wconf 81' lang='lat' dir='ltr'><strong>fuisse</strong></span> <span class='ocrx_word' id='word_1_188' title='bbox 2886 1199 3092 1254; x_wconf 83' lang='lat' dir='ltr'><strong>alienos</strong></span> <span class='ocrx_word' id='word_1_189' title='bbox 3122 1199 3175 1254; x_wconf 90' lang='lat' dir='ltr'><strong>in</strong></span> <span class='ocrx_word' id='word_1_190' title='bbox 3200 1201 3454 1258; x_wconf 80' lang='lat' dir='ltr'><strong>confesso</strong></span> 
     </span>
    </p>
   </div>
   <div class='ocr_carea' id='block_1_27' title="bbox 1886 1285 3450 1359">
    <p class='ocr_par' dir='ltr' id='par_1_27' title="bbox 1886 1285 3450 1359">
     <span class='ocr_line' id='line_1_27' title="bbox 1886 1285 3450 1359; baseline -0.001 -17"><span class='ocrx_word' id='word_1_191' title='bbox 1886 1294 1988 1343; x_wconf 88' lang='lat' dir='ltr'><strong>est.</strong></span> <span class='ocrx_word' id='word_1_192' title='bbox 2015 1285 2282 1342; x_wconf 85' lang='lat' dir='ltr'><strong>Nimirum</strong></span> <span class='ocrx_word' id='word_1_193' title='bbox 2334 1287 2390 1343; x_wconf 90' lang='lat' dir='ltr'><strong>hi</strong></span> <span class='ocrx_word' id='word_1_194' title='bbox 2436 1295 2823 1359; x_wconf 74' lang='lat' dir='ltr'><strong>prtevertentes</strong></span> <span class='ocrx_word' id='word_1_195' title='bbox 2875 1286 3171 1342; x_wconf 81' lang='lat' dir='ltr'><strong>Mosaicum</strong></span> <span class='ocrx_word' id='word_1_196' title='bbox 3223 1302 3450 1351; x_wconf 87' lang='lat' dir='ltr'><strong>morem,</strong></span> 
     </span>
    </p>
   </div>
   <div class='ocr_carea' id='block_1_28' title="bbox 1885 1379 3452 1456">
    <p class='ocr_par' dir='ltr' id='par_1_28' title="bbox 1885 1379 3452 1456">
     <span class='ocr_line' id='line_1_28' title="bbox 1885 1379 3452 1456; baseline 0.001 -22"><span class='ocrx_word' id='word_1_197' title='bbox 1885 1380 2004 1453; x_wconf 86' lang='lat' dir='ltr'><strong>pari</strong></span> <span class='ocrx_word' id='word_1_198' title='bbox 2059 1380 2347 1438; x_wconf 87' lang='lat' dir='ltr'><strong>nobiscum</strong></span> <span class='ocrx_word' id='word_1_199' title='bbox 2408 1381 2751 1456; x_wconf 84' lang='lat' dir='ltr'><strong>philosophia</strong></span> <span class='ocrx_word' id='word_1_200' title='bbox 2791 1379 3104 1455; x_wconf 83' lang='lat' dir='ltr'><strong>evangelica</strong></span> <span class='ocrx_word' id='word_1_201' title='bbox 3162 1380 3452 1454; x_wconf 60' lang='lat' dir='ltr'><strong>splendueo</strong></span> 
     </span>
    </p>
   </div>
   <div class='ocr_carea' id='block_1_29' title="bbox 1885 1481 2031 1529">
    <p class='ocr_par' dir='ltr' id='par_1_29' title="bbox 1885 1481 2031 1529">
     <span class='ocr_line' id='line_1_29' title="bbox 1885 1481 2031 1529; baseline 0.021 -3"><span class='ocrx_word' id='word_1_202' title='bbox 1885 1481 2031 1529; x_wconf 88' lang='lat' dir='ltr'><strong>runt.</strong></span> 
     </span>
    </p>
   </div>
   <div class='ocr_carea' id='block_1_30' title="bbox 1957 1658 3508 1754">
    <p class='ocr_par' dir='ltr' id='par_1_30' title="bbox 1957 1658 3508 1754">
     <span class='ocr_line' id='line_1_30' title="bbox 1957 1658 3508 1754; baseline -0.003 -14"><span class='ocrx_word' id='word_1_203' title='bbox 1957 1681 2009 1740; x_wconf 86' lang='lat'><strong>5.</strong></span> <span class='ocrx_word' id='word_1_204' title='bbox 2033 1681 2098 1737; x_wconf 85' lang='lat' dir='ltr'><strong>Et</strong></span> <span class='ocrx_word' id='word_1_205' title='bbox 2129 1682 2219 1738; x_wconf 88' lang='lat' dir='ltr'><strong>illa</strong></span> <span class='ocrx_word' id='word_1_206' title='bbox 2245 1681 2463 1754; x_wconf 88' lang='lat' dir='ltr'><strong>quidem</strong></span> <span class='ocrx_word' id='word_1_207' title='bbox 2492 1683 2644 1754; x_wconf 90' lang='lat' dir='ltr'><strong>prior</strong></span> <span class='ocrx_word' id='word_1_208' title='bbox 2677 1682 2787 1738; x_wconf 78' lang='lat' dir='ltr'><strong>vita</strong></span> <span class='ocrx_word' id='word_1_209' title='bbox 2819 1695 2848 1734; x_wconf 90' lang='lat' dir='ltr'><strong>a</strong></span> <span class='ocrx_word' id='word_1_210' title='bbox 2897 1677 3036 1735; x_wconf 89' lang='lat' dir='ltr'><strong>Zara</strong></span> <span class='ocrx_word' id='word_1_211' title='bbox 3087 1677 3452 1751; x_wconf 83' lang='lat' dir='ltr'><strong>portendeba-</strong></span> <span class='ocrx_word' id='word_1_212' title='bbox 3504 1658 3508 1662; x_wconf 14' lang='lat'><strong><em>1</em></strong></span> 
     </span>
    </p>
   </div>
   <div class='ocr_carea' id='block_1_31' title="bbox 232 1768 1781 1850">
    <p class='ocr_par' dir='ltr' id='par_1_31' title="bbox 232 1776 1781 1850">
     <span class='ocr_line' id='line_1_31' title="bbox 232 1776 1781 1850; baseline -0.002 -19"><span class='ocrx_word' id='word_1_213' title='bbox 232 1777 570 1850; x_wconf 72' lang='grc' dir='ltr'>ἑρμηνεύεται</span> <span class='ocrx_word' id='word_1_214' title='bbox 644 1779 955 1846; x_wconf 75' lang='grc' dir='ltr'>Ἀνατολή·</span> <span class='ocrx_word' id='word_1_215' title='bbox 1007 1778 1183 1848; x_wconf 85' lang='grc' dir='ltr'>φωτὸς</span> <span class='ocrx_word' id='word_1_216' title='bbox 1231 1777 1338 1849; x_wconf 86' lang='grc' dir='ltr'>γὰρ</span> <span class='ocrx_word' id='word_1_217' title='bbox 1404 1776 1682 1841; x_wconf 78' lang='grc' dir='ltr'>εὐσεϐείας</span> <span class='ocrx_word' id='word_1_218' title='bbox 1726 1777 1781 1830; x_wconf 80' lang='grc' dir='ltr'>αἱ</span> 
     </span>
    </p>
   </div>
   <div class='ocr_carea' id='block_1_32' title="bbox 1887 1768 3450 1850">
    <p class='ocr_par' dir='ltr' id='par_1_32' title="bbox 1888 1768 3450 1845">
     <span class='ocr_line' id='line_1_32' title="bbox 1888 1768 3450 1845; baseline -0.003 -17"><span class='ocrx_word' id='word_1_219' title='bbox 1888 1782 1999 1840; x_wconf 79' lang='lat' dir='ltr'><strong>tur,</strong></span> <span class='ocrx_word' id='word_1_220' title='bbox 2035 1789 2194 1845; x_wconf 90' lang='lat' dir='ltr'><strong>quem</strong></span> <span class='ocrx_word' id='word_1_221' title='bbox 2251 1773 2523 1830; x_wconf 79' lang='lat' dir='ltr'><strong>Orientem</strong></span> <span class='ocrx_word' id='word_1_222' title='bbox 2553 1774 2999 1843; x_wconf 84' lang='lat' dir='ltr'><strong>interpretamur.</strong></span> <span class='ocrx_word' id='word_1_223' title='bbox 3051 1768 3258 1825; x_wconf 80' lang='lat' dir='ltr'><strong>Pietate</strong></span> <span class='ocrx_word' id='word_1_224' title='bbox 3305 1769 3450 1824; x_wconf 82' lang='lat' dir='ltr'><strong>enim</strong></span> 
     </span>
    </p>
   </div>
   <div class='ocr_carea' id='block_1_33' title="bbox 233 1840 1781 1942">
    <p class='ocr_par' dir='ltr' id='par_1_33' title="bbox 233 1867 1781 1942">
     <span class='ocr_line' id='line_1_33' title="bbox 233 1867 1781 1942; baseline -0.001 -20"><span class='ocrx_word' id='word_1_225' title='bbox 233 1867 430 1939; x_wconf 82' lang='grc' dir='ltr'>πρῶται</span> <span class='ocrx_word' id='word_1_226' title='bbox 479 1868 576 1940; x_wconf 84' lang='grc' dir='ltr'>τῆς</span> <span class='ocrx_word' id='word_1_227' title='bbox 624 1869 889 1940; x_wconf 73' lang='grc' dir='ltr'>ἀνατολῆς</span> <span class='ocrx_word' id='word_1_228' title='bbox 935 1871 1099 1940; x_wconf 73' lang='grc' dir='ltr'>αὐγαὶ</span> <span class='ocrx_word' id='word_1_229' title='bbox 1123 1911 1137 1936; x_wconf 89' lang='grc'><strong>,</strong></span> <span class='ocrx_word' id='word_1_230' title='bbox 1167 1870 1254 1924; x_wconf 81' lang='grc' dir='ltr'>διὰ</span> <span class='ocrx_word' id='word_1_231' title='bbox 1296 1870 1405 1924; x_wconf 87' lang='grc' dir='ltr'><strong>τῶν</strong></span> <span class='ocrx_word' id='word_1_232' title='bbox 1451 1869 1681 1942; x_wconf 86' lang='grc' dir='ltr'>πρώτων</span> <span class='ocrx_word' id='word_1_233' title='bbox 1727 1871 1781 1922; x_wconf 80' lang='grc' dir='ltr'>ἐν</span> 
     </span>
    </p>
   </div>
   <div class='ocr_carea' id='block_1_34' title="bbox 1887 1840 3454 1942">
    <p class='ocr_par' dir='ltr' id='par_1_34' title="bbox 1888 1861 3454 1939">
     <span class='ocr_line' id='line_1_34' title="bbox 1888 1861 3454 1939; baseline -0.005 -16"><span class='ocrx_word' id='word_1_234' title='bbox 1888 1869 2129 1924; x_wconf 85' lang='lat' dir='ltr'><strong>lucentes</strong></span> <span class='ocrx_word' id='word_1_235' title='bbox 2160 1867 2320 1939; x_wconf 87' lang='lat' dir='ltr'><strong>primi</strong></span> <span class='ocrx_word' id='word_1_236' title='bbox 2358 1868 2589 1923; x_wconf 86' lang='lat' dir='ltr'><strong>orientis</strong></span> <span class='ocrx_word' id='word_1_237' title='bbox 2619 1865 2755 1920; x_wconf 84' lang='lat' dir='ltr'><strong>radii</strong></span> <span class='ocrx_word' id='word_1_238' title='bbox 2795 1881 2892 1936; x_wconf 86' lang='lat' dir='ltr'><strong>per</strong></span> <span class='ocrx_word' id='word_1_239' title='bbox 2915 1879 3033 1928; x_wconf 85' lang='lat' dir='ltr'><strong>eos,</strong></span> <span class='ocrx_word' id='word_1_240' title='bbox 3058 1865 3149 1935; x_wconf 87' lang='lat' dir='ltr'><strong>qui</strong></span> <span class='ocrx_word' id='word_1_241' title='bbox 3171 1861 3327 1934; x_wconf 86' lang='lat' dir='ltr'><strong>primi</strong></span> <span class='ocrx_word' id='word_1_242' title='bbox 3366 1861 3454 1916; x_wconf 83' lang='lat' dir='ltr'><strong>in-</strong></span> 
     </span>
    </p>
   </div>
   <div class='ocr_carea' id='block_1_35' title="bbox 232 1957 1815 2035">
    <p class='ocr_par' dir='ltr' id='par_1_35' title="bbox 232 1957 1815 2035">
     <span class='ocr_line' id='line_1_35' title="bbox 232 1957 1815 2035; baseline 0.003 -23"><span class='ocrx_word' id='word_1_243' title='bbox 232 1957 518 2031; x_wconf 85' lang='grc' dir='ltr'>ἀνθρώποις</span> <span class='ocrx_word' id='word_1_244' title='bbox 554 1962 968 2034; x_wconf 82' lang='grc' dir='ltr'>εὐσεϐησάντων</span> <span class='ocrx_word' id='word_1_245' title='bbox 993 1963 1329 2034; x_wconf 78' lang='grc' dir='ltr'>ἐξέλαμψαν·</span> <span class='ocrx_word' id='word_1_246' title='bbox 1360 1958 1462 2016; x_wconf 76' lang='grc' dir='ltr'>οἷοί</span> <span class='ocrx_word' id='word_1_247' title='bbox 1501 1980 1605 2035; x_wconf 85' lang='grc' dir='ltr'><strong>περ</strong></span> <span class='ocrx_word' id='word_1_248' title='bbox 1645 1957 1815 2034; x_wconf 83' lang='grc' dir='ltr'>ἦσαν·</span> 
     </span>
    </p>
   </div>
   <div class='ocr_carea' id='block_1_36' title="bbox 230 2052 1787 2127">
    <p class='ocr_par' dir='ltr' id='par_1_36' title="bbox 230 2052 1787 2127">
     <span class='ocr_line' id='line_1_36' title="bbox 230 2052 1787 2127; baseline 0.001 -22"><span class='ocrx_word' id='word_1_249' title='bbox 230 2052 274 2105; x_wconf 76' lang='lat' dir='ltr'><strong>oi</strong></span> <span class='ocrx_word' id='word_1_250' title='bbox 317 2053 416 2125; x_wconf 87' lang='grc' dir='ltr'><strong>πρὸ</strong></span> <span class='ocrx_word' id='word_1_251' title='bbox 443 2053 720 2119; x_wconf 85' lang='grc' dir='ltr'>Μωῢσέως</span> <span class='ocrx_word' id='word_1_252' title='bbox 762 2056 826 2108; x_wconf 75' lang='grc' dir='ltr'>ὲκ</span> <span class='ocrx_word' id='word_1_253' title='bbox 858 2053 1081 2127; x_wconf 80' lang='grc' dir='ltr'>πρώτης</span> <span class='ocrx_word' id='word_1_254' title='bbox 1121 2055 1423 2126; x_wconf 81' lang='grc' dir='ltr'>ἀνθρώπων</span> <span class='ocrx_word' id='word_1_255' title='bbox 1476 2054 1787 2117; x_wconf 78' lang='grc' dir='ltr'>συστάσεως</span> 
     </span>
    </p>
   </div>
   <div class='ocr_carea' id='block_1_37' title="bbox 231 2142 1788 2218">
    <p class='ocr_par' dir='ltr' id='par_1_37' title="bbox 231 2142 1788 2218">
     <span class='ocr_line' id='line_1_37' title="bbox 231 2142 1788 2218; baseline 0.001 -22"><span class='ocrx_word' id='word_1_256' title='bbox 231 2142 479 2212; x_wconf 75' lang='grc' dir='ltr'>θεοφιλεῖς</span> <span class='ocrx_word' id='word_1_257' title='bbox 525 2145 928 2216; x_wconf 84' lang='grc' dir='ltr'>ἀποφανθέντες</span> <span class='ocrx_word' id='word_1_258' title='bbox 949 2162 963 2177; x_wconf 93' lang='grc'><strong>·</strong></span> <span class='ocrx_word' id='word_1_259' title='bbox 993 2147 1042 2200; x_wconf 89' lang='grc' dir='ltr'><strong>οί</strong></span> <span class='ocrx_word' id='word_1_260' title='bbox 1070 2145 1133 2218; x_wconf 80' lang='grc' dir='ltr'><strong>δὴ</strong></span> <span class='ocrx_word' id='word_1_261' title='bbox 1179 2145 1275 2200; x_wconf 62' lang='grc' dir='ltr'><strong>καὶ⁷</strong></span> <span class='ocrx_word' id='word_1_262' title='bbox 1301 2145 1379 2217; x_wconf 84' lang='grc' dir='ltr'>τῷ</span> <span class='ocrx_word' id='word_1_263' title='bbox 1427 2145 1574 2215; x_wconf 78' lang='grc' dir='ltr'>Ζαρᾷ</span> <span class='ocrx_word' id='word_1_264' title='bbox 1607 2161 1788 2215; x_wconf 81' lang='grc' dir='ltr'>παρα-</span> 
     </span>
    </p>
   </div>
   <div class='ocr_carea' id='block_1_38' title="bbox 229 2233 1785 2310">
    <p class='ocr_par' dir='ltr' id='par_1_38' title="bbox 229 2233 1785 2310">
     <span class='ocr_line' id='line_1_38' title="bbox 229 2233 1785 2310; baseline 0.002 -24"><span class='ocrx_word' id='word_1_265' title='bbox 229 2233 474 2306; x_wconf 85' lang='grc' dir='ltr'>πλησίως,</span> <span class='ocrx_word' id='word_1_266' title='bbox 507 2235 716 2306; x_wconf 89' lang='grc' dir='ltr'>πρῶτοι</span> <span class='ocrx_word' id='word_1_267' title='bbox 771 2237 876 2309; x_wconf 82' lang='grc' dir='ltr'>μὴν</span> <span class='ocrx_word' id='word_1_268' title='bbox 921 2237 1019 2308; x_wconf 83' lang='grc' dir='ltr'><strong>τὴν</strong></span> <span class='ocrx_word' id='word_1_269' title='bbox 1073 2240 1230 2310; x_wconf 85' lang='grc' dir='ltr'>χεῖρα</span> <span class='ocrx_word' id='word_1_270' title='bbox 1279 2237 1639 2310; x_wconf 84' lang='grc' dir='ltr'>προεϐάλοντο</span> <span class='ocrx_word' id='word_1_271' title='bbox 1693 2239 1785 2291; x_wconf 86' lang='grc' dir='ltr'><strong>τὸν</strong></span> 
     </span>
    </p>
   </div>
   <div class='ocr_carea' id='block_1_39' title="bbox 229 2323 1784 2398">
    <p class='ocr_par' dir='ltr' id='par_1_39' title="bbox 229 2323 1784 2398">
     <span class='ocr_line' id='line_1_39' title="bbox 229 2323 1784 2398; baseline 0.002 -23"><span class='ocrx_word' id='word_1_272' title='bbox 229 2323 511 2394; x_wconf 79' lang='grc' dir='ltr'>πρακτικὸν</span> <span class='ocrx_word' id='word_1_273' title='bbox 546 2325 662 2396; x_wconf 85' lang='grc' dir='ltr'>βίον</span> <span class='ocrx_word' id='word_1_274' title='bbox 700 2325 1095 2397; x_wconf 80' lang='grc' dir='ltr'>ἐνδειξάμενοι·</span> <span class='ocrx_word' id='word_1_275' title='bbox 1149 2326 1208 2380; x_wconf 82' lang='grc' dir='ltr'><strong>ού</strong></span> <span class='ocrx_word' id='word_1_276' title='bbox 1248 2327 1355 2398; x_wconf 82' lang='grc' dir='ltr'><strong>μὴν</strong></span> <span class='ocrx_word' id='word_1_277' title='bbox 1386 2327 1480 2380; x_wconf 81' lang='grc' dir='ltr'>καὶ</span> <span class='ocrx_word' id='word_1_278' title='bbox 1521 2325 1784 2396; x_wconf 75' lang='grc' dir='ltr'>ἐκράτυνέ</span> 
     </span>
    </p>
   </div>
   <div class='ocr_carea' id='block_1_40' title="bbox 228 2416 1782 2493">
    <p class='ocr_par' dir='ltr' id='par_1_40' title="bbox 228 2416 1782 2493">
     <span class='ocr_line' id='line_1_40' title="bbox 228 2416 1782 2493; baseline 0.002 -25"><span class='ocrx_word' id='word_1_279' title='bbox 228 2431 285 2483; x_wconf 86' lang='grc' dir='ltr'><strong>γε</strong></span> <span class='ocrx_word' id='word_1_280' title='bbox 306 2416 483 2471; x_wconf 89' lang='grc' dir='ltr'>τοῦτον</span> <span class='ocrx_word' id='word_1_281' title='bbox 503 2436 514 2448; x_wconf 68' lang='grc' dir='ltr'>ι</span> <span class='ocrx_word' id='word_1_282' title='bbox 548 2417 646 2472; x_wconf 89' lang='grc' dir='ltr'><strong>τοῦ</strong></span> <span class='ocrx_word' id='word_1_283' title='bbox 680 2419 738 2472; x_wconf 76' lang='grc' dir='ltr'><strong>δὲ</strong></span> <span class='ocrx_word' id='word_1_284' title='bbox 783 2419 903 2477; x_wconf 82' lang='grc' dir='ltr'>κατ’</span> <span class='ocrx_word' id='word_1_285' title='bbox 931 2418 1127 2482; x_wconf 79' lang='grc' dir='ltr'>αὐτοὺς</span> <span class='ocrx_word' id='word_1_286' title='bbox 1172 2419 1373 2491; x_wconf 87' lang='grc' dir='ltr'>τρόπου</span> <span class='ocrx_word' id='word_1_287' title='bbox 1421 2420 1480 2472; x_wconf 78' lang='grc' dir='ltr'>ὲν</span> <span class='ocrx_word' id='word_1_288' title='bbox 1515 2419 1782 2493; x_wconf 81' lang='grc' dir='ltr'>ῦποστολῇ</span> 
     </span>
    </p>
   </div>
   <div class='ocr_carea' id='block_1_41' title="bbox 227 2507 1782 2583">
    <p class='ocr_par' dir='ltr' id='par_1_41' title="bbox 227 2507 1782 2583">
     <span class='ocr_line' id='line_1_41' title="bbox 227 2507 1782 2583; baseline 0.001 -22"><span class='ocrx_word' id='word_1_289' title='bbox 227 2507 497 2580; x_wconf 81' lang='grc' dir='ltr'>γενομένου</span> <span class='ocrx_word' id='word_1_290' title='bbox 521 2527 536 2543; x_wconf 79' lang='grc' dir='ltr'><strong>ο</strong></span> <span class='ocrx_word' id='word_1_291' title='bbox 568 2510 664 2565; x_wconf 76' lang='grc' dir='ltr'><strong>καὶ</strong></span> <span class='ocrx_word' id='word_1_292' title='bbox 704 2511 892 2583; x_wconf 82' lang='grc' dir='ltr'>ὥσπερ</span> <span class='ocrx_word' id='word_1_293' title='bbox 933 2511 1075 2574; x_wconf 81' lang='grc' dir='ltr'>τινὸς</span> <span class='ocrx_word' id='word_1_294' title='bbox 1115 2509 1369 2583; x_wconf 79' lang='grc' dir='ltr'>φραγμοῦ</span> <span class='ocrx_word' id='word_1_295' title='bbox 1413 2511 1782 2574; x_wconf 80' lang='grc' dir='ltr'>διακοπέντος,</span> 
     </span>
    </p>
   </div>
   <div class='ocr_carea' id='block_1_42' title="bbox 226 2594 1783 2672">
    <p class='ocr_par' dir='ltr' id='par_1_42' title="bbox 226 2594 1783 2672">
     <span class='ocr_line' id='line_1_42' title="bbox 226 2594 1783 2672; baseline 0.002 -21"><span class='ocrx_word' id='word_1_296' title='bbox 226 2596 430 2668; x_wconf 63' lang='grc' dir='ltr'>ἐξῆλθεν</span> <span class='ocrx_word' id='word_1_297' title='bbox 453 2601 481 2652; x_wconf 93' lang='lat'><strong>6</strong></span> <span class='ocrx_word' id='word_1_298' title='bbox 513 2594 743 2670; x_wconf 79' lang='grc' dir='ltr'>ἀδελφὸς</span> <span class='ocrx_word' id='word_1_299' title='bbox 775 2599 936 2654; x_wconf 83' lang='grc' dir='ltr'>αὐτοῦ</span> <span class='ocrx_word' id='word_1_300' title='bbox 969 2602 997 2654; x_wconf 90' lang='lat'><strong>6</strong></span> <span class='ocrx_word' id='word_1_301' title='bbox 1021 2599 1163 2654; x_wconf 75' lang='grc' dir='ltr'>κατὰ</span> <span class='ocrx_word' id='word_1_302' title='bbox 1193 2599 1432 2654; x_wconf 85' lang='grc' dir='ltr'>Μωῦσέα</span> <span class='ocrx_word' id='word_1_303' title='bbox 1460 2599 1601 2669; x_wconf 87' lang='grc' dir='ltr'>βίος·</span> <span class='ocrx_word' id='word_1_304' title='bbox 1631 2599 1689 2655; x_wconf 82' lang='grc' dir='ltr'>ὃν</span> <span class='ocrx_word' id='word_1_305' title='bbox 1718 2599 1783 2672; x_wconf 78' lang='grc' dir='ltr'>δὴ</span> 
     </span>
    </p>
   </div>
   <div class='ocr_carea' id='block_1_43' title="bbox 228 2689 1785 2763">
    <p class='ocr_par' dir='ltr' id='par_1_43' title="bbox 228 2689 1785 2763">
     <span class='ocr_line' id='line_1_43' title="bbox 228 2689 1785 2763; baseline -0.001 -19"><span class='ocrx_word' id='word_1_306' title='bbox 228 2691 518 2763; x_wconf 77' lang='grc' dir='ltr'>μεσότοιχον</span> <span class='ocrx_word' id='word_1_307' title='bbox 548 2691 801 2763; x_wconf 84' lang='grc' dir='ltr'>φραγμὸν</span> <span class='ocrx_word' id='word_1_308' title='bbox 830 2691 1094 2762; x_wconf 79' lang='grc' dir='ltr'>κέκληκεν</span> <span class='ocrx_word' id='word_1_309' title='bbox 1133 2692 1161 2744; x_wconf 91' lang='lat'><strong>6</strong></span> <span class='ocrx_word' id='word_1_310' title='bbox 1197 2689 1496 2761; x_wconf 81' lang='grc' dir='ltr'>θαυμάσιος</span> <span class='ocrx_word' id='word_1_311' title='bbox 1531 2689 1785 2747; x_wconf 82' lang='grc' dir='ltr'>Ἀπόστο-</span> 
     </span>
    </p>
   </div>
   <div class='ocr_carea' id='block_1_44' title="bbox 222 2779 1786 2856">
    <p class='ocr_par' dir='ltr' id='par_1_44' title="bbox 222 2779 1786 2856">
     <span class='ocr_line' id='line_1_44' title="bbox 222 2779 1786 2856; baseline 0.001 -20"><span class='ocrx_word' id='word_1_312' title='bbox 222 2779 332 2846; x_wconf 72' lang='grc' dir='ltr'>λος·</span> <span class='ocrx_word' id='word_1_313' title='bbox 363 2783 440 2837; x_wconf 84' lang='grc' dir='ltr'><strong>διὸ</strong></span> <span class='ocrx_word' id='word_1_314' title='bbox 471 2784 566 2839; x_wconf 83' lang='grc' dir='ltr'>καὶ</span> <span class='ocrx_word' id='word_1_315' title='bbox 598 2783 888 2856; x_wconf 80' lang='grc' dir='ltr'>ὠνομάσθη</span> <span class='ocrx_word' id='word_1_316' title='bbox 917 2783 1112 2856; x_wconf 79' lang='grc' dir='ltr'>Φαρὲς,</span> <span class='ocrx_word' id='word_1_317' title='bbox 1142 2783 1240 2853; x_wconf 77' lang='grc' dir='ltr'>τῆς</span> <span class='ocrx_word' id='word_1_318' title='bbox 1271 2784 1366 2836; x_wconf 85' lang='grc' dir='ltr'><strong>τοῦ</strong></span> <span class='ocrx_word' id='word_1_319' title='bbox 1393 2783 1648 2856; x_wconf 78' lang='grc' dir='ltr'>φραγμοῦ</span> <span class='ocrx_word' id='word_1_320' title='bbox 1671 2785 1786 2838; x_wconf 67' lang='grc' dir='ltr'>διας-</span> 
     </span>
    </p>
   </div>
   <div class='ocr_carea' id='block_1_45' title="bbox 224 2875 1780 2949">
    <p class='ocr_par' dir='ltr' id='par_1_45' title="bbox 224 2875 1780 2949">
     <span class='ocr_line' id='line_1_45' title="bbox 224 2875 1780 2949; baseline 0.001 -20"><span class='ocrx_word' id='word_1_321' title='bbox 224 2875 386 2946; x_wconf 71' lang='grc' dir='ltr'>κοπῆς</span> <span class='ocrx_word' id='word_1_322' title='bbox 411 2876 699 2948; x_wconf 72' lang='grc' dir='ltr'>ἐπώνυμος</span> <span class='ocrx_word' id='word_1_323' title='bbox 721 2894 732 2906; x_wconf 73' lang='grc'>⁸</span> <span class='ocrx_word' id='word_1_324' title='bbox 757 2877 1118 2949; x_wconf 82' lang='grc' dir='ltr'>ἑρμηνεύεται</span> <span class='ocrx_word' id='word_1_325' title='bbox 1139 2877 1268 2947; x_wconf 83' lang='grc' dir='ltr'>γοῦν</span> <span class='ocrx_word' id='word_1_326' title='bbox 1287 2877 1459 2948; x_wconf 80' lang='grc' dir='ltr'>Φαρὲς</span> <span class='ocrx_word' id='word_1_327' title='bbox 1471 2879 1780 2948; x_wconf 81' lang='grc' dir='ltr'>μερισμός·</span> 
     </span>
    </p>
   </div>
   <div class='ocr_carea' id='block_1_46' title="bbox 224 2965 1786 3044">
    <p class='ocr_par' dir='ltr' id='par_1_46' title="bbox 224 2965 1786 3044">
     <span class='ocr_line' id='line_1_46' title="bbox 224 2965 1786 3044; baseline 0.004 -26"><span class='ocrx_word' id='word_1_328' title='bbox 224 2965 361 3020; x_wconf 70' lang='grc' dir='ltr'>ἔνθεν</span> <span class='ocrx_word' id='word_1_329' title='bbox 385 2969 477 3023; x_wconf 78' lang='grc' dir='ltr'>καὶ</span> <span class='ocrx_word' id='word_1_330' title='bbox 517 2971 802 3042; x_wconf 77' lang='grc' dir='ltr'>Φαρισαῖοι</span> <span class='ocrx_word' id='word_1_331' title='bbox 831 2971 961 3042; x_wconf 83' lang='grc' dir='ltr'>παρ’</span> <span class='ocrx_word' id='word_1_332' title='bbox 996 2971 1176 3034; x_wconf 75' lang='grc' dir='ltr'>αὐτοῖς</span> <span class='ocrx_word' id='word_1_333' title='bbox 1204 2971 1514 3042; x_wconf 82' lang='grc' dir='ltr'>διέπρεπον,</span> <span class='ocrx_word' id='word_1_334' title='bbox 1545 2971 1696 3044; x_wconf 85' lang='grc' dir='ltr'><strong>παρά</strong></span> <span class='ocrx_word' id='word_1_335' title='bbox 1725 2969 1786 3024; x_wconf 85' lang='grc' dir='ltr'><strong>τὸ</strong></span> 
     </span>
    </p>
   </div>
   <div class='ocr_carea' id='block_1_47' title="bbox 223 3059 1784 3133">
    <p class='ocr_par' dir='ltr' id='par_1_47' title="bbox 223 3059 1784 3133">
     <span class='ocr_line' id='line_1_47' title="bbox 223 3059 1784 3133; baseline 0.003 -22"><span class='ocrx_word' id='word_1_336' title='bbox 223 3059 451 3127; x_wconf 77' lang='grc' dir='ltr'>μερίζειν</span> <span class='ocrx_word' id='word_1_337' title='bbox 476 3063 570 3116; x_wconf 77' lang='grc' dir='ltr'><strong>καὶ</strong></span> <span class='ocrx_word' id='word_1_338' title='bbox 599 3062 878 3132; x_wconf 74' lang='grc' dir='ltr'>ἀφορίζειν</span> <span class='ocrx_word' id='word_1_339' title='bbox 903 3063 1129 3126; x_wconf 62' lang='lat' dir='ltr'><strong>éa‘no’ac;</strong></span> <span class='ocrx_word' id='word_1_340' title='bbox 1160 3061 1259 3133; x_wconf 78' lang='grc' dir='ltr'>τῆς</span> <span class='ocrx_word' id='word_1_341' title='bbox 1290 3062 1398 3115; x_wconf 85' lang='grc' dir='ltr'><strong>τῶν</strong></span> <span class='ocrx_word' id='word_1_342' title='bbox 1427 3061 1638 3116; x_wconf 83' lang='grc' dir='ltr'>πολλῶν</span> <span class='ocrx_word' id='word_1_343' title='bbox 1666 3063 1784 3115; x_wconf 84' lang='grc' dir='ltr'>ἐπι-</span> 
     </span>
    </p>
   </div>
   <div class='ocr_carea' id='block_1_48' title="bbox 1885 1954 3450 2031">
    <p class='ocr_par' dir='ltr' id='par_1_48' title="bbox 1885 1954 3450 2031">
     <span class='ocr_line' id='line_1_48' title="bbox 1885 1954 3450 2031; baseline -0.006 -14"><span class='ocrx_word' id='word_1_344' title='bbox 1885 1971 1970 2017; x_wconf 92' lang='lat' dir='ltr'><strong>ter</strong></span> <span class='ocrx_word' id='word_1_345' title='bbox 1998 1961 2248 2023; x_wconf 85' lang='lat' dir='ltr'><strong>homines</strong></span> <span class='ocrx_word' id='word_1_346' title='bbox 2277 1960 2518 2031; x_wconf 84' lang='lat' dir='ltr'><strong>religiosi</strong></span> <span class='ocrx_word' id='word_1_347' title='bbox 2543 1958 2714 2018; x_wconf 81' lang='lat' dir='ltr'><strong>fuere.</strong></span> <span class='ocrx_word' id='word_1_348' title='bbox 2738 1959 3116 2014; x_wconf 86' lang='lat' dir='ltr'><strong>emicuerunt:</strong></span> <span class='ocrx_word' id='word_1_349' title='bbox 3143 1954 3450 2024; x_wconf 76' lang='lat' dir='ltr'><strong>cuiusmodi</strong></span> 
     </span>
    </p>
   </div>
   <div class='ocr_carea' id='block_1_49' title="bbox 1885 2046 3451 2124">
    <p class='ocr_par' dir='ltr' id='par_1_49' title="bbox 1885 2046 3451 2124">
     <span class='ocr_line' id='line_1_49' title="bbox 1885 2046 3451 2124; baseline -0.006 -15"><span class='ocrx_word' id='word_1_350' title='bbox 1885 2062 2043 2110; x_wconf 86' lang='lat' dir='ltr'><strong>erant</strong></span> <span class='ocrx_word' id='word_1_351' title='bbox 2090 2052 2128 2107; x_wconf 92' lang='lat' dir='ltr'><strong>ii</strong></span> <span class='ocrx_word' id='word_1_352' title='bbox 2151 2052 2244 2123; x_wconf 91' lang='lat' dir='ltr'><strong>qui</strong></span> <span class='ocrx_word' id='word_1_353' title='bbox 2275 2060 2400 2107; x_wconf 86' lang='lat' dir='ltr'><strong>ante</strong></span> <span class='ocrx_word' id='word_1_354' title='bbox 2429 2051 2666 2124; x_wconf 84' lang='lat' dir='ltr'><strong>Moysem</strong></span> <span class='ocrx_word' id='word_1_355' title='bbox 2697 2051 2810 2121; x_wconf 85' lang='lat' dir='ltr'><strong>jam</strong></span> <span class='ocrx_word' id='word_1_356' title='bbox 2841 2050 2971 2106; x_wconf 85' lang='lat' dir='ltr'><strong>inde</strong></span> <span class='ocrx_word' id='word_1_357' title='bbox 2999 2064 3029 2104; x_wconf 91' lang='lat' dir='ltr'><strong>a</strong></span> <span class='ocrx_word' id='word_1_358' title='bbox 3056 2048 3233 2120; x_wconf 88' lang='lat' dir='ltr'><strong>prima</strong></span> <span class='ocrx_word' id='word_1_359' title='bbox 3271 2046 3451 2102; x_wconf 90' lang='lat' dir='ltr'><strong>homi-</strong></span> 
     </span>
    </p>
   </div>
   <div class='ocr_carea' id='block_1_50' title="bbox 1886 2140 3454 2212">
    <p class='ocr_par' dir='ltr' id='par_1_50' title="bbox 1886 2140 3454 2212">
     <span class='ocr_line' id='line_1_50' title="bbox 1886 2140 3454 2212; baseline -0.004 -11"><span class='ocrx_word' id='word_1_360' title='bbox 1886 2161 2016 2201; x_wconf 84' lang='lat' dir='ltr'><strong>num</strong></span> <span class='ocrx_word' id='word_1_361' title='bbox 2051 2144 2328 2201; x_wconf 90' lang='lat' dir='ltr'><strong>creatione</strong></span> <span class='ocrx_word' id='word_1_362' title='bbox 2355 2152 2610 2199; x_wconf 78' lang='lat' dir='ltr'><strong>sanetum</strong></span> <span class='ocrx_word' id='word_1_363' title='bbox 2626 2142 2717 2198; x_wconf 81' lang='lat' dir='ltr'><strong>Dei</strong></span> <span class='ocrx_word' id='word_1_364' title='bbox 2742 2142 2949 2197; x_wconf 88' lang='lat' dir='ltr'><strong>cultum</strong></span> <span class='ocrx_word' id='word_1_365' title='bbox 2978 2156 3090 2212; x_wconf 61' lang='lat' dir='ltr'><strong>pra!</strong></span> <span class='ocrx_word' id='word_1_366' title='bbox 3105 2157 3164 2196; x_wconf 89' lang='lat' dir='ltr'><strong>se</strong></span> <span class='ocrx_word' id='word_1_367' title='bbox 3187 2140 3454 2196; x_wconf 82' lang='lat' dir='ltr'><strong>tulerunt.</strong></span> 
     </span>
    </p>
   </div>
   <div class='ocr_carea' id='block_1_51' title="bbox 1886 2233 3454 2313">
    <p class='ocr_par' dir='ltr' id='par_1_51' title="bbox 1886 2233 3454 2313">
     <span class='ocr_line' id='line_1_51' title="bbox 1886 2233 3454 2313; baseline -0.005 -19"><span class='ocrx_word' id='word_1_368' title='bbox 1886 2240 2062 2313; x_wconf 85' lang='lat' dir='ltr'><strong>Atque</strong></span> <span class='ocrx_word' id='word_1_369' title='bbox 2093 2237 2149 2291; x_wconf 92' lang='lat' dir='ltr'><strong>hi</strong></span> <span class='ocrx_word' id='word_1_370' title='bbox 2182 2251 2291 2291; x_wconf 91' lang='lat' dir='ltr'><strong>non</strong></span> <span class='ocrx_word' id='word_1_371' title='bbox 2323 2252 2481 2292; x_wconf 71' lang='lat' dir='ltr'><strong>secus</strong></span> <span class='ocrx_word' id='word_1_372' title='bbox 2514 2243 2679 2307; x_wconf 79' lang='lat' dir='ltr'><strong>atque</strong></span> <span class='ocrx_word' id='word_1_373' title='bbox 2710 2234 2849 2289; x_wconf 82' lang='lat' dir='ltr'><strong>Zara</strong></span> <span class='ocrx_word' id='word_1_374' title='bbox 2880 2233 3041 2305; x_wconf 88' lang='lat' dir='ltr'><strong>primi</strong></span> <span class='ocrx_word' id='word_1_375' title='bbox 3078 2249 3299 2289; x_wconf 85' lang='lat' dir='ltr'><strong>manum</strong></span> <span class='ocrx_word' id='word_1_376' title='bbox 3330 2248 3454 2303; x_wconf 73' lang='lat' dir='ltr'><strong>pro~</strong></span> 
     </span>
    </p>
   </div>
   <div class='ocr_carea' id='block_1_52' title="bbox 1885 2325 3452 2396">
    <p class='ocr_par' dir='ltr' id='par_1_52' title="bbox 1885 2325 3452 2396">
     <span class='ocr_line' id='line_1_52' title="bbox 1885 2325 3452 2396; baseline -0.002 -13"><span class='ocrx_word' id='word_1_377' title='bbox 1885 2329 2201 2394; x_wconf 87' lang='lat' dir='ltr'><strong>tenderunt,</strong></span> <span class='ocrx_word' id='word_1_378' title='bbox 2238 2329 2461 2386; x_wconf 69' lang='lat' dir='ltr'><strong>solertis</strong></span> <span class='ocrx_word' id='word_1_379' title='bbox 2499 2327 2626 2382; x_wconf 77' lang='lat' dir='ltr'><strong>vitae</strong></span> <span class='ocrx_word' id='word_1_380' title='bbox 2672 2326 2878 2382; x_wconf 88' lang='lat' dir='ltr'><strong>indicio</strong></span> <span class='ocrx_word' id='word_1_381' title='bbox 2919 2325 3083 2393; x_wconf 81' lang='lat' dir='ltr'><strong>facto,</strong></span> <span class='ocrx_word' id='word_1_382' title='bbox 3114 2341 3220 2396; x_wconf 88' lang='lat' dir='ltr'><strong>qua</strong></span> <span class='ocrx_word' id='word_1_383' title='bbox 3272 2335 3452 2380; x_wconf 85' lang='lat' dir='ltr'><strong>tamen</strong></span> 
     </span>
    </p>
   </div>
   <div class='ocr_carea' id='block_1_53' title="bbox 1887 2416 3450 2490">
    <p class='ocr_par' dir='ltr' id='par_1_53' title="bbox 1887 2416 3450 2490">
     <span class='ocr_line' id='line_1_53' title="bbox 1887 2416 3450 2490; baseline -0.003 -17"><span class='ocrx_word' id='word_1_384' title='bbox 1887 2434 1995 2473; x_wconf 91' lang='lat' dir='ltr'><strong>non</strong></span> <span class='ocrx_word' id='word_1_385' title='bbox 2024 2426 2153 2474; x_wconf 86' lang='lat' dir='ltr'><strong>sunt</strong></span> <span class='ocrx_word' id='word_1_386' title='bbox 2197 2418 2376 2490; x_wconf 87' lang='lat' dir='ltr'><strong>potiti,</strong></span> <span class='ocrx_word' id='word_1_387' title='bbox 2409 2417 2654 2472; x_wconf 89' lang='lat' dir='ltr'><strong>moribus</strong></span> <span class='ocrx_word' id='word_1_388' title='bbox 2697 2431 2884 2471; x_wconf 88' lang='lat' dir='ltr'><strong>eorum</strong></span> <span class='ocrx_word' id='word_1_389' title='bbox 2935 2431 2995 2472; x_wconf 88' lang='lat' dir='ltr'><strong>se</strong></span> <span class='ocrx_word' id='word_1_390' title='bbox 3026 2416 3450 2471; x_wconf 86' lang='lat' dir='ltr'><strong>retrahentibus.</strong></span> 
     </span>
    </p>
   </div>
   <div class='ocr_carea' id='block_1_54' title="bbox 1885 2507 3456 2581">
    <p class='ocr_par' dir='ltr' id='par_1_54' title="bbox 1885 2507 3456 2581">
     <span class='ocr_line' id='line_1_54' title="bbox 1885 2507 3456 2581; baseline 0.001 -15"><span class='ocrx_word' id='word_1_391' title='bbox 1885 2511 2063 2581; x_wconf 85' lang='lat' dir='ltr'><strong>Atque</strong></span> <span class='ocrx_word' id='word_1_392' title='bbox 2103 2511 2322 2567; x_wconf 87' lang='lat' dir='ltr'><strong>interim</strong></span> <span class='ocrx_word' id='word_1_393' title='bbox 2375 2509 2615 2572; x_wconf 78' lang='lat' dir='ltr'><strong>maceria</strong></span> <span class='ocrx_word' id='word_1_394' title='bbox 2668 2509 2835 2565; x_wconf 89' lang='lat' dir='ltr'><strong>veluti</strong></span> <span class='ocrx_word' id='word_1_395' title='bbox 2880 2507 3080 2574; x_wconf 86' lang='lat' dir='ltr'><strong>divisa,</strong></span> <span class='ocrx_word' id='word_1_396' title='bbox 3107 2509 3239 2565; x_wconf 90' lang='lat' dir='ltr'><strong>exiit</strong></span> <span class='ocrx_word' id='word_1_397' title='bbox 3284 2509 3456 2568; x_wconf 78' lang='lat' dir='ltr'><strong>frater</strong></span> 
     </span>
    </p>
   </div>
   <div class='ocr_carea' id='block_1_55' title="bbox 1886 2600 3455 2673">
    <p class='ocr_par' dir='ltr' id='par_1_55' title="bbox 1886 2600 3455 2673">
     <span class='ocr_line' id='line_1_55' title="bbox 1886 2600 3455 2673; baseline 0.001 -16"><span class='ocrx_word' id='word_1_398' title='bbox 1886 2602 2026 2672; x_wconf 83' lang='lat' dir='ltr'><strong>ejus,</strong></span> <span class='ocrx_word' id='word_1_399' title='bbox 2051 2603 2173 2658; x_wconf 77' lang='lat' dir='ltr'><strong>vitae</strong></span> <span class='ocrx_word' id='word_1_400' title='bbox 2208 2603 2464 2660; x_wconf 87' lang='lat' dir='ltr'><strong>nimirum</strong></span> <span class='ocrx_word' id='word_1_401' title='bbox 2491 2602 2795 2661; x_wconf 82' lang='lat' dir='ltr'><strong>secundum</strong></span> <span class='ocrx_word' id='word_1_402' title='bbox 2831 2600 3070 2673; x_wconf 78' lang='lat' dir='ltr'><strong>Moysem</strong></span> <span class='ocrx_word' id='word_1_403' title='bbox 3093 2617 3286 2672; x_wconf 79' lang='lat' dir='ltr'><strong>genus.</strong></span> <span class='ocrx_word' id='word_1_404' title='bbox 3309 2603 3455 2673; x_wconf 84' lang='lat' dir='ltr'><strong>quod</strong></span> 
     </span>
    </p>
   </div>
   <div class='ocr_carea' id='block_1_56' title="bbox 1886 2693 3456 2766">
    <p class='ocr_par' dir='ltr' id='par_1_56' title="bbox 1886 2693 3456 2766">
     <span class='ocr_line' id='line_1_56' title="bbox 1886 2693 3456 2766; baseline 0.001 -18"><span class='ocrx_word' id='word_1_405' title='bbox 1886 2694 2125 2750; x_wconf 86' lang='lat' dir='ltr'><strong>medium</strong></span> <span class='ocrx_word' id='word_1_406' title='bbox 2182 2695 2444 2766; x_wconf 87' lang='lat' dir='ltr'><strong>parietem</strong></span> <span class='ocrx_word' id='word_1_407' title='bbox 2480 2693 2745 2750; x_wconf 82' lang='lat' dir='ltr'><strong>miriﬁcus</strong></span> <span class='ocrx_word' id='word_1_408' title='bbox 2775 2694 3071 2765; x_wconf 91' lang='lat' dir='ltr'><strong>Apostolus</strong></span> <span class='ocrx_word' id='word_1_409' title='bbox 3117 2694 3408 2764; x_wconf 80' lang='lat' dir='ltr'><strong>appellavit</strong></span> <span class='ocrx_word' id='word_1_410' title='bbox 3437 2715 3456 2749; x_wconf 91' lang='lat'><strong>:-</strong></span> 
     </span>
    </p>
   </div>
   <div class='ocr_carea' id='block_1_57' title="bbox 1886 2783 3454 2856">
    <p class='ocr_par' dir='ltr' id='par_1_57' title="bbox 1886 2783 3454 2856">
     <span class='ocr_line' id='line_1_57' title="bbox 1886 2783 3454 2856; baseline -0.001 -17"><span class='ocrx_word' id='word_1_411' title='bbox 1886 2800 2058 2856; x_wconf 89' lang='lat' dir='ltr'><strong>quare</strong></span> <span class='ocrx_word' id='word_1_412' title='bbox 2088 2791 2144 2840; x_wconf 89' lang='lat' dir='ltr'><strong>et</strong></span> <span class='ocrx_word' id='word_1_413' title='bbox 2175 2786 2266 2840; x_wconf 85' lang='lat' dir='ltr'><strong>ille</strong></span> <span class='ocrx_word' id='word_1_414' title='bbox 2303 2785 2511 2844; x_wconf 84' lang='lat' dir='ltr'><strong>Phares</strong></span> <span class='ocrx_word' id='word_1_415' title='bbox 2537 2791 2764 2840; x_wconf 86' lang='lat' dir='ltr'><strong>vocatus</strong></span> <span class='ocrx_word' id='word_1_416' title='bbox 2794 2783 2918 2848; x_wconf 74' lang='lat' dir='ltr'><strong>fuit,</strong></span> <span class='ocrx_word' id='word_1_417' title='bbox 2944 2783 3164 2838; x_wconf 90' lang='lat' dir='ltr'><strong>nomine</strong></span> <span class='ocrx_word' id='word_1_418' title='bbox 3184 2791 3401 2854; x_wconf 81' lang='lat' dir='ltr'><strong>sumpto</strong></span> <span class='ocrx_word' id='word_1_419' title='bbox 3423 2799 3454 2838; x_wconf 86' lang='lat' dir='ltr'><strong>a</strong></span> 
     </span>
    </p>
   </div>
   <div class='ocr_carea' id='block_1_58' title="bbox 1886 2871 3461 2943">
    <p class='ocr_par' dir='ltr' id='par_1_58' title="bbox 1886 2871 3461 2943">
     <span class='ocr_line' id='line_1_58' title="bbox 1886 2871 3461 2943; baseline -0.004 -15"><span class='ocrx_word' id='word_1_420' title='bbox 1886 2875 2136 2930; x_wconf 74' lang='lat' dir='ltr'><strong>maceriae</strong></span> <span class='ocrx_word' id='word_1_421' title='bbox 2166 2874 2435 2930; x_wconf 81' lang='lat' dir='ltr'><strong>divisione</strong></span> <span class='ocrx_word' id='word_1_422' title='bbox 2459 2893 2471 2929; x_wconf 90' lang='lat'>:</span> <span class='ocrx_word' id='word_1_423' title='bbox 2506 2871 2710 2928; x_wconf 88' lang='lat' dir='ltr'><strong>Phares</strong></span> <span class='ocrx_word' id='word_1_424' title='bbox 2732 2872 2932 2943; x_wconf 90' lang='lat' dir='ltr'><strong>quippe</strong></span> <span class='ocrx_word' id='word_1_425' title='bbox 2960 2871 3260 2942; x_wconf 79' lang='lat' dir='ltr'><strong>explicatur</strong></span> <span class='ocrx_word' id='word_1_426' title='bbox 3288 2875 3461 2940; x_wconf 79' lang='lat' dir='ltr'><strong>parti-.</strong></span> 
     </span>
    </p>
   </div>
   <div class='ocr_carea' id='block_1_59' title="bbox 1889 2963 3457 3035">
    <p class='ocr_par' dir='ltr' id='par_1_59' title="bbox 1889 2963 3457 3035">
     <span class='ocr_line' id='line_1_59' title="bbox 1889 2963 3457 3035; baseline 0.002 -17"><span class='ocrx_word' id='word_1_427' title='bbox 1889 2967 1982 3020; x_wconf 82' lang='lat' dir='ltr'><strong>tio.</strong></span> <span class='ocrx_word' id='word_1_428' title='bbox 2009 2965 2147 3020; x_wconf 85' lang='lat' dir='ltr'><strong>Hinc</strong></span> <span class='ocrx_word' id='word_1_429' title='bbox 2167 2976 2222 3020; x_wconf 86' lang='lat' dir='ltr'><strong>et</strong></span> <span class='ocrx_word' id='word_1_430' title='bbox 2245 2964 2506 3021; x_wconf 82' lang='lat' dir='ltr'><strong>Pharisaei</strong></span> <span class='ocrx_word' id='word_1_431' title='bbox 2529 2965 2671 3035; x_wconf 89' lang='lat' dir='ltr'><strong>apud</strong></span> <span class='ocrx_word' id='word_1_432' title='bbox 2695 2963 2916 3020; x_wconf 71' lang='lat' dir='ltr'><strong>Iudaeos</strong></span> <span class='ocrx_word' id='word_1_433' title='bbox 2944 2964 3302 3028; x_wconf 77' lang='lat' dir='ltr'><strong>excellebant,</strong></span> <span class='ocrx_word' id='word_1_434' title='bbox 3327 2965 3457 3033; x_wconf 85' lang='lat' dir='ltr'><strong>quia</strong></span> 
     </span>
    </p>
   </div>
   <div class='ocr_carea' id='block_1_60' title="bbox 1888 3057 3456 3130">
    <p class='ocr_par' dir='ltr' id='par_1_60' title="bbox 1888 3057 3456 3130">
     <span class='ocr_line' id='line_1_60' title="bbox 1888 3057 3456 3130; baseline -0.002 -16"><span class='ocrx_word' id='word_1_435' title='bbox 1888 3074 1947 3114; x_wconf 86' lang='lat' dir='ltr'><strong>se</strong></span> <span class='ocrx_word' id='word_1_436' title='bbox 1977 3073 2072 3129; x_wconf 89' lang='lat' dir='ltr'><strong>per</strong></span> <span class='ocrx_word' id='word_1_437' title='bbox 2109 3057 2400 3130; x_wconf 89' lang='lat' dir='ltr'><strong>quamdam</strong></span> <span class='ocrx_word' id='word_1_438' title='bbox 2429 3057 2716 3112; x_wconf 79' lang='lat' dir='ltr'><strong>factionem</strong></span> <span class='ocrx_word' id='word_1_439' title='bbox 2752 3071 2781 3110; x_wconf 87' lang='lat' dir='ltr'><strong>a</strong></span> <span class='ocrx_word' id='word_1_440' title='bbox 2835 3057 3200 3111; x_wconf 87' lang='lat' dir='ltr'><strong>multitudinis</strong></span> <span class='ocrx_word' id='word_1_441' title='bbox 3229 3059 3456 3112; x_wconf 62' lang='lat' dir='ltr'><strong>commi-</strong></span> 
     </span>
    </p>
   </div>
   <div class='ocr_carea' id='block_1_61' title="bbox 220 3149 1781 3235">
    <p class='ocr_par' dir='ltr' id='par_1_61' title="bbox 220 3149 1781 3227">
     <span class='ocr_line' id='line_1_61' title="bbox 220 3149 1781 3227; baseline -0.002 -20"><span class='ocrx_word' id='word_1_442' title='bbox 220 3150 415 3219; x_wconf 80' lang='grc' dir='ltr'>μιξίας·</span> <span class='ocrx_word' id='word_1_443' title='bbox 448 3155 726 3227; x_wconf 78' lang='grc' dir='ltr'>μακάριον</span> <span class='ocrx_word' id='word_1_444' title='bbox 763 3155 861 3225; x_wconf 84' lang='grc' dir='ltr'><strong>μὲν</strong></span> <span class='ocrx_word' id='word_1_445' title='bbox 895 3151 986 3208; x_wconf 82' lang='grc' dir='ltr'><strong>οῦν</strong></span> <span class='ocrx_word' id='word_1_446' title='bbox 1020 3157 1113 3208; x_wconf 76' lang='grc' dir='ltr'><strong>καὶ</strong></span> <span class='ocrx_word' id='word_1_447' title='bbox 1157 3153 1291 3208; x_wconf 77' lang='grc' dir='ltr'>πολὺ</span> <span class='ocrx_word' id='word_1_448' title='bbox 1333 3155 1580 3226; x_wconf 78' lang='grc' dir='ltr'>κρεῖττον</span> <span class='ocrx_word' id='word_1_449' title='bbox 1603 3149 1671 3224; x_wconf 82' lang='grc' dir='ltr'>ἦν</span> <span class='ocrx_word' id='word_1_450' title='bbox 1707 3154 1781 3226; x_wconf 83' lang='grc' dir='ltr'>μὴ</span> 
     </span>
    </p>
   </div>
   <div class='ocr_carea' id='block_1_62' title="bbox 1887 3149 3459 3235">
    <p class='ocr_par' dir='ltr' id='par_1_62' title="bbox 1888 3150 3459 3222">
     <span class='ocr_line' id='line_1_62' title="bbox 1888 3150 3459 3222; baseline -0.002 -14"><span class='ocrx_word' id='word_1_451' title='bbox 1888 3151 2066 3208; x_wconf 84' lang='lat' dir='ltr'><strong>stione</strong></span> <span class='ocrx_word' id='word_1_452' title='bbox 2087 3152 2462 3222; x_wconf 84' lang='lat' dir='ltr'><strong>sejunxerant.</strong></span> <span class='ocrx_word' id='word_1_453' title='bbox 2490 3151 2708 3207; x_wconf 86' lang='lat' dir='ltr'><strong>Beatius</strong></span> <span class='ocrx_word' id='word_1_454' title='bbox 2741 3150 2907 3221; x_wconf 81' lang='lat' dir='ltr'><strong>igitur</strong></span> <span class='ocrx_word' id='word_1_455' title='bbox 2935 3152 3217 3222; x_wconf 82' lang='lat' dir='ltr'><strong>multoque</strong></span> <span class='ocrx_word' id='word_1_456' title='bbox 3261 3150 3459 3207; x_wconf 85' lang='lat' dir='ltr'><strong>melius</strong></span> 
     </span>
    </p>
   </div>
   <div class='ocr_carea' id='block_1_63' title="bbox 213 3241 1785 3322">
    <p class='ocr_par' dir='ltr' id='par_1_63' title="bbox 213 3241 1785 3322">
     <span class='ocr_line' id='line_1_63' title="bbox 213 3241 1785 3322; baseline 0.001 -26"><span class='ocrx_word' id='word_1_457' title='bbox 213 3241 518 3316; x_wconf 77' lang='grc' dir='ltr'>διακοπῆναι</span> <span class='ocrx_word' id='word_1_458' title='bbox 539 3247 644 3301; x_wconf 81' lang='grc' dir='ltr'><strong>τὸν</strong></span> <span class='ocrx_word' id='word_1_459' title='bbox 670 3249 941 3322; x_wconf 77' lang='grc' dir='ltr'>φραγμὸν,</span> <span class='ocrx_word' id='word_1_460' title='bbox 971 3248 1065 3300; x_wconf 72' lang='lat' dir='ltr'><strong>Eva.</strong></span> <span class='ocrx_word' id='word_1_461' title='bbox 1091 3246 1148 3300; x_wconf 76' lang='grc' dir='ltr'>δὲ</span> <span class='ocrx_word' id='word_1_462' title='bbox 1178 3246 1340 3300; x_wconf 81' lang='grc' dir='ltr'>αὐτὸν</span> <span class='ocrx_word' id='word_1_463' title='bbox 1365 3247 1461 3300; x_wconf 71' lang='grc' dir='ltr'><strong>καὶ</strong></span> <span class='ocrx_word' id='word_1_464' title='bbox 1491 3247 1785 3300; x_wconf 85' lang='grc' dir='ltr'>ἀδιάκοπον</span> 
     </span>
    </p>
   </div>
   <div class='ocr_carea' id='block_1_64' title="bbox 218 3337 1785 3410">
    <p class='ocr_par' dir='ltr' id='par_1_64' title="bbox 218 3337 1785 3410">
     <span class='ocr_line' id='line_1_64' title="bbox 218 3337 1785 3410; baseline 0.001 -21"><span class='ocrx_word' id='word_1_465' title='bbox 218 3337 412 3404; x_wconf 80' lang='grc' dir='ltr'>μεῖναι·</span> <span class='ocrx_word' id='word_1_466' title='bbox 444 3338 614 3393; x_wconf 76' lang='grc' dir='ltr'>τοῦτο</span> <span class='ocrx_word' id='word_1_467' title='bbox 644 3340 688 3393; x_wconf 82' lang='grc' dir='ltr'>δ’</span> <span class='ocrx_word' id='word_1_468' title='bbox 717 3339 782 3393; x_wconf 85' lang='grc' dir='ltr'>ἂν</span> <span class='ocrx_word' id='word_1_469' title='bbox 813 3341 1034 3410; x_wconf 85' lang='grc' dir='ltr'>γέγονεν</span> <span class='ocrx_word' id='word_1_470' title='bbox 1059 3340 1108 3391; x_wconf 86' lang='grc' dir='ltr'>εἰ</span> <span class='ocrx_word' id='word_1_471' title='bbox 1151 3337 1229 3408; x_wconf 82' lang='grc' dir='ltr'>τῷ</span> <span class='ocrx_word' id='word_1_472' title='bbox 1264 3339 1362 3410; x_wconf 82' lang='grc' dir='ltr'><strong>τὴν</strong></span> <span class='ocrx_word' id='word_1_473' title='bbox 1393 3341 1551 3410; x_wconf 74' lang='grc' dir='ltr'>χεῖρα</span> <span class='ocrx_word' id='word_1_474' title='bbox 1583 3338 1785 3408; x_wconf 81' lang='grc' dir='ltr'>προϐε-</span> 
     </span>
    </p>
   </div>
   <div class='ocr_carea' id='block_1_65' title="bbox 213 3425 1781 3504">
    <p class='ocr_par' dir='ltr' id='par_1_65' title="bbox 213 3425 1781 3504">
     <span class='ocr_line' id='line_1_65' title="bbox 213 3425 1781 3504; baseline 0 -22"><span class='ocrx_word' id='word_1_475' title='bbox 213 3425 452 3500; x_wconf 80' lang='grc' dir='ltr'>ϐλημένῳ</span> <span class='ocrx_word' id='word_1_476' title='bbox 492 3429 736 3504; x_wconf 81' lang='grc' dir='ltr'>πρώτῳ,</span> <span class='ocrx_word' id='word_1_477' title='bbox 787 3429 1256 3500; x_wconf 68' lang='grc' dir='ltr'>συνακολουθήσας</span> <span class='ocrx_word' id='word_1_478' title='bbox 1286 3432 1314 3482; x_wconf 90' lang='lat'><strong>6</strong></span> <span class='ocrx_word' id='word_1_479' title='bbox 1357 3429 1640 3501; x_wconf 88' lang='grc' dir='ltr'>δεύτερος,</span> <span class='ocrx_word' id='word_1_480' title='bbox 1689 3429 1781 3482; x_wconf 88' lang='grc' dir='ltr'><strong>τὸν</strong></span> 
     </span>
    </p>
   </div>
   <div class='ocr_carea' id='block_1_66' title="bbox 213 3516 1781 3595">
    <p class='ocr_par' dir='ltr' id='par_1_66' title="bbox 213 3516 1781 3595">
     <span class='ocr_line' id='line_1_66' title="bbox 213 3516 1781 3595; baseline -0.002 -21"><span class='ocrx_word' id='word_1_481' title='bbox 213 3519 359 3575; x_wconf 76' lang='grc' dir='ltr'>αὐτὸν</span> <span class='ocrx_word' id='word_1_482' title='bbox 406 3523 613 3595; x_wconf 82' lang='grc' dir='ltr'>τρόπον</span> <span class='ocrx_word' id='word_1_483' title='bbox 667 3523 1080 3576; x_wconf 75' lang='grc' dir='ltr'>ἐπολιτεύσατο·</span> <span class='ocrx_word' id='word_1_484' title='bbox 1123 3522 1257 3574; x_wconf 82' lang='grc' dir='ltr'>πολὺ</span> <span class='ocrx_word' id='word_1_485' title='bbox 1296 3520 1404 3594; x_wconf 78' lang='grc' dir='ltr'><strong>γὰρ</strong></span> <span class='ocrx_word' id='word_1_486' title='bbox 1449 3516 1516 3592; x_wconf 76' lang='grc' dir='ltr'>ἦν</span> <span class='ocrx_word' id='word_1_487' title='bbox 1574 3518 1781 3590; x_wconf 86' lang='grc' dir='ltr'>βέλτιον</span> 
     </span>
    </p>
   </div>
   <div class='ocr_carea' id='block_1_67' title="bbox 211 3611 1780 3686">
    <p class='ocr_par' dir='ltr' id='par_1_67' title="bbox 211 3611 1780 3686">
     <span class='ocr_line' id='line_1_67' title="bbox 211 3611 1780 3686; baseline -0.003 -18"><span class='ocrx_word' id='word_1_488' title='bbox 211 3615 314 3678; x_wconf 70' lang='grc' dir='ltr'>τοῖς</span> <span class='ocrx_word' id='word_1_489' title='bbox 340 3613 403 3668; x_wconf 77' lang='grc' dir='ltr'>ἐκ</span> <span class='ocrx_word' id='word_1_490' title='bbox 437 3615 746 3686; x_wconf 78' lang='grc' dir='ltr'>περιτομῆς</span> <span class='ocrx_word' id='word_1_491' title='bbox 791 3616 838 3667; x_wconf 83' lang='grc' dir='ltr'><strong>εί</strong></span> <span class='ocrx_word' id='word_1_492' title='bbox 874 3612 1015 3668; x_wconf 85' lang='grc' dir='ltr'><strong>κατά</strong></span> <span class='ocrx_word' id='word_1_493' title='bbox 1045 3613 1136 3666; x_wconf 85' lang='grc' dir='ltr'><strong>τὸν</strong></span> <span class='ocrx_word' id='word_1_494' title='bbox 1181 3611 1294 3682; x_wconf 83' lang='grc' dir='ltr'>βίον</span> <span class='ocrx_word' id='word_1_495' title='bbox 1339 3611 1448 3664; x_wconf 85' lang='grc' dir='ltr'><strong>τῶν</strong></span> <span class='ocrx_word' id='word_1_496' title='bbox 1504 3611 1780 3682; x_wconf 78' lang='grc' dir='ltr'>πρόπαλαι</span> 
     </span>
    </p>
   </div>
   <div class='ocr_carea' id='block_1_68' title="bbox 214 3701 1779 3779">
    <p class='ocr_par' dir='ltr' id='par_1_68' title="bbox 214 3701 1779 3779">
     <span class='ocr_line' id='line_1_68' title="bbox 214 3701 1779 3779; baseline -0.001 -23"><span class='ocrx_word' id='word_1_497' title='bbox 214 3701 459 3775; x_wconf 77' lang='grc' dir='ltr'>θεοφιλῶν</span> <span class='ocrx_word' id='word_1_498' title='bbox 489 3706 800 3779; x_wconf 85' lang='grc' dir='ltr'>ἀνθρώπων</span> <span class='ocrx_word' id='word_1_499' title='bbox 832 3707 1124 3776; x_wconf 79' lang='grc' dir='ltr'>ἐτύγχανον</span> <span class='ocrx_word' id='word_1_500' title='bbox 1169 3703 1652 3774; x_wconf 82' lang='grc' dir='ltr'>πεπολιτευμένοι·</span> <span class='ocrx_word' id='word_1_501' title='bbox 1688 3704 1779 3756; x_wconf 84' lang='grc' dir='ltr'><strong>καὶ</strong></span> 
     </span>
    </p>
   </div>
   <div class='ocr_carea' id='block_1_69' title="bbox 211 3794 1778 3878">
    <p class='ocr_par' dir='ltr' id='par_1_69' title="bbox 211 3794 1778 3878">
     <span class='ocr_line' id='line_1_69' title="bbox 211 3794 1778 3878; baseline -0.001 -27"><span class='ocrx_word' id='word_1_502' title='bbox 211 3795 341 3852; x_wconf 70' lang='grc' dir='ltr'>οὕτω</span> <span class='ocrx_word' id='word_1_503' title='bbox 372 3800 481 3878; x_wconf 79' lang='grc' dir='ltr'>γᾲρ</span> <span class='ocrx_word' id='word_1_504' title='bbox 514 3796 590 3872; x_wconf 82' lang='grc' dir='ltr'>ἦν</span> <span class='ocrx_word' id='word_1_505' title='bbox 615 3794 693 3864; x_wconf 69' lang='grc' dir='ltr'>εἷς</span> <span class='ocrx_word' id='word_1_506' title='bbox 722 3801 750 3853; x_wconf 91' lang='lat'><strong>6</strong></span> <span class='ocrx_word' id='word_1_507' title='bbox 781 3799 1053 3870; x_wconf 85' lang='grc' dir='ltr'>φραγμὸς,</span> <span class='ocrx_word' id='word_1_508' title='bbox 1084 3797 1175 3851; x_wconf 72' lang='grc' dir='ltr'><strong>καὶ</strong></span> <span class='ocrx_word' id='word_1_509' title='bbox 1198 3796 1296 3867; x_wconf 86' lang='grc' dir='ltr'><strong>μία</strong></span> <span class='ocrx_word' id='word_1_510' title='bbox 1321 3798 1354 3866; x_wconf 77' lang='grc' dir='ltr'><strong>ἡ</strong></span> <span class='ocrx_word' id='word_1_511' title='bbox 1385 3797 1640 3868; x_wconf 76' lang='grc' dir='ltr'>οἰκοδομὴ</span> <span class='ocrx_word' id='word_1_512' title='bbox 1670 3795 1778 3850; x_wconf 88' lang='grc' dir='ltr'><strong>τῶν</strong></span> 
     </span>
    </p>
   </div>
   <div class='ocr_carea' id='block_1_70' title="bbox 211 3888 1072 3960">
    <p class='ocr_par' dir='ltr' id='par_1_70' title="bbox 211 3888 1072 3960">
     <span class='ocr_line' id='line_1_70' title="bbox 211 3888 1072 3960; baseline 0.003 -21"><span class='ocrx_word' id='word_1_513' title='bbox 211 3901 263 3940; x_wconf 82' lang='grc' dir='ltr'><strong>τε</strong></span> <span class='ocrx_word' id='word_1_514' title='bbox 287 3888 514 3960; x_wconf 86' lang='grc' dir='ltr'>πρώτων</span> <span class='ocrx_word' id='word_1_515' title='bbox 549 3890 648 3944; x_wconf 73' lang='grc' dir='ltr'><strong>καὶ</strong></span> <span class='ocrx_word' id='word_1_516' title='bbox 671 3889 779 3943; x_wconf 88' lang='grc' dir='ltr'><strong>τῶν</strong></span> <span class='ocrx_word' id='word_1_517' title='bbox 805 3890 1072 3943; x_wconf 81' lang='grc' dir='ltr'>ὑστάτων.</span> 
     </span>
    </p>
   </div>
   <div class='ocr_carea' id='block_1_71' title="bbox 274 3979 1776 4054">
    <p class='ocr_par' dir='ltr' id='par_1_71' title="bbox 274 3979 1776 4054">
     <span class='ocr_line' id='line_1_71' title="bbox 274 3979 1776 4054; baseline -0.001 -18"><span class='ocrx_word' id='word_1_518' title='bbox 274 3980 345 4047; x_wconf 87' lang='grc' dir='ltr'><strong>ς’.</strong></span> <span class='ocrx_word' id='word_1_519' title='bbox 399 3982 621 4054; x_wconf 84' lang='grc' dir='ltr'>Ἐπειδὴ</span> <span class='ocrx_word' id='word_1_520' title='bbox 649 3983 705 4036; x_wconf 81' lang='grc' dir='ltr'>δὲ</span> <span class='ocrx_word' id='word_1_521' title='bbox 743 3982 816 4054; x_wconf 83' lang='grc' dir='ltr'>μὴ</span> <span class='ocrx_word' id='word_1_522' title='bbox 841 3982 930 4035; x_wconf 87' lang='grc' dir='ltr'><strong>τὸν</strong></span> <span class='ocrx_word' id='word_1_523' title='bbox 964 3981 1176 4053; x_wconf 85' lang='grc' dir='ltr'>πρῶτον</span> <span class='ocrx_word' id='word_1_524' title='bbox 1209 3979 1481 4053; x_wconf 80' lang='grc' dir='ltr'>κρατῆσαι</span> <span class='ocrx_word' id='word_1_525' title='bbox 1513 3980 1710 4051; x_wconf 74' lang='grc' dir='ltr'>τρόπον</span> <span class='ocrx_word' id='word_1_526' title='bbox 1742 3982 1776 4052; x_wconf 76' lang='grc' dir='ltr'>ἡ</span> 
     </span>
    </p>
   </div>
   <div class='ocr_carea' id='block_1_72' title="bbox 209 4073 1778 4148">
    <p class='ocr_par' dir='ltr' id='par_1_72' title="bbox 209 4073 1778 4148">
     <span class='ocr_line' id='line_1_72' title="bbox 209 4073 1778 4148; baseline 0.003 -24"><span class='ocrx_word' id='word_1_527' title='bbox 209 4073 309 4127; x_wconf 78' lang='grc' dir='ltr'><strong>τῶν</strong></span> <span class='ocrx_word' id='word_1_528' title='bbox 339 4075 610 4148; x_wconf 75' lang='grc' dir='ltr'>δευτέρων</span> <span class='ocrx_word' id='word_1_529' title='bbox 637 4074 1010 4146; x_wconf 83' lang='grc' dir='ltr'>συνεχώρησεν</span> <span class='ocrx_word' id='word_1_530' title='bbox 1039 4074 1312 4138; x_wconf 80' lang='grc' dir='ltr'>ἀσθένεια,</span> <span class='ocrx_word' id='word_1_531' title='bbox 1347 4074 1609 4145; x_wconf 80' lang='grc' dir='ltr'>διακοπῆς</span> <span class='ocrx_word' id='word_1_532' title='bbox 1635 4075 1778 4128; x_wconf 76' lang='grc' dir='ltr'>εἰκό-</span> 
     </span>
    </p>
   </div>
   <div class='ocr_carea' id='block_1_73' title="bbox 205 4165 1774 4239">
    <p class='ocr_par' dir='ltr' id='par_1_73' title="bbox 205 4165 1774 4239">
     <span class='ocr_line' id='line_1_73' title="bbox 205 4165 1774 4239; baseline 0.003 -23"><span class='ocrx_word' id='word_1_533' title='bbox 205 4180 307 4229; x_wconf 86' lang='grc' dir='ltr'><strong>τως</strong></span> <span class='ocrx_word' id='word_1_534' title='bbox 327 4166 420 4220; x_wconf 89' lang='grc' dir='ltr'><strong>τοῦ</strong></span> <span class='ocrx_word' id='word_1_535' title='bbox 453 4167 605 4227; x_wconf 81' lang='grc' dir='ltr'><strong>κατά</strong></span> <span class='ocrx_word' id='word_1_536' title='bbox 639 4167 768 4221; x_wconf 84' lang='grc' dir='ltr'>Θεὸν</span> <span class='ocrx_word' id='word_1_537' title='bbox 790 4165 1042 4239; x_wconf 82' lang='grc' dir='ltr'>φραγμοῦ</span> <span class='ocrx_word' id='word_1_538' title='bbox 1072 4167 1387 4238; x_wconf 80' lang='grc' dir='ltr'>γενομένης,</span> <span class='ocrx_word' id='word_1_539' title='bbox 1414 4165 1505 4219; x_wconf 87' lang='grc' dir='ltr'><strong>τοῦ</strong></span> <span class='ocrx_word' id='word_1_540' title='bbox 1525 4183 1583 4219; x_wconf 90' lang='grc' dir='ltr'><strong>τε</strong></span> <span class='ocrx_word' id='word_1_541' title='bbox 1613 4183 1774 4236; x_wconf 82' lang='grc' dir='ltr'>μεσο-</span> 
     </span>
    </p>
   </div>
   <div class='ocr_carea' id='block_1_74' title="bbox 208 4256 1777 4331">
    <p class='ocr_par' dir='ltr' id='par_1_74' title="bbox 208 4256 1777 4331">
     <span class='ocr_line' id='line_1_74' title="bbox 208 4256 1777 4331; baseline 0.003 -24"><span class='ocrx_word' id='word_1_542' title='bbox 208 4256 373 4326; x_wconf 79' lang='grc' dir='ltr'>τοίχου</span> <span class='ocrx_word' id='word_1_543' title='bbox 400 4260 495 4313; x_wconf 87' lang='grc' dir='ltr'><strong>τοῦ</strong></span> <span class='ocrx_word' id='word_1_544' title='bbox 524 4257 782 4330; x_wconf 85' lang='grc' dir='ltr'>φραγμοῦ</span> <span class='ocrx_word' id='word_1_545' title='bbox 816 4257 1273 4331; x_wconf 79' lang='grc' dir='ltr'>παραϐληθέντος,</span> <span class='ocrx_word' id='word_1_546' title='bbox 1303 4259 1332 4309; x_wconf 93' lang='lat'><strong>6</strong></span> <span class='ocrx_word' id='word_1_547' title='bbox 1357 4257 1524 4312; x_wconf 83' lang='grc' dir='ltr'>πάλαι</span> <span class='ocrx_word' id='word_1_548' title='bbox 1562 4258 1777 4329; x_wconf 89' lang='grc' dir='ltr'>πρῶτος</span> 
     </span>
    </p>
   </div>
   <div class='ocr_carea' id='block_1_75' title="bbox 204 4346 1776 4425">
    <p class='ocr_par' dir='ltr' id='par_1_75' title="bbox 204 4346 1776 4425">
     <span class='ocr_line' id='line_1_75' title="bbox 204 4346 1776 4425; baseline 0.003 -26"><span class='ocrx_word' id='word_1_549' title='bbox 204 4346 294 4419; x_wconf 74' lang='grc' dir='ltr'>τὴν</span> <span class='ocrx_word' id='word_1_550' title='bbox 324 4352 481 4425; x_wconf 82' lang='grc' dir='ltr'>χεῖρα</span> <span class='ocrx_word' id='word_1_551' title='bbox 533 4349 844 4420; x_wconf 81' lang='grc' dir='ltr'>προτείνας,</span> <span class='ocrx_word' id='word_1_552' title='bbox 878 4348 1125 4421; x_wconf 84' lang='grc' dir='ltr'>δεύτερος</span> <span class='ocrx_word' id='word_1_553' title='bbox 1157 4348 1351 4413; x_wconf 76' lang='grc' dir='ltr'>ἔξεισιν</span> <span class='ocrx_word' id='word_1_554' title='bbox 1401 4350 1482 4412; x_wconf 88' lang='grc' dir='ltr'><strong>είς</strong></span> <span class='ocrx_word' id='word_1_555' title='bbox 1510 4349 1644 4418; x_wconf 84' lang='grc' dir='ltr'>φῶς,</span> <span class='ocrx_word' id='word_1_556' title='bbox 1687 4351 1776 4404; x_wconf 78' lang='grc' dir='ltr'><strong>διὰ</strong></span> 
     </span>
    </p>
   </div>
   <div class='ocr_carea' id='block_1_76' title="bbox 203 4432 1772 4516">
    <p class='ocr_par' dir='ltr' id='par_1_76' title="bbox 203 4432 1772 4516">
     <span class='ocr_line' id='line_1_76' title="bbox 203 4432 1772 4516; baseline 0.003 -26"><span class='ocrx_word' id='word_1_557' title='bbox 203 4440 289 4494; x_wconf 85' lang='grc' dir='ltr'><strong>τοῦ</strong></span> <span class='ocrx_word' id='word_1_558' title='bbox 322 4432 580 4516; x_wconf 67' lang='grc' dir='ltr'>Σωτῆρος</span> <span class='ocrx_word' id='word_1_559' title='bbox 608 4441 764 4514; x_wconf 82' lang='grc' dir='ltr'>ήμῶν</span> <span class='ocrx_word' id='word_1_560' title='bbox 809 4440 982 4513; x_wconf 85' lang='grc' dir='ltr'>Ἰησοῦ</span> <span class='ocrx_word' id='word_1_561' title='bbox 1033 4441 1267 4512; x_wconf 85' lang='grc' dir='ltr'>Χριστοῦ</span> <span class='ocrx_word' id='word_1_562' title='bbox 1314 4439 1409 4494; x_wconf 91' lang='grc' dir='ltr'><strong>τοῦ</strong></span> <span class='ocrx_word' id='word_1_563' title='bbox 1447 4441 1537 4494; x_wconf 85' lang='grc' dir='ltr'><strong>τὸν</strong></span> <span class='ocrx_word' id='word_1_564' title='bbox 1576 4440 1772 4494; x_wconf 86' lang='grc' dir='ltr'>παλαί-</span> 
     </span>
    </p>
   </div>
   <div class='ocr_carea' id='block_1_77' title="bbox 1892 3242 3458 3314">
    <p class='ocr_par' dir='ltr' id='par_1_77' title="bbox 1892 3242 3458 3314">
     <span class='ocr_line' id='line_1_77' title="bbox 1892 3242 3458 3314; baseline -0.001 -16"><span class='ocrx_word' id='word_1_565' title='bbox 1892 3245 2085 3301; x_wconf 82' lang='lat' dir='ltr'><strong>fuisset</strong></span> <span class='ocrx_word' id='word_1_566' title='bbox 2113 3261 2224 3300; x_wconf 89' lang='lat' dir='ltr'><strong>non</strong></span> <span class='ocrx_word' id='word_1_567' title='bbox 2246 3243 2454 3300; x_wconf 83' lang='lat' dir='ltr'><strong>dillindi</strong></span> <span class='ocrx_word' id='word_1_568' title='bbox 2480 3243 2797 3309; x_wconf 89' lang='lat' dir='ltr'><strong>maceriam,</strong></span> <span class='ocrx_word' id='word_1_569' title='bbox 2827 3242 2922 3298; x_wconf 88' lang='lat' dir='ltr'><strong>sed</strong></span> <span class='ocrx_word' id='word_1_570' title='bbox 2952 3259 3119 3298; x_wconf 85' lang='lat' dir='ltr'><strong>unum</strong></span> <span class='ocrx_word' id='word_1_571' title='bbox 3153 3242 3285 3314; x_wconf 85' lang='lat' dir='ltr'><strong>quid</strong></span> <span class='ocrx_word' id='word_1_572' title='bbox 3314 3243 3458 3299; x_wconf 84' lang='lat' dir='ltr'><strong>indi-</strong></span> 
     </span>
    </p>
   </div>
   <div class='ocr_carea' id='block_1_78' title="bbox 1888 3333 3458 3407">
    <p class='ocr_par' dir='ltr' id='par_1_78' title="bbox 1888 3333 3458 3407">
     <span class='ocr_line' id='line_1_78' title="bbox 1888 3333 3458 3407; baseline 0 -17"><span class='ocrx_word' id='word_1_573' title='bbox 1888 3339 2180 3407; x_wconf 83' lang='lat' dir='ltr'><strong>visumque</strong></span> <span class='ocrx_word' id='word_1_574' title='bbox 2214 3350 2452 3390; x_wconf 89' lang='lat' dir='ltr'><strong>manere.</strong></span> <span class='ocrx_word' id='word_1_575' title='bbox 2497 3333 2554 3389; x_wconf 88' lang='lat' dir='ltr'><strong>ld</strong></span> <span class='ocrx_word' id='word_1_576' title='bbox 2606 3346 2785 3391; x_wconf 88' lang='lat' dir='ltr'><strong>autem</strong></span> <span class='ocrx_word' id='word_1_577' title='bbox 2820 3335 3131 3400; x_wconf 88' lang='lat' dir='ltr'><strong>accidisset,</strong></span> <span class='ocrx_word' id='word_1_578' title='bbox 3163 3335 3210 3390; x_wconf 86' lang='lat' dir='ltr'><strong>si</strong></span> <span class='ocrx_word' id='word_1_579' title='bbox 3263 3336 3312 3390; x_wconf 90' lang='lat' dir='ltr'><strong>ei</strong></span> <span class='ocrx_word' id='word_1_580' title='bbox 3362 3335 3458 3407; x_wconf 89' lang='lat' dir='ltr'><strong>qui</strong></span> 
     </span>
    </p>
   </div>
   <div class='ocr_carea' id='block_1_79' title="bbox 1889 3425 3458 3500">
    <p class='ocr_par' dir='ltr' id='par_1_79' title="bbox 1889 3425 3458 3500">
     <span class='ocr_line' id='line_1_79' title="bbox 1889 3425 3458 3500; baseline -0.001 -17"><span class='ocrx_word' id='word_1_581' title='bbox 1889 3429 2041 3500; x_wconf 91' lang='lat' dir='ltr'><strong>prior</strong></span> <span class='ocrx_word' id='word_1_582' title='bbox 2071 3443 2292 3481; x_wconf 87' lang='lat' dir='ltr'><strong>manum</strong></span> <span class='ocrx_word' id='word_1_583' title='bbox 2323 3426 2588 3491; x_wconf 80' lang='lat' dir='ltr'><strong>extendit,</strong></span> <span class='ocrx_word' id='word_1_584' title='bbox 2613 3429 2956 3499; x_wconf 84' lang='lat' dir='ltr'><strong>subsequens</strong></span> <span class='ocrx_word' id='word_1_585' title='bbox 2987 3428 3126 3482; x_wconf 90' lang='lat' dir='ltr'><strong>alter</strong></span> <span class='ocrx_word' id='word_1_586' title='bbox 3159 3425 3348 3482; x_wconf 88' lang='lat' dir='ltr'><strong>eodem</strong></span> <span class='ocrx_word' id='word_1_587' title='bbox 3375 3429 3458 3482; x_wconf 83' lang='lat' dir='ltr'><strong>vi-</strong></span> 
     </span>
    </p>
   </div>
   <div class='ocr_carea' id='block_1_80' title="bbox 1887 3518 3457 3592">
    <p class='ocr_par' dir='ltr' id='par_1_80' title="bbox 1887 3518 3457 3592">
     <span class='ocr_line' id='line_1_80' title="bbox 1887 3518 3457 3592; baseline -0.002 -16"><span class='ocrx_word' id='word_1_588' title='bbox 1887 3529 1959 3576; x_wconf 72' lang='lat' dir='ltr'><strong>ta:</strong></span> <span class='ocrx_word' id='word_1_589' title='bbox 1980 3535 2180 3592; x_wconf 76' lang='lat' dir='ltr'><strong>genere</strong></span> <span class='ocrx_word' id='word_1_590' title='bbox 2211 3519 2464 3574; x_wconf 79' lang='lat' dir='ltr'><strong>vixisset.</strong></span> <span class='ocrx_word' id='word_1_591' title='bbox 2495 3518 2680 3589; x_wconf 89' lang='lat' dir='ltr'><strong>Longe</strong></span> <span class='ocrx_word' id='word_1_592' title='bbox 2717 3520 2861 3574; x_wconf 91' lang='lat' dir='ltr'><strong>enim</strong></span> <span class='ocrx_word' id='word_1_593' title='bbox 2905 3528 3022 3574; x_wconf 89' lang='lat' dir='ltr'><strong>erat</strong></span> <span class='ocrx_word' id='word_1_594' title='bbox 3048 3519 3249 3574; x_wconf 83' lang='lat' dir='ltr'><strong>melius</strong></span> <span class='ocrx_word' id='word_1_595' title='bbox 3269 3519 3315 3574; x_wconf 88' lang='lat' dir='ltr'><strong>si</strong></span> <span class='ocrx_word' id='word_1_596' title='bbox 3347 3519 3457 3573; x_wconf 56' lang='grc' dir='ltr'>εἰει</span> 
     </span>
    </p>
   </div>
   <div class='ocr_carea' id='block_1_81' title="bbox 1887 3609 3454 3680">
    <p class='ocr_par' dir='ltr' id='par_1_81' title="bbox 1887 3609 3454 3680">
     <span class='ocr_line' id='line_1_81' title="bbox 1887 3609 3454 3680; baseline -0.001 -12"><span class='ocrx_word' id='word_1_597' title='bbox 1887 3612 2245 3668; x_wconf 86' lang='lat' dir='ltr'><strong>cumcisionis</strong></span> <span class='ocrx_word' id='word_1_598' title='bbox 2265 3611 2488 3668; x_wconf 70' lang='lat' dir='ltr'><strong>asseclze</strong></span> <span class='ocrx_word' id='word_1_599' title='bbox 2509 3626 2689 3667; x_wconf 86' lang='lat' dir='ltr'><strong>mores</strong></span> <span class='ocrx_word' id='word_1_600' title='bbox 2722 3610 3070 3680; x_wconf 83' lang='lat' dir='ltr'><strong>antiquorum</strong></span> <span class='ocrx_word' id='word_1_601' title='bbox 3095 3610 3207 3666; x_wconf 83' lang='lat' dir='ltr'><strong>Dee</strong></span> <span class='ocrx_word' id='word_1_602' title='bbox 3224 3609 3454 3666; x_wconf 88' lang='lat' dir='ltr'><strong>dilecto-</strong></span> 
     </span>
    </p>
   </div>
   <div class='ocr_carea' id='block_1_82' title="bbox 1885 3700 3456 3772">
    <p class='ocr_par' dir='ltr' id='par_1_82' title="bbox 1885 3700 3456 3772">
     <span class='ocr_line' id='line_1_82' title="bbox 1885 3700 3456 3772; baseline 0 -15"><span class='ocrx_word' id='word_1_603' title='bbox 1885 3718 2010 3760; x_wconf 89' lang='lat' dir='ltr'><strong>rum</strong></span> <span class='ocrx_word' id='word_1_604' title='bbox 2029 3703 2315 3758; x_wconf 89' lang='lat' dir='ltr'><strong>hominum</strong></span> <span class='ocrx_word' id='word_1_605' title='bbox 2347 3701 2584 3772; x_wconf 83' lang='lat' dir='ltr'><strong>amplexi</strong></span> <span class='ocrx_word' id='word_1_606' title='bbox 2607 3701 2879 3757; x_wconf 82' lang='lat' dir='ltr'><strong>fuissent:</strong></span> <span class='ocrx_word' id='word_1_607' title='bbox 2907 3716 3032 3756; x_wconf 89' lang='lat' dir='ltr'><strong>nam</strong></span> <span class='ocrx_word' id='word_1_608' title='bbox 3066 3701 3146 3756; x_wconf 88' lang='lat' dir='ltr'><strong>sic</strong></span> <span class='ocrx_word' id='word_1_609' title='bbox 3175 3715 3286 3755; x_wconf 87' lang='lat' dir='ltr'><strong>una</strong></span> <span class='ocrx_word' id='word_1_610' title='bbox 3317 3700 3456 3757; x_wconf 83' lang='lat' dir='ltr'><strong>fuis-</strong></span> 
     </span>
    </p>
   </div>
   <div class='ocr_carea' id='block_1_83' title="bbox 1884 3793 3455 3864">
    <p class='ocr_par' dir='ltr' id='par_1_83' title="bbox 1884 3793 3455 3864">
     <span class='ocr_line' id='line_1_83' title="bbox 1884 3793 3455 3864; baseline -0.002 -13"><span class='ocrx_word' id='word_1_611' title='bbox 1884 3804 1970 3852; x_wconf 86' lang='lat' dir='ltr'><strong>set</strong></span> <span class='ocrx_word' id='word_1_612' title='bbox 1993 3795 2257 3862; x_wconf 89' lang='lat' dir='ltr'><strong>maceria,</strong></span> <span class='ocrx_word' id='word_1_613' title='bbox 2297 3809 2405 3848; x_wconf 88' lang='lat' dir='ltr'><strong>una</strong></span> <span class='ocrx_word' id='word_1_614' title='bbox 2447 3793 2738 3848; x_wconf 61' lang='lat' dir='ltr'><strong>aedificatio</strong></span> <span class='ocrx_word' id='word_1_615' title='bbox 2771 3793 3072 3864; x_wconf 74' lang='lat' dir='ltr'><strong>primorum</strong></span> <span class='ocrx_word' id='word_1_616' title='bbox 3103 3801 3158 3849; x_wconf 87' lang='lat' dir='ltr'><strong>et</strong></span> <span class='ocrx_word' id='word_1_617' title='bbox 3182 3799 3455 3849; x_wconf 82' lang='lat' dir='ltr'><strong>extremo-</strong></span> 
     </span>
    </p>
   </div>
   <div class='ocr_carea' id='block_1_84' title="bbox 1885 3905 2029 3944">
    <p class='ocr_par' dir='ltr' id='par_1_84' title="bbox 1885 3905 2029 3944">
     <span class='ocr_line' id='line_1_84' title="bbox 1885 3905 2029 3944; baseline 0.007 -1"><span class='ocrx_word' id='word_1_618' title='bbox 1885 3905 2029 3944; x_wconf 88' lang='lat' dir='ltr'><strong>rum.</strong></span> 
     </span>
    </p>
   </div>
   <div class='ocr_carea' id='block_1_85' title="bbox 1958 3979 3454 4051">
    <p class='ocr_par' dir='ltr' id='par_1_85' title="bbox 1958 3979 3454 4051">
     <span class='ocr_line' id='line_1_85' title="bbox 1958 3979 3454 4051; baseline -0.002 -15"><span class='ocrx_word' id='word_1_619' title='bbox 1958 3980 2014 4036; x_wconf 78' lang='grc' dir='ltr'><strong>δ’.</strong></span> <span class='ocrx_word' id='word_1_620' title='bbox 2043 3979 2200 4036; x_wconf 89' lang='lat' dir='ltr'><strong>Nune</strong></span> <span class='ocrx_word' id='word_1_621' title='bbox 2242 3979 2371 4050; x_wconf 86' lang='lat' dir='ltr'><strong>quia</strong></span> <span class='ocrx_word' id='word_1_622' title='bbox 2416 3979 2652 4051; x_wconf 83' lang='lat' dir='ltr'><strong>primum</strong></span> <span class='ocrx_word' id='word_1_623' title='bbox 2698 3994 2905 4034; x_wconf 85' lang='lat' dir='ltr'><strong>morem</strong></span> <span class='ocrx_word' id='word_1_624' title='bbox 2951 3991 3301 4050; x_wconf 85' lang='lat' dir='ltr'><strong>perseverare</strong></span> <span class='ocrx_word' id='word_1_625' title='bbox 3341 3992 3454 4033; x_wconf 86' lang='lat' dir='ltr'><strong>non</strong></span> 
     </span>
    </p>
   </div>
   <div class='ocr_carea' id='block_1_86' title="bbox 1883 4069 3455 4136">
    <p class='ocr_par' dir='ltr' id='par_1_86' title="bbox 1883 4069 3455 4136">
     <span class='ocr_line' id='line_1_86' title="bbox 1883 4069 3455 4136; baseline -0.003 -6"><span class='ocrx_word' id='word_1_626' title='bbox 1883 4072 2012 4130; x_wconf 81' lang='lat' dir='ltr'><strong>sivit</strong></span> <span class='ocrx_word' id='word_1_627' title='bbox 2040 4073 2406 4129; x_wconf 80' lang='lat' dir='ltr'><strong>secundorum</strong></span> <span class='ocrx_word' id='word_1_628' title='bbox 2429 4071 2718 4127; x_wconf 79' lang='lat' dir='ltr'><strong>inﬁrmitas</strong></span> <span class='ocrx_word' id='word_1_629' title='bbox 2738 4110 2754 4136; x_wconf 91' lang='lat'><strong>,</strong></span> <span class='ocrx_word' id='word_1_630' title='bbox 2781 4071 3049 4127; x_wconf 84' lang='lat' dir='ltr'><strong>divisione</strong></span> <span class='ocrx_word' id='word_1_631' title='bbox 3087 4070 3283 4130; x_wconf 86' lang='lat' dir='ltr'><strong>merito</strong></span> <span class='ocrx_word' id='word_1_632' title='bbox 3310 4069 3455 4136; x_wconf 65' lang='lat' dir='ltr'><strong>facta</strong></span> 
     </span>
    </p>
   </div>
   <div class='ocr_carea' id='block_1_87' title="bbox 1882 4161 3452 4236">
    <p class='ocr_par' dir='ltr' id='par_1_87' title="bbox 1882 4161 3452 4236">
     <span class='ocr_line' id='line_1_87' title="bbox 1882 4161 3452 4236; baseline -0.003 -16"><span class='ocrx_word' id='word_1_633' title='bbox 1882 4167 2133 4220; x_wconf 63' lang='lat' dir='ltr'><strong>maceriae</strong></span> <span class='ocrx_word' id='word_1_634' title='bbox 2159 4180 2280 4236; x_wconf 69' lang='lat' dir='ltr'><strong>qua:</strong></span> <span class='ocrx_word' id='word_1_635' title='bbox 2301 4164 2600 4219; x_wconf 86' lang='lat' dir='ltr'><strong>secundum</strong></span> <span class='ocrx_word' id='word_1_636' title='bbox 2625 4162 2796 4219; x_wconf 86' lang='lat' dir='ltr'><strong>Deum</strong></span> <span class='ocrx_word' id='word_1_637' title='bbox 2826 4170 2931 4231; x_wconf 88' lang='lat' dir='ltr'><strong>est,</strong></span> <span class='ocrx_word' id='word_1_638' title='bbox 2955 4161 3243 4234; x_wconf 87' lang='lat' dir='ltr'><strong>medioque</strong></span> <span class='ocrx_word' id='word_1_639' title='bbox 3274 4161 3452 4233; x_wconf 90' lang='lat' dir='ltr'><strong>parie-</strong></span> 
     </span>
    </p>
   </div>
   <div class='ocr_carea' id='block_1_88' title="bbox 1883 4253 3447 4328">
    <p class='ocr_par' dir='ltr' id='par_1_88' title="bbox 1883 4253 3447 4328">
     <span class='ocr_line' id='line_1_88' title="bbox 1883 4253 3447 4328; baseline -0.003 -19"><span class='ocrx_word' id='word_1_640' title='bbox 1883 4265 1937 4313; x_wconf 88' lang='lat' dir='ltr'><strong>te</strong></span> <span class='ocrx_word' id='word_1_641' title='bbox 1965 4258 2216 4313; x_wconf 61' lang='lat' dir='ltr'><strong>maceria</strong></span> <span class='ocrx_word' id='word_1_642' title='bbox 2237 4257 2543 4328; x_wconf 70' lang='lat' dir='ltr'><strong>interiecto,</strong></span> <span class='ocrx_word' id='word_1_643' title='bbox 2572 4255 2664 4325; x_wconf 89' lang='lat' dir='ltr'><strong>qui</strong></span> <span class='ocrx_word' id='word_1_644' title='bbox 2695 4254 2822 4309; x_wconf 88' lang='lat' dir='ltr'><strong>olim</strong></span> <span class='ocrx_word' id='word_1_645' title='bbox 2842 4253 2993 4324; x_wconf 90' lang='lat' dir='ltr'><strong>prior</strong></span> <span class='ocrx_word' id='word_1_646' title='bbox 3019 4267 3240 4306; x_wconf 88' lang='lat' dir='ltr'><strong>manum</strong></span> <span class='ocrx_word' id='word_1_647' title='bbox 3263 4258 3447 4306; x_wconf 84' lang='lat' dir='ltr'><strong>exten-</strong></span> 
     </span>
    </p>
   </div>
   <div class='ocr_carea' id='block_1_89' title="bbox 1882 4342 3451 4419">
    <p class='ocr_par' dir='ltr' id='par_1_89' title="bbox 1882 4342 3451 4419">
     <span class='ocr_line' id='line_1_89' title="bbox 1882 4342 3451 4419; baseline -0.004 -16"><span class='ocrx_word' id='word_1_648' title='bbox 1882 4349 2057 4410; x_wconf 84' lang='lat' dir='ltr'><strong>derat,</strong></span> <span class='ocrx_word' id='word_1_649' title='bbox 2094 4349 2365 4419; x_wconf 83' lang='lat' dir='ltr'><strong>posterior</strong></span> <span class='ocrx_word' id='word_1_650' title='bbox 2410 4347 2468 4402; x_wconf 89' lang='lat' dir='ltr'><strong>in</strong></span> <span class='ocrx_word' id='word_1_651' title='bbox 2511 4347 2686 4402; x_wconf 90' lang='lat' dir='ltr'><strong>lucem</strong></span> <span class='ocrx_word' id='word_1_652' title='bbox 2742 4345 2942 4418; x_wconf 87' lang='lat' dir='ltr'><strong>prodiit</strong></span> <span class='ocrx_word' id='word_1_653' title='bbox 2976 4360 3077 4414; x_wconf 87' lang='lat' dir='ltr'><strong>per</strong></span> <span class='ocrx_word' id='word_1_654' title='bbox 3106 4342 3451 4400; x_wconf 79' lang='lat' dir='ltr'><strong>Servatorem</strong></span> 
     </span>
    </p>
   </div>
   <div class='ocr_carea' id='block_1_90' title="bbox 1883 4435 3453 4508">
    <p class='ocr_par' dir='ltr' id='par_1_90' title="bbox 1883 4435 3453 4508">
     <span class='ocr_line' id='line_1_90' title="bbox 1883 4435 3453 4508; baseline -0.004 -12"><span class='ocrx_word' id='word_1_655' title='bbox 1883 4450 2132 4497; x_wconf 89' lang='lat' dir='ltr'><strong>nostrum</strong></span> <span class='ocrx_word' id='word_1_656' title='bbox 2191 4440 2380 4497; x_wconf 70' lang='lat' dir='ltr'><strong>Iesum</strong></span> <span class='ocrx_word' id='word_1_657' title='bbox 2424 4440 2729 4502; x_wconf 82' lang='lat' dir='ltr'><strong>Christum,</strong></span> <span class='ocrx_word' id='word_1_658' title='bbox 2757 4438 2848 4508; x_wconf 91' lang='lat' dir='ltr'><strong>qui</strong></span> <span class='ocrx_word' id='word_1_659' title='bbox 2901 4435 3340 4506; x_wconf 83' lang='lat' dir='ltr'><strong>antiquissimam</strong></span> <span class='ocrx_word' id='word_1_660' title='bbox 3396 4441 3453 4489; x_wconf 78' lang='lat' dir='ltr'><strong>et</strong></span> 
     </span>
    </p>
   </div>
   <div class='ocr_carea' id='block_1_91' title="bbox 201 4523 1781 4606">
    <p class='ocr_par' dir='ltr' id='par_1_91' title="bbox 201 4533 1775 4606">
     <span class='ocr_line' id='line_1_91' title="bbox 201 4533 1775 4606; baseline -0.001 -21"><span class='ocrx_word' id='word_1_661' title='bbox 201 4546 354 4588; x_wconf 85' lang='grc' dir='ltr'>τατον</span> <span class='ocrx_word' id='word_1_662' title='bbox 380 4537 476 4593; x_wconf 73' lang='grc' dir='ltr'><strong>καὶ</strong></span> <span class='ocrx_word' id='word_1_663' title='bbox 511 4536 738 4606; x_wconf 81' lang='grc' dir='ltr'>ἀρχαῖον</span> <span class='ocrx_word' id='word_1_664' title='bbox 771 4534 1022 4605; x_wconf 81' lang='grc' dir='ltr'>φραγμὸν</span> <span class='ocrx_word' id='word_1_665' title='bbox 1048 4533 1494 4604; x_wconf 79' lang='grc' dir='ltr'>ἀνακτησαμένου</span> <span class='ocrx_word' id='word_1_666' title='bbox 1518 4547 1531 4561; x_wconf 78' lang='grc'><strong><em>⁸</em></strong></span> <span class='ocrx_word' id='word_1_667' title='bbox 1571 4533 1652 4586; x_wconf 89' lang='grc' dir='ltr'><strong>διὸ</strong></span> <span class='ocrx_word' id='word_1_668' title='bbox 1681 4533 1775 4587; x_wconf 88' lang='grc' dir='ltr'><strong>καί</strong></span> 
     </span>
    </p>
   </div>
   <div class='ocr_carea' id='block_1_92' title="bbox 1887 4523 3451 4606">
    <p class='ocr_par' dir='ltr' id='par_1_92' title="bbox 1887 4523 3451 4606">
     <span class='ocr_line' id='line_1_92' title="bbox 1887 4523 3451 4606; baseline -0.008 -16"><span class='ocrx_word' id='word_1_669' title='bbox 1887 4536 2216 4606; x_wconf 78' lang='lat' dir='ltr'><strong>primitivam</strong></span> <span class='ocrx_word' id='word_1_670' title='bbox 2243 4533 2532 4587; x_wconf 86' lang='lat' dir='ltr'><strong>maceriam</strong></span> <span class='ocrx_word' id='word_1_671' title='bbox 2573 4529 2937 4601; x_wconf 86' lang='lat' dir='ltr'><strong>recuperavit.</strong></span> <span class='ocrx_word' id='word_1_672' title='bbox 2973 4527 3155 4594; x_wconf 87' lang='lat' dir='ltr'><strong>Quare</strong></span> <span class='ocrx_word' id='word_1_673' title='bbox 3179 4533 3236 4582; x_wconf 86' lang='lat' dir='ltr'><strong>et</strong></span> <span class='ocrx_word' id='word_1_674' title='bbox 3261 4523 3330 4580; x_wconf 88' lang='lat' dir='ltr'><strong>de</strong></span> <span class='ocrx_word' id='word_1_675' title='bbox 3357 4525 3451 4579; x_wconf 85' lang='lat' dir='ltr'><strong>illo</strong></span> 
     </span>
    </p>
   </div>
   <div class='ocr_carea' id='block_1_93' title="bbox 203 4624 1775 4697">
    <p class='ocr_par' dir='ltr' id='par_1_93' title="bbox 203 4624 1775 4697">
     <span class='ocr_line' id='line_1_93' title="bbox 203 4624 1775 4697; baseline 0 -18"><span class='ocrx_word' id='word_1_676' title='bbox 203 4640 358 4696; x_wconf 77' lang='grc' dir='ltr'>φησιν</span> <span class='ocrx_word' id='word_1_677' title='bbox 388 4630 469 4691; x_wconf 77' lang='grc' dir='ltr'>εἰς</span> <span class='ocrx_word' id='word_1_678' title='bbox 513 4627 675 4681; x_wconf 80' lang='grc' dir='ltr'>αὑτὸν</span> <span class='ocrx_word' id='word_1_679' title='bbox 707 4628 740 4696; x_wconf 75' lang='grc' dir='ltr'>ἡ</span> <span class='ocrx_word' id='word_1_680' title='bbox 786 4625 1121 4697; x_wconf 80' lang='grc' dir='ltr'>προφητεία·</span> <span class='ocrx_word' id='word_1_681' title='bbox 1173 4644 1190 4675; x_wconf 78' lang='grc' dir='ltr'><strong>ι</strong></span> <span class='ocrx_word' id='word_1_682' title='bbox 1221 4625 1315 4678; x_wconf 75' lang='grc' dir='ltr'><strong>καὶ</strong></span> <span class='ocrx_word' id='word_1_683' title='bbox 1361 4624 1606 4696; x_wconf 78' lang='grc' dir='ltr'>κληθήσῃ</span> <span class='ocrx_word' id='word_1_684' title='bbox 1634 4628 1775 4679; x_wconf 85' lang='grc' dir='ltr'>οἱκο-</span> 
     </span>
    </p>
   </div>
   <div class='ocr_carea' id='block_1_94' title="bbox 198 4712 1774 4792">
    <p class='ocr_par' dir='ltr' id='par_1_94' title="bbox 198 4712 1774 4792">
     <span class='ocr_line' id='line_1_94' title="bbox 198 4712 1774 4792; baseline -0.002 -20"><span class='ocrx_word' id='word_1_685' title='bbox 198 4715 352 4792; x_wconf 77' lang='grc' dir='ltr'>δόμος</span> <span class='ocrx_word' id='word_1_686' title='bbox 389 4718 666 4792; x_wconf 77' lang='grc' dir='ltr'>φραγμῶν</span> <span class='ocrx_word' id='word_1_687' title='bbox 686 4737 700 4751; x_wconf 74' lang='grc' dir='ltr'><strong>ο</strong></span> <span class='ocrx_word' id='word_1_688' title='bbox 742 4739 759 4769; x_wconf 68' lang='grc' dir='ltr'><strong><em>ο</em></strong></span> <span class='ocrx_word' id='word_1_689' title='bbox 789 4712 941 4780; x_wconf 73' lang='grc' dir='ltr'>οὗτος</span> <span class='ocrx_word' id='word_1_690' title='bbox 965 4716 1030 4788; x_wconf 81' lang='grc' dir='ltr'>δὴ</span> <span class='ocrx_word' id='word_1_691' title='bbox 1077 4716 1172 4770; x_wconf 74' lang='grc' dir='ltr'><strong>καὶ</strong></span> <span class='ocrx_word' id='word_1_692' title='bbox 1217 4717 1278 4769; x_wconf 81' lang='grc' dir='ltr'><strong>τὸ</strong></span> <span class='ocrx_word' id='word_1_693' title='bbox 1326 4717 1560 4788; x_wconf 79' lang='grc' dir='ltr'>δηλωθὲν</span> <span class='ocrx_word' id='word_1_694' title='bbox 1612 4717 1774 4788; x_wconf 83' lang='grc' dir='ltr'>μεσό-</span> 
     </span>
    </p>
   </div>
   <div class='ocr_carea' id='block_1_95' title="bbox 199 4808 1775 4887">
    <p class='ocr_par' dir='ltr' id='par_1_95' title="bbox 199 4808 1775 4887">
     <span class='ocr_line' id='line_1_95' title="bbox 199 4808 1775 4887; baseline -0.002 -24"><span class='ocrx_word' id='word_1_695' title='bbox 199 4826 368 4882; x_wconf 87' lang='grc' dir='ltr'>τοιχον</span> <span class='ocrx_word' id='word_1_696' title='bbox 394 4812 642 4867; x_wconf 77' lang='grc' dir='ltr'>ἀνεῖλεν·</span> <span class='ocrx_word' id='word_1_697' title='bbox 665 4811 724 4874; x_wconf 76' lang='grc' dir='ltr'>ὂς</span> <span class='ocrx_word' id='word_1_698' title='bbox 753 4810 954 4887; x_wconf 82' lang='grc' dir='ltr'>Κύριος</span> <span class='ocrx_word' id='word_1_699' title='bbox 983 4808 1057 4862; x_wconf 85' lang='grc' dir='ltr'>ὣν</span> <span class='ocrx_word' id='word_1_700' title='bbox 1086 4809 1182 4864; x_wconf 75' lang='grc' dir='ltr'><strong>καὶ</strong></span> <span class='ocrx_word' id='word_1_701' title='bbox 1207 4808 1302 4863; x_wconf 89' lang='grc' dir='ltr'><strong>τοῦ</strong></span> <span class='ocrx_word' id='word_1_702' title='bbox 1331 4808 1600 4863; x_wconf 82' lang='grc' dir='ltr'>σαϐϐάτου</span> <span class='ocrx_word' id='word_1_703' title='bbox 1632 4811 1775 4862; x_wconf 80' lang='grc' dir='ltr'>ποιεῖ</span> 
     </span>
    </p>
   </div>
   <div class='ocr_carea' id='block_1_96' title="bbox 197 4900 1768 4976">
    <p class='ocr_par' dir='ltr' id='par_1_96' title="bbox 197 4900 1768 4976">
     <span class='ocr_line' id='line_1_96' title="bbox 197 4900 1768 4976; baseline 0.001 -23"><span class='ocrx_word' id='word_1_704' title='bbox 197 4901 260 4955; x_wconf 83' lang='grc' dir='ltr'>τὰ</span> <span class='ocrx_word' id='word_1_705' title='bbox 290 4904 583 4976; x_wconf 78' lang='grc' dir='ltr'>ἀμφότερα</span> <span class='ocrx_word' id='word_1_706' title='bbox 616 4902 695 4966; x_wconf 78' lang='grc' dir='ltr'>ἓν,</span> <span class='ocrx_word' id='word_1_707' title='bbox 731 4902 871 4956; x_wconf 86' lang='grc' dir='ltr'><strong>κατά</strong></span> <span class='ocrx_word' id='word_1_708' title='bbox 886 4902 980 4954; x_wconf 88' lang='grc' dir='ltr'><strong>τὸν</strong></span> <span class='ocrx_word' id='word_1_709' title='bbox 1015 4900 1158 4974; x_wconf 78' lang='grc' dir='ltr'>ἱερὸν</span> <span class='ocrx_word' id='word_1_710' title='bbox 1199 4900 1515 4955; x_wconf 73' lang='grc' dir='ltr'>Ἀπόστολον</span> <span class='ocrx_word' id='word_1_711' title='bbox 1547 4901 1768 4955; x_wconf 78' lang='grc' dir='ltr'>εἰπόντα</span> 
     </span>
    </p>
   </div>
   <div class='ocr_carea' id='block_1_97' title="bbox 202 4993 1766 5068">
    <p class='ocr_par' dir='ltr' id='par_1_97' title="bbox 202 4993 1766 5068">
     <span class='ocr_line' id='line_1_97' title="bbox 202 4993 1766 5068; baseline 0.001 -24"><span class='ocrx_word' id='word_1_712' title='bbox 202 5010 220 5044; x_wconf 83' lang='grc' dir='ltr'><strong>ι</strong></span> <span class='ocrx_word' id='word_1_713' title='bbox 253 4995 424 5059; x_wconf 80' lang='grc' dir='ltr'>Αὐτὸς</span> <span class='ocrx_word' id='word_1_714' title='bbox 475 4996 588 5068; x_wconf 83' lang='grc' dir='ltr'><strong>γάρ</strong></span> <span class='ocrx_word' id='word_1_715' title='bbox 638 4996 782 5048; x_wconf 75' lang='grc' dir='ltr'>ἐστιν</span> <span class='ocrx_word' id='word_1_716' title='bbox 815 4997 850 5065; x_wconf 86' lang='grc' dir='ltr'><strong>ή</strong></span> <span class='ocrx_word' id='word_1_717' title='bbox 899 4994 1090 5066; x_wconf 80' lang='grc' dir='ltr'>εἰρήνη</span> <span class='ocrx_word' id='word_1_718' title='bbox 1132 4993 1288 5064; x_wconf 78' lang='grc' dir='ltr'>ἡμῶν</span> <span class='ocrx_word' id='word_1_719' title='bbox 1335 4993 1364 5046; x_wconf 92' lang='lat'><strong>6</strong></span> <span class='ocrx_word' id='word_1_720' title='bbox 1412 4994 1642 5064; x_wconf 81' lang='grc' dir='ltr'>ποιήσας</span> <span class='ocrx_word' id='word_1_721' title='bbox 1699 4993 1766 5046; x_wconf 74' lang='grc' dir='ltr'>τὰ</span> 
     </span>
    </p>
   </div>
   <div class='ocr_carea' id='block_1_98' title="bbox 196 5082 1761 5162">
    <p class='ocr_par' dir='ltr' id='par_1_98' title="bbox 196 5082 1761 5162">
     <span class='ocr_line' id='line_1_98' title="bbox 196 5082 1761 5162; baseline 0 -26"><span class='ocrx_word' id='word_1_722' title='bbox 196 5083 478 5162; x_wconf 80' lang='grc' dir='ltr'>ἀμφότερα</span> <span class='ocrx_word' id='word_1_723' title='bbox 498 5088 580 5150; x_wconf 71' lang='grc' dir='ltr'>ἓν,</span> <span class='ocrx_word' id='word_1_724' title='bbox 602 5087 695 5140; x_wconf 74' lang='grc' dir='ltr'><strong>καὶ</strong></span> <span class='ocrx_word' id='word_1_725' title='bbox 717 5087 776 5140; x_wconf 89' lang='grc' dir='ltr'><strong>τὸ</strong></span> <span class='ocrx_word' id='word_1_726' title='bbox 801 5086 1108 5158; x_wconf 84' lang='grc' dir='ltr'>μεσότοιχον</span> <span class='ocrx_word' id='word_1_727' title='bbox 1128 5084 1221 5138; x_wconf 89' lang='grc' dir='ltr'><strong>τοῦ</strong></span> <span class='ocrx_word' id='word_1_728' title='bbox 1251 5083 1503 5157; x_wconf 86' lang='grc' dir='ltr'>φραγμοῦ</span> <span class='ocrx_word' id='word_1_729' title='bbox 1531 5082 1698 5147; x_wconf 88' lang='grc' dir='ltr'>λύσας</span> <span class='ocrx_word' id='word_1_730' title='bbox 1715 5101 1728 5114; x_wconf 97' lang='grc'><strong>·</strong></span> <span class='ocrx_word' id='word_1_731' title='bbox 1743 5104 1761 5136; x_wconf 78' lang='grc' dir='ltr'><strong>ι</strong></span> 
     </span>
    </p>
   </div>
   <div class='ocr_carea' id='block_1_99' title="bbox 198 5175 1772 5252">
    <p class='ocr_par' dir='ltr' id='par_1_99' title="bbox 198 5175 1772 5252">
     <span class='ocr_line' id='line_1_99' title="bbox 198 5175 1772 5252; baseline -0.001 -23"><span class='ocrx_word' id='word_1_732' title='bbox 198 5177 284 5231; x_wconf 79' lang='grc' dir='ltr'>καὶ</span> <span class='ocrx_word' id='word_1_733' title='bbox 320 5179 373 5232; x_wconf 88' lang='grc' dir='ltr'><strong>τί</strong></span> <span class='ocrx_word' id='word_1_734' title='bbox 431 5181 497 5234; x_wconf 85' lang='grc' dir='ltr'><strong>τὸ</strong></span> <span class='ocrx_word' id='word_1_735' title='bbox 549 5178 860 5252; x_wconf 85' lang='grc' dir='ltr'>μεσότοιχον</span> <span class='ocrx_word' id='word_1_736' title='bbox 911 5177 1186 5247; x_wconf 86' lang='grc' dir='ltr'>διασαφῶν</span> <span class='ocrx_word' id='word_1_737' title='bbox 1209 5217 1224 5242; x_wconf 97' lang='grc'><strong>,</strong></span> <span class='ocrx_word' id='word_1_738' title='bbox 1273 5176 1544 5246; x_wconf 82' lang='grc' dir='ltr'>ἐπιλέγει·</span> <span class='ocrx_word' id='word_1_739' title='bbox 1605 5195 1624 5226; x_wconf 72' lang='grc' dir='ltr'><strong><em>ο</em></strong></span> <span class='ocrx_word' id='word_1_740' title='bbox 1677 5175 1772 5228; x_wconf 74' lang='grc' dir='ltr'><strong>τὸν</strong></span> 
     </span>
    </p>
   </div>
   <div class='ocr_carea' id='block_1_100' title="bbox 196 5267 1768 5343">
    <p class='ocr_par' dir='ltr' id='par_1_100' title="bbox 196 5267 1768 5343">
     <span class='ocr_line' id='line_1_100' title="bbox 196 5267 1768 5343; baseline -0.003 -19"><span class='ocrx_word' id='word_1_741' title='bbox 196 5270 352 5343; x_wconf 81' lang='grc' dir='ltr'>νόμον</span> <span class='ocrx_word' id='word_1_742' title='bbox 370 5272 482 5326; x_wconf 88' lang='grc' dir='ltr'><strong>τῶν</strong></span> <span class='ocrx_word' id='word_1_743' title='bbox 502 5270 733 5326; x_wconf 72' lang='grc' dir='ltr'>ἐντολῶν</span> <span class='ocrx_word' id='word_1_744' title='bbox 759 5271 818 5326; x_wconf 74' lang='grc' dir='ltr'>ὲν</span> <span class='ocrx_word' id='word_1_745' title='bbox 844 5270 1078 5341; x_wconf 81' lang='grc' dir='ltr'>δόγμασι</span> <span class='ocrx_word' id='word_1_746' title='bbox 1097 5270 1448 5340; x_wconf 81' lang='grc' dir='ltr'>καταργήσας</span> <span class='ocrx_word' id='word_1_747' title='bbox 1479 5287 1497 5320; x_wconf 76' lang='grc' dir='ltr'><strong>ι</strong></span> <span class='ocrx_word' id='word_1_748' title='bbox 1523 5267 1768 5321; x_wconf 80' lang='grc' dir='ltr'>ἐκποδὼν</span> 
     </span>
    </p>
   </div>
   <div class='ocr_carea' id='block_1_101' title="bbox 196 5358 1765 5438">
    <p class='ocr_par' dir='ltr' id='par_1_101' title="bbox 196 5358 1765 5438">
     <span class='ocr_line' id='line_1_101' title="bbox 196 5358 1765 5438; baseline -0.004 -20"><span class='ocrx_word' id='word_1_749' title='bbox 196 5363 676 5438; x_wconf 77' lang='grc' dir='ltr'>μεταστησάμενος</span> <span class='ocrx_word' id='word_1_750' title='bbox 702 5363 762 5416; x_wconf 87' lang='grc' dir='ltr'><strong>τὸ</strong></span> <span class='ocrx_word' id='word_1_751' title='bbox 797 5361 1103 5432; x_wconf 85' lang='grc' dir='ltr'>μεσότοιχον</span> <span class='ocrx_word' id='word_1_752' title='bbox 1136 5359 1228 5413; x_wconf 83' lang='grc' dir='ltr'><strong>τοῦ</strong></span> <span class='ocrx_word' id='word_1_753' title='bbox 1270 5358 1548 5422; x_wconf 84' lang='grc' dir='ltr'>Μωῢσὲως</span> <span class='ocrx_word' id='word_1_754' title='bbox 1576 5360 1765 5428; x_wconf 88' lang='grc' dir='ltr'>νόμου,</span> 
     </span>
    </p>
   </div>
   <div class='ocr_carea' id='block_1_102' title="bbox 192 5453 1769 5533">
    <p class='ocr_par' dir='ltr' id='par_1_102' title="bbox 192 5453 1769 5533">
     <span class='ocr_line' id='line_1_102' title="bbox 192 5453 1769 5533; baseline -0.005 -21"><span class='ocrx_word' id='word_1_755' title='bbox 192 5458 324 5533; x_wconf 77' lang='grc' dir='ltr'>ὅπερ</span> <span class='ocrx_word' id='word_1_756' title='bbox 364 5460 520 5530; x_wconf 71' lang='grc' dir='ltr'>ἡμᾶς</span> <span class='ocrx_word' id='word_1_757' title='bbox 551 5460 675 5520; x_wconf 83' lang='grc' dir='ltr'>τοὺς</span> <span class='ocrx_word' id='word_1_758' title='bbox 718 5455 779 5524; x_wconf 74' lang='grc' dir='ltr'>ἐξ</span> <span class='ocrx_word' id='word_1_759' title='bbox 826 5455 993 5509; x_wconf 71' lang='grc' dir='ltr'>ὲθνῶν</span> <span class='ocrx_word' id='word_1_760' title='bbox 1024 5454 1121 5525; x_wconf 74' lang='grc' dir='ltr'><strong>τῆς</strong></span> <span class='ocrx_word' id='word_1_761' title='bbox 1168 5454 1310 5508; x_wconf 88' lang='grc' dir='ltr'><strong>κατά</strong></span> <span class='ocrx_word' id='word_1_762' title='bbox 1340 5453 1471 5507; x_wconf 87' lang='grc' dir='ltr'>Θεὸν</span> <span class='ocrx_word' id='word_1_763' title='bbox 1517 5453 1769 5524; x_wconf 74' lang='grc' dir='ltr'>ἀπείργει</span> 
     </span>
    </p>
   </div>
   <div class='ocr_carea' id='block_1_103' title="bbox 195 5540 1769 5624">
    <p class='ocr_par' dir='ltr' id='par_1_103' title="bbox 195 5540 1769 5624">
     <span class='ocr_line' id='line_1_103' title="bbox 195 5540 1769 5624; baseline -0.005 -20"><span class='ocrx_word' id='word_1_764' title='bbox 195 5551 472 5616; x_wconf 78' lang='grc' dir='ltr'>εὐσεϐείας</span> <span class='ocrx_word' id='word_1_765' title='bbox 504 5592 519 5616; x_wconf 92' lang='grc'><strong>,</strong></span> <span class='ocrx_word' id='word_1_766' title='bbox 567 5551 655 5605; x_wconf 79' lang='grc' dir='ltr'><strong>διὰ</strong></span> <span class='ocrx_word' id='word_1_767' title='bbox 700 5549 759 5608; x_wconf 84' lang='grc' dir='ltr'><strong>τὸ</strong></span> <span class='ocrx_word' id='word_1_768' title='bbox 812 5549 946 5624; x_wconf 86' lang='grc' dir='ltr'>μηδὲ</span> <span class='ocrx_word' id='word_1_769' title='bbox 980 5546 1325 5619; x_wconf 84' lang='grc' dir='ltr'>βουλομένοις</span> <span class='ocrx_word' id='word_1_770' title='bbox 1367 5545 1590 5604; x_wconf 86' lang='grc' dir='ltr'>δυνατὸν</span> <span class='ocrx_word' id='word_1_771' title='bbox 1629 5540 1769 5605; x_wconf 77' lang='grc' dir='ltr'>εἶναι</span> 
     </span>
    </p>
   </div>
   <div class='ocr_carea' id='block_1_104' title="bbox 195 5635 1589 5709">
    <p class='ocr_par' dir='ltr' id='par_1_104' title="bbox 195 5635 1589 5709">
     <span class='ocr_line' id='line_1_104' title="bbox 195 5635 1589 5709; baseline -0.007 -11"><span class='ocrx_word' id='word_1_772' title='bbox 195 5645 324 5700; x_wconf 73' lang='grc' dir='ltr'>πᾶσι</span> <span class='ocrx_word' id='word_1_773' title='bbox 356 5647 472 5709; x_wconf 77' lang='grc' dir='ltr'>τοῖς</span> <span class='ocrx_word' id='word_1_774' title='bbox 506 5643 682 5699; x_wconf 70' lang='grc' dir='ltr'>ἔθνεσι</span> <span class='ocrx_word' id='word_1_775' title='bbox 712 5642 849 5699; x_wconf 67' lang='grc' dir='ltr'>κατὰ</span> <span class='ocrx_word' id='word_1_776' title='bbox 881 5639 1120 5697; x_wconf 76' lang='grc' dir='ltr'>Μωῦσέα</span> <span class='ocrx_word' id='word_1_777' title='bbox 1152 5635 1589 5692; x_wconf 78' lang='grc' dir='ltr'>πολιτεύσασθαι.</span> 
     </span>
    </p>
   </div>
   <div class='ocr_carea' id='block_1_105' title="bbox 261 5811 1796 5889">
    <p class='ocr_par' dir='ltr' id='par_1_105' title="bbox 261 5811 1796 5889">
     <span class='ocr_line' id='line_1_105' title="bbox 261 5811 1796 5889; baseline -0.004 -12"><span class='ocrx_word' id='word_1_778' title='bbox 261 5821 306 5853; x_wconf 80' lang='grc'><strong>⁸⁸</strong></span> <span class='ocrx_word' id='word_1_779' title='bbox 348 5822 456 5878; x_wconf 82' lang='lat' dir='ltr'><strong>Isa.</strong></span> <span class='ocrx_word' id='word_1_780' title='bbox 493 5837 663 5888; x_wconf 75' lang='lat' dir='ltr'><strong>um,</strong></span> <span class='ocrx_word' id='word_1_781' title='bbox 701 5821 788 5879; x_wconf 73' lang='grc' dir='ltr'>ιε.</span> <span class='ocrx_word' id='word_1_782' title='bbox 861 5817 905 5852; x_wconf 70' lang='grc'><strong>⁸⁸</strong></span> <span class='ocrx_word' id='word_1_783' title='bbox 947 5815 1142 5889; x_wconf 81' lang='lat' dir='ltr'><strong>Ephes.</strong></span> <span class='ocrx_word' id='word_1_784' title='bbox 1179 5831 1251 5883; x_wconf 79' lang='grc' dir='ltr'><strong>ιι,</strong></span> <span class='ocrx_word' id='word_1_785' title='bbox 1289 5815 1377 5871; x_wconf 71' lang='lat' dir='ltr'><strong>ﬂ.</strong></span> <span class='ocrx_word' id='word_1_786' title='bbox 1454 5815 1497 5850; x_wconf 79' lang='grc'><strong>³³</strong></span> <span class='ocrx_word' id='word_1_787' title='bbox 1541 5811 1668 5871; x_wconf 84' lang='lat' dir='ltr'><strong>ibid.</strong></span> <span class='ocrx_word' id='word_1_788' title='bbox 1708 5812 1796 5872; x_wconf 73' lang='grc'><strong>15.</strong></span> 
     </span>
    </p>
   </div>
   <div class='ocr_carea' id='block_1_106' title="bbox 1885 4614 3452 4694">
    <p class='ocr_par' dir='ltr' id='par_1_106' title="bbox 1885 4614 3452 4694">
     <span class='ocr_line' id='line_1_106' title="bbox 1885 4614 3452 4694; baseline -0.006 -18"><span class='ocrx_word' id='word_1_789' title='bbox 1885 4623 2170 4694; x_wconf 86' lang='lat' dir='ltr'><strong>prophetia</strong></span> <span class='ocrx_word' id='word_1_790' title='bbox 2200 4621 2333 4676; x_wconf 84' lang='lat' dir='ltr'><strong>dicit</strong></span> <span class='ocrx_word' id='word_1_791' title='bbox 2365 4639 2378 4674; x_wconf 93' lang='lat'><strong>:</strong></span> <span class='ocrx_word' id='word_1_792' title='bbox 2422 4636 2440 4669; x_wconf 74' lang='grc' dir='ltr'>ε</span> <span class='ocrx_word' id='word_1_793' title='bbox 2469 4617 2536 4672; x_wconf 85' lang='lat' dir='ltr'><strong>Et</strong></span> <span class='ocrx_word' id='word_1_794' title='bbox 2568 4617 2853 4673; x_wconf 82' lang='lat' dir='ltr'><strong>vocaberis</strong></span> <span class='ocrx_word' id='word_1_795' title='bbox 2872 4615 3169 4672; x_wconf 79' lang='lat' dir='ltr'><strong>aediﬁcator</strong></span> <span class='ocrx_word' id='word_1_796' title='bbox 3187 4614 3452 4671; x_wconf 88' lang='lat' dir='ltr'><strong>maceria-</strong></span> 
     </span>
    </p>
   </div>
   <div class='ocr_carea' id='block_1_107' title="bbox 1882 4704 3448 4781">
    <p class='ocr_par' dir='ltr' id='par_1_107' title="bbox 1882 4704 3448 4781">
     <span class='ocr_line' id='line_1_107' title="bbox 1882 4704 3448 4781; baseline -0.008 -11"><span class='ocrx_word' id='word_1_797' title='bbox 1882 4732 2002 4770; x_wconf 88' lang='lat' dir='ltr'><strong>rum</strong></span> <span class='ocrx_word' id='word_1_798' title='bbox 2033 4715 2100 4767; x_wconf 72' lang='grc'><strong>³⁸.</strong></span> <span class='ocrx_word' id='word_1_799' title='bbox 2147 4735 2168 4766; x_wconf 73' lang='grc' dir='ltr'><strong>ι</strong></span> <span class='ocrx_word' id='word_1_800' title='bbox 2200 4713 2300 4768; x_wconf 85' lang='lat' dir='ltr'><strong>Hie</strong></span> <span class='ocrx_word' id='word_1_801' title='bbox 2322 4713 2486 4767; x_wconf 87' lang='lat' dir='ltr'><strong>etiam</strong></span> <span class='ocrx_word' id='word_1_802' title='bbox 2533 4709 2852 4781; x_wconf 80' lang='lat' dir='ltr'><strong>praedictum</strong></span> <span class='ocrx_word' id='word_1_803' title='bbox 2907 4707 3167 4778; x_wconf 86' lang='lat' dir='ltr'><strong>parietem</strong></span> <span class='ocrx_word' id='word_1_804' title='bbox 3211 4704 3448 4760; x_wconf 83' lang='lat' dir='ltr'><strong>medium</strong></span> 
     </span>
    </p>
   </div>
   <div class='ocr_carea' id='block_1_108' title="bbox 1881 4781 3447 4878">
    <p class='ocr_par' dir='ltr' id='par_1_108' title="bbox 1881 4781 3447 4878">
     <span class='ocr_line' id='line_1_108' title="bbox 1881 4781 3447 4878; baseline -0.008 -16"><span class='ocrx_word' id='word_1_805' title='bbox 1881 4808 2140 4875; x_wconf 76' lang='lat' dir='ltr'><strong>abstulit;</strong></span> <span class='ocrx_word' id='word_1_806' title='bbox 2176 4808 2305 4878; x_wconf 84' lang='lat' dir='ltr'><strong>quia</strong></span> <span class='ocrx_word' id='word_1_807' title='bbox 2351 4820 2476 4861; x_wconf 92' lang='lat' dir='ltr'><strong>cum</strong></span> <span class='ocrx_word' id='word_1_808' title='bbox 2508 4805 2579 4860; x_wconf 82' lang='lat' dir='ltr'><strong>sit</strong></span> <span class='ocrx_word' id='word_1_809' title='bbox 2629 4802 2855 4857; x_wconf 85' lang='lat' dir='ltr'><strong>Sabbati</strong></span> <span class='ocrx_word' id='word_1_810' title='bbox 2899 4813 3117 4871; x_wconf 81' lang='lat' dir='ltr'><strong>quoque</strong></span> <span class='ocrx_word' id='word_1_811' title='bbox 3161 4781 3447 4858; x_wconf 71' lang='lat' dir='ltr'><strong>Dominus,</strong></span> 
     </span>
    </p>
   </div>
   <div class='ocr_carea' id='block_1_109' title="bbox 1879 4890 3448 4970">
    <p class='ocr_par' dir='ltr' id='par_1_109' title="bbox 1879 4890 3448 4970">
     <span class='ocr_line' id='line_1_109' title="bbox 1879 4890 3448 4970; baseline -0.008 -14"><span class='ocrx_word' id='word_1_812' title='bbox 1879 4901 2008 4958; x_wconf 80' lang='lat' dir='ltr'><strong>facit</strong></span> <span class='ocrx_word' id='word_1_813' title='bbox 2062 4908 2297 4970; x_wconf 84' lang='lat' dir='ltr'><strong>utraque</strong></span> <span class='ocrx_word' id='word_1_814' title='bbox 2347 4912 2565 4953; x_wconf 79' lang='lat' dir='ltr'><strong>unum:</strong></span> <span class='ocrx_word' id='word_1_815' title='bbox 2593 4895 2736 4950; x_wconf 89' lang='lat' dir='ltr'><strong>sicut</strong></span> <span class='ocrx_word' id='word_1_816' title='bbox 2775 4895 2854 4948; x_wconf 88' lang='lat' dir='ltr'><strong>ait</strong></span> <span class='ocrx_word' id='word_1_817' title='bbox 2902 4907 3059 4949; x_wconf 88' lang='lat' dir='ltr'><strong>sacer</strong></span> <span class='ocrx_word' id='word_1_818' title='bbox 3105 4890 3448 4961; x_wconf 80' lang='lat' dir='ltr'><strong>Apostolus:</strong></span> 
     </span>
    </p>
   </div>
   <div class='ocr_carea' id='block_1_110' title="bbox 1881 4984 3450 5064">
    <p class='ocr_par' dir='ltr' id='par_1_110' title="bbox 1881 4984 3450 5064">
     <span class='ocr_line' id='line_1_110' title="bbox 1881 4984 3450 5064; baseline -0.009 -16"><span class='ocrx_word' id='word_1_819' title='bbox 1881 5013 1900 5048; x_wconf 79' lang='grc' dir='ltr'><strong>ι</strong></span> <span class='ocrx_word' id='word_1_820' title='bbox 1928 4995 2050 5064; x_wconf 82' lang='lat' dir='ltr'><strong>Ipse</strong></span> <span class='ocrx_word' id='word_1_821' title='bbox 2076 4993 2219 5048; x_wconf 89' lang='lat' dir='ltr'><strong>enim</strong></span> <span class='ocrx_word' id='word_1_822' title='bbox 2253 4997 2338 5046; x_wconf 87' lang='lat' dir='ltr'><strong>est</strong></span> <span class='ocrx_word' id='word_1_823' title='bbox 2370 5004 2474 5061; x_wconf 88' lang='lat' dir='ltr'><strong>pax</strong></span> <span class='ocrx_word' id='word_1_824' title='bbox 2500 4995 2711 5049; x_wconf 84' lang='lat' dir='ltr'><strong>nostra,</strong></span> <span class='ocrx_word' id='word_1_825' title='bbox 2734 4986 2830 5056; x_wconf 84' lang='lat' dir='ltr'><strong>qui</strong></span> <span class='ocrx_word' id='word_1_826' title='bbox 2860 4984 2987 5041; x_wconf 83' lang='lat' dir='ltr'><strong>feeit</strong></span> <span class='ocrx_word' id='word_1_827' title='bbox 3009 4991 3242 5052; x_wconf 84' lang='lat' dir='ltr'><strong>utraque</strong></span> <span class='ocrx_word' id='word_1_828' title='bbox 3256 4996 3450 5047; x_wconf 82' lang='lat' dir='ltr'><strong>unum.</strong></span> 
     </span>
    </p>
   </div>
   <div class='ocr_carea' id='block_1_111' title="bbox 1875 5075 3449 5156">
    <p class='ocr_par' dir='ltr' id='par_1_111' title="bbox 1875 5075 3449 5156">
     <span class='ocr_line' id='line_1_111' title="bbox 1875 5075 3449 5156; baseline -0.01 -12"><span class='ocrx_word' id='word_1_829' title='bbox 1875 5097 1930 5144; x_wconf 84' lang='lat' dir='ltr'><strong>et</strong></span> <span class='ocrx_word' id='word_1_830' title='bbox 1957 5085 2194 5142; x_wconf 88' lang='lat' dir='ltr'><strong>medium</strong></span> <span class='ocrx_word' id='word_1_831' title='bbox 2218 5085 2481 5156; x_wconf 90' lang='lat' dir='ltr'><strong>parietem</strong></span> <span class='ocrx_word' id='word_1_832' title='bbox 2515 5081 2768 5136; x_wconf 82' lang='lat' dir='ltr'><strong>maceriae</strong></span> <span class='ocrx_word' id='word_1_833' title='bbox 2797 5079 2960 5136; x_wconf 83' lang='lat' dir='ltr'><strong>solvit</strong></span> <span class='ocrx_word' id='word_1_834' title='bbox 2984 5079 3050 5131; x_wconf 86' lang='grc'><strong>³¹.</strong></span> <span class='ocrx_word' id='word_1_835' title='bbox 3085 5095 3104 5128; x_wconf 75' lang='grc' dir='ltr'><strong>ι</strong></span> <span class='ocrx_word' id='word_1_836' title='bbox 3138 5075 3205 5130; x_wconf 89' lang='grc' dir='ltr'>Ει</span> <span class='ocrx_word' id='word_1_837' title='bbox 3228 5075 3449 5147; x_wconf 84' lang='lat' dir='ltr'><strong>quidem</strong></span> 
     </span>
    </p>
   </div>
   <div class='ocr_carea' id='block_1_112' title="bbox 1875 5166 3450 5246">
    <p class='ocr_par' dir='ltr' id='par_1_112' title="bbox 1875 5166 3450 5246">
     <span class='ocr_line' id='line_1_112' title="bbox 1875 5166 3450 5246; baseline -0.009 -13"><span class='ocrx_word' id='word_1_838' title='bbox 1875 5178 2116 5234; x_wconf 84' lang='lat' dir='ltr'><strong>medium</strong></span> <span class='ocrx_word' id='word_1_839' title='bbox 2182 5176 2447 5246; x_wconf 84' lang='lat' dir='ltr'><strong>parietem</strong></span> <span class='ocrx_word' id='word_1_840' title='bbox 2498 5172 2888 5243; x_wconf 89' lang='lat' dir='ltr'><strong>interpretans,</strong></span> <span class='ocrx_word' id='word_1_841' title='bbox 2953 5167 3185 5228; x_wconf 89' lang='lat' dir='ltr'><strong>subdit,</strong></span> <span class='ocrx_word' id='word_1_842' title='bbox 3218 5185 3236 5218; x_wconf 83' lang='grc' dir='ltr'><strong>ι</strong></span> <span class='ocrx_word' id='word_1_843' title='bbox 3274 5166 3450 5235; x_wconf 75' lang='lat' dir='ltr'><strong>legent</strong></span> 
     </span>
    </p>
   </div>
   <div class='ocr_carea' id='block_1_113' title="bbox 1875 5256 3452 5327">
    <p class='ocr_par' dir='ltr' id='par_1_113' title="bbox 1875 5256 3452 5327">
     <span class='ocr_line' id='line_1_113' title="bbox 1875 5256 3452 5327; baseline -0.007 -4"><span class='ocrx_word' id='word_1_844' title='bbox 1875 5269 2256 5324; x_wconf 81' lang='lat' dir='ltr'><strong>mandalorum</strong></span> <span class='ocrx_word' id='word_1_845' title='bbox 2308 5264 2545 5321; x_wconf 85' lang='lat' dir='ltr'><strong>decretis</strong></span> <span class='ocrx_word' id='word_1_846' title='bbox 2587 5276 2860 5319; x_wconf 78' lang='lat' dir='ltr'><strong>evacuans</strong></span> <span class='ocrx_word' id='word_1_847' title='bbox 2889 5260 2958 5323; x_wconf 80' lang='grc'>³²,</span> <span class='ocrx_word' id='word_1_848' title='bbox 2996 5280 3015 5312; x_wconf 70' lang='grc' dir='ltr'><strong>ι</strong></span> <span class='ocrx_word' id='word_1_849' title='bbox 3053 5258 3266 5314; x_wconf 88' lang='lat' dir='ltr'><strong>sublato</strong></span> <span class='ocrx_word' id='word_1_850' title='bbox 3315 5256 3452 5327; x_wconf 84' lang='lat' dir='ltr'><strong>legis</strong></span> 
     </span>
    </p>
   </div>
   <div class='ocr_carea' id='block_1_114' title="bbox 1877 5347 3449 5426">
    <p class='ocr_par' dir='ltr' id='par_1_114' title="bbox 1877 5347 3449 5426">
     <span class='ocr_line' id='line_1_114' title="bbox 1877 5347 3449 5426; baseline -0.009 -13"><span class='ocrx_word' id='word_1_851' title='bbox 1877 5358 2130 5415; x_wconf 64' lang='lat' dir='ltr'><strong>Mosaicae</strong></span> <span class='ocrx_word' id='word_1_852' title='bbox 2165 5356 2346 5412; x_wconf 85' lang='lat' dir='ltr'><strong>medio</strong></span> <span class='ocrx_word' id='word_1_853' title='bbox 2376 5356 2613 5426; x_wconf 88' lang='lat' dir='ltr'><strong>pariete;</strong></span> <span class='ocrx_word' id='word_1_854' title='bbox 2640 5353 2734 5424; x_wconf 87' lang='lat' dir='ltr'><strong>qui</strong></span> <span class='ocrx_word' id='word_1_855' title='bbox 2781 5365 2884 5406; x_wconf 87' lang='lat' dir='ltr'><strong>nos</strong></span> <span class='ocrx_word' id='word_1_856' title='bbox 2909 5349 3146 5405; x_wconf 89' lang='lat' dir='ltr'><strong>ethnicis</strong></span> <span class='ocrx_word' id='word_1_857' title='bbox 3182 5347 3449 5403; x_wconf 83' lang='lat' dir='ltr'><strong>oriundos</strong></span> 
     </span>
    </p>
   </div>
   <div class='ocr_carea' id='block_1_115' title="bbox 1876 5437 3450 5522">
    <p class='ocr_par' dir='ltr' id='par_1_115' title="bbox 1876 5437 3450 5522">
     <span class='ocr_line' id='line_1_115' title="bbox 1876 5437 3450 5522; baseline -0.01 -16"><span class='ocrx_word' id='word_1_858' title='bbox 1876 5451 2196 5522; x_wconf 90' lang='lat' dir='ltr'><strong>parentibus</strong></span> <span class='ocrx_word' id='word_1_859' title='bbox 2224 5447 2549 5504; x_wconf 85' lang='lat' dir='ltr'><strong>excludebat</strong></span> <span class='ocrx_word' id='word_1_860' title='bbox 2589 5461 2621 5499; x_wconf 86' lang='lat' dir='ltr'><strong>a</strong></span> <span class='ocrx_word' id='word_1_861' title='bbox 2675 5443 2768 5499; x_wconf 89' lang='lat' dir='ltr'><strong>Dei</strong></span> <span class='ocrx_word' id='word_1_862' title='bbox 2796 5443 3058 5514; x_wconf 74' lang='lat' dir='ltr'><strong>religione</strong></span> <span class='ocrx_word' id='word_1_863' title='bbox 3088 5460 3101 5495; x_wconf 89' lang='lat'>:</span> <span class='ocrx_word' id='word_1_864' title='bbox 3136 5439 3264 5510; x_wconf 87' lang='lat' dir='ltr'><strong>quia</strong></span> <span class='ocrx_word' id='word_1_865' title='bbox 3299 5453 3370 5494; x_wconf 88' lang='lat' dir='ltr'><strong>ne</strong></span> <span class='ocrx_word' id='word_1_866' title='bbox 3401 5437 3450 5492; x_wconf 87' lang='lat' dir='ltr'><strong>si</strong></span> 
     </span>
    </p>
   </div>
   <div class='ocr_carea' id='block_1_116' title="bbox 1874 5537 3455 5615">
    <p class='ocr_par' dir='ltr' id='par_1_116' title="bbox 1874 5537 3455 5615">
     <span class='ocr_line' id='line_1_116' title="bbox 1874 5537 3455 5615; baseline -0.01 -15"><span class='ocrx_word' id='word_1_867' title='bbox 1874 5544 2180 5605; x_wconf 78' lang='lat' dir='ltr'><strong>voluissent</strong></span> <span class='ocrx_word' id='word_1_868' title='bbox 2208 5539 2453 5611; x_wconf 84' lang='lat' dir='ltr'><strong>quidem,</strong></span> <span class='ocrx_word' id='word_1_869' title='bbox 2495 5537 2611 5591; x_wconf 78' lang='lat' dir='ltr'><strong>fieri</strong></span> <span class='ocrx_word' id='word_1_870' title='bbox 2661 5541 2874 5605; x_wconf 88' lang='lat' dir='ltr'><strong>poterat</strong></span> <span class='ocrx_word' id='word_1_871' title='bbox 2907 5541 2967 5587; x_wconf 93' lang='lat' dir='ltr'><strong>ut</strong></span> <span class='ocrx_word' id='word_1_872' title='bbox 3004 5541 3217 5594; x_wconf 61' lang='lat' dir='ltr'><strong>cuncta;</strong></span> <span class='ocrx_word' id='word_1_873' title='bbox 3261 5541 3455 5615; x_wconf 69' lang='lat' dir='ltr'><strong>gentes</strong></span> 
     </span>
    </p>
   </div>
   <div class='ocr_carea' id='block_1_117' title="bbox 1878 5625 3184 5703">
    <p class='ocr_par' dir='ltr' id='par_1_117' title="bbox 1878 5625 3184 5703">
     <span class='ocr_line' id='line_1_117' title="bbox 1878 5625 3184 5703; baseline -0.01 -11"><span class='ocrx_word' id='word_1_874' title='bbox 1878 5652 1945 5692; x_wconf 87' lang='lat' dir='ltr'><strong>ex</strong></span> <span class='ocrx_word' id='word_1_875' title='bbox 1975 5633 2230 5690; x_wconf 67' lang='lat' dir='ltr'><strong>Mosaicae</strong></span> <span class='ocrx_word' id='word_1_876' title='bbox 2259 5632 2395 5703; x_wconf 85' lang='lat' dir='ltr'><strong>legis</strong></span> <span class='ocrx_word' id='word_1_877' title='bbox 2423 5628 2660 5685; x_wconf 80' lang='lat' dir='ltr'><strong>formula</strong></span> <span class='ocrx_word' id='word_1_878' title='bbox 2692 5627 2857 5682; x_wconf 85' lang='lat' dir='ltr'><strong>vitam</strong></span> <span class='ocrx_word' id='word_1_879' title='bbox 2890 5625 3184 5698; x_wconf 75' lang='lat' dir='ltr'><strong>agitarent.</strong></span> 
     </span>
    </p>
   </div>
  </div>
