3830 6260
380 344 484 421 ³9η

963 340 972 353 ’
1013 358 1279 416 EUSEBII
1317 344 1787 415 CESARIENSIS
1823 357 1972 414 OPP.
2013 344 2189 411 PARS
2222 355 2308 411 III.
2348 386 2417 398 —-
2456 351 2861 409 EXEGETICA.
3064 348 3073 359 ’
3492 350 3585 406 SI!

457 481 508 534 7.
541 461 684 534 Deus
733 476 917 549 igitur,
953 485 1010 529 ut
1060 477 1115 530 in
1163 473 1483 544 Evangelica
1534 474 1936 528 demonstratio-

2110 470 2172 535 ζ’.
2220 472 2427 542 ’Ὠσπερ
2464 467 2556 523 οὖν
2614 468 3016 539 συνεστήσαμεν
3068 467 3126 520 ἐν
3171 468 3294 529 ταῖς
3345 465 3588 535 Eiram-

387 587 449 625 ne
480 569 591 640 (l6)
620 569 730 639 jam
755 567 1112 629 asseruimus,
1142 566 1506 636 evangelicam
1539 568 1705 620 vitam
1728 566 1936 621 cunctis

2044 562 2231 627 λικαῒς
2275 561 2617 626 ἀποδείξεσι
2637 600 2651 624 ,
2699 562 2798 631 τὴν
2826 560 2965 614 κατὰ
3015 558 3075 612 τὸ
3125 557 3461 627 Εὐαγγέλιον
3488 559 3587 622 τοῖς

384 660 691 731 proposuit,
718 659 792 711 ita
822 665 881 710 ut
916 657 1297 727 primigenium
1351 656 1487 711 illud
1533 657 1813 727 religionis
1850 674 1939 728 ge-

387 766 490 805 nus
517 748 809 819 perfectam
854 756 1017 819 atque
1052 749 1401 804 illustriorem
1448 750 1711 821 originem
1754 750 1940 804 redde-

373 848 487 906 -'ret,
522 842 650 896 dum
680 857 840 896 manu
875 842 1090 912 praefert
1130 842 1497 897 testimonium
1540 843 1803 911 primatus
1830 844 1932 897 sui.

374 932 744 999 Quamobrem
776 932 884 987 vita
927 948 1023 1002 per
1046 933 1286 989 salutare
1328 932 1677 1003 Evan‘gelium
1726 933 1937 989 cunctis

2037 658 2169 709 πᾶσι
2213 655 2541 727 προεϐάλετο
2587 656 2858 710 πολιτείαν
2882 695 2896 720 ,
2931 653 3022 708 τοῦ
3074 651 3289 726 πρώτου
3320 652 3420 724 τῆς
3454 652 3590 705 εὐσε-

2037 748 2187 811 ϐείας
2214 749 2411 820 τρόπου
2456 749 2665 803 τελείαν
2712 748 2804 802 καὶ
2837 746 3217 817 λαμπροτέραν
3257 746 3359 816 τὴν
3393 745 3588 814 γένεσιν

2037 840 2437 909 πεποιημένου,
2492 840 2627 911 μετά
2676 840 2768 893 τοῦ
2811 841 2875 909 τῇ
2908 837 3048 909 χειρὶ
3090 835 3490 903 συνεπάγεσθαι
3538 835 3592 889 τὸ

2039 929 2333 1002 μαρτύριον
2363 931 2454 984 τοῦ
2504 931 2711 1002 πρῶτον
2741 930 2902 983 αὑτὸν
2929 931 3205 998 γεγονέναι
3227 944 3240 957 ο
3276 929 3307 980 6
3350 926 3485 995 γοῦν
3515 927 3592 980 διὰ

372 1026 633 1096 gentibus
670 1024 890 1088 tradita,
924 1026 1109 1080 eadem
1163 1032 1281 1079 erat
1329 1032 1492 1096 atque
1536 1026 1626 1079 illa
1666 1041 1785 1095 quae
1816 1036 1936 1081 ante

2044 1020 2127 1075 τοῦ
2157 1020 2421 1093 σωτηρίου
2453 1021 2779 1091 Εὑαγγελίου
2824 1022 2957 1074 πᾶσι
3001 1022 3110 1084 τοῖς
3157 1018 3334 1073 ἔθνεσι
3369 1018 3593 1088 παραδο-

382 1116 621 1189 Moysem
652 1132 872 1171 manum
918 1119 1264 1188 protenderat
1298 1137 1312 1174 :
1340 1118 1498 1189 cujus
1523 1120 1646 1172 vitm
1676 1120 1939 1174 exercita-

382 1208 456 1262 tio
490 1208 543 1262 in
574 1208 764 1279 primis
789 1209 895 1263 illis
929 1208 1038 1263 Deo
1073 1208 1284 1264 dilectis
1315 1208 1627 1264 hominibus
1660 1202 1936 1279 perspecta

381 1307 469 1355 est
510 1319 523 1355 :
566 1300 918 1371 eamdemque
956 1300 1222 1372 ﬁgurabat
1256 1301 1345 1354 hic
1369 1299 1527 1364 Zara,
1578 1302 1671 1371 qui
1704 1301 1936 1371 primum

377 1389 578 1444 divinae
620 1392 763 1444 inter
818 1388 1063 1446 homines
1114 1390 1422 1460 reipublicae
1471 1397 1649 1445 ortum
1686 1393 1877 1446 extulit
1921 1411 1935 1447 :

383 1480 595 1551 fuitque
630 1481 770 1536 idem
820 1481 1147 1552 principium
1197 1490 1250 1537 et
1303 1482 1446 1547 ﬁnis,
1479 1483 1688 1552 primus
1734 1484 1940 1539 et-ulti-

384 1590 507 1629 mus
532 1592 547 1639 ;
589 1583 743 1629 ortus
765 1574 946 1630 brevis
977 1575 1069 1645 qui
1099 1584 1376 1645 postremo
1397 1575 1611 1629 cunctis
1634 1590 1827 1629 rursus
1861 1574 1939 1629 ef-

384 1662 537 1720 fulsit
568 1664 897 1721 hominibus.
932 1665 1038 1721 Sed
1076 1666 1220 1720 enim
1249 1673 1303 1721 et
1336 1666 1467 1720 illud
1502 1673 1627 1721 ante
1667 1666 1941 1722 dictisad-

383 1754 618 1810 dendum
644 1765 750 1823 est,
784 1756 839 1810 in
876 1757 1018 1815 libro
1047 1754 1412 1828 generationis
1432 1756 1561 1812 Jesu
1591 1757 1793 1815 Christi
1828 1775 1938 1814 non

2037 1112 2150 1175 θεὶς
2186 1112 2317 1183 βίος,
2351 1108 2505 1175 οὗτος
2529 1108 2598 1184 ἦν
2630 1115 2831 1176 ἐκεῖνος
2862 1114 2890 1165 6
2920 1112 3013 1164 καλ⁵
3054 1111 3160 1180 πρὸ
3199 1109 3482 1171 Μωῦσέως
3506 1109 3593 1180 τὴν

2037 1206 2190 1275 χεῖρα
2237 1205 2539 1275 προτείνας,
2574 1206 2666 1257 καὶ
2712 1204 2807 1275 τὴν
2836 1203 3033 1274 πρᾶξιν
3087 1204 3175 1256 διὰ
3213 1202 3322 1255 τῶν
3372 1201 3594 1271 πρώτων

2037 1296 2293 1366 θεοφιλῶν
2326 1297 2530 1369 ἀνδρῶν
2570 1296 3024 1367 ἐπιδεδειγμένος·
3074 1289 3226 1359 οὗτός
3254 1311 3317 1347 τε
3353 1288 3511 1357 οὗτος
3534 1289 3596 1363 ἦν

2037 1386 2065 1438 6
2098 1387 2246 1457 Ζαρᾶ
2274 1386 2374 1456 τῆς
2397 1385 2577 1439 ἐνθέου
2608 1386 2879 1448 πολιτείας
2907 1386 3004 1457 τὴν
3035 1383 3255 1455 πρώτην
3292 1385 3351 1436 ἐν
3392 1382 3593 1452 ἀνθρὼ-

2040 1492 2161 1538 ποις
2201 1477 2459 1547 ἀνατολὴν
2507 1476 3004 1546 καταϐεϐλημένος·
3034 1475 3226 1543 γέγονὲ
3254 1470 3334 1527 τε’
3359 1477 3391 1527 6
3425 1474 3593 1537 αὐτὸς,

2039 1568 2179 1639 ἀρχὴ
2212 1569 2304 1621 καὶ
2330 1569 2501 1633 τέλος,
2538 1569 2751 1640 πρῶτός
2782 1585 2840 1621 τε
2872 1569 2965 1621 καί
3006 1567 3251 1629 ὕστατος,
3285 1565 3519 1636 ἀνατολή
3544 1581 3597 1618 τε

2041 1659 2209 1731 μικρὰ
2263 1661 2356 1714 καὶ
2424 1661 2626 1731 ὑστάτη
2675 1660 2833 1714 πάλιν
2887 1662 2967 1723 είς
3015 1660 3219 1722 πάντας
3278 1658 3596 1728 ἐκλάμψασα

2039 1752 2370 1824 ἀνθρώπους.
2406 1752 2551 1823 Πλὴν
2594 1752 2728 1805 ἀλλὰ
2757 1753 2978 1805 κάκεῖνο
3008 1753 3269 1823 προσήκει
3305 1753 3422 1813 τοῖς
3454 1752 3597 1823 εἰρη-

382 1861 413 1900 a
442 1845 615 1917 primo
641 1863 705 1902 ex
748 1847 983 1916 duobus,
1032 1865 1223 1920 nempe
1262 1848 1422 1916 Zara,
1466 1850 1571 1905 dici
1600 1853 1935 1922 progenitum

2044 1844 2218 1915 μένοις
2254 1843 2537 1906 ἐπιθεῖναι,
2572 1842 2647 1907 ὡς
2681 1845 2712 1913 ή
2753 1843 2929 1911 βίϐλος
2971 1843 3071 1913 τῆς
3108 1843 3375 1911 γενέσεως
3433 1841 3597 1913 Ἰησοῦ

380 1953 503 1994 eum
530 1938 689 2008 cujus
720 1940 920 1995 texitur
942 1940 1253 2011 genealogia
1278 1958 1291 2006 ;
1318 1941 1412 1997 sed
1440 1954 1469 1993 a
1503 1942 1760 2008 secundo,
1790 1943 1940 1997 vide-

382 2029 506 2085 licet
532 2029 760 2088 Phares.
783 2032 917 2086 Nam
954 2047 1139 2102 reapse
1161 2032 1458 2087 secundum
1483 2046 1701 2089 carnem
1725 2036 1937 2106 genitus

384 2121 484 2175 fuit
509 2122 576 2177 de
596 2131 756 2194 gente
781 2130 835 2179 et
866 2140 1063 2195 genere
1112 2124 1358 2189 secundi,
1388 2139 1563 2195 neque
1602 2133 1813 2182 tantum
1838 2144 1936 2181 na-

383 2221 472 2268 tus
497 2229 528 2269 e
564 2216 809 2282 muliere,
844 2216 937 2272 sed
984 2215 1161 2270 factus
1213 2217 1314 2273 sub
1346 2218 1496 2290 lege,
1534 2226 1594 2273 ut
1633 2228 1687 2274 et
1729 2235 1823 2273 eos
1844 2219 1935 2289 qui

382 2303 485 2358 sub
518 2305 633 2375 lege
653 2314 806 2361 erant
834 2306 1124 2362 redimeret
1155 2308 1219 2374 ³³,
1244 2310 1541 2367 secundum
1564 2310 1807 2382 Apostoli
1837 2311 1938 2366 hac

380 2396 544 2451 etiam
579 2396 647 2452 de
673 2412 733 2453 re
755 2399 1142 2456 testimonium.

1082 2644 1218 2700 VIII.

380 2776 490 2834 Cur
507 2782 688 2835 uxoris
707 2779 848 2836 Uria:
870 2781 1160 2836 meminerit
1189 2783 1242 2836 in
1270 2783 1576 2855 genealogia
1595 2786 1930 2857 evangelista.

465 2956 515 3010 1.
556 2955 719 3012 Liber
762 2959 1131 3028 generationis
1176 2959 1305 3017 Jesu
1365 2960 1591 3029 Christi,
1622 2963 1752 3017 dum
1810 2965 1930 3021 ait:

387 3067 405 3098 ι
443 3046 609 3107 David
662 3064 759 3105 rex
814 3051 1000 3120 genuit
1051 3050 1399 3109 Salomonem
1448 3069 1515 3110 ex
1557 3070 1622 3110 ea
1667 3071 1787 3127 quae
1833 3058 1935 3113 fuit

368 3137 547 3207 ,Uriae,
576 3158 596 3191 ›
624 3139 903 3198 declarare
930 3145 1318 3215 propemodum
1342 3161 1405 3202 ac
1425 3148 1677 3205 nuntiare
1695 3149 1930 3217 videtur,

2041 1936 2274 2008 Χριστοῦ
2302 1937 2401 1989 οὐκ
2429 1935 2535 1988 ἀπὸ
2571 1934 2663 1988 τοῦ
2693 1935 2799 1989 τῶν
2823 1934 2966 1988 δυοῖν
2995 1933 3232 2007 πρώτου,
3261 1933 3406 2003 λέγω
3433 1933 3491 1986 δὲ
3512 1932 3596 1986 τοῦ

2041 2026 2220 2096 Ζαρᾶ,
2257 2025 2345 2078 τὸν
2378 2023 2859 2094 γενεαλογούμενον
2889 2023 3049 2094 φῦναι
3080 2024 3306 2092 εἰσάγει,
3348 2022 3464 2077 ἀλλ’
3502 2022 3598 2076 ἀπὸ

2040 2116 2133 2169 τοῦ
2158 2117 2407 2187 δευτέρου
2433 2116 2525 2170 τοῦ
2558 2118 2730 2188 Φαρές
2752 2135 2763 2147 ·
2797 2116 2917 2172 ἐπεὶ
2945 2116 3133 2185 γέγονε
3169 2115 3308 2170 κατὰ
3338 2116 3521 2188 σάρκα
3542 2117 3599 2167 ἐκ

2043 2207 2212 2276 φυλῆς
2241 2208 2333 2260 καὶ
2363 2206 2670 2277 σπέρματος
2698 2206 2790 2260 τοῦ
2815 2207 3061 2275 δευτέρου
3087 2225 3100 2238 ο
3133 2208 3192 2260 οὺ
3226 2206 3384 2278 μόνον
3409 2204 3600 2274 γεννώ-

2045 2317 2203 2371 μενος
2227 2302 2291 2353 ἐκ
2326 2301 2579 2369 γυναικὸς
2602 2342 2617 2367 ,
2658 2299 2791 2353 άλλά
2836 2301 2927 2355 καὶ
2957 2300 3242 2371 γενόμενος
3274 2299 3379 2353 ὑπὸ
3407 2300 3598 2369 νόμον,

2041 2390 2129 2445 ἵνα
2169 2391 2412 2453 καὶτοὺς
2464 2391 2568 2444 ὑπὸ
2614 2391 2776 2461 νόμον
2815 2390 3141 2464 ἐξαγοράσῃ,
3173 2391 3314 2446 κατὰ
3360 2390 3461 2462 τὴν
3514 2388 3599 2441 τοῦ

2056 2482 2376 2536 Ἃποστόλου
2406 2484 2498 2537 xal.
2521 2484 2646 2555 περὶ
2668 2481 2858 2536 τούτου
2887 2483 3212 2554 μαρτυρίαν.

2770 2639 2850 2692 Η’.

2037 2775 2139 2829 Διά
2183 2775 2241 2827 τί
2285 2773 2393 2841 τῆς
2446 2773 2551 2828 τοῦ
2602 2774 2816 2842 Οὐρίου
2865 2774 3149 2843 γυναικὸς
3195 2772 3467 2842 ἐμνήσθη
3509 2772 3599 2825 ἐπί

2289 2844 2392 2913 τῆς
2418 2846 2807 2916 γενεαλογίας
2842 2848 2874 2898 ὀ
2908 2843 3354 2915 εὐαγγελιστής.

2109 2966 2179 3013 α’.
2212 2956 2509 3027 Μονονουχὶ
2536 2956 2623 3010 διὰ
2660 2953 2754 3008 τοῦ
2803 2955 2997 3024 φάναι,
3032 2974 3050 3007 ι
3080 2952 3242 3007 Δαϐὶδ
3283 2954 3312 3005 6
3350 2951 3600 3022 βασιλεὺς

2039 3049 2292 3121 ἐγέννησε
2320 3048 2408 3101 τὸν
2429 3044 2713 3117 Σολομῶνα
2735 3047 2798 3097 ἐκ
2826 3044 2924 3114 τῆς
2949 3043 3043 3097 τοῦ
3077 3042 3295 3114 Οὐρίου,
3324 3060 3342 3094 ι
3368 3041 3600 3095 τοιοῦτόν

2040 3158 2093 3194 τι
2128 3140 2270 3193 ἔοικε
2319 3138 2507 3210 δηλοῦν
2538 3141 2572 3210 ή
2627 3138 2803 3209 βίϐλος
2837 3136 2973 3207 αῦτη
3006 3136 3103 3205 τῆς
3145 3134 3317 3205 Ἰησοῦ
3365 3132 3598 3213 Χριστοῦ

384 3231 500 3287 fore
546 3239 607 3286 ut
635 3249 759 3290 mox
789 3250 980 3304 preces
1026 3235 1245 3292 Davidis
1286 3254 1351 3293 ac
1403 3241 1831 3310 supplicationes
1878 3259 1936 3301 re

2044 3231 2322 3301 γενέσεως,
2350 3228 2446 3293 τὰς
2469 3230 2741 3293 λιτανείας
2785 3228 2876 3283 καὶ
2917 3227 3014 3291 τὰς
3052 3226 3258 3287 ἱκεσίας
3302 3225 3397 3278 τοῦ
3444 3225 3600 3278 Δαϐὶδ

378 3329 567 3396 optata
601 3328 896 3396 potiantur.
945 3329 1199 3386 Continet
1228 3331 1370 3385 enim
1418 3334 1556 3389 liber
1604 3336 1937 3391 incarnatio-

379 3429 504 3469 nem
557 3415 692 3472 Jesu
732 3417 935 3476 Christi
987 3419 1298 3479 Servatoris
1333 3426 1577 3480 omnium
1618 3436 1672 3483 et
1716 3430 1935 3497 medici,

383 3505 543 3576 cujus
571 3508 732 3570 unius
757 3524 921 3581 opera
952 3513 1207 3581 sperabat
1244 3513 1416 3569 David
1450 3532 1509 3571 se
1545 3518 1937 3575 absolvendum

385 3614 558 3655 essea
591 3601 821 3658 crimine
841 3603 986 3659 circa
1041 3603 1226 3660 Uriam
1260 3608 1488 3679 ejusque
1517 3626 1739 3665 uxorem
1763 3652 1780 3678 ,
1815 3620 1868 3667 et
1906 3626 1937 3665 a

369 3691 575 3746 mortis
611 3692 825 3748 calculo
871 3695 1287 3765 expediendum.
1332 3698 1407 3755 De
1466 3701 1570 3756 hoc
1613 3703 1778 3773 igitur
1808 3702 1936 3759 Jesu

370 3781 597 3837 .Christo
645 3799 834 3841 necem
881 3787 1148 3845 subeunte
1192 3788 1393 3860 (cujus
1439 3791 1706 3847 beneﬁcio
1756 3795 1936 3848 anima

378 3887 593 3942 quoque
621 3872 838 3929 Davidis
867 3875 1143 3931 liberanda
1174 3880 1314 3950 erat)
1347 3881 1648 3935 vaticinans
1692 3881 1747 3935 in
1783 3882 1936 3937 Psal-

376 3963 485 4021 mis
515 3962 653 4018 idem
683 3963 851 4020 David
872 4008 886 4033 ,
915 3967 1235 4023 descensum
1273 3968 1580 4027 Servatoris
1613 3973 1680 4027 ad
1732 3973 1936 4028 inferos

374 4069 644 4126 suamque
674 4056 844 4126 ipsius
875 4059 1103 4115 salutem
1138 4061 1484 4132 signiﬁcavit,
1517 4064 1708 4119 dicens
1742 4084 1756 4120 :
1789 4084 1807 4117 ι
1834 4064 1940 4120 Do-

378 4142 547 4209 mine,
576 4143 813 4200 eduxisti
840 4161 906 4201 ex
933 4148 1124 4204 inferis
1174 4152 1415 4206 animam
1472 4168 1671 4219 meam,
1705 4156 1937 4210 servasti

379 4246 469 4291 me
519 4248 550 4287 a
599 4234 1052 4294 descendentibus
1102 4241 1159 4294 in
1201 4241 1464 4296 lacum“.
1505 4262 1522 4294 ι
1558 4243 1732 4299 ltem:
1775 4264 1793 4296 ι
1835 4244 1937 4311 Qui

378 4325 586 4383 exaltas
616 4342 702 4383 me
730 4327 795 4384 de
829 4331 1001 4400 portis
1026 4331 1219 4387 mortis
1240 4332 1307 4386 ³³.
1349 4351 1369 4384 ι
1402 4331 1534 4388 Item
1566 4353 1579 4387 :
1618 4354 1637 4386 ι
1672 4333 1789 4389 Non
1843 4337 1940 4392 de-

375 4417 654 4488 relinquas
710 4421 947 4475 animam
1014 4437 1187 4476 meam
1239 4423 1293 4478 in
1347 4424 1639 4480 inferno".
1676 4445 1693 4478 ι
1750 4425 1932 4482 Item:

380 4528 406 4561 ι
438 4507 750 4582 Conversus
802 4513 1089 4570 viviﬁcasti
1126 4530 1247 4581 me;
1279 4521 1335 4570 et
1386 4532 1452 4572 ex
1504 4517 1719 4588 abyssis
1781 4526 1938 4573 terrae

2040 3324 2161 3378 ὅσον
2193 3322 2343 3376 οὔπω
2405 3323 2774 3394 προχωρήσειν
2831 3323 2905 3385 εἰς
2956 3319 3105 3384 τέλος
3161 3318 3597 3388 εὐαγγελίζεται·

2042 3416 2281 3488 περιέχει
2334 3414 2459 3483 γοῦν
2515 3414 2611 3484 τὴν
2654 3413 2961 3483 οἰκονομίαν
3019 3410 3191 3483 Ἰησοῦ
3238 3410 3477 3482 Χριστοῦ
3510 3409 3599 3463 τοῦ

2042 3508 2289 3579 Σωτῆρος
2320 3506 2427 3559 τῶν
2457 3506 2591 3559 ὅλων
2613 3505 2706 3558 καὶ
2739 3504 2944 3576 ἰατροῦ,
2973 3503 3037 3557 δι’
3083 3496 3142 3556 οῦ
3170 3504 3329 3573 μόνου
3357 3503 3515 3566 ἐλπὶς
3540 3499 3603 3573 ἦν

2042 3601 2134 3654 καὶ
2178 3598 2254 3669 τῷ
2287 3598 2449 3651 Δαϐὶδ
2492 3599 2592 3667 τῆς
2620 3597 2760 3650 κατὰ
2796 3598 2886 3651 τὸν
2914 3597 3114 3668 Οὐρίαν
3150 3596 3243 3648 καὶ
3275 3596 3371 3667 τὴν
3413 3594 3599 3648 τούτου

2040 3694 2271 3761 γυναῖκα
2320 3690 2590 3761 ἁμαρτίας
2639 3688 3100 3759 ἀπολυθήσεσθαι,
3137 3688 3231 3742 καὶ
3280 3688 3379 3758 τῆς
3412 3689 3486 3741 ,ἐν
3526 3684 3603 3755 τῷ

2045 3783 2258 3854 θανάτῳ
2283 3781 2610 3852 καθείρξεως
2634 3779 3163 3852 ἐλευθερωθήσεσθαι
3186 3797 3201 3810 ι
3250 3762 3441 3832 τούτου
3477 3777 3601 3847 γοῦν

2056 3870 2227 3946 Ἰησοῦ
2258 3872 2490 3945 Χριστοῦ
2517 3873 2614 3942 τὴν
2648 3873 2808 3944 μέχρι
2835 3870 3063 3925 θανάτου
3097 3870 3420 3942 παρουσίαν,
3443 3870 3510 3923 δι’
3536 3865 3600 3941 ἦς

2042 3966 2239 4037 ἤμελλε
2262 3966 2356 4020 καὶ
2382 3967 2415 4036 ἡ
2438 3962 2532 4017 τοῦ
2556 3963 2718 4016 Δαϐὶδ
2753 3961 3183 4033 ἀπολυτροῦσθαι
3207 3960 3351 4033 ψυχὴ
3377 4000 3392 4025 ,
3420 3960 3473 4013 0=
3484 3960 3601 4012 σπί.

2043 4056 2150 4120 ζων
2182 4059 2238 4110 ἐν
2271 4059 2383 4120 τοῖς
2423 4055 2669 4127 Ψαλμοῖς
2725 4056 2880 4118 αὐτὸς
2919 4056 2946 4107 6
2978 4055 3141 4108 Aa6l6
3161 4097 3175 4121 ,
3210 4053 3280 4107 τὰ
3332 4053 3461 4125 περὶ
3504 4050 3602 4121 τῆς

2043 4152 2219 4203 ἐκεῖσε
2251 4149 2475 4203 καθόδου
2496 4149 2589 4202 τοῦ
2620 4148 2890 4218 Σωτῆρος,
2919 4148 2988 4201 τά
3021 4164 3081 4200 τε
3115 4147 3243 4218 πιερλ⁵
3280 4146 3381 4216 τῆς
3412 4141 3600 4198 ἑαυτοῦ

2046 4240 2312 4311 σωτηρίας
2349 4239 2537 4310 ἐδήλου
2561 4238 2629 4290 δι’
2656 4231 2730 4292 ὧν
2763 4237 2998 4306 ἔφασκε·
3035 4254 3053 4286 ι
3096 4235 3288 4304 Κύριε,
3333 4234 3601 4304 ἀνήγαγες

2049 4330 2108 4393 ἐξ
2140 4330 2264 4401 ᾅδου
2296 4331 2393 4401 τὴν
2425 4330 2600 4402 ψυχήν
2633 4347 2734 4400 μου
2756 4368 2771 4391 ,
2801 4328 3009 4391 ἐσωσάς
3055 4343 3121 4396 με
3165 4326 3273 4379 άπὸ
3302 4324 3410 4378 τῶν
3439 4339 3600 4376 κατα-

2047 4419 2334 4475 ϐαινόντων
2368 4423 2446 4486 είς
2466 4421 2684 4476 λάκκον.
2712 4440 2730 4472 ι
2759 4419 2869 4473 Καὶ
2891 4420 2953 4471 τό
2969 4438 2982 4451 ·
3018 4437 3035 4470 ι
3058 4419 3115 4471 Ὀ
3139 4416 3286 4487 ὑψῶν
3320 4432 3389 4487 με
3409 4417 3470 4467 ἐκ
3496 4410 3600 4466 τῶν

2046 4512 2227 4566 πυλῶν
2251 4511 2346 4565 τοῦ
2376 4512 2606 4567 θανάτου
2633 4552 2647 4565 .
2682 4530 2707 4563 ι.
2729 4511 2838 4564 Kal.
2864 4510 2924 4563 τό
2948 4527 2962 4540 ·
2994 4528 3012 4560 ι
3047 4508 3159 4561 Οὐκ
3200 4504 3601 4575 ἐγκαταλείψεις

379 4600 576 4656 iterum
612 4603 876 4659 reduxisti
900 4620 987 4660 me
1009 4605 1075 4659 ³⁷.
1117 4624 1135 4659 ι
1172 4604 1307 4672 Quis
1339 4615 1518 4661 autem
1555 4617 1671 4663 erat
1707 4608 1935 4664 descen-

2044 4604 2133 4674 τὴν
2180 4604 2357 4676 ψυχήν
2405 4621 2504 4675 μου
2544 4606 2624 4667 είς
2658 4602 2841 4675 ᾅδην.»
2897 4601 3006 4656 Καὶ
3047 4601 3137 4655 τό’
3186 4617 3204 4651 ι
3247 4597 3601 4669 Ἐπιστρέψας

379 4693 515 4755 dens
568 4694 955 4767 reducensque
986 4712 1111 4751 eum
1157 4714 1219 4753 ex
1269 4699 1517 4770 abyssis?
1545 4700 1668 4770 quis
1716 4716 1939 4758 servans

378 4800 503 4840 eum
554 4800 587 4840 a
626 4785 1080 4844 descendentibus
1114 4789 1172 4844 in
1203 4790 1427 4845 lacum?
1453 4790 1559 4848 nisi
1585 4791 1693 4857 hic,
1724 4792 1792 4848 de
1832 4809 1939 4863 quo

378 4877 577 4932 librum
604 4880 1267 4949 generationis’mirabilis
1308 4884 1643 4955 evangelista
1694 4886 1939 4940 conscri-

378 4969 497 5041 bit:
530 4970 673 5026 inter
726 4971 830 5027 alia
877 4973 1021 5027 bona
1052 4988 1267 5046 quoque
1313 4973 1536 5031 Davidis
1575 4977 1732 5033 nobis
1795 4993 1937 5032 nun-

377 5057 543 5115 tians.

382 5386 387 5393 ,
445 5331 507 5401 2.“
532 5332 798 5388 Existimo
834 5344 1013 5391 autem
1060 5335 1115 5388 in
1173 5334 1225 5388 id
1273 5335 1591 5392 barathrum
1650 5334 1935 5404 delapsum

381 5419 547 5477 fuisse
591 5424 847 5482 Davidem
873 5427 944 5480 ob
972 5426 1135 5482 unius
1172 5428 1377 5482 vocula:
1424 5441 1647 5491 noxam,
1675 5441 1838 5497 quam
1870 5428 1925 5479 in

2045 4693 2416 4765 ὲξωοποίησόις
2446 4712 2532 4765 με,
2566 4695 2660 4749 καὶ
2685 4696 2747 4747 ἐκ
2765 4691 2871 4747 τῶν
2905 4692 3155 4746 ἀϐύσσων
3188 4691 3288 4761 τῆς
3325 4692 3422 4761 γῆς
3441 4688 3599 4742 πάλιν

2045 4786 2318 4857 ἀνήγαγες
2353 4804 2440 4857 με.
2482 4806 2500 4840 ι
2540 4786 2636 4851 Τίς
2672 4787 2717 4841 δ’
2749 4783 2862 4859 ἧνό
2914 4784 3151 4848 καταϐὰς
3185 4784 3280 4837 καὶ
3319 4780 3600 4849 ἀναγαγὼν

2045 4878 2205 4931 αὐτὸν
2236 4880 2301 4932 ἐκ
2331 4879 2439 4933 τῶν
2482 4879 2771 4942 άϐύσσων;
2820 4880 2902 4942 τίς
2933 4879 2977 4931 δ’
3015 4878 3044 4931 ό
3080 4876 3261 4940 σώσας
3296 4876 3447 4929 αὐτὸν
3496 4873 3598 4925 ἀπὸ

2043 4970 2149 5023 τῶν
2181 4972 2614 5025 καταϐαινόντων
2636 4973 2715 5036 εἰς
2738 4972 2937 5025 λάκκον
2962 4989 2977 5037 ;
3006 4969 3118 5024 ἀλλ’
3141 4963 3293 5033 οὗτος
3323 4962 3367 5036 ᾧ
3396 4966 3490 5036 τῆς
3517 4982 3598 5032 γε·

2044 5064 2245 5126 νέσεως
2272 5065 2370 5135 τὴν
2421 5063 2600 5133 βίϐλον
2631 5065 2659 5116 ὁ
2698 5063 2994 5134 θαυμάσιος
3040 5059 3423 5130 εὐαγγελιστὴς
3464 5058 3597 5110 ἁνα-

2042 5155 2263 5224 γρὰφει,
2294 5154 2430 5225 μετά
2449 5155 2557 5208 τῶν
2580 5154 2752 5208 ἄλλων
2772 5155 2866 5208 καὶ
2888 5152 2956 5207 τὰ
2969 5154 3095 5225 περὶ
3113 5153 3210 5207 τοῦ
3237 5151 3394 5206 Δαϐὶδ
3417 5146 3596 5215 ἀγαθὰ

2041 5246 2205 5298 πᾶσιν
2234 5246 2366 5315 ήμῖν
2397 5240 2893 5314 εὐαγγελιζόμενος.

2114 5335 2177 5403 β’.
2215 5331 2379 5404 Οἶμαι
2430 5334 2486 5387 δὲ
2512 5335 2684 5405 τούτῳ
2735 5333 2811 5404 τῷ
2859 5332 3108 5403 πτώματι
3160 5327 3457 5402 περιπεσεῖν
3504 5321 3591 5375 τὸν

2043 5425 2205 5479 Δαϐὶδ
2234 5425 2321 5479 διὰ
2351 5426 2478 5497 μίαν
2498 5425 2703 5497 ταύτην
2737 5425 2938 5496 φωνὴν,
2967 5424 3032 5494 ῆν
3063 5426 3119 5477 ἐν
3148 5424 3224 5493 τῷ
3256 5414 3589 5491 εἰκοστῷτκαι

381 5571 389 5581 .-
448 5594 492 5625 ³⁸
529 5595 649 5677 (ῖιαι.¹
680 5616 750 5664 tv,
787 5599 840 5654 5.
917 5600 961 5631 “
999 5598 1143 5657 Psal.
1177 5617 1335 5666 xxxx,
1373 5602 1445 5660 4.,
1509 5601 1552 5632 ³⁸
1592 5583 1736 5658 Psal.
1763 5616 1858 5695 le,
1900 5600 1936 5652 cl.

2069 5599 2113 5631 ³⁸
2151 5597 2295 5656 Psal.
2332 5617 2425 5677 xv,
2460 5601 2544 5657 IO.
2622 5604 2664 5635 ³⁷
2708 5600 2851 5657 Psal.
2891 5617 3028 5669 ιιι,
3062 5595 3180 5659 92.0.~

450 5766 561 5836 (16)
600 5768 719 5825 Iaib.
754 5786 792 5833 ῐ,
823 5770 875 5823 5.
