3830 6260
371 285 474 348 915

1081 293 1348 358 EUSEBII
1387 303 1750 359 CzESARlE-N
1761 304 1863 360 SIS
1898 308 1910 358 l

2016 309 2048 359 '.
2091 306 2270 363 PARS
2306 306 2394 363 lll.
2438 302 2930 362 ~EXEGETICA.

3490 294 3593 354 916

371 409 583 476 psalmo
613 421 718 477 est,
751 412 933 469 emisit
962 432 974 468 :
1015 431 1034 466 ι
1077 413 1197 469 Tibi
1244 417 1345 472 soli
1372 420 1612 487 peccavi,
1646 428 1700 475 ct
1728 420 1910 475 malun

2037 423 2179 494 μόνῳ
2210 423 2475 493 ἥμαρτον,
2498 421 2590 475 καὶ⁵
2609 421 2670 474 τὸ
2690 420 2921 492 πονηρὸν
2947 414 3172 471 ἐνώπιόν
3193 431 3286 468 σου
3309 410 3586 481 ἐποίησαν»

369 513 556 556 coram
603 512 655 560 te
687 503 812 560 ieci.
853 524 874 559 ι
907 505 1045 560 Dum
1084 524 1215 564 vero
1262 510 1360 577 ait,
1402 511 1502 566 tibi
1544 513 1647 567 soli
1689 515 1932 583 peccavi,

367 587 480 646 noii
513 593 718 650 idcirco
743 597 823 652 sic
837 598 1101 669 loquitur,
1136 601 1293 672 quasi
1327 602 1381 657 in
1417 603 1591 658 solum
1614 603 1783 660 Deum
1815 620 1935 676 pec-

369 683 655 739 cavisset:
690 701 815 741 nam
863 704 1041 759 neque
1084 691 1422 762 blasphemia
1466 711 1643 766 neque
1692 696 1934 766 perjurio

367 784 544 840 neque
569 774 736 828 simili
765 775 1044 847 impietate
1072 795 1130 835 se
1149 783 1536 850 obstrinxerat,
1563 793 1620 840 ut
1641 787 1930 857 quisquam

369 862 561 916 merito
603 865 942 924 existimaret
978 872 1048 925 ab
1099 887 1165 926 eo
1210 874 1474 932 adversus
1524 875 1695 933 Deum
1759 877 1931 935 fuisse

367 958 671 1017 peccatum.
717 952 940 1021 Verum,
967 960 1013 1014 si
1039 961 1200 1030 plane
1232 963 1379 1034 loqui
1411 966 1571 1032 licet,
1600 983 1933 1040 magnopere

368 1051 685 1108 peccaverat
730 1044 787 1100 in
836 1045 1185 1120 Bersabeam,
1234 1056 1467 1110 maxime
1504 1057 1560 1110 in
1614 1055 1820 1125 Uriam,
1870 1059 1929 1112 in

365 1132 556 1200 primis
601 1151 728 1192 vero
771 1151 962 1196 contra
1017 1158 1172 1198 suam
1223 1147 1482 1201 animam.
1528 1145 1640 1202 Cur
1681 1165 1810 1220 ergo
1839 1149 1929 1206 hic

364 1227 462 1290 ait,
494 1228 594 1283 tibi
625 1230 726 1286 soli
749 1235 1009 1301 peccavi?
1037 1235 1243 1308 Nempe
1273 1240 1526 1295 existimo
1564 1257 1689 1296 eum
1731 1243 1930 1299 intelli-

363 1332 488 1385 gere
514 1337 527 1374 :
557 1321 655 1375 tibi
685 1323 788 1377 soli
818 1333 1007 1380 notum
1056 1327 1160 1382 fuit
1206 1339 1487 1399 peccatum
1513 1348 1712 1388 meum.
1751 1333 1926 1390 Mani-

364 1409 557 1468 festius
586 1413 752 1483 igitur
790 1415 940 1471 addit
969 1437 981 1472 :
1011 1437 1029 1470 ι
1059 1428 1113 1475 et
1143 1421 1347 1476 malum
1401 1439 1579 1479 meum
1630 1434 1840 1481 coram'
1874 1435 1928 1485 te

362 1502 487 1558 feci.
527 1523 546 1556 ι
585 1505 882 1576 Hominum,
920 1512 1118 1583 quippe
1172 1515 1356 1571 nullus
1397 1517 1532 1572 mihi
1584 1519 1750 1575 timor
1787 1533 1924 1592 erat,

359 1595 467 1651 nisi
489 1603 614 1652 tuus
661 1599 980 1672 ingruisset.
1033 1603 1397 1664 Prosternens
1439 1609 1606 1680 igitur
1656 1611 1807 1668 humi
1845 1613 1926 1668 fa-

359 1687 520 1754 ciem,
554 1690 696 1746 haud
729 1703 855 1750 ante
881 1704 1258 1752 surrecturum
1294 1715 1354 1756 se
1379 1701 1474 1766 ait,
1506 1717 1668 1773 quam
1693 1706 1919 1776 gratiam

2035 514 2210 584 λέγων
2238 515 2315 578 δὲ,
2348 514 2428 568 σοὶ
2465 515 2606 585 μόνῳ
2633 515 2898 587 ἥμαρτον,
2931 511 2989 563 οὺ
3023 508 3180 563 τοῦτό
3209 522 3376 578 φησιν
3403 505 3485 558 ὅτι
3518 504 3593 565 εἰς

2032 608 2123 662 τὸν
2151 607 2283 661 Θεὸν
2309 609 2552 680 ἥμαρτον
2579 607 2737 678 μόνον
2754 624 2768 636 ·
2802 605 2925 668 (δότε
2947 604 3055 675 γὰρ
3088 599 3453 672 βλασφημίας,
3474 594 3594 650 οὒτε

2030 696 2332 771 ἐπιορκίας,
2360 697 2482 751 οὔτε
2513 697 2764 769 τοιαύτης
2784 694 2925 758 τινὸς
2954 694 3203 756 ἀσεϐείας
3228 692 3257 743 ὁ
3280 689 3482 761 τρόπος
3504 686 3597 739 αύ-

2029 790 2122 844 τοῦ
2149 791 2252 861 τῆς
2285 792 2575 863 ἁμαρτίας,
2606 790 2692 843 ἵνα
2724 801 2807 853 τις
2848 787 3104 861 ὑπολάϐοι
3144 784 3303 839 αὑτὸν
3352 783 3433 844 είς
3465 779 3596 833 Θεὸν

2031 880 2405 953 ἡμαρτηκέναι
2434 895 2447 910 ·
2477 875 2589 934 ἀλλ’
2620 881 2667 932 εί
2695 879 2800 950 χρὴ
2830 880 3030 943 εἰπεῖν,
3064 875 3133 928 τὰ
3168 871 3378 946 μεγάλα
3410 872 3595 940 ἥμαρ-

2027 990 2119 1028 τεν
2146 976 2224 1037 εἰς
2255 973 2350 1045 τὴν
2372 973 2669 1046 Βηρσαϐεὲ,
2696 973 2765 1025 τὰ
2795 970 3023 1043 μέγιστα
3050 968 3107 1022 δὲ
3138 967 3232 1021 καὶ
3264 969 3343 1029 εἰς
3366 964 3460 1018 τὸν
3495 961 3596 1014 Οὑ-

2032 1065 2183 1136 ρίαν,
2216 1066 2357 1138 ὑπὲρ
2389 1067 2564 1120 πάντα
2593 1064 2650 1118 δὲ
2681 1066 2760 1128 είς
2781 1063 2878 1134 τὴν
2903 1058 3092 1115 ἑαυτοῦ
3113 1059 3317 1128 ψυχήν·
3356 1054 3476 1118 πῶς
3503 1047 3596 1105 οὖν

2029 1156 2262 1210 ἐνταῦθά
2291 1174 2442 1228 φησι,
2475 1156 2556 1210 σοὶ
2597 1157 2738 1227 μόνῳ
2776 1156 3050 1226 ἥμαρτον;
3099 1151 3211 1204 ἀλλ’
3248 1145 3404 1218 οἶμαι
3448 1144 3596 1198 τοῦτ’

2027 1247 2186 1300 αὑτὸν
2215 1247 2410 1317 λέγειν,
2443 1249 2524 1301 ὅτι
2571 1262 2653 1299 σοι
2715 1244 2857 1316 μόνῳ
2887 1244 3151 1312 ἔγνωσται
3185 1235 3245 1292 τὸ
3286 1235 3597 1308 ἁμάρτημά

2029 1357 2150 1410 μου.
2205 1340 2483 1409 Ἐπιφὲρει
2532 1337 2661 1406 γοῦν
2709 1337 2770 1390 τὸ
2822 1336 3153 1405 σαφέστερον
3187 1332 3244 1385 ἐν
3274 1329 3383 1400 τῷ·
3424 1348 3443 1380 ι
3486 1328 3596 1379 Καὶ

2025 1430 2084 1482 τὸ
2110 1429 2341 1500 πονηρὸν
2371 1427 2596 1482 ἐνώπιόν
2637 1445 2726 1482 σου
2766 1430 3012 1497 ἐποίησα.
3051 1444 3069 1476 ι
3113 1419 3438 1493 Ἀνθρώπων
3486 1419 3594 1490 γάρ

2024 1521 2194 1584 οὐδείς
2246 1539 2333 1592 μοι
2392 1521 2551 1590 φόϐος
2578 1515 2667 1593 ἦν,
2699 1522 2748 1572 εί
2801 1519 2874 1590 μὴ
2905 1521 2933 1572 ό
2965 1517 3054 1580 σὸς
3102 1515 3352 1569 ἐπέκειτο
3405 1509 3590 1580 φόϐος.

2036 1613 2224 1682 Ῥίψας
2251 1613 2380 1682 γοῦν
2403 1613 2591 1666 ἑαυτὸν
2613 1612 2705 1664 ἐπὶ
2729 1610 3041 1682 πρόσωπον,
3071 1608 3130 1660 ού
3156 1607 3420 1677 πρότερον
3461 1601 3592 1654 ἀνα-

2026 1704 2319 1776 στήσεσθαι
2353 1721 2516 1776 φησιν
2538 1745 2552 1769 ,
2590 1706 2623 1775 ἦ
2660 1701 2840 1773 τυχεῖν
2871 1701 2965 1771 τῆς
2999 1697 3295 1764 ἀξιώσεως.
3333 1693 3447 1748 Καὶ
3476 1708 3595 1746 συν.

357 1790 746 1852 consequatur.
781 1784 846 1840 Et
875 1797 1295 1858 comprecantur
1323 1792 1373 1847 ei
1401 1796 1716 1866 quicunque
1740 1799 1910 1854 favent

2022 1797 2266 1868 εύχονταί
2299 1815 2361 1866 γε
2394 1796 2540 1867 αὐτῷ
2574 1796 2772 1858 πάντες
2793 1795 2842 1848 οἱ
2873 1790 3090 1860 ἀγαθῶν
3117 1787 3391 1860 συνεργοὶ,
3416 1801 3594 1856 παρα-

356 1871 606 1928 l‘elicitati
640 1878 780 1946 ejus,
816 1889 1082 1950 orantque
1117 1889 1172 1934 ut
1207 1884 1315 1937 voti
1358 1899 1583 1956 compos
1619 1888 1732 1944 fiat.
1786 1889 1920 1946 Pro-

356 1972 539 2034 pterea
561 1967 766 2023 dictum
791 1979 874 2026 est
906 1973 958 2026 in
991 1975 1268 2030 tricesimo
1295 1977 1470 2046 primo
1513 1981 1723 2048 psalmo
1746 1998 1913 2054 supra

353 2060 709 2116 centesimum
741 2081 752 2116 :
787 2081 805 2114 ι
845 2063 1148 2132 Memento,
1191 2067 1418 2124 Domine
1444 2110 1460 2132 ,
1512 2070 1682 2126 David
1711 2082 1764 2128 et
1801 2090 1920 2129 om-

353 2151 441 2206 nis
502 2155 943 2212 mansuetudinis
995 2159 1134 2228 ejus.
1197 2157 1350 2214 Sicut
1400 2163 1606 2233 juravit
1667 2163 1916 2232 Domino,

350 2251 540 2298 votum
568 2246 718 2300 vovit
745 2245 856 2303 Deo
891 2247 1080 2305 Jacob.
1125 2250 1181 2305 Si
1213 2253 1474 2309 introiero
1502 2254 1555 2308 in
1591 2255 1918 2311 tabernacu-

350 2336 464 2392 lum
525 2338 722 2396 domus
779 2346 1003 2408 τηεσε,εὲ
1059 2348 1356 2404 ascendero
1417 2349 1468 2405 in
1515 2351 1716 2405 lectum
1760 2353 1916 2407 strati

352 2429 494 2497 mei;
553 2432 600 2485 si
645 2432 786 2488 dabo
840 2450 1093 2491 somnum
1148 2438 1320 2493 oculis
1368 2441 1505 2496 meis
1547 2448 1600 2497 et
1640 2442 1918 2512 palpebris

349 2523 484 2578 meis
535 2525 1000 2595 dormitationem,
1036 2528 1211 2584 donec
1262 2530 1535 2587 inveniam
1590 2533 1768 2590 locum
1809 2532 1916 2590 Do-

347 2615 516 2682 mino,
550 2621 962 2676 tabernaculum
990 2620 1102 2678 Deo
1130 2620 1300 2681 Jacob
1319 2624 1385 2679 δ’.
1420 2645 1439 2677 ι

415 2729 468 2784 4.
513 2729 652 2795 Dum
684 2733 776 2790 ille
808 2735 890 2791 sic
921 2744 1042 2792 orat
1075 2746 1237 2810 atque
1269 2731 1498 2793 afﬁrmat
1538 2756 1596 2796 se
1639 2757 1748 2796 non
1787 2747 1914 2799 ante

346 2838 702 2880 ascensurum
757 2827 810 2888 in
869 2830 1069 2890 lectum
1118 2831 1275 2894 strati
1306 2832 1413 2899 sui,
1465 2849 1643 2904 neque
1691 2836 1912 2891 domum

345 2929 500 2966 suam
527 2913 922 2984 lngressurum,
960 2919 1181 2989 insuper
1208 2936 1267 2976 se
1294 2937 1402 2976 non
1435 2922 1690 2978 daturum
1727 2926 1910 2997 palpe-

346 3004 460 3059 bris
494 3007 610 3060 suis
643 3006 1111 3078 dormitationem,
1144 3011 1318 3068 donec
1355 3015 1625 3070 invenerit
1666 3015 1911 3072 futurum

345 3096 556 3154 Domini
594 3101 811 3170 locum;
847 3102 1183 3160 demonstrat
1212 3106 1262 3161 ei
1307 3105 1569 3163 Dominus
1619 3109 1902 3166 Betltlebe-

344 3207 513 3245 mum.
553 3191 847 3263 Propterea
896 3204 1018 3264 post
1063 3197 1183 3267 ejus
1227 3214 1441 3268 precem
1488 3201 1523 3254 ii
1575 3201 1668 3271 qui
1722 3218 1906 3258 secum
1936 3231 1976 3289 ρ

341 3289 502 3335 orant
531 3283 707 3338 sancti
737 3285 913 3360 angeli
946 3285 1040 3342 Dei
1068 3287 1275 3343 addunt
1311 3307 1326 3343 :
1365 3307 1384 3340 ι
1418 3289 1558 3345 Ecce
1595 3291 1905 3349 audivimus

340 3385 459 3424 eam
491 3371 549 3426 in
575 3370 872 3442 Epln‘atha.
911 3395 930 3428 ο
965 3375 1138 3432 Porro
1187 3376 1464 3446 Ephratba
1523 3377 1905 3439 Bethlehemus

339 3470 442 3526 est,
477 3465 554 3519 uti
583 3473 772 3520 narrat
821 3465 1033 3539 Moyses
1066 3469 1158 3524 ubi
1190 3471 1265 3524 ait
1294 3489 1306 3524 :
1346 3491 1362 3522 ι
1394 3470 1604 3526 Mortua
1662 3481 1747 3530 est
1793 3474 1906 3528 Ra-

337 3552 479 3618 chel,
508 3565 562 3609 et
595 3556 807 3626 sepulta
844 3563 929 3611 est
960 3557 1017 3611 in
1051 3558 1135 3611 via
1166 3573 1288 3628 quae
1337 3557 1487 3612 ducit
1538 3557 1903 3628 Ephratbam;

336 3644 457 3716 ipsa
502 3654 588 3702 est
616 3646 1001 3704 Betltlebemus
1024 3649 1090 3702 ‘3.
1135 3668 1154 3700 ι
1195 3649 1301 3704 Sed
1329 3660 1384 3706 et
1414 3649 1667 3706 Michaeas
1699 3651 1905 3723 Ephra-

334 3737 486 3793 tbam
525 3739 601 3792 ait
639 3755 760 3794 esse
804 3738 1208 3795 Bcthlebemum
1241 3761 1254 3796 :
1288 3761 1308 3794 ι
1341 3741 1407 3796 Et
1439 3751 1497 3796 tu
1520 3783 1535 3807 ,
1587 3743 1902 3801 Betblehem

335 3830 530 3887 domus
557 3830 862 3900 Ephrathaa,
891 3849 1232 3904 nequaquam
1259 3834 1484 3893 minima
1507 3851 1566 3889 es
1616 3836 1668 3889 in
1699 3837 1903 3906 princi-

334 3925 494 3995 pibus
519 3923 672 3978 Judae
693 3924 756 3976 ⁸⁵.
797 3942 816 3976 ι
858 3923 1060 3980 Deinde
1083 3934 1201 3980 orat
1259 3925 1425 3981 David
1481 3942 1590 3980 non
1634 3929 1810 3982 solum
1843 3939 1902 3983 ut

333 4023 626 4088 cognoscat
661 4014 874 4069 Domini
896 4016 1098 4081 locum,
1133 4015 1228 4073 sed
1265 4022 1428 4071 etiam
1481 4017 1701 4072 ubinam
1761 4020 1905 4074 tutu.

334 4126 456 4165 rum
513 4107 586 4163 sit
629 4107 1038 4163 tabernaculum
1085 4109 1226 4179 ejus.
1279 4106 1715 4170 Tabernaculum
1765 4126 1899 4173 vero

332 4209 462 4257 sunt
497 4201 705 4256 exuvias
745 4207 798 4255 et
853 4215 1074 4270 corpus,
1123 4199 1268 4270 quod
1332 4201 1432 4257 sibi
1495 4201 1588 4256 Dei
1662 4201 1895 4258 Verbum

331 4293 546 4350 ascivit.
578 4291 644 4347 Et
678 4291 746 4346 de
791 4293 911 4346 loco
937 4293 1153 4360 quidem
1199 4301 1346 4346 recte
1397 4293 1897 4364 przenuntiaverunt

330 4383 575 4446 dicentes
608 4374 672 4439 ε’(
714 4383 854 4439 Ecce
886 4383 1195 4438 audivimus
1221 4398 1340 4438 eam
1374 4383 1428 4437 in
1463 4383 1820 4454 prratba“.
1871 4404 1890 4438 ι

332 4475 405 4530 De
454 4476 804 4532 tabernaculo
843 4484 1023 4530 autem
1062 4491 1189 4532 mox
1256 4475 1646 4545 subjiciuan
1681 4475 1894 4537 Iuravit

2021 1890 2310 1953 καλοῦντες
2332 1888 2747 1959 εἰσακουσθῆναι
2782 1887 2972 1941 αὐτόν·
3005 1883 3086 1938 διδ
3115 1881 3330 1954 εἴρηται
3375 1881 3436 1931 ὲν
3459 1879 3592 1931 ἐκα-

2017 1987 2190 2058 τοστῷ
2217 1984 2519 2057 τριακοστῷ
2543 1983 2739 2054 πρώτῳ
2761 1979 2959 2052 ψαλμῷ
2977 1997 2991 2010 ·
3016 1998 3034 2030 ι
3063 1977 3365 2050 Μνήσθητι,
3393 1974 3590 2046 Κύριε,

2018 2078 2111 2132 τοῦ
2137 2077 2300 2132 Δαϐὶδ
2320 2083 2412 2131 καὶ
2438 2076 2616 2145 πάσης
2641 2075 2739 2144 τῆς
2761 2073 3066 2145 πραότητος
3086 2068 3248 2123 αὑτοῦ
3263 2085 3276 2097 ·
3299 2067 3376 2129 ὡς
3405 2065 3590 2135 ὤμοσε

2017 2172 2095 2242 τῷ
2131 2170 2340 2241 Κυρίῳ,
2370 2165 2570 2238 ηὔξατο
2601 2165 2679 2237 τῷ
2698 2165 2817 2236 Θεῷ
2861 2162 3070 2218 Ἰακώϐ.
3106 2162 3168 2214 El
3209 2157 3590 2227 εἰσελεύσομαι

2017 2266 2096 2327 είς
2154 2265 2416 2334 σκήνωμα
2446 2260 2595 2314 οἴκου
2629 2275 2750 2331 μου,
2787 2261 2836 2311 εί
2869 2257 3204 2329 ἀναϐήσομαι
3258 2253 3352 2308 ἐπὶ
3401 2251 3591 2318 κλίνης

2020 2356 2309 2430 στρωμνῆς
2369 2373 2489 2426 μου,
2532 2356 2580 2407 εί
2618 2351 2773 2407 δώσω
2801 2352 2964 2405 ὕπνον
2991 2352 3102 2413 τοῖς
3130 2347 3429 2418 ὀφθαλμοῖς
3487 2359 3590 2412 μου

2019 2454 2242 2514 καὶτοῖς
2275 2449 2560 2521 βλεφάροις
2601 2464 2700 2520 μου
2726 2445 3057 2515 νυσταγμὸν,
3095 2442 3199 2504 ἕως
3226 2434 3286 2494 οὗ
3315 2437 3466 2509 εὕρω
3498 2435 3589 2490 τό·

2017 2561 2115 2597 πον
2146 2541 2225 2614 τῷ
2255 2540 2462 2612 Κυρίῳ,
2501 2542 2760 2612 σκήνωμα
2787 2536 2864 2608 τῷ
2899 2535 3016 2606 Θεῷ
3066 2530 3277 2587 Ἰακώϐ.
3313 2549 3332 2582 ι

2083 2740 2144 2797 δ’.
2174 2741 2357 2806 Οὕτως
2381 2741 2436 2794 δὲ
2467 2739 2614 2812 αύτῷ
2635 2741 2912 2810 εὐξαμένῳ
2927 2737 3021 2791 καὶ
3045 2731 3584 2802 διαϐεϐαιωσαμένῳ,

2013 2839 2096 2892 δτι
2133 2836 2206 2907 μὴ
2253 2835 2514 2907 πρότερον
2569 2832 2894 2903 ἀναϐήσεται
2939 2829 3032 2883 ἐπὶ
3063 2826 3248 2898 κλίνης
3295 2823 3584 2895 στρωμνῆς

2013 2928 2199 2994 αὑτοῦ,
2239 2927 2320 2982 ὅτι
2348 2943 2407 2980 τε
2436 2927 2534 2979 οὐκ
2562 2922 2926 2978 είσελεύσεται
2973 2921 3051 2983 είς
3087 2917 3178 2972 τὸν
3207 2912 3352 2970 οἷκον
3385 2910 3578 2976 αὑτοῦ,

2012 3020 2106 3074 καὶ
2139 3019 2218 3072 ἔτι
2248 3018 2306 3072 ού
2339 3017 2498 3071 δώσει
2531 3018 2642 3079 τοῖς
2690 3013 2976 3085 βλεφάροις
3032 3008 3195 3064 αὐτοῦ
3247 3003 3578 3076 νυσταγμδν,

2012 3111 2116 3175 ἓως
2133 3104 2192 3164 οὗ
2219 3107 2353 3183 εὕρῃ
2390 3110 2481 3163 τὸν
2521 3108 2781 3180 μέλλοντα
2807 3105 2900 3159 τοῦ
2929 3105 3134 3177 Κυρίου
3157 3102 3338 3167 τόπον,
3365 3100 3576 3154 δείκνυ-

2012 3222 2096 3259 σιν
2117 3199 2146 3257 ό
2176 3202 2376 3275 Κύριος
2397 3199 2545 3272 αὐτῷ
2571 3200 2668 3271 τὴν
2697 3196 2971 3270 Βηθλεέμ·
3001 3195 3081 3250 διδ
3119 3192 3254 3266 μετὰ
3291 3189 3388 3262 τὴν
3414 3189 3577 3261 εὐχήν

2017 3295 2398 3366 συνευξάμενοι
2433 3291 2581 3365 αὐτῷ
2625 3293 2758 3364 ἱεροὶ
2799 3289 3014 3360 ἄγγελοι
3061 3286 3192 3341 Θεοῦ
3239 3281 3574 3352 ἐπιλέγουσιν

2012 3390 2166 3462 ἑξῆς·
2196 3411 2214 3442 ι
2255 3388 2384 3442 Ἰδοὺ
2402 3385 2711 3457 ἠκούσαμεν
2742 3381 2906 3452 αὐτὴν
2942 3382 2998 3433 ἐν
3030 3377 3286 3449 Ἐφραθᾷ.
3319 3395 3337 3426 ι
3383 3373 3573 3444 Ἐφρα-

2013 3481 2083 3534 03:
2115 3479 2174 3534 δέ
2208 3481 2354 3533 ἐστιν
2389 3473 2705 3549 ήΒηθλεὲμ,
2737 3473 2813 3538 ὡς
2855 3472 3056 3542 ἱστορεῖ
3086 3467 3324 3536 Μωῦσῆς
3365 3463 3567 3531 λέγων·

2017 3592 2036 3623 ‹
2068 3570 2329 3624 ’Λπέθανε
2352 3569 2406 3623 δὲ
2471 3565 2693 3639 Ῥαχὴλ,
2733 3565 2826 3619 καὶ
2869 3562 3042 3632 ἐτάφη
3064 3562 3121 3614 ὲν
3147 3557 3249 3629 όδῷ
3296 3555 3567 3628 Ἐφραθᾶ·

2011 3665 2146 3735 αὕτη
2173 3663 2288 3715 ἐστὶ
2328 3659 2595 3732 Βηθλεέμ.
2656 3679 2674 3711 ι
2728 3656 2884 3710 Ἀλλά
2917 3655 3010 3709 καὶ
3035 3650 3272 3723 Μιχαίας
3302 3648 3437 3720 φησὶ
3477 3646 3570 3717 τήν

2023 3755 2260 3827 Ἐφραθὰ
2289 3749 2428 3808 εἶναι
2467 3752 2731 3825 Βηθλεὲμ,
2767 3750 2970 3817 λέγων·
3013 3765 3031 3797 ι
3071 3744 3181 3799 Καὶ
3213 3742 3301 3808 σὺ,
3333 3739 3572 3811 Βηθλεὲμ

2008 3845 2152 3914 οἶκος
2177 3848 2269 3902 τοῦ
2307 3845 2570 3918 Ἐφραθᾶ,
2595 3841 2843 3914 οὐδαμῶς
2868 3837 2918 3894 εἷ
2943 3840 3196 3909 ἐλαχίστη
3220 3837 3277 3890 ὲν
3307 3836 3420 3898 τοῖς
3455 3832 3569 3904 ἠγε-

2010 3942 2167 4013 μόσιν
2198 3938 2386 3993 Ἰούδα.
2431 3957 2450 3991 ι
2475 3933 2608 3990 Εἶτα
2636 3935 2898 4001 ἐπεύξατο
2927 3935 2956 3986 ὁ
2984 3929 3147 3984 Δαϐὶδ
3184 3929 3246 3982 οὐ
3289 3928 3450 3998 μόνον
3483 3923 3569 3977 τὸν

2005 4033 2168 4085 τόπον
2196 4030 2396 4099 γνῶναι
2429 4025 2523 4082 τοῦ
2557 4026 2785 4096 Κυρίου,
2823 4023 2958 4078 άλλά
2987 4023 3079 4077 καὶ
3109 4021 3170 4074 τὸ
3195 4019 3462 4090 σκήνωμα
3479 4016 3569 4069 αύο

2003 4123 2097 4176 τοῦ
2127 4120 2319 4174 ὁπόθεν
2344 4119 2494 4174 ἔσται
2511 4134 2528 4152 ·
2554 4119 2814 4189 σκήνωμα
2837 4115 2893 4168 δὲ
2917 4114 2975 4167 τὸ
2994 4111 3188 4183 σκῆνος
3213 4110 3304 4164 καὶ
3329 4109 3390 4163 τὸ
3417 4107 3568 4179 σῶμα

2004 4217 2032 4269 ὃ
2059 4215 2344 4286 ἀνείληφεν
2370 4216 2399 4266 ό
2421 4210 2515 4265 τοῦ
2545 4209 2678 4263 Θεοῦ
2701 4208 2870 4277 Λόγος
2894 4205 3168 4276 τυγχάνει·
3195 4201 3421 4264 εἰκότως
3446 4198 3566 4272 περὶ

2007 4309 2104 4379 μὲν
2157 4306 2247 4360 τοῦ
2296 4306 2459 4359 τόπου
2511 4300 2956 4376 προαπήγγειλαν
3013 4297 3320 4368 φήσαντες·
3375 4313 3395 4344 ‹
3439 4291 3561 4346 Ἰδοὺ

2003 4398 2314 4469 ἠκούσαμεν
2344 4396 2510 4468 αὐτὴν
2535 4398 2592 4448 ἐν
2635 4392 2894 4464 Ἐφραοᾷ.
2928 4409 2946 4442 ι
2985 4389 3120 4461 Περλ⁸
3147 4387 3202 4441 δὲ
3238 4385 3333 4438 τοῦ
3365 4382 3563 4456 σκηνώ-

2004 4510 2172 4564 ματος
2219 4491 2345 4560 ἑξῆς
2368 4490 2708 4556 ἐπιλέγουσιν
2735 4485 2914 4554 αὐτῷ·
2955 4502 2973 4534 ι
3010 4482 3210 4552 ’Ὡμοσε
3241 4479 3446 4549 Κύριος

332 4567 594 4625 Ιὶοιιιὶηιιε
649 4568 840 4623 Davidi
889 4568 1212 4635 veritatem,
1269 4579 1322 4623 et
1370 4585 1481 4624 non
1531 4569 1891 4635 l'rustrabitur

2016 4583 2157 4636 la6‘t6
2187 4583 2463 4654 ἀλήθειαν,
2491 4581 2585 4634 καὶ
2616 4580 2676 4632 ού
2715 4578 2790 4649 μὴ
2822 4574 3060 4646 ἀθετήσῃ
3099 4573 3268 4641 αὑτήν
3292 4587 3304 4598 ·
3335 4573 3400 4624 ὲκ
3432 4585 3555 4639 καρ-

327 4679 482 4736 eam;
510 4663 577 4717 de
627 4662 808 4717 fructu
852 4662 1063 4716 ventris
1107 4663 1185 4716 tui
1241 4679 1438 4733 ponam
1495 4678 1660 4733 super
1708 4664 1891 4721 sedem

326 4766 494 4814 tuam.
541 4775 559 4807 ›
594 4753 806 4819 Quibus
837 4753 1017 4808 verbis
1043 4753 1371 4809 admonetur
1404 4755 1573 4811 David
1599 4797 1614 4821 ,
1672 4756 1790 4813 fore
1835 4766 1894 4812 ut

329 4848 663 4920 destinatum
709 4845 942 4900 Domino
991 4849 1404 4904 tabernaculum
1437 4849 1647 4906 fructus
1699 4852 1771 4908 sit
1825 4867 1891 4915 ex

321 4940 441 5008 ejus
472 4941 640 5010 stirpe
671 4939 975 5010 gignendos

1061 5079 1148 5134 IX.

581 5195 690 5252 Cur
719 5195 908 5250 Ruthw
941 5197 1237 5250 meminerit
1270 5197 1610 5267 evangelista.

392 5312 443 5378 ί.
489 5311 688 5378 Quidni
719 5311 879 5367 divus
920 5311 1250 5382 Apostolus,
1308 5311 1401 5381 qui
1456 5312 1883 5382 alienigenarum

317 5407 559 5474 gentium
599 5407 943 5462 vocationem
969 5406 1166 5477 spiritu
1197 5405 1528 5476 pravidebat
1554 5420 1651 5476 per
1699 5403 1880 5458 Evan-

319 5495 518 5561 gelium
549 5510 710 5550 suum
743 5496 1004 5565 futuram,
1037 5497 1253 5568 quidni,
1284 5498 1531 5567 inquam,
1569 5497 1884 5569 alienigenae

315 5583 534 5642 {cminzn
570 5588 944 5644 meminisset?
973 5588 1291 5661 Alienigena
1336 5604 1469 5644 sane
1509 5599 1632 5645 erat
1682 5587 1884 5656 Rutba,

1997 4674 2099 4728 ποῦ
2133 4673 2231 4743 τῆς
2260 4671 2465 4736 κοιλίας
2504 4688 2596 4724 σου
2627 4669 2862 4741 ϐήσομαι
2891 4667 2980 4721 ἐπὶ
3008 4665 3097 4717 τὸν
3147 4663 3338 4734 θρόνον
3392 4679 3500 4714 σου.
3533 4678 3550 4710 ι

1993 4766 2071 4820 Δι’
2101 4760 2174 4820 ὧν
2207 4765 2513 4818 διδάσκεται
2555 4766 2583 4816 ό
2631 4760 2792 4815 Δαϐὶδ
2821 4761 2902 4813 ὃτι
2928 4758 2987 4812 τὸ
3018 4756 3205 4828 μέλλον
3228 4753 3446 4807 ἔσεσθαι
3469 4750 3552 4804 τοῦ

1994 4856 2198 4928 Κυρίου
2230 4855 2522 4926 σκήνωμα,
2558 4855 2586 4906 ὁ
2636 4849 2844 4922 καρπὸς
2869 4844 2937 4920 ἦν
2963 4851 2992 4900 ό
3029 4850 3092 4900 ὲκ
3139 4845 3347 4909 κοιλίας
3401 4840 3553 4899 αύτοῦ

1992 4948 2373 5019 γενησόμενος.

2730 5083 2785 5133 Θ¹

1987 5199 2091 5254 Διὰ
2121 5199 2176 5252 τί
2213 5196 2323 5265 τῆς
2369 5197 2537 5250 Ῥοὺο
2573 5195 3025 5265 ἐμνημόνευσεν
3049 5195 3080 5246 ό
3106 5185 3544 5260 εὐαγγελιστής.

2059 5319 2126 5366 α’.
2161 5312 2269 5364 Καὶ
2302 5310 2419 5374 πῶς
2462 5311 2562 5364 οὐκ
2606 5308 2830 5381 ἔμελλεν
2870 5311 2898 5363 ό
2925 5307 3065 5370 θεῖος
3099 5303 3432 5367 Απόστολος,
3457 5299 3544 5368 τὴν

1986 5403 2095 5458 τῶν
2119 5401 2430 5472 ἀλλοφύλων
2467 5401 2637 5455 ἐθνῶν
2675 5400 2866 5470 κλῆσιν
2897 5399 2974 5470 τῷ
3008 5398 3277 5468 πνεύματι
3317 5393 3538 5467 προθςω·

1996 5495 2108 5568 ρῶν
2148 5493 2238 5548 διὰ
2267 5493 2361 5548 τοῦ
2395 5494 2595 5548 οἰκείου
2630 5491 2964 5563 Εὐαγγελίου
3007 5489 3407 5566 γενησομένην,
3450 5483 3536 5552 τῆς

1991 5585 2287 5658 ἀλλοφύλου
2313 5585 2706 5658 μνημονεύειν;
2743 5583 3034 5654 ἀλλόφυλος
3055 5583 3164 5657 γὰρ
3195 5585 3229 5656 ἠ
3276 5579 3422 5637 Ῥοὺθ
3453 5573 3531 5630 καὶ

389 5733 435 5771 θ’
483 5729 625 5802 Psal,
652 5753 836 5808 cxxxt,
865 5743 981 5797 1-5.
1049 5745 1089 5778 ³³
1116 5744 1250 5800 Gen.
1288 5758 1449 5810 xxxv,
1491 5743 1572 5803 19,.
1652 5745 1693 5782 ⁸³
1733 5742 1910 5803 Μαιιιι

2016 5786 2023 5808 ,
2059 5745 2109 5802 6.
2189 5745 2234 5777 η
2274 5741 2418 5800 Psal.
2453 5756 2635 5813 cxxxt,
2672 5741 2726 5799 6.
