3830 6260
246 338 339 397 ιιι-ι

772 325 1237 396 ΟΟΔΕΞΤΙΟΝΕΒ
1274 322 1733 383 EVANGELICAE
1775 324 1801 379 Α

1908 321 2342 379 ετεΡιιΑΝυιι.
2380 352 2450 365 --
2486 318 2816 390 ρυΑεΒΤιο
2852 318 2923 390 x.

3353 320 3464 378 918

250 458 306 524 ἐξ
354 453 654 521 ἀλλοφύλων
702 450 810 504 τῶν
862 449 1329 521 ἀπηγορευμένων
1377 449 1529 520 παρὰ
1578 449 1801 502 Μωῦσεῖ

1908 455 1956 501 et
2005 446 2228 518 quidem
2266 432 2437 502 exiis
2483 445 2806 517 alienigenis
2852 458 3086 516 quorum
3138 430 3468 503 commercio

250 545 567 605 Μωαϐιτῶν·
599 562 617 595 ι
650 541 935 597 Μωαϐῖται
966 542 1093 612 γὰρ,
1121 542 1253 612 φησὶ⁸
1272 580 1286 602 ,
1331 541 1427 593 καὶ
1472 538 1796 609 Ἀμμανῖται

250 641 338 695 οὑκ
364 634 748 691 εἰσελεύσονται
781 636 860 697 είς
894 633 1216 704 Ἐκκλησίαν
1249 633 1452 702 Κυρίου
1485 631 1587 695 ἕως
1610 631 1799 702 τρίτης

250 731 333 784 καὶ
353 729 610 796 τετάρτης
637 726 848 794 γενεᾶς,
880 726 973 778 καὶ
997 724 1100 787 ἕως
1129 724 1209 788 είς
1246 723 1338 776 τὸν
1369 720 1569 775 αἰῶνα·
1616 740 1635 773 ι
1660 721 1799 789 πλὴν

247 817 369 874 ἀλλά
395 816 487 870 καὶ
507 816 752 887 κρεῖττον
781 813 873 867 τοῦ
901 815 1066 883 νόμον
1092 813 1357 883 γενομένη
1382 811 1653 881 θεοφιλὴς,
1691 812 1803 863 εἱσ-

246 911 391 983 ῆλθεν
440 910 519 973 είς
563 908 884 978 Ἐκκλησίαν
925 908 1128 977 Κυρίου
1152 923 1165 936 δ
1194 906 1423 976 ἐπείπερ
1450 906 1478 957 ὁ
1504 905 1665 976 νόμος
1690 906 1802 997 τοῖς

246 1008 297 1058 ὲν
319 1001 391 1072 τῷ
421 1000 567 1072 νόμῳ
596 998 744 1052 λαλεῖ
764 1018 775 1029 ·
818 1019 835 1050 ι
869 1000 1069 1070 Δικαίῳ
1102 998 1158 1052 δὲ
1184 998 1345 1069 νόμος
1363 998 1422 1051 ού
1458 1000 1651 1060 κεῖται,
1688 995 1784 1049 ἀλλ

245 1092 449 1160 ἀνόμοις
482 1088 572 1142 καὶ
595 1090 1005 1154 ἀνυποτάκτοις,
1029 1088 1249 1142 ἀσεϐέσι
1280 1089 1373 1142 καὶ
1399 1087 1758 1159 ἁμαρτωλοῖς.
1775 1107 1791 1138 ι

256 1180 312 1233 Ἦ
341 1179 395 1233 δὲ
436 1178 589 1231 Ῥοὺθ
618 1179 678 1231 ού
726 1178 944 1250 τοιαύτη
963 1222 976 1243 ,
1010 1181 1056 1231 εί
1092 1179 1185 1231 καὶ
1214 1178 1273 1231 τὸ
1297 1178 1455 1247 γένος
1507 1178 1801 1246 ἀλλόφυλος

243 1270 322 1342 ἦν,
346 1271 622 1343 ύπερὸᾶσα
645 1272 701 1325 δὲ
730 1272 820 1325 τὸν
838 1271 1112 1344 διορισμὸν
1133 1270 1225 1324 τοῦ
1256 1272 1441 1342 νόμου,
1473 1272 1566 1323 καὶ
1591 1270 1799 1342 εἰσελήο

244 1363 388 1416 λυθεν
440 1364 519 1425 εἰς
570 1364 668 1433 τὴν
714 1362 1038 1433 Ἐκκλησίαν
1068 1361 1297 1433 Κυρίου,
1343 1363 1437 1414 καὶ
1488 1360 1579 1414 τοῦ
1612 1360 1801 1428 γένους

243 1456 561 1527 ἐχρημάτισε
591 1456 682 1510 τοῦ
729 1454 1141 1527 Ἰσραηλιτικού,
1167 1457 1259 1507 καὶ
1290 1456 1346 1506 ὲν
1368 1454 1652 1524 προγόνοις
1673 1454 1803 1506 ἀνα-

242 1545 495 1617 ληφθῆναι
522 1546 617 1599 τοῦ
645 1547 894 1619 Σωτῆρος
917 1547 1071 1618 ἡμῶν
1099 1545 1430 1617 κατηξιώθη,
1458 1544 1545 1598 διὰ
1573 1544 1668 1616 τὴν
1692 1545 1800 1599 τῶν

240 1638 477 1708 τρόπων,
523 1640 638 1693 ἀλλ’
670 1642 730 1693 ού
766 1641 852 1694 διὰ
897 1641 991 1712 τὴν
1045 1639 1137 1694 τοῦ
1188 1640 1435 1711 σώματος
1478 1641 1756 1708 εὐγένειαν
1782 1658 1795 1671 ο

244 1728 363 1780 πᾶσί
414 1745 470 1781 τε
503 1732 639 1800 ἡμῖν
688 1733 800 1794 τοῖς
853 1729 911 1794 ἐξ
960 1730 1128 1784 ἐθνῶν
1175 1731 1492 1800 ἀλλοφύλοις
1547 1732 1800 1802 μέγιστον

242 1818 531 1889 ὑπόδειγμα
561 1821 818 1891 κατέστη,
852 1820 932 1873 ὅτι
971 1821 1035 1891 δὴ
1082 1822 1241 1891 ὃμοια
1289 1820 1592 1892 πράξαντες
1640 1822 1796 1891 αὐτῇ,
1833 1854 1872 1908 Β

239 1910 336 1965 τῶν
361 1910 485 1963 ἴσων
521 1912 674 1983 παρά
703 1911 780 1982 τῷ
801 1911 919 1982 Θεῷ
939 1911 1259 1983 τευξόμεθα.

304 2003 364 2072 β’.
399 1998 641 2068 Εἰκότως
666 2001 758 2058 οὖν
789 2005 885 2076 τὴν
915 2004 1019 2058 τῶν
1045 2006 1355 2074 ἀλλοφύλων
1389 2006 1579 2078 κλῆσίν
1619 2024 1678 2059 τε
1709 2009 1802 2060 καὶ

240 2096 530 2165 εἰσποίησιν
568 2096 774 2167 μέλλων
826 2096 1310 2167 εὐαγγελίζεσθαι,
1359 2102 1424 2169 τῇ
1480 2099 1803 2170 γενεαλογία

238 2186 394 2258 αὐτὴν
428 2187 672 2242 τέθεικεν
693 2206 705 2219 ·
733 2189 879 2259 ἡμᾶς
906 2190 1030 2253 τοὺς
1059 2188 1116 2255 ἐξ
1156 2188 1323 2243 ὲθνῶν
1351 2188 1678 2260 ἀλλοφύλους
1710 2209 1802 2261 μο-

240 2281 433 2350 νονουχὶ
456 2279 730 2333 παιδεύων
749 2280 817 2333 δι’
851 2280 1041 2351 αὐτῆς,
1071 2281 1151 2334 ὃτι
1180 2280 1243 2352 δὴ
1285 2281 1354 2335 τὰ
1390 2283 1593 2354 πάτρια
1637 2300 1804 2336 κατα-

239 2370 490 2437 λιπόντες,
517 2372 746 2436 είκότως
774 2373 869 2426 καὶ
896 2374 964 2426 τὰ
996 2372 1262 2427 ἀκόλουθα
1294 2376 1374 2437 είς
1407 2377 1553 2446 ἡμᾶς
1582 2377 1686 2449 πλη
1698 2394 1802 2449 ρω-

239 2461 448 2534 θησεται
472 2482 485 2495 ·
520 2464 705 2517 ούκέτι
739 2464 845 2537 γὰρ
875 2466 932 2518 ὲν
956 2464 1272 2534 ἀλλοφύλοις
1298 2467 1801 2539 καταλεγησόμεθα,

238 2553 335 2607 τύδ’
360 2553 417 2619 ἐξ
446 2553 766 2623 ἀλλοφύλων
791 2556 1223 2626 χρηματίσομεν,
1250 2556 1364 2611 ἀλλ’
1391 2559 1456 2611 ὲκ
1492 2559 1586 2611 τοῦ
1616 2560 1804 2628 ἀληθι·

238 2644 321 2698 νοῦ
366 2630 584 2717 Ἰσραὴλ
626 2647 721 2701 καὶ
770 2645 864 2699 τοῦ
926 2645 1053 2699 λαοῦ
1088 2645 1182 2698 τοῦ
1234 2646 1434 2719 κλήρου
1483 2648 1576 2701 τοῦ
1629 2650 1762 2702 Θεοῦ
1788 2668 1801 2680 ο

236 2740 540 2806 ἀναγκαίως
569 2739 624 2792 δὲ
654 2735 720 2793 αὖ
747 2739 908 2794 πάλιν
939 2738 1181 2810 ἐμνήσθη
1215 2744 1313 2811 τῆς
1355 2742 1531 2804 Ῥοὺθ,
1563 2742 1631 2795 τὰ
1656 2744 1805 2795 αἴτια

238 2828 316 2883 διὰ
336 2829 433 2899 τῆς
460 2830 585 2883 κατ’
618 2831 778 2883 αὐτὸν
812 2831 1049 2902 ἱστορίας
1087 2830 1300 2896 διδάξας
1347 2832 1468 2886 τίνα
1502 2829 1570 2903 ἦν
1610 2834 1674 2886 τὰ
1709 2834 1804 2887 λύ-

240 2938 398 2976 σαντα
450 2924 555 2995 τὴν
609 2923 977 2993 ἀπαγόρευσιν
1025 2921 1118 2975 τού
1164 2923 1329 2994 νόμου
1382 2924 1481 2994 τὴν
1534 2925 1801 2994 φήσασαν,

1905 538 2117 611 Moyses
2160 539 2538 601 interdixerat,
2578 553 2773 608 nempe
2806 536 3078 592 Moabitis.
3121 554 3139 588 ι
3176 534 3470 615 Moabitae,

1906 631 2102 701 inquit,
2135 639 2189 686 et
2218 631 2537 685 Ammonitae
2581 645 2692 685 non
2743 629 3028 685 intrabunt
3074 628 3131 683 in
3156 628 3251 684 Dei
3283 627 3473 698 Eccle-g

1907 725 2041 779 siam
2078 739 2252 794 usque
2282 724 2349 778 ad
2392 724 2610 778 tertiam
2665 732 2717 779 et
2762 734 3009 792 quartam
3040 722 3471 793 generationem,

1908 817 2016 870 imo
2050 817 2103 870 in
2131 814 2476 870 aeternum“.
2518 835 2535 868 ι
2575 814 2682 869 Sed
2718 822 2897 869 tamen
2923 813 3038 869 haec
3064 815 3132 869 ob
3147 813 3472 884 religionem

1908 921 2061 959 suam
2090 905 2233 959 facta
2280 905 2384 976 legi
2415 905 2666 975 superior
2693 904 2939 975 ingressa
2973 912 3057 961 est
3086 905 3142 959 in
3168 903 3473 959 Ecclesiam

1908 993 2001 1049 Dei
2034 1013 2046 1048 :
2081 995 2342 1064 quoniam
2393 995 2479 1051 lex
2521 1010 2615 1051 eos
2643 995 2735 1065 qui
2775 994 2879 1049 sub
2917 995 3034 1065 lege
3060 1002 3188 1050 sunt
3234 993 3471 1065 alloqui-

1908 1095 1996 1141 tur
2025 1106 2038 1140 :
2077 1105 2095 1138 ι
2127 1085 2286 1141 Justo
2318 1096 2497 1141 autem
2530 1101 2639 1141 non
2667 1095 2750 1141 est
2773 1087 3070 1142 constituta
3102 1087 3209 1154 lex,
3253 1085 3350 1141 sed
3388 1085 3474 1141 in-

1902 1178 2070 1247 justis
2101 1185 2154 1233 et
2179 1178 2516 1233 refractariis
2549 1184 2602 1233 et
2629 1177 2813 1247 impiis
2854 1184 2909 1232 et
2943 1175 3407 1248 peccatoribus".
3447 1194 3467 1229 ι

1907 1270 2086 1325 Rutha
2121 1287 2249 1326 vero
2264 1287 2373 1325 non
2401 1278 2520 1326 erat
2548 1270 2851 1341 ejusmodi,
2880 1268 3099 1326 etiamsi
3143 1274 3304 1340 gente
3339 1267 3473 1323 alie-

1908 1364 2099 1432 nigena
2129 1381 2142 1415 :
2173 1362 2269 1417 sed
2302 1377 2655 1433 supergressa
2705 1361 2841 1433 legis
2886 1359 3021 1416 ﬁnes
3065 1359 3122 1413 in
3172 1358 3475 1413 Ecclesiam

1907 1454 2002 1508 Dei
2035 1454 2301 1520 introivit,
2338 1461 2393 1508 et
2439 1454 2506 1509 de
2538 1468 2739 1525 genere
2782 1452 2969 1507 habita
3019 1459 3103 1508 est
3150 1448 3473 1515 Israelitico,

1907 1553 2069 1612 atque
2096 1544 2234 1598 inter
2260 1544 2640 1614 progenitores
2659 1542 2970 1599 Servatoris
2991 1540 3168 1597 nostri
3189 1540 3476 1611 dignanter

1907 1645 2184 1703 assumpta
2220 1641 2443 1704 pr0pter
2470 1647 2704 1697 morum,
2742 1647 2852 1686 non
2896 1631 3146 1701 corporis
3169 1669 3185 1696 ,
3217 1629 3477 1683 nobilita-

1908 1735 2012 1779 tem
2039 1744 2054 1780 :
2082 1725 2349 1795 nobisque
2380 1723 2636 1779 omnibus
2666 1739 2864 1796 genere
2888 1722 3109 1777 ethnico
3132 1721 3278 1775 natis
3308 1717 3479 1774 mari.

1904 1831 2047 1871 unum
2077 1817 2350 1886 Ohjectum
2379 1824 2464 1871 est
2494 1816 2827 1886 exemplum,
2861 1816 2978 1871 fore
3010 1822 3068 1868 ut
3097 1814 3142 1869 si
3164 1813 3316 1883 paria
3344 1810 3475 1865 huic

1905 1908 2120 1963 feminae
2149 1907 2436 1971 faciamus,
2462 1922 2648 1976 parem
2688 1909 2919 1977 gratiam
2950 1922 2981 1961 a
3013 1904 3124 1961 Deo
3150 1904 3471 1959 referamus.

1969 2001 2024 2057 2.
2065 1999 2237 2058 Recte
2291 2001 2460 2072 igitur
2509 2001 2603 2071 qui
2652 1999 3081 2066 alienigenarum
3130 1997 3476 2052 vocationem

1903 2098 2064 2160 atque
2095 2091 2443 2161 adoptionem
2468 2089 2823 2146 nuntiaturus
2844 2100 2985 2155 erat,
3019 2089 3162 2143 hanc
3188 2089 3242 2142 in
3276 2101 3476 2160 genea-

1905 2180 2045 2250 lOgia
2092 2180 2378 2235 mulierem
2432 2180 2775 2251 posuit;nos
2832 2196 2900 2235 ex
2949 2178 3272 2250 alienigenis
3323 2186 3475 2233 ortos

1903 2273 2306 2342 quodammodo
2331 2289 2426 2343 per
2455 2289 2574 2330 eam
2612 2273 2869 2329 erudiens
2902 2273 3019 2329 fore
3046 2279 3138 2338 ut,
3193 2273 3239 2328 si
3267 2272 3475 2342 patrios

1903 2380 2083 2420 mores
2119 2365 2455 2430 deseramus,
2477 2365 2604 2435 jure
2630 2367 2835 2437 Optimo
2857 2372 3227 2421 consentanea
3262 2365 3475 2421 meritis

1904 2458 2045 2513 bona
2070 2473 2476 2530 consequamur
2512 2475 2527 2512 :
2565 2475 2742 2530 neque
2765 2458 2913 2513 enim
2955 2459 3167 2513 diutius
3212 2457 3476 2529 alienige-

1905 2552 1992 2607 nis
2024 2554 2529 2618 annumerahiinur,
2558 2568 2737 2622 neque
2774 2553 2862 2608 his
2902 2551 3121 2605 oriundi
3174 2550 3476 2621 appellabi-

1906 2657 2048 2705 niur,
2080 2642 2175 2696 sed
2212 2657 2278 2697 ex
2303 2656 2435 2696 vero
2466 2640 2667 2695 lsraele
2713 2655 2776 2695 ac
2807 2640 3008 2710 populo
3042 2639 3136 2710 qui
3178 2648 3263 2695 est
3300 2624 3487 2695 haere-i

1904 2733 2047 2789 ditas
2090 2732 2321 2788 Domini.
2363 2732 2576 2789 Rursus
2625 2732 2943 2789 necessario
2992 2731 3188 2789 Ruthae
3225 2730 3477 2786 meminit

1905 2826 2252 2895 evangelista,
2289 2824 2417 2879 dum
2441 2826 2497 2879 in
2525 2824 2757 2879 historia
2781 2840 2880 2880 sua
2914 2839 3112 2879 causas
3146 2824 3474 2893 tradit,qua:

1909 2915 2043 2985 legis
2096 2916 2361 2970 tollebant
2419 2916 2769 2972 interdictum
2821 2916 3134 2985 ejusmodi:
3173 2936 3191 2968 ι
3224 2915 3477 2970 Moabitae

244 3033 261 3065 ι
296 3015 579 3070 Μωαὸῖται
611 3017 709 3069 οὐκ
756 3016 1150 3069 εἰσελεύσονται
1188 3018 1267 3079 είς
1319 3016 1645 3086 Ἐκκλησίαν
1692 3018 1801 3069 Κυ-

1908 3021 2017 3061 non
2066 3007 2349 3062 intrabunt
2397 3009 2452 3062 in
2497 3007 2802 3063 Ecclesiam
2849 3008 2964 3064 Dei.
3000 3029 3019 3062 ι
3054 3008 3280 3065 Femina
3326 3011 3475 3066 enim

240 3105 367 3175 ρίου.
405 3125 423 3157 ι
454 3107 655 3175 Γέγονε
686 3107 852 3177 γάρὴ
892 3108 1173 3170 Μωαϐῖτις
1217 3107 1292 3171 ὡς
1337 3109 1537 3180 Ῥαχὴλ
1587 3110 1681 3162 καὶ
1726 3110 1801 3175 ὡς

1908 3098 2161 3155 Moabitis
2195 3100 2262 3153 ad
2294 3100 2664 3156 conditionem
2685 3100 2908 3155 transiit
2938 3098 3193 3158 Rachelis
3243 3109 3298 3158 et
3339 3102 3471 3167 Lize,

236 3198 380 3261 Λεία,
413 3198 470 3251 αἳ
500 3198 859 3269 ᾠκοδόμησαν
897 3199 1201 3270 ἀμιιςότεραι
1234 3200 1323 3253 τὸν
1356 3197 1502 3254 οἷκον
1548 3201 1764 3273 Ἰσραήλ
1787 3218 1800 3230 ’

1908 3206 2137 3261 quarum
2190 3200 2421 3263 utraque
2469 3192 2757 3248 aediﬁcavit
2802 3193 3023 3248 domum
3072 3194 3309 3250 lsraelis.
3365 3194 3493 3269 Cur.

237 3287 346 3352 πῶς
372 3288 427 3343 δὲ
458 3290 585 3359 ούχλ⁵
611 3291 876 3361 χρήσιμος
906 3287 974 3361 ἦν
1001 3294 1067 3362 τῇ
1086 3292 1178 3345 τού
1222 3293 1472 3366 Σωτῆρος
1507 3294 1661 3364 ἡμῶν
1702 3295 1804 3365 Ἰηο

238 3379 324 3433 σοῦ
349 3381 589 3453 Χριστοῦ
626 3383 945 3455 γενεαλογίᾳ
975 3387 1007 3455 ὴ
1046 3387 1229 3456 μνήμη
1264 3387 1359 3456 τῆς
1396 3386 1574 3447 Ῥούθ,
1607 3388 1692 3454 ἐφ’
1737 3386 1804 3456 ἣν

232 3468 439 3541 εἴρηται
473 3489 495 3521 ι
524 3472 618 3524 καὶ
651 3472 711 3525 τὸ
751 3472 971 3543 ποιῆσαι
996 3472 1222 3542 δύναμιν
1256 3474 1312 3525 ἐν
1351 3473 1613 3543 Ἐφραθᾷ,
1653 3472 1804 3525 ἔσται

230 3558 388 3630 ὄνομα
417 3564 476 3615 ὲν
500 3562 746 3633 Βηθλεέμ
769 3579 783 3627 ;
812 3583 830 3615 ι
852 3564 1181 3634 προφητείας
1195 3563 1303 3634 γὰρ
1332 3563 1588 3634 ἄντικρυς
1604 3564 1803 3627 ταύτας

227 3653 442 3717 εἰκότως
470 3653 548 3708 ἀν
580 3672 663 3718 τις
691 3655 824 3725 φαίη
852 3655 1155 3725 τυγχάνειν,
1186 3655 1245 3708 τὸ
1272 3657 1336 3708 ἐκ
1366 3654 1610 3726 Βηθλεὲμ
1633 3656 1803 3725 ὄνομα

227 3743 284 3796 τὸ
305 3745 453 3816 παρὰ
496 3745 572 3817 τῷ
597 3746 857 3816 Ματθαίῳ
879 3747 1348 3817 γενεαλογουμένῳ
1382 3747 1556 3818 Ἰησοῦ
1586 3749 1803 3820 Χριστῷ

227 3835 554 3902 ἐξάκουστον
575 3839 654 3901 είς
680 3840 785 3891 πᾶν
807 3840 960 3907 γένος
988 3838 1289 3911 ἀνθρώπων
1320 3839 1560 3912 θεωρῶν,
1589 3840 1682 3894 καὶ
1707 3841 1804 3911 τὴν

229 3927 282 3981 ὲν
323 3928 593 4001 ’Ἐφραθᾷ
642 3930 936 4001 γενομένην
990 3930 1255 4002 δύναμιν·
1307 3931 1373 3985 δι’
1402 3928 1470 4003 ἧς
1523 3932 1804 4003 δυνάμεως

227 4019 399 4074 πάντα
446 4020 524 4073 τὰ
553 4020 678 4091 ἔθνη
711 4021 802 4074 τὸν
840 4023 901 4074 ἐκ
948 4023 1046 4093 τῆς
1110 4022 1262 4074 Ῥούθ
1315 4024 1803 4094 γενεαλογούμενον

228 4109 459 4182 Χριστὸν
497 4110 590 4165 τοῦ
625 4111 757 4165 Θεοῦ
788 4114 1094 4182 ἐπιγνόντα,
1137 4115 1205 4168 δι’
1243 4115 1405 4167 αὐτοῦ
1438 4116 1538 4185 τῆς
1575 4118 1671 4185 μὲν
1700 4133 1806 4170 πα-

225 4198 405 4271 τρῴας
431 4202 673 4273 ἀπέστη,
692 4203 790 4273 τῆς
834 4203 986 4257 Ῥοὺθ
1023 4205 1416 4277 παραπλησίως
1440 4246 1455 4271 ,
1499 4206 1577 4276 τῷ
1599 4206 1655 4258 δὲ
1687 4207 1804 4276 Θεῷ

226 4291 318 4344 τοῦ
364 4292 588 4366 Ἰσραὴλ
614 4294 779 4348 ἑαυτὰ
818 4295 1137 4350 ἐπιδέδωκεν
1158 4337 1172 4361 ,
1207 4298 1409 4369 ὁμοίως
1439 4300 1573 4368 αύτῇ
1612 4298 1798 4353 πάλιν·

226 4373 301 4435 ὧν
353 4383 527 4437 ἕνεκά
563 4401 652 4456 μοι
689 4385 835 4439 δοκεῖ
879 4387 977 4439 ούκ
1028 4388 1406 4456 ἀσυλλόγιστος
1439 4391 1471 4461 ἡ
1506 4388 1806 4461 παράθεσις

229 4472 324 4542 τῆς
372 4474 532 4529 Ῥοὺθ
562 4478 619 4531 ὲν
650 4480 716 4547 τῇ
756 4476 849 4530 τοῦ
890 4477 1167 4533 Ματθαίου
1206 4479 1569 4551 παρειλῆφθαι
1618 4496 1805 4550 γενεα-

228 4561 408 4635 λογίᾳ.

981 4684 1046 4737 l'.

225 4791 327 4845 Διὰ
364 4794 426 4847 τί
452 4791 563 4848 τὸν
596 4794 861 4865 Ἰωακείμ
900 4798 1188 4922 ζεχοιςίαν
1215 4796 1478 4868 ὀνομάζει
1505 4803 1537 4853 ὁ
1562 4803 1803 4871 εὐαγγε-

948 4885 1137 4922 ιστηρ.

948 4885 1137 4935 ιστης.

293 4980 376 5027 α’.
413 4974 694 5048 Διώνυμος
724 4971 876 5042 οὗτος
901 4972 968 5049 ἢν
988 4996 1001 5009 ·
1028 4978 1138 5031 ἀλλ’
1164 4980 1286 5033 ἐπεὶ
1314 4979 1453 5032 κατά
1474 4980 1563 5033 τὸν
1586 4982 1799 5052 προφή-

226 5078 322 5131 την
365 5063 637 5138 Ίερεμίαν
678 5067 928 5140 Ἰεχονίας
961 5068 1278 5140 ὀνομασθείς
1314 5069 1661 5140 διακέκληται
1687 5109 1701 5134 ,
1732 5070 1800 5123 δι’

223 5147 297 5207 ὧν
318 5173 510 5227 φησιν,
542 5177 560 5209 ι
586 5160 859 5232 Ἠτιμώθη
892 5162 1143 5233 Ἰεχονίας
1158 5162 1233 5225 ὡς
1255 5163 1443 5226 σκεῦος
1459 5157 1518 5216 οὗ
1534 5164 1633 5216 ούκ
1653 5162 1799 5215 ἔστιν

224 5247 391 5300 αὑτοῦ
436 5251 629 5320 χρεία·
670 5252 801 5304 διότι
840 5253 1115 5324 ἀπερρίφη
1149 5253 1308 5316 αὐτὸς
1348 5253 1442 5311 καὶ
1482 5254 1541 5305 τὸ
1582 5253 1803 5323 σπέρμα

223 5339 392 5393 αὑτοῦ
410 5358 424 5371 ο
447 5344 539 5413 γῆ,
564 5345 656 5414 γῆ,
679 5344 840 5398 ἄκουε
861 5345 1016 5413 λόγον
1034 5344 1233 5415 Κυρίου
1255 5363 1267 5375 ·
1291 5346 1498 5416 γράψον
1518 5345 1607 5399 τὸν
1636 5345 1802 5415 ἄνδρα

223 5430 417 5487 τοῦτον
443 5428 812 5507 ὲκκήρυὶτον,
858 5439 939 5491 ὅτι
967 5438 1028 5490 ού
1069 5438 1142 5508 μὴ
1178 5439 1381 5509 ἀναστῇ
1421 5440 1485 5490 ἐκ
1515 5436 1603 5490 τοῦ
1638 5439 1803 5508 σπέρ-

228 5537 401 5586 ματος
430 5524 596 5579 αὐτοῦ
621 5526 926 5597 καθήμενος
953 5527 1047 5580 ἐπὶ
1079 5527 1264 5598 θρόνου
1291 5527 1485 5590 Δαϐὶδς,
1514 5525 1695 5597 ἄρχων
1721 5527 1800 5580 ἔτι

225 5608 283 5660 ὲν
312 5611 392 5681 τῷ
436 5613 603 5685 Ἰούδᾳ
622 5632 637 5645 ο
662 5635 679 5667 ι
712 5616 805 5668 καί⁹
834 5615 1018 5687 ἐπειδὴ
1048 5616 1252 5669 τούτων
1279 5615 1440 5669 ἕνεκα
1473 5614 1670 5686 συνέϐη
1703 5615 1799 5686 τὴν

300 5765 347 5796 ⁸⁸
387 5765 545 5824 Deut.
584 5783 752 5837 xxiii,
788 5770 868 5838 ὃς
908 5768 1102 5827 llEsdr
1159 5786 1287 5837 xui,
1328 5769 1377 5827 1.

1908 3290 2089 3338 autem
2117 3298 2227 3337 non
2259 3284 2536 3340 decuisset
2566 3285 2936 3355 genealogiam
2961 3284 3270 3342 Servatoris
3297 3286 3475 3342 nostri

1905 3369 2036 3427 Jesu
2080 3374 2285 3429 Christi
2329 3375 2536 3429 mentio
2589 3374 2826 3430 Ruthae?
2860 3375 2928 3430 de
2978 3390 3085 3445 qua
3118 3384 3172 3431 et
3208 3376 3342 3431 illud
3391 3376 3477 3431 di-

1906 3471 2055 3517 ctum
2107 3463 2212 3518 fuit
2260 3483 2279 3517 ι
2318 3466 2500 3521 facere
2546 3467 2809 3522 virtutem
2870 3469 2925 3521 in
2989 3467 3261 3538 Ephratha
3292 3507 3307 3532 ,
3369 3470 3475 3523 erit

1905 3568 2104 3609 nomen
2132 3554 2186 3609 in
2204 3554 2515 3611 Bethlehem
2532 3557 2653 3611 ιτα.»
2686 3556 3009 3627 Prophetias
3039 3559 3183 3611 enim
3225 3573 3347 3614 esse
3374 3558 3476 3614 has

1906 3648 2222 3717 perspicuas
2256 3649 2532 3720 quispiam
2561 3651 2740 3718 dicet;
2771 3652 3024 3707 videlicet
3056 3668 3087 3707 e
3122 3650 3474 3706 Bethlehemo

1906 3753 2104 3793 nomen
2131 3738 2337 3795 Christi
2358 3738 2510 3805 Jesu,
2540 3742 2700 3811 cujus
2715 3743 3084 3813 genealogiam
3125 3743 3299 3797 texuit
3334 3742 3473 3796 Mat-

1907 3829 2101 3896 thaeus,
2130 3845 2226 3900 per
2258 3833 2544 3887 universas
2575 3842 2762 3903 gentes
2792 3832 3051 3888 diﬂ‘usum
3083 3848 3337 3896 cernens,
3363 3833 3473 3887 vir-

1906 3928 2186 3992 tutemque
2211 3923 2269 3977 in
2302 3923 2579 3995 Ephratha
2614 3932 2880 3995 patratam
2919 3945 2931 3979 :
2970 3925 3041 3980 ob
3083 3940 3246 3996 quam
3293 3926 3474 3980 virtue

1908 4022 2015 4067 tem
2045 4029 2238 4069 omnes
2270 4024 2459 4086 gentes
2499 4016 2779 4073 Christum
2828 4016 2923 4070 Dei
2961 4030 2992 4069 a
3031 4014 3228 4073 Ruthaa
3277 4031 3473 4087 genere

1905 4102 2199 4158 deductum
2224 4114 2602 4176 agnoscentes,
2620 4106 2863 4177 ejusdem
2887 4121 3053 4162 causa
3076 4123 3105 4160 a
3132 4106 3324 4176 patriis
3352 4106 3474 4160 riti-

1905 4196 2007 4251 bus
2035 4212 2187 4268 aeque
2226 4212 2290 4253 ac
2320 4196 2503 4254 Rutha
2527 4208 2895 4263 recesserunt,
2938 4214 3105 4270 seque
3154 4197 3264 4253 Deo
3300 4197 3475 4254 lsrae-

1907 4287 1997 4352 lis,
2038 4288 2168 4343 item
2214 4297 2271 4342 ut
2310 4288 2424 4356 illa,
2456 4289 2818 4345 tradiderunt.
2865 4288 3015 4356 Quas
3063 4290 3132 4343 oh
3179 4303 3267 4343 rcs
3326 4287 3473 4343 haud

1909 4389 2111 4436 temere
2141 4380 2275 4434 mihi
2302 4381 2515 4437 videtur
2544 4382 2611 4438 ad
2643 4381 2847 4438 Christi
2871 4380 3240 4455 genealogiam
3267 4381 3480 4436 mentio.

1912 4468 2102 4526 Ruthze
2122 4472 2355 4543 adjecta.

2650 4671 2718 4725 x.
3030 4692 3034 4696 Α
3387 4612 3437 4677 ⁸

1905 4787 2013 4844 Cur
2054 4787 2354 4842 loacimum
2392 4787 2597 4841 nomine
2633 4785 2902 4910 2[ec/zom'ae
2945 4785 3285 4857 appellaverit
3314 4800 3470 4839 evan-

2574 4874 2631 4910 ae
2658 4867 2780 4910 131a.

2574 4867 2780 4927 geltsla.

1973 4973 2024 5027 l.
2066 4970 2364 5025 Binominis
2394 4969 2483 5024 hic
2502 4978 2637 5025 erat.
2705 4968 2811 5025 Sed
2842 4968 3099 5039 quoniam
3145 4966 3285 5035 apud
3318 4964 3471 5022 Iere-

1903 5064 2067 5117 miam
2096 5063 2415 5133 prOpIietam
2442 5062 2510 5125 is,
2556 5078 2648 5132 qut
2678 5061 2968 5117 Jechonias
2996 5060 3297 5131 appellatur
3317 5099 3330 5121 ,
3357 5074 3473 5123 ina-

1902 5155 2100 5210 lcdicto
2130 5153 2403 5224 appetitur
2429 5152 2516 5205 his
2545 5152 2724 5208 verbis
2763 5171 2777 5205 :
2816 5170 2834 5202 ι
2856 5150 3117 5205 Ludibrio
3141 5149 3360 5204 habitus
3388 5155 3474 5204 est

1903 5246 2194 5302 Jechonias
2219 5253 2475 5314 tanquam
2510 5259 2604 5300 vas
2634 5242 2792 5312 cujus
2822 5259 2932 5297 non
2967 5250 3050 5297 est
3086 5256 3241 5296 usus.
3267 5239 3472 5306 Quant-

1903 5342 2090 5394 obrcm
2116 5338 2361 5408 abjectus
2390 5344 2474 5393 est
2505 5337 2619 5407 ipse
2651 5345 2705 5391 et
2728 5351 2899 5406 genus
2926 5335 3077 5405 ejus;
3115 5341 3278 5397 terra,
3302 5339 3468 5396 terra.

1905 5432 2032 5487 audi
2062 5446 2367 5487 sermonem
2400 5429 2613 5484 Domini
2650 5448 2662 5482 :
2692 5430 2840 5483 Pone
2869 5429 3014 5482 hunc
3033 5428 3210 5482 virum
3234 5425 3472 5498 proscri-

1905 5536 2077 5595 ptum,
2112 5523 2240 5594 quia
2270 5539 2377 5578 uon
2424 5523 2786 5576 constituetur
2831 5520 2900 5573 de
2929 5535 3127 5589 genere
3160 5519 3278 5589 ejus
3307 5532 3479 5588 super

1902 5615 2156 5669 thronum
2189 5612 2432 5679 Davidis,
2463 5612 2556 5681 qui
2591 5610 2796 5666 diutius
2836 5611 2888 5663 in
2918 5608 3059 5663 Juda
3085 5609 3312 5680 imperet
3340 5606 3387 5641 ⁸⁸
3410 5622 3424 5673 ;
3445 5624 3472 5657 ι.

1453 5770 1495 5804 ⁸⁷
1534 5768 1725 5826 ιτιω.
1765 5787 1814 5838 t,
1850 5768 1899 5826 9.
1977 5771 2043 5803 ’θ’
2084 5738 2225 5825 Ruth
2265 5785 2336 5836 tv,
2377 5768 2460 5824 ll.
2537 5769 2584 5802 ⁵⁸
2622 5767 2728 5824 Jcr.
2766 5781 2911 5834 xxii,
2943 5765 3136 5821 9.8450.
