3830 6260
354 281 458 344 919

1009 284 1278 348 EUSEBII
1315 291 1791 353 CAESARIENSIS
1828 292 1977 355 OPP.
2018 295 2201 357 PARS
2239 299 2324 358 ΙΙΙ.
2359 332 2427 345 -
2461 302 2863 369 EXEGETICA.

3476 307 3574 364 920

348 410 405 457 et
430 402 686 477 quoniam
721 404 917 460 horum
963 420 1130 461 causa
1175 406 1435 478 praedicto
1464 410 1578 480 regi
1606 411 1833 483 contigit
1860 424 1902 466 lli

2020 414 2099 477 εἰς
2130 414 2423 470 Βαϐυλῶνα
2460 417 2833 488 αἰχμαλωσίαν
2873 418 2989 490 ἅμα
3021 424 3098 492 τῷ
3135 418 3250 492 λαῷ
3285 424 3575 492 ὑποστῆναι

349 490 730 568 Babylonicam
756 512 879 552 cum
904 498 1102 568 populo
1123 500 1490 570 captivitatem
1531 505 1758 567 subiret,
1800 521 1916 562 me-

349 585 455 641 rito
481 586 718 658 inclytus
742 588 1093 657 evangelista,
1118 587 1494 664 Redemptoris
1517 596 1757 651 omnium
1791 596 1915 652 Ser-

349 676 660 746 vatorisque
711 678 960 733 scribens
1008 681 1434 754 generationem,
1484 685 1647 756 hujus
1697 704 1915 760 quoque

345 768 591 823 meminit
640 769 940 841 contempti
990 778 1044 825 et
1092 772 1316 843 projecti
1365 791 1487 830 cum
1530 791 1629 833 sua
1658 780 1827 850 stirpe
1858 782 1912 835 in

346 852 727 928 Babylonicam
754 868 976 927 terram,
1020 861 1250 934 ideoque
1277 867 1565 938 proscripti
1588 877 1641 924 et
1664 871 1860 939 captivi
1896 887 1910 926 :

341 946 469 1031 hinc
495 947 747 1004 videlicet
774 948 999 1016 docens,
1032 953 1124 1022 qui
1155 954 1221 1009 ad
1254 957 1653 1025 praedicandam
1681 961 1912 1031 captivis

344 1026 651 1094 libertatem
678 1039 885 1097 missus
917 1040 1091 1097 fuerat
1122 1059 1151 1097 a
1183 1043 1365 1112 Patre,
1410 1046 1556 1104 hunc
1583 1065 1703 1106 esse
1724 1026 1910 1108 Iesum

337 1130 642 1199 Christum,
699 1133 767 1189 de
812 1150 923 1205 quo
955 1136 1152 1192 librum
1184 1140 1394 1205 scribit,
1424 1149 1478 1196 et
1500 1141 1565 1197 ad
1596 1160 1754 1214 quem
1787 1162 1912 1220 spe-

339 1229 452 1289 ctat
500 1223 645 1295 quod
694 1227 838 1297 apud
880 1226 1200 1300 prophetam
1254 1234 1513 1288 recitatur
1560 1238 1840 1292 oraculum
1892 1259 1906 1295 :

344 1333 361 1366 ι
401 1312 637 1388 Spiritus
660 1316 878 1374 Domini
906 1334 1072 1391 super
1095 1338 1201 1389 me,
1230 1338 1297 1379 eo
1325 1327 1467 1395 quod
1497 1329 1651 1383 unxit
1684 1345 1769 1385 me
1795 1351 1807 1385 ε
1841 1332 1909 1387 ad

336 1408 770 1466 annuntiandum
797 1414 1127 1484 pauperibus
1150 1415 1297 1472 misit
1323 1434 1408 1473 me
1425 1455 1440 1483 ,
1483 1421 1909 1489 praedicandam-

337 1494 445 1569 qua
468 1500 700 1570 captivis
738 1501 1038 1559 libertatem
1069 1506 1136 1561 ".
1172 1524 1189 1557 ι
1230 1506 1303 1562 De
1332 1523 1441 1578 quo
1470 1510 1577 1564 alio
1608 1510 1735 1566 item
1785 1512 1907 1588 loco

336 1590 412 1644 ait
436 1592 699 1662 propheta
725 1612 738 1647 :
777 1613 796 1646 ι
826 1595 947 1665 ipse
969 1597 1258 1654 azdificabit
1283 1601 1470 1656 urbem
1500 1619 1673 1658 meam
1694 1642 1708 1671 ,
1743 1612 1907 1676 atque

336 1696 368 1756 α
394 1682 706 1753 captivitate
726 1686 984 1756 papulum
1016 1703 1195 1743 meum
1230 1692 1508 1747 revocabit
1536 1693 1603 1745 '°.
1646 1714 1667 1747 ι

401 1773 459 1830 2.
500 1770 844 1846 Tempestive
889 1780 1056 1851 igitur
1082 1778 1357 1838 Jechoniae
1394 1794 1448 1841 et
1475 1784 1639 1855 hujus
1690 1787 1903 1850 animm.
1939 1800 1981 1854 Β

334 1873 497 1949 atque
521 1867 592 1924 iis
618 1871 710 1939 qui
744 1872 976 1951 similem
1009 1874 1086 1928 illi
1115 1876 1263 1946 passi
1306 1877 1520 1933 fuerant
1552 1879 1905 1951 ignominiam

332 1944 388 2011 et
416 1959 721 2016 animarum
751 1940 1162 2035 Zaptivitatem-,
1194 1940 1903 2041 Redemptorisvadventum

333 2057 549 2123 nuntiat
578 2053 884 2118 Matthazus.
918 2059 1013 2128 qui
1042 2057 1164 2114 Filii
1198 2058 1291 2115 Dei
1315 2063 1707 2134 genealogiam,
1747 2066 1905 2120 item-

333 2157 440 2219 que
501 2145 731 2202 aliorum
792 2150 1031 2204 sontium
1086 2160 1543 2224 peccatorumque
1601 2156 1900 2220 hominum,

333 2234 541 2291 scribit.
578 2235 732 2294 Unus
758 2240 903 2295 enim
934 2242 1184 2314 idemque
1206 2260 1387 2301 sermo
1413 2251 1497 2304 est
1517 2286 1531 2311 ,
1557 2249 1649 2318 qui
1684 2246 1902 2305 Davidis

330 2327 537 2382 crimen
568 2329 712 2385 circa
742 2329 885 2388 Uria:
909 2348 1155 2401 uxorem,
1202 2345 1257 2393 et
1277 2336 1431 2394 Iuda:
1460 2338 1899 2406 fornicationem,

328 2425 385 2472 et
412 2420 771 2492 alienigenam
807 2439 902 2480 seu
934 2424 1280 2484 Moabitidem
1308 2428 1568 2497 Rutham,
1614 2442 1899 2488 memorat.

331 2509 473 2566 idem
500 2528 684 2571 sermo
712 2512 897 2573 Jesum
932 2534 1055 2574 cum
1086 2520 1393 2590 publicanis
1418 2526 1902 2597 peccatoribusque

330 2604 622 2671 viventem,
672 2616 727 2664 et
766 2611 1085 2682 turpissima
1117 2613 1186 2670 ab
1215 2613 1527 2672 hominibus
1558 2634 1898 2689 perpessum,

328 2700 383 2753 el
411 2696 645 2771 denique
678 2715 803 2756 cum
835 2702 1095 2761 maleficia
1126 2705 1445 2760 cruciﬁxum
1475 2708 1711 2764 exhibet.
1772 2709 1901 2766 Erat

329 2805 461 2846 vero
491 2792 537 2850 is
577 2808 759 2848 sermo
794 2810 905 2865 quo
934 2796 1139 2852 dictum
1168 2805 1253 2853 est
1283 2817 1296 2853 :
1339 2818 1358 2852 ι
1393 2798 1533 2856 Ecce
1560 2800 1747 2872 Agnus
1780 2803 1896 2869 Dei,

328 2882 424 2953 qui
476 2885 618 2940 tollit
678 2896 959 2956 peccatum
1010 2890 1198 2945 mundi
1225 2891 1296 2945 ⁸⁸.
1333 2911 1352 2943 ι
1407 2890 1705 2962 Oportebat
1753 2897 1898 2952 enim

329 2989 454 3030 eum
475 3018 490 3044 ,
526 2978 618 3050 qui
651 2977 868 3036 futurus
893 2988 1012 3035 erat
1039 2982 1285 3051 expiator
1308 2990 1549 3039 veterum
1580 2988 1898 3056 quorumvis

329 3066 619 3124 criminum
657 3085 720 3125 ac
745 3069 1070 3139 futurorum,
1110 3074 1310 3143 quique
1353 3075 1586 3132 animam
1618 3080 1898 3149 positurus

2015 505 2104 558 τὸν
2128 507 2444 578 εἰρημένον,
2467 510 2686 585 εἰκότως
2710 512 2738 563 6
2758 510 3056 581 θαυμάσιος
3078 513 3465 584 εύαγγελιστὴς
3484 513 3575 567 τοῦ

2015 596 2301 670 Λυτρωτοῦ
2329 598 2422 651 καί
2448 600 2695 672 Σωτῆρος
2729 601 2978 655 ἁπάντων
3005 601 3333 676 ὑπογράφων
3361 600 3461 674 τὴν
3492 604 3583 671 γέ-ιι

2013 706 2179 751 νεσιν,
2219 692 2312 742 καί
2344 689 2495 743 τοῦδε
2523 692 2768 763 ἐμνήσθη
2791 691 2885 745 τοῦ
2911 694 3255 765 ἠτιμωμένον
3282 694 3378 748 τοῦ
3412 696 3580 766 ἀποῤ·

2014 781 2262 851 ῥιφέντος
2288 781 2401 852 ἄμα
2428 781 2504 853 τῷ
2538 781 2813 854 σπέρματι
2841 785 2921 846 εἰς
2942 784 3037 855 τὴν
3068 784 3426 839 Βαϐυλωνίων
3455 786 3575 856 γῆν,

2011 870 2103 923 τοῦ
2143 871 2479 942 ἐκκηρύκτου
2515 874 2841 943 γενομένου,
2881 873 2978 929 τοῦ
3011 875 3389 946 αἰχμαλώτου·
3438 876 3580 931 διδάο

2014 977 2156 1014 σκων
2182 961 2263 1015 ὅτι
2293 961 2525 1034 κηρύξαι
2556 965 2920 1035 αἰχμαλώτοις
2944 966 3135 1036 ἄφεσιν
3171 967 3576 1037 ἀπεσταλμένος

2011 1049 2115 1105 ὑπὸ
2148 1053 2240 1106 τοῦ
2276 1055 2520 1127 Πατρὸς,
2568 1051 2721 1120 οὗτος
2753 1052 2820 1129 ἦν
2862 1057 3065 1128 Ἰησοῦς
3095 1060 3357 1131 Χριστὸς,
3386 1055 3450 1114 οῦ
3479 1060 3575 1129 τὴν

2011 1144 2188 1215 βίϐλον
2206 1147 2540 1217 ἀναγράφει,
2562 1150 2642 1211 εἰς
2666 1146 2725 1202 ὃν
2751 1149 3078 1220 ἀναφέρεται
3107 1150 3167 1203 τὸ
3187 1151 3395 1219 φάσκον
3414 1151 3473 1204 ἐν
3498 1150 3577 1221 τῷ

2010 1237 2261 1308 προφήτῃ
2287 1237 2463 1306 λόγιον
2484 1257 2496 1269 ·
2536 1258 2552 1289 ι
2576 1237 2797 1311 Πνεῦμα
2831 1242 3034 1312 Κυρίου
3067 1243 3152 1293 ἐπ’
3178 1243 3308 1312 ἐμὲ,
3342 1237 3404 1296 οῦ
3437 1242 3573 1295 εἵνε-

2007 1342 2099 1381 κεν
2117 1327 2297 1399 ἔχρισέ
2321 1347 2386 1399 με
2403 1370 2417 1392 ,
2437 1329 2886 1399 εὐαγγελίσασθαι
2909 1327 3139 1403 πτωχοῖς
3155 1332 3464 1388 ἀπέσταλκέ
3484 1352 3570 1404 με,

2008 1416 2238 1492 κηρύξαι
2271 1422 2632 1492 αἰχμαλώτοις
2665 1426 2855 1495 ἄφεσιν
2875 1442 2888 1455 ·
2918 1444 2937 1477 ι
2966 1425 3092 1497 περί
3118 1419 3176 1479 οῦ
3200 1425 3294 1479 καὶ
3322 1428 3382 1479 ὲν
3404 1426 3572 1498 ἑτέρῳ

2008 1512 2171 1584 φησὶν
2207 1515 2236 1567 6
2272 1510 2432 1578 αὐτὸς
2466 1518 2782 1589 προφήτηςο
2847 1537 2866 1568 ι
2893 1511 3060 1581 Οῦτος
3093 1517 3440 1590 οἰκοδομήσει
3476 1518 3569 1590 τὴν

2006 1602 2160 1658 πόλιν
2202 1623 2305 1676 μου
2330 1646 2345 1670 ,
2379 1608 2471 1661 καὶ
2503 1608 2603 1679 τὴν
2634 1608 3003 1679 αἰχμαλωσίαν
3028 1607 3120 1664 τοῦ
3153 1609 3283 1664 λαοῦ
3318 1628 3422 1681 μου
3456 1612 3571 1664 ἑπι-

2009 1695 2244 1766 στρέψει.
2276 1716 2293 1749 ι

2081 1789 2155 1858 β’.
2204 1788 2360 1842 Κατά
2394 1790 2581 1862 καιρὸν
2628 1790 2913 1863 τοιγαροῦν
2945 1791 3090 1864 αὐτῷ
3121 1810 3182 1847 τε
3225 1793 3452 1865 Ἰεχονίᾳ
3482 1796 3568 1849 καὶ

2004 1882 2069 1952 τῇ
2105 1880 2292 1934 τούτου
2338 1882 2482 1954 ψυχῇ
2508 1921 2523 1945 ,
2569 1885 2681 1948 τοῖς
2715 1901 2773 1937 τε
2800 1884 2897 1956 τὴν
2929 1885 3049 1957 ῑσην
3074 1885 3221 1956 αὐτῷ
3249 1886 3567 1941 πεπονθόσιν

2004 1972 2222 2043 ἀτιμίαν
2241 1990 2298 2026 τε
2316 1973 2409 2027 καὶ
2432 1974 2615 2043 ψυχῶν
2636 1976 3022 2047 αἰχμαλωσίαν,
3048 1978 3144 2049 τὴν
3164 1977 3256 2031 τοῦ
3282 1979 3564 2050 Λυτρωτοῦ

2005 2065 2302 2135 παρουσίαν
2332 2066 2737 2136 εὐαγγελίζεται
2756 2069 3027 2133 Ματθαῖος
3047 2073 3074 2124 6
3099 2070 3195 2141 τὴν
3236 2071 3451 2141 γένεσιν
3476 2073 3563 2127 τοῦ

2006 2151 2134 2206 Υἰοῦ
2157 2154 2249 2207 τοῦ
2275 2153 2407 2208 Θεοῦ
2429 2157 2556 2231 ,καὶ
2580 2157 2643 2228 δὴ
2668 2158 2774 2211 τῶν
2798 2158 2969 2212 ἄλλων
2990 2159 3251 2213 ὑπαιτίων
3274 2163 3368 2214 καὶ
3395 2163 3567 2234 ἁμαρ-

2001 2244 2185 2298 τωλῶν
2230 2245 2436 2320 ἀνδρῶν
2469 2248 2823 2317 καταγαγών·
2856 2240 2937 2315 εἷς
2974 2252 3082 2323 γὰρ
3112 2246 3180 2322 ἦν
3222 2253 3316 2306 καὶ
3346 2254 3377 2306 6
3410 2254 3564 2318 αὐτὸς

2001 2337 2186 2405 λόγος,
2221 2338 2287 2392 δι’
2321 2338 2378 2391 ὃν
2410 2339 2503 2393 καὶ
2537 2339 2635 2411 τῆς
2662 2340 2755 2394 τοῦ
2781 2342 2943 2396 Δαϐὶδ
2970 2343 3096 2414 περί
3118 2343 3216 2413 τὴν
3240 2343 3335 2397 τοῦ
3372 2345 3564 2417 Οὐρίου

2002 2430 2231 2495 γυναῖκα
2263 2430 2622 2501 παρανομίας,
2649 2430 2747 2500 τῆς
2770 2448 2827 2485 τε
2847 2431 2942 2485 τοῦ
2977 2432 3145 2485 ’ἰούδα
3168 2434 3447 2504 πορνείας,
3472 2436 3565 2505 τῆς

2001 2535 2059 2569 τε
2081 2517 2375 2586 ἀλλοφύλου
2399 2519 2491 2573 καὶ
2516 2522 2852 2586 Μωαϐίτιδος
2876 2523 3030 2577 Ῥοὺθ
3059 2523 3301 2595 ἐμνήσθη
3319 2541 3335 2557 θ
3356 2527 3387 2578 6
3408 2525 3563 2589 αὐτὸς

1999 2608 2053 2661 δὲ
2081 2610 2335 2679 τυγχάνει
2357 2611 2477 2665 καθ’
2500 2612 2557 2665 ὃν
2578 2613 2669 2665 καὶ
2693 2612 2946 2678 τελώναις
2966 2616 3058 2669 καὶ
3076 2615 3419 2691 ἁμαρτωλοῖς
3440 2633 3564 2688 συμ-

2001 2699 2218 2754 ϐιοῦντα
2237 2741 2251 2765 ,
2276 2700 2371 2755 καὶ
2395 2702 2646 2772 αἰσχιστά
2665 2721 2727 2773 γε
2755 2704 2859 2758 ὑπὸ
2885 2706 3183 2779 ἀνθρώπων
3206 2707 3559 2777 ὑπομένοντα,

1999 2793 2092 2844 καὶ
2129 2790 2281 2856 τέλος
2322 2793 2437 2865 ἅμα
2469 2798 2577 2860 τοῖς
2613 2797 2935 2869 κακούργοις
2978 2799 3373 2871 σταυρούμενον
3403 2800 3561 2853 αὑτὸν

1999 2883 2206 2953 εἰσάγει
2233 2903 2244 2916 ⁸
2271 2880 2338 2957 ἦν
2368 2884 2413 2941 δ’
2443 2882 2593 2953 οὗτος
2622 2888 2649 2941 6
2681 2889 2833 2956 λόγος
2864 2891 2981 2944 καθ’
3011 2891 3069 2945 δν
3101 2890 3343 2963 εἴρηται·
3368 2912 3386 2943 ι
3404 2892 3505 2946 Ἰδε
3532 2895 3560 2946 6

1996 2972 2165 3043 ἀμνὸς
2192 2974 2283 3029 τοῦ
2311 2976 2443 3030 Θεοῦ
2480 2980 2509 3031 6
2538 2980 2703 3051 αἴρων
2730 2981 2827 3052 τὴν
2860 2981 3129 3054 ἁμαρτίαν
3152 2983 3246 3037 τοῦ
3285 2984 3510 3054 κόσμου.
3534 3002 3554 3036 ›

2010 3067 2205 3139 Ἐχρῆν
2227 3069 2334 3140 γὰρ
2363 3070 2452 3122 τὸν
2478 3068 2731 3139 μέλλοντα
2752 3074 3043 3146 καθάρσιον
3063 3073 3306 3143 γίνεσθαι
3329 3075 3441 3129 τῶν
3461 3075 3559 3129 πά-

329 3166 449 3217 erat
475 3175 573 3230 pro
604 3161 884 3217 hominum
915 3164 1232 3230 animabus;
1263 3165 1429 3232 hunc,
1467 3168 1707 3239 inquam,
1736 3186 1897 3241 opor-

2004 3159 2087 3212 λαι
2116 3159 2331 3213 πώποτε
2362 3160 2896 3234 πεπλημμεληκότων
2929 3166 3021 3218 καὶ
3045 3165 3150 3219 τῶν
3170 3183 3232 3235 γε
3265 3167 3406 3236 μετά
3429 3165 3556 3221 ταῦ-

332 3253 482 3310 tehat
509 3268 571 3309 ea
607 3254 749 3308 mala
781 3256 964 3311 omnia
996 3259 1222 3328 perpeti,
1254 3269 1306 3315 et
1330 3270 1674 3330 peccatorum
1707 3264 1894 3335 impio-

330 3361 560 3417 rumque
609 3363 799 3417 pmnas
844 3348 1022 3419 ipsum
1064 3351 1355 3406 innocuum
1389 3354 1679 3421 sustinere,
1722 3356 1895 3414 donec

328 3440 550 3494 oracula
590 3439 658 3495 de
697 3455 764 3496 eo
811 3439 977 3505 dicta,
1029 3450 1083 3497 et
1126 3443 1332 3513 reliqua
1375 3445 1578 3500 exitum
1611 3446 1891 3506 haberent.

331 3528 408 3586 De
429 3529 621 3587 eodem
647 3548 865 3606 quoque
893 3533 1156 3589 mirilicus
1184 3534 1261 3589 ait
1288 3535 1457 3592 Isaias
1484 3554 1497 3591 :
1537 3555 1555 3588 ι
1586 3535 1684 3592 Hic
1710 3549 1895 3595 nostra

331 3632 557 3693 peccata
589 3624 815 3696 perfert,
840 3633 893 3681 et
919 3641 1017 3696 pro
1048 3627 1209 3682 nobis
1235 3628 1439 3698 patitur
1464 3646 1479 3683 :
1507 3630 1622 3700 ipse
1646 3630 1896 3686 vulnera--

330 3721 420 3768 tus
466 3722 550 3770 est
588 3724 811 3786 propter
853 3717 1166 3788 iniquitates
1213 3730 1451 3783 nostras,
1485 3722 1790 3778 inﬁrmatus
1810 3731 1895 3778 est

327 3814 550 3876 propter
575 3808 780 3865 scelera
807 3819 1015 3881 nostra,
1044 3813 1212 3871 livore
1233 3814 1351 3886 ejus
1374 3815 1548 3872 sanati
1579 3831 1682 3873 nos
1705 3829 1895 3873 omnes

329 3899 533 3956 fuimus
556 3901 621 3957 ³³.
654 3921 673 3955 ι

398 4069 452 4129 3.
494 4070 649 4141 Quod
679 4073 726 4132 si
749 4074 1008 4146 propheta
1032 4076 1099 4133 de
1112 4075 1370 4135 Jechonia
1385 4080 1460 4135 ait
1483 4086 1640 4136 terrae
1673 4099 1685 4136 :
1719 4077 1896 4138 «Pone

327 4163 475 4237 hunc.
507 4166 685 4222 virum
714 4168 1240 4240 proscriptum,quia
1267 4185 1376 4225 non
1406 4182 1588 4243 surget
1609 4173 1676 4228 de
1699 4187 1897 4244 genere

328 4257 450 4329 ejus
478 4259 570 4331 qui
601 4259 787 4316 sedeat
816 4277 980 4333 super
1004 4261 1259 4317 thronum
1307 4261 1547 4328 Davidis,
1600 4272 1897 4337 regnetque

328 4349 386 4407 in
411 4348 612 4411 Juda“
640 4372 653 4409 :
692 4371 711 4407 ι
747 4352 891 4408 haud
920 4369 1146 4425 prorsus
1168 4363 1330 4427 negat
1357 4354 1763 4426 superfuturum
1791 4356 1894 4411 hu-

322 4442 415 4515 jus
460 4460 650 4515 genus,
704 4445 799 4501 sed
841 4447 1107 4503 neminem
1156 4455 1508 4519 regnaturum
1561 4447 1790 4503 allirmat
1829 4448 1897 4504 de

1994 3266 2064 3306 est
2091 3251 2465 3323 γενησομένων
2487 3293 2502 3318 ,
2537 3255 2822 3327 ἀντίψυχόν
2858 3274 2916 3310 τε
2950 3256 3057 3311 τῶν
3081 3256 3437 3329 ἀνθρωπίνων
3458 3258 3555 3327 ψυ-

1995 3343 2105 3415 χῶν
2121 3384 2135 3407 ,
2158 3344 2244 3398 διὰ
2267 3346 2482 3399 πάντων
2499 3346 2605 3400 τῶν
2626 3348 2924 3417 εἰρημένων
2944 3348 3165 3401 διελθεῖν
3187 3349 3281 3403 καί⁵
3302 3349 3402 3414 τὰς
3424 3349 3557 3403 κατά

1995 3436 2101 3489 τῶν
2133 3436 2469 3507 ἁμαρτωλῶν
2492 3439 2584 3490 καί
2612 3439 2820 3491 ἀσεϐῶν
2846 3442 3109 3512 τιμωρίας
3130 3442 3289 3494 αὑτὸν
3315 3443 3557 3514 ἀναμάρ-

1995 3544 2155 3598 τητον
2197 3527 2325 3581 δντα
2366 3529 2683 3599 ὑπομεῖναι,
2722 3531 2795 3593 ώς
2826 3529 2891 3583 ἂν
2930 3530 3239 3603 πληρωθείη
3278 3534 3358 3595 εἰς
3400 3533 3555 3586 αὑτὸν

1995 3618 2062 3671 τὰ
2093 3617 2434 3689 θεσπίσματα
2453 3658 2467 3684 ,
2501 3619 2571 3673 τά
2594 3637 2652 3673 τε
2679 3620 2842 3674 ἄλλα·
2878 3621 2970 3673 καὶ
2999 3622 3062 3675 δι’
3088 3623 3149 3675 ὃν
3177 3640 3338 3694 φησιν
3377 3625 3406 3676 6
3433 3623 3556 3677 θαυ-

1999 3705 2191 3776 μάσιος
2235 3706 2489 3771 Ἠσαῖαςο
2535 3727 2552 3759 ι
2578 3701 2749 3772 Οὗτος
2775 3708 2871 3773 τὰς
2900 3711 3171 3783 ἁμαρτίας
3205 3712 3360 3783 ήμῶν
3394 3712 3554 3783 αἴρει,

1995 3799 2090 3852 καὶ
2115 3798 2238 3870 περὶ
2263 3800 2293 3870 ἡ
2303 3800 2415 3870 μῶν
2440 3800 2688 3854 όδυνᾶται
2706 3818 2719 3831 ·
2743 3802 2903 3864 αὐτὸς
2924 3803 3327 3876 ὲτραυματίσθη
3353 3804 3441 3857 διά
3461 3803 3556 3868 τᾶς

1995 3889 2267 3961 ἁμαρτίας
2300 3890 2456 3961 ὴμῶν
2476 3931 2490 3955 ,
2527 3892 2620 3944 καὶ
2654 3891 3052 3963 μεμαλάκισται
3083 3893 3170 3947 διὰ
3201 3893 3301 3957 τὰς
3332 3894 3556 3965 ἀνομίας

1997 3979 2180 4051 ἡμῶν·
2218 3979 2295 4051 τῷ
2330 3980 2554 4053 μώλωπι
2585 3983 2747 4035 αὐτοῦ
2780 3986 2935 4055 ἡμεῖς
2965 3984 3164 4049 πάντες
3195 3984 3442 4056 ἰάθημεν.
3469 4005 3488 4038 ι

2064 4073 2140 4142 γ’.
2177 4073 2239 4126 Εἰ
2261 4073 2315 4126 δὲ
2343 4072 2488 4142 λέγοι
2515 4076 2542 4128 ὁ
2564 4076 2843 4146 προφήτης
2868 4075 3106 4148 περὶτοῦ
3142 4072 3361 4148 Ἰεχονία
3384 4079 3449 4148 τῇ
3468 4079 3552 4147 γῇ,

2000 4182 2019 4215 ι
2042 4162 2254 4235 Γράψον
2294 4162 2385 4219 τὸν
2424 4165 2589 4236 ἄνδρα
2634 4165 2819 4219 τοῦτον
2859 4168 3224 4239 ὲκκήρυκτον,
3267 4168 3348 4221 ὅτι
3391 4167 3552 4239 οὐιμὴ

1995 4258 2198 4329 ἀναστῇ
2224 4261 2287 4311 ὲκ
2309 4258 2401 4311 τοῦ
2423 4258 2731 4329 σπέρματος
2748 4257 2909 4312 αὐτοῦ
2932 4259 3233 4330 καθήμενος
3255 4261 3348 4312 ὲπί
3371 4260 3552 4330 θρόνου

1996 4350 2177 4415 Δαϐἰδ,
2208 4350 2387 4421 ἄρχων
2412 4349 2490 4403 ἔτι
2516 4353 2573 4404 ὲν
2593 4350 2669 4422 τῷ
2706 4350 2890 4422 Ἰούδᾳ,
2913 4370 2929 4403 ι
2952 4352 3010 4404 οὐ
3034 4352 3246 4416 πάντως
3269 4353 3483 4424 ἀναιρεῖ
3499 4350 3555 4404 τὸ

1999 4441 2289 4513 στήσεσθαι
2329 4440 2490 4495 αὐτοῦ
2536 4442 2789 4514 σπέρμα,
2826 4443 2958 4497 ἀλλά
2989 4441 3081 4497 τοῦ
3121 4444 3431 4514 βασιλεῦσαι
3468 4443 3554 4497 τοῦ

324 4533 496 4605 stirpe
538 4534 659 4606 ejus
702 4535 758 4590 in
788 4549 949 4608 gente
989 4517 1265 4593 Judaica':
1300 4539 1444 4609 quod
1490 4555 1674 4595 revera
1723 4539 1796 4593 ita
1838 4555 1895 4595 se

2009 4534 2272 4587 Ἰουδαίων
2294 4533 2477 4598 ἔθνους
2500 4538 2563 4588 ὲκ
2581 4534 2674 4587 τοῦ
2703 4534 3013 4606 σπέρματος
3034 4534 3195 4588 αὐτοῦ
3211 4554 3223 4566 ’
3249 4535 3277 4588 ὃ
3296 4535 3386 4589 καί
3409 4534 3557 4605 γέγο·

324 4624 536 4681 habuit.
574 4628 763 4698 itaque
790 4628 920 4683 dicit
954 4650 966 4685 :
1008 4650 1026 4682 ι
1059 4630 1317 4686 Ludibrio
1344 4632 1561 4687 habitus
1587 4641 1672 4687 est
1697 4628 1892 4686 Jecho-

2004 4643 2085 4679 νεν
2125 4626 2320 4695 ἀληθές
2348 4643 2361 4657 °
2400 4626 2543 4695 λέγει
2581 4626 2710 4695 γοῦν
2735 4666 2751 4691 ,
2815 4647 2833 4678 ‹
2874 4626 3148 4698 Ἠτιμώθη
3200 4627 3452 4697 Ἰεχονίας
3485 4625 3553 4689 ὡς

322 4718 465 4787 nias,
517 4733 617 4774 ceu
660 4735 757 4776 vas
790 4722 950 4792 cujus
997 4725 1179 4779 nullus
1205 4730 1291 4779 est
1318 4739 1472 4779 usus.
1530 4722 1891 4790 Quamobrem

2004 4716 2190 4790 σκεῦος
2209 4712 2268 4770 οὗ
2291 4719 2388 4771 οὐκ
2412 4717 2555 4771 ἔστιν
2575 4720 2735 4773 αὐτοῦ
2758 4717 2916 4790 χρεία
2932 4760 2945 4784 ,
2960 4719 3092 4772 διότι
3108 4718 3385 4789 ἀπερρίφη
3400 4716 3553 4779 αὐτὸς

323 4810 601 4881 projectus
642 4824 726 4869 est
756 4814 872 4885 ipse
900 4824 953 4870 et
986 4831 1157 4886 genus
1183 4817 1302 4885 ejus
1331 4816 1387 4871 in
1423 4816 1751 4888 incognitam
1791 4816 1893 4872 sibi

322 4902 596 4973 regionem
621 4902 668 4936 ἰ
701 4922 713 4957 :
752 4924 771 4956 ι
809 4906 1006 4975 quibus
1053 4907 1235 4963 verbis
1265 4911 1552 4977 perspicue
1598 4906 1890 4979 Babyloni-

321 5006 441 5047 cam
471 5000 673 5049 terram
698 4993 965 5066 designat.
984 4995 1101 5050 Jam
1119 5013 1248 5053 vero
1270 4998 1362 5068 qui
1389 4997 1455 5052 ad
1480 4998 1779 5053 libertatem
1804 5012 1895 5052 ca-

321 5086 485 5155 ptivis
529 5086 924 5151 nuntiandam,
959 5097 1014 5143 et
1063 5097 1410 5160 peccatorum
1459 5097 1683 5145 catenas
1731 5098 1894 5159 atque

321 5175 627 5232 animarum
655 5178 784 5233 olim
811 5186 986 5234 morte
1006 5179 1376 5235 devinctarum
1401 5181 1656 5237 solvenda
1679 5180 1892 5235 vincula
1942 5197 1954 5209 ’

323 5267 528 5323 missus
552 5268 677 5335 fuit,
710 5270 760 5326 is
790 5285 924 5327 sane
952 5272 1019 5327 ad
1049 5272 1244 5326 horum
1274 5274 1516 5327 omnium
1539 5272 1766 5329 salutem
1798 5284 1893 5351 paj

319 5358 568 5413 trandam
610 5362 778 5417 venit.
844 5362 1023 5429 Quare
1075 5365 1142 5419 de
1176 5365 1295 5434 ipso
1319 5365 1648 5420 vaticinatur
1674 5362 1842 5417 David
1872 5379 1886 5416 :

325 5465 348 5499 ι
385 5446 531 5502 Misit
555 5452 781 5507 verbum
811 5469 974 5509 suum
1021 5463 1076 5509 et
1108 5457 1321 5510 sanavit
1347 5472 1443 5512 eos
1474 5454 1543 5511 ab
1575 5451 1892 5509 interitioni-

319 5539 426 5595 bus
451 5540 587 5596 suis.
621 5544 968 5602 Confitemini
995 5544 1223 5605 Domino
1247 5547 1653 5604 misericordias
1682 5545 1803 5614 ejus
1835 5548 1890 5600 et

1997 4811 2089 4863 καί
2116 4810 2177 4862 τὸ
2204 4810 2426 4882 σπέρμα
2447 4811 2610 4864 αὐτοῦ
2633 4813 2712 4876 εἰς
2737 4814 2839 4885 γῆν
2867 4813 2933 4883 ἥν
2960 4813 3058 4865 οὐκ
3081 4811 3225 4883 ᾔδει·
3253 4830 3271 4862 ι
3304 4810 3552 4880 ἄντικρυς

1994 4902 2092 4971 τὴν
2117 4902 2428 4966 Βαϐυλῶνος
2454 4903 2556 4974 γῆν
2589 4903 2855 4969 θεσπίζων
2876 4923 2887 4937 ·
2920 4904 3055 4976 πλὴν
3077 4903 3189 4958 ἀλλ’
3221 4904 3249 4956 6
3276 4901 3443 4955 ἐλθὼν
3462 4919 3552 4972 κη-

1998 4992 2153 5063 ρύξαι
2201 4992 2562 5065 αἰχμαλώτοις
2601 4994 2824 5064 ἄφεσιν,
2868 4997 2961 5048 καὶ
3007 4994 3105 5057 τὰς
3139 4993 3248 5046 τῶν
3277 4992 3549 5064 ἁμαρτιῶν

1997 5084 2181 5155 σειρὰς
2200 5126 2214 5151 ,
2240 5084 2349 5138 τῶν
2375 5102 2434 5137 τε
2472 5085 2635 5139 πάλαι
2662 5086 2765 5139 ὑπὸ
2794 5087 2884 5139 τὸν
2917 5086 3144 5140 θάνατον
3171 5085 3549 5156 πεπεδημένων

1993 5173 2179 5243 ψυχῶν
2206 5173 2330 5237 τούς
2351 5191 2413 5227 τε
2439 5175 2669 5245 δεσμοὺς
2687 5175 2841 5230 λῦσαι
2870 5176 3275 5247 ἀπεσταλμένος
3295 5218 3310 5243 ,
3346 5176 3439 5229 ἐπὶ
3462 5176 3550 5244 τήν

1997 5266 2212 5319 πάντων
2240 5265 2445 5318 τούτων
2473 5264 2692 5336 ἐλήλυθε
2720 5267 2990 5338 σωτηρίαν
3010 5285 3022 5297 ·
3050 5266 3130 5320 διό
3155 5284 3321 5337 φησιν
3346 5269 3375 5321 6
3396 5263 3550 5319 Δαϐίδ

1997 5357 2124 5426 περὶ
2160 5356 2323 5409 αὑτοῦ
2350 5355 2617 5421 θεσπίζων
2637 5373 2649 5385 ·
2687 5376 2707 5409 ι
2729 5358 3033 5411 Ἀπέστειλε
3060 5358 3152 5412 τὸν
3177 5359 3337 5428 λόγον
3374 5356 3543 5420 αὐτοῦ,

1996 5446 2089 5500 καὶ
2116 5446 2300 5501 ἰάσατο
2327 5448 2522 5512 αὐτοὺς
2547 5448 2611 5502 ἐκ
2629 5448 2737 5501 τῶν
2763 5448 3065 5520 διαφθορῶν
3081 5448 3286 5502 αὐτῶν·
3312 5446 3545 5518 ἐξομολοο

1996 5538 2178 5607 γεῖσθε
2199 5538 2277 5610 τῷ
2302 5539 2490 5611 Κυρίῳ
2519 5539 2588 5594 τά
2618 5540 2742 5611 ὲλέη
2772 5541 2935 5594 αὑτοῦ
2962 5543 3057 5594 καὶ
3087 5540 3363 5612 θαυμάσια
3393 5535 3541 5593 αὐτοῦ

391 5716 437 5748 ⁸ο
456 5711 560 5769 lsa.
593 5734 715 5789 ut,
758 5723 807 5787 ι,
841 5722 973 5780 Luc.
1009 5738 1080 5792 tv,
1124 5724 1206 5785 l8.
1243 5725 1288 5760 "
1329 5725 1430 5784 lsa.
1466 5743 1589 5795 ιον,
1624 5727 1709 5783 l3.
1749 5723 1902 5800 "_Joa

2014 5742 2064 5794 ι,
2096 5724 2185 5780 29.
2222 5726 2268 5760 ⁸³
2291 5723 2396 5782 lsa.
2424 5738 2545 5793 ιιιι,
2569 5722 2622 5780 4.
2678 5722 2849 5781 "Jer.
2889 5740 3031 5792 χχιι,
3064 5723 3151 5783 50.
3212 5723 3258 5759 ’δ
3297 5725 3423 5782 ibid.
3453 5720 3531 5776 28.
