3830 6260
174 317 256 377 9ξί

660 307 1124 389 ρυεετιοιηεε
1163 307 1618 366 EVANGELICE
1657 309 1702 367 Α

1814 308 2237 368 iTEPHANUM.
2276 340 2348 352 --
2384 297 2717 378 quisue
2752 312 2867 370 xu.

3276 310 3382 373 92!

168 443 263 504 τοῖς
282 437 407 499 υίοτς
431 434 534 489 τῶν
565 432 864 506 ἀνθρώπιον
882 451 897 466 ·
933 435 1015 488 ὅτι
1047 433 1330 506 συνέτριψε
1363 432 1534 497 πύλας
1568 432 1698 504 χαλ-

1814 431 2074 489 mirabiliu
2102 432 2224 503 ejus
2247 431 2385 489 ﬁliis
2406 432 2710 489 heminam.
2734 433 2872 502 Quia
2903 436 3163 490 contrivit
3194 436 3382 507 portas

169 535 284 596 πᾶς,
313 528 400 583 καὶ
442 524 666 597 μοχλοὺς
707 525 956 598 σιδηροῦς
985 525 1278 580 συνέκλασε
1298 540 1313 556 θ
1352 525 1445 581 καὶ
1475 514 1701 581 ἀντελά-

168 623 271 678 ϐετο
301 618 471 674 αὐτῶν
498 614 556 682 ἐξ
594 615 713 670 ὁδοῦ
746 616 973 688 ἀνομίας
1000 616 1208 671 αὐτῶν·
1241 616 1700 689 ἐταπεινώθησαν,

167 716 245 771 καί
277 712 527 783 ἐξήγαγεν
558 709 754 773 αὐτοὺς
788 710 852 765 ἐκ
886 710 1111 772 σκότους
1142 710 1235 764 καὶ
1263 711 1419 774 σκιᾶς
1448 708 1699 775 θανάτου,

167 805 246 860 καὶ
272 803 388 865 τοὺς
408 801 634 873 δεσμοὺς
665 800 843 854 αὐτῶν
871 799 1141 874 διέρρηξε.
1177 821 1195 853 ι
1230 800 1413 855 Ταῦτα
1442 800 1550 871 γὰρ
1575 802 1703 872 περὶ

165 899 248 970 τῆς
264 899 324 950 ἐκ
340 894 430 950 τοῦ
453 894 678 948 θανάτου
705 894 792 949 διὰ
811 894 1047 966 Χριστοῦ
1070 893 1365 966 γενομένης
1388 892 1702 965 ἀπολυτρώ-

165 1008 283 1055 σεως
298 989 537 1057 λέγεται,
555 986 631 1052 ὡς
646 988 858 1057 συνᾴδει
879 989 971 1042 καί
990 988 1050 1043 :6
1070 988 1278 1058 φάσκον
1298 987 1492 1056 λόγιον·
1521 1007 1539 1038 ι
1552 988 1702 1040 Κατ-

164 1083 292 1137 ἐπιεν
329 1082 357 1134 6
398 1079 623 1144 θάνατος
664 1080 907 1150 ἰσχύσας.
932 1102 951 1133 ι
986 1083 1097 1136 Καὶ
1121 1082 1314 1136 πάλιν·
1352 1102 1371 1134 ι
1408 1082 1649 1151 Ἀφεῐλεν
1673 1084 1705 1141 6

162 1176 275 1240 θεὸς
297 1174 399 1228 πᾶν
423 1173 651 1244 δάκρυον
676 1173 783 1228 ἀπὸ
815 1175 1015 1239 παντὸς
1032 1175 1341 1247 προσώπου.
1372 1195 1391 1228 ι
1426 1177 1705 1248 Τηρητέον

159 1268 206 1324 δὲ
227 1268 298 1321 ὅτι
321 1265 391 1338 μὴ
409 1265 683 1319 διαπίπτει
703 1268 732 1320 6
755 1267 1000 1339 χρησμὸς
1022 1271 1050 1323 6
1072 1274 1249 1341 φήσας
1268 1310 1282 1335 ,
1318 1288 1338 1322 ι
1362 1271 1437 1325 O6
1469 1271 1542 1343 μὴ
1569 1272 1700 1326 ἀνα-

160 1362 242 1432 στῇ
283 1361 343 1413 ὲκ
384 1359 695 1430 σπέρματος
752 1359 1000 1430 Ἰεχονίου
1047 1360 1353 1433 καθήμενος
1388 1363 1481 1416 ἐπὶ
1513 1363 1700 1435 θρόνου

157 1451 313 1515 dum,
339 1450 517 1521 ἄρχων
546 1449 629 1503 ἔτι
652 1451 710 1504 ὲν
735 1449 814 1521 τῷ
860 1451 1027 1522 Ἰούδᾳ
1044 1468 1061 1484 ο
1088 1472 1106 1503 ι
1141 1454 1263 1506 ἐπεὶ
1296 1452 1484 1524 μηδεὶς
1512 1455 1577 1508 ὲκ
1602 1454 1702 1525 τῆς

156 1541 237 1603 τοῦ
272 1541 431 1596 Ἰούδα
462 1532 636 1613 φυλῆς
667 1543 804 1614 μετά
839 1544 1091 1615 Ἰεχονίαν
1113 1546 1212 1617 τῆς
1236 1545 1330 1598 τοῦ
1362 1545 1525 1599 Δαὸὶδ
1551 1545 1703 1616 βασι-

156 1634 283 1698 λείας
305 1635 533 1706 κατέστη
566 1634 805 1706 διάδοχος
827 1655 839 1667 ι
870 1638 1007 1707 μετά
1036 1637 1167 1706 γοῦν
1194 1638 1293 1708 τὴν
1322 1638 1429 1693 ἀπὸ
1448 1638 1702 1692 Βαϐυλῶο

154 1744 228 1791 νος
262 1726 665 1798 αἰχμαλωσίαν,
709 1729 813 1782 ὑπὸ
850 1733 965 1794 τοῖς
996 1731 1311 1804 ἀρχιερεῦσι
1341 1731 1609 1786 διετέλεσε
1639 1733 1701 1786 τὸ

154 1820 245 1871 πᾶν
263 1818 405 1883 ἔθνος
423 1820 725 1893 ἀρχόμενον
753 1821 913 1893 μέχρι
933 1823 1033 1893 τῆς
1051 1822 1145 1876 τοῦ
1164 1823 1413 1894 Σωτῆρος
1433 1822 1587 1895 ήμῶν
1603 1825 1703 1895 Ἰητ

154 1910 233 1963 σοῦ
249 1911 473 1980 Χριστοῦ
492 1914 819 1985 παρουσίας·
837 1910 975 1985 ἦσαν
999 1913 1128 1982 γοῦν
1157 1915 1275 1968 κατ’
1290 1914 1452 1967 αὐτὸν
1469 1914 1701 1985 τετράρ-

149 2020 226 2079 χαι
254 2003 300 2056 οἰ
331 2005 457 2075 περὶ
490 2004 588 2058 τὸν
628 2004 872 2077 Ἡρώδην
909 2007 1002 2060 καὶ
1037 2006 1300 2060 Φίλιππον
1320 2047 1333 2071 ,
1381 2005 1603 2078 ἡγεμών
1641 2023 1701 2058 τε

149 2095 351 2160 litum;
372 2136 386 2160 ,
423 2097 519 2151 καὶ
550 2098 644 2152 ἐπὶ
669 2100 803 2153 πᾶσι
842 2099 1114 2170 βασιλεύς.

858 2232 960 2291 ΙΔ’.

146 2347 232 2420 Διά
255 2347 306 2420 τί
326 2346 453 2420 ταῖς
481 2348 558 2402 ἐν
581 2345 657 2420 τῇ
674 2349 1024 2420 τενεαλογίᾳ
1044 2348 1322 2420 κέχρηται
1343 2351 1695 2405 ὐποδιαστο·

203 2418 344 2490 ᾀαῖς,
384 2417 470 2490 μὴ
515 2418 671 2490 ὁμοῦ
705 2417 990 2490 συνάψας
1020 2417 1159 2475 dxi)"
1185 2422 1428 2490 Ἀϐραὰμ
1462 2421 1561 2475 ἐπὶ
1592 2422 1699 2475 τὸν

203 2488 447 2559 Χριστὸν
474 2488 689 2559 γενεὰς
724 2488 1179 2559 τεσσαράκοντα
1218 2491 1346 2552 δύο,
1384 2488 1601 2545 διελὼν
1631 2492 1699 2545 δὲ

202 2557 299 2623 τὰς
324 2556 616 2627 διαδοχὰς
643 2561 770 2614 καθ’
800 2556 1164 2626 οὒςίέξέθετο
1195 2562 1581 2631 ἀφορισμούς.

211 2649 303 2703 Διά
337 2648 433 2714 τὰς
471 2650 767 2722 διαφόρους
806 2653 1173 2715 καταστάσεις
1207 2652 1301 2706 τοῦ
1336 2652 1466 2706 λαοῦ
1495 2653 1593 2716 τὰς
1633 2655 1697 2706 ὲκ

142 2739 230 2809 τῆς
264 2741 500 2813 ἱστορίας
531 2742 964 2814 ’παρισταμένας⁸
1000 2742 1131 2815 ἄλλη
1167 2745 1262 2814 μὲν
1293 2745 1400 2815 γὰρ
1430 2740 1500 2815 ἦν
1530 2746 1563 2817 ή
1591 2746 1699 2799 ἀπὸ

156 2831 384 2906 Ἀϐραὰμ
430 2835 529 2889 καὶ
582 2835 674 2888 ἐπὶ
719 2834 901 2900 Δαόὶδ,
952 2834 1047 2887 καὶ
1100 2836 1262 2889 πάλιν
1310 2837 1473 2908 ἑτέρα
1514 2840 1546 2909 ἡ
1592 2837 1698 2892 ἀπὸ

145 2924 305 2985 Δασιδ.
329 2926 427 2997 ἥτε
466 2927 634 2998 μέχρι
661 2925 759 2997 τῆς
791 2925 1186 2996 αἰχμαλωσίας,
1216 2929 1292 2993 ὡς
1321 2928 1482 2983 πάλιν
1520 2932 1553 3000 ἡ
1591 2928 1699 2981 ἀπὸ

141 3014 323 3087 ταύτης
344 3017 509 3090 μέχρι
536 3017 635 3072 τοῦ
655 3019 697 3070 Χ
707 3017 907 3089 ριστοῦ’
938 3017 1045 3071 ἀπὸ
1074 3020 1171 3090 μὲν
1194 3019 1304 3091 γάρ
1338 3020 1585 3091 Ἀϐραὰμ
1606 3021 1698 3074 ἐπὶ

141 3106 395 3207 tino-M6?
422 3109 484 3162 οὔ
518 3109 802 3179 φαίνονται
828 3110 932 3164 ὑπὸ
953 3109 1204 3179 βασιλέας
1233 3110 1694 3183 πολιτευσάμενοι·
1728 3150 1769 3207 C

140 3191 292 3268 ἦρξαν
334 3198 393 3252 δὲ
435 3199 532 3253 τοῦ
571 3199 754 3265 ἔθνους
803 3200 940 3271 μετά
981 3201 1223 3255 Μωῡσέα
1268 3201 1361 3254 καὶ
1410 3200 1613 3273 Ἰησοῦν
1651 3204 1699 3256 οἱ

138 3289 505 3360 ἐπικληθέντες
541 3294 672 3363 παρ’
704 3292 889 3355 αὐτοῖς
937 3292 1151 3364 κριταί’
1187 3292 1281 3345 καὶ
1323 3288 1391 3364 ἦν
1438 3309 1522 3356 τις
1572 3292 1702 3357 ἰδιος

138 3380 318 3452 τρόπος
343 3383 444 3453 τῆς
475 3386 689 3438 τούτων
728 3383 1108 3447 καταϐάσεως
1144 3382 1256 3436 ἀλλ’
1288 3384 1410 3437 οὐδὲ
1436 3384 1504 3438 τὰ
1538 3384 1699 3456 Ἰερο-

138 3468 329 3542 σόλυμά
367 3489 490 3537 πως
533 3474 899 3544 συνειστήκει,
931 3472 1053 3526 οὐδὲ
1085 3489 1150 3541 γε
1183 3474 1212 3525 6
1244 3475 1300 3526 ὲν
1331 3475 1512 3538 αὐτοῖς
1543 3474 1699 3539 νεώς·

136 3559 304 3632 διόπερ
335 3563 724 3635 ἐπιστημόνως
748 3565 776 3617 6
807 3562 1195 3634 εὑαγγελιστὴς
1229 3563 1303 3635 μὴ
1336 3564 1578 3635 συγχέων
1606 3562 1704 3635 τὴν

135 3652 379 3724 ἰστορίαν,
412 3653 582 3727 μέχρι
616 3653 778 3707 Δαϐἰδ
807 3653 958 3723 ἔστη,
993 3653 1119 3717 τοὺς
1142 3653 1250 3706 ἀπὸ
1288 3653 1539 3725 Ἀὁραὰμ
1561 3653 1707 3716 ἰδίως

134 3746 540 3818 καταριθμήσας
568 3763 583 3777 ο
617 3742 716 3799 εἶτ’
747 3742 839 3801 οὖν
874 3746 1035 3799 πάλιν
1076 3744 1369 3817 ἐπειδήπερ
1399 3745 1508 3798 ἀπὸ
1543 3744 1706 3799 Δαὸὶδ

132 3838 216 3890 καί
244 3839 401 3912 μέχρι
435 3840 546 3911 τῆς
566 3837 959 3910 ἀἰχμαλωσίας
989 3838 1209 3902 οἰκείοις
1232 3837 1523 3908 κέχρηνται
1553 3836 1707 3907 βασι-

132 3927 285 3995 λεῦσι,
314 3934 428 3996 τοῖς
447 3948 511 3985 τε
527 3931 641 3986 ἀπὸ
663 3929 825 3983 Δαϐἰδ
849 3928 1041 4001 ἄρξασι
1061 3922 1283 3992 καὶτοῖς
1315 3931 1372 3982 ὲν
1390 3930 1456 4000 τῇ
1489 3928 1709 3982 διαστά-

132 4037 205 4076 σει
233 4022 326 4077 τοῦ
374 4022 513 4078 λαοῦ
567 4021 909 4093 γενομένοις·
951 4022 1009 4075 τό
1053 4038 1111 4073 τε
1157 4022 1214 4074 ὲν
1253 4023 1319 4091 τῇ
1358 4016 1708 4091 Ἰερουσαλὴμ

133 4112 262 4185 ἱερὸν
290 4116 352 4180 ἐξ
390 4115 610 4169 ἐκείνου
644 4113 736 4168 καὶ
767 4113 927 4185 μέχρι
963 4115 1064 4184 τῆς
1090 4104 1462 4182 αἰχμαλωσίας
1495 4111 1709 4183 διήρκε-

130 4220 230 4271 σεν,
269 4209 503 4272 εἰκότως
536 4207 632 4259 καὶ
663 4205 881 4269 τούτους
914 4204 1076 4259 πάλιν
1116 4204 1260 4269 ἰδίως
1295 4204 1581 4275 ἀφορίσας,
1618 4203 1723 4273 6'9"

129 4296 216 4352 ἕνα
240 4301 557 4372 συνήγαγεν
584 4297 813 4370 ἀριθμόν
832 4315 846 4329 ·
880 4297 1068 4369 ὧσπερ
1095 4293 1188 4351 οὖν
1212 4297 1308 4350 καὶ
1335 4298 1461 4360 τοὺς
1486 4296 1592 4349 ἀπὸ
1612 4299 1709 4368 τῆς

129 4393 505 4463 αἰχμαλωσίας
541 4393 702 4465 μέχρι
726 4390 820 4444 τοῦ
842 4389 1101 4463 Χριστοῦ,
1131 4392 1261 4462 παρ’
1289 4384 1370 4454 οἷς
1401 4390 1584 4444 οὐκέτι
1611 4389 1709 4461 μὲν

1802 539 1995 588 aereas,
2023 532 2286 581 etvectes
2327 524 2538 581 ferreos
2577 525 2870 598 confregit.
2923 526 2990 582 Et
3018 529 3259 598 suscepit
3287 544 3384 587 eos

1803 617 1871 675 de
1901 617 1987 674 via
2013 618 2321 689 iniquitatis
2341 633 2554 674 eorum.
2584 616 2869 674 Humiliati
2903 626 3033 674 sunt
3078 635 3092 673 :
3129 620 3225 675 sed
3247 618 3385 675 edu+

1802 708 1883 764 xit
1908 723 2003 765 eos
2027 708 2095 764 de
2123 710 2367 765 tenebris
2395 716 2448 765 et
2478 710 2671 765 umbra
2698 711 2894 764 mortis
2911 750 2927 777 ,
2967 717 3022 765 et
3047 708 3262 764 vincula
3288 725 3387 765 eo-

1803 815 1923 856 rum
1950 799 2188 869 disrupit
2214 800 2282 857 ".
2319 819 2340 853 ι
2388 799 2516 855 Haec
2555 800 2818 855 nimirum
2848 799 2916 856 de
2953 800 3324 870 redemptione
3351 813 3385 856 ι

1802 899 1978 947 morte
2026 907 2124 962 per
2170 890 2450 947 Christum
2497 891 2790 961 dicuntur;
2842 892 2930 948 cui
2982 894 3062 948 rei
3116 898 3384 948 consonat

1804 982 1949 1038 aliud
1977 983 2258 1039 oraculum
2289 1002 2304 1039 :
2341 1002 2361 1035 ι
2399 981 2691 1039 Devoravit
2734 999 2885 1040 mors
2926 984 3229 1054 praevalens
3259 983 3325 1039 ".
3357 1001 3379 1036 ι

1802 1072 2127 1146 Rursusque
2164 1094 2179 1130 :
2221 1093 2240 1126 ι
2276 1074 2519 1130 Abstulit
2545 1074 2689 1130 Deus
2717 1089 2934 1129 omnem
2966 1075 3262 1147 lacrymam
3312 1074 3383 1129 ab

1802 1166 1949 1225 omni
2001 1166 2138 1221 facie
2165 1166 2233 1222 ⁸⁷.
2270 1184 2290 1218 ι
2326 1164 2497 1221 Porro
2537 1165 3080 1221 animadvertendum
3125 1172 3239 1228 est,
3272 1179 3383 1220 non

1802 1257 2056 1312 excidere
2088 1257 2407 1311 vaticinium
2442 1256 2588 1327 quod
2618 1256 2693 1310 ait
2721 1274 2734 1310 :
2776 1275 2795 1307 ι
2830 1254 2950 1311 Non
2983 1261 3170 1327 surget
3199 1254 3266 1311 de
3292 1271 3386 1327 god

1802 1364 1934 1406 nere
1972 1348 2254 1405 Jecboniae
2284 1349 2380 1420 qui
2414 1350 2601 1405 sedeat
2633 1364 2801 1419 super
2834 1349 3091 1404 thronum
3137 1347 3383 1413 Davidis,

1802 1445 1894 1516 qui
1925 1444 2157 1499 ulterius
2186 1445 2243 1499 in
2271 1443 2412 1499 Juda
2468 1444 2699 1514 imperet
2729 1462 2742 1497 :
2787 1463 2807 1497 ι
2837 1443 3161 1514 quianemo
3194 1457 3385 1513 reapse

1802 1536 1871 1592 de
1911 1535 2059 1590 tribu
2090 1533 2243 1591 Judte
2273 1542 2398 1607 post
2442 1532 2765 1591 Jecboniam
2794 1533 3037 1589 Davidici
3080 1533 3235 1604 regni
3281 1532 3384 1587 fuit

1804 1640 2113 1683 successor.
2162 1625 2379 1682 Etenim
2421 1634 2547 1697 post
2595 1624 2982 1698 Babylonicum
3014 1624 3383 1695 captivitatem

1804 1719 2021 1774 subdita
2062 1718 2164 1775 fuit
2204 1718 2554 1790 pontificibus
2601 1719 2858 1774 universa
2908 1732 3046 1787 gens
3087 1730 3265 1786 usque
3312 1713 3381 1768 ad

1804 1807 2119 1867 Servatoris
2152 1810 2330 1866 nostri
2360 1809 2491 1866 Jesu
2535 1809 2742 1866 Christi
2788 1810 3081 1864 adventum
3123 1824 3140 1865 :
3191 1821 3300 1878 quo
3325 1806 3383 1861 in

1805 1901 1975 1955 terris.
1989 1908 2262 1964 versante,
2293 1899 2582 1977 tetrarchae
2605 1907 2763 1957 erant
2790 1898 3033 1954 Herodes
3062 1906 3226 1969 atque
3255 1897 3384 1952 Phi-

1803 1994 2004 2063 lippus,
2032 2007 2239 2063 prteses
2267 1991 2501 2059 Pilatus,
2530 1992 2897 2063 dominusque
2927 1990 3175 2047 omnium
3197 1990 3386 2049 Caesar

1801 2086 1874 2140 im
1881 2096 2117 2157 perator.

2543 2219 2611 2275 Xl

1800 2330 1910 2388 Cur
1938 2334 2253 2406 evangelista
2285 2344 2468 2389 utatur
2491 2335 2921 2391 distinctionibus
2967 2337 3022 2389 in
3057 2334 3389 2406 genealogia,‘

1869 2403 2012 2456 haud
2056 2403 2219 2458 simul
2264 2415 2544 2459 contexens
2594 2408 2956 2474 generationes
2990 2403 3383 2460 ab'AbraItamo

1870 2474 1939 2527 ad
1971 2474 2241 2529 Christum
2282 2476 2644 2546 quadraginta
2675 2476 2832 2541 duas,
2874 2475 2964 2529 sed
2996 2476 3237 2531 dividens
3259 2490 3381 2529 suc-

1869 2546 2128 2599 cessiones
2152 2561 2246 2614 per
2269 2561 2330 2600 ea
2355 2561 2472 2615 qua:
2501 2546 2686 2599 scribit
2712 2556 2999 2616 segmenta.

1868 2635 1986 2692 Hoc
2025 2634 2157 2691 facit
2198 2645 2421 2707 propter
2442 2636 2689 2693 diversas
2717 2639 2900 2709 populi
2935 2636 3380 2701 constitutiones,

1797 2743 1920 2800 qua:
1964 2743 2033 2783 ex
2081 2728 2312 2784 historia
2355 2729 2650 2800 exploratae
2679 2738 2828 2784 sunt.
2888 2730 3011 2784 Alia
3053 2730 3254 2801 quippe
3281 2728 3386 2785 fuit

1798 2821 2116 2876 constitutio
2163 2821 2232 2875 ab
2274 2822 2586 2876 Ahrahamo
2627 2821 2696 2875 ad
2744 2820 3039 2887 Davidem,
3078 2836 3386 2891 rursusque

1799 2913 1904 2968 alia
1938 2926 1970 2966 a
2001 2911 2205 2967 Davide
2237 2927 2413 2982 usque
2438 2913 2505 2966 ad
2542 2912 2950 2982 captivitatem;
2983 2927 3146 2983 quam
3192 2912 3386 2968 subse-

1799 3004 1985 3075 quitur
2019 3005 2179 3058 tertia
2204 3019 2378 3074 usque
2410 3003 2477 3058 ad
2504 3003 2807 3059 Christum.
2840 3002 3084 3074 Namque
3110 3003 3178 3058 ab
3205 3003 3385 3059 Abra-

1801 3095 1963 3149 hamo
2001 3094 2070 3149 ad
2122 3092 2379 3148 Davidem
2412 3101 2630 3148 constat
2663 3091 2903 3148 Hebraeis
2954 3109 3063 3148 non
3102 3092 3272 3149 fuisse
3298 3108 3388 3148 re-

1804 3207 1920 3264 ges,
1954 3190 2051 3247 sed
2078 3190 2224 3261 genti
2253 3198 2377 3260 post
2404 3188 2643 3260 Moysem
2677 3197 2732 3244 et
2758 3187 2981 3244 Josuam
3028 3187 3389 3259 imperavisse

1802 3300 1919 3349 eos,
1971 3299 2111 3354 quos
2147 3283 2365 3353 judices
2409 3282 2792 3351 appellabant:
2823 3288 2877 3337 et
2900 3287 3019 3336 crat
3045 3281 3266 3352 quidam
3293 3296 3390 3351 pe-

1802 3376 2027 3431 cuiiaris
2069 3389 2192 3429 mos
2222 3374 2417 3427 horum
2466 3372 2864 3429 successionis.
2926 3369 3033 3425 Sed
3062 3384 3240 3441 neque
3274 3367 3390 3423 for;

1804 3475 1951 3523 tasse
2002 3464 2381 3536 Hierosolyma
2435 3464 2615 3519 adhuc
2661 3469 2819 3519 erant
2862 3461 3150 3526 aediﬁcata,
3210 3474 3389 3529 neque

1803 3567 1951 3616 certe
1983 3558 2187 3614 ibidem
2218 3558 2504 3627 templum.
2537 3555 2718 3622 Quare
2754 3556 3031 3625 sapienter
3054 3554 3389 3624 evangelista

1803 3654 1924 3710 sine
1938 3651 2183 3707 historiae
2210 3652 2621 3722 perturbatione
2649 3651 2706 3704 in
2736 3648 2941 3704 Davide
2972 3648 3386 3715 substitit,dum

1803 3744 2099 3800 Abrahami
2154 3751 2407 3814 posteros
2432 3742 2725 3813 separatim
2756 3748 3123 3796 enumeraret.
3182 3739 3388 3795 Deinde

1805 3852 2021 3903 rursus,
2064 3835 2323 3908 quoniam
2365 3849 2397 3888 a
2444 3833 2647 3891 Davide
2678 3849 2853 3906 usque
2895 3832 2962 3887 ad
3008 3822 3382 3902 captivitatem

1806 3930 2018 3987 Hebraei
2067 3931 2304 4001 propriis
2352 3930 2437 3985 usi
2482 3936 2610 3985 sunt
2640 3928 2881 4000 regibus,
2933 3927 3131 3997 partim
3161 3924 3387 3980 Davidis

1808 4021 2245 4085 successoribus,
2265 4021 2462 4092 partim
2494 4020 2562 4076 iis
2585 4019 2678 4090 qui
2707 4017 2894 4089 populi
2922 4024 3215 4087 scgregatae
3240 4014 3384 4085 parti

1808 4116 2290 4186 imperitaverunt;
2339 4128 2449 4184 quo
2480 4120 2659 4168 tractu
2696 4110 2963 4181 temporis
2993 4105 3389 4178 Hierosolymis

1808 4209 2067 4280 templum
2098 4223 2130 4261 a
2156 4206 2383 4263 conditu
2422 4220 2523 4261 suo
2553 4220 2729 4276 usque
2769 4201 2837 4258 ad
2867 4201 3236 4273 captivitatem
3268 4212 3390 4269 per-

1810 4301 2112 4368 severavit;
2148 4301 2345 4357 merito
2386 4299 2719 4371 evangelista
2748 4297 2850 4353 hos
2878 4310 3095 4368 quoque
3126 4307 3389 4364 separans

1811 4392 1915 4449 sub
1939 4391 2199 4462 peculiari
2232 4391 2411 4445 classe
2438 4388 2730 4443 conclusit.
2790 4384 2909 4440 Jam
2937 4399 3064 4439 vero
3104 4383 3231 4452 quia
3263 4387 3388 4451 post

125 4485 156 4555 ή
188 4486 278 4540 τοῦ
323 4486 495 4542 Δαϐὶδ
541 4485 768 4557 συνέστη
813 4483 1074 4554 βασιλεία,
1111 4482 1605 4555 ps:a1:e1::tbxst6e
1640 4480 1703 4535 τὰ

1814 4486 2176 4559 captivitatem
2212 4499 2388 4555 usque
2436 4482 2504 4537 ad
2545 4480 2829 4537 Christum
2869 4478 3078 4532 nullum
3127 4476 3241 4546 jam
3270 4484 3390 4530 erat

125 4574 216 4646 τῆς
235 4578 549 4649 ἡγεμονίας
584 4574 693 4629 ἀπὺ
730 4574 829 4644 τῆς
853 4573 948 4626 τοῦ
982 4572 1152 4627 Ἰούδα
1178 4572 1350 4643 φυλῆς
1381 4573 1474 4626 ἐπὶ
1507 4573 1568 4625 :6
1598 4571 1708 4626 τῶν

126 4666 308 4738 ἱερέων
330 4670 519 4739 γένος,
552 4667 600 4720 οἳ
628 4664 692 4737 δὴ
731 4664 823 4717 καὶ
851 4660 1024 4736 ἦρξαν
1052 4662 1230 4717 αὐτῶν
1258 4662 1366 4717 ἀπὸ
1393 4661 1500 4715 τῶν
1524 4661 1707 4732 Κύρου

122 4759 323 4831 χρόνων
357 4763 460 4816 καὶ
508 4762 601 4814 ὲπί
642 4762 741 4833 τὴν
782 4761 876 4814 τοῦ
910 4757 1146 4830 Χριστοῦ
1186 4757 1432 4825 γένεσιν
1463 4755 1583 4809 ὅθεν
1616 4756 1710 4808 καὶ

123 4854 337 4921 τούτους
366 4857 521 4920 ἰδίως
546 4856 830 4928 ἀφορίσας,
856 4853 973 4907 καθ’
999 4853 1224 4914 ἑαυτοὺς
1249 4849 1549 4921 ἠρίθμησεν
1569 4864 1582 4880 ο
1607 4849 1708 4903 οὐκ

121 4949 531 5021 ἀσυλλογίστως
565 4950 671 5022 ἄρα
701 4948 799 5013 τὰς
825 4950 974 5019 τρεῖς
1001 4945 1293 5017 πεποίηται
1315 4941 1595 5006 διαστολὰς
1621 4942 1710 4996 διὰ

122 5042 216 5107 τὰς
246 5043 621 5107 ἀποδοθείσας
648 5042 845 5106 αἰτίας.

874 5175 976 5229 ῙΒ’,

113 5289 214 5345 Διὰ
244 5292 306 5346 τί
332 5290 464 5348 ἀπὸ
523 5290 641 5343 τῶν
671 5289 848 5344 Δασίδ
894 5288 1127 5358 χρόνων
1157 5286 1255 5340 ἐπὶ
1295 5284 1598 5358 Ἰεχονίαν,
1619 5283 1717 5358 atat

186 5363 304 5430 τὴν·
340 5367 434 5427 εἰς
470 5358 807 5430 Βαϐυλῶνα
833 5354 1251 5427 αὶῇξμανίωσίαν
1282 5356 1429 5430 {rm}
1451 5355 1546 5408 καὶ
1571 5354 1717 5407 δέκα

179 5423 729 5496 βασιλευσάντων,
772 5423 1216 5495 δεκαὲἐσσαριις
1260 5423 1416 5481 εἷναί
1455 5440 1602 5496 φησι
1629 5440 1716 5492 γε·

186 5504 333 5571 νεὰς
366 5506 401 5557 ό
434 5499 895 5571 εὐαγγελιστής.

186 5593 257 5649 α’.
288 5596 358 5650 Εἰ
393 5593 505 5669 μὲν
555 5591 800 5663 διαδοχὰς
840 5590 1173 5663 ἀναγράφειν
1207 5587 1352 5659 αύτῷ
1402 5587 1692 5659 προῦκειτο

1813 4575 2034 4631 Davidis
2061 4590 2313 4644 regnum,
2373 4572 2467 4628 sed
2501 4586 2531 4624 a
2557 4570 2712 4624 Judte
2742 4568 2890 4622 tribu
2922 4567 2977 4621 in
3011 4581 3181 4637 genus
3209 4578 3393 4620 sacer-

1813 4667 1994 4723 dotale
2024 4665 2367 4736 principatus
2394 4663 2692 4726 deciderat,
2719 4675 2840 4732 qute
2865 4659 3167 4715 dominatio
3197 4672 3228 4712 a
3261 4656 3393 4726 Cyri

1814 4760 2153 4830 temporibus
2185 4759 2251 4814 ad
2280 4758 2487 4813 Christi
2519 4755 2863 4812 nativitatem
2892 4752 3121 4819 mansit;
3184 4751 3394 4806 idcirco

1814 4860 1870 4908 et
1899 4852 2000 4907 hos
2023 4865 2373 4907 successores
2403 4858 2654 4920 separata
2686 4848 2743 4902 in
2776 4846 2952 4901 classe
2975 4843 3266 4900 recensuit.
3298 4842 3396 4896 At-

1816 4960 1922 5017 que
1969 4943 2052 4998 bae
2101 4958 2281 4998 causa:
2325 4941 2566 5005 fuerunt,
2597 4947 2822 5011 propter
2863 4953 3001 5009 quas
3025 4934 3169 4991 haud
3194 4942 3396 4991 temere

1814 5035 2148 5109 evangelista
2173 5043 2284 5091 tres
2317 5033 2445 5090 fecit
2479 5034 2887 5089 distinctiones.

2544 5166 2661 5223 XII.

1815 5279 1927 5340 Cur
1955 5299 2076 5338 cum
2107 5301 2141 5339 a
2172 5279 2391 5337 Dauidis
2425 5280 2743 5348 temporibus
2773 5293 2933 5349 usque
2975 5275 3045 5330 ad
3081 5274 3395 5349 Jechoniam

1888 5372 1979 5410 seu
2010 5355 2078 5407 ad
2108 5354 2492 5425 Babylonicum
2524 5346 3273 5425 captivitatemseptemdecim
3306 5360 3393 5398 re-

1889 5442 1976 5496 ges
2009 5416 2245 5495 fuerint:
2261 5416 2617 5494 generationes
2647 5416 3041 5491 quatuordecim
3065 5417 3208 5470 dicat
3237 5431 3394 5469 evan-

1923 5496 2100 5551 elista.

1923 5513 2100 5551 eusta.

1889 5513 1946 5644 ἵ.
1988 5586 2046 5642 Si
2079 5585 2459 5644 successiones
2502 5581 2744 5642 scribere
2777 5579 3115 5653 propositum
3143 5576 3396 5636 Mattbao

192 5800 239 5831 "
283 5798 437 5856 Psal.
479 5794 939 5863 «1,20,21,14,
981 5794 1043 5850 16
1084 5793 1161 5849 Π.
1240 5792 1284 5827 ⁸⁸
1322 5793 1425 5871 Isa.
1469 5807 1591 5857 xxv,
1627 5789 1673 5843 8.
1753 5788 1796 5821 ⁸⁷
1842 5787 1969 5844 ibid.
