3830 6260
1058 299 1325 358 EUSEBII
1359 301 1842 359 CESARIENSIS
1878 302 2029 360 OPP.
2073 303 2253 360 PARS
2293 303 2377 360 Ill.
2412 335 2481 345 —-
2514 301 2924 361 EXEGETICA.

3535 299 3636 356 οτι

397 418 591 475 fuisset
612 456 628 480 ,
673 415 921 485 speciose
960 412 1112 467 hunc
1157 412 1358 483 aliquis
1388 413 1846 483 reprehenderet,
1872 431 1972 471 ceu

2091 419 2168 471 ta‘t
2198 417 2435 486 εὐλόγως
2466 435 2551 483 τις
2579 417 2863 489 ἐμέμψατο
2894 416 2970 479 ὡς
2999 412 3391 485 παρεκθεμένῳ
3422 413 3517 485 τὴν
3537 415 3640 469 τῶν

394 512 489 584 qui
524 524 710 582 regum
742 508 938 564 seriem
972 505 1305 577 abrupisset.
1358 506 1648 562 Constanti
1690 507 1838 563 enim
1895 509 1975 566 ιι·-

398 602 705 660 llrmatione
735 600 789 654 in
808 597 1016 672 Regum
1046 598 1206 656 libris
1236 610 1289 655 et
1314 600 1367 655 in
1396 598 1828 670 Paralipomenis
1854 610 1976 672 post

394 692 676 751 Joramum
694 690 978 762 Josapbati
1010 692 1181 747 ﬁlium
1212 699 1326 748 tres
1350 692 1696 748 continenter
1724 701 1974 763 regnant,

395 783 704 849 chozias,
749 781 950 840 Joasus
997 791 1053 838 et
1090 783 1341 840 Amesias
1380 802 1396 839 :
1431 784 1632 856 quibus
1680 786 1981 841 succedunt

398 874 580 937 Ozias,
610 871 933 929 Joathamus
960 881 1015 929 et
1042 872 1315 929 Achazus.
1352 871 1740 937 Nihilominus,
1760 882 1981 943 praeter-

398 967 586 1022 missis
646 965 981 1036 evangelista
1038 965 1213 1020 tribus
1245 964 1540 1035 prioribus,
1575 962 1797 1020 Joramo
1819 963 1979 1020 Josa-

400 1055 552 1128 pbati
589 1055 699 1111 [illo
720 1057 904 1111 statim
935 1055 1210 1112 subnectit
1237 1055 1445 1122 Oxiam,
1473 1055 1787 1112 Jothamum
1819 1067 1980 1128 atque

399 1146 702 1213 Achazum,
747 1147 1105 1202 intermedios
1135 1147 1256 1202 illos
1294 1149 1634 1218 praeteriens.
1693 1146 1750 1202 ld
1782 1148 1867 1213 si,
1897 1149 1982 1203 in~

400 1252 589 1310 quam,
616 1236 835 1293 fecisset
867 1252 992 1292 eum
1026 1252 1213 1307 regum
1248 1237 1447 1293 seriem
1481 1244 1666 1293 texere
1707 1236 1982 1295 decrevis-

403 1336 509 1394 set,
559 1328 833 1399 scriptura
873 1329 994 1399 ejus
1021 1326 1281 1383 mendosa
1323 1328 1727 1399 quodammodo
1771 1328 1980 1386 videre-

407 1436 518 1484 tur.
554 1418 711 1476 Nunc
739 1435 928 1475 revera
953 1418 1098 1473 haud
1128 1420 1519 1477 successiones
1549 1419 1644 1475 secl
1677 1422 1982 1491 generatio-

405 1526 506 1569 nes
533 1525 858 1567 enumerare
885 1510 989 1566 sibi
1025 1511 1311 1581 proposuit
1347 1529 1361 1566 :
1395 1510 1499 1566 hoc
1535 1511 1682 1566 enim
1712 1512 1985 1583 signiﬁcat

406 1615 590 1659 sertno
615 1601 852 1657 dicentis
892 1620 906 1655 :
959 1619 977 1652 ι
1014 1600 1216 1656 Omnes
1260 1601 1446 1672 itaque
1497 1605 1879 1673 generationes
1914 1605 1985 1660 ab

403 1687 718 1746 Abrahamo
747 1704 922 1759 usque
949 1688 1019 1743 ad
1061 1688 1322 1746 Davidem
1343 1728 1360 1755 ,
1406 1692 1787 1759 generationes
1839 1708 1973 1763 qua-

2078 509 2341 581 βασιλέων
2359 510 2609 581 διαδοχήν
2631 527 2645 540 ·
2671 512 2728 561 ὲν
2747 509 2856 580 γάρ
2873 512 2994 571 ταῖς
3008 506 3315 570 Βασιλείαις
3337 505 3430 559 καὶ
3452 507 3509 558 ὲν
3532 507 3639 569 τοῖς

2079 600 2571 671 Παραλειπομένοις
2590 598 2724 670 (17⁸)
2743 597 3042 669 συμφώνως
3061 596 3197 668 μετὰ
3221 596 3424 667 Ἰωρὰμ
3443 595 3534 648 τὸν
3549 595 3640 649 τοῦ

2090 692 2377 761 Ἰωσαφὰτ,
2410 691 2577 763 τριῶν
2617 690 2812 761 ἑφεξῆς
2845 689 3278 760 βασιλευσάντων
3319 686 3531 759 ὐχοζία
3555 689 3644 741 καὶ

2091 784 2238 849 Ἰωὰς
2257 786 2352 839 καὶ
2385 784 2630 854 Ἀμεσία,
2647 779 2764 836 εἶτα
2784 786 2898 855 μετ’
2914 783 3106 846 αὐτοὺς
3131 780 3283 845 Ὀζία
3297 782 3392 834 καὶ
3420 780 3644 851 Ἰωάθαμ

2080 879 2173 931 καὶ
2194 875 2387 948 Ἀχαζ,
2406 876 2688 949 παρελθὼν
2701 877 2826 939 τοὺς
2841 875 3134 947 προτέρους
3146 874 3273 934 τοὺς
3286 875 3436 944 τρεῖς
3453 874 3481 925 6
3491 872 3645 940 εὐαγο

2079 972 2350 1043 γελιστὴς,
2368 970 2504 1042 μετὰ
2528 969 2730 1043 Ἰωρὰμ
2751 969 2843 1022 τὸν
2853 968 2946 1022 τοῦ
2971 964 3237 1034 Ἰωσαφὰτ
3251 965 3378 1037 ἑξῆς
3396 964 3645 1018 συνάπτει

2080 1066 2168 1119 τὸν
2185 1065 2363 1131 ὐξίαν
2390 1064 2483 1119 καὶ
2508 1063 2597 1117 τὸν
2612 1062 2846 1133 Ἰωάθαμ
2870 1061 2959 1114 καὶ
2976 1059 3065 1113 τὸν
3085 1059 3279 1129 Ἀχαζ,
3294 1059 3423 1122 τοὺς
3437 1058 3647 1130 είρημέ-

2081 1176 2203 1223 νους
2236 1157 2436 1230 μεταξὺ
2464 1156 2747 1230 παρελθών
2768 1174 2782 1188 ο
2811 1154 2968 1209 τοῦτο
2996 1154 3041 1207 δ’
3068 1156 3116 1206 εί
3143 1154 3434 1225 πεποιήκει
3459 1151 3648 1206 σκοπὺν

2082 1252 2305 1322 θέμενος
2332 1250 2429 1322 τὴν
2472 1250 2582 1303 τῶν
2612 1248 2873 1319 βασιλέων
2914 1246 3162 1318 διαδοχὴν
3204 1245 3484 1312 ἐκθέσθαι,
3523 1246 3651 1317 χρῆν

2080 1343 2156 1407 ὼς
2185 1342 2574 1414 ήμαρτημένην
2618 1339 2867 1394 ἐκθέσθαι
2915 1338 3014 1409 τὴν
3060 1340 3189 1410 παρ’
3220 1336 3372 1408 αὑτῷ
3404 1339 3649 1407 γραφήν·

2082 1436 2269 1506 ἐπειδὴ
2300 1433 2356 1487 δὲ
2383 1435 2444 1487 οὑ
2480 1432 2749 1503 διαδοχὰς,
2779 1431 2913 1485 ἀλλὰ
2939 1429 3132 1500 γενεὰς
3157 1427 3464 1502 ἀριθμῆσαι
3505 1423 3654 1499 προῦ-

2084 1525 2224 1590 Θετο,
2249 1525 2407 1579 τοῦτο
2428 1523 2537 1597 γὰρ
2565 1528 2594 1579 6
2617 1524 2771 1592 λόγος
2793 1521 2940 1593 αὐτῷ
2968 1521 3213 1593 βούλεται
3239 1522 3475 1593 φήσαντι
3505 1539 3525 1571 ι
3554 1521 3654 1575 Πᾶ-

2086 1635 2174 1672 σαι
2199 1617 2291 1670 οὖν
2324 1618 2379 1670 αί
2412 1618 2598 1685 γενεαὶ
2630 1614 2736 1669 ἀπὸ
2773 1611 3023 1684 Ἀϐραὰμ
3056 1612 3215 1683 μέχρι
3257 1609 3441 1673 Δαόὶδ,
3481 1608 3655 1677 γενεαὶ

2083 1712 2513 1782 δεκατέσσαρεςο
2541 1709 2634 1762 καὶ
2669 1708 2826 1763 πάλιν
2859 1707 2967 1761 ἀπὸ
3007 1705 3171 1759 Δαϐὶδ
3214 1704 3377 1776 μέχρι
3422 1702 3655 1773 Ἰεχονίου

405 1779 709 1836 tuordecim
739 1799 752 1835 :
779 1795 1085 1854 rursusque
1109 1795 1140 1835 a
1159 1779 1360 1838 Davide
1384 1798 1556 1853 usque
1579 1784 1648 1838 ad
1663 1781 1984 1840 Jecboniam

2091 1804 2179 1862 ul
2224 1803 2324 1874 τῆς
2360 1779 2709 1875 μετοικησίας
2754 1798 3090 1863 Βαϐυλῶνος,
3117 1799 3305 1868 γενεαὶ
3341 1796 3657 1851 δεκατέσσα-

407 1886 506 1929 seu
530 1870 599 1926 ad
634 1869 1021 1943 Babylonicam
1066 1872 1604 1945 transmigrationem
1627 1916 1644 1944 ,
1679 1878 1986 1947 generatio-

404 1977 506 2019 nes
553 1963 967 2034 quatuordecim
1005 1981 1025 2017 ι
1075 1978 1187 2019 non
1235 1964 1617 2021 successiones
1646 1967 1984 2038 quatuorde-

406 2053 548 2121 cim;
580 2054 777 2109 merito
802 2054 974 2127 igitur
993 2055 1141 2110 omni
1162 2056 1590 2126 reprehensione
1610 2060 1837 2115 carebit.
1865 2058 1988 2115 Jam

407 2144 536 2216 quia
556 2143 844 2201 Matthaeus
875 2146 1289 2203 successionum
1320 2148 1538 2203 nomine
1568 2164 1679 2205 non
1708 2158 1793 2207 est
1821 2166 1986 2219 usus;

407 2251 596 2308 regum
623 2244 805 2293 autem
832 2239 1059 2295 historia
1090 2249 1144 2295 et
1166 2238 1582 2310 Paralipomena
1611 2243 1987 2299 successiones

406 2335 636 2382 narrant
663 2343 771 2383 non
793 2330 1197 2400 generationes,
1217 2330 1368 2385 nulla
1400 2331 1454 2387 in
1484 2332 1684 2389 borum
1711 2349 1995 2405 compara-

408 2417 558 2474 tione
585 2433 767 2492 pugna
792 2430 1041 2492 apparet.

475 2507 531 2564 2.
549 2511 661 2583 Age
683 2527 812 2567 vero
826 2513 1196 2585 generationis
1208 2516 1431 2572 nomine
1446 2515 1721 2587 appellare
1738 2532 1848 2572 non
1862 2517 1990 2573 licet

411 2601 653 2657 hominis
689 2610 928 2670 aetatem,
949 2608 1207 2674 quoniam
1231 2622 1374 2680 sape
1406 2608 1607 2663 accidit
1632 2609 1753 2665 aliis
1774 2609 1992 2679 quidem

406 2694 645 2749 breviter
665 2695 848 2751 vivere
868 2697 1226 2770 celeriterque
1246 2698 1522 2771 exstingui
1537 2707 1697 2757 aetate
1718 2700 1990 2767 infauti‘ai;

408 2783 535 2841 aliis
565 2799 740 2855 usque
767 2786 836 2842 ad
872 2788 1159 2859 pueritiam
1191 2790 1412 2859 venire;
1438 2792 1561 2849 aliis
1597 2794 1662 2846 ad
1679 2794 1991 2863 juventam;

2089 1915 2179 1970 ρες
2216 1918 2233 1951 ι
2265 1897 2376 1951 ἀλλ’
2402 1896 2463 1950 οὐ
2499 1895 2737 1966 διαδοχαὶ
2767 1893 3181 1964 δεκατέσσαρες,
3221 1890 3449 1953 εἰκότως
3490 1887 3658 1958 πάσης

2087 1991 2359 2046 ἀπολύοιτ’
2398 1990 2464 2043 ἂν
2519 1990 2874 2061 κατηγορίας·
2919 1987 3041 2042 ἐπεὶ
3084 1984 3171 2040 διὰ
3217 1984 3272 2038 τί
3307 1983 3383 2055 μὴ
3422 1979 3658 2053 διαδοχὰς

2087 2083 2359 2155 ὠνόμασε,
2390 2083 2487 2152 τῆς
2513 2082 2568 2136 δὲ
2610 2084 2667 2135 ὲν
2710 2083 2831 2145 ταῖς
2847 2078 3153 2142 Βασιλείαις
3191 2077 3287 2130 καὶ⁷
3320 2073 3651 2147 Παραλειπο-

2092 2177 2273 2248 μένοις
2308 2176 2545 2248 ἱστορίας
2578 2173 2826 2245 διαδοχὰς
2856 2172 2972 2227 ἀλλ’
3008 2172 3070 2227 οὐ
3108 2171 3300 2241 γενεὰς
3331 2169 3656 2242 ίστορούσης,

2089 2270 2188 2324 οὐκ
2222 2268 2287 2323 ἂν
2310 2268 2518 2339 γένοιτο
2557 2267 2861 2338 ἐναντίωμα
2889 2269 2955 2321 ἐκ
2991 2265 3091 2336 τῆς
3125 2264 3449 2336 ἀμφοτέρων
3494 2280 3657 2335 παρα-

2092 2362 2311 2426 θέσεως.

2165 2519 2227 2592 β’.
2264 2521 2459 2575 Γενεὰν
2491 2520 2599 2592 γὰρ
2632 2520 2821 2591 χρόνον
2847 2517 3132 2591 ἀνθρώπου
3165 2518 3312 2587 ζωῆς
3349 2518 3448 2588 οὐχ
3478 2512 3587 2569 οἷόν
3603 2516 3655 2569 τί

2093 2613 2240 2666 ἐστιν
2281 2609 2586 2681 ὀνομάζειν,
2627 2608 2749 2662 ἐπεὶ
2788 2608 3074 2678 ωμὸαίνει
3124 2607 3386 2669 πολλάκις
3419 2608 3538 2669 τοὺς
3569 2605 3654 2675 μὲν

2094 2706 2186 2759 ἐπὶ
2208 2705 2379 2777 βραχὺ
2407 2704 2612 2774 βιῶναι,
2638 2701 2732 2756 καὶ
2755 2700 2948 2754 θᾶττον
2979 2697 3388 2768 ἀποσ6εσθῆναι
3408 2694 3543 2749 κατὰ
3566 2696 3655 2764 τὴν

2094 2790 2186 2845 τοῦ
2217 2791 2403 2854 παιδὸς
2427 2791 2661 2862 ἡλικίαν,
2688 2790 2815 2852 τοὺς
2838 2788 2895 2843 δὲ
2926 2787 3085 2859 μέχρι
3112 2787 3205 2841 τοῦ
3238 2785 3519 2857 μειρακίου
3540 2784 3656 2854 φθά-

410 2873 534 2930 aliis
561 2875 626 2929 ad
654 2876 867 2932 virilem
897 2886 1114 2934 aetatem
1146 2897 1162 2947 ;
1190 2880 1313 2936 aliis
1343 2880 1583 2953 denique,
1609 2883 1676 2938 ad
1695 2890 1987 2938 extremam

2098 2902 2207 2949 σαι,
2238 2886 2361 2948 τοὺς
2378 2882 2434 2937 δὲ
2464 2884 2556 2937 ὲπὶ
2572 2883 2664 2936 τὸν
2680 2882 2897 2937 νεανίαν
2928 2880 3231 2953 προελθεῖν,
3255 2881 3384 2943 τοὺς
3401 2879 3458 2932 δὲ
3476 2877 3561 2931 ἐπὶ
3573 2877 3655 2930 τὸν

409 2980 587 3036 usque
607 2976 882 3023 senectam
896 2970 1060 3024 vitam
1083 2970 1402 3040 producere.
1422 2974 1594 3039 Quam
1618 2989 1746 3029 vero
1764 2974 1987 3029 aestima-

2097 2976 2284 3045 ἄνδρα,
2306 2978 2433 3040 τοὺς
2456 2976 2514 3028 δὲ
2547 2976 2640 3029 καὶ
2662 2956 3005 3045 ἐπ”εσχατον
3030 2973 3102 3044 γῆ
3111 2990 3207 3044 ρας
3233 2974 3552 3042 παρατεῖναι
3564 2970 3654 3039 τὴν

409 3069 471 3111 re
495 3055 620 3110 licet
639 3057 1045 3127 generationem
1061 3059 1084 3113 ?
1099 3060 1367 3130 siquidem
1392 3064 1532 3118 alius
1556 3063 1687 3118 vivit
1716 3079 1893 3134 usque
1919 3064 1984 3117 ad

2098 3068 2241 3139 ζωήν
2264 3084 2278 3100 ο
2298 3066 2457 3121 ποίαν
2474 3061 2566 3121 οὖν
2587 3084 2671 3131 τις
2690 3066 2981 3137 ἀριθμήσει
3012 3064 3237 3133 γενεάν;
3263 3066 3313 3116 εί
3340 3064 3370 3116 6
3394 3063 3491 3132 μὲν
3515 3061 3653 3131 φέρει

409 3147 683 3202 decimum
707 3162 933 3215 annum,
953 3151 1096 3207 alius
1124 3152 1191 3207 ad
1217 3153 1715 3219 vicesimum,alius
1740 3155 1807 3209 ad
1836 3155 1987 3226 quin-

2094 3124 2254 3230 μέχρι
2268 3157 2493 3211 δεκάτου
2514 3124 2685 3220 ἔτους,
2707 3124 2803 3209 δ’δὲ
2822 3124 3313 3226 μέχρις-εἰκοστοῦ,
3342 3154 3372 3205 6
3475 3124 3649 3222 μέχρις

411 3239 816 3309 quagesimum,
848 3240 990 3295 alius
1021 3257 1196 3312 usque
1218 3242 1286 3298 ad
1316 3244 1814 3315 septuagesimum;
1850 3244 1987 3299 alius

2092 3242 2477 3314 πεντηκοστοῦ,
2495 3244 2650 3308 ἄλλος
2660 3244 2716 3297 δὲ
2736 3242 2926 3315 μέχρις
2939 3241 3360 3311 ἑῶομηκοστοῦ,
3373 3244 3401 3295 6
3415 3241 3471 3295 δὲ
3495 3241 3580 3294 καὶ
3593 3238 3651 3292 τὰ

411 3328 647 3400 denique
689 3330 774 3385 vel
820 3332 1182 3387 centesimum
1236 3336 1584 3404 superavisse
1630 3350 1833 3390 annum
1881 3350 1987 3391 non

2091 3336 2281 3391 ἑκατὸν
2293 3335 2533 3407 ὑπερϐὰς
2543 3336 2604 3389 οὐ
2624 3336 2781 3406 μόνον
2800 3334 3011 3388 ἐπὶτῶν
3028 3332 3271 3388 παλαιῶν
3287 3332 3424 3386 ἀλλὰ
3442 3333 3532 3386 καὶ
3544 3329 3651 3385 καθ’

413 3419 558 3491 apud
610 3429 826 3480 veteres
870 3424 1071 3489 solum,
1118 3440 1308 3480 verum
1340 3425 1504 3481 etiam
1538 3427 1682 3497 apud
1730 3443 1831 3482 nos
1861 3442 1994 3483 eon-

414 3513 667 3585 splcitur.
720 3513 833 3570 Cur
872 3516 1039 3586 igitur
1068 3517 1388 3573 existimant
1430 3518 1666 3575 hominis
1699 3519 1867 3573 vitam
1897 3534 1993 3589 ap-

413 3603 721 3675 pellandam
771 3621 895 3662 esse
925 3608 1371 3683 generationem?
1424 3605 1531 3664 Sed
1564 3623 1742 3680 neque
1782 3617 1994 3680 tempus

415 3710 591 3767 usque
622 3696 688 3751 ad
716 3699 922 3769 prolem
954 3698 1133 3770 primo
1177 3709 1487 3770 susceptam
1520 3700 1601 3757 sic
1629 3701 1903 3772 appellare
1928 3701 1996 3755 li-

413 3793 502 3844 cet
529 3806 543 3843 :
576 3804 813 3861 namque
837 3790 929 3845 alii
957 3798 1082 3845 ante
1105 3792 1282 3848 aetatis
1313 3807 1517 3846 annum
1539 3792 1865 3864 vigesimum
1892 3808 1996 3861 nu-_

414 3880 606 3937 bentes
636 3881 864 3951 gignunt
915 3898 931 3937 :
981 3881 1074 3935 alii
1109 3899 1176 3937 ne
1219 3889 1342 3953 post
1391 3882 1731 3953 trigesimum
1776 3884 1995 3955 quidem

413 3970 592 4025 aetatis
608 3985 810 4026 annum
834 3990 847 4026 :
866 3978 921 4027 et
937 3980 1242 4028 coaetaneos
1266 3989 1483 4049 quoque
1506 3974 1858 4039 videas,alios
1873 3974 1997 4045 qui-

416 4061 539 4116 dem
592 4061 649 4116 in
691 4062 869 4133 prima
902 4063 1156 4133 genitura
1202 4064 1382 4119 adhuc
1418 4064 1805 4131 consistentes,
1857 4066 1997 4121 alios

413 4152 526 4224 jam
572 4153 631 4209 in
660 4161 911 4225 quartam
941 4171 1299 4228 progressos:
1344 4158 1418 4212 ita
1451 4166 1510 4214 ut
1542 4157 1998 4230 quinquagesimo

418 4260 564 4300 anno
589 4245 681 4301 alii
709 4256 935 4317 nepotes
971 4248 1207 4313 videant,
1268 4250 1359 4305 alii
1401 4264 1529 4306 vero
1557 4268 1628 4309 ne
1651 4251 1997 4322 septuaginta

416 4337 637 4410 quidem
682 4353 949 4396 annorum
983 4341 1162 4413 spatio
1194 4342 1404 4413 prolem
1454 4343 1621 4397 ullam
1672 4343 1998 4397 nanciscan-

2089 3432 2238 3500 ἡμᾶς
2255 3431 2471 3500 ὁρᾶταιο
2497 3428 2615 3489 πῶς
2642 3422 2734 3482 οὖν
2755 3428 2952 3481 οἴονται
2974 3427 3071 3497 τὴν
3101 3426 3390 3496 ἀνθρώπου
3419 3424 3556 3495 ζωὴν
3575 3439 3646 3491 γε‹

2091 3522 2216 3576 νεὰν
2230 3521 2513 3592 ὀνομάζειν
2534 3539 2547 3586 ;
2567 3520 2680 3574 ἀλλ’
2695 3519 2815 3572 οὐδὲ
2836 3518 2996 3590 μέχρι
3012 3517 3111 3586 τῆς
3129 3516 3489 3579 παιδοποιΐας·
3503 3516 3550 3569 οἱ
3567 3515 3649 3587 μὲν

2092 3612 2200 3680 γὰρ
2229 3612 2336 3682 πρὸ
2356 3611 2464 3666 τῶν
2495 3611 2664 3663 εῐκοσι
2698 3608 2832 3662 ὲτῶν
2860 3609 3135 3678 γήμαντες
3165 3606 3649 3675 πεπαιδοποίηνται,

2092 3705 2139 3757 οί
2169 3704 2226 3756 δὲ
2246 3702 2369 3757 οὐδὲ
2403 3701 2544 3773 ὑπὲρ
2562 3700 2631 3754 τὰ
2650 3699 2938 3771 τρίακοντα
2955 3696 3272 3768 γενόμενον
3304 3696 3401 3751 καὶ
3432 3696 3537 3749 τῶν
3559 3698 3650 3766 £01;-

2091 3795 2256 3851 λίκων
2294 3795 2350 3849 δὲ
2375 3794 2504 3859 ἴδοις
2531 3794 2596 3849 ἂν
2628 3795 2754 3855 τοὺς
2802 3792 2902 3862 μὲν
2924 3790 3016 3843 ἐπὶ
3055 3788 3303 3860 πρώτους
3334 3792 3485 3854 υἱοὺς
3517 3788 3649 3842 στὰνο

2092 3907 2210 3954 τας,
2254 3890 2380 3959 τοὺς
2416 3887 2474 3941 δὲ
2517 3887 2608 3940 ἐπὶ
2656 3880 3007 3957 τετραγονίαν
3053 3880 3381 3946 ὲλάσαντας’
3430 3881 3567 3935 ὥστε
3601 3880 3647 3933 ἐν

2094 3982 2429 4053 πεντήκοντα
2463 3979 2629 4043 ἔτεσι,
2655 3979 2781 4042 τοὺς
2810 3979 2907 4049 μὲν
2941 3979 3194 4048 ἐκγόνους
3219 3974 3535 4037 θεάσασθαι,
3560 3972 3648 4026 ἑτέ-

2098 4089 2220 4145 ρους
2250 4072 2307 4125 δὲ
2338 4072 2395 4124 ὲν
2438 4070 2806 4142 ἑϐδομήκοντα
2840 4070 3062 4143 μηδενὸς
3104 4066 3404 4137 ἀξιωθῆναι
3449 4063 3643 4125 παιδός’

2094 4160 2212 4225 πῶς
2269 4156 2363 4215 οὖν
2405 4160 2732 4233 ἀριθμητέον
2781 4160 2883 4226 τὰς
2930 4161 3154 4230 γενεάς;
3204 4158 3434 4229 πότερον
3464 4158 3526 4210 ἐκ
3558 4151 3647 4206 τῶν

2098 4252 2408 4326 μακροϐίων
2438 4252 2602 4325 ῆτῶν
2629 4253 2946 4320 ὀ>.ιγο6ίων;
2973 4252 3068 4306 καὶ
3097 4254 3161 4305 ὲκ
3185 4250 3294 4306 τῶν
3314 4250 3454 4321 ταχὺ
3485 4262 3646 4301 πεπαι-

2095 4342 2486 4414 δοποιημένων,
2520 4344 2554 4415 ἢ
2583 4343 2691 4398 τῶν
2726 4343 3000 4416 βραδέων;
3029 4345 3124 4398 καὶ
3157 4344 3224 4397 ὲκ
3257 4341 3369 4395 τῶν
3402 4341 3495 4395 ἐπὶ
3522 4337 3645 4410 πρώ-

417 4438 526 4487 tur.
559 4431 680 4499 Quo
706 4441 867 4504 pacto
893 4433 1061 4504 igitur
1087 4432 1441 4490 numeranda
1474 4442 1659 4490 essent
1686 4434 1987 4506 generatio-

2096 4434 2208 4497 τοίς
2235 4434 2372 4497 υἱοῖς
2415 4433 2811 4499 σαλευσάντων,
2835 4435 2869 4505 ἢ
2901 4436 2964 4489 ὲκ
2996 4434 3100 4487 τῶν
3135 4434 3230 4487 ἐπὶ
3266 4432 3475 4486 πλείοσι
3499 4428 3646 4484 διαδο-

417 4537 538 4588 nes,
562 4537 598 4579 ο
623 4524 915 4581 macrobiis
938 4540 1009 4581 an
1037 4525 1108 4581 ab
1132 4523 1566 4597 oligocbroniis?
1599 4540 1631 4579 a
1657 4533 1889 4589 mature,
1922 4539 1993 4579 an

417 4629 451 4669 ι
491 4628 616 4671 sero
660 4616 1042 4687 gignentibus?
1092 4617 1162 4672 ab
1209 4617 1277 4673 iis
1327 4618 1418 4689 qui
1448 4618 1504 4672 in
1532 4617 1706 4689 prima
1742 4610 1993 4687 genitura

418 4716 725 4771 versantur,
761 4724 830 4763 an
863 4708 932 4763 ab
953 4708 1021 4764 iis
1052 4707 1259 4779 quibus
1284 4708 1397 4778 jam
1424 4708 1611 4780 plures
1637 4708 1794 4763 liberi
1820 4708 1993 4763 sunt?

416 4792 629 4866 Quibus
660 4798 732 4852 ita
764 4799 1049 4870 perpensis
1093 4799 1254 4856 divus
1302 4801 1658 4872 evangelista,
1692 4800 1835 4857 haud
1866 4816 1994 4856 suc-

417 4889 695 4944 cessiones
724 4889 967 4946 scribere
992 4890 1242 4954 studens,
1259 4892 1354 4946 sed
1385 4894 1767 4962 generationes
1795 4908 1993 4948 secun-

417 4977 545 5033 dum
575 4980 839 5035 rationem
872 4981 977 5037 sibi
1009 4982 1344 5053 exploratam
1374 4998 1703 5039 enumerans
1723 5025 1738 5050 ,
1770 4998 1992 5040 succes-

418 5071 636 5127 sionum
688 5071 975 5134 historiam
1022 5074 1286 5146 neglexit;
1342 5082 1421 5129 tot
1456 5090 1587 5130 vero
1634 5058 1883 5132 homines
1922 5075 1991 5130 ad

418 5164 787 5234 genealogiam
821 5167 1139 5235 assumpsit.
1173 5174 1308 5237 quot
1332 5167 1380 5222 ei
1403 5166 1743 5222 suﬂiciebant
1764 5167 1831 5222 ad
1861 5183 1992 5237 qua-

2097 4527 2250 4597 χαίς;
2287 4519 2362 4579 ὧν
2399 4526 2570 4592 οὕτως
2613 4527 2993 4599 ὲξητασμὲνων
3022 4529 3052 4580 6
3094 4525 3236 4591 θεῖος
3281 4522 3643 4596 εὐαγγελιστὴῖ

2095 4616 2157 4668 οὐ
2188 4615 2437 4687 διαδοχὰς
2470 4615 2803 4687 προθέμενος
2852 4617 3046 4679 εἰπεῖν,
3097 4615 3287 4684 γενεὰς
3311 4615 3390 4680 δὲ,
3423 4614 3538 4669 καθ’
3564 4609 3639 4674 οὓς

2098 4708 2260 4773 αὐτὸς
2286 4707 2554 4778 ἠπίστατο
2578 4708 2769 4777 λόγους
2789 4708 2901 4778 (18)
2921 4705 3424 4780 ἀπαριθμούμενος,
3444 4704 3536 4776 τῆς
3558 4701 3639 4774 μὲν

2096 4800 2155 4851 ὲν
2182 4800 2303 4862 ταῖς
2325 4798 2586 4871 ἱστορίαις
2624 4797 2875 4868 διαδοχῆς
2910 4791 3070 4868 ἦττον
3107 4796 3455 4868 πεφρόντικε,
3482 4788 3639 4847 τοσοὺ-

2095 4907 2221 4954 τους
2249 4889 2615 4961 ἀναλαμϐάνει
2637 4892 2715 4954 είς
2733 4889 2830 4960 τὴν
2851 4889 3221 4958 γενεαλογίαν,
3243 4890 3360 4943 ὅσοι
3386 4887 3634 4957 ἀπήρκουν

2096 4981 2245 5051 αὑτῴ
2276 4983 2355 5045 είς
2381 4981 2725 5051 ἐκπλήρωσιν
2754 4980 2859 5033 τῶν
2886 4980 3298 5051 δεκατεσσάρων
3327 4978 3542 5047 γενεῶν·
3567 4970 3634 5027 οὖ-

2091 5089 2199 5137 τως
2227 5090 2284 5126 τε
2324 5072 2480 5143 αὐτῷ.
2501 5071 2655 5142 ὑγιὴς
2692 5069 3028 5135 ἀποσώζεται
3045 5072 3074 5124 6
3103 5070 3279 5139 λόγος,
3304 5070 3399 5123 καὶ
3420 5060 3633 5136 οὐδαμῶς

2092 5166 2331 5229 ἐναντίος
2368 5169 2432 5237 τῇ
2468 5166 2575 5220 τῶν
2608 5166 2853 5235 ἱστοριῶν
2880 5168 3086 5238 γραφῇ.

420 5255 717 5311 tuordecim
746 5267 1124 5329 generationes
1151 5260 1467 5330 explendas.
1522 5258 1615 5317 Sic
1638 5262 1757 5333 ejus
1782 5261 2057 5316 veridieus
2096 5277 2277 5317 sermo
2314 5268 2418 5327 est,
2438 5276 2613 5332 neque
2668 5261 2890 5316 omnino
2950 5259 3257 5316 contrarius
3313 5255 3629 5312 historiarum

420 5346 718 5403 traditioni.

491 5520 801 5596 (ίῖέλῼοᾶ,
840 5523 965 5579 fern.
1003 5541 1219 5596 genere.
1258 5525 1347 5581 Sic
1377 5534 1523 5592 ante,
1564 5535 1618 5581 et
1647 5527 1808 5581 infra.

492 5590 613 5667 μθ)
642 5592 951 5648 Matthaeum
987 5590 1141 5667 putat
1178 5595 1447 5652 Eusebius
1481 5590 1835 5667 generationis
1890 5608 1985 5650 vo-

426 5658 618 5716 eabqu
650 5670 862 5718 certum
910 5658 1213 5735 quemdam
1250 5681 1314 5720 ac
1349 5658 1645 5723 solemnem
1683 5667 1985 5735 intelligere

424 5739 690 5788 annorum
733 5745 1041 5790 numerum.
1084 5733 1337 5792 Profecto
1369 5737 1438 5793 de
1475 5739 1759 5808 temporali
1795 5733 1983 5806 γενεᾶς

2096 5525 2274 5595 spatio
2322 5522 2697 5595 controversia
2730 5524 2892 5595 inter
2937 5529 3148 5595 veteres
3199 5522 3336 5595 satis
3378 5528 3497 5595 nota
3535 5524 3621 5577 est.

2093 5590 2257 5668 quam
2298 5609 2399 5664 ego
2430 5595 2547 5668 ipse
2592 5593 2864 5668 att_igi__in_
2901 5593 3376 5668 adnotationibus
3400 5590 3475 5668 an!
3503 5599 3620 5668 nova

2090 5658 2393 5737 fragmenta
2452 5658 2720 5737 Dionysii
2749 5663 2921 5722 Halic.
2963 5680 3065 5735 cap
3114 5664 3201 5733 15,
3251 5676 3307 5718 n.
3348 5661 3400 5728 ι,
3445 5658 3614 5726 δρύινα

2092 5733 2202 5794 vet.
2229 5745 2268 5792 t.
2292 5733 2357 5804 ll,
2391 5750 2445 5807 p.
2479 5734 2603 5793 ‘74.
