3830 6260
201 321 290 380 925

898 440 996 493 II".

197 573 284 628 Διὰ
311 570 365 625 τί
388 569 501 642 τῶν
519 567 667 642 μετᾲ
695 570 982 642 "laxaretur
999 570 1106 642 Δἐπί
1143 571 1248 642 τὸν
1285 571 1496 640 Ἰωσὴφ
1524 589 1724 642 γενεα-

254 637 612 713 λογομμένων
636 637 744 713 δύο
774 637 892 692 καί
945 639 1090 713 δέκα
1135 640 1342 713 ὅιςτων,
1400 637 1724 713 δέὗαγγε-

250 706 452 775 λιάτὴς
471 706 914 777 δεκατέσσαρας
937 709 1124 763 πάλιν
1149 707 1207 764 εἴ
1207 712 1304 764 ναί
1335 725 1545 780 φησιν.

252 827 311 878 α’.
338 819 430 872 Διὰ
450 818 546 888 τὴν
581 818 748 889 αὐτὴν
777 821 974 873 αίτίαν·
1001 820 1060 873 ού
1095 821 1204 892 γὰρ
1227 821 1495 891 διαδοχὰς,
1532 824 1722 892 γενεὰς

191 913 256 974 δὲ,
273 910 343 974 ὡς
367 909 516 979 ἔφην,
554 908 886 979 ἀναγράφειν
909 909 1174 964 ἐϐούλετο·
1201 912 1483 982 συμϐαίνει
1513 913 1569 967 δὲ
1594 914 1721 967 πολ-

191 1004 324 1064 λάκις
339 1001 394 1052 ἐν
414 998 727 1069 μακροϐίοις
758 1002 850 1054 καὶ
879 1001 1178 1067 πολυέτεσι,
1202 1002 1300 1067 τάς
1325 1003 1422 1074 μὲν
1446 1004 1722 1073 γεγονέναι

188 1092 279 1146 τῶν
303 1087 500 1160 ἀνδρῶν
519 1090 616 1153 τὰς
646 1090 912 1161 διαδοχὰς.
937 1093 1026 1145 τὸν
1047 1093 1103 1147 δὲ
1133 1093 1242 1148 τῶν
1272 1095 1472 1163 γενεῶν
1494 1096 1720 1167 ἀριθμὸν

187 1181 505 1238 ἀποδεδόσθαι
527 1181 724 1253 πλήρη·
824 1183 887 1254 δὴ
929 1180 1022 1238 οὖν
1071 1184 1211 1257 λόγῳ
1240 1189 1298 1240 ὲν
1330 1190 1440 1250 τοῖς
1493 1188 1601 1241 ἀπὸ
1625 1187 1718 1241 τοῦ

187 1271 328 1326 Δαϐὶδ
348 1272 437 1324 καὶ
462 1274 552 1326 ἐπὶ
609 1273 704 1344 τὴν
763 1274 1130 1346 αἰχμαλωσίαν
1188 1278 1423 1331 πλείοσιν
1457 1274 1576 1332 οὖσι
1628 1279 1720 1334 τὸν

172 1361 387 1434 ’ἀριθμὸν
411 1363 520 1426 τοῖς
547 1365 603 1415 ὲν
629 1366 694 1434 τῇ
740 1365 954 1437 διαδοχῇ
1000 1369 1336 1439 φερομένοις,
1389 1369 1712 1440 ὁλιγὼτεραι

185 1454 492 1525 ἀπεδόθησαν
511 1456 565 1507 αἱ
589 1457 790 1523 γενεαί·
827 1457 885 1508 ὲν
908 1457 1016 1528 γὰρ
1044 1458 1308 1529 διαδοχαῖς
1345 1459 1552 1532 ἀνδρῶν
1583 1462 1719 1516 ὲπτά

185 1547 263 1600 καὶ
283 1547 422 1608 δέκα,
452 1548 634 1614 γενεαὶ
684 1549 924 1620 εἴρηνται
969 1550 1384 1621 δεκατέσσαρες·
1440 1553 1580 1605 κατὰ
1628 1554 1718 1609 τὸν

173 1638 320 1691 αὐτὸν
349 1638 601 1707 λογισμὸν
627 1641 717 1692 καὶ
745 1640 839 1692 νῦν
865 1643 951 1694 ἐπ’
979 1642 1186 1715 ἀνδρῶν
1201 1643 1468 1713 διαδοχαῖς
1492 1643 1715 1708 δώδεκα,

175 1731 226 1784 ai
254 1731 629 1802 δεκατέσσαρες
688 1733 752 1786 ἂν
800 1732 1129 1803 ἐπληροῦντο
1176 1735 1378 1801 γενεαὶ,
1408 1735 1716 1807 μακροϐίων

175 1821 241 1883 ὡς
268 1821 401 1884 εἰκὸς
423 1824 788 1894 πολυχρονίων
819 1824 995 1878 αὐτῶν
1032 1825 1094 1895 δὴ
1120 1823 1229 1877 τῶν
1262 1822 1469 1880 δώδεκα
1488 1843 1714 1897 γεγενη-

178 1912 351 1983 μένων,
382 1915 474 1968 καὶ
533 1914 844 1987 ἀρκούντων
900 1918 979 1980 είς
1011 1914 1390 1988 ἀναπλήρωσιν
1426 1918 1533 1969 τῶν
1561 1917 1716 1972 δεκα-

174 2004 423 2076 τεσσάρων
447 2005 671 2073 γενεῶν.
711 2007 825 2061 Μία
851 2007 949 2078 μὲν
973 2007 1221 2072 ἀπόδοσις
1272 2007 1365 2061 τοῦ
1394 2007 1716 2080 ζητηθέντος

173 2096 271 2167 ἥδε.

233 2271 290 2342 β’.
321 2271 454 2326 Καθ’
485 2272 682 2342 ἑτέραν
719 2271 775 2325 δὲ
823 2271 1058 2325 διάνοιαν
1108 2272 1288 2343 εὕροις
1319 2273 1382 2327 ἂν
1406 2273 1713 2344 ἀκριϐώσας

172 2362 292 2415 κατά
339 2361 434 2432 τὴν
516 2363 759 2434 ἱστορίαν
828 2361 1226 2436 δεκατέσσαρας
1300 2363 1713 2437 ὠνομασμένους

171 2451 250 2504 καὶ
270 2453 320 2503 ὲν
349 2455 411 2523 τῇ
446 2452 696 2524 παρούσῃ
707 2453 955 2525 διαδοχῇ,
981 2456 1030 2507 εί
1061 2456 1194 2526 πρὸς
1213 2458 1324 2519 τοῖς
1344 2455 1550 2510 δώδεκα
1585 2473 1709 2510 συν-

171 2541 502 2614 αριθμήσειας
570 2545 729 2600 αὑτὸν
779 2546 984 2616 Ἰησοῦν
1039 2547 1274 2618 Χριστὸν
1328 2549 1441 2602 υἱὸν
1468 2547 1557 2602 τοῦ
1600 2551 1712 2602 Ἰω-

171 2633 262 2704 σὴφ
288 2636 718 2706 χρηματίσαντα·
750 2637 1041 2708 προσθείης
1066 2655 1124 2691 τε
1145 2639 1352 2702 τούτοις
1373 2641 1466 2693 καὶ
1489 2641 1579 2693 τὸν
1618 2639 1712 2692 Ἰε-

168 2724 324 2794 χονίαν
351 2726 438 2780 τὸν
470 2729 528 2780 ὲν
563 2727 836 2781 Βαϐυλῶνι
889 2731 1275 2800 γεγενημένον,
1303 2731 1424 2802 οὐχὶ
1470 2730 1559 2784 τὸν
1609 2731 1712 2802 πρὸ

166 2817 249 2886 τῆς
272 2820 620 2892 μετοικησίας
673 2824 729 2875 ὲν
781 2825 847 2893 τῇ
897 2821 1246 2894 Ἰερουσαλὴμ
1300 2822 1707 2894 βασιλεύσαντα·

161 2905 243 2961 δύο
269 2913 370 2982 γὰρ
392 2910 676 2982 ὁμώνυμοι
698 2912 979 2980 γεγόνασιν
1025 2913 1276 2984 Ἰωακεὶμ
1298 2913 1433 2984 μετά
1483 2913 1707 2979 Ἰωσίαν,

165 3001 262 3067 δγε
287 3000 442 3054 αύτοῦ
469 3001 571 3054 τοῦ
617 3002 819 3055 Ἰωσίου
853 3003 989 3069 υίὸς,
1038 3004 1095 3067 ὃς
1133 3004 1269 3074 μετὰ
1322 3003 1506 3056 τοῦτον
1529 3003 1709 3056 ἐϐασί-

663 314 1122 382 ρυιλεδτιοινεε
1157 315 1622 375 ΕΥΑΝΟΕΙΛΟᾸΕ
1660 318 1706 374 Α

1819 316 2232 374 ITEPHANUM.
2274 347 2341 358 ——
2381 312 2708 383 ρυιεδτιο
2747 309 2880 367 XIII.

1751 445 1801 504 Δ

3295 169 3311 202 I

2542 430 2679 488 XIII.

1825 572 1934 629 Cur
1973 588 2091 626 cum
2129 589 2160 624 a
2192 568 2448 624 Jechont'a
2476 566 2543 620 ad
2573 565 2856 636 Joseplmm
2889 561 3161 636 duodecim
3201 563 3252 614 in
3287 579 3376 630 ge-

1892 642 2133 712 nealogia
2190 642 2326 705 sint,
2372 632 2711 706 evangelista
2746 632 3143 706 quatuordecim
3194 648 3378 686 rursus

1891 713 2055 766 dicat.

1891 827 1941 881 1.
1987 825 2081 882 Rei
2117 839 2284 879 causa
2315 823 2503 877 eadem
2534 827 2652 876 est:
2689 834 2797 875 non
2823 818 2967 874 enim
3002 815 3378 874 successiones

1821 916 1916 972 sed
1958 915 2368 988 generationes,
2422 919 2492 988 ut
2529 911 2678 976 dixi,
2731 911 3082 965 conscribere
3135 907 3373 962 volebat.

1822 987 1977 1074 Saepe
2004 1019 2132 1058 vero
2172 987 2575 1070 contiugitfut
2623 999 2679 1052 in
2722 997 3011 1052 macrobiis
3055 1005 3213 1066 atque
3253 994 3374 1048 lon-

1820 1098 2010 1167 gavis,
2049 1095 2362 1166 quicunque
2410 1092 2576 1148 fuerit
2617 1090 3027 1146 succedentium
3071 1100 3370 1150 numerus,

1820 1185 2175 1240 nihilominus
2227 1185 2344 1255 ipse
2397 1181 2806 1254 generationum
2866 1194 3124 1235 numerus
3177 1181 3374 1250 plenus

1820 1277 2105 1333 habeatur.
2145 1275 2320 1342 Quam
2361 1273 2430 1330 ob
2469 1289 2583 1330 rem
2621 1271 2786 1330 sicuti
2826 1271 2881 1325 in
2919 1270 3093 1326 classe
3130 1277 3375 1341 patrum-

1819 1369 2054 1424 familias
2083 1382 2112 1422 a
2143 1367 2346 1422 Davide
2378 1367 2448 1420 ad
2481 1366 2851 1436 captivitatem
2874 1401 2888 1428 ,
2918 1377 3040 1416 cum
3069 1361 3231 1432 paulo
3258 1375 3376 1415 ma-

1813 1460 1900 1529 jor
1929 1458 2338 1513 succedentium
2368 1469 2632 1510 numerus
2667 1462 2843 1516 esset,
2880 1453 3168 1522 pauciores
3195 1458 3373 1504 tamen

1816 1549 1885 1602 ab
1911 1547 2242 1619 evangelista
2274 1545 2502 1617 prodita:
2535 1552 2663 1601 sunt
2690 1543 3108 1614 generationes;
3139 1555 3375 1612 namque

1817 1639 1872 1693 in
1920 1652 2031 1692 xvu
2072 1638 2314 1692 virorqu
2369 1635 2812 1691 successionibus
2866 1633 3245 1706 generationes
3282 1647 3372 1687 xiv

1817 1728 1974 1783 dictae
2011 1736 2176 1793 sunt;
2213 1726 2404 1781 eodem
2444 1740 2591 1780 nunc
2630 1741 2849 1796 quoque
2887 1725 3118 1778 consilio
3166 1721 3221 1777 in
3273 1720 3373 1777 lto-

1817 1817 2021 1874 minum
2053 1817 2497 1874 successionihus
2524 1831 2637 1880 ιιι,
2668 1817 2897 1886 eXpletze
2923 1814 3181 1870 dicuntur
3207 1828 3375 1885 geuu-

1815 1907 2054 1962 rationes
2087 1923 2211 1970 xlv,
2240 1908 2366 1976 quia
2400 1905 2651 1961 videlicet
2680 1922 2758 1960 xu
2791 1906 2904 1967 illi,
2938 1912 2996 1959 ut
3024 1903 3247 1960 credere
3273 1918 3373 1975 par

1815 2007 1900 2054 est
1922 2039 1937 2064 ,
1977 1999 2237 2054 macrobii
2274 1998 2493 2053 fuerunt
2523 2006 2686 2069 atque
2717 1998 2944 2069 longaevi
2970 2037 2986 2063 ,
3018 1998 3092 2054 ita
3124 2007 3180 2052 ut
3209 1996 3373 2054 suﬂ‘e—

1813 2090 1987 2146 cerint
2015 2090 2083 2144 ad
2116 2107 2204 2144 ιιιν
2237 2090 2541 2160 implendas
2571 2091 2971 2160 generationes.
2998 2088 3080 2144 Ad
3113 2089 3371 2161 quaestio-

1813 2194 1936 2234 nem
1962 2179 2076 2234 haec
2103 2181 2277 2250 prima
2307 2181 2592 2250 responsio
2625 2189 2729 2236 est.

1879 2270 1933 2324 2.
1977 2268 2084 2326 Sed
2113 2271 2256 2324 enim
2289 2270 2397 2323 alia
2427 2285 2646 2340 quoque
2679 2271 2893 2324 ratione
2925 2270 3058 2325 inita
3090 2271 3367 2334 invenies.

1811 2361 1858 2418 si
1899 2360 2187 2434 diligenter
2217 2360 2504 2424 historiam
2535 2361 2972 2420 considet-averis
2993 2403 3008 2428 ,
3040 2362 3373 2435 quatuords-

1811 2453 1916 2507 eiut
1971 2453 2028 2507 in
2072 2455 2174 2508 hac
2225 2455 2341 2523 ipsa
2391 2453 2617 2508 historia
2665 2454 3007 2524 appellatus,
3049 2455 3130 2518 si,
3175 2464 3372 2525 pra-tn

1810 2543 2125 2608 duodecim,
2157 2546 2531 2600 numeraveris
2559 2543 2742 2600 Jesmn
2772 2543 3048 2601 Christum
3079 2547 3254 2616 ipsum
3278 2543 3372 2600 Jo-

1811 2635 1962 2706 sephi
1992 2636 2160 2690 tilium
2194 2635 2565 2691 existimatum
2592 2677 2606 2701 ,
2642 2637 2838 2707 bisque
2864 2636 3179 2706 adjunxeris
3205 2637 3369 2692 etiam

1808 2723 2158 2791 Jechouiam,
2192 2728 2346 2782 illum
2384 2729 2594 2782 scilicet
2633 2728 2726 2798 qui
2766 2727 3092 2799 Babylonem
3134 2728 3369 2782 transla-

1809 2826 1898 2872 tus
1931 2817 2064 2882 fuit,
2098 2835 2206 2872 non
2245 2820 2475 2874 alterum
2502 2819 2596 2888 qui
2627 2827 2753 2874 ante
2783 2819 3165 2890 Babylonicum
3197 2821 3369 2890 capti-

1809 2907 2026 2961 vitatem
2051 2905 2441 2978 Hierosolymis
2464 2908 2766 2977 imperavit.
2795 2906 2911 2961 Duo
2932 2909 3129 2978 quippe
3151 2907 3370 2963 fuerunt

1810 2998 2159 3072 bomonymi;
2198 2999 2477 3056 Joacimus
2540 3000 2794 3057 videlicet
2831 3011 2954 3070 post
2993 2998 3230 3065 Josiam,
3275 3002 3369 3071 qui

164 3088 328 3143 λευσεν
355 3093 411 3144 ὲν
455 3093 842 3164 Ἰερουσαλὴμ,
887 3097 978 3148 καὶ
1033 3098 1062 3149 δ
1112 3095 1300 3149 τούτου
1351 3098 1478 3158 παῖς
1524 3094 1707 3165 ἕτερος

1819 3091 1909 3146 [uit
1928 3091 2168 3161 ejusdem
2191 3091 2352 3147 ,ἰθείας
2387 3092 2527 3149 ﬁlius
2556 3101 2608 3146 et
2635 3090 3026 3164 Hierosolymis
3060 3093 3211 3161 regni
3241 3108 3369 3147 suc-

176 3179 425 3253 Ἰωακείμ·
460 3178 614 3236 οὗτοι
646 3183 700 3236 δὲ
731 3186 823 3236 καὶ
858 3185 1100 3255 Ἰεχονίαι
1126 3187 1516 3257 ἐχρημάτισαν,
1562 3184 1710 3250 ὲξελ-

163 3270 474 3343 ληνισθέντος
505 3277 693 3340 αὐτοῖς
725 3277 818 3329 τοῦ
872 3278 1147 3349 ὀνόματος.
1183 3280 1242 3332 '0
1293 3280 1467 3332 τοίνυν
1507 3279 1716 3350 πρῶτος

173 3365 408 3436 Ἰωακεὶμ
455 3371 484 3421 δ
515 3367 617 3422 καὶ
672 3369 922 3440 Ἰεχονίας
954 3371 1064 3434 υίὸς
1093 3369 1167 3422 ῶν
1212 3371 1436 3436 Ἰωσίου,
1462 3371 1582 3433 ταῖς
1609 3369 1714 3441 πρὸ

162 3457 243 3524 τῆς
271 3458 643 3528 αἰχμαλωσίας
666 3461 1142 3529 συγκαταλεγέσθω
1175 3463 1402 3530 γενεαῖς·
1460 3462 1488 3513 δ
1524 3460 1579 3513 δὲ
1602 3459 1718 3513 τού-

163 3561 240 3600 του
270 3550 442 3612 παῖςδ
485 3549 742 3622 δεύτερος
783 3553 1032 3623 Ἰωακεὶμ
1087 3553 1181 3606 καὶ
1239 3552 1400 3616 αὐτὸς
1444 3552 1711 3623 Ἰεχονίας,

161 3639 260 3704 υίὸς
283 3641 354 3696 ῶν
377 3643 470 3696 τοῦ
490 3642 709 3713 πρώτου
738 3645 1012 3713 Ἰωακεὶμ,
1036 3645 1128 3698 τοῦ
1156 3645 1211 3697 δὲ
1245 3644 1446 3698 Ἰωσίου
1474 3644 1712 3712 ἔκγονος,

162 3731 212 3782 ἐν
237 3733 342 3796 τοῖς
372 3733 512 3804 μετά
545 3736 646 3806 τὴν
677 3735 1050 3805 αἰχμαλωσίαν
1081 3735 1174 3789 καὶ
1225 3737 1305 3799 είς
1347 3735 1436 3788 τὸν
1484 3734 1714 3806 Χριστὸν

160 3823 656 3896 γενεαλογουμένοις
688 3826 1102 3897 ἀριθμούμενος,
1153 3825 1357 3879 τέλειον
1396 3825 1619 3897 ἀποδοίη
1648 3825 1715 3880 ἂν

160 3911 237 3964 τὸν
261 3913 364 3968 τῶν
402 3915 814 3988 δεκατεσσάρων
849 3917 1046 3986 γενεῶν
1077 3917 1302 3990 ἀριθμόν
1334 3919 1466 3991 (I9).

217 4089 280 4158 γ’.
317 4093 446 4164 Περὶ
474 4092 534 4146 δὲ
559 4091 651 4145 τοῦ
681 4092 771 4146 δύο
805 4093 1082 4162 γεγονέναι
1124 4094 1402 4166 Ἰωακεὶμ,
1435 4096 1715 4168 μαρτυρή-

157 4193 228 4230 σει
253 4180 284 4250 η
309 4179 416 4235 τῶν
444 4181 740 4235 Βασιλειῶν
770 4180 980 4253 Γραφὴ,
1014 4182 1198 4250 τοῦτον
1227 4183 1420 4254 ἔχουσα
1449 4184 1538 4237 τὸν
1586 4184 1710 4256 τρό-

156 4283 260 4321 πον·
302 4290 320 4321 ι
350 4273 462 4326 Καὶ
491 4271 807 4326 ἐϐασίλευσε
835 4271 1030 4346 Φαραὼ
1060 4274 1254 4346 Νεχαὼ
1271 4277 1362 4329 ἐπὶ
1381 4275 1473 4330 τὸν
1497 4275 1712 4348 Ἰσραὴλ

150 4355 230 4410 τὸν
269 4359 554 4433 Ἐλιακείμ
607 4361 720 4414 υἱὸν
765 4363 940 4417 Ἰωσία
1005 4362 1266 4434 βασιλέως
1333 4365 1531 4432 Ἰούδα,
1590 4365 1708 4419 ἀντὶ

1815 3196 2030 3249 cessor;
2061 3198 2281 3238 rursum
2310 3183 2448 3238 alter
2473 3182 2753 3238 Joacimus
2783 3184 3024 3254 prtedicti
3057 3184 3371 3255 homonymi

1815 3271 1978 3327 ﬁlius.
2024 3271 2090 3325 Hi
2130 3271 2404 3328 Jechoniae
2443 3290 2660 3344 quoque
2699 3275 2950 3344 appellati
2983 3275 3240 3338 fuerunt,
3271 3289 3371 3330 no-

1816 3364 1961 3417 mine
2008 3378 2195 3418 eorum
2247 3365 2312 3418 ad
2353 3363 2592 3418 Graecam
2629 3364 2855 3417 formam
2889 3365 3167 3420 inclinato.
3213 3363 3371 3420 Prior

1816 3453 1997 3524 itaque
2022 3452 2301 3510 Joacimus
2323 3494 2336 3518 ,
2370 3455 2619 3525 idemque
2645 3454 2937 3510 Jechonias
2955 3494 2970 3518 ,
3001 3457 3144 3509 ﬁlius
3173 3453 3367 3520 Jositc.

1814 3545 1870 3599 in
1917 3546 2362 3616 generationibus
2411 3552 2536 3599 ante
2579 3546 2948 3614 captivitatem
2989 3545 3366 3600 concludatur.

1814 3637 1985 3709 Hujus
2013 3648 2194 3694 autem
2223 3639 2366 3694 lilius
2385 3679 2399 3702 ,
2433 3640 2572 3693 alter
2597 3636 2875 3692 Joacimus
2895 3678 2910 3702 ,
2945 3637 3195 3707 idemque
3224 3639 3370 3708 pari-

1811 3739 1896 3786 ter
1918 3730 2211 3785 Jechonias
2234 3771 2248 3793 ,
2279 3730 2481 3800 prioris
2507 3728 2734 3784 Joacimi
2768 3730 2910 3785 ﬁlius
2929 3770 2941 3794 ,
2973 3727 3135 3784 Josia:
3164 3743 3366 3798 nepos,

1811 3823 1860 3877 si
1905 3837 2029 3876 cum
2076 3823 2144 3878 iis
2186 3830 2542 3876 recensentur
2590 3821 2682 3891 qui
2733 3823 2876 3875 inter
2920 3822 3287 3892 captivitatem
3317 3834 3371 3876 et

1813 3915 2086 3971 Christum
2140 3914 2386 3979 fuerunt,
2440 3916 2631 3985 plenus
2684 3915 2908 3971 exsistet
2960 3911 3365 3984 quatuozdecim

1811 4005 2216 4077 generationum
2250 4019 2527 4060 numerus.

1878 4095 1932 4150 '5.
1971 4093 2140 4149 Porro
2167 4094 2304 4148 duos
2335 4092 2504 4149 fuisse
2528 4089 2800 4148 Joacimos
2823 4134 2836 4158 ,
2868 4092 3176 4164 Regnorum
3203 4102 3370 4148 testa-

1812 4191 1900 4239 tur
1954 4183 2236 4256 Scriptura
2291 4185 2378 4240 his
2429 4185 2651 4240 verbis:
2687 4204 2704 4236 ι
2732 4183 3043 4256 Regemque
3087 4184 3370 4239 constituit

1809 4274 2020 4330 Pharao
2050 4275 2266 4334 Nechao
2297 4275 2620 4330 Eliacimum
2661 4273 2826 4330 Josia:
2869 4274 3039 4329 ﬁlium
3085 4290 3185 4345 pro
3218 4273 3368 4331 Josia

1811 4376 1962 4436 patre
1980 4367 2119 4436 ejus,
2145 4367 2415 4437 vertitque
2435 4381 2630 4420 nomen
2651 4366 2771 4434 ejus
2787 4365 3090 4420 Joacimum
3113 4366 3177 4421 ⁵⁸.
3203 4384 3221 4417 ›
3243 4365 3369 4432 Qui-

162 4450 326 4506 Ἰωσία
357 4455 451 4507 τοῦ
488 4454 694 4525 πατρὸς
718 4453 902 4507 αὐτοῦ·
939 4456 1034 4509 καὶ
1077 4456 1375 4527 ἐπέστρεψε
1425 4457 1485 4510 τὸ
1538 4455 1709 4528 ὄνομα

1819 4456 1916 4511 bus
1942 4456 2140 4512 deinde
2160 4456 2310 4509 addit
2337 4475 2348 4510 :
2379 4474 2396 4505 ι
2418 4453 2588 4509 Filius
2615 4454 2806 4524 viginti
2834 4453 3073 4524 quinque
3099 4467 3366 4508 annorum

148 4541 296 4596 αὐτοῦ
343 4546 657 4617 Ἰωακείμ.»
692 4541 785 4609 Οἷς
819 4545 941 4617 ἑξῆς
1001 4548 1259 4617 ἐπιλέγει·
1318 4569 1337 4600 α
1359 4549 1483 4612 Υἱὸς
1515 4550 1712 4602 εἰκοσι-

146 4633 295 4712 πέντε
327 4637 467 4690 ἐτῶν
518 4637 768 4707 Ἰωακεὶμ
784 4638 840 4690 ἒν
866 4636 942 4708 τῷ
971 4638 1270 4709 βασιλεύειν
1292 4641 1468 4694 αὐτόν·
1507 4641 1600 4694 καὶ
1627 4641 1714 4694 ἓν·

142 4719 264 4778 δεκα
291 4726 386 4798 ἔτη
421 4728 774 4782 ἐϐασίλευσεν
790 4731 848 4783 ὲν
881 4729 1284 4802 Ἰερουσαλήμ·»
1306 4729 1388 4793 οἷς
1420 4731 1712 4801 μεθ’ἓτερα

143 4815 398 4886 ἐπιλέγει·
441 4839 460 4871 ι
486 4819 599 4872 Καὶ
626 4819 694 4873 τά
715 4819 876 4874 λοιπά
926 4820 1032 4876 τῶν
1061 4821 1234 4890 λόγων
1290 4821 1564 4892 Ἰωακεὶμ,
1617 4823 1710 4876 καὶ

145 4905 310 4962 πάντα
338 4911 441 4964 ὅσα
461 4910 863 4982 ὲποίησεν,ούκ
917 4912 1023 4967 ίδοὺ
1076 4911 1432 4984 γεγραμμένα
1483 4913 1576 4965 ἐπὶ
1628 4911 1701 4981 βι·

143 4995 268 5068 ϐλίῳ
291 4999 468 5068 λόγων
495 5002 606 5056 τῶν
637 5003 858 5075 ἡμερῶν
892 5006 1004 5067 τοῖς
1032 5003 1336 5074 βασιλεῦσιν
1383 5001 1584 5067 Ἰούδα;
1613 5005 1706 5056 καὶ

141 5087 397 5162 ἐκοιμήθη
436 5093 696 5164 Ἰωακεὶμ
756 5094 893 5165 μετά
919 5095 1027 5148 τῶν
1079 5095 1329 5167 πατέρων
1390 5094 1574 5158 αὑτοῦ,
1614 5096 1709 5147 καὶ

141 5178 486 5236 ἐϐασίλευσεν
529 5184 780 5257 Ἰωακεὶμ
839 5186 950 5250 υἱὸς
1005 5187 1171 5241 αὐτοῦ
1224 5188 1336 5241 ἀντ’
1371 5183 1556 5238 αὐτοῦ·
1597 5186 1708 5248 υίὸς

139 5269 274 5324 ὀκτὼ
303 5277 399 5328 καὶ
426 5275 566 5330 δέκα
594 5277 730 5331 ἑτῶν
774 5278 1024 5349 Ἰωακεὶμ
1051 5281 1107 5332 ἐν
1148 5278 1222 5349 τῷ
1278 5277 1580 5350 βασιλεύειν
1609 5279 1705 5330 αύ-

207 5425 254 5458 ³⁶
292 5425 360 5482 IV
398 5427 542 5500 Reg.
577 5445 749 5497 χχιιι,
782 5431 869 5485 54.

204 5581 316 5650 (I9)
355 5583 600 5639 Tractus
625 5585 714 5638 hic
741 5583 974 5640 refertur
1010 5584 1171 5638 etiam
1199 5585 1252 5638 in
1287 5581 1484 5637 Niceta:
1513 5591 1704 5637 catena

137 5651 414 5722 φάναι.
445 5660 523 5722 ft,
561 5655 597 5706 I‘.
628 5654 716 5716 67,
754 5654 855 5709 hoc
897 5655 1052 5708 initio
1090 5673 1102 5707 :
1143 5655 1202 5706 Et
1233 5651 1340 5722 γὰρ
1380 5653 1470 5705 καὶ
1497 5649 1704 5722 δώδεκα

135 5719 379 5776 δοκοῦσιν
415 5719 560 5778 εἶναι
587 5727 634 5777 οἱ
668 5726 723 5778 ὲν
752 5726 813 5794 τῇ
847 5724 1003 5798 τρίτῃ
1037 5719 1254 5794 διαδοχῇ
1283 5719 1703 5792 γενεαλογούμεο

1808 4557 1924 4602 erat
1955 4543 2263 4612 Joacimus,
2298 4556 2349 4602 et
2376 4547 2534 4601 anuis
2569 4546 2816 4600 undecim
2845 4548 3089 4614 regnavit
3115 4543 3368 4600 Hierosoo

1807 4640 1985 4711 lymis.
2013 4660 2031 4693 ›
2052 4639 2264 4696 Rursus
2292 4638 2548 4708 deinceps
2595 4636 2850 4706 praedicta
2878 4637 3104 4691 historia
3131 4655 3145 4691 :
3177 4654 3197 4689 ι
3221 4636 3368 4692 ιιθιιο

1807 4746 1914 4802 qua
1951 4739 2131 4786 autem
2163 4743 2477 4784 sermonum
2507 4726 2738 4781 Joacimi
2770 4733 2823 4782 et
2848 4726 3030 4780 omnia
3058 4743 3178 4797 qua
3206 4727 3330 4782 fecit
3349 4765 3366 4795 ,

1805 4838 1987 4879 nonne
2013 4837 2143 4877 ecce
2169 4824 2369 4890 scripta
2395 4827 2523 4873 sunt
2552 4819 2604 4872 in
2633 4817 2775 4872 libro
2802 4833 3118 4875 sermonum
3156 4817 3367 4873 dierum

1814 4929 1998 4984 regum
2027 4911 2226 4967 Iudae?
2261 4909 2326 4964 Et
2357 4909 2617 4964 dormivit
2648 4906 2926 4962 Joacimus
2958 4922 3080 4961 cum
3117 4907 3367 4978 patribus

1813 5007 1926 5060 suis
1955 5023 1968 5060 :
2007 5003 2354 5073 regnavitque
2386 5001 2664 5056 Joacimus
2696 5000 2838 5055 Iilius
2870 5001 2990 5068 ejus
3037 5015 3135 5071 pro
3162 5015 3244 5055 eo.
3279 4998 3357 5054 Fl-

1812 5097 1915 5151 lius
1937 5094 2238 5150 octodecim
2264 5107 2528 5146 annorum
2555 5096 2670 5144 erat
2699 5087 2973 5153 Joacimus
2997 5104 3117 5143 cum
3145 5103 3369 5159 regnate

1811 5187 2012 5256 erepit,
2050 5184 2335 5253 tribusque
2365 5181 2647 5236 mensibus
2681 5179 2925 5249 regnavit
2954 5178 3364 5251 Hierosolymis.

1813 5277 2018 5332 Nomen
2066 5277 2256 5331 matris
2295 5275 2419 5346 ejus
2464 5273 2654 5329 Estha.
2687 5271 2752 5324 Et
2800 5270 2926 5326 fecit
2955 5272 3153 5325 malum
3181 5284 3365 5326 coram

1813 5598 1912 5645 νοι,
1949 5577 2065 5634 ἀλλ’
2102 5580 2280 5651 εὕροις
2323 5581 2388 5634 ἂν
2426 5578 2752 5651 ἀκριϐώσας,
2801 5589 2930 5650 etc.,
2967 5587 3024 5636 ut
3056 5579 3196 5651 apud
3224 5578 3364 5634 hanc

1813 5660 2062 5708 nostram
2086 5650 2356 5722 epi’tomeu
2389 5650 2655 5723 sequitur.
