3830 6260
448 307 555 385 θέτ

1068 312 1075 317 ’
1141 325 1409 383 EUSEBII
1443 321 1919 382 CESABIENSIS
1956 322 2105 381 OPP.
2146 321 2325 379 PARS
2363 321 2448 378 Ill.
2475 318 2966 378 —EXEGETICA.
3580 321 3669 382 913

451 442 681 499 Domino
698 482 714 507 ,
740 442 894 513 juxta
922 439 1108 495 omnia
1132 453 1255 511 qua
1286 436 1489 493 fecerat
1515 444 1669 509 pater
1693 438 1835 507 ejus.
1859 436 1989 493 Tem

2118 436 2228 489 τόν·
2264 434 2356 488 καὶ
2410 434 2671 506 τρίμηνον
2692 432 3039 489 ἐϐασίλευσεν
3066 431 3125 485 ὲν
3166 429 3545 502 Ἰερουσαλήμ·
3587 436 3669 487 καὶ

449 551 583 608 pore
631 534 726 589 illo
766 532 915 588 venit
955 529 1533 587 Nabuchodonosorus
1581 545 1672 584 rex
1724 528 1989 601 Babyloni

2116 525 2284 597 ὄνομα
2309 526 2374 595 τῇ
2404 523 2571 595 μητρὶ
2599 521 2762 578 αὑτοῦ
2796 521 2976 576 Ἐσθά·
3002 521 3097 575 καὶ⁸
3118 522 3340 592 ἐποίησε
3365 521 3428 577 τὸ
3454 524 3668 595 πονηρὸν

447 633 641 682 contra
664 623 1060 695 Hierosolyma,
1089 631 1143 679 et
1169 623 1303 679 urbs
1334 622 1438 678 fuit
1459 622 1708 676 obsessa.
1739 620 2016 676 Accessit-

446 730 553 786 que
572 714 1143 770 Nabuchodonosorus
1164 730 1259 768 rex
1284 713 1573 785 Babylonis
1598 713 1667 768 ad
1702 713 2011 776 civitatem,

2115 619 2172 670 ὲν
2202 614 2502 686 ὀφθαλμοῖς
2553 616 2756 687 Κυρίου
2810 616 2950 670 κατά
2994 615 3171 670 πάντα
3221 615 3323 669 ὅσα
3374 616 3619 684 ἐποίησεν
3644 621 3669 672 6

2116 711 2296 783 πατὴρ
2320 710 2506 764 αὑτοῦ.
2554 710 2642 764 Ἐν
2672 708 2751 779 τῷ
2802 708 2977 780 καιρῷ
3026 708 3217 779 ἐκείνῳ
3269 707 3436 778 ἀνέϐη
3472 707 3669 762 Ναϐου-

447 807 701 876 servique
740 807 862 876 ejus
903 806 1292 877 Oppugnabant
1330 820 1472 861 eam.
1514 805 1891 875 Egressusque
1930 818 1989 858 es

2114 804 2396 877 χοδονόσορ
2417 803 2665 874 βασιλεὺς
2689 800 3004 866 Βαϐυλῶνος
3050 803 3130 865 είς
3184 797 3561 874 Ἰερουσαλήμ·
3590 806 3669 856 καὶ

446 896 724 954 Joacimus
767 913 864 954 rex
901 896 1056 954 Iudae
1095 898 1163 954 ad
1209 912 1390 969 regem
1428 896 1760 968 Babylonis,
1797 896 1916 966 ipse
1958 911 1988 950 e

2110 894 2274 970 ἦλθεν
2306 898 2339 967 ὴ
2371 897 2525 961 πόλις
2547 897 2604 949 ὲν
2634 898 2883 968 περιοχῇ·
2937 896 3033 949 καὶ
3062 893 3309 965 εἰσῆλθεν
3357 895 3387 947 6
3432 893 3669 965 βασιλεὺς

453 988 597 1045 servi
626 988 748 1059 ejus
774 998 829 1044 et
854 996 1033 1044 mater
1056 998 1111 1045 et
1137 985 1429 1060 Optima'tes
1451 996 1506 1044 et
1529 986 1787 1043 eunuchi.
1810 984 2013 1041 Trans-

442 1081 675 1152 latasque
705 1089 838 1137 sunt
873 1080 1083 1137 bellicae
1114 1082 1268 1152 regni
1306 1082 1452 1137 vires
1485 1078 1876 1151 Hierosolymis
1910 1078 2013 1132 Ba-

440 1173 695 1246 bylonem
722 1174 953 1246 captiva:
973 1173 1066 1228 "‘.
1099 1194 1120 1227 ι
1144 1175 1296 1237 Alter
1313 1174 1476 1245 igitur
1502 1174 1591 1228 hic
1607 1182 1691 1229 est
1710 1170 2007 1239 Joacimus,

2113 989 2428 1053 Βαϐυλῶνος
2452 990 2510 1043 ὲν
2566 991 2633 1060 τῇ
2680 988 2855 1053 πόλει,
2900 987 2993 1040 καὶ
3035 986 3084 1040 οἱ
3138 985 3321 1049 παῖδες
3368 984 3668 1041 αὐτοῦ-ἑπο-

2108 1082 2356 1155 λιόρκουν
2416 1082 2607 1154 αὑτήν·
2665 1082 2758 1134 καὶ
2836 1077 3054 1151 ἐξῆλθεν
3114 1077 3368 1147 Ἰωακεὶμ
3432 1074 3668 1145 βασιλεὺς

2120 1174 2289 1229 Ἰούδα
2318 1175 2412 1227 ἐπὶ
2440 1173 2664 1245 βασιλέα
2699 1170 3034 1233 Βαϐυλῶνος,
3066 1169 3227 1232 αὐτὸς
3278 1168 3374 1221 καὶ
3403 1169 3455 1220 οἱ
3497 1167 3667 1231 “nam;

435 1265 533 1337 qui
554 1265 881 1338 Babylonem
907 1266 1227 1337 deportatus
1259 1265 1380 1322 fuit.
1409 1264 1461 1321 ls
1492 1265 1636 1322 idem
1664 1274 1811 1329 erat,
1844 1283 1987 1337 quen

2107 1266 2294 1332 αὐτοῦ,
2326 1266 2419 1321 καὶ
2449 1269 2481 1337 ἡ
2514 1267 2728 1336 μήτηρ,
2780 1264 2875 1317 καὶ
2905 1260 3147 1332 εὐνοῦχοι
3195 1259 3378 1315 αὑτοῦ·
3435 1259 3668 1324 καὶτοὺς

435 1353 758 1413 Jechoniam
800 1354 1066 1412 Jeremias
1105 1357 1345 1428 appellat
1364 1397 1379 1421 ,
1409 1354 1576 1412 Josias
1605 1371 1775 1426 nepos
1806 1371 1916 1411 non
1946 1356 2009 1411 li-

2109 1362 2361 1434 ίσχυροὺς
2405 1362 2504 1432 τῆς
2531 1358 2635 1429 γῆς
2667 1359 2950 1428 ἀπήγαγεν
2987 1354 3306 1409 ἀποικεσίαν
3333 1351 3395 1418 ἐξ
3420 1354 3669 1425 Ἰερουσα-

439 1449 566 1506 lius.
616 1447 826 1507 Idcirco
871 1450 919 1506 is
964 1449 1160 1505 merito
1209 1449 1699 1504 connumerabitur
1743 1449 1799 1504 in
1845 1452 1989 1505 terti:

2104 1454 2215 1526 λὴμ
2246 1456 2325 1518 είς
2357 1451 2705 1507 Βαϐυλῶνα.»
2748 1445 2914 1512 Οὗτος
2960 1447 3023 1519 δὴ
3052 1444 3145 1501 οὖν
3187 1449 3217 1500 6
3246 1446 3499 1517 δεύτερος
3533 1446 3667 1499 Ἰωα-

438 1542 617 1598 classe
653 1541 1067 1610 generationum
1108 1541 1524 1612 quatuordecim
1547 1580 1562 1606 ,
1597 1557 1719 1612 qme
1748 1556 1780 1595 a
1809 1540 2007 1599 Jecho-

433 1634 525 1689 nia
548 1634 617 1689 ad
639 1633 918 1690 Christum
940 1641 1272 1690 excurrunt:
1297 1633 1514 1689 interim
1536 1634 1665 1689 dum
1688 1643 1843 1705 pater
1859 1636 2002 1705 ejus,

2104 1547 2234 1618 κεὶμ
2258 1549 2337 1610 είς
2366 1545 2659 1599 Βαϐυλῶνα
2687 1543 2970 1614 ἀπαχθεὶς,
3004 1534 3159 1604 οὗτος
3189 1536 3256 1611 ἦν
3295 1539 3458 1603 αὐτὸς
3485 1540 3515 1592 6
3543 1538 3665 1610 πρὸς

2101 1638 2195 1694 τοῦ
2237 1641 2499 1711 Ἰερεμίου
2530 1636 2781 1708 Ἰεχονίας
2796 1634 3203 1707 ὠνομασμένος,
3226 1632 3445 1702 ἔκγονος
3476 1632 3663 1702 τυγχά-

430 1718 580 1781 Josia
624 1727 874 1797 genitus,
926 1742 1052 1781 cum
1101 1741 1202 1783 suo
1250 1734 1477 1798 parente
1520 1727 1579 1782 in
1629 1727 1989 1797 superioribus

2101 1748 2207 1786 νων
2237 1731 2330 1784 τοῦ
2369 1730 2569 1793 Ἰωσία,
2624 1731 2736 1784 ἀλλ’
2765 1730 2864 1801 οὺχ
2911 1728 3045 1790 υἱός·
3081 1725 3162 1780 διὸ
3190 1726 3416 1789 εἰκότως
3453 1724 3519 1779 ἂν
3552 1740 3663 1778 συν-

430 1819 876 1889 generationibus
916 1827 1261 1876 numeratur.
1314 1821 1492 1891 Atque
1522 1821 1597 1874 ita
1640 1821 1800 1876 nobis
1838 1822 1989 1876 etiam

2104 1824 2385 1895 αριθμοῖτο
2427 1826 2486 1878 ὲν
2514 1827 2579 1897 τῇ
2618 1825 2776 1899 τρίτῃ
2799 1822 3120 1894 γενεαλογία
3168 1818 3274 1873 τῶν
3312 1818 3422 1872 ἀπὸ
3455 1817 3663 1887 Ἰεχονία

430 1915 829 1981 postreinarum
877 1914 1294 1983 quatuordecim
1334 1914 1747 1984 generationum
1789 1914 1998 1985 integer

427 2001 720 2057 coniicitur
750 2019 1032 2061 numerus.

2105 1918 2263 1989 μέχρι
2288 1919 2382 1970 τοῦ
2437 1916 2672 1989 Χριστοῦ
2720 1917 2923 1986 γενεῶν
2960 1913 3389 1983 δεκατεσσάρων·
3446 1910 3537 1964 τοῦ
3570 1926 3662 1965 παν

2099 2008 2437 2081 τρὸςαὺτοῦ,
2463 2010 2521 2075 ὃς
2544 2006 2613 2081 ἦν
2642 2009 2737 2064 τοῦ
2778 2008 2958 2063 ἰωσία
2981 2010 3130 2070 παῖς,
3172 2007 3268 2059 σὺν
3301 2003 3379 2073 τῷ
3423 2003 3586 2074 πατρὶ
3609 2002 3661 2057 ὲν

424 2098 546 2161 ταῖς
569 2096 825 2169 ἀνωτέρω
843 2100 1056 2166 γενεαῖς
1107 2098 1336 2171 καταριθ
1346 2097 1637 2171 μουμένου·
1688 2101 1784 2154 xui
1822 2099 1992 2166 οὕτως
2028 2104 2161 2175 ἡμῖν
2185 2104 2278 2159 καὶ
2303 2106 2332 2158 6
2358 2103 2465 2156 τῶν
2527 2103 2773 2157 ὑστάτων
2831 2098 3241 2170 δεκατεσσάρων
3280 2095 3485 2166 γενεῶν
3548 2095 3660 2165 ἀριο

425 2186 561 2259 θμδς
587 2190 896 2245 συνίσταται
926 2190 1158 2262 πλήρης.

458 2310 468 2325 ”
1132 2324 1273 2379 xw.

622 2436 951 2514 falariﬁlins
991 2448 1240 2514 servator
1278 2449 1456 2514 noster
1494 2442 1743 2514 maluerit
1781 2460 1939 2514 quam

624 2507 821 2562 nobilis
851 2509 1082 2580 alicujus
1116 2511 1444 2582 illustrisque
1476 2513 1578 2567 viri
1609 2507 1795 2571 videri.

451 2432 586 2489 ηοω·

458 2653 463 2657 ’
493 2662 611 2719 Non
653 2664 722 2719 ad
753 2680 914 2722 suum
944 2667 1191 2724 divinum
1221 2686 1447 2742 regnum
1480 2675 1864 2731 ostentandum
1894 2691 1991 2729 ve-

420 2756 504 2811 nit
529 2774 543 2823 ;
576 2757 809 2829 ideoque
836 2774 937 2815 nec
965 2761 1204 2830 gloriose
1235 2779 1336 2819 nec
1365 2766 1674 2836 pompatice
1704 2768 1864 2824 nobis
1895 2768 1992 2822 ad-

421 2848 545 2907 fuit.
577 2848 751 2906 Porro
781 2852 885 2907 iter
916 2852 993 2906 illi
1023 2855 1082 2907 in
1116 2856 1315 2910 malum
1348 2856 1452 2910 fuit
1483 2857 1791 2926 ejusmodi,
1822 2868 1880 2913 ut
1908 2866 1989 2914 vi-

420 2952 530 2995 tam
558 2943 839 2999 hominum
869 2947 1145 3016 expiaret,
1177 2946 1305 3003 dum
1336 2964 1395 3004 se
1423 2966 1490 3004 ex
1520 2950 1799 3004 hominum
1829 2966 1990 3022 grege

419 3033 632 3105 Agnum
661 3034 752 3091 Dei
784 3037 946 3092 morti
976 3038 1232 3094 devotum
1260 3048 1313 3095 et
1341 3040 1672 3110 piacularem
1705 3056 1803 3111 pro
1830 3043 1989 3099 nobis

420 3124 679 3182 omnibus
723 3128 984 3184 traderet.
1032 3129 1399 3196 Quamobrem
1444 3136 1505 3186 ut
1532 3132 1649 3189 sine
1679 3134 1792 3188 ullo
1817 3134 1989 3205 impe-

2834 2332 2933 2386 IA'.

2098 2453 2200 2508 Διὰ
2218 2455 2280 2506 τί
2300 2450 2406 2507 τοῦ
2428 2450 2707 2513 τέκτονος
2730 2445 2859 2511 υίὸς
2888 2447 2920 2498 ό
2972 2441 3174 2513 Σωτὴρ
3224 2442 3395 2513 ἡμων
3419 2438 3653 2513 expuat.

2166 2537 2357 2585 τισεν,
2410 2523 2546 2577 ἀλλ’
2597 2511 2873 2582 οὑτινὸς
2922 2512 3219 2582 ἐπισήμου
3265 2512 3366 2566 καὶ
3420 2511 3649 2577 ἐνδόξου

2165 2593 2406 2658 ἀνδρός.

2167 2610 2570 2755 ἓζοὲθῗνςένθεον
2594 2677 2755 2735 αὐτοῦ
2782 2675 3054 2748 βασιλείαν
3087 2673 3366 2740 ἐπιδείξων
3392 2673 3642 2746 ἐλήλυθεν·

2094 2776 2217 2831 ἐπεὶ
2245 2775 2378 2848 μηδὲ
2417 2772 2726 2844 φανητικῶς
2754 2772 2848 2825 καὶ
2878 2773 3251 2834 ἐπιδεικτικως
3282 2772 3416 2841 ἡμῖν
3447 2768 3642 2840 παρῄει·

2096 2872 2129 2943 ἡ
2168 2870 2223 2924 δὲ
2255 2869 2373 2932 ὁδὸς
2409 2866 2557 2938 αὐτῴ
2583 2866 2682 2938 τῆς
2720 2868 2798 2929 είς
2830 2866 3089 2937 οὐρανοὺς
3117 2863 3353 2934 ἀφίξεως
3373 2862 3468 2915 ἐπὶ
3494 2860 3641 2929 τούτῳ

2096 2962 2324 3032 έγίνετο,
2359 2960 2444 3030 ἐφ’
2483 2952 2605 3028 ᾧτε
2657 2958 2747 3012 τὸν
2796 2958 2901 3011 τῶν
2945 2955 3245 3030 ἀνθρώπων
3297 2955 3413 3024 βίον
3441 2969 3641 3023 περικα-

2097 3054 2336 3127 θάροιτο,
2361 3053 2453 3105 τὸν
2486 3054 2550 3105 ὲκ
2576 3052 2674 3123 τῆς
2701 3050 2809 3104 τῶν
2834 3050 2928 3103 ἀνθ
2939 3049 3132 3121 ρώπων
3159 3048 3359 3118 ἀγέλης
3382 3046 3545 3117 ἀμνὸν
3562 3043 3639 3096 τοῦ

2092 3148 2229 3203 Θεοῦ
2261 3146 2551 3218 ἀντίψυχον
2580 3144 2675 3199 καὶ
2703 3144 2997 3215 καθάρσιον
3047 3140 3187 3212 ὑπὲρ
3249 3139 3467 3193 πάντων
3509 3136 3638 3207 ἡμῶν

420 3214 663 3272 dimento
706 3218 774 3272 ad
808 3220 953 3275 hunc
983 3221 1143 3277 linem
1175 3222 1453 3288 tenderet,
1483 3224 1773 3295 plurimam
1802 3226 1989 3297 prodi~

2098 3240 2255 3304 αὐτὸς
2282 3238 2472 3292 ἑαυτὸν
2499 3235 2731 3300 ἐπιδούς·
2767 3235 2833 3289 ἵν’
2867 3231 2959 3289 οῦν
2991 3230 3444 3305 ἀπαραποδίστως
3469 3230 3541 3292 εἰς
3568 3227 3639 3280 τέ-

420 3307 631 3377 giorum
661 3325 883 3366 suorum
916 3320 1129 3383 partem
1162 3314 1445 3370 celandam
1479 3316 1830 3388 tenebrisque
1855 3333 1987 3389 ope-

418 3400 665 3459 riendam
693 3403 952 3468 curabat,
982 3404 1143 3460 modo
1173 3412 1364 3461 vetans
1391 3406 1684 3477 quominus
1715 3422 1803 3464 res
1824 3416 1989 3481 gesta

417 3494 532 3547 suae
572 3494 628 3549 in
671 3494 819 3567 vulgi
859 3496 1112 3551 notitiam
1153 3496 1498 3564 efferrentur,
1543 3500 1709 3555 modo
1742 3501 1862 3557 loca
1893 3501 1987 3557 de-

418 3591 565 3640 serta
596 3601 831 3658 sequens
859 3598 1022 3662 atque
1066 3590 1122 3646 in
1166 3592 1448 3647 montibus
1501 3594 1983 3650 commorationes.

415 3675 561 3746 Quin
612 3681 777 3737 etiam
833 3682 1072 3739 divinam
1130 3701 1284 3739 suam
1332 3686 1870 3758 transﬁgurationem
1914 3703 1986 3743 ne

417 3772 634 3827 cunctis
670 3773 889 3844 quidem
936 3775 1225 3847 discipulis
1255 3778 1371 3835 suis
1391 3818 1405 3842 ,
1437 3778 1534 3834 sed
1566 3779 1744 3835 tribus
1774 3786 1984 3837 tantum

415 3863 696 3933 ostendit;
727 3866 922 3938 hisque
951 3868 1087 3923 adeo
1116 3868 1426 3935 mandavit,
1461 3886 1530 3926 ne
1571 3871 1661 3925 cui
1696 3887 1871 3927 visum
1899 3872 1985 3928 di-

415 3964 637 4020 cerent,
666 3957 842 4013 donec
872 3956 1042 4015 Filius
1069 3958 1305 4015 hominis
1334 3976 1364 4015 a
1393 3964 1623 4018 mortuis
1654 3971 1980 4035 resurgeret.

413 4045 603 4119 Neque
651 4064 752 4120 pro
802 4051 961 4107 nobis
1000 4068 1063 4107 ea
1116 4068 1316 4123 passus
1370 4063 1550 4119 esset,
1605 4071 1729 4127 qua:
1777 4058 1982 4128 scripta

412 4158 573 4217 sunt,
607 4152 655 4208 si
686 4153 959 4223 magniﬁci
991 4153 1135 4227 regis
1164 4157 1345 4226 specie
1372 4156 1668 4229 divinoque
1718 4173 1844 4213 cum
1885 4174 1981 4214 co-

414 4244 608 4301 mitatu
651 4251 746 4299 aut
784 4246 1028 4301 exercitu
1084 4247 1531 4313 adventavisset,
1583 4248 1749 4302 simul
1796 4248 1981 4304 divina

413 4336 664 4408 prodigia
698 4336 868 4393 edens
889 4377 904 4401 ,
938 4353 1107 4412 seque
1136 4340 1399 4395 universa
1462 4344 1662 4393 natura
1710 4342 1979 4410 potiorem

411 4428 820 4487 demonstrans.
866 4428 1033 4487 Recte
1072 4432 1259 4503 igitur,
1289 4433 1592 4489 secundum
1622 4433 1976 4504 Apostolum,

414 4536 437 4574 ι
460 4535 523 4577 se
545 4520 724 4592 ipsum
753 4521 1081 4587 exinanivit,
1112 4522 1341 4579 formam
1371 4525 1514 4580 servi
1544 4527 1821 4596 accipiens
1851 4526 1921 4591 ⁵⁹,
1955 4547 1973 4579 ι
2013 4560 2057 4614 D

408 4611 780 4683 pauperisque
804 4611 1027 4684 Iosephi
1058 4630 1165 4669 non
1192 4616 1465 4670 recusavit
1495 4616 1637 4674 illius
1665 4617 1859 4672 videri.
1889 4616 1982 4673 Sic

406 4701 556 4758 enim
604 4703 846 4760 veridica
889 4717 1112 4775 apparet
1158 4709 1428 4763 sententia
1474 4707 1542 4764 de
1582 4708 1677 4762 illo
1708 4708 1976 4780 loquens:

414 4812 434 4846 s
465 4810 593 4851 cum
624 4804 770 4875 esset
796 4797 950 4853 dives
977 4839 991 4863 ,
1028 4807 1250 4869 propter
1282 4816 1384 4856 nos
1417 4816 1622 4868 egenus
1649 4801 1827 4859 factus
1860 4811 1975 4869 est,

408 4891 469 4944 ut
495 4886 645 4944 illius
671 4887 851 4959 inopia
880 4904 979 4945 nos
1007 4890 1203 4947 divites
1233 4890 1484 4948 lieremus
1516 4894 1581 4942 ⁸ο.
1615 4911 1634 4944 ›

1133 5105 1247 5162 XV.

408 5216 651 5284 Quonam
685 5229 838 5289 pacto
875 5220 1084 5276 dicatur
1116 5220 1271 5343 stus
1308 5239 1461 5291 super
1481 5220 1699 5277 Davidis
1734 5221 1976 5275 thronum

1086 5310 1139 5343 88
1180 5309 1300 5343 1888.

1086 5309 1300 5348 seatsse.

479 5382 534 5437 l.
575 5381 925 5437 Multifariam
956 5383 1278 5451 intelligitur
1308 5381 1528 5439 Davidis
1561 5382 1822 5437 thronus.
1856 5380 1976 5437 Uno

405 5472 624 5542 quidem
650 5473 812 5529 modo
830 5512 845 5539 .,
871 5474 1038 5528 vcluti
1068 5474 1114 5528 si
1138 5474 1263 5544 quis
1291 5474 1587 5545 signiﬁcari
1618 5473 1764 5529 dicat
1788 5474 1941 5530 illum
1961 5517 1975 5540 ,

2088 3330 2176 3395 λος
2206 3329 2399 3402 ἀχθείη
2424 3326 2602 3392 τοῦτο,
2652 3326 2721 3381 τὰ
2756 3326 2980 3380 πλεῖστα
3017 3325 3123 3378 τῶν
3177 3323 3339 3377 αὐτοῦ
3372 3321 3636 3393 θαυμάτων

2087 3420 2404 3494 ἀπέκρυπτέ
2435 3437 2495 3473 τε
2524 3419 2617 3473 καὶ
2640 3417 2950 3482 ὲπεσκίαζε,
2975 3417 3102 3471 ποτὲ
3150 3416 3247 3487 μὲν
3276 3411 3549 3484 παραινῶν
3575 3410 3632 3483 μὴ

2088 3489 2168 3579 είς
2193 3489 2399 3576 πάντας
2426 3511 2677 3584 ἐκφέρειν
2706 3509 2773 3563 τὰ
2805 3510 2895 3563 ὑπ’
2917 3506 3079 3562 αὑτοῦ
3118 3506 3487 3579 πραττόμενα,
3526 3502 3630 3557 ποτὲ

2085 3606 2143 3661 δὲ
2173 3605 2272 3670 τὰς
2302 3604 2537 3677 ἐρημίας
2566 3601 2776 3656 διώκων
2809 3603 2902 3655 καὶ
2929 3600 3026 3664 τὰς
3053 3602 3109 3653 ὲν
3133 3601 3244 3663 τοῖς
3276 3598 3428 3669 ὄρεσι
3455 3597 3629 3667 διατρι-

2087 3698 2205 3764 ϐάς·
2238 3699 2331 3752 καὶ
2352 3696 2449 3768 τὴν
2499 3686 2679 3749 ἔνθεον
2724 3694 2888 3750 αὑτοῦ
2920 3692 3341 3766 μεταμόρφωσιν
3398 3689 3513 3744 οὐδὲ
3537 3690 3629 3751 τοῖς

2088 3788 2249 3844 αὐτοῦ
2280 3788 2543 3862 μαθηταῖς
2561 3788 2781 3852 ἅπασιν,
2800 3786 2977 3857 μόνοις
2994 3784 3051 3838 δὲ
3067 3784 3241 3856 τρισὶν
3259 3824 3274 3846 ,
3297 3782 3626 3837 ἐπεδείκνυτο·

2084 3882 2267 3946 αὐτοῖς
2321 3899 2380 3935 τε
2435 3879 2642 3943 τούτοις
2699 3876 3093 3949 παρεκελεύετο
3156 3875 3345 3948 μηδενὶ
3387 3874 3541 3943 φάναι
3580 3870 3626 3923 τθ

2083 3974 2286 4047 ὅραμα,
2308 3973 2411 4037 ἕως
2437 3972 2503 4026 ἂν
2520 3974 2548 4025 ό
2564 3970 2687 4034 Υἱὸς
2702 3970 2794 4023 τοῦ
2818 3968 3099 4041 ἀνθρώπου
3127 3969 3190 4020 ὲκ
3213 3965 3419 4038 νεκρῶν
3436 3963 3621 4036 ἐγερθῇ·

2082 4066 2182 4119 οὐκ
2216 4066 2280 4119 ἂν
2308 4065 2364 4119 δὲ
2391 4063 2589 4118 ἔπαθεν
2624 4063 2763 4135 ὑπὲρ
2790 4061 2946 4134 ήμῶν
2978 4061 3047 4115 τὰ
3084 4058 3560 4130 ἀναγεγραμμένα,
3584 4055 3621 4106 εί

2082 4154 2170 4216 οῗά
2194 4177 2274 4223 τις
2298 4158 2504 4223 ἔνδοξος
2531 4157 2779 4229 βασιλεὺς
2808 4155 2945 4227 μετά
2998 4154 3322 4226 δορυφορίας
3349 4151 3524 4205 ἐνθέου
3546 4148 3621 4202 καὶ

2082 4252 2435 4326 παρατάξεως
2480 4251 2655 4323 ἐπῄει·
2691 4233 2825 4321 δμοῦ
2885 4249 2979 4303 καὶ
3018 4248 3118 4311 τὰς
3172 4247 3390 4310 ἐνθέους
3420 4241 3619 4317 ἐνεργῶν

2083 4343 2555 4416 παραδοξοποιῖας,
2617 4341 2751 4413 ὁμοῦ
2800 4341 2893 4395 καὶ
2949 4340 3232 4412 κρείττονα
3289 4339 3478 4392 ἑαυτὸν
3523 4338 3617 4388 ἐπι·

2079 4434 2289 4500 δεικνὺς
2314 4433 2493 4504 πάσης
2512 4434 2742 4504 φύσεως·
2778 4432 2999 4496 εἰκότως
3036 4428 3127 4486 οὖν
3175 4430 3317 4485 κατά
3357 4431 3447 4483 τὸν
3486 4426 3617 4481 Ἀπό-

2086 4527 2289 4593 στολον,
2318 4547 2335 4579 ι
2370 4526 2556 4581 ἑαυτὸν
2615 4528 2847 4580 ὲκένωσε
2907 4525 3116 4597 μορφὴν
3179 4523 3364 4576 δούλου
3413 4519 3610 4575 λαϐὼν·ι

2085 4621 2176 4672 καὶ
2202 4618 2294 4673 τοῦ
2321 4619 2547 4689 πένητος
2591 4617 2783 4689 Ἰωσὴφ
2816 4617 2926 4682 υἱὸς
2953 4618 3053 4670 οὐκ
3079 4616 3393 4686 ἀπηνήνατο
3436 4627 3615 4684 χρημα-

2080 4714 2245 4766 τίσαι·
2275 4714 2358 4765 ἵνα
2386 4714 2480 4767 καὶ
2507 4712 2679 4775 οῦτως
2701 4709 3043 4781 ὲπαληθεύση
3070 4709 3128 4761 τὸ
3156 4708 3363 4776 φάσκον
3396 4705 3510 4777 περὶ
3534 4704 3612 4755 αὖ·

2079 4803 2172 4855 τοῦ
2240 4803 2449 4872 λόγιον·
2502 4823 2521 4856 ι
2560 4805 2679 4857 Ὀτι
2731 4802 2981 4865 πλούσιος
3031 4799 3124 4863 ῶν,
3178 4800 3246 4852 δι’
3274 4801 3421 4870 ἡμᾶς
3469 4794 3612 4849 ἐπτώ-

1996 4934 1997 4937 η
2078 4912 2301 4967 χευσεν,
2361 4896 2447 4949 ἵνα
2517 4897 2676 4967 ἡμεῖς
2740 4898 2805 4966 τῇ
2875 4892 3036 4947 αὐτοῦ
3097 4892 3343 4963 πτωχεία
3411 4887 3607 4945 πλουτή-

2078 5006 2279 5060 σωμεν.
2293 4992 2345 5041 ι’

2806 5098 2907 5151 IE'.

2079 5214 2211 5281 Πῶς
2267 5216 2364 5268 ἐπὶ
2430 5214 2537 5268 τὸν
2597 5212 2827 5336 θρόφῖἔν
2870 5210 3107 5353 λῗέὃῖαι
3175 5207 3350 5263 Δαϐὶδ
3407 5207 3604 5259 152209:-

2827 5300 2886 5335 αι
3033 5320 3048 5341 .

2827 5300 2886 5335 αι
2915 5300 3048 5341 (Συ).

2146 5372 2215 5432 α’.
2247 5378 2525 5449 Διαφόρως
2550 5378 2748 5430 νοεῖται
2777 5377 2805 5429 ὁ
2834 5374 3019 5446 θρόνος
3052 5372 3232 5426 Δαϐίδ·
3269 5369 3386 5426 καθ’
3416 5367 3499 5419 ἕνα
3520 5360 3601 5449 {si}?

2078 5472 2299 5545 τρόπον,
2330 5443 2450 5525 καθ’
2481 5471 2539 5524 ὃν
2577 5473 2719 5525 είποι
2764 5470 2829 5525 ἄν
2868 5443 2956 5534 τις
3010 5465 3297 5539 δηλοῦσθαι
3357 5461 3437 5517 τὸν
3466 5456 3536 5525 ἐφ’

474 5626 535 5657 ⁸⁸⁸
575 5625 635 5681 ιν
677 5626 810 5698 Reg.
850 5643 999 5696 xxiv,
1034 5627 1190 5683 5-H.
1267 5629 1313 5660 "
1353 5594 1551 5700 Philip.
1588 5645 1662 5694 ll,
1696 5629 1765 5695 7.,
1809 5630 1851 5660 ⁶⁰
1884 5627 1926 5682 ll
1954 5628 1989 5684 C

2124 5644 2239 5691 vm,
2279 5627 2330 5682 9.

477 5780 601 5863 (20).
628 5781 764 5837 Cum
797 5782 898 5837 hac
928 5799 993 5837 xv
1024 5783 1325 5853 quaestione
1349 5783 1665 5839 conferatur
1696 5784 1809 5853 ipse
1834 5782 2100 5840 Eusebius
2133 5782 2436 5838 Demanstr.
2472 5793 2654 5850 evang.
2688 5776 2783 5834 lib.
2813 5789 2911 5844 vn,
2945 5791 2998 5849 p.
3035 5773 3159 5831 353.
