3830 6260
137 375 223 433 9‘29
646 361 1114 433 QUESTIONES
1152 357 1614 416 EVANGELICE
1652 357 1744 411 AD

137 482 390 547 ἐκαθέζετο
414 475 882 550 βασ“ιλεύων,τό.χα
911 492 1013 527 που
1044 472 1103 539 ἐξ
1142 473 1430 541 ἐλέφαντος
1459 470 1551 523 καὶ
1580 468 1748 545 665,1

137 576 225 630 λων
266 568 652 639 πεποιημένον,
699 564 886 637 χρυσῷ
936 582 998 618 τε
1030 564 1122 618 καὶ
1169 563 1334 627 λίθοις
1377 560 1672 632 βασιλικοῖς

138 660 529 735 κεκοσμημένον·
559 657 679 712 καθ’
704 658 888 730 ἓτερον
919 657 975 711 δὲ
1002 657 1124 711 καθ’
1157 656 1215 710 ὃν
1244 657 1342 728 τὴν
1374 655 1547 727 ἀρχὴν
1578 655 1674 709 αὐ-

135 760 217 831 τὴν
241 756 324 811 καὶ
352 753 446 823 τὴν
468 750 606 806 κατὰ
630 752 826 815 παντὸς
854 750 947 804 τοῦ
976 749 1159 814 ἔθνους
1201 748 1514 822 ἡγεμονίαν,
1545 746 1673 819 θρό-

136 869 209 906 νον
238 846 495 920 βασιλείας
536 844 805 915 εἰώθαμεν
850 843 1162 897 ἀποκαλείψ
1196 841 1377 913 τρίτος
1430 841 1496 894 ἂν
1523 840 1671 911 παρὰ

136 945 241 1009 τούς
266 938 575 1011 εἰρημένους
629 936 844 1007 λεχθείη
873 936 1073 1007 τρόπος
1096 976 1110 1001 ,
1152 933 1273 988 καθ’
1309 933 1367 987 ὃν
1414 934 1443 985 6
1496 933 1661 1002 ἐπηγ-

136 1033 363 1105 γελμένος
390 1030 495 1084 ὐπὸ
525 1029 619 1084 τοῦ
645 1028 780 1082 Θεοῦ
818 1026 895 1099 τῶ
945 1024 1111 1081 Δαόὶδ
1138 1026 1323 1100 θρόνος
1349 1024 1671 1098 όνομασθείη

137 1123 191 1176 ἂν
217 1118 387 1181 αὐτοῦ,
419 1118 519 1171 οὐκ
548 1117 632 1185 ἐφ’
655 1117 715 1170 ὃν
733 1117 895 1180 αὐτὸς
918 1115 1207 1188 ὲκαθέσθη,
1230 1115 1341 1169 ἀλλ’
1368 1116 1427 1169 ὃν
1457 1115 1546 1169 διὰ
1566 1115 1674 1169 τῶν

136 1213 250 1284 πρὸς
276 1212 426 1265 αὐτὸν
447 1208 762 1282 θεοπρεπῶν
784 1210 834 1263 οἱ
861 1209 993 1263 θεῖοι
1026 1209 1173 1278 λόγοι
1219 1209 1551 1280 περιέχουσι·
1582 1209 1676 1278 γέ-

137 1318 343 1375 γραπται
371 1298 476 1371 γὰρ
533 1302 592 1353 ὲν
647 1298 986 1370 ὀγδοηκοστῷ
1034 1299 1204 1369 ὀγδόῳ
1248 1297 1464 1370 ψαλμῷ·
1506 1316 1524 1351 ι
1587 1298 1674 1363 Ὣς

136 1394 295 1464 ὤμοσα
322 1389 480 1445 Δαϐἰδ
500 1388 576 1460 τῷ
605 1389 775 1461 δούλῳ
806 1390 1050 1461 μου,έως
1070 1390 1163 1443 τοῦ
1185 1389 1377 1453 αἰῶνος
1406 1389 1676 1460 ἑτοιμάσω

138 1486 186 1541 τὸ
213 1484 414 1554 σπέρμα
444 1499 565 1535 σου·
600 1482 697 1537 καὶ
749 1483 1086 1555 οἰκοδομήσω
1133 1485 1211 1546 εἰς
1244 1483 1437 1552 γενεὰν
1466 1483 1558 1536 καὶ
1586 1498 1676 1550 γε-

137 1577 241 1630 νεὰν
296 1576 378 1629 Ιτὸν
454 1573 641 1647 θρόνον
704 1591 822 1629 σου.
857 1592 877 1626 ι
915 1574 1024 1628 Καὶ
1084 1573 1264 1627 πάλινο
1305 1592 1322 1624 ι
1361 1572 1471 1626 Καὶ
1513 1570 1673 1642 θήσοο

139 1685 218 1739 μαι
244 1668 316 1730 εἰς
362 1666 448 1719 τὸν
481 1664 651 1719 αἰῶνα
682 1665 776 1719 τοῦ
830 1664 1024 1728 αἰῶνος
1089 1664 1152 1718 τὸ
1211 1662 1433 1734 σπέρμα
1487 1659 1673 1727 αὐτοῦ,

135 1759 308 1814 καὶτὸν
335 1756 514 1829 θρόνον
555 1756 720 1810 αὐτοῦ
742 1756 815 1822 ὡς
847 1756 946 1820 τὰς
979 1758 1190 1828 ἡμέρας
1218 1755 1310 1810 τοῦ
1368 1753 1617 1828 ούρανοῦ.
1650 1774 1669 1807 ι

137 1853 226 1907 Καὶ
254 1850 419 1904 πάλιν
455 1868 475 1901 ι
515 1848 700 1914 Ἀπαξ
728 1849 916 1921 ὤμοσα
939 1852 996 1903 ἐν
1025 1850 1103 1921 τῷ
1148 1850 1288 1919 ἁγίῳ
1340 1867 1462 1920 μου,
1517 1851 1564 1901 εἰ
1596 1848 1675 1921 τῷ

136 1941 272 1996 Δασὶδ
297 1941 585 2012 ψεύσομαι,
618 1942 678 1995 τὸ
713 1941 935 2013 σπέρμα
957 1938 1123 1995 αὐτοῦ
1152 1942 1233 2003 εἰς
1260 1941 1348 1993 τὸν
1384 1939 1555 1994 αἰῶνα
1583 1941 1680 2012 μέ·-

136 2051 218 2100 νει,
242 2037 326 2088 καὶ
350 2036 377 2087 6
408 2032 600 2104 θρόνος
623 2032 787 2086 αὐτοῦ
818 2032 893 2096 ώς
916 2034 945 2085 6
977 2031 1128 2102 ἥλιος
1155 2030 1398 2084 ἐναντίον
1432 2030 1682 2101 μου,’κα“ι

136 2128 196 2189 ὼς
219 2128 247 2197 ή
270 2126 455 2197 σελήνη
484 2123 900 2195 κατηρτισμένη
927 2125 1007 2187 εἰς
1029 2122 1120 2176 τὸν
1148 2121 1341 2185 αἰῶνα,
1374 2122 1469 2175 καὶ
1494 2125 1522 2175 6
1550 2120 1683 2193 μάρ-

135 2234 213 2281 τυς
242 2219 294 2270 ἐν
321 2216 533 2288 οὐρανῷ
561 2216 804 2281 πιστός.»
1515 2235 1528 2244 ·

192 2306 247 2378 β’.
290 2308 433 2361 Ἐπεὶ
457 2308 643 2361 τοίνυν
666 2307 852 2379 θρόνον
903 2307 979 2370 ὡς
1009 2305 1109 2370 τὰς
1141 2305 1351 2378 ἡμέρας
1399 2305 1491 2358 τοῦ
1520 2305 1682 2375 οὐρα-

136 2397 231 2463 νοῦ,
259 2399 344 2452 καὶ
368 2399 440 2463 ὡς
464 2399 562 2452 τὸν
595 2398 767 2453 αἰῶνα
794 2398 1115 2469 διαμένοντα
1161 2396 1352 2451 δώσειν
1379 2394 1682 2467 ὲπήγγελτο

137 2490 209 2544 διὰ
230 2490 327 2544 τῶν
348 2492 657 2563 εἰρημένων
693 2493 722 2544 6
753 2491 885 2555 Θεὸς
934 2490 1012 2562 τῷ
1044 2490 1228 2554 Δαϐὶδ,
1263 2489 1429 2561 πολλὴ
1456 2489 1555 2560 μέν
1600 2505 1683 2553 τις

136 2577 192 2652 ἦν
217 2584 294 2637 διὰ
319 2584 484 2639 ταῦτα
534 2584 615 2654 τῷ
661 2586 825 2637 παντὶ
864 2585 1129 2638 Ἰουδαίων
1187 2583 1330 2637 ἔθνει
1386 2583 1681 2655 προσδοκία

140 2679 244 2748 περί
274 2678 361 2732 τοῦ
382 2678 713 2750 δηλωθέντος
745 2678 954 2751 θρόνου·
987 2677 1190 2749 βραχὺν
1249 2677 1304 2731 δὲ
1351 2676 1542 2748 χρόνον
1587 2676 1680 2729 τοῦ

138 2766 274 2821 Δαόὶδ
324 2769 695 2840 ἡγησαμένου,
750 2770 843 2822 καὶ
899 2768 1206 2840 Σολομῶνος
1257 2768 1373 2841 μετ’
1408 2769 1590 2833 αὐτὸν,
1620 2768 1680 2821 ού

143 2856 231 2929 μὴν
249 2858 375 2914 ἀλλὰ
401 2862 492 2915 καὶ
514 2860 628 2915 τῶν
649 2859 907 2931 διαδόχων
938 2860 1039 2932 τῆς
1065 2861 1242 2916 αὐτῶν
1296 2860 1571 2931 βασιλείας
1603 2862 1683 2924 εἰς

150 2950 369 3020 Ἰεχονίαν
396 2953 489 3006 καί⁸
545 2953 645 3024 τὴν
677 2954 756 3017 εἰς
788 2951 1080 3006 Βαϐυλῶνα
1112 2952 1486 3024 αἰχμαλωσίαν
1517 2968 1684 3006 κατα-

142 3042 470 3113 πρεψὰντων,
496 3044 578 3108 ὡς
606 3044 663 3111 ἐξ
686 3043 894 3097 ἐκείνου
925 3044 1177 3099 λελύσθαι
1214 3045 1306 3099 τὸν
1350 3044 1534 3117 θρόνον
1585 3047 1684 3118 τῆς

142 3132 380 3202 βασιλείας
411 3134 599 3198 Δαῦὶδ,
648 3134 819 3188 ἐδόκει
850 3134 920 3189 τὰ
971 3136 1073 3207 τῆς
1097 3135 1206 3190 τῶν
1229 3135 1386 3190 θείων
1419 3136 1683 3208 χρησμῶν

140 3227 435 3298 ἐπαγγελίας
470 3229 549 3301 μὴ
574 3229 938 3285 συνίστασθαι·
964 3229 1122 3283 τοῦτο
1161 3224 1254 3283 οὖν
1277 3228 1408 3282 αὐτὸ
1436 3228 1515 3300 τῷ
1555 3228 1683 3299 θείῳ

139 3314 382 3387 Πνεύματι
415 3319 582 3374 πάλιν
613 3320 642 3372 6
701 3320 864 3383 αὐτὸς
887 3319 1102 3391 ψαλμὸς
1144 3318 1502 3392 προαγορεύει
1558 3318 1686 3388 έξῆς

140 3409 232 3470 τοῖς
256 3411 708 3483 προπαρατεθεῖσι
736 3411 932 3481 λέγων·
989 3431 1008 3464 ι
1045 3411 1155 3465 Ποῦ
1178 3414 1284 3465 εἰσι
1316 3411 1385 3465 τὰ
1415 3412 1539 3483 ἐλέη
1592 3428 1686 3464 σου

140 3495 198 3550 τὰ
218 3499 422 3571 ἀρχαῖα,
454 3502 654 3574 Κύριε,
682 3503 718 3558 ἃ
737 3502 959 3575 ὤμοσας
988 3502 1067 3575 τῷ
1091 3503 1255 3557 Δαὸἱδ
1274 3504 1331 3557 ὲν
1359 3506 1426 3575 τῇ
1462 3501 1690 3575 ἀληθείᾳ

143 3602 251 3656 σου;
291 3609 308 3642 ι
344 3592 452 3646 Kal.
479 3595 586 3665 τήν
604 3611 667 3663 γε
700 3594 1020 3668 καθαίρεσιν
1047 3595 1148 3666 τῆς
1202 3594 1479 3666 βασιλείας
1500 3592 1686 3660 αὐτοῦ,

141 3681 331 3756 καὶτῆς
358 3685 610 3759 διαδοχῆς
640 3687 827 3752 αὐτοῦ,
844 3685 935 3741 τοῦ
964 3687 1152 3760 θρόνου
1186 3705 1245 3740 τε
1274 3687 1373 3758 τὴν
1389 3703 1692 3758 καταστρο-

143 3772 230 3844 φὴν
261 3775 552 3851 διαρρήδην
600 3780 959 3850 ὑποσημαίνει
991 3780 1151 3834 πάλιν
1184 3779 1310 3848 ἑξῆς
1342 3778 1431 3833 διὰ
1463 3778 1687 3832 τούτων’

146 3884 162 3915 ι
191 3867 255 3920 Σύ
280 3869 334 3923 δὲ
365 3872 574 3927 ἀπώσω
626 3873 718 3927 καὶ
764 3873 1145 3940 ὲξουδένωσας,
1182 3872 1373 3943 Κύριε’
1428 3871 1690 3925 ἀνεϐάλου

141 3957 219 4013 τὸν
244 3962 469 4034 Χριστόν
496 3983 613 4030 σου,
644 3967 1013 4039 κατέστρεψας
1046 3966 1142 4039 τήν
1162 3966 1427 4038 διαθήκην
1455 3965 1546 4019 τοῦ
1567 3964 1689 4019 δού-

142 4048 220 4147 λου
253 4071 360 4123 σου,
388 4057 736 4129 ὲὸεόήλωσας
762 4061 842 4123 εἰς
870 4060 969 4132 τὴν
991 4059 1095 4131 γῆν
1118 4061 1178 4113 τὸ
1198 4058 1443 4130 ἁγίασμα
1467 4056 1652 4111 αὐτοῦ’
1668 4077 1746 4147 ’.ρ

145 4144 225 4197 καὶ
246 4148 507 4220 ἐπιφέρειο
547 4167 567 4201 ι
605 4148 697 4203 τὸν
728 4149 916 4222 θρόνον
943 4149 1108 4203 αὐτοῦ
1147 4151 1227 4214 εἰς
1255 4149 1352 4221 τὴν
1374 4149 1477 4220 γῆν
1503 4149 1671 4221 κατέρ

144 4236 308 4308 ῥήξας.
324 4261 342 4291 ι

204 4336 268 4398 γ’.
294 4331 476 4391 Ταῦτα
506 4336 684 4390 πάντα
708 4336 848 4390 κατὰ
866 4336 928 4388 τὸ
960 4335 1089 4389 αὐτὸ
1112 4334 1331 4403 συνάγει
1361 4334 1421 4387 τὸ
1446 4332 1690 4405 Πνεῦμα,

1710 3177 1752 3232 C

147 4429 405 4498 μονονουχὶ
438 4427 760 4500 βουλόμενον
784 4430 933 4500 ἡμᾶς
972 4428 1198 4496 διδάξαι,
1246 4429 1328 4482 ὅτι
1355 4428 1415 4481 οὐ
1443 4428 1570 4498 περὶ
1593 4425 1693 4495 τῆς

1779 356 2217 413 SPEPHANUM.
2260 388 2328 400 ——-
2367 356 2698 424 QUESTIO
2735 357 2852 415 XV.
3222 363 3343 419 οπο

1776 470 1830 525 in
1873 485 1981 539 quo
2020 486 2114 525 rex
2159 469 2399 535 residet,
2444 470 2608 526 ebore
2646 479 2774 541 puta
2822 470 3093 543 lignisque
3116 484 3340 549 compa-

1772 570 1919 619 ctum
1939 603 1954 628 ,
1977 577 2223 633 auroque
2248 571 2302 618 et
2330 563 2496 633 regiis
2517 563 2788 633 lapidibus
2826 574 3172 620 exornatum.
3219 567 3343 622 Alio

1770 655 1965 719 modo,
2006 670 2116 726 quo
2162 654 2453 724 imperium
2483 655 2661 725 ipsum
2693 662 2858 724 atque
2885 655 3124 711 universi
3153 658 3342 728 populi

1772 745 2070 812 ducatum,
2095 747 2356 802 thronum
2385 746 2537 816 regni
2569 747 2814 804 solemus
2840 762 3057 803 vocare.
3090 748 3339 815 Tertius.

1773 849 1969 907 praeter
1991 838 2282 909 praedictos
2299 878 2314 904 ,
2346 838 2539 893 modus
2565 846 2683 904 est,
2706 854 2815 909 quo
2845 839 2934 895 ille
2959 855 2989 894 a
3018 840 3128 896 Deo
3155 841 3344 897 Davidi

1774 931 2083 1002 promissus
2121 932 2385 998 thronus,
2418 931 2529 986 dici
2562 940 2741 1002 potest
2773 932 3009 989 thronus
3039 935 3196 1005 ejus,
3233 948 3344 991 non

1774 1019 1831 1077 in
1857 1036 1969 1091 quo
1999 1021 2117 1091 ipse
2146 1021 2386 1087 sederit,
2411 1022 2504 1077 sed
2534 1035 2696 1092 quem
2725 1037 2822 1091 per
2849 1023 3093 1079 caelestia
3122 1024 3191 1079 ad
3220 1040 3345 1081 eum

1773 1114 2038 1170 vaticinia
2086 1113 2288 1171 divina:
2335 1115 2533 1171 litterae
2583 1116 2890 1173 continent.
2940 1115 3222 1188 Scriptum
3260 1124 3345 1174 est

1772 1207 1921 1263 enim
1948 1207 2006 1263 in
2031 1207 2369 1278 octogesimo
2394 1218 2589 1263 octavo
2617 1207 2832 1279 psalmo
2861 1227 2875 1263 :
2900 1226 2919 1261 ι
2937 1205 3129 1264 Juravi
3154 1195 3344 1263 Davidi

1778 1316 1937 1357 servo
1976 1316 2137 1357 meo:
2176 1301 2362 1373 Usque
2410 1302 2466 1357 in
2514 1303 2776 1358 saeculum
2810 1301 3126 1374 praeparabo
3160 1316 3345 1357 semen

1776 1402 1930 1447 tuum
1956 1410 1971 1461 ;
1996 1400 2051 1447 et
2078 1393 2333 1448 thronum
2369 1403 2519 1448 tuum
2549 1394 2833 1449 aediﬁcabo
2859 1395 2914 1449 in
2942 1396 3345 1464 generationem

1775 1493 1832 1541 et
1859 1486 2291 1557 generationem.
2323 1505 2343 1538 ι
2373 1485 2438 1540 Ει
2467 1500 2665 1542 rursus
2696 1504 2709 1541 :
2744 1504 2763 1536 ι
2802 1484 3120 1556 Ponamque
3155 1484 3210 1538 in
3241 1497 3346 1539 sa!-

1776 1574 1962 1630 culum
2003 1576 2190 1630 saeculi
2234 1589 2419 1630 semen
2461 1576 2616 1646 ejus,
2663 1582 2719 1631 et
2754 1576 3013 1630 thronum
3052 1574 3175 1644 ejus
3204 1574 3349 1630 sicut

1777 1666 1895 1722 dies
1941 1667 2088 1722 cteli.
2120 1686 2139 1720 ι
2169 1666 2235 1720 Et
2275 1667 2495 1722 denuo:
2529 1685 2549 1718 ι
2584 1667 2765 1724 Semel
2809 1667 2995 1738 juravi
3041 1668 3099 1721 in
3152 1671 3350 1721 sancto

1780 1773 1903 1814 meo
1920 1798 1935 1823 ,
1960 1760 2007 1815 si
2034 1759 2226 1814 Davidi
2253 1759 2522 1825 mentiar;
2553 1774 2739 1815 semen
2764 1758 2883 1830 ejus
2904 1762 3086 1814 manet
3108 1759 3165 1812 iu
3190 1762 3350 1813 ater-

1781 1863 1933 1905 num.
1996 1847 2255 1905 Thronus
2309 1850 2430 1920 ejus
2474 1858 2737 1919 tanquam
2791 1849 2875 1905 sol
2932 1849 2988 1904 in
3042 1854 3348 1919 conspectu

1778 1958 1903 1999 meo
1924 1983 1940 2007 ,
1972 1950 2026 1999 et
2056 1944 2202 1998 sicut
2233 1943 2362 1998 luna
2393 1942 2632 2014 perfecta
2667 1944 2722 1997 in
2749 1950 3015 1998 aeternum
3046 1959 3063 2011 ;
3098 1948 3154 1998 et
3186 1941 3349 1998 testis

1776 2037 1839 2092 in
1870 2037 2012 2099 coelo
2044 2036 2239 2093 lidelis.
2275 2054 2294 2088 ι

1850 2307 1904 2361 2.
1947 2306 2119 2378 Igitur
2164 2308 2290 2378 quia
2334 2308 2626 2375 tbrcnum,
2676 2317 2937 2380 tanquam
2981 2309 3101 2367 dies
3143 2312 3268 2365 coeli
3299 2319 3353 2368 et

1782 2408 2041 2469 tanquam
2092 2400 2264 2453 solem
2311 2408 2364 2454 et
2414 2400 2637 2467 lunam,
2678 2401 2733 2456 in
2780 2401 2980 2457 sarcula
3024 2401 3350 2457 duraturum

1780 2490 2108 2560 promiserat
2140 2488 2328 2543 Davidi
2359 2490 2541 2547 verbis
2565 2489 2843 2560 praedictis
2869 2490 3039 2557 Deus,
3060 2498 3353 2563 propterea

1781 2580 1951 2635 multa
1976 2587 2095 2635 erat
2122 2582 2179 2635 in
2215 2581 2470 2637 universa
2504 2580 2817 2637 Iudaeorum
2861 2592 3020 2655 gente
3064 2582 3353 2653 signiﬁcati

1781 2674 2336 2743 throniexspectatio.
2363 2674 2610 2746 Cumque
2632 2676 2784 2732 brevi
2810 2683 3056 2746 tempore
3085 2678 3357 2748 principa-

1782 2772 1896 2823 tum
1918 2768 2179 2838 gessisset
2202 2765 2372 2822 David
2389 2808 2404 2833 ,
2431 2776 2485 2823 et
2503 2776 2625 2839 post
2641 2768 2790 2824 hunc
2812 2768 3099 2836 Salomon,
3124 2778 3178 2825 et
3199 2785 3355 2841 reges

1782 2859 1978 2914 borum
2003 2870 2357 2916 successores
2380 2859 2436 2915 in
2456 2859 2721 2916 Jecbonia
2750 2876 2815 2915 ac
2831 2860 3159 2933 Babylonica
3182 2863 3358 2934 capti-

1784 2947 1956 3002 vitate
1983 2949 2353 3004 cessavissent
2380 2989 2396 3015 ,
2432 2949 2509 3005 ita
2549 2958 2610 3004 ut
2648 2959 2775 3022 post
2817 2950 2872 3005 id
2913 2960 3129 3022 tempus
3171 2953 3358 3023 regius

1784 3038 2009 3095 Davidis
2036 3040 2270 3098 thronus
2303 3042 2600 3098 subversus
2637 3042 2842 3111 fuerit;
2884 3044 3214 3101 videbantur
3239 3060 3351 3101 non

1786 3131 1890 3188 sibi
1919 3141 2174 3189 constare
2202 3133 2516 3190 divinorum
2540 3136 2891 3191 oraculorum
2926 3137 3357 3208 promissiones.

1786 3220 2151 3289 Quamobrem
2171 3224 2363 3279 eodem
2383 3224 2570 3281 divino
2589 3224 2795 3297 Spiritu
2820 3241 3041 3282 rursum
3066 3228 3361 3298 praedictus

1788 3316 2052 3385 psalmus,
2083 3327 2282 3387 praeter
2313 3326 2441 3373 ante
2465 3318 2631 3385 dicta,
2663 3319 2745 3374 sic
2774 3320 3047 3391 loquitur:
3068 3319 3203 3377 «Ubi
3233 3331 3363 3376 sunt

1787 3406 2183 3463 misericordia:
2217 3416 2325 3464 tua:
2363 3411 2638 3481 antiquae,
2679 3410 2937 3477 Domine,
2980 3427 3119 3483 quas
3155 3413 3358 3483 jurasti

1792 3498 1983 3555 Davidi
2026 3500 2085 3555 in
2119 3502 2354 3558 veritate
2381 3504 2518 3558 tua?
2542 3523 2561 3555 ι
2588 3501 2731 3558 Tum
2768 3502 2932 3558 etiam
2960 3504 3115 3574 regni
3145 3505 3267 3575 ejus
3291 3520 3357 3561 ac

1789 3592 2159 3650 successionis
2184 3594 2458 3650 excidium
2490 3596 2785 3667 thronlque
2809 3596 3148 3652 eversionem
3174 3605 3362 3667 aperte

1789 3685 1969 3739 innuit
2001 3685 2057 3740 in
2104 3687 2496 3755 sequentibus:
2528 3704 2548 3738 ι
2576 3683 2659 3742 Tu
2699 3702 2831 3741 vero
2869 3686 3115 3757 repulisti
3163 3695 3218 3742 et
3260 3685 3359 3743 de—

1790 3775 2015 3847 spexisti
2036 3814 2052 3840 ,
2077 3774 2305 3832 Domine
2332 3794 2348 3843 ;
2378 3775 2645 3833 distulisti
2670 3775 2954 3856 Christum
2980 3784 3135 3831 tuum
3167 3796 3182 3844 ;
3208 3791 3359 3833 ever-

1789 3869 1906 3924 tisti
1956 3875 2347 3925 testamentum
2395 3868 2537 3926 servi
2586 3868 2705 3937 tui;
2754 3868 3061 3942 profanasti
3111 3869 3166 3924 in
3211 3877 3358 3926 terra

1792 3963 2168 4018 sanctuarium
2196 3962 2320 4032 ejus
2340 3980 2388 4031 ;›
2408 3957 2669 4035 additque
2693 3982 2706 4018 :
2745 3980 2764 4015 ι
2788 3970 2843 4019 et
2868 3962 3125 4017 thronum
3153 3963 3273 4033 ejus
3305 3961 3362 4017 in

1792 4062 1993 4108 terram
2023 4053 2296 4110 collisisti.
2319 4073 2339 4107 ι
3070 4055 3075 4060 ’

1859 4326 1916 4383 3.
1953 4324 2079 4381 Haec
2117 4323 2302 4381 omnia
2336 4323 2654 4381 summatim
2693 4323 2902 4396 colligit
2927 4303 3153 4380 divinus
3182 4323 3365 4395 Spiri-

1796 4426 1886 4474 tus
1906 4457 1923 4483 ,
1953 4416 2347 4488 propemodum
2375 4414 2573 4471 docere
2603 4429 2706 4469 nos
2732 4415 2954 4479 volens,
2983 4411 3130 4468 haud
3157 4412 3371 4470 visibile

146 4510 400 4583 βασιλείας
452 4521 556 4592 τῆς
605 4520 890 4591 αἰσθητῆς,
947 4520 1066 4574 οὐδὲ
1092 4521 1217 4592 περὶ
1262 4519 1355 4574 τοῦ
1382 4519 1569 4591 θρόνου
1600 4516 1685 4570 τοῦ

1800 4526 2025 4583 regnum
2068 4509 2258 4565 Davidi
2303 4507 2471 4563 fuisse
2506 4507 2839 4579 promissum
2884 4520 3065 4575 neque
3107 4504 3366 4559 thronum

146 4614 580 4687 σωματικώτερον
600 4616 889 4687 νοουμένου
923 4617 977 4669 αἰ
1004 4616 1139 4686 πρὸς
1162 4613 1324 4669 Δασιδ
1364 4609 1503 4685 ἦσαν
1527 4615 1694 4682 ἐπαγ-

146 4702 324 4768 γελίαι·
349 4708 407 4760 αἰ
437 4709 537 4780 μὲν
564 4707 674 4779 γὰρ
698 4709 825 4780 περί
861 4725 1005 4772 τινος
1029 4707 1247 4762 αἰωνίου
1296 4705 1508 4777 θρόνου,
1545 4706 1701 4759 ἀπει-

145 4796 427 4869 καζομένου
488 4801 628 4873 ήλίῳ
677 4803 773 4856 καὶ
809 4800 1043 4872 οὐρανῷ,
1106 4799 1450 4871 διαμένοντός
1503 4816 1562 4852 τε
1621 4799 1700 4861 εἰς

147 4886 323 4954 αἰῶνα,
350 4892 767 4964 προεθέσπιζονο
809 4896 842 4964 ἠ
866 4894 922 4947 δέ
947 4910 1009 4963 γε
1034 4892 1129 4946 τοῦ
1176 4891 1341 4946 Δαϐἱδ
1394 4890 1636 4961 βασιλεία
1667 4891 1700 4960 ὴ

147 4976 380 5053 αἰσθητή,
409 4983 589 5056 χρόνῳ
620 4983 807 5037 λέλυτο
834 4985 933 5037 οὐκ
976 4985 1054 5047 εἰς
1086 4981 1311 5053 μακρόν⁸
1341 4980 1562 5043 εἰκότως
1596 4996 1704 5032 τοι-

148 5068 335 5140 γαροῦν
371 5074 468 5128 τοῦ
509 5073 699 5146 θρόνου
755 5074 851 5146 τῆς
900 5073 1163 5145 αἰσθητῆς
1216 5070 1488 5143 βασιλείας
1543 5068 1705 5125 Δαόὶδ

148 5160 234 5231 τὴν
257 5163 572 5237 καθαίρεσιν
596 5165 936 5236 ὑπογράψας,
951 5165 1043 5217 καὶ
1067 5161 1254 5224 εἰπὼν,
1281 5161 1370 5214 τὸν
1390 5159 1576 5232 θρόνον
1605 5160 1703 5213 αὐ-

149 5253 233 5307 τοῦ
257 5257 334 5322 εἰς
358 5258 457 5331 τὴν
490 5259 593 5331 γῆν
621 5258 979 5331 κατέρρηξας,
1008 5257 1135 5328 περὶ
1158 5255 1250 5309 τοῦ
1295 5254 1384 5309 διὰ
1414 5253 1521 5307 τῶν
1547 5254 1704 5309 θείων

149 5350 399 5420 χρησμῶν
424 5352 836 5423 ἐπηγγελμένον
865 5349 1079 5405 αἰωνίου
1108 5348 1199 5402 καὶ
1247 5346 1493 5417 οὐρανίου
1515 5345 1704 5417 θρόνου

152 5434 267 5506 ίξῆς
292 5439 387 5511 τὴν
419 5441 583 5512 εὐχὴν
610 5443 841 5495 ποιεῖται
884 5439 1077 5508 λέγων’
1123 5457 1141 5489 ι
1175 5436 1285 5490 Ποῦ
1338 5439 1442 5489 εἱσι
1484 5436 1550 5489 τὰ
1581 5435 1705 5505 ὲλέη

153 5543 235 5580 σου
260 5530 326 5584 τὰ
366 5532 594 5603 ἀρχαῖα,
641 5532 831 5604 Κύριε,
873 5530 910 5586 ἃ
954 5528 1175 5601 ὤμοσας
1228 5527 1304 5599 τῷ
1353 5527 1515 5581 Δαϐὶδ
1558 5528 1614 5580 ὲν
1638 5529 1706 5598 τῇ

153 5618 365 5694 ἀληθείᾳ
412 5640 547 5689 σου;
582 5645 600 5676 ι
644 5623 925 5695 μονονουχὶ
972 5622 1072 5684 τὰς
1125 5620 1377 5684 ἐκϐάσεις
1436 5619 1544 5672 τῶν
1590 5615 1706 5689 μεθ’

153 5711 303 5782 ὅρκου
365 5715 802 5780 διαϐεϐαιώσεως
864 5713 1286 5788 ἐπηγγελμένων
1334 5712 1480 5783 αὐτῷ
1525 5711 1709 5773 τέλους

152 5809 319 5874 τυχεῖν
342 5808 530 5874 ἀξιῶν.
1112 5869 1122 5874 _
1425 5806 1435 5816 ’

1799 4604 2157 4676 corporaliter
2187 4601 2620 4673 intelligendum.
2663 4599 2773 4654 Illae
2802 4597 3005 4670 quippe
3043 4597 3367 4669 promissio—

1763 4709 1770 4718 '
1800 4713 1899 4753 nes
1936 4696 2192 4752 thronum
2231 4692 2525 4765 quemdam
2562 4700 2830 4746 aeternum
2861 4687 3235 4743 vaticinautur
3263 4686 3369 4743 soli

1799 4795 1855 4843 et
1891 4786 2034 4841 luna:
2072 4784 2322 4854 caeloque
2358 4781 2590 4837 similem
2616 4819 2632 4845 ,
2675 4779 2882 4850 quique
2921 4784 3217 4850 perpetuus
3252 4790 3369 4830 ma-

1801 4886 1946 4933 neat.
1989 4874 2154 4947 Atqui
2190 4872 2410 4929 Davidis
2438 4870 2656 4928 visibile
2683 4885 2910 4942 regnum
2939 4868 3088 4925 brevi
3121 4874 3371 4939 tempore

1801 4970 2041 5026 deletum
2074 4976 2179 5025 est.
2242 4965 2610 5034 Quamobrem
2637 4963 2765 5033 jure
2794 4977 2920 5018 cum
2948 4976 3075 5017 mox
3106 4960 3367 5024 dixisset,

1803 5064 2059 5117 thronum
2099 5057 2339 5114 Davidici
2378 5056 2531 5127 regni
2548 5053 2778 5110 visibilis
2819 5050 2987 5109 fuisse
3007 5051 3368 5115 subversum,

1812 5174 1829 5206 ι
1859 5155 2118 5209 thronum
2172 5150 2293 5221 ejus
2342 5150 2399 5204 in
2451 5155 2652 5203 terram
2704 5144 2997 5211 collisisti;
3033 5149 3192 5196 stum
3240 5152 3371 5196 vero

1804 5244 1990 5301 throni
2024 5243 2145 5313 ejus
2169 5241 2345 5314 gratia
2366 5280 2381 5305 ,
2413 5252 2575 5312 quem
2605 5234 2790 5293 divina
2835 5233 3067 5319 oracula
3107 5242 3370 5319 aeternum

1806 5339 2195 5406 cmlestemque
2227 5335 2418 5398 aiunt,
2452 5345 2641 5401 preces
2676 5328 2866 5385 addit:
2900 5343 2917 5377 ι
2951 5314 3067 5381 Ubi
3098 5330 3226 5379 sunt
3271 5314 3373 5375 mi-

1807 5428 2119 5487 sericordiae
2149 5435 2256 5481 tuac
2282 5425 2520 5495 antiquae
2541 5464 2557 5491 ,
2585 5420 2815 5477 Domine
2833 5459 2848 5484 ,
2879 5430 3018 5489 quas
3040 5414 3238 5487 jurasti
3271 5411 3375 5467 Da-

1808 5522 1923 5579 vidi
1955 5522 2011 5577 in
2041 5519 2276 5575 veritate
2300 5516 2435 5572 tua?
2464 5534 2484 5568 ι
2508 5514 2710 5586 quibus
2734 5511 2918 5567 verbis
2945 5516 3130 5582 petere
3157 5505 3375 5562 videtur

1810 5623 1871 5669 ut
1916 5612 2311 5684 promissiones
2343 5612 2692 5666 sacramento
2731 5604 2958 5660 ﬁrmata:
2990 5599 3199 5659 exitum
3237 5608 3376 5655 nan-

1810 5706 2108 5762 ciscantur.
