3830 6260
500 351 603 411 931

1132 345 1400 404 EUSEBII
1437 345 1912 402 CASSARIENSIS
1964 346 2114 402 OPP.
2157 346 2335 402 PARS
2364 345 2451 404 i'l.
2492 380 2560 390 —
2603 346 3011 405 EXEGETICA.
3565 353 3642 411 952

573 472 629 528 ι.
661 469 762 526 Hic
788 471 1039 523 nimirum
1091 466 1324 521 thronus
1366 465 1456 522 ille
1482 473 1586 530 est,
1615 479 1775 535 quem
1808 480 1869 520 se
1896 464 2056 519 datu-

2225 466 2286 519 δ’.
2355 465 2554 520 Τοῦτον
2596 462 2690 521 οὖν
2739 466 2899 520 αὑτὸν
2950 466 3150 519 ἐκεῖνον
3189 462 3248 517 δν
3273 462 3461 535 ῶμοσεν
3500 469 3644 536 ὁθεδς

502 575 623 616 rum
650 558 836 613 Davidi
876 556 1016 613 Deus
1043 557 1269 627 juravit,
1286 563 1547 626 tanquam
1573 555 1695 611 dies
1717 555 1841 610 cmli
1866 562 1921 609 et
1943 555 2057 610 vel-

502 651 586 707 uti
627 650 795 706 solem
826 649 881 703 in
907 658 1204 719 conspectu
1236 646 1352 712 Dei,
1384 648 1433 702 is
1455 654 1538 702 est
1564 646 1657 717 qui
1685 646 1887 700 dicitur
1918 645 2061 699 sicut

502 741 630 796 luna
654 739 892 810 perfecta
925 740 979 792 in
1017 747 1304 805 :eternum,
1358 744 1414 792 et
1463 750 1622 808 quem
1644 748 1776 805 gens
1804 733 2060 790 universa

500 831 707 888 ﬁrmari
737 830 1050 901 exoptabat.
1111 831 1288 900 Atque
1340 828 1489 883 hunc
1546 841 1781 896 magnus
1833 826 2060 897 angelus

499 919 722 982 Gabriel
761 920 970 991 Virgini
1016 921 1287 993 signiﬁcat
1336 920 1521 976 datum
1548 919 1596 975 ei
1629 918 1695 973 iri
1728 917 1822 989 qui
1852 933 1921 972 ex
1944 917 2060 987 ipsa

500 1020 840 1069 nasceretur.
864 1011 1045 1079 Quare
1076 1014 1157 1068 sic
1197 1012 1343 1065 illam
1374 1009 1671 1082 alloquitur
1706 1027 1722 1064 :
1754 1027 1774 1060 ι
1808 1008 1873 1062 Et
1900 1023 2061 1063 voca-

500 1101 589 1162 bis
608 1118 805 1160 nomen
826 1103 949 1172 ejus
975 1101 1161 1159 Jesum
1199 1118 1213 1155 :
1254 1103 1341 1157 llic
1375 1104 1478 1157 erit
1507 1115 1759 1170 magnus,
1803 1107 1858 1155 et
1891 1099 2060 1156 Filius

500 1193 768 1249 Altissimi
795 1194 1078 1248 vocabitur
1110 1209 1125 1246 :
1156 1200 1210 1248 et
1231 1192 1382 1248 dabnt
1419 1191 1508 1246 illi'
1525 1190 1787 1248 Dominus
1808 1189 1951 1246 Deus
1970 1205 2059 1247 se-

500 1280 625 1338 dem
651 1281 872 1338 Davidis
901 1284 1074 1354 patris
1101 1282 1241 1353 ejus.
1276 1302 1296 1335 ›
1332 1280 1453 1337 Mox
1481 1297 1641 1353 quem
1688 1281 1944 1336 thronum
1976 1284 2061 1338 in-

501 1373 710 1445 telligat
760 1374 992 1444 pandit:
1023 1392 1043 1425 ι
1072 1371 1137 1426 Ει
1162 1373 1409 1443 regnabit
1468 1373 1524 1427 in
1576 1370 1739 1427 domo
1784 1368 1955 1429 Jacob
2002 1374 2060 1428 in

500 1470 762 1520 aeternum
788 1481 804 1529 ;
834 1471 888 1520 et
923 1463 1078 1535 regni
1107 1462 1228 1533 ejus
1276 1478 1385 1518 non
1416 1465 1521 1517 erit
1571 1462 1730 1518 finis:
1757 1480 1776 1514 ι
1806 1478 1926 1534 qua:
1952 1462 2060 1518 Ga-

502 1553 690 1611 brielis
718 1552 865 1609 dicta
892 1554 1131 1609 oraculis
1175 1562 1503 1610 consonant.
1527 1550 1667 1607 Olim
1695 1552 1915 1623 quidem
1952 1555 2060 1607 Da-

501 1643 612 1698 vidi
641 1643 799 1698 sedes
821 1642 1009 1698 ειετηὶ
1055 1642 1207 1713 regni
1239 1656 1305 1697 ac
1348 1642 1589 1698 caelestis
1633 1642 1900 1712 promissa
1928 1640 2057 1710 fuit;

502 1745 649 1785 nunc
668 1732 891 1802 angelus
936 1746 1059 1787 eum
1090 1731 1183 1801 qui
1220 1730 1288 1786 de
1333 1730 1555 1802 Virgine
1601 1731 1902 1803 gignendus
1942 1740 2060 1786 erat

2158 556 2348 610 δώσειν
2386 555 2465 628 τῷ
2506 557 2669 611 Δαϐὶδ
2710 556 2916 629 θρόνον,
2962 556 3054 610 τὸν
3095 557 3172 619 ὡς
3214 553 3308 620 τὰς
3351 557 3533 628 ἡμέρας
3575 562 3644 616 τοῦ

2158 646 2386 719 ούρανοῦ
2406 687 2422 711 ,
2469 648 2563 702 καὶ
2606 648 2698 702 τὸν
2742 647 2813 711 ὡς
2863 650 2893 701 ὁ
2929 647 3080 719 ῆλιος
3130 646 3357 700 ἐναντίον
3406 648 3489 701 τοῦ
3526 648 3644 715 Θεοῦ,

2158 739 2253 793 καὶ
2288 739 2378 792 τὸν
2418 740 2492 803 ὡς
2541 737 2765 809 σελήνην
2811 739 3245 811 κατηρτισμένην
3284 740 3360 801 είς
3390 739 3470 791 τὸν
3497 741 3644 805 αἰῶνα.

2159 829 2366 895 παντὸς
2416 830 2699 901 ἐπιστῆναι
2742 828 2836 882 τοῦ
2887 828 3070 893 ἔθνους
3116 830 3424 900 εὐχομένου,
3465 834 3490 886 6
3518 833 3648 903 μέγας

2158 921 2386 990 ἄγγελος
2410 920 2646 993 Γαϐριὴλ
2675 921 2773 994 τὴν
2797 921 3070 991 Παρθένον
3119 918 3500 987 εὐαγγελίζεται
3524 921 3584 992 τῷ
3604 925 3648 991 ἐξ

2156 1013 2324 1081 αὐτῆς
2367 1012 2742 1084 γεννησομένῳ
2783 1008 3102 1083 δοθήσεσθαι
3147 1010 3430 1075 θεσπίζων·
3458 1010 3527 1067 διό
3550 1031 3649 1087 φησι

2158 1103 2294 1176 πρὸς
2319 1102 2488 1174 αὐτήν
2504 1120 2518 1133 ·
2553 1121 2573 1155 ι
2594 1105 2700 1157 Kal.
2728 1103 2974 1166 καλέσεις
3003 1103 3067 1156 τὸ
3093 1103 3262 1174 ὄνομα
3292 1103 3443 1157 αὑτοῦ
3469 1105 3646 1176 Ἰησοῦν·

2157 1190 2308 1258 οὗτος
2338 1196 2489 1248 ἔσται
2534 1195 2726 1267 μέγας,
2755 1197 2847 1250 καί
2889 1196 3017 1259 Υἱὸς
3062 1194 3314 1265 Ὑψίστου
3354 1194 3647 1269 κληθήσεται·

2158 1284 2254 1339 καὶ
2291 1283 2450 1338 δώσει
2481 1284 2628 1357 αύτῷ
2660 1285 2860 1357 Κύριος
2890 1287 2918 1339 6
2938 1285 3071 1348 Θεδς
3102 1285 3191 1338 τὸν
3223 1283 3403 1356 θρόνον
3424 1286 3562 1340 Δαϐὶδ
3583 1287 3651 1343 τοῦ

2157 1376 2362 1448 πατρὸς
2387 1376 2571 1431 αὐτοῦ.
2606 1394 2625 1428 ι
2669 1376 2945 1449 Ἐπιφέρει
2977 1378 3021 1430 δ’
3049 1372 3142 1430 οὖν
3175 1374 3370 1446 ἑφεξῆς
3399 1376 3485 1430 καὶ
3512 1377 3649 1448 λέγει·

2164 1486 2185 1519 ι
2236 1469 2346 1522 Kal.
2399 1466 2699 1539 βασιλεύσει
2753 1468 2845 1520 ἐπὶ
2890 1469 2981 1520 τὸν
3026 1463 3175 1521 οἷκον
3227 1464 3411 1521 Ἰακὼϐ
3461 1468 3529 1531 είς
3561 1471 3652 1533 τοὺς

2158 1558 2356 1624 αἰῶνας
2379 1575 2394 1591 ·
2442 1558 2536 1613 καὶ
2559 1559 2658 1631 τῆς
2685 1558 2956 1630 βασιλείας
2985 1558 3146 1614 αὐτοῦ
3178 1558 3280 1612 οὐκ
3301 1558 3443 1612 ἔσται
3474 1559 3649 1624 τέλοςοι

2160 1649 2422 1722 σύμφωνα
2447 1652 2560 1714 τοῖς
2583 1650 2695 1703 ἀπὸ
2735 1650 2843 1705 τῶν
2868 1649 3129 1721 χρησμῶν
3171 1649 3475 1720 ἑρμηνεύων
3492 1665 3506 1680 ο
3539 1650 3564 1701 6
3582 1651 3654 1721 μὲν

2158 1739 2267 1812 γὰρ
2305 1740 2441 1811 πρὸς
2485 1739 2574 1794 τὸν
2598 1738 2761 1793 Δαϐὶδ
2792 1742 2919 1813 περὶ
2958 1740 3141 1812 θρόνον
3193 1739 3457 1810 βασιλείας
3487 1740 3653 1793 αἰωνίου

500 1833 892 1893 occupaturum
921 1824 996 1879 ait
1021 1822 1241 1879 Davidis
1270 1823 1561 1891 thronum;
1583 1825 1892 1879 nuntiatum
1914 1823 2056 1880 scili-

2160 1830 2255 1884 καὶ
2299 1829 2545 1901 οὐρανίου
2595 1828 2911 1900 προῦλεγεν,
2957 1829 2986 1880 6
3016 1827 3074 1881 δέ
3105 1826 3365 1892 ὡσαύτως
3409 1827 3492 1880 τὸν
3514 1829 3566 1879 ὲκ
3584 1827 3655 1897 τῆς

500 1922 609 1978 cet,
637 1929 813 1986 neque
839 1922 1019 1970 tamen
1031 1914 1215 1969 datum
1238 1912 1384 1984 (2|):
1414 1916 1462 1969 is
1492 1922 1670 1970 autem
1692 1912 2059 1970 cmlestiserat

506 2015 562 2063 et
583 2008 702 2063 sine
738 2008 844 2063 line
872 2022 1185 2063 mansurus.
1211 2006 1340 2062 Erat
1363 2007 1531 2077 igitur
1562 2006 1653 2062 hic
1678 2007 1857 2064 exitus
1887 2008 2062 2062 maxi-

500 2100 575 2154 mi
595 2099 839 2154 vaticinii
872 2097 1061 2154 Davidi
1086 2098 1214 2153 editi
1245 2098 1505 2167 omnique
1528 2097 1730 2168 populo
1759 2098 2059 2167 exspectati

500 2191 755 2261 quodque
774 2189 991 2245 Gabriel
1017 2196 1252 2245 testatur
1292 2190 1347 2244 in
1393 2189 1685 2244 Servatore
1709 2196 1906 2244 nostro
1928 2185 2058 2244 Iesu

499 2281 722 2337 Christo
750 2281 1050 2338 veridicum
1092 2281 1334 2336 evasisse
1362 2299 1380 2332 ι
1420 2279 1669 2350 regnabit
1691 2278 1749 2333 in
1770 2287 2055 2345 aeternum,

499 2380 554 2428 et
572 2372 724 2442 regni
755 2372 875 2442 ejus
905 2386 1015 2427 non
1044 2370 1151 2425 erit
1171 2370 1317 2427 linis.
1339 2391 1357 2422 ι
1390 2369 1570 2436 Quare
1591 2377 1645 2425 et
1672 2370 1789 2441 ipse
1805 2369 2060 2426 Servator

500 2476 565 2517 ac
596 2460 859 2518 Dominus
890 2469 1078 2517 noster
1097 2475 1224 2515 cum
1246 2467 1555 2531 rogaretur,
1587 2476 1717 2516 num
1762 2460 1880 2532 ipse
1913 2468 2059 2517 esset

499 2567 595 2607 rex
640 2549 951 2608 Judteorum
980 2593 995 2618 ,
1030 2551 1313 2622 respondit
1341 2567 1354 2602 :
1394 2572 1426 2606 ο
1451 2550 1697 2622 Regnum
1724 2566 1904 2606 meum
1949 2567 2059 2606 non

499 2650 584 2699 est
633 2642 701 2699 de
733 2644 839 2699 hoc
894 2642 1099 2698 mundo
1126 2643 1192 2696 ⁶¹.
1231 2663 1250 2696 ι
1300 2641 1444 2697 Nihil
1501 2643 1646 2698 enim
1705 2643 1936 2700 mortale
1965 2650 2060 2698 aut

499 2734 794 2807 temporale
825 2734 1140 2792 conferebat
1166 2736 1217 2792 ei
1257 2735 1409 2806 regni
1442 2733 1601 2791 sedes
1627 2752 1640 2789 :
1673 2734 1769 2790 sed
1800 2735 1918 2806 ipse
1943 2746 2063 2791 erat

498 2827 556 2885 in
579 2830 838 2883 universo
883 2827 1161 2883 hominum
1195 2834 1340 2883 coetu
1369 2827 1507 2881 lucis
1535 2827 1709 2882 instar
1742 2827 2056 2895 splendens,

498 2917 679 2974 veluti-
701 2918 791 2975 σά
813 2925 873 2973 et
897 2917 1041 2973 sicut
1061 2918 1189 2973 luna
1233 2915 1471 2987 perfecta
1500 2916 1557 2970 in
1584 2922 1870 2978 aeternum,
1901 2914 2058 2972 intel-

499 3007 757 3064 lectuales
807 3008 1018 3063 animas
1070 3022 1166 3078 per
1199 3020 1355 3061 suam
1382 3005 1625 3061 divinam
1668 3007 2057 3062 cmlestemeue

496 3099 802 3156 doctrinam
834 3100 1141 3154 illustrans.

2158 1922 2434 1995 Παρθένου
2490 1924 2877 1996 γεννησόμενον
2930 1920 3194 1990 λήψεσθαί
3246 1934 3378 1989 φησι
3408 1919 3489 1972 τὸν
3515 1917 3655 1989 θρόνον

2156 2013 2338 2077 Δαϐὶδ,
2385 2013 2631 2068 τουτέστι
2668 2015 2759 2068 τδν
2787 2012 2864 2084 τῷ
2888 2011 3050 2065 Δαϐὶδ
3082 2010 3472 2082 ἐπηγγελμένον
3499 2010 3594 2079 μὲν,
3611 2010 3654 2062 οὐ

2162 2103 2268 2175 μὴν
2296 2105 2389 2158 καὶ
2414 2104 2690 2176 δεδομένον
2722 2104 2855 2177 (2|)'
2875 2097 3026 2167 οὗτος
3053 2101 3097 2154 δ’
3119 2098 3186 2172 ἦν
3207 2105 3236 2156 6
3257 2102 3492 2172 οὐράνιος
3510 2100 3655 2163 καὶείς

2158 2195 2327 2249 αίῶνα
2374 2196 2670 2268 διαμένωνο
2724 2193 2791 2268 ῆν
2845 2191 2936 2250 οὗν
2990 2197 3083 2250 καί
3136 2194 3296 2248 τοῦτο
3353 2192 3657 2264 συμπέρασμα

2162 2287 2420 2358 μεγίστης
2450 2288 2780 2359 προφητείας
2804 2286 2881 2357 τῷ
2902 2286 3065 2340 Δαϐὶδ
3101 2282 3497 2356 κεχρησμένης,
3530 2296 3655 2352 apoc-

2158 2376 2468 2449 δοκωμένης
2509 2395 2568 2432 τε
2604 2377 2681 2449 τῷ
2720 2378 2879 2431 παντὶ
2909 2377 3040 2447 λαῷ,
3081 2374 3503 2448 πεπληρωμένης
3527 2372 3574 2427 δὲ
3593 2372 3658 2425 ἐπὶ

2157 2465 2250 2518 τοῦ
2294 2467 2541 2540 Σωτῆρος
2593 2467 2747 2539 ἡμῶν
2785 2466 2955 2539 Ἰησοῦ
2988 2465 3243 2538 Χριστοῦ,
3294 2463 3432 2517 κατὰ
3476 2464 3560 2533 τὴν
3591 2459 3657 2513 τοῦ

2158 2555 2391 2629 Γαϐριὴλ
2425 2558 2726 2629 μαρτυρίαν
2758 2559 3062 2630 φήσαντος·
3100 2576 3119 2607 ι
3155 2556 3267 2609 Kal.
3304 2554 3578 2627 βασιλεύσει
3602 2552 3662 2614 είς

2157 2649 2283 2711 τοὺς
2328 2648 2559 2714 αἰῶνας,
2608 2649 2702 2702 καὶ
2746 2649 2847 2720 τῆς
2900 2646 3174 2719 βασιλείας
3225 2647 3391 2702 αὐτοῦ
3431 2646 3520 2700 οὐκ
3547 2644 3660 2697 ἔσται

2158 2738 2326 2801 τέλος.
2372 2756 2392 2789 ³
2450 2740 2648 2811 Διόπερ
2692 2742 2789 2795 καὶ
2846 2742 3007 2805 αὐτὸς
3057 2743 3086 2794 6
3126 2739 3323 2811 Σωτὴρ
3375 2739 3463 2794 καὶ
3507 2737 3665 2808 Κύρος

2158 2829 2312 2900 ἡμῶν
2359 2830 2495 2902 πρὸς
2531 2832 2623 2884 τὸν
2656 2831 2913 2904 ἐρόμενον
2944 2831 3127 2893 αὐτὸν,
3159 2832 3208 2882 εί
3251 2829 3411 2893 αὐτὸς
3439 2828 3513 2898 εῐη
3536 2827 3561 2879 6
3582 2824 3662 2876 τῶν

2170 2920 2434 2977 Ἰουδαίων
2484 2920 2752 2991 βασιλεὺς,
2782 2922 3128 2995 ἁπεκρίνατο’
3170 2944 3187 2972 ι
3240 2920 3306 2976 Ἥ
3338 2919 3560 2991 βασιλεία
3583 2916 3664 2988 ἐμὴ

2155 3010 2254 3066 οὐκ
2281 3010 2425 3067 ἐστιν
2463 3013 2527 3065 ὲκ
2548 3012 2642 3066 τοῦ
2668 3012 2872 3084 κόσμου
2899 3012 3085 3067 τούτου
3103 3028 3118 3044 ·
3153 3029 3170 3064 ι
3208 3011 3362 3069 οὐδὲν
3395 3010 3494 3082 γὰρ
3518 3006 3664 3078 θνητὸν

2156 3102 2276 3156 οὐδὲ
2318 3101 2599 3176 ἐπίκαιρον
2632 3104 2865 3175 ἐπήγετο
2893 3103 3038 3175 αὑτῷ
3076 3104 3105 3157 6
3139 3102 3242 3173 τῆς
3283 3100 3544 3173 βασιλείας
3572 3097 3664 3169 096-

496 3207 619 3258 νος⁶
673 3191 787 3250 ἀλλ’
836 3187 903 3263 ῆν
955 3191 1170 3264 ἀληθῶς
1224 3190 1342 3245 καθ’
1403 3191 1530 3263 ὅλης
1589 3191 1689 3263 τῆς
1752 3189 2053 3266 ἀνθρώπων
2089 3196 2414 3270 οἰκουμένης
2442 3240 2457 3263 ,
2515 3198 2690 3268 φωτὸς
2734 3199 2910 3271 δίκην,
2961 3197 3257 3268 ὲκλάμπων
3302 3197 3377 3259 ὡς
3428 3197 3460 3266 ή
3514 3193 3663 3262 σελήνη

497 3285 900 3358 κατηρτισμένη
965 3287 1045 3350 είς
1090 3286 1181 3340 τὸν
1240 3285 1443 3352 αἰῶνα,
1495 3286 1671 3357 ψυχὰς
1730 3288 1920 3359 νοερᾶς
1982 3292 2335 3360 καταυγάζων
2404 3291 2492 3346 διὰ
2559 3293 2659 3363 τῆς
2701 3292 2882 3346 ἐνθέου
2922 3292 3015 3350 καὶ
3079 3290 3332 3362 οὐρανίου
3380 3282 3666 3344 διδασκαλίας

498 3379 685 3438 αὐτοῦ.

568 3471 622 3528 5.
649 3471 805 3540 Quod
862 3471 1001 3528 siait
1028 3491 1042 3527 :
1070 3479 1123 3528 et
1145 3487 1311 3545 super
1357 3470 1527 3529 Iacob
1573 3475 1864 3545 regnabit,
1920 3490 2053 3533 cave

496 3571 656 3634 putes
675 3561 985 3620 Iudaeorum
1015 3572 1225 3635 gentem
1274 3580 1370 3636 per
1425 3562 1683 3621 Jacobum
1736 3568 2052 3639 signiﬁcari.

496 3653 750 3711 Profecto
772 3655 864 3725 qui
894 3655 1009 3710 haec
1055 3663 1244 3710 narrat
1294 3654 1471 3710 Lucas
1505 3657 1858 3726 evangelista,
1889 3674 2057 3730 quan-

495 3740 786 3814 doquidem
820 3755 943 3814 post
966 3742 1271 3801 Servatoris
1293 3745 1469 3799 nostri
1500 3745 1555 3799 in
1609 3746 1804 3800 malum
1839 3762 2055 3804 assum-

495 3832 733 3903 ptionem
757 3831 1025 3889 Gabrielis
1059 3833 1204 3887 dicta
1242 3836 1524 3903 scriptura:
1574 3850 1687 3891 suae
1709 3837 2056 3893 commenda-

478 3923 595 3988 -vit,
617 3922 784 3994 probe
811 3932 1035 3978 noverat
1065 3921 1250 3979 Jesum
1295 3923 1640 3981 Senatorem
1671 3928 1724 3982 in
1742 3926 2053 3984 Iudaeorum

496 4017 656 4079 gente
677 4025 1018 4081 nequaquam
1068 4013 1400 4081 regnavisse,
1446 4015 1644 4070 nedum
1673 4015 1788 4073 fore
1811 4025 1869 4072 ut
1898 4027 2055 4074 aeter-

496 4115 627 4156 num
676 4101 962 4170 imperium
1009 4102 1062 4155 in
1107 4118 1204 4159 eos
1231 4117 1543 4174 exerceret;
1598 4123 1831 4177 quorum
1890 4111 2054 4164 etiam

497 4191 760 4247 adversus
819 4191 965 4246 hunc
994 4192 1267 4247 molimina
1327 4204 1487 4264 atque
1535 4197 1775 4252 exitialia
1811 4198 2055 4254 facinora

497 4290 686 4340 narrat
718 4300 733 4340 :
765 4298 941 4353 neque
990 4284 1168 4339 solum
1216 4286 1272 4340 in
1304 4283 1620 4358 Evangelia,
1670 4305 1858 4345 verum
1889 4291 2052 4347 etiam

497 4374 553 4431 in
576 4373 803 4430 Actibus
834 4374 1225 4443 apostolorum,
1282 4376 1508 4432 hostiles
1549 4375 1859 4434 Iudaeorum
1886 4381 2056 4453 impe—

496 4473 587 4522 tus
612 4475 802 4521 contra
829 4463 960 4522 Jesu
1010 4465 1310 4537 discipulos
1347 4468 1562 4522 scribit.
1594 4468 1763 4541 igitur
1781 4486 1906 4526 cum
1940 4473 2056 4527 exi—

497 4558 743 4613 stimaret
769 4571 902 4613 voce
953 4571 1146 4627 reapse
1190 4555 1461 4615 Gabrielis
1492 4559 1811 4632 signiﬁcari,
1847 4560 1962 4617 fore
1996 4571 2055 4616 ut

494 4639 748 4698 Christus
770 4650 1023 4713 regnaret
1040 4658 1205 4714 super
1234 4660 1329 4701 eos
1355 4662 1371 4713 ;
1400 4646 1453 4701 id
1484 4662 1611 4703 vere
1644 4647 1751 4703 dici
1798 4647 1940 4704 haud
1963 4650 2054 4720 ju-

2225 3474 2285 3521 ε’.
2326 3468 2388 3522 Εἰ
2419 3468 2476 3522 δὲ
2506 3469 2714 3539 λέγοιτο
2750 3470 2843 3525 ἐπὶ
2880 3469 2971 3528 τὸν
3013 3468 3207 3525 Ἰακὼϐ
3248 3466 3582 3541 βασιλεύσειν,
3611 3464 3663 3536 μὴ

2152 3559 2214 3614 τὸ
2244 3559 2508 3615 Ἰουδαίων
2535 3560 2687 3625 ἔθνος
2718 3560 2905 3633 νόμιζε
2937 3561 3027 3616 διὰ
3051 3560 3146 3615 τοῦ
3185 3559 3385 3616 Ἰακὼϐ
3411 3556 3663 3630 δηλοῦσθαι.

2166 3652 2223 3705 '0
2245 3650 2374 3720 γοῦν
2404 3651 2575 3707 ταῦτα
2607 3652 2832 3724 ἱστορῶν
2859 3653 3068 3716 Λουκᾶς
3097 3654 3126 3706 6
3149 3650 3547 3726 εὐαγγελιστὴς,

2150 3741 2251 3812 τὴν
2287 3741 2367 3805 εἰς
2406 3743 2666 3813 οὐρανοὺς
2714 3741 2978 3813 ἀνάληψιν
3024 3742 3117 3796 τοῦ
3143 3743 3400 3815 Σωτῆρος
3437 3740 3574 3812 ήμῶν
3596 3739 3666 3806 τὴν

2149 3830 2246 3885 τοῦ
2272 3830 2506 3904 Γαϐριὴλ
2549 3834 2730 3904 φωνὴν
2758 3835 2932 3906 οἰκείᾳ
2973 3834 3246 3907 παραδοὺς
3289 3837 3499 3908 γραφῇ,
3528 3829 3667 3898 σαφῶς

2150 3921 2416 3991 ἠπίστατο
2464 3922 2556 3975 τὸν
2601 3921 2805 3994 Ἰησοῦν
2858 3924 2957 3981 οὐκ
3004 3923 3096 3977 ἐπὶ
3142 3924 3202 3976 τὸ
3254 3922 3512 3979 Ἰουδαίων
3556 3918 3667 3978 ἔθνος

2150 4012 2242 4067 τὸν
2279 4012 2506 4086 Σωτῆρα
2558 4011 3009 4083 βεϐασιλευκότα,
3055 4014 3174 4069 οὐδὲ
3225 4018 3308 4078 εἰς
3352 4015 3472 4078 τοὺς
3513 4010 3668 4069 αἰῶνας

2151 4105 2312 4160 αὐτὸν
2338 4105 2596 4178 ἄρξαντα,
2630 4099 2704 4160 ὧν
2734 4124 2799 4176 γε
2832 4108 2927 4162 καὶ
2956 4107 3054 4178 τὴν
3087 4106 3401 4171 κατ’,αύτοῦ
3432 4102 3665 4170 συσκευὴν.

2152 4199 2246 4251 καὶ
2290 4198 2390 4269 τὴν
2438 4201 2518 4264 εἰς
2566 4198 2792 4252 θάνατον
2840 4198 3131 4269 ἐπιϐουλὴν
3182 4198 3430 4276 ἀκριϐῶς
3480 4195 3665 4266 ἱστορεῖ·

2152 4290 2248 4344 καὶ
2279 4290 2339 4342 οὗ
2382 4288 2562 4362 μόνον,
2600 4289 2734 4345 ἀλλὰ
2772 4289 2864 4343 καὶ
2905 4291 2963 4342 ὲν
3000 4292 3120 4354 ταῖς
3151 4289 3395 4361 Πράξεσι
3436 4287 3532 4345 τῶν
3568 4284 3669 4336 ἀπο-

2153 4378 2352 4432 στόλων
2391 4378 2490 4443 τὰς
2531 4377 2674 4433 κατὰ
2715 4378 2820 4432 τῶν
2864 4377 2959 4431 τοῦ
3008 4378 3181 4449 Ἰησοῦ
3220 4376 3478 4450 μαθητῶν
3510 4375 3663 4427 ἐπανα-

2154 4470 2369 4534 στάσεις
2413 4470 2621 4525 αὺτῶνο
2668 4470 2769 4523 οὐκ
2798 4469 2864 4524 ἂν
2896 4466 2990 4522 οὖν
3021 4471 3106 4522 ἐπ’
3137 4469 3336 4539 αὐτοὺς
3384 4464 3667 4539 βασιλεύσειν

2151 4562 2241 4615 τὸν
2264 4562 2498 4636 Χριστὸν
2541 4562 2641 4634 τὴν
2687 4562 2871 4635 φωνὴν
2908 4560 3002 4615 τοῦ
3031 4560 3270 4633 Γαϐριὴλ
3298 4561 3517 4633 νομίσας
3553 4557 3666 4627 εἰρη-

2152 4652 2325 4717 κέναι,
2351 4653 2427 4716 ὼς
2452 4652 2626 4726 ἀληθῆ
2660 4652 2826 4723 αὐτὴν
2860 4652 3298 4728 παρελάμϐανεν,
3330 4654 3379 4707 εί
3412 4650 3484 4723 μη
3506 4647 3666 4705 πάντας

494 4730 809 4800 dicavisset,
839 4733 946 4789 nisi
988 4742 1215 4790 cunctos
1240 4737 1492 4794 homines
1545 4740 1826 4796 vocatione
1856 4740 2051 4796 Serva-

2157 4745 2275 4809 τοὺς
2298 4744 2387 4800 διὰ
2411 4745 2511 4814 τῆς
2536 4745 2777 4814 κλήσεως
2803 4742 2896 4799 τοῦ
2925 4743 3173 4815 Σωτῆρος
3199 4742 3358 4815 ἡμῶν
3384 4742 3443 4811 ἐξ
3465 4739 3666 4799 ἁπάντων

494 4825 633 4882 toris
665 4825 838 4881 nostri
860 4841 927 4880 ex
947 4826 1200 4882 omnibus
1228 4829 1478 4898 gentibus
1506 4829 1562 4884 in
1592 4830 1935 4902 adoptionem
1964 4847 2051 4888 as-

495 4923 762 4987 sumptos,
797 4929 893 4986 per
911 4914 1132 4971 domum
1161 4914 1348 4972 Jacobi
1370 4916 1738 4975 demonstrari
1786 4922 2045 4978 credidis-

495 5013 601 5064 set.
665 5005 820 5062 Unde
873 5013 928 5063 et
981 5005 1140 5065 divus
1173 5008 1464 5079 Apostolus
1519 5014 1804 5083 perSpicue
1824 5013 2052 5071 edoctus

495 5097 604 5154 ait:
641 5117 661 5151 ι
690 5096 807 5154 Non
835 5099 982 5154 enim
1046 5100 1139 5171 qui
1173 5102 1226 5156 in
1285 5100 1599 5167 manifesto,
1661 5103 1881 5161 Judaeus
1929 5114 2046 5161 est:

494 5203 671 5262 neque
690 5204 812 5260 qua:
842 5190 896 5246 in
927 5190 1217 5249 manifesto
1262 5193 1316 5247 in
1355 5208 1518 5250 carne
1547 5205 1631 5250 est
1663 5196 2047 5263 circumcisio;

495 5281 591 5338 sed
621 5281 712 5358 qui
743 5282 801 5336 in
829 5283 1170 5349 abscondito,
1208 5283 1428 5341 Iudaeus
1479 5294 1601 5342 est:
1627 5295 1680 5342 et
1702 5287 2049 5343 circumcisio

492 5370 678 5430 cordis
728 5360 813 5428 in.
835 5374 1050 5445 spiritu,
1106 5391 1214 5433 non
1244 5377 1421 5435 littera
1454 5395 1468 5433 :
1500 5379 1659 5448 cujus
1689 5379 1809 5435 laus
1842 5396 1952 5437 non
1981 5399 2047 5441 ex

495 5461 807 5529 hominibus
837 5465 933 5523 sed
960 5483 1024 5523 ex
1058 5466 1167 5524 Deo
1185 5475 1271 5524 est
1303 5470 1367 5523 ".
1400 5489 1419 5521 ι

563 5620 608 5657 ⁸·
645 5620 805 5679 Joan.
843 5640 997 5691 mn,
1036 5624 1126 5682 56.
1199 5626 1245 5659 “
1282 5612 1440 5682 Rom.
1481 5642 1549 5691 ιι,
1583 5627 1674 5681 28.

2154 4835 2262 4890 τῶν
2293 4835 2462 4891 ἐθνῶν
2487 4838 2566 4900 είς
2603 4835 2699 4907 τὴν
2731 4834 2838 4893 τῶν
2868 4835 3036 4904 ἁγίων
3070 4834 3343 4891 υἱοθεσίαν
3371 4829 3666 4898 εἰσποιούμεο

2156 4944 2271 4992 νος,
2305 4922 2449 4984 οἷκον
2483 4925 2672 4982 Ἰακὼϐ
2704 4927 2947 4998 ἡγήσατο
2977 4925 3115 4981 κατὰ
3140 4925 3377 4985 διάνοιαν
3404 4918 3664 4997 δηλοῦσθαι⁸

2154 5018 2274 5073 ὅθεν
2306 5018 2400 5074 καὶ
2430 5018 2458 5071 6
2486 5017 2626 5081 θεῖος
2652 5017 2972 5080 Ἀπόστολος
2992 5018 3350 5090 ἐπιστάμενος
3385 5014 3664 5084 σαφέστατα.

2158 5111 2392 5185 παρίστη
2441 5111 2613 5180 λέγων
2649 5128 2661 5141 ⁸
2727 5129 2746 5163 ί
2776 5112 2850 5167 Οὐ
2898 5111 3007 5186 γὰρ
3042 5112 3071 5164 6
3113 5113 3172 5163 ὲν
3212 5104 3535 5181 τῷ,φανερῷ
3570 5101 3666 5154 Ἰουο

2153 5201 2299 5266 δαῖός
2332 5204 2498 5267 ἐστιν,
2515 5203 2637 5256 οὐδὲ
2665 5204 2698 5274 ή
2721 5202 2778 5256 ὲν
2802 5201 2878 5273 τῷ
2906 5200 3122 5273 φανερῷ
3149 5204 3207 5256 ὲν
3232 5199 3401 5275 σαρκὶ
3424 5187 3667 5266 περιτομὴ

2154 5293 2268 5351 ἀλλ’
2289 5294 2318 5346 6
2345 5295 2402 5348 ὲν
2427 5293 2504 5365 τῷ
2531 5293 2757 5367 κρυπτῷ
2788 5294 3052 5358 Ἰουδαῖος,
3080 5294 3175 5349 καὶ
3199 5291 3466 5365 περιτομὴ
3485 5282 3666 5357 καρδίας

2153 5385 2210 5438 ἐν
2256 5385 2552 5455 πνεύματι,
2607 5386 2669 5439 οὐ
2712 5385 3018 5458 γράμματι,
3064 5380 3125 5440 οὗ
3177 5386 3207 5437 6
3244 5383 3463 5446 ἔπαινος
3500 5379 3584 5434 οὐκ
3618 5368 3662 5447 ἒξ

2153 5475 2476 5547 ἀνθρώπιον,
2510 5477 2623 5535 ἀλλ’
2654 5479 2718 5532 ἐκ
2743 5476 2833 5531 τοῦ
2867 5476 3022 5535 Θεοῦ.
3060 5495 3082 5527 ι

569 5731 682 5801 (ει)
722 5732 926 5788 Confer
976 5734 1193 5792 Eusebii
1250 5736 1703 5791 commentarium
1755 5735 1809 5790 in
1863 5734 2088 5803 Lucam,
2128 5752 2243 5808 cap.
2282 5753 2319 5802 ι,
2352 5739 2441 5794 32.
