3830 6260
149 319 237 373 953

832 434 946 502 ις’.

614 314 1078 383 ΟυΑΞΒΤῙΟΝΕὸ
1118 322 1571 380 ΕνΑΝοΕιιοΑε
1613 326 1656 381 Α

1766 327 2189 387 ΞΤΕΡΗΑΝΗΜ.
2234 359 2295 371 —
2334 332 2663 403 QUESTIO
2704 336 2847 396 XVI.

1704 446 1750 502 Α

3259 344 3362 404 934

2505 445 2647 505 XVI.

145 541 821 641 πίέεὲπίὶξέεέἓηθέεξέι
859 548 1364 641 F-31i2,”€‘f”“.75¢
1390 553 1659 641 eum

1783 557 1890 641 Qui
1917 557 1979 626 ﬁt
2001 569 2057 611 ut
2076 557 2412 641 Betim/temo
2431 559 2719 641 Mettha’us
2740 566 2950 641 quidem
2972 566 3356 641 it_t_1Egyptum,

201 613 818 693 atrorhlctogeltﬁude
843 613 1080 693 ᾼοὶυιᾶς
1124 622 1212 693 εἰς
1271 613 1679 693 Ἰερουσαλὴμ,

202 681 451 763 κάκεῖθεν
489 685 576 763 είς
601 683 862 763 Ναζαρὲθ
903 681 1205 756 πρὸς’τῶνῖ
1238 681 1465 761 wiser
1510 681 1680 763 φέρελ

201 756 324 809 σθαι
364 753 467 806 τὸν
505 754 757 821 Ἰησοῦν.

195 871 258 924 α’.
294 870 498 932 Λουκᾶς
539 869 639 941 μὲν
676 871 768 925 τὸν
814 874 1006 946 καιρὸν
1040 876 1269 949 ἱστορῶν
1302 878 1404 949 τῆς
1442 880 1537 934 τοῦ
1569 883 1681 936 Σω-

138 960 281 1033 τῆρος
331 958 480 1029 ἡμῶν
535 959 830 1027 γενέσεως,
889 964 990 1035 τῆς
1036 966 1346 1035 Αὐγούστου
1405 968 1680 1041 βασιλείας

139 1049 429 1125 μνημονεύει
460 1051 552 1104 καὶ
579 1051 682 1122 τῆς
710 1054 832 1107 κατ’
865 1056 1026 1109 αὐτὸν
1059 1059 1384 1133 ἀπογραφῆς
1415 1078 1430 1093 ο
1454 1063 1587 1134 φησί
1617 1081 1678 1118 τε

138 1143 249 1215 μηδὲ
280 1141 557 1213 ἐσχηκέναι
613 1144 809 1210 αὐτοὺς
863 1148 922 1201 ἐν
975 1151 1041 1220 τῇ
1072 1148 1318 1224 Βηθλεὲμ
1367 1154 1677 1227 κατάλυμα,

134 1235 337 1306 πλήθους
378 1234 628 1300 συνόντος
656 1235 735 1301 ὡς
770 1238 919 1303 εἰκὸς
950 1240 1009 1294 ὲν
1036 1244 1102 1314 τῇ
1137 1242 1382 1317 Βηθλεὲμ
1427 1246 1532 1301 τῶν
1572 1246 1679 1302 ἀπὸ

134 1328 293 1398 γένους
320 1326 478 1383 Δαῦὶδ
506 1328 605 1400 τῆς
638 1328 961 1404 ἀπογραφῆς
989 1333 1203 1388 ἕνεκεν·
1250 1337 1332 1392 διὸ
1363 1339 1497 1411 μηδὲ
1527 1340 1676 1394 οίκου

132 1418 205 1472 τὸν
229 1416 407 1487 Ἰωσὴφ
435 1418 688 1490 εὐπορεῖν
705 1437 718 1450 ·
747 1422 869 1475 ὅθεν
888 1424 1149 1479 τεκοῦσάν
1179 1444 1311 1499 φησι
1338 1430 1435 1500 τὴν
1460 1431 1677 1501 Μαρίαν

133 1507 483 1599 σπαργανῶσαι
530 1510 592 1562 τὸ
650 1510 851 1583 βρέφος
898 1516 989 1568 καὶ
1036 1516 1331 1574 ἀποθέσθαι
1381 1522 1438 1574 ὲν
1478 1524 1675 1599 φάτνῃ,

131 1599 199 1655 διὰ
233 1602 286 1654 τὸ
321 1601 391 1673 μὴ
436 1596 579 1654 εἶναι
626 1603 807 1669 αὐτοῖς
870 1606 1034 1660 τόπον
1082 1610 1139 1663 ὲν
1179 1610 1258 1682 τῷ
1302 1596 1672 1686 καταλύματι)

130 1694 204 1748 καὶ
228 1695 359 1758 εἰκός
385 1711 444 1761 γε
473 1691 544 1766 ἦν
573 1696 840 1750 πλείστων
880 1700 1149 1754 συνόντων
1171 1702 1258 1756 διὰ
1288 1704 1389 1775 τὴν
1428 1706 1676 1780 ἀπογρα-

130 1785 214 1856 φὴν
249 1786 315 1857 μὴ
344 1787 603 1858 εὐπορεῖν
641 1791 1020 1858 καταγωγίου,
1062 1793 1195 1847 ἀλλά
1223 1796 1334 1859 καὶ,
1360 1796 1540 1865 «Ὅτε,
1577 1818 1682 1872 φη-

130 1875 212 1941 σὶν,
229 1878 279 1930 αί
301 1878 491 1951 ἡμέραι
521 1879 869 1952 ἐπλήσθησαν
899 1884 990 1937 τοῦ
1016 1890 1332 1957 περιτεμεῖν
1359 1889 1520 1943 αὑτὸν
1541 1890 1667 1964 (χρὴ

127 1967 172 2019 δὲ
194 1967 331 2021 τοῦτο
368 1969 616 2038 γίνεσθαι
651 1973 812 2045 ὀγδόῃ
848 1975 986 2044 μετά
1016 1976 1115 2047 τὴν
1149 1977 1406 2044 ἀπότεξιν
1437 1981 1665 2054 ἡμέρᾳ),

127 2060 359 2130 ἀνήγαγον
386 2062 446 2115 τὸ
475 2064 688 2117 παιδίον
714 2068 794 2129 εἰς
828 2066 1091 2139 Ἰεροσόλυ
1100 2087 1195 2140 μα,
1231 2071 1323 2123 καὶ
1352 2072 1666 2139 τελέσαντες

126 2152 196 2204 ἐπ’
227 2153 360 2225 αὐτῷ
404 2154 469 2209 τά
520 2158 907 2229 νενομισμένα,
956 2161 1181 2215 ἀπίασιν
1212 2164 1293 2228 εἰς
1326 2165 1601 2238 Ναζαρέθ.
1641 2186 1659 2219 ι

126 2243 305 2298 Τούτων
320 2246 462 2317 παρά
478 2247 559 2319 τῷ
568 2251 752 2321 Λουκᾷ
775 2252 1039 2322 κειμένων
1059 2253 1269 2318 οὐδενὸς
1287 2257 1665 2327 μνημονεύσας

125 2336 429 2403 ὀΜατθαῖος,
458 2344 872 2415 παραχωρήσας
896 2344 951 2397 δὲ
977 2343 1049 2414 τῷ
1070 2346 1256 2416 Λουκᾷ
1282 2347 1349 2399 τά
1377 2349 1495 2418 είρη
1506 2348 1661 2418 μένα,

122 2426 252 2498 ἕτερα
276 2431 427 2493 αὐτὸς
451 2432 757 2505 διηγεῖται·
793 2437 912 2489 τίνα
940 2438 997 2491 δὲ
1022 2433 1089 2509 ἦν
1124 2436 1315 2502 ταῦτα,
1344 2439 1459 2493 ἀλλ’
1489 2439 1521 2510 ἢ
1551 2438 1660 2511 (22)

124 2518 210 2570 τῶν
236 2521 428 2591 Μάγων
459 2525 570 2578 ἀπὸ
607 2526 892 2597 Ἀνατολῆς
931 2528 1147 2597 ἄφιξις;
1189 2528 1527 2598 κινησάντων
1565 2530 1663 2601 μὲν

122 2610 206 2664 ἀπὸ
225 2613 312 2684 τῆς
333 2617 539 2682 οἰκείας
573 2619 676 2689 γῆς
706 2618 821 2690 ἀμα
856 2619 933 2690 τῷ
960 2620 1285 2692 γεννηθῆναι
1313 2620 1404 2674 τὸν
1432 2621 1660 2692 Ἰησοῦν,

122 2702 313 2774 ἀστέρος
360 2708 546 2772 αὐτοῖς
594 2711 693 2780 τὴν
727 2710 927 2779 γνῶσιν
975 2712 1074 2782 τῆς
1104 2714 1408 2784 γεννήσεως
1452 2714 1662 2784 ὑποφή-

119 2809 292 2860 ναντος,
309 2797 541 2870 ούδήπου
560 2800 617 2855 δὲ
640 2801 737 2871 τὴν
761 2802 1027 2874 τοσαύτην
1050 2803 1228 2857 στειλα
1237 2804 1409 2874 μένων
1435 2804 1661 2876 πορείαν

118 2886 262 2958 καιρῷ
283 2888 519 2969 ’βραχεῖ’
572 2893 632 2945 οὐ
665 2892 773 2966 γάρ
821 2896 879 2948 ὲν
929 2894 1164 2967 ἡμέραις
1214 2894 1357 2949 ὀκτὼ
1402 2897 1501 2967 τὴν
1552 2895 1659 2950 ἀπὸ

129 2975 383 3034 Ἀνατολῶν
415 2983 538 3037 ὁδὸν
574 2985 718 3046 εἰκὸς
750 2985 932 3049 αὐτοῖς
962 2987 1053 3040 ἐπὶ
1098 2986 1198 3059 τὴν
1238 2987 1495 3041 Ἰουδαίαν
1524 2987 1659 3058 ἡνῦ-

121 3067 232 3135 σθαι,
263 3072 330 3137 ὼς
359 3075 447 3128 τὸν
475 3075 641 3129 αὐτὸν
668 3077 887 3147 νομίσαι
922 3072 1060 3131 εἶναι
1095 3079 1283 3151 καιρὸν
1316 3080 1414 3150 τῆς
1442 3097 1501 3132 τε
1528 3079 1655 3133 τού-

1850 622 2022 681 Lucas
2054 639 2228 703 autem
2257 629 2637 703 Hierosolyma
2662 622 2817 703 atque
2845 636 2971 692 inde
2995 622 3357 694 Ναιῖιῖὲῶἆῶ

1851 714 1882 750 α
1897 699 2203 767 parentibus
2231 698 2467 755 delatum
2495 698 2674 756 narret
2690 698 2916 763 lesum?

1852 874 1903 930 Ι.
1934 873 2110 932 Lucas
2139 875 2269 931 dum
2292 884 2508 948 tempus
2540 887 2716 946 notat,
2749 899 2858 954 quo
2886 882 3145 943 Servator
3169 897 3357 948 noster

1779 973 1944 1021 natus
1969 973 2072 1033 est,
2104 966 2334 1038 Augusti
2350 984 2575 1041 regnum
2592 982 2858 1030 memorat
2887 991 3224 1051 censumque
3249 984 3355 1040 sub

1778 1072 1844 1113 eo
1868 1057 2226 1129 descriptum.
2258 1059 2351 1115 Ait
2390 1069 2571 1117 autem
2606 1066 2854 1122 caruisse
2894 1084 2988 1125 eos
3013 1070 3352 1131 Bethlebemi

1778 1149 2106 1219 diversorio,
2156 1153 2228 1207 ob
2279 1159 2628 1223 posterorum
2687 1154 2911 1215 Davidis
2943 1162 3354 1222 multitudinem

1777 1240 2212 1307 Bethlehemum,
2245 1250 2304 1299 ut
2332 1246 2632 1304 verisimile
2651 1255 2757 1317 est,
2793 1261 3208 1311 concurrentem
3228 1272 3356 1327 pro-

1779 1331 2103 1390 ﬁtendorum
2156 1338 2438 1392 nominum
2494 1354 2661 1395 causa
2696 1357 2911 1412 :quare
2961 1360 3028 1398 ne
3055 1344 3354 1417 hospitium

1778 1426 1996 1496 quidem
2024 1425 2297 1498 Josephus
2337 1440 2530 1487 nactus
2552 1439 2637 1488 est
2668 1451 2681 1489 :
2715 1433 2790 1489 ita
2825 1441 2885 1489 ut
2912 1433 3082 1492 Maria
3102 1438 3171 1492 ab
3187 1453 3355 1494 evan-

1777 1518 1968 1587 gelista
2000 1519 2216 1574 dicatur
2249 1529 2467 1591 partum
2516 1538 2680 1579 suum
2715 1524 2905 1584 fasciis
2931 1528 3232 1586 involvisse
3261 1538 3348 1586 at—

1778 1625 1885 1680 que
1914 1612 1968 1665 in
2001 1613 2229 1682 prtesepi
2258 1614 2636 1679 reclinavisse,
2660 1618 2787 1688 quia
2811 1633 2919 1673 nou
2943 1629 3062 1676 erat
3083 1622 3164 1676 eis
3192 1621 3354 1682 locus

1779 1703 1836 1757 in
1860 1703 2188 1762 diversorio.
2215 1703 2360 1761 Sane
2390 1708 2467 1762 nil
2500 1708 2699 1763 mirum
2722 1716 2806 1765 est
2833 1710 2878 1765 si
2907 1711 2980 1766 ob
3015 1711 3351 1771 conﬂuentes

1711 1792 1755 1847 Β
1782 1794 1846 1848 ad
1871 1809 2095 1851 censum
2130 1798 2319 1853 turbas
2341 1799 2583 1868 hospitio
2606 1809 2921 1857 caruerunt.
2940 1802 3105 1859 Addit
3129 1803 3344 1861 Lucas:

1780 1903 1800 1936 ι
1833 1884 2125 1957 Postquam
2172 1888 2379 1957 impleti
2416 1896 2546 1944 sunt
2598 1891 2717 1947 dies
2748 1898 2807 1944 ut
2858 1893 3349 1951 cir'cumcideretur

1772 1994 1911 2048 puer
1940 1979 2015 2051 (id
2051 1988 2230 2035 autem
2260 1980 2373 2036 ﬁeri
2423 1981 2709 2051 oportebat
2756 1992 2951 2040 octavo
2980 1993 3103 2056 post
3128 1997 3347 2057 partum

1772 2071 1905 2144 die),
1955 2072 2196 2127 tulerunt
2221 2071 2372 2127 illum
2391 2071 2806 2146 Hierosolyma:
2840 2080 3183 2149 peractisque
3197 2080 3347 2135 circa

1771 2159 2022 2216 eumdem
2046 2161 2335 2232 legitimis,
2369 2160 2736 2219 Nazarethum
2773 2165 3048 2222 abierunt.
3091 2187 3110 2221 ι
3140 2167 3345 2223 Horum

1771 2249 1915 2318 apud
1939 2248 2140 2304 Lucam
2171 2251 2503 2320 scriptorum
2552 2252 2690 2307 nihil
2718 2263 2987 2310 memorat
3015 2256 3302 2312 Matthaeus
3324 2299 3344 2324 ,

1771 2339 1865 2410 qui
1896 2355 2113 2395 omnem
2140 2341 2194 2395 id
2214 2356 2387 2413 genus
2438 2344 2807 2400 narrationem
2857 2348 3121 2417 praedicto
3182 2347 3355 2406 Lucae

1770 2431 2038 2501 permisit,
2088 2431 2195 2486 alia
2252 2432 2367 2502 ipse
2414 2420 2756 2502 persecutus.
2820 2434 3080 2503 Quaenam
3143 2439 3346 2509 porro?

1767 2520 1973 2593 Nempe
1997 2522 2278 2594 Magorum
2328 2539 2392 2578 ex
2445 2523 2670 2581 Oriente
2720 2527 3012 2583 adventum
3066 2529 3345 2600 digresso—

1767 2625 1890 2665 rum
1919 2625 1950 2664 a
1984 2611 2203 2682 propria
2262 2612 2488 2683 regione
2546 2622 2671 2683 post
2695 2613 2825 2669 Jesu
2851 2616 3212 2683 nativitatem,
3263 2617 3344 2674 si-

1767 2701 1897 2757 dere
1946 2702 2082 2773 ipsis
2132 2703 2383 2758 notitiam
2419 2706 2531 2758 nati
2564 2706 2717 2776 pueri
2766 2706 3130 2777 signiﬁcante,
3165 2724 3343 2781 neque

1764 2798 1950 2848 tamen
1969 2793 2121 2848 brevi
2150 2799 2395 2864 tempore
2422 2802 2634 2850 tantum
2664 2796 2877 2853 itineris
2915 2798 3339 2857 absolventinm.

1766 2882 1922 2939 Haud
1953 2886 2098 2940 enim
2126 2885 2387 2941 credibile
2413 2896 2499 2942 est
2528 2889 2672 2943 intra
2703 2889 2821 2945 dies
2844 2897 2971 2945 octo
3015 2891 3085 2946 ab
3117 2889 3341 2959 Oriente

1766 2974 1953 3049 Magos
1973 2978 2030 3032 in
2053 2976 2297 3034 Iudaeam
2345 2996 2521 3051 usque
2552 2981 2773 3037 venisse
2793 3020 2807 3045 ,
2844 2981 2920 3036 ita
2941 2990 3001 3037 ut
3021 2982 3169 3038 circa
3195 2983 3340 3039 idem

1766 3074 1981 3139 tempus
2015 3066 2363 3127 Servatorem
2394 3081 2646 3128 nostrum
2694 3078 2883 3126 uatum
2908 3087 3031 3128 esse
3058 3082 3338 3143 putemus,

117 3176 201 3214 των
224 3164 463 3233 ἀφίξεως,
500 3169 597 3222 καὶ
629 3168 731 3240 τῆς
760 3169 856 3222 τοῦ
886 3170 1138 3243 Σωτῆρος
1171 3173 1203 3242 ἡ
1213 3170 1330 3242 μῶν
1360 3173 1655 3240 γενέσεως·

1766 3177 1872 3232 quo
1906 3162 1997 3218 isti
2029 3171 2487 3234 supervenerunt.
2520 3164 2844 3235 Quanquam
2895 3170 3076 3220 autem
3108 3165 3339 3222 interro-

115 3253 153 3304 εί
172 3252 219 3308 δὲ
245 3258 328 3310 καὶ
356 3260 750 3331 πυνθανόμενοι
781 3261 1018 3330 λέγουσι,
1042 3280 1060 3311 ι
1083 3261 1190 3315 Ποῦ
1226 3265 1370 3316 ἐστιν
1396 3265 1424 3317 ὁ
1449 3264 1658 3334 τεχθεὶς

1766 3265 1888 3326 gant
1922 3273 1937 3310 :
1974 3274 1992 3307 ι
2022 3255 2126 3312 Ubi
2156 3266 2240 3313 est
2271 3258 2363 3329 qui
2399 3265 2562 3313 natus
2590 3267 2674 3312 est
2689 3272 2788 3312 rex
2821 3254 3172 3314 Iudaeorum?
3198 3258 3334 3312 vidiv

116 3339 328 3410 βασιλεὺς
374 3349 481 3403 τῶν
546 3350 845 3417 Ἰουδαίων;
915 3351 1127 3423 εἴδομεν
1182 3351 1294 3424 γάρ
1346 3352 1508 3407 αὐτοῦ
1566 3353 1657 3408 τὸν

113 3435 301 3511 ἀστέρα,
328 3444 417 3497 καὶ¹
436 3444 675 3515 ἤλθομεν
694 3445 1070 3516 προσκυνῆσαι
1101 3444 1303 3515 αὐτῷ,›
1343 3445 1402 3498 ού
1436 3446 1528 3499 τὸν
1559 3447 1656 3518 σή-

116 3544 251 3600 μερον
283 3534 569 3606 τεχθέντα,
592 3536 667 3600 ὼς
698 3538 763 3592 ἄν
799 3554 883 3600 τις
918 3537 1205 3600 ὑπολάϐοι,
1242 3536 1365 3591 καθ’
1394 3538 1452 3590 ὃν
1484 3537 1656 3591 ταῦτα

112 3619 434 3682 ἐπυνθάνοντο
477 3629 672 3700 χρόνον
714 3629 985 3701 δηλοῦσιν,
1028 3630 1164 3684 ἀλλά
1205 3630 1296 3683 τὸν
1336 3630 1459 3683 τότε
1499 3630 1654 3699 γενό-

112 3729 244 3782 μενον
272 3719 356 3772 ὅτε
383 3721 574 3785 αὐτοῖς
606 3723 634 3775 ὁ
663 3722 839 3794 ἀστὴρ
866 3722 1123 3791 ἐπέφανε.
1347 3782 1351 3788 ,

166 3804 223 3876 β’.
260 3810 426 3876 Πόσος
471 3812 531 3866 δὲ
577 3807 645 3883 ἦν
692 3807 849 3876 οὗτος
895 3814 923 3865 ό
966 3812 1167 3885 μεταξὺ
1201 3813 1424 3885 χρόνος,
1460 3813 1552 3868 τοῦ
1592 3830 1653 3867 τε

108 3896 333 3964 φανέντος
376 3905 489 3967 τοῖς
530 3902 744 3970 Μάγοις
785 3903 879 3957 ἐπὶ
922 3903 1019 3973 τῆς
1066 3901 1157 3956 τοῦ
1202 3902 1452 3976 Σωτῆρος
1496 3903 1654 3976 ἡμῶν

107 3987 337 4056 γενέσεως
363 3994 615 4063 ἀστέρος,
646 3993 741 4048 καὶ
767 3994 870 4064 τῆς
897 3993 1072 4048 αὐτῶν
1102 3997 1183 4059 είς
1210 3995 1281 4049 τά
1311 3996 1654 4068 Ἰεροσόλυμα

105 4082 395 4151 παρουσίας,
430 4085 596 4149 αὑτός
630 4101 689 4138 σε
721 4086 921 4153 διδάξει
958 4089 987 4139 ό
1017 4086 1408 4159 εὐαγγελιστὴς
1458 4088 1650 4157 λέγων’

110 4186 126 4218 ι
150 4170 266 4226 Τότε
297 4175 543 4249 Ἡρώδης
574 4175 751 4250 λάθρα
784 4178 1017 4243 καλέσας
1048 4181 1174 4243 τοὺς
1204 4179 1458 4248 Μάγους,
1497 4180 1653 4252 ἠκρί-

103 4259 222 4317 δωσε
242 4268 363 4340 παρ’
399 4268 582 4323 αὐτῶν
620 4269 711 4324 τὸν
749 4270 935 4341 χρόνον
979 4271 1074 4325 τοῦ
1122 4272 1443 4344 φαινομένου
1492 4272 1650 4326 ἀστέυ

106 4367 195 4422 ρος.
231 4375 247 4409 ι
312 4361 422 4414 Καὶ
452 4361 531 4426 ὼς
562 4361 630 4415 ἂν
668 4362 984 4434 ἀκριϐώσας
1034 4367 1161 4436 παρ’
1205 4364 1406 4428 αὐτῶν,
1465 4363 1650 4435 μαθὼν

100 4443 224 4512 ὅστις
266 4446 331 4522 ἦν
384 4446 577 4517 οὗτος,
621 4454 760 4524 μετά
803 4454 865 4507 τὸ
906 4455 1257 4528 ἀναχωρῆσαι
1308 4455 1481 4527 λάθρα
1526 4457 1650 4519 τοὺς

1757 3365 1881 3404 mus
1909 3350 2054 3405 enim
2078 3352 2290 3407 stellam
2322 3350 2464 3419 ejus,
2504 3356 2559 3405 et
2589 3354 2841 3406 venimus
2872 3350 3099 3407 adorare
3125 3367 3284 3419 eum;
3313 3370 3334 3404 ι

1756 3456 1867 3496 non
1894 3449 2101 3507 tamen,
2148 3450 2208 3497 ut
2246 3442 2450 3512 aliquis
2494 3442 2887 3512 suspicabitur,
2949 3457 3124 3512 nuper
3147 3451 3337 3496 natum

1756 3530 2073 3602 designant,
2092 3533 2256 3604 _circa
2313 3539 2529 3602 tempus
2554 3532 2812 3587 nimirum
2840 3548 2949 3602 quo
2971 3532 3075 3604 ipsi
3101 3534 3337 3587 interro-

1756 3601 1917 3692 gantr;
1951 3622 2047 3680 sed
2079 3601 2203 3678 eum
2240 3624 2336 3695 qui
2388 3601 2505 3680 tum
2537 3633 2700 3679 natus
2733 3601 2916 3679 fuerat
2942 3601 3066 3678 cum
3098 3622 3232 3693 ipsis
3263 3621 3337 3679 si-

1755 3714 1859 3771 dus
1891 3715 2165 3787 apparuit.
2922 3774 2925 3777 .

1823 3806 1879 3861 2.
1910 3807 2185 3874 Quantum
2211 3822 2342 3863 vero
2385 3806 2646 3878 temporis
2674 3805 2909 3875 spatium
2945 3804 3087 3860 inter
3109 3803 3265 3860 sidus
3292 3818 3327 3859 a

1754 3896 1927 3969 Magis
1967 3897 2168 3963 visum,
2218 3896 2511 3953 Servatore
2570 3903 2761 3953 nostro
2828 3907 3110 3955 nascente,
3167 3900 3333 3964 atque

1752 3987 1951 4042 horum
1988 3986 2365 4060 Hierosolyma
2420 3986 2715 4042 adventuum
2769 3984 3023 4048 ﬂuxerit,
3081 3984 3222 4039 idem
3275 3989 3333 4039 ’.ο

1753 4084 1971 4139 docebit
1998 4081 2333 4153 evangelista
2359 4082 2486 4137 dum
2518 4081 2630 4136 ait:
2671 4097 2691 4130 ι
2732 4079 2886 4133 Tunc
2920 4077 3160 4133 Herodes
3189 4076 3328 4131 clam

1752 4175 1962 4229 vocatis
2018 4174 2207 4245 Magis,
2281 4172 2569 4244 diligenter
2614 4170 2803 4226 didicit
2859 4169 2928 4224 ab
2982 4168 3064 4225 cis
3112 4176 3328 4239 tempus

1754 4267 1925 4323 stella:
1953 4282 2074 4336 quae
2105 4272 2436 4337 apparuerat
2456 4264 2558 4319 eis.
2603 4283 2621 4313 ι
2649 4262 2804 4329 Quod
2834 4276 2959 4317 cum
2992 4259 3327 4316 adamussim

1753 4359 1822 4414 ab
1849 4358 1918 4415 iis
1945 4357 2279 4420 rescivisset,
2315 4371 2549 4426 cumque
2577 4354 2718 4425 Magi
2756 4354 2824 4409 ab
2850 4368 2916 4409 eo
2945 4353 3085 4406 clam
3110 4365 3170 4405 se
3196 4349 3326 4405 sub—

1751 4449 2037 4505 duxissent
2070 4467 2088 4499 ι
2126 4448 2320 4504 videns
2349 4464 2408 4503 se
2444 4448 2684 4508 illusum,
2721 4445 2892 4499 iratus
2922 4451 3005 4498 est
3044 4440 3239 4494 valde:
3271 4443 3326 4492 et

99 4534 326 4608 Μάγους,
365 4543 488 4600 ίᾶἶον
520 4545 603 4599 ὃτι
634 4546 926 4619 ἐνεπαίχθη
961 4547 1052 4600 ὑπ’
1081 4546 1277 4613 αὐτῶν,
1345 4566 1363 4598 ι
1394 4545 1648 4618 ἐθυμώθη

1766 4543 1977 4597 mittens
2006 4541 2209 4597 occidit
2240 4556 2431 4595 omnes
2461 4553 2680 4608 pueros,
2729 4537 2821 4606 qui
2854 4541 3011 4590 erant
3040 4529 3326 4619 Bethlehe-

96 4626 218 4697 λίαν,
254 4637 346 4690 καὶ
377 4639 709 4704 ἀποστείλας
740 4640 919 4694 ἀνεῖλε
954 4641 1163 4705 πάντας
1204 4642 1330 4705 τοὺς
1369 4641 1562 4704 παῖδας
1593 4642 1650 4693 ὲν

98 4717 338 4799 Βηθλεὲμ,
371 4731 467 4784 καὶ
499 4734 557 4786 ἐν
589 4734 724 4786 πᾶσι
753 4735 865 4795 τοῖς
892 4733 1062 4804 ὁρίοις
1090 4733 1277 4802 αὐτῆς,
1314 4732 1421 4786 ἀπὸ
1446 4730 1651 4794 διετοῦς

96 4816 176 4870 καὶ
209 4824 521 4896 κατωτέρω,
560 4825 701 4881 κατά
730 4826 821 4879 τὸν
869 4826 1057 4899 χρόνον
1095 4826 1154 4878 ὃν
1186 4823 1461 4897 ἠκρίϐωσε
1498 4822 1651 4894 παρὰ

95 4905 187 4961 τῶν
205 4912 463 4982 Μάγων.»
499 4916 707 4971 Οὐκοῦν
733 4917 911 4990 διετὴς
936 4917 1127 4988 χρόνος
1158 4916 1257 4987 ἤδη
1288 4913 1650 4986 παρεληλύθει

95 4999 187 5055 ἀπὸ
230 5005 326 5076 τῆς
371 5007 548 5079 Ἰησοῦ
594 5009 860 5079 γενέσεως
910 5010 1005 5063 καὶ
1047 5010 1138 5061 ἐπὶ
1179 5006 1278 5078 τὴν
1324 5005 1504 5076 ἄφιξιν
1542 5005 1649 5058 τῶν

95 5090 407 5163 εἰρημένων*
445 5100 546 5154 οὐκ
591 5099 700 5173 ἄρα
739 5100 999 5170 διαφωνεῖ
1040 5098 1109 5151 τὰ
1146 5099 1295 5171 παρά
1326 5102 1440 5162 τοῖς
1486 5101 1649 5171 ἱεροῖς

95 5181 506 5252 εὐαγγελισταῖς,
539 5194 586 5245 εί
622 5193 651 5245 ὁ
682 5192 781 5262 μὲν
811 5193 1027 5255 Λουκᾶς
1059 5190 1218 5264 ὀγδόῃ
1251 5190 1352 5259 τῆς
1380 5191 1648 5259 γενέσεως

96 5272 258 5351 ἡμέρᾳ
287 5279 480 5350 ἀνάγει
508 5283 670 5337 αὐτὸν
705 5283 821 5355 ἀμα
846 5285 958 5347 τοῖς
982 5282 1231 5350 γονεῦσιν
1265 5282 1346 5344 εἰς
1379 5282 1649 5351 Ἰερουσα-

93 5363 191 5436 λὴμ
206 5371 301 5442 τῆς
325 5374 437 5427 τῶν
465 5375 710 5446 νομίμων
746 5376 1143 5449 ὲκπληρώσεως
1175 5376 1360 5435 ἕνεκα,
1395 5373 1647 5428 κάκεῖθεν

93 5458 277 5531 ἀπάγει
307 5467 403 5519 ἐπὶ
429 5467 529 5539 τὴν
555 5467 833 5538 Ναζαρέθ·
870 5470 899 5521 ὁ
936 5466 993 5521 δὲ
1019 5467 1297 5529 Ματθαῖος
1336 5464 1473 5536 μετά
1496 5465 1645 5534 διετῆ

92 5553 262 5621 Χρόνον
287 5559 615 5629 γενομένους
642 5558 803 5612 πάλιν
845 5561 902 5613 ἐν
924 5557 1170 5630 Βηθλεὲμ
1198 5556 1524 5630 ἀναγράφει,
1556 5557 1642 5609 ὲν-

152 5707 256 5785 i”)
297 5710 375 5785 [to
405 5713 576 5785 codex
613 5728 714 5785 pro
742 5713 854 5785 ἀλλ’
883 5714 917 5785 ἢ
951 5714 1002 5784 ἡ.
1034 5712 1131 5785 ξίο
1174 5710 1636 5785 autemscribere

92 5777 293 5838 solitum
307 5780 601 5838 Eusebium
610 5777 1007 5847 {animadvertit
1023 5781 1458 5837 Montt‘auconius
1481 5779 1632 5847 praef.

1753 4634 1849 4695 mi,
1881 4641 2044 4703 atque
2064 4633 2120 4686 in
2150 4631 2365 4685 cunctis
2397 4628 2594 4683 ﬁnibus
2618 4627 2761 4694 ejus,
2788 4640 2817 4678 a
2846 4624 3050 4679 himatu
3074 4630 3129 4675 et
3158 4618 3322 4682 infra,

1751 4726 2053 4779 secundum
2101 4734 2315 4792 tempus
2365 4720 2509 4791 quod
2560 4718 2930 4789 exquisiverat
2978 4729 3009 4768 a
3059 4712 3250 4784 Magis.
3298 4729 3317 4761 ι

1752 4817 2035 4872 Biennium
2067 4831 2196 4886 ergo
2226 4815 2470 4883 elapsum
2504 4812 2682 4866 fuerat
2708 4823 2738 4861 a
2767 4805 2896 4862 Jesu
2944 4804 3224 4860 nativitate
3254 4800 3321 4855 ad

1750 4907 2030 4977 Magorum
2066 4905 2382 4959 adventum.
2416 4901 2600 4971 Neque
2622 4896 2889 4955 dissident
2919 4893 3063 4951 sacri
3091 4906 3321 4962 evange-

1749 5000 1955 5069 gelistaz
1979 5017 1994 5066 ;
2017 4996 2232 5053 etiamsi
2255 4994 2430 5049 Lucas
2452 5000 2648 5048 octavo
2672 5004 2703 5043 a
2734 4987 3021 5042 nativitate
3048 4985 3137 5041 die
3157 4984 3321 5038 ducat

1749 5108 1873 5146 eum
1934 5105 2059 5144 cum
2117 5086 2438 5160 parentibus
2517 5080 2895 5152 Hierosolyma
2957 5076 3317 5148 legitimorum

1749 5195 1915 5236 causa
1948 5178 2363 5249 explendorum,
2394 5182 2557 5242 atque
2588 5169 2713 5226 inde
2747 5166 3040 5223 transferat
3086 5162 3320 5219 Nazare-

1750 5275 1946 5338 thum;
2008 5270 2294 5324 Mattbaaus
2351 5274 2529 5321 autem
2596 5269 2719 5333 post
2766 5260 3047 5316 biennium
3122 5270 3319 5311 rursus

1747 5363 2085 5422 Bethlehemi
2119 5367 2405 5415 versantes
2432 5356 2677 5421 scribat;
2710 5361 2875 5417 atque
2903 5351 3032 5406 hinc
3061 5348 3116 5403 in
3150 5345 3317 5417 Egy-

1746 5466 1897 5527 ptum
1946 5454 2244 5511 secessisse
2298 5458 2518 5521 propter
2563 5446 2709 5517 regis
2742 5444 2992 5500 insidias.
3044 5437 3319 5496 Credibile

1748 5564 1876 5605 vero
1906 5556 1990 5601 est
2017 5562 2112 5601 eos
2147 5560 2254 5600 non
2292 5539 2533 5598 secundo
2583 5539 2758 5593 solum
2789 5532 2885 5589 sed
2944 5538 3319 5600 sapettumero

1745 5707 1810 5761 ad
1844 5701 2275 5760 commentarios
2308 5696 2528 5755 Eusebii
2561 5692 2806 5764 ejusdem
2827 5689 2881 5746 in
2899 5687 3164 5760 psalmos,
3190 5696 3313 5755 cap.

1744 5779 1840 5831 ult.
