3830 6260
461 347 566 413 9'55

1158 345 1425 405 EUSEBH
1462 344 1941 405 CASSARIENSIS
1977 343 2129 399 OPP.
2176 340 2353 395 PARS
2391 339 2565 395 lll.—-
2588 334 2998 393 EXEGETICA.
3597 335 3686 394 933

465 471 699 526 rediisse
727 467 791 522 ad
826 467 1055 522 eundem
1093 465 1294 532 locum,
1329 465 1664 520 admirabills
1697 465 1844 519 illius
1871 478 2032 518 even-

2143 458 2331 512 τεῦθέν
2378 473 2434 510 τε
2479 459 2558 518 είς
2582 456 2852 522 Αἴγυπτον
2899 449 3286 521 ἀπεληλυθέναι
3325 450 3460 519 φησὶ
3493 450 3579 503 διὰ
3609 453 3690 522 τὴν

460 571 548 619 tus
581 564 768 634 gratia.
812 560 1186 614 lndubitanter
1235 560 1417 628 itaque
1467 558 1899 612 demonstratum
1949 564 2035 611 est

460 672 567 710 non
598 656 734 708 idem
769 667 894 708 esse
921 661 1154 721 tempus,
1183 667 1290 720 quo
1320 653 1618 705 secundum
1644 651 1842 702 Lucam
1873 656 2035 702 natus

459 753 542 798 est
602 743 860 796 Servator
915 751 1124 800 noster.
1167 751 1329 810 atque
1387 741 1516 793 illud
1575 754 1684 809 quo
1731 737 2035 792 secundum

461 832 771 886 Matthaaum
802 842 1066 886 venerunt
1114 833 1168 886 in
1217 840 1568 901 conspectum
1601 830 1728 886 Jesu
1773 830 1910 900 Magi
1961 831 2032 884 ab

461 921 705 979 Oriente.

531 1104 582 1158 '5.
630 1103 785 1169 Quod
838 1111 1016 1158 autem
1070 1118 1177 1156 non
1235 1101 1374 1156 idem
1429 1102 1502 1156 sit
1551 1100 1694 1171 apud
1743 1110 2037 1172 utrumque

461 1196 846 1264 evangelistam
873 1203 1104 1264 tempus,
1131 1193 1234 1246 alia
1261 1209 1476 1262 quoque
1501 1194 1715 1246 ratione
1740 1193 2033 1263 colligitur.

463 1281 643 1339 Lucas
675 1284 816 1338 enim
847 1287 922 1338 ait
950 1300 1057 1338 non
1099 1285 1368 1338 invenisse
1401 1298 1495 1338 eos
1544 1283 1841 1354 hospitium
1875 1283 2037 1338 Beth-

463 1377 658 1432 lehemi
693 1396 704 1430 :
738 1376 966 1447 ideoque
995 1385 1048 1430 et
1081 1391 1110 1428 a
1159 1385 1332 1429 matre
1362 1375 1683 1429 reclinatum
1717 1391 1944 1445 puerum
1973 1376 2036 1429 in

463 1461 712 1540 praesepi,
742 1470 867 1540 quia
901 1485 1008 1521 non
1041 1475 1158 1520 erat
1189 1469 1269 1522 eis
1312 1467 1465 1522 locus
1497 1468 1552 1521 in
1599 1467 1942 1534 diversorio;
1979 1474 2038 1521 ut

463 1567 724 1622 credibile
754 1575 859 1627 est,
893 1580 1092 1620 census
1124 1579 1312 1628 causa,
1349 1563 1752 1618 conlluentibus
1798 1561 2038 1632 undique

462 1657 517 1711 in
566 1657 764 1711 dictam
822 1657 1012 1710 urbem
1045 1656 1338 1726 gentilibus
1378 1655 1726 1725 posterisque
1771 1653 2034 1718 Davidis;

463 1749 697 1819 ideoque
734 1749 803 1804 ob
833 1749 1162 1802 advenarum
1192 1747 1596 1801 multitudinem
1628 1747 1781 1816 copia
1816 1746 2036 1815 hospitii

462 1849 675 1911 negata.
739 1840 1021 1896 Matthazus
1069 1847 1250 1894 autem
1306 1858 1322 1889 ι
1385 1838 1522 1909 Magi
1573 1838 1778 1900 audito,
1834 1838 2029 1909 inquit.

460 1933 672 1999 Herode
706 1949 852 2002 rege,
873 1920 1282 1986 Bethlehemum
1312 1916 1580 1985 abierunt.
1612 1929 1674 1984 Et
1703 1944 1830 1984 ecce
1855 1930 2030 1995 stella,

460 2038 624 2094 quam
655 2022 902 2076 viderant
940 2023 992 2075 in
1023 2020 1264 2080 Oriente.
1302 2020 1659 2076 antecedebat
1704 2036 1819 2083 eos,
1857 2019 2032 2075 donec

461 2115 687 2170 veniens
748 2121 919 2169 staret
974 2129 1136 2182 supra
1192 2114 1284 2168 ubi
1337 2120 1454 2168 erat
1505 2128 1638 2180 puer
1693 2127 1816 2165 cum
1866 2111 2032 2166 Maria

462 2214 637 2260 matre
680 2204 820 2274 ejus.
881 2203 945 2256 Et
1000 2204 1346 2272 procidentes
1397 2202 1760 2258 adoraverunt
1812 2218 1956 2256 eum.
2010 2221 2028 2252 ι

463 2294 626 2366 Atqui
655 2310 762 2348 non
798 2295 852 2348 in
911 2293 1134 2363 pnesepi
1163 2293 1230 2346 ab
1266 2293 1350 2347 his
1378 2292 1799 2362 deprehenditur
1831 2292 2031 2356 infans,

462 2393 523 2442 ut
557 2403 585 2440 a
617 2385 955 2456 pastoribus,
989 2384 1085 2439 sed
1121 2385 1264 2438 intra
1305 2383 1527 2437 domum
1575 2397 1699 2436 cum
1749 2391 1922 2438 matre
1949 2383 2030 2436 vi-

465 2479 621 2532 situr.
660 2475 830 2531 Porro
861 2475 1039 2530 Lucas
1068 2477 1282 2530 dixerat
1313 2491 1419 2528 non
1453 2475 1621 2531 fuisse
1653 2476 1830 2529 locum
1865 2475 1945 2530 eis
1979 2475 2033 2529 in

463 2568 787 2624 diversorio.
834 2567 1119 2633 Quomodo
1148 2567 1312 2638 igitur
1343 2565 1624 2622 Matthzeus
1673 2567 1892 2622 domum
1928 2565 2034 2621 illis

465 2660 757 2715 attribuit?
797 2659 902 2715 Sed
935 2654 1194 2730 quoniam
1225 2659 1397 2715 Lucas
1425 2666 1639 2730 tempus
1678 2667 1865 2712 narrat
1894 2658 2036 2711 nati-

463 2751 670 2816 vitatis,
699 2765 809 2820 quo
836 2750 1092 2803 nimirum
1121 2765 1319 2805 census
1343 2750 1718 2822 peragebatur,
1743 2748 2036 2817 cunctique

467 2831 688 2898 Davidis
720 2842 925 2914 posteri
961 2843 1275 2896 catervatim
1313 2842 1379 2897 ad
1404 2843 1647 2911 ejusdem
1676 2841 1868 2895 urbem
1903 2855 2036 2895 con-

464 2934 799 2999 currebant;
847 2939 1036 2985 contra
1085 2947 1115 2983 a
1171 2931 1422 2984 Mattharo
1471 2946 1555 2984 res
1587 2939 1706 3000 post
1755 2930 2035 2984 biennium

463 3033 628 3095 gesta:
675 3023 992 3077 scribuntur
1025 3023 1406 3088 (tantumdem
1459 3023 1600 3075 enim
1655 3029 1869 3090 tempus
1937 3020 2036 3075 fuit

464 3113 614 3185 quod
647 3113 888 3168 Herodes
932 3112 1298 3182 exquisiverat
1329 3125 1358 3164 a
1390 3109 1632 3180 Magis);
1668 3117 1780 3164 tum
1816 3109 2033 3164 demum

463 3221 635 3260 vacua
663 3205 774 3274 jam
806 3204 1106 3274 peregrinis
1135 3203 1292 3268 urbe,
1317 3202 1526 3272 copiam
1546 3203 1697 3272 juxta
1723 3201 2032 3257 Matthaeum

465 3297 752 3353 diversorii
785 3297 931 3351 nacti
972 3305 1121 3351 sunt.
1153 3296 1333 3362 Quare
1382 3297 1610 3367 ingressi
1642 3295 1861 3349 domum
1893 3295 2034 3363 Magi

468 3391 793 3445 invenerunt
819 3404 1044 3459 puerum
1077 3404 1199 3442 cum
1230 3387 1398 3441 Maria
1431 3397 1603 3442 matre
1631 3387 1789 3457 ejus;
1831 3396 1882 3443 et
1913 3403 2036 3458 pro-

467 3482 713 3537 cidentes
761 3480 1126 3535 adoraverunt
1164 3494 1309 3532 eum.
1364 3479 1539 3532 Atoue
1576 3477 1690 3531 hate
1717 3479 2035 3549 quaestionis

467 3575 668 3631 solutio
702 3581 807 3628 est.
1708 3581 1726 3605 σ

537 3749 663 3805 Haec
694 3765 723 3803 a
749 3765 833 3804 me
883 3747 1004 3812 tibi,
1044 3747 1326 3802 hominum
1367 3745 1714 3801 sanctissime
1761 3753 1816 3800 et
1863 3746 2037 3801 soler-

465 3839 674 3896 tissime
728 3839 801 3893 fili
851 3837 1143 3908 Stephano,
1178 3837 1290 3891 veri
1337 3835 1538 3890 indicia
1601 3835 1803 3890 amoris
1855 3835 2035 3890 dicata

469 3941 652 3988 sunto.

540 4130 655 4200 (23),
692 4129 840 4183 Duos
874 4128 1043 4184 fuisse
1081 4128 1182 4183 hos
1218 4128 1284 4182 ad
1320 4126 1652 4200 Stephanum
1687 4127 1856 4200 libros
1888 4127 2035 4200 dicet

465 4198 591 4255 mdx
623 4198 919 4265 Eusebius;
955 4207 1172 4268 quantae
1213 4207 1392 4268 autem
1429 4198 1755 4261 latitudinis,
1791 4199 2035 4253 divinare

466 4285 573 4325 non
621 4285 911 4341 possumus
944 4267 1110 4341 {nam
1158 4267 1432 4341 breviatur
1477 4283 1783 4339 anonymus
1814 4285 1883 4322 ne
1913 4270 2033 4322 illo.

466 4351 586 4394 rum
605 4339 820 4411 quidem
842 4339 1166 4395 divisionem
1195 4340 1448 4394 servavit.
1484 4341 1614 4394 Item
1647 4348 1849 4411 utrum
1887 4354 2037 4410 qua-

467 4410 676 4468 stioiies
688 4426 898 4472 omnes,
917 4411 1020 4465 etsi
1039 4416 1370 4471 contractas,
1397 4410 1706 4470 retinuerit,
1731 4425 1797 4464 an
1823 4411 2032 4479 aliquas

463 4481 684 4538 levioris
709 4482 942 4536 fortasse
982 4482 1261 4543 momenti,
1301 4482 1444 4548 quod
1477 4482 1564 4536 vix
1597 4480 1781 4543 credo=
1809 4482 2028 4534 subtra-

463 4554 623 4623 _xerit,
650 4568 800 4623 aeque
825 4552 1124 4623 obscurum
1143 4561 1244 4604 est.
1275 4548 1410 4604 Illud
1435 4562 1614 4623 tamen
1641 4566 1737 4620 pro
1762 4563 1910 4604 certo
1933 4553 2024 4605 ha-

461 4620 729 4692 bendum,
760 4630 968 4692 partem
1011 4620 1283 4675 utiliorem
1313 4635 1383 4692 ac
1411 4621 1702 4678 medullam
1739 4637 2030 4690 propemo-

461 4690 592 4763 dum
614 4690 795 4763 operis
821 4692 1113 4746 Eusebiani
1137 4691 1341 4763 turnad
1365 4690 1699 4762 Stephanum
1725 4701 1837 4744 tum
1863 4693 2027 4763 etiam

463 4762 529 4816 ad
556 4759 844 4825 Marinum,
871 4763 924 4816 in
963 4765 1062 4815 hac
1093 4776 1192 4816 nos
1225 4759 1474 4829 Epitome
1502 4765 1930 4829 recuperavisse.
1964 4761 2030 4814 Et

463 4848 596 4888 sane
631 4833 815 4886 mirari
849 4833 973 4887 licet
995 4839 1073 4885 tot
1104 4846 1135 4884 a
1169 4831 1602 4887 laboriosissimo
1636 4831 1869 4884 Eusebio
1893 4833 2030 4886 scri-

462 4912 554 4972 pta
581 4917 746 4971 opera
782 4902 849 4956 ad
874 4902 1200 4973 Christiana:
1223 4902 1498 4970 religionis
1529 4902 1921 4973 expositionem
1947 4913 2029 4954 at-

461 4971 567 5042 que
608 4973 852 5042 tutelam,
887 4986 1083 5041 nempe
1121 4971 1416 5042 Historiam
1465 4971 1618 5037 ποι,
1665 4971 2026 5042 Pra’paratio-

463 5040 600 5105 item,
645 5040 1179 5111 DentonstratiOnem,
1230 5041 1639 5111 T/ieoplram'am,
1695 5041 2024 5107 Qamstioms

461 5114 806 5181 evangelicas,
847 5123 900 5167 et
936 5110 1134 5166 Contra
1172 5110 1471 5177 Iulianum,
1510 5113 1826 5175 Hieroclem,
1870 5122 2024 5180 atque

465 5180 798 5248 Marullum,
817 5189 925 5238 etc.
949 5182 1091 5249 Quin
1113 5186 1275 5235 etiam
1297 5181 1592 5252 deperdita:
1612 5183 1732 5252 ejus
1756 5183 2024 5252 generalis

2134 550 2228 603 τοῦ
2259 547 2521 619 βασιλέως
2565 545 2886 614 ἐπιϐουλήν
2918 545 3011 596 καὶ
3038 538 3105 613 ἦν
3132 542 3274 605 είκὺς
3303 541 3362 594 οὐ
3403 541 3562 611 μόνον
3590 541 3694 594 δεύ-

2135 659 2310 711 τερον.
2349 639 2482 693 ἀλλὰ
2537 640 2630 692 καὶ
2681 636 2993 699 πλειστάκις
3047 636 3325 705 ἐπιφοιτᾷν
3382 633 3579 695 αὐτοὺς
3627 633 3693 702 τῷ

2134 735 2303 803 τόπῳ,
2337 734 2552 802 μνήμης
2584 731 2675 784 τοῦ
2705 730 3008 802 παραδόξου
3051 731 3209 800 χάριν
3231 745 3243 756 ·
3285 727 3558 779 δείκνυται
3580 726 3691 793 γοῦν

2137 825 2520 896 ἀναμφιϐόλως
2547 827 2644 894 οὐχ
2687 825 2716 876 6
2742 824 2901 886 αὐτὸς
2933 822 3008 874 ὢν
3035 821 3221 890 καιρὸς
3245 822 3303 872 ἐν
3325 813 3369 885 ᾧ
3392 819 3690 886 γεγέννηται

2137 918 2276 970 κατὰ
2324 918 2413 969 τὸν
2445 918 2652 969 Λουκᾶν
2697 918 2725 970 6
2748 916 2936 984 Σωτὴρ
2978 912 3156 984 ἡμῶν,
3189 915 3245 964 ἐν
3276 905 3318 977 ᾧ
3347 928 3406 964 τε
3439 909 3578 963 κατὰ
3614 909 3688 962 τὸν

2136 1008 2412 1062 Ματθαῖον
2440 1009 2753 1078 ὑπήντησαν
2783 1009 2829 1059 οἱ
2865 1007 2923 1070 ἐξ
2962 1004 3254 1059 Ἀνατολῶν
3283 1005 3484 1070 Μάγοι.

2207 1107 2274 1168 γ’.
2320 1098 2442 1153 ’Ότι
2491 1099 2546 1152 δὲ
2599 1100 2672 1170 μὴ
2722 1093 2801 1161 εἷς
2847 1094 2914 1168 ἦν
2967 1100 2994 1151 ὁ
3042 1097 3168 1170 παρ’
3220 1097 3548 1168 ἁμςιοτέροις
3595 1099 3686 1160 τοῖς

2137 1191 2544 1260 εὐαγγελισταῐς
2570 1193 2776 1263 χρόνος,
2808 1193 2900 1244 καὶ
2927 1191 3098 1252 ἄλλως
3124 1190 3239 1242 ἐστὶ
3272 1188 3680 1256 συλλογίσασθαι.

2137 1283 2356 1341 Λουκᾶς
2397 1298 2527 1351 φησι
2579 1281 2651 1351 μὴ
2687 1280 2985 1351 εὐπορῆσαι
3033 1279 3229 1342 αὐτοὺς
3276 1281 3610 1347 καταγωγίου
3636 1284 3684 1334 ὲν

2135 1375 2202 1444 τῇ
2236 1373 2510 1443 Βηθλεέμη
2546 1372 2624 1425 διὸ
2668 1373 2761 1426 καὶ
2801 1372 3064 1425 τεκοῦσαν
3095 1371 3373 1425 ἀνακλῖναι
3411 1371 3474 1424 τὸ
3502 1371 3685 1424 παιδίον

2138 1463 2196 1518 ἐν
2226 1465 2420 1538 φάτνῃ,
2454 1464 2542 1517 διὰ
2567 1464 2627 1516 τὸ
2658 1465 2729 1535 μὴ
2767 1459 2906 1516 εἶναι
2937 1463 3100 1515 τόπον
3133 1464 3190 1514 ἐν
3222 1461 3298 1532 τῷ
3343 1462 3683 1532 καταλύματι,

2137 1556 2212 1631 ὡς
2239 1559 2404 1620 εἰκὸς,
2427 1559 2524 1627 τῆς
2556 1557 2882 1627 ἀπογραφῆς
2909 1557 3092 1608 ἕνεκεν
3131 1555 3345 1608 πάντων
3378 1557 3685 1627 πανταχόθεν

2135 1649 2244 1704 τῶν
2268 1649 2326 1714 ἐξ
2348 1651 2494 1703 οῐκου
2522 1649 2614 1702 καὶ
2639 1650 2870 1721 πατριᾶς
2889 1646 3049 1701 Δαϐιδ
3080 1647 3478 1717 συντρεχόντων
3513 1651 3585 1712 είς
3603 1650 3686 1719 τὴν

2137 1743 2434 1814 εἰρημένην
2469 1742 2640 1803 πόλιν,
2672 1742 2759 1794 διά
2803 1758 2861 1793 τε
2891 1741 2950 1793 τὸ
2985 1739 3180 1809 πλῆθος
3225 1741 3332 1792 τῶν
3363 1739 3690 1812 ἐπιξενουμέ-

2062 1823 2104 1878 Β
2133 1853 2237 1890 νων
2271 1834 2456 1889 αὐτόθι
2487 1834 2559 1905 μὴ
2589 1832 2956 1903 εὐπορούντων
2985 1831 3355 1900 καταλύματος
3375 1848 3388 1861 ο
3423 1835 3451 1886 6
3480 1832 3534 1886 δὲ
3557 1835 3687 1887 Ματ-

2134 1927 2284 1990 θαίος
2338 1927 2752 1988 «Ἀκούσαντες,
2797 1924 2978 1994 φησὶν,
3014 1927 3059 1975 οἰ
3092 1925 3270 1991 Μάγοι
3316 1923 3409 1976 τοῦ
3450 1922 3687 1992 ﬂuctum;

2147 2019 2384 2090 Ἡρώδου
2407 2058 2421 2081 ,
2460 2017 2830 2089 ἐπορεύθησαν
2852 2018 2931 2079 εἰς
2956 2015 3216 2086 Βηθλεέμ’
3243 2017 3334 2068 καὶ
3358 2017 3511 2069 ίδούσό
3533 2017 3687 2088 ἀστὴρ

2135 2109 2193 2161 ὃν
2226 2104 2362 2160 εἶδον
2396 2108 2453 2160 ἐν
2485 2110 2549 2179 τῇ
2601 2107 2855 2178 Ἀνατολῇ
2893 2108 3131 2178 προῆγεν
3167 2107 3381 2170 αὐτοὺς,
3407 2106 3511 2169 ἕως
3542 2100 3597 2159 οὐ
3627 2101 3689 2176 ἧν

2133 2199 2194 2252 τὸ
2223 2200 2430 2254 παιδίον
2475 2199 2609 2270 μετὰ
2639 2199 2855 2270 Μαρίας
2881 2199 2980 2268 τῆς
3025 2200 3225 2270 μητρὸς
3257 2197 3452 2252 αὐτοῦ·
3488 2199 3578 2250 καὶ
3605 2215 3690 2250 π-

2137 2291 2318 2354 σόντες
2385 2290 2796 2363 προσεκύνησαν
2842 2289 3008 2360 αὐτῷ.
3046 2309 3062 2341 i
3124 2289 3258 2341 Ἀλλ’
3309 2289 3408 2342 οὐκ
3448 2290 3505 2341 ὲν
3532 2288 3690 2360 φάτνῃ

2080 2431 2095 2451 ε
2135 2383 2387 2453 κείμενον
2437 2375 2582 2435 οὗτοι
2622 2381 3096 2450 καταλαμϐάνουσι
3136 2381 3195 2434 τὸ
3249 2381 3460 2435 παιδίον
3509 2379 3688 2450 ὁμοίως

2134 2476 2246 2537 τοῖς
2293 2475 2562 2545 ποιμέσιν,
2597 2473 2710 2527 ἀλλ’
2747 2473 2889 2526 ἔνδον
2920 2476 2977 2526 ὲν
3002 2474 3145 2545 οἰκία
3178 2472 3316 2544 μετὰ
3355 2473 3458 2543 τῆς
3505 2471 3687 2544 μητρὸς

2136 2570 2266 2621 αὐτὸ
2296 2568 2558 2639 οεωροῦσι
2579 2585 2592 2598 ·
2629 2567 2802 2620 καίτοι
2832 2568 3045 2629 Λουκᾶς
3076 2566 3242 2635 ἔφησε
3280 2565 3354 2636 μὴ
3382 2561 3519 2618 εἶναι
3546 2567 3688 2618 τόπον

2135 2661 2317 2723 αὐτοῖς
2343 2663 2399 2712 ὲν
2426 2658 2502 2729 τῷ
2523 2657 2885 2728 καταλύματι·
2918 2657 3035 2720 πῶς
3058 2653 3148 2709 οὖν
3173 2657 3202 2708 ὁ
3229 2656 3508 2720 Ματθαῖος
3531 2655 3688 2710 οἰκίαν

2135 2751 2320 2813 αὐτοῖς
2388 2749 2674 2820 ἀφορίζει;
2724 2748 2862 2800 Ἀλλ’
2933 2750 3055 2801 ἐπεὶ
3111 2750 3323 2812 Λουκᾶς
3373 2747 3468 2802 τὸν
3517 2750 3690 2820 καιρὸν

2139 2842 2339 2914 ἱστορεῖ
2365 2840 2463 2909 τῆς
2493 2839 2776 2916 γενέσεως,
2812 2831 2965 2901 οὗτος
2997 2839 3039 2891 δ’
3069 2835 3136 2910 ἦν
3166 2843 3194 2894 6
3222 2839 3320 2910 τῆς
3355 2840 3687 2911 ἀπογραερῖπ,

2135 2935 2256 2990 καθ’
2285 2935 2342 2989 ὃν
2375 2935 2641 3005 πανδημεὶ
2671 2934 2984 3003 συνέτρεχον
3015 2933 3063 2984 οἱ
3086 2931 3162 3002 τῷ
3189 2931 3335 3002 αὐτῷ
3367 2929 3512 3000 γένει
3541 2948 3693 3002 προσ-

2137 3031 2358 3101 ήκοντες
2404 3030 2460 3081 ὲν
2499 3030 2564 3097 τῇ
2609 3026 2703 3079 τοῦ
2753 3025 2916 3078 Δαὸὶδ
2952 3025 3124 3086 πόλει,
3173 3026 3200 3076 6
3237 3023 3294 3102 δὲ
3324 3024 3594 3087 Ματθαὼς
3634 3021 3694 3076 τὰ

2140 3113 2276 3186 μετὰ
2309 3113 2401 3168 δύο
2441 3114 2576 3166 ἐτῶν
2607 3113 2827 3184 χρόνους
2881 3112 3086 3184 ἱστορεῖ
3132 3111 3405 3182 (τοσοῦτος
3443 3112 3552 3184 γὰρ
3581 3108 3641 3183 ἦν
3669 3113 3696 3165 6

2136 3207 2325 3278 χρόνος
2375 3206 2434 3259 ὃν
2467 3205 2709 3276 Ἡρώδης
2757 3203 2907 3277 παρὰ
2960 3205 3070 3256 τῶν
3104 3205 3309 3272 Μάγων
3355 3205 3690 3276 ἠκρίϐωσενγ

2135 3297 2275 3350 ὥστε
2319 3295 2514 3366 σχολῆς
2561 3294 2727 3367 οὐσης
2755 3296 2813 3347 ὲν
2843 3298 2908 3366 τῇ
2936 3294 3182 3365 Βηθλεὲμ
3200 3335 3214 3357 ,
3255 3294 3398 3348 κατὰ
3437 3295 3527 3348 τὸν
3555 3296 3693 3350 Ματ-

2135 3389 2282 3442 θαίον
2310 3389 2572 3458 εὐπόρουν
2601 3388 2962 3456 καταγωγίου·
2991 3387 3071 3440 διὸ
3100 3386 3430 3451 εἰσελθόντες
3459 3389 3508 3440 οἱ
3529 3387 3691 3454 Μάγοι

2135 3483 2214 3544 είς
2247 3482 2342 3552 τὴν
2389 3481 2595 3544 οἰκίαν,
2630 3475 2767 3533 εἶδον
2807 3480 2866 3532 τὸ
2907 3480 3115 3533 παιδίον
3163 3477 3302 3548 μετὰ
3352 3480 3568 3550 Μαρίας
3607 3477 3693 3546 τῆς

2139 3573 2345 3645 μητρὸς
2393 3573 2590 3627 αὐτοῦ·
2643 3574 2737 3626 καὶ
2785 3574 3037 3636 πεσόντες
3080 3572 3498 3644 προσεκύνησαν
3539 3570 3687 3640 αὐτῷ’

2135 3667 2229 3720 καὶ
2257 3667 2396 3739 αὐτη
2435 3667 2532 3738 μὲν
2561 3669 2592 3738 ἡ
2622 3664 2715 3719 τοῦ
2744 3666 3067 3736 ζητηθέντος
3091 3665 3264 3729 λύσις.

2205 3757 2392 3811 Ταῦτά
2424 3774 2504 3810 σοι
2531 3756 2588 3822 ἐξ
2623 3755 2797 3826 ἡμῶν,
2831 3755 3088 3826 ἱερώτατε
3123 3755 3331 3826 ἀνδρῶν
3362 3757 3458 3810 καὶ
3495 3757 3694 3826 φιλοπο-

2135 3848 2337 3903 νώτατε
2373 3848 2453 3900 υἱὲ
2477 3846 2714 3915 Στέφανε
2737 3883 2750 3908 ,
2794 3844 3022 3916 γνησίας
3061 3844 3186 3898 ὂντα
3222 3845 3495 3899 δείνιιατα
3532 3843 3694 3898 6:305-

2137 3958 2294 4004 σεως,
2330 3937 2632 3992 ἀνακείσθω
2656 3936 2787 4008 (‘23).

2135 4138 2376 4209 Isagoga:
2432 4137 2732 4209 fragmenta
2762 4137 2986 4209 _aliquot
3037 4152 3142 4209 nos
3192 4135 3693 4209 postea‘recitaturi

2136 4205 2325 4265 sumus
2348 4225 2410 4263 ex
2441 4205 2732 4263 Anastasio
2762 4205 3026 4261 Vaticano
3047 4205 3354 4276 desumpta.
3381 4205 3528 4274 Quos
3551 4205 3691 4262 dum.

2135 4281 2377 4349 inquam,
2415 4280 2628 4349 labores
2659 4278 3010 4349 demiramur,
3044 4278 3191 4331 venit
3217 4277 3693 4349 inmentemcor-

2137 4347 2620 4420 rigendamﬂvideri
2648 4348 3158 4420 interpretationem
3193 4347 3429 4420 Auberti
3465 4347 3569 4415 (cui
3602 4361 3693 4399 nos

2135 4415 2351 4489 quoque
2380 4419 2508 4489 olim
2537 4415 2890 4486 credidimus)
2922 4418 2977 4489 in
3005 4415 3208 4489 Julianj
3237 4415 3694 4489 i_nip._fragmento

2134 4485 2279 4559 apud
2309 4487 2366 4542 S.
2405 4488 2665 4558 Cyrillum
2699 4489 2790 4541 lib.
2822 4485 2893 4559 vi_i
2930 4486 3136 4559 Contra
3163 4485 3422 4559 Jul_.,e_d.
3459 4485 3692 4559 Spapbe-

2135 4556 2225 4612 niii
2259 4576 2312 4628 p.
2348 4556 2474 4619 222‘,
2517 4559 2606 4612 ubi
2639 4559 2803 4612 verba
2853 4556 3113 4628 Juliani6
3147 4557 3418 4628 μοχθηρὸς
3449 4556 3691 4616 Εὐσέϐιος

2134 4625 2328 4684 Latine
2360 4638 2650 4683 vertuntur
2693 4644 2914 4697 nequam
2953 4625 3436 4696 Eusebiusl'Atqui
3473 4643 3543 4682 eo
3586 4629 3691 4680 loco

2133 4697 2388 4754 Julianus
2428 4699 2482 4753 in
2522 4699 2812 4754 Eusebium
2848 4713 2955 4750 non
2987 4698 3284 4760 invehitur,
3315 4697 3408 4752 sed
3437 4699 3559 4766 ejus
3585 4706 3690 4749 tan-

2138 4777 2249 4822 tum
2285 4770 2607 4824 sententiam
2638 4770 2784 4822 circa
2817 4766 3164 4822 llebrzeorum
3194 4769 3499 4822 doctrinam
3530 4780 3690 4821 artes-

2137 4855 2242 4908 que
2275 4847 2560 4894 memorat.
2598 4839 2737 4908 Ergo
2770 4837 3131 4908 retrahendus
3165 4838 3296 4892 mihi
3326 4849 3590 4892 accentus
3618 4839 3688 4889 vi-

2135 4907 2313 4972 detur,
2355 4919 2412 4962 nt
2451 4910 2521 4980 sit
2565 4907 2855 4980 μόχθηρος,
2906 4907 3236 4980 laboriosus,
3272 4908 3417 4980 quod
3463 4910 3689 4980 maxime

2133 4980 2431 5049 epithetum
2472 4977 2950 5034 EuSebio'laboris
2992 4977 3243 5032 Herculei
3277 4979 3392 5031 viro
3423 4978 3686 5049 congruit.

2137 5046 2359 5119 Dicatur
2409 5051 2592 5117 itaque
2622 5065 2691 5119 in
2742 5064 2807 5103 eo
2846 5049 3147 5119 fragmento
3178 5063 3289 5102 non
3323 5046 3572 5118 nequam}
3605 5046 3688 5102 sed

2131 5118 2426 5174 laboriosus
2469 5118 2745 5173 Eusebius.
