3868 6264
249 302 335 361 9M
837 290 1300 360 QUJESTIONES
1337 290 1816 348 EVANGELIC‘E.
1859 324 1926 334 —-
1963 286 2292 360 QUESTIO
2331 294 2373 349 Il
2412 293 2502 349 AD
2541 293 2914 352 MARINUM.'

3365 303 3467 358 96?.

249 415 374 489 μετά
398 412 455 467 τὸ
481 409 755 467 Σάϐϐατον
772 426 787 441 ⁸
818 410 961 465 οὕτω
988 412 1096 484 γὰρ
1135 414 1230 467 καὶ
1258 412 1354 482 ὀψὲ
1379 414 1477 484 τῆς
1503 414 1651 486 ὥρας
1674 413 1778 466 sidi-

1900 413 2103 467 batum.
2145 412 2237 469 Sic
2268 415 2411 470 enim
2441 424 2496 471 et
2543 433 2667 473 sero
2708 418 2856 473 hora:
2877 419 3115 475 solemus
3142 420 3356 489 dicere,
3414 433 3470 477 et

249 514 404 582 θαμεν
418 508 593 584 λέγειν
608 546 624 570 ,
646 508 739 561 καὶ
760 506 856 576 ὀψὲ
877 506 971 561 τοῦ
997 508 1208 580 καιροῦ,
1224 510 1317 561 καὶ
1341 508 1437 577 ὀψὲ
1460 508 1562 579 τῆς
1584 509 1791 581 χρείας·

245 605 300 658 ού
328 602 419 673 τὴν
445 598 677 671 ἑσπέραν
727 597 1028 670 δηλοῦντες,
1059 601 1179 654 οὐδὲ
1220 600 1311 653 τὸν
1351 601 1487 672 μετὰ
1516 601 1665 672 ⁴ἡλίου
1701 601 1793 655 δυ-

250 697 376 768 apd;
398 693 600 766 χρόνον,
618 692 677 746 τὸ
699 690 755 745 δὲ
788 693 994 765 σφόδρα
1012 693 1224 764 βράδιον
1245 694 1417 763 τούτῳ
1444 694 1793 765 σημαίνοντες

244 791 312 861 τῷ
328 789 533 861 τρόπῳ⁹
580 786 699 840 ὅθεν
728 786 916 858 ὥσπερ
955 786 1326 857 διερμηνεύων
1356 786 1516 852 αὐτὸς
1544 788 1734 841 ἑαυτὸν
1766 790 1794 840 6

244 881 498 944 Ματθατος
526 879 661 951 μετὰ
682 876 742 933 τὸ
776 879 892 948 ὀψὲ
922 878 1256 945 Σαϐϐάτων,
1285 880 1530 951 ἐπήγαγε
1557 878 1632 947 τῇ
1668 880 1794 932 ἐπι-

240 971 550 1041 φωσκούσῃ
576 970 709 1039 φησί
729 986 742 1000 ο
768 970 967 1043 δηλαδὴ
993 971 1112 1044 ὥρᾳ
1134 975 1201 1044 τῇ
1224 972 1407 1026 λοιπὸν
1439 971 1539 1041 ἤδη
1563 972 1794 1040 ὑποφαι-

240 1065 409 1134 νούσῃ,
454 1063 550 1117 καὶ
595 1063 981 1135 ἐπιφωσκούσῃ
1004 1067 1084 1128 είς
1114 1065 1212 1137 τὴν
1245 1064 1529 1137 Κυριακὴν
1558 1064 1791 1135 ἡμέραν,

239 1157 345 1226 ἥτις
363 1151 429 1227 ἦν
454 1154 549 1224 ὀψὲ
576 1156 669 1209 καὶ
696 1155 883 1226 πόρρω
909 1157 1091 1209 λοιπὸν
1120 1158 1415 1211 ἐλαύνουσα
1443 1156 1550 1211 τῶν
1583 1156 1793 1210 Σαϐϐά-

237 1264 358 1302 των·
388 1246 631 1300 λέλεκται
663 1244 718 1299 δὲ
754 1247 869 1316 ὀψὲ
906 1242 1013 1301 τοῦ
1045 1249 1350 1303 Σαϐὅάτου
1380 1249 1531 1320 παρὰ
1566 1249 1658 1302 τοῦ
1702 1252 1792 1322 ἐρα

238 1335 590 1408 μηνεύσαντος
635 1338 734 1405 τὴν
767 1339 1022 1409 Γραφήνο
1053 1341 1081 1392 6
1124 1341 1221 1410 μὲν
1262 1340 1369 1411 γὰρ
1403 1339 1792 1411 εύαγγελιστὴς

233 1420 494 1493 Ματθαῖος
539 1430 782 1501 Ἐὄραῖδι
802 1430 1016 1505 γλώττῃ
1042 1432 1324 1503 παρέδωκε
1358 1432 1419 1485 τὸ
1446 1433 1784 1502 εὐαγγέλιον

233 1521 260 1572 6
284 1519 337 1572 δὲ
364 1519 454 1572 ἐπὶ
481 1519 584 1590 τὴν
616 1520 880 1589 Ἐλλήνων
930 1522 1111 1594 φωνὴν
1158 1523 1473 1593 μεταϐαλὼν
1507 1524 1658 1589 αὐτὸ,
1692 1525 1791 1595 τὴν

232 1611 633 1681 ἐπιφωσκοῖηαν
665 1612 812 1684 ὤραν
842 1615 921 1677 εἰς
953 1614 1052 1685 τὴν
1086 1616 1369 1687 Κυριακὴν
1404 1616 1636 1687 ἡμέραν,
1678 1615 1793 1685 ὀψὲ

228 1704 525 1783 Σαϐϐάτωνξ
573 1708 895 1777 προσεῖπενο
928 1706 1069 1760 ὥστε
1110 1708 1200 1761 τὸν
1231 1707 1394 1761 αὑτὸν
1429 1709 1614 1781 σχεδὸν
1657 1711 1794 1761 νοεῖ-

229 1794 339 1849 σθαι
380 1796 594 1868 καιρὸν,
628 1796 660 1867 ἢ
695 1797 783 1850 τὸν
813 1798 1018 1870 σφόδρα
1048 1800 1213 1868 ἐγγὺς
1241 1800 1388 1871 παρὰ
1419 1804 1530 1864 τοῖς
1562 1802 1788 1870 εύαγγε-
1816 1786 1859 1842 Β

228 1887 417 1951 λισταῖς
442 1887 721 1960 διαφόροις
741 1889 967 1959 ὀνόμασι
994 1893 1361 1963 τετηρημένον
1376 1909 1389 1922 °
1412 1893 1577 1963 μηδέν
1592 1910 1650 1945 τε
1671 1892 1788 1947 δια-

226 1979 393 2050 φέρειν
436 1972 717 2035 Ματθαῖον
748 1983 1027 2053 εἰρηκότα·
1060 2002 1078 2034 ι
1116 1982 1242 2054 Ὀψὲ
1296 1985 1353 2038 δέ
1395 1985 1689 2039 Σαϐϐάτων
1720 1988 1786 2058 τῇ

225 2073 601 2146 ἐπιφωσκούσῃ
658 2076 737 2139 εἰς
799 2076 927 2146 μίαν
974 2075 1267 2131 Σαϐϐάτων
1308 2074 1438 2149 ἦλθε
1505 2080 1693 2152 Μαρία
1753 2081 1787 2152 ὴ

223 2163 536 2238 Μαγδαληνὴ
600 2170 693 2222 καὶ
731 2170 764 2241 ἠ
814 2169 945 2240 άλλη
996 2171 1184 2244 Μαρία
1229 2170 1502 2243 θεωρῆσαι
1556 2170 1648 2224 τὸν
1691 2172 1788 2225 τά-

225 2277 329 2328 φον,
362 2279 379 2311 ι
420 2260 670 2314 Ἰωάννου
704 2262 971 2332 φήσαντος
1001 2280 1015 2294 ·
1056 2280 1076 2313 ‹
1120 2266 1188 2334 τῇ
1220 2262 1274 2316 δὲ
1310 2265 1409 2335 μιᾷ
1439 2261 1547 2318 τῶν
1579 2262 1789 2317 Σαϐϐά-

222 2368 317 2405 των
345 2351 567 2423 ἔρχεται
595 2354 781 2426 Μαρία
819 2356 852 2424 ἡ
877 2354 1209 2427 Μαγδαληνὴ
1236 2355 1377 2427 πρωῒ
1408 2358 1488 2421 είς
1539 2356 1600 2410 τδ
1653 2372 1789 2429 μνη-

224 2446 376 2513 μεῖον,
421 2444 499 2498 ἔτι
530 2445 706 2517 οὔσης
752 2445 987 2512 σκοτίας.
1027 2468 1045 2499 ι
1082 2447 1376 2513 Πλατυκῶς
1407 2448 1515 2521 γὰρ
1557 2449 1653 2503 ἕνα
1693 2448 1787 2503 κα)⁸

221 2536 300 2589 τὸν
330 2538 487 2590 αὑτὸν
520 2538 746 2609 δηλοῦσι
792 2538 900 2610 (30)
933 2541 1123 2613 χρόνον
1163 2540 1439 2612 διαφόροις
1483 2542 1724 2613 ῥήμασι·
1757 2534 1786 2594 6

221 2627 312 2697 μὲν
331 2628 613 2693 Ματθαῖος
643 2628 777 2698 ὀψὲ,
808 2630 927 2683 ἀντὶ
956 2630 1048 2684 τοῦ
1072 2630 1331 2699 βράδιον
1352 2647 1366 2661 ’
1404 2631 1499 2684 καὶ
1531 2631 1646 2699 ὀψὲ
1675 2631 1781 2699 τῆς

218 2716 422 2783 νυκτὸς
458 2718 736 2789 ὀνομάσας
772 2719 940 2788 πρωῒ,
974 2721 1004 2773 6
1040 2719 1410 2792 διερμηνεύων
1448 2722 1692 2792 ἐπήγαγε
1725 2719 1785 2774 τὺ

218 2806 448 2876 σκοτίας
476 2810 700 2879 οὔσης,
736 2809 823 2864 ἴνα
858 2813 931 2884 μή
964 2830 1049 2876 τις
1080 2812 1171 2866 τὸν
1203 2810 1397 2886 ὄρθρον
1423 2812 1601 2882 λέγειν
1623 2810 1784 2867 αὑτὸν

218 2899 459 2957 ὕπολάὸοι
478 2918 492 2933 ο
526 2901 610 2966 ὼς
645 2903 740 2956 καὶ
776 2904 805 2956 6
844 2904 1121 2969 Ματθαϊος
1159 2904 1237 2976 τῷ
1286 2897 1402 2975 ὀψὲ
1449 2901 1781 2971 Σαϐϐάτωγ,

217 2988 294 3044 ίνα
336 2993 410 3065 μὴ
452 2993 557 3065 τὴν
592 2993 883 3067 έσπερινὴν
916 2995 1066 3069 ὥραν
1119 2997 1360 3067 νομίσειέ
1398 3015 1483 3061 τις
1509 2996 1780 3066 λέγεσθαι,

1899 520 2023 560 sero
2055 508 2336 577 temporis,
2366 516 2420 562 et
2451 509 2628 565 serius
2659 524 2821 580 quam
2866 512 2945 566 rei
2981 525 3114 567 usus
3135 512 3468 581 postulavis-

1899 604 2012 664 set;
2053 612 2230 669 neque
2262 597 2467 654 idcirco
2493 615 2775 671 vesperam
2830 602 3200 673 signiﬁcamus
3223 643 3241 668 ,
3291 619 3469 674 neque

1896 696 2109 760 tempus
2142 699 2266 761 post
2322 692 2456 748 solis
2499 708 2779 759 occasum,
2810 696 2905 752 sed
2944 696 3087 766 quod
3142 712 3469 768 magnOpere

1897 796 2080 837 serum
2131 783 2220 837 sit.
2266 780 2444 849 Quare
2472 801 2533 841 se
2562 786 2741 855 ipsum
2776 788 2941 842 veluti
2984 787 3267 845 Mattbzeus
3297 790 3469 844 inter-

1894 883 2115 947 pretans
2172 884 2457 947 postquam
2503 877 2641 932 dixit
2669 893 2792 933 sero
2820 878 3173 934 Sabbatorum
3196 920 3211 944 ,
3256 881 3467 952 aitque:

1893 966 2169 1031 illucescit,
2200 982 2391 1037 nempe
2432 967 2568 1022 hora
2596 984 2717 1039 qua:
2747 970 3003 1041 deinceps
3034 972 3254 1027 suberat
3304 980 3467 1042 atque

1894 1061 2241 1116 illucescebat
2270 1062 2325 1115 in
2347 1061 2486 1116 diem
2521 1061 2902 1130 Dominicum;
2941 1077 3063 1134 quae
3113 1081 3305 1135 nempe
3349 1066 3462 1135 jam

1892 1166 2013 1207 sera
2036 1161 2153 1207 erat
2180 1160 2234 1207 ct
2264 1153 2477 1223 longius
2518 1168 2548 1206 a
2574 1153 2813 1208 Sabbato
2842 1155 3045 1225 elapsa.
3075 1155 3130 1209 ld
3165 1172 3294 1210 vero
3327 1167 3465 1212 tem-

1893 1260 1996 1315 pus
2027 1259 2055 1296 a
2093 1243 2387 1315 Scriptura:
2409 1247 2734 1316 evangelicae
2762 1248 3053 1316 interprete
3080 1264 3194 1302 sero
3245 1249 3464 1304 Sabbati

1894 1340 2218 1408 appellatum
2262 1347 2366 1393 est.
2418 1336 2662 1409 Namque
2710 1340 2827 1411 ipse
2880 1341 3162 1395 Matthaeus
3196 1341 3459 1396 Hebralca

1892 1432 2074 1502 lingua
2102 1429 2272 1485 edidit
2302 1426 2683 1505 Evangelium;
2720 1433 2789 1488 ab
2810 1448 2876 1487 eo
2898 1442 3078 1486 autem
3106 1432 3195 1502 qui
3230 1433 3285 1485 in
3313 1430 3461 1486 Grae—

1892 1539 2011 1579 cam
2044 1526 2345 1591 transtulit,
2377 1526 2703 1583 illucescens
2755 1526 2890 1581 hora
2936 1526 2992 1580 in
3022 1526 3165 1580 diem
3222 1524 3461 1578 Domini-

1892 1628 2015 1670 cum
2046 1657 2060 1680 ,
2100 1634 2216 1671 sero
2240 1616 2591 1674 Sabbatorum
2634 1620 2900 1689 appellata
2924 1618 3024 1671 fuit
3057 1637 3069 1671 :
3103 1617 3176 1670 ita
3207 1624 3266 1669 ut
3317 1615 3459 1669 idem

1894 1708 2005 1763 fere
2036 1718 2251 1780 tempus
2274 1711 2629 1781 intelligatur,
2657 1720 2750 1763 aut
2784 1710 2940 1763 valde
2962 1709 3290 1779 proximum,
3314 1705 3456 1775 apud

1888 1804 2251 1871 evangelistas
2306 1803 2538 1859 diversis
2584 1803 2899 1857 nominibus
2944 1802 3323 1871 designatum:
3378 1798 3461 1851 ni-

1889 1892 2073 1962 hilque
2096 1892 2308 1949 diﬂ'erat
2335 1892 2621 1948 Matthaeus
2646 1894 2833 1948 dicens
2856 1912 2868 1946 :
2904 1912 2923 1943 s
2956 1890 3090 1945 Sero
3112 1901 3291 1945 autem
3321 1888 3460 1943 Sabo

1888 1986 2158 2050 batorum,
2183 2003 2304 2056 qua:
2339 1987 2566 2041 lucescit
2594 1987 2647 2041 in
2677 2001 2839 2040 unam
2871 1985 3231 2040 Sabbatorum
3253 2024 3267 2047 ,
3312 1986 3460 2037 venit

1890 2076 2056 2132 Maria
2110 2079 2463 2150 Magdalena,
2524 2087 2577 2133 et
2608 2080 2773 2133 altera
2824 2077 2991 2131 Maria
3036 2077 3217 2131 videre
3279 2074 3459 2144 sepul-

1888 2188 2065 2239 crum,
2116 2196 2133 2227 ι
2175 2190 2203 2229 a
2232 2175 2440 2230 Joanne
2467 2175 2559 2246 qui
2603 2176 2723 2229 ait:
2782 2193 2801 2225 ι
2842 2188 2948 2228 una
2977 2180 3157 2227 autem
3192 2169 3458 2225 Sabbato-

1889 2282 2009 2321 rum
2035 2268 2183 2321 venit
2213 2266 2381 2321 Maria
2407 2266 2721 2336 Magdalena
2748 2281 2909 2320 mane
2935 2266 3002 2320 ad
3020 2270 3453 2321 monumentum.

1888 2373 2012 2412 cum
2051 2359 2228 2413 adhuc
2276 2359 2513 2415 tenebrae
2567 2367 2771 2413 essent.
2824 2374 2843 2410 ι
2905 2353 3038 2411 Late
3088 2356 3232 2410 enim
3282 2366 3454 2407 unum

1888 2448 2138 2520 idemque
2191 2450 2530 2521 signiﬁcatur
2606 2458 2821 2520 tempus
2881 2448 3052 2502 variis
3108 2445 3446 2500 nominibus.

1888 2537 2137 2595 Matthaeo
2165 2557 2279 2594 sero
2328 2538 2679 2596 Sabbato‘rum
2722 2540 2939 2594 dicente
2978 2552 3080 2609 pro
3111 2536 3315 2590 tardius
3340 2576 3357 2601 ,
3401 2545 3456 2589 et

1886 2648 2038 2685 mane
2066 2646 2164 2702 pro
2188 2641 2335 2686 nocte
2360 2633 2613 2694 serotina,
2646 2631 2915 2700 interpres
2951 2626 3156 2683 addidit
3209 2643 3329 2681 cum
3358 2628 3456 2679 ad-

1885 2718 1985 2776 huc
2017 2724 2237 2778 tenebra:
2263 2734 2454 2788 essent,
2480 2740 2549 2779 ne
2570 2725 2693 2794 quis
2726 2737 2979 2777 auroram
3009 2720 3114 2775 dici
3146 2721 3216 2775 ab
3242 2720 3334 2774 illo
3357 2734 3456 2789 pu-

1885 2822 2043 2868 taret.
2082 2814 2252 2868 Sicuti
2286 2815 2449 2868 etiam
2482 2813 2767 2867 Mattbmus
2804 2812 2988 2867 verbis
3037 2827 3153 2865 sero
3194 2808 3454 2865 Sabbato-

1885 2921 2024 2969 rum,
2055 2922 2125 2960 ne
2157 2906 2283 2976 quis
2318 2906 2387 2961 de
2416 2906 2728 2976 vespertino
2759 2913 3004 2974 tempore
3032 2904 3327 2974 cogitaret,
3359 2902 3452 2956 ad-

1885 2995 2021 3051 didit
2050 3013 2166 3067 quu:
2204 2997 2416 3051 lucescit
2454 2998 2696 3077 inanem
2736 2996 3108 3051 Sabbatorum.
3138 2993 3203 3046 Et
3231 2992 3451 3064 quidem

214 3084 506 3158 προσέθηκε
539 3084 608 3139 τὸ
646 3085 721 3155 τῇ
761 3087 1189 3180 ἐπιφωσκούσῃ
1234 3091 1321 3155 εις
1352 3081 1502 3159 μίαν
1557 3086 1778 3145 Σαϐϐά-

1886 3099 2140 3145 accurate
2167 3089 2214 3146 is
2246 3090 2516 3161 expressit
2538 3104 2715 3145 seram
2761 3088 2976 3154 horam,
2998 3103 3067 3142 ne
3099 3086 3223 3156 quis
3256 3099 3452 3155 vespe-

212 3187 338 3229 των.
378 3175 530 3229 Ἐπεὶ
589 3176 685 3230 καὶ
725 3177 968 3250 ἀκριὸὦς
1007 3171 1161 3245 οὗτος
1201 3179 1477 3234 Σα66ἀτου
1508 3175 1659 3234 εἶπεν
1684 3177 1778 3251 τὴν

1886 3196 2002 3234 ram
2032 3183 2349 3250 opinaretur
2396 3196 2519 3236 esse
2575 3189 2699 3251 post
2737 3180 2871 3235 solis
2922 3192 3179 3235 occasum
3224 3178 3455 3242 horam;

210 3263 375 3333 ὀψίαν,
430 3270 504 3341 μή
563 3284 647 3332 τις
689 3267 786 3340 τὴν
826 3268 1062 3343 ἑσπέραν
1104 3272 1364 3326 ὑπολάϐοι
1406 3264 1658 3341 λέγεσθαι
1687 3273 1781 3345 τὴν

210 3355 342 3425 μετὰ
366 3358 517 3428 ἡλίου
544 3360 779 3433 δυσμὰς,
825 3361 960 3415 ἀλλὰ
991 3362 1305 3417 Σαϐϐἀτων
1341 3363 1504 3434 φησὶν
1537 3363 1669 3432 ὀψέ.

272 3447 334 3519 β’.
360 3452 522 3518 Ἔθος
561 3452 619 3506 δὲ
654 3454 781 3527 ὅλην
814 3454 915 3527 τὴν
946 3454 1212 3526 ἐὸδομάδα
1243 3456 1523 3510 Σάϐϐατον
1560 3456 1765 3521 καλεῖν,

209 3541 294 3595 καὶ
316 3543 492 3609 πάσας
511 3544 618 3609 τὰς
643 3546 853 3619 ἡμέρας
881 3546 1051 3612 οὕτως
1071 3548 1373 3619 ὀνομάζειν.
1402 3548 1631 3617 Λέγεται
1650 3547 1779 3617 γοῦν

207 3635 349 3708 παρὰ
384 3641 497 3703 τοῖς
522 3635 938 3709 εύαγγελισταῖς
969 3640 1044 3710 τῇ
1068 3639 1177 3711 μιᾷ
1209 3641 1326 3695 τῶν
1348 3640 1687 3697 Σαϐϐάτωνο
1719 3644 1778 3697 ἐν

205 3723 257 3778 δὲ
277 3730 337 3798 τῇ
369 3723 649 3803 συνηθείᾳ,
679 3730 926 3800 δευτέρα
955 3732 1285 3798 Σαϐϐάτων,
1319 3735 1413 3788 καὶ
1440 3735 1604 3802 τρίτη
1638 3736 1778 3788 Σαϐ-

207 3816 403 3884 dcitur,
455 3823 557 3876 καὶ¹
599 3822 843 3893 τετάρτη
872 3824 1211 3878 Σαόὄάτωνο
1247 3825 1417 3890 οὕτως
1449 3821 1542 3880 οὖν
1568 3828 1597 3879 6
1625 3827 1777 3881 Ματ-

205 3905 346 3974 θατος
390 3912 485 3966 τὸν
532 3914 729 3985 καιρὸν
771 3914 860 3967 τὸν
905 3914 1308 3983 ἐπιφαύσκοντα
1336 3917 1416 3979 είς
1444 3916 1542 3987 τὴν
1576 3915 1651 3970 ’ἐω
1680 3905 1776 3987 τῆς

202 3999 482 4073 Κυριακῆς
528 4005 766 4077 ἡμέρας,
801 4004 1115 4059 Σαὸϐἁτων
1161 4006 1277 4075 ὀψὲ
1319 4006 1627 4077 ὠνόμασενο
1674 4008 1775 4060 οὐκ

202 4090 364 4147 εἰπὼν
408 4094 654 4167 ἑσπέραν
689 4094 784 4149 τοῦ
837 4096 1134 4161 Σαϐϐάτου,
1173 4098 1296 4151 οὐδὲ
1333 4097 1429 4167 ὀψὲ
1462 4098 1770 4153 Σαϐϐάτου·

199 4182 316 4236 ἐπεὶ
364 4186 536 4258 ἐχρῆν
590 4187 737 4257 ἡμᾶς
791 4190 856 4259 τῇ
906 4188 1090 4260 ἡμέρᾳ
1134 4187 1227 4241 τοῦ
1285 4188 1561 4243 Σαϐϐάτου
1639 4190 1775 4261 μετά

199 4274 344 4344 ἡλίου
382 4278 600 4350 δυσμάς
658 4279 895 4352 ἑσπέρας
940 4281 1232 4353 γινομένης
1279 4281 1729 4355 ἀπονηστίζεσθαι
1754 4300 1766 4313 ’

199 4368 287 4420 καὶ
311 4369 499 4424 οὐκέτι
530 4370 631 4441 τὴν
658 4369 938 4443 Κυριακὴν
961 4372 1172 4443 ἡμέραν
1205 4363 1483 4445 άγαλλιᾷν,
1514 4370 1648 4428 ἀλλὰ
1675 4374 1773 4446 τὴν

1882 3287 2074 3343 nempe
2098 3273 2173 3327 ait
2198 3289 2314 3327 sero
2344 3271 2714 3328 Sabbatorum.

1949 3450 2005 3506 2.
2046 3436 2398 3507 Consuetudo
2423 3459 2604 3506 autem
2635 3448 2736 3504 fuit
2756 3458 2816 3503 ut
2838 3450 3093 3505 universa
3107 3448 3445 3504 hebdomada

1880 3536 2156 3599 diceretur
2194 3540 2520 3608 ‘Sabbatum,
2547 3544 2657 3596 imo
2687 3553 2748 3596 ut
2775 3542 2893 3596 dies
2924 3541 3125 3611 singuli
3155 3542 3235 3594 sic
3262 3539 3447 3607 appel-

1874 3635 2139 3691 larentur.
2178 3633 2387 3689 Dicitur
2411 3648 2541 3705 ergo
2569 3630 2713 3703 apud
2741 3630 3098 3702 evangelistas
3112 3645 3220 3682 una
3238 3626 3446 3681 Subba-

1880 3737 2072 3781 torum.
2104 3725 2173 3780 Et
2200 3725 2415 3795 quidem
2451 3725 2507 3779 in
2540 3722 2750 3793 vulgari
2793 3719 3189 3777 consuetudine
3217 3718 3447 3772 secunda

1880 3818 2253 3879 Sabbatorum,
2273 3818 2427 3871 tertia
2452 3814 2832 3879 Sabbatorum,
2851 3823 3043 3884 quarta
3068 3810 3443 3865 Sabbatorum.

1880 3912 1969 3968 Sic
1994 3929 2126 3984 ergo
2156 3911 2436 3967 .‘liatthaeus
2467 3919 2682 3980 tempus
2716 3910 3038 3965 illucescens
3060 3909 3115 3961 in
3155 3907 3297 3961 diem
3335 3904 3444 3959 Do-

1876 4007 2137 4062 minicum
2192 4022 2307 4060 sero
2361 4004 2715 4061 Sabbatorum
2770 4001 3049 4055 vocitavit.
3098 3997 3270 4054 Secus
3313 4011 3445 4052 vero

1874 4102 2148 4167 oporteret
2191 4111 2293 4151 nos
2322 4095 2411 4149 die
2456 4093 2677 4148 Sabbati
2707 4101 2831 4163 post
2860 4092 2994 4147 solis
3025 4103 3279 4146 occasum
3302 4128 3317 4150 ,
3349 4103 3445 4143 ve-

1876 4205 2033 4260 spere
2066 4189 2246 4255 facto,
2289 4187 2558 4258 jejunium
2596 4186 2841 4257 polluere
2871 4204 2884 4240 :
2918 4199 3094 4255 neque
3145 4184 3233 4239 die
3263 4181 3441 4237 Domi-

1874 4282 1998 4336 nico
2045 4280 2302 4351 jubilare,
2334 4279 2428 4335 sed
2459 4279 2642 4350 potius
2670 4292 2896 4348 vespere
2937 4276 3195 4345 Sabbati;
3230 4278 3277 4332 si
3320 4278 3443 4346 qui-

1873 4374 1994 4429 dem
2030 4373 2105 4427 ita
2144 4371 2530 4442 intelligendus
2570 4380 2715 4426 esset
2739 4370 3091 4439 evangelista.
3123 4369 3285 4438 Atqui
3330 4385 3444 4422 non

198 4457 432 4530 ἑσπέραν
464 4462 564 4515 τοῦ
593 4462 888 4527 Σαϐϐάτου,
918 4464 1074 4535 εἴπερ
1100 4462 1241 4518 τοῦτ’
1268 4466 1456 4537 ἐδήλου
1485 4468 1512 4519 6
1544 4468 1774 4535 εὐαγγε-

1884 4479 2102 4534 vespere
2137 4460 2359 4517 Sabbati
2396 4462 2639 4517 solemus
2666 4460 2877 4528 jejunia
2921 4460 3182 4527 polluere,
3212 4456 3306 4512 sed
3340 4473 3440 4512 no-

195 4547 397 4623 λιστής.
447 4554 591 4607 ’Δλλ’
624 4554 721 4626 οὐχ
763 4556 998 4627 ἑσπέρας
1045 4556 1139 4611 τοῦ
1182 4542 1457 4612 ἷαϐὀάτου
1499 4558 1770 4631 εἰώθαμεν

196 4640 287 4705 τὰς
317 4645 580 4714 νηστείας
598 4646 907 4712 καταλύειν,
942 4644 1055 4703 ἀλλ’
1084 4648 1117 4719 ἢ
1160 4649 1353 4713 νυκτὸς
1380 4650 1765 4721 ἐπιλαεούσης,

191 4732 337 4804 αὐτῷ
383 4736 746 4809 μεσονυκτίῳ,
792 4738 886 4792 καὶ
939 4736 971 4811 ἢ
1023 4740 1151 4809 περὶ
1202 4739 1508 4811 ἀλεκτόρων
1536 4740 1682 4811 βοὰς,
1733 4742 1767 4813 ἢ

192 4823 332 4894 ἀμφὶ
352 4826 447 4880 τὸν
476 4826 676 4900 ὄρθρον
695 4845 709 4860 ο
737 4827 877 4883 ὥστε
907 4828 1002 4884 καὶ
1028 4829 1086 4897 ἐξ
1113 4830 1278 4884 αὐτοῦ
1307 4830 1400 4885 τοῦ
1425 4831 1767 4904 πράγματος,

190 4917 281 4970 καὶ
330 4920 398 4972 ἐκ
439 4919 545 4990 τῆς
595 4916 997 4993 κεκρατηκυίας
1029 4924 1086 4975 ἐν
1126 4925 1244 4985 ταῖς
1297 4922 1643 4996 Ἐκκλησίαις
1672 4925 1767 4979 τοῦ

188 5004 319 5063 θεοῦ
367 5009 683 5081 συνηθείας,
719 5011 810 5064 τὸν
838 5012 927 5066 διά
962 5011 1055 5065 τοῦ
1080 5011 1195 5080 ὀψὲ
1221 5012 1534 5067 Σαϐϐάτων
1583 5014 1770 5085 δηλού⁴

190 5115 350 5165 μενον
394 5101 617 5173 καιρὸν,
664 5104 737 5175 μὴ
779 5104 877 5175 τὴν
921 5105 1213 5175 ἐσπερινὴν
1245 5103 1392 5175 ὥραν
1442 5100 1599 5169 εἶναι,
1632 5106 1767 5159 ἀλλὰ

184 5189 406 5263 ταύτην,
435 5193 508 5264 ἢν
529 5194 803 5261 Ματθαῖος
820 5196 982 5259 αὐτὸς
1011 5196 1351 5267 παρέστησεν
1371 5195 1540 5252 εἰπὼν
1556 5195 1631 5267 τῇ
1644 5197 1769 5252 ἐπι-

183 5287 525 5355 φωσκούσῃ
553 5290 640 5354 εις
655 5290 803 5357 μίαν
833 5289 1163 5344 Σαϐϐάτων.
1191 5288 1326 5344 Ούδέ
1351 5288 1458 5361 γάρ
1480 5289 1634 5359 λόγον
1654 5287 1766 5361 εἶχε

185 5376 322 5429 κατὰ
347 5377 451 5448 τὴν
480 5380 723 5451 ἐσπέραν
751 5380 847 5435 τοῦ
878 5380 1153 5435 Σαδὸάτου
1182 5380 1436 5435 τοιούτων
1476 5380 1767 5453 θαυμάτων

183 5463 326 5533 ἀμφὶ
360 5466 426 5519 τὸ
472 5472 737 5540 μνημεῖον
767 5470 861 5523 τοῦ
898 5470 1149 5540 Σωτῆρος
1191 5470 1650 5542 ἀποτελουμένων,
1690 5471 1765 5543 μὴ

181 5554 301 5624 οὐχὶ
334 5556 555 5619 πάντας
586 5559 711 5622 τοὺς
744 5560 840 5630 τὴν
877 5558 1027 5611 πόλιν
1055 5556 1335 5620 οἰκοῦντας
1370 5557 1557 5629 μαθεῖν
1579 5557 1647 5612 τά
1677 5575 1763 5626 γι-

253 5734 367 5789 taol
408 5736 552 5791 Cod.
583 5709 793 5791 δηλοῦν.

1873 4561 1960 4608 cte
1984 4552 2219 4607 medium
2248 4565 2475 4605 cursum
2523 4551 2636 4619 jam
2671 4557 2908 4613 tenente,
2937 4557 3031 4602 aut
3068 4552 3215 4602 circa
3242 4548 3443 4618 gallici-

1871 4645 2023 4700 nium
2042 4644 2125 4699 vel
2146 4657 2401 4697 auroram
2430 4661 2442 4695 :
2478 4641 2553 4694 ita
2584 4652 2644 4696 ut
2667 4648 2721 4695 et
2742 4640 2887 4696 facto
2916 4640 3037 4710 ipso
3060 4647 3114 4696 et
3141 4640 3440 4695 inveterata

1872 4737 1929 4790 in
1953 4735 2045 4791 Dei
2076 4733 2337 4789 Ecclesiis
2362 4732 2779 4794 consuetudine,
2822 4741 3039 4801 tempus
3073 4729 3440 4800 signiﬁcatum

1872 4843 1970 4897 per
1998 4828 2161 4881 verba
2198 4843 2314 4881 sero
2350 4823 2735 4886 Sabbatorum,
2769 4824 2912 4877 haud
2941 4823 3249 4893 vespertina
3307 4823 3441 4876 hora

1873 4920 1966 4985 sit,
1989 4919 2084 4974 sed
2112 4933 2277 4989 quam
2332 4916 2614 4971 Matthazus
2643 4915 2863 4970 exhibet
2890 4914 3020 4969 dum
3059 4915 3175 4968 ait:
3228 4930 3346 4984 qua:
3381 4914 3445 4967 il-

1874 5013 2085 5066 lucescit
2107 5013 2162 5064 in
2190 5027 2351 5064 unam
2369 5005 2949 5077 Sabbatorum.Neque
2983 5006 3126 5061 enim
3156 5007 3442 5061 commode

1873 5102 2205 5156 accidissent
2227 5115 2452 5169 vespere
2476 5097 2698 5152 Sabbati
2715 5097 2843 5151 talia
2868 5096 3114 5166 prodigia
3138 5096 3287 5148 circa
3310 5093 3441 5149 Ser--

1870 5195 2080 5250 vatoris
2127 5202 2575 5253 monumentum,
2636 5206 2704 5244 ne
2777 5189 2983 5244 scilicet
3041 5187 3246 5258 passim
3285 5188 3440 5241 urbis

1873 5288 2063 5342 incola:
2090 5302 2206 5341 rem
2229 5292 2640 5352 cognoscerent,
2657 5283 2916 5352 ﬁeretque
2938 5295 3241 5336 concursus
3262 5278 3331 5332 ad
3353 5290 3439 5333 tu-

1871 5380 2077 5432 mulum
2095 5419 2110 5444 ,
2134 5379 2481 5448 vigilantibus
2512 5376 2784 5431 omnibus.
2805 5375 3249 5429 Consentaneum
3277 5373 3439 5443 quip-

1870 5484 1938 5538 pe
1975 5477 2115 5534 erat,
2142 5469 2319 5539 lapide
2345 5467 2655 5538 prodigiose
2704 5466 2983 5529 revoluto,
3021 5465 3203 5521 statim
3233 5480 3437 5519 convo-

1869 5567 1981 5621 lare
2018 5563 2297 5628 custodes,
2334 5563 2471 5615 hora
2510 5559 2562 5613 id
2595 5559 2945 5621 concedente.
2980 5561 3049 5614 ad
3074 5572 3142 5620 ea
3168 5573 3290 5629 qua
3312 5572 3444 5620 eve‘
