3868 6264
392 268 511 337 ⁷9ιὸ

1112 262 1381 326 EUSEBII
1422 260 1897 325 CESA'RIENSIS
1928 259 2078 325 OP’P.
2115 264 2291 325 PARS
2323 269 2410 327 lli.
2451 306 2520 314 —-
2554 271 2963 333 EX‘EGETlCA.
3543 283 3636 338 9η

382 408 603 460 ιηει-αηι
633 394 1016 456 renuntianda.
1078 393 1144 447 Et
1192 392 1411 463 quidem
1462 393 1517 447 hi
1567 392 1832 449 docentur
1881 394 1970 450 die

2078 394 2286 464 νόμενα,
2314 396 2407 448 καὶ
2440 397 2711 469 συνδρομὴ
2740 397 2953 466 γεγόνει
2991 396 3082 450 ἐπὶ⁸
3106 396 3166 449 τὸ
3194 397 3407 468 μνῆμα,
3430 397 3637 452 πάντων

406 502 625 565 postero
641 506 671 545 a
691 487 1060 546 sacerdotibus
1079 494 1140 539 ut
1164 498 1434 540 rumorem
1459 485 1515 539 in
1537 482 1731 555 vulgus
1762 494 1979 553 serant,

2083 487 2478 559 ἐγρηγορότων.
2535 489 2845 544 Ἀκόλουθον
2893 491 2948 544 δὲ
2990 486 3058 561 ἦν
3099 489 3507 573 ἀνατραπέντος
3555 491 3639 544 τοῦ

408 584 623 639 venisse
652 586 818 634 noctu
849 574 1149 644 discipulos
1178 571 1306 628 Jesu
1350 573 1414 627 ad
1452 572 1745 627 furandum
1778 588 1970 645 corpus

2081 576 2227 630 λίθου
2256 580 2589 650 παραδόξως,
2615 583 2955 654 παραχρῆμα
2987 580 3214 635 σπεῦσαι
3233 582 3361 644 τοὺς
3381 584 3641 654 φρουροὺς

408 679 538 733 dum
570 674 674 745 ipsi
709 685 901 728 somno
946 668 1321 739 iudulgerent;
1359 667 1410 722 id
1452 667 1598 738 quod
1639 668 1708 723 ab
1734 669 1814 722 eis
1846 666 1973 737 ﬁngi

408 767 552 825 haud
581 779 718 834 opus
763 760 976 826 fuisset,
1003 760 1051 815 si
1086 770 1315 830 vespere
1342 757 1502 814 Jesus
1556 758 1968 815 resurrexisset.

405 860 591 931 Itaque
623 856 876 914 existimo
933 870 1001 910 ex
1033 853 1119 909 his
1165 852 1558 918 demonstrari,
1613 852 1668 907 id
1699 852 1844 923 quod
1894 852 1971 906 ait

407 950 693 1005 Matthaeus
725 964 839 1003 sero
871 946 1255 1011 Sabbatorum,
1297 946 1439 1000 haud
1480 944 1785 1016 signiﬁcare
1815 959 1970 1000 sero-

407 1043 576 1099 tinam
614 1040 837 1096 Sabbati
880 1039 1068 1093 horam
1105 1054 1279 1108 neque
1318 1045 1531 1107 tempus
1561 1036 1969 1108 vespertinum;

2076 670 2144 723 τὰ
2177 671 2482 743 πραχθέντα
2512 673 2767 744 δηλῶσαι,
2806 676 2904 746 τῆς
2936 674 3083 746 ὥρας
3110 676 3294 736 αὐτοῖς
3326 672 3641 746 ἐπιτρεπού-

2078 778 2194 832 σης.
2223 764 2285 814 Οἱ
2310 763 2367 816 δέ
2403 765 2498 818 καὶ
2532 765 2869 819 διδάσκονται
2898 769 2961 838 τῇ
2993 764 3251 837 ὑστεραίᾳ
3277 764 3383 818 ὑπὸ
3410 764 3522 818 τῶν
3556 766 3642 836 dp-

2076 856 2302 927 χιερέων
2352 856 2674 929 διαφημίσαι
2705 860 2784 922 εἰς
2816 858 3037 922 πάντας,
3065 861 3146 913 ὅτι
3177 860 3225 911 οἱ
3264 857 3511 929 μαθηταὶ
3552 860 3640 912 αὒ-

2076 944 2169 999 τοῦ
2213 940 2402 1013 νυκτὸς
2451 949 2695 1015 ἐλθόντες
2736 951 2963 1022 ἔκλεψαν
2989 953 3148 1006 αὐτὸν
3180 954 3337 1025 ἡμῶν
3375 953 3645 1025 κοιμωμέ-

2078 1055 2183 1092 νων
2204 1057 2216 1069 ·
2251 1040 2279 1093 ὃ
2307 1040 2369 1112 δὴ
2411 1040 2593 1114 χώραν
2625 1044 2724 1099 οὐκ
2758 1041 2900 1116 εἶχεν
2932 1046 3258 1100 πλάττεσθαι
3285 1047 3488 1110 αὐτοὺς
3513 1047 3560 1098 εἰ
3581 1048 3640 1117 τῇ

406 1151 644 1206 namque
672 1137 789 1203 ipse
819 1132 1103 1187 Matthaaus
1135 1131 1282 1185 addit
1308 1150 1318 1184 :
1352 1129 1481 1183 hora
1501 1146 1615 1197 qua:
1659 1130 1873 1184 lucescit
1916 1126 1970 1183 in

2079 1128 2285 1209 ἑσπέρᾳ
2330 1137 2611 1208 ἐγήγερτο.
2659 1137 2817 1191 Ἀλλά
2862 1137 2969 1209 γάρ
3031 1137 3267 1209 ἠγοῦμαι
3311 1138 3403 1191 διὰ
3444 1136 3642 1191 τούτων

408 1244 570 1284 unam
601 1226 981 1284 Sabbatorum:
1035 1236 1194 1276 mane
1236 1220 1489 1284 videlicet
1528 1219 1655 1274 dum
1690 1221 1866 1275 adhuc
1893 1226 1970 1274 te-

2078 1225 2486 1282 ἀποδείκνυσθαι
2513 1226 2574 1283 τὸ
2601 1230 2750 1302 παρὰ
2789 1229 2868 1300 τῷ
2907 1230 3169 1300 Ματθαίῳ
3198 1230 3496 1301 λεγόμενον
3537 1227 3641 1297 ὀψὲ

408 1318 591 1373 ηθιπω
630 1328 847 1382 essent,
890 1316 1187 1372 secundum
1220 1312 1502 1366 Joannem.
1546 1311 1645 1365 Sic
1668 1312 1813 1365 enim
1847 1311 1970 1365 har-

2078 1318 2401 1385 Σαόὄάτων,
2424 1321 2495 1391 μὴ
2523 1321 2619 1392 τὴν
2647 1321 2832 1393 ὀψινὴν
2862 1321 3008 1393 ὥραν
3027 1321 3120 1374 τοῦ
3141 1321 3418 1374 Σαϐϐάτου
3444 1320 3639 1391 σημαί-

408 1410 593 1464 monia
621 1407 1170 1478 ﬁetevangelicarum
1218 1419 1435 1469 vocum,
1480 1402 1644 1459 veluti
1694 1419 1801 1457 uno
1846 1410 1970 1458 tem-

2078 1427 2200 1475 νειν,
2228 1412 2361 1483 μηδὲ
2380 1411 2470 1466 τὸν
2495 1404 2780 1486 ἐσπερινὸν
2825 1414 3033 1486 καιρόν·
3059 1413 3170 1467 ἀλλ’
3194 1413 3352 1477 αὐτὸς
3368 1412 3641 1475 Ματθιῖος

408 1516 542 1573 pore
575 1501 643 1555 ab
678 1500 810 1570 ipsis
844 1499 1148 1570 signiﬁcato
1172 1538 1185 1560 ,
1218 1496 1365 1568 quod
1408 1504 1589 1551 tamen
1641 1496 1694 1549 in
1744 1497 1970 1567 singulis

2078 1502 2352 1574 ἐπήγαγεν
2383 1502 2480 1575 τὴν
2517 1503 2932 1573 ἐπιφώσκουσαν
2960 1503 3119 1572 ὥραν
3147 1506 3234 1571 εἰς
3258 1504 3409 1572 μίαν
3432 1501 3641 1556 Σαϐϐά-

407 1600 650 1648 mutatur
690 1591 999 1661 scripturis,
1034 1591 1108 1644 ita
1151 1598 1212 1643 ut
1263 1590 1405 1644 intra
1433 1604 1595 1643 unam
1623 1588 1970 1659 eamdemque

2078 1610 2212 1659 των,
2254 1595 2376 1666 ἥτις
2400 1592 2467 1669 ἦν
2500 1597 2662 1669 πρωῒ,
2690 1597 2769 1650 ἔτι
2801 1597 3017 1660 σκοτίας
3042 1596 3206 1668 οῦσης
3233 1595 3376 1649 κατὰ
3407 1596 3500 1649 τὸν
3538 1595 3643 1647 Ἰω-

408 1683 597 1738 horam
620 1682 943 1752 principium
963 1680 1123 1734 liceat
1146 1678 1406 1749 cogitare,
1428 1677 1685 1740 medium,
1704 1685 1758 1731 et
1780 1676 1961 1733 ﬁnem.

2078 1681 2228 1754 ςιννην
2248 1702 2261 1715 ·
2286 1684 2428 1739 οῦτω
2454 1686 2562 1759 γάρ
2595 1688 2627 1758 ή
2661 1686 2945 1758 συμφωνία
2986 1688 3276 1759 συνδράμοι
3305 1685 3371 1739 ἂν
3403 1683 3516 1739 τῶν
3559 1685 3641 1737 εὐ-

410 1775 712 1847 αγγελικῶν
740 1774 959 1846 φωνῶν·
994 1776 1070 1839 ὠς
1102 1772 1295 1843 καιροῦ
1326 1773 1426 1844 μὲν
1455 1772 1576 1836 ἐνὸς
1596 1772 1662 1825 δι’
1715 1772 1898 1826 αὐτῶν
1961 1779 2385 1851 σημαινομένου,
2416 1780 2851 1835 ἅναλλαττόντων
2878 1780 2935 1833 δέ
2965 1781 3094 1852 παρ’
3142 1780 3373 1833 ἑκάστου
3408 1777 3517 1830 τῶν
3550 1776 3639 1830 τοῦ

406 1874 598 1948 καιροῦ
636 1874 866 1945 μορίων·
907 1874 1029 1925 ἐπεὶ
1057 1872 1148 1925 καὶ
1182 1873 1309 1942 μιᾶς
1342 1872 1434 1924 καὶ
1472 1871 1570 1941 τῆς
1600 1869 1767 1940 αὐτῆς
1798 1869 1967 1941 ὧρας,
2007 1870 2099 1927 καὶ
2129 1876 2227 1946 τὴν
2260 1878 2434 1949 άρχήν
2458 1879 2604 1931 ἐστιν
2627 1878 2930 1949 ἐπινοῆσαι,
2991 1877 3082 1930 καὶ
3117 1872 3179 1929 τὸ
3212 1875 3396 1948 μέσον,
3429 1872 3525 1925 καὶ
3583 1869 3640 1925 τὸ

392 1970 579 2033 τέλος.

466 2066 534 2119 ’5.
574 2063 729 2119 Haud
754 2064 977 2135 igitur‘a
1006 2065 1235 2118 veritate
1257 2062 1616 2126 aberraveris,
1639 2063 1687 2118 si
1710 2049 1968 2119 aioanne

410 2156 625 2210 initium
660 2153 1082 2210 resurrectionis
1117 2152 1423 2208 Servatoris
1458 2155 1635 2208 nostri
1688 2153 1841 2210 dicas
1894 2156 1969 2210 si-

409 2247 682 2317 gniﬁcari,
708 2245 851 2317 apud
882 2261 1040 2316 quem
1074 2243 1390 2314 Magdalena
1422 2259 1604 2309 mane,
1633 2244 1762 2300 dum
1793 2243 1969 2299 adhuc

412 2338 649 2394 tenebrae
668 2346 872 2402 essent,
909 2337 1075 2392 semel
1106 2342 1267 2405 atque
1316 2336 1512 2390 iterum
1552 2334 1619 2389 ad
1650 2350 1972 2390 monumen-

410 2437 528 2484 tum
574 2442 885 2500 progressa,
921 2426 1229 2482 Servatoris
1276 2441 1507 2497 corpore
1548 2426 1693 2480 haud
1727 2427 1967 2491 invento,

407 2519 500 2575 ﬁet
531 2539 544 2575 :
576 2520 704 2589 quia
734 2519 939 2574 nemini
967 2517 1147 2574 adhuc
1181 2518 1513 2573 resurrectio
1544 2516 1666 2587 ejus
1688 2519 1967 2589 explorata

408 2617 546 2667 erat.
599 2608 696 2664 Est
745 2616 926 2662 autem
957 2608 1078 2677 ejus
1109 2608 1258 2662 hora:
1289 2623 1415 2678 pars
1461 2607 1631 2662 altera
1661 2616 1873 2677 tempus
1915 2608 1969 2663 id

407 2705 476 2760 de
496 2720 603 2775 quo
633 2702 920 2756 Matthaeus
954 2701 1225 2771 loquitur;
1257 2714 1380 2754 cum
1405 2699 1657 2755 videlicet
1684 2701 1846 2754 tertio
1871 2716 1968 2755 ve-

408 2799 568 2853 niens
601 2796 669 2850 ad
696 2801 1109 2849 monumentum
1136 2791 1323 2847 eadem
1361 2790 1679 2862 Magdalena
1707 2805 1828 2844 cum
1864 2790 1969 2844 alia

411 2888 602 2953 Maria,
636 2887 781 2941 haud
807 2886 920 2955 jam
950 2882 1063 2949 ﬁet,
1092 2884 1294 2953 quippe
1323 2898 1462 2952 quae,
1511 2891 1573 2936 ut
1602 2884 1677 2936 ait
1704 2881 1964 2945 Joannes,

404 2979 517 3047 jam
567 2977 790 3047 angelos
826 2976 1034 3030 viderat
1084 2972 1375 3043 ipsumque
1410 2972 1779 3029 Servatorem.
1829 2971 1964 3025 Nam

412 3082 535 3138 quae
561 3067 822 3122 dicuntur
853 3081 883 3118 a
916 3063 1063 3118 Luca
1108 3071 1162 3118 et
1213 3062 1397 3118 Marco
1441 3063 1545 3117 alia
1600 3079 1701 3119 nos
1751 3064 1970 3129 docent,
2000 3055 2041 3111 C

413 3160 558 3231 apud
605 3176 743 3230 quos
792 3160 1054 3214 nimirum
1107 3157 1293 3228 plures
1331 3157 1559 3210 veniunt
1604 3156 1974 3212 observaturaa

409 3253 689 3307 mulieres.
747 3250 917 3306 Porro
975 3257 1156 3304 autem
1213 3247 1584 3318 Magdalenam
1639 3248 1973 3318 temporibus

408 3346 558 3402 haud
587 3360 916 3417 magnopere
967 3343 1110 3398 inter
1152 3356 1210 3397 se
1267 3340 1602 3396 distantibus
1655 3339 1973 3396 interfuisse

407 3445 562 3509 puta,
601 3438 697 3492 sed
725 3452 834 3492 uno
865 3435 977 3491 fere
1010 3433 1273 3489 continuo
1315 3440 1581 3502 tempore,
1630 3431 1759 3486 dum
1804 3432 1972 3487 semel

409 3537 462 3584 et
493 3531 690 3586 iterum
736 3530 885 3585 circa
933 3544 1056 3584 eum
1108 3527 1291 3581 locum
1336 3533 1681 3591 versaretur;
1734 3523 1971 3594 primum

409 3626 527 3695 ipsa
556 3626 701 3692 sola;
732 3621 973 3679 secundo
1011 3636 1134 3676 cum
1159 3620 1264 3675 alia
1295 3617 1483 3672 Maria.
1519 3616 1610 3672 Sic
1642 3618 1827 3673 eadem
1859 3617 1971 3671 Ma-

408 3722 493 3776 ria
522 3719 837 3791 Magdalena
873 3723 928 3772 et
955 3714 1098 3785 apud
1127 3712 1438 3767 Matthaeum
1481 3718 1711 3780 spectat,
1744 3719 1796 3765 et
1827 3708 1972 3780 apud

409 3815 694 3868 Joannem.
740 3809 926 3879 Neque
955 3807 1161 3862 idcirco
1190 3804 1528 3861 excludenda
1555 3810 1637 3858 est
1687 3816 1717 3855 a
1747 3810 1972 3857 caetero-

410 3918 531 3958 rum
560 3900 1016 3971 evangelistarnm
1045 3896 1457 3952 narrationibus
1489 3912 1501 3947 :
1537 3908 1645 3946 non
1692 3891 1837 3946 enim
1884 3905 1972 3945 re-

410 3994 638 4050 cedebat
671 4007 701 4046 a
731 3993 875 4056 loco,
922 3990 1019 4046 sed
1071 3991 1258 4044 aderat
1307 3988 1693 4059 perstabatque
1741 3982 1971 4039 attonita

404 4088 565 4155 visis,
593 4086 926 4157 cupiensque
953 4090 1076 4153 post
1096 4082 1352 4153 primam,
1376 4078 1619 4136 secunda
1650 4079 1815 4134 etiam
1863 4085 1971 4130 ter-

411 4181 596 4250 tiaque
626 4177 964 4249 apparitione
1001 4174 1105 4229 frui
1138 4193 1150 4229 :
1182 4174 1237 4229 id
1280 4172 1427 4243 quod
1455 4186 1647 4242 reapse
1675 4176 1970 4225 consecuta

409 4280 513 4337 est,
545 4271 675 4327 dum
702 4268 1037 4324 multimodis
1065 4266 1374 4336 complures
1406 4263 1664 4319 mulieres
1694 4261 1762 4316 ad
1786 4268 1973 4317 tumu-

409 4364 521 4418 lum
549 4363 806 4427 veniunt-;
860 4367 1022 4429 atque
1069 4356 1190 4412 aliis
1226 4356 1383 4410 aliter
1433 4353 1677 4424 angelica
1720 4351 1860 4407 visio
1911 4367 1969 4405 se

406 4455 601 4524 ollert;
637 4456 756 4524 ipsa
789 4461 967 4507 autem
1016 4450 1331 4521 Magdalena
1378 4446 1612 4517 singulis
1664 4443 1969 4500 visionibus

411 4547 658 4603 interest.
687 4544 864 4615 Atque
891 4543 967 4596 ita
996 4557 1178 4597 rerum
1210 4537 1355 4610 apud
1410 4546 1645 4608 quatuor
1697 4535 1969 4605 evangeli-

412 4648 525 4695 stas
558 4638 888 4709 scriptarum
920 4634 1213 4704 spectatrix
1268 4632 1369 4686 fuit
1404 4630 1719 4701 Magdalena
1753 4645 1766 4680 :
1803 4640 1972 4697 quare

401 4740 464 4787 et
495 4731 659 4800 hujus
683 4727 827 4798 apud
875 4742 1064 4781 omnes
1111 4725 1315 4780 mentio
1362 4722 1438 4776 ﬁt.
1489 4720 1583 4775 Sic
1633 4720 1794 4774 etiam
1828 4716 1969 4771 idem

404 4826 624 4893 tempus
656 4828 796 4883 erat,
820 4819 963 4888 quod
998 4818 1095 4871 abs
1130 4815 1338 4869 Joanne
1369 4822 1421 4868 et
1449 4828 1478 4866 a
1510 4810 1758 4865 Matthzeo
1788 4809 1972 4879 perhi-

411 4915 617 4971 betur:
661 4912 757 4967 sed
789 4920 968 4965 tamen
1014 4909 1179 4978 hujus
1228 4903 1487 4976 temporis
1539 4900 1755 4958 diversa
1807 4901 1973 4955 inter-

408 5007 552 5061 valla
583 5003 728 5076 apud
757 5002 1002 5073 singulos
1033 5009 1309 5054 notantur.

479 5181 535 5238 4.
575 5180 764 5252 Neque
789 5187 842 5235 te
874 5179 1164 5234 conturbet
1183 5175 1404 5247 idquod
1434 5191 1463 5230 a
1490 5174 1741 5229 Mattiaco
1763 5171 1971 5227 dicitur

408 5282 698 5344 postquam
729 5271 849 5326 dua:
884 5269 1066 5325 Mariae
1104 5268 1177 5323 ad
1203 5265 1489 5323 visendum
1521 5265 1790 5319 tumulum
1812 5277 1972 5317 vene-

410 5528 424 5547 ,_
481 5472 593 5547 (51)
635 5474 1024 5547 Quaestioth
1056 5473 1341 5547 hucusque
1401 5469 1778 5547 part_imin_est
1808 5466 1971 5547 etiam

413 5535 468 5598 in
489 5535 683 5602 codice
712 5546 806 5601 Gr.
844 5543 1106 5605 Mediceo,
1139 5535 1274 5596 teste
1303 5535 1570 5594 Bandinio
1609 5546 1647 5592 t.
1683 5538 1725 5599 l,
1759 5554 1811 5606 p.
1845 5535 1968 5591 159.

415 5614 560 5670 idem
603 5626 778 5669 tamen
832 5614 1035 5668 frustra
1079 5614 1408 5681 suspicatur,
1451 5625 1571 5679 quae
1603 5607 1798 5681 ibidem
1829 5607 1972 5681 apud

411 5700 536 5739 eum
565 5693 863 5755 sequuntur
899 5683 1017 5737 λίαν
1065 5677 1348 5759 θαυμάζω,
1395 5677 1525 5758 etc...
1548 5692 1693 5758 esse
1725 5677 1968 5737 eiusdem

2139 2061 2209 2132 γ’.
2247 2060 2364 2116 Οὐκ
2400 2060 2465 2115 ἂν
2498 2061 2629 2131 γοῦν
2660 2062 2926 2133 ἁμάρτοις
2946 2059 3014 2115 τὰ
3050 2058 3147 2132 μὲν
3169 2061 3361 2134 πρῶτα
3388 2061 3489 2133 τῆς
3520 2062 3640 2116 ἁνα-

2075 2156 2315 2219 στάσεως
2340 2153 2433 2208 τοῦ
2466 2154 2717 2225 Σωτῆρος
2741 2155 2896 2225 ἡμῶν
2921 2151 3278 2223 σημαίνεσθαι
3302 2152 3474 2206 εἰπὼν
3499 2156 3638 2225 παρὰ

2072 2246 2150 2317 τῷ
2182 2246 2424 2317 Ἰωάννῃ,
2450 2248 2574 2317 παρ’
2591 2240 2634 2313 ᾧ
2656 2243 3030 2317 ήΜαγδαληνὴ
3042 2243 3204 2316 πρωῒ,
3232 2244 3312 2296 ἔτι
3331 2244 3501 2314 οῦσης
3524 2262 3638 2299 σκο-

2073 2337 2212 2403 τίας,
2240 2339 2336 2392 καὶ
2352 2337 2565 2409 πρῶτον
2592 2338 2685 2391 καὶ
2707 2337 2955 2409 δεύτερον
2984 2336 3345 2407 ἐπιστᾶσατῷ
3378 2339 3634 2408 μνήματι,

2077 2430 2169 2483 καὶ
2196 2431 2267 2502 μὴ
2292 2429 2527 2502 εὑροῦσα
2557 2429 2617 2483 τὸ
2649 2429 2805 2500 σῶμα
2840 2427 2932 2481 τοῦ
2965 2428 3236 2500 Σωτῆρος,
3260 2429 3439 2482 κλαίει
3465 2430 3551 2484 διὰ
3583 2431 3639 2484 es

2081 2524 2279 2595 μηδένα
2302 2526 2468 2596 μήπω
2496 2523 2792 2593 ἐγνωκέναι
2824 2523 2950 2594 περὶ
2977 2522 3077 2593 τῆς
3097 2523 3443 2587 ἀναστάσεως
3460 2523 3633 2576 αὐτοῦ·

2075 2617 2173 2688 τῆς
2205 2617 2373 2688 αὐτῆς
2397 2616 2453 2669 δέ
2477 2617 2624 2688 ὧρας
2658 2616 2823 2687 μέρος
2851 2610 2987 2669 εἶναι
3009 2606 3256 2686 δεύτερον
3278 2615 3368 2668 τὸν
3390 2616 3535 2687 παρὰ
3567 2615 3638 2684 τῷ

2076 2704 2338 2777 Ματθαίῳ
2385 2705 2605 2777 χρόνον,
2661 2703 2781 2758 καθ’
2821 2704 2878 2757 ὃν
2910 2704 3090 2774 τρίτον
3139 2704 3407 2756 ἐπιστᾶσα
3442 2705 3476 2774 ή
3507 2702 3636 2773 αὑτὴ

2076 2797 2403 2870 Μαγδαληνὴ
2437 2798 2551 2869 ἃμα
2576 2800 2640 2868 τῇ
2675 2796 2809 2870 ἄλλῃ
2841 2797 3029 2866 Μαρίᾳ
3058 2795 3137 2866 τῷ
3168 2796 3430 2866 μνήματι,
3460 2793 3633 2848 οὐκέτι

2074 2888 2266 2953 κλαίει,
2299 2888 2373 2951 ὡς
2412 2888 2477 2941 ἂν
2506 2887 2656 2958 παρὰ
2685 2886 2762 2957 τῷ
2809 2886 3027 2959 Ἰωάννῃ
3066 2885 3365 2956 τεθεαμένη
3397 2886 3520 2947 τοὺς
3543 2886 3637 2950 ἁγέ

2071 2979 2260 3047 γέλους
2291 2979 2383 3033 καὶ
2407 2979 2566 3032 αὑτὸν
2589 2974 2678 3032 τὸν
2698 2977 2942 3049 Σωτῆρα·
2968 2977 3035 3029 τά
3056 2976 3162 3047 γὰρ
3178 2976 3326 3048 παρὰ
3355 2975 3437 3046 τῷ
3460 2976 3639 3043 Δουκᾷ

2076 3072 2169 3125 καὶ
2221 3070 2297 3141 τῷ
2332 3071 2541 3145 Μάρκῳ
2585 3069 2782 3144 ἐτέρων
2834 3069 2899 3123 ἂν
2951 3070 3036 3140 εἴη
3063 3067 3359 3139 δηλωτικὰ,
3404 3067 3529 3137 παρ’
3560 3060 3637 3128 οἷς

2077 3161 2293 3225 πλείους
2309 3162 2617 3216 ἀπαντῶσιν
2650 3165 2904 3230 γυναῖκες
2933 3163 3025 3216 ἐπὶ
3060 3160 3157 3232 τὴν
3184 3160 3329 3213 θέαν·
3366 3159 3465 3231 τὴν
3490 3157 3546 3211 δέ
3579 3174 3636 3226 γε

2076 3253 2437 3326 Μαγδαληνὴν
2463 3252 2537 3324 μὴ
2574 3254 2789 3326 μακρὰν
2828 3254 3068 3323 ἀλλήλων
3092 3251 3375 3306 διεστῶσιν
3404 3252 3639 3322 ἀπηντη-

2074 3346 2226 3399 κέναι
2271 3349 2481 3418 καιροῖς
2516 3346 2724 3417 νόμιζε,
2765 3345 2880 3399 ἀλλ’
2924 3347 2980 3397 ἐν
3004 3344 3081 3415 τῷ
3114 3344 3259 3416 αὐτῷ
3288 3344 3384 3396 καὶ
3414 3340 3552 3396 κατὰ
3582 3339 3640 3392 τὸ

2074 3436 2203 3489 αὐτὸ
2236 3438 2566 3509 παρατυχεῖν
2602 3437 2694 3490 καὶ
2725 3437 2786 3489 τὸ
2811 3436 3022 3508 πρῶτον
3051 3437 3141 3490 καὶ
3177 3435 3237 3488 τὸ
3267 3434 3537 3505 δεύτερονο
3580 3430 3638 3483 τὺ

2077 3530 2176 3597 μὲν
2204 3527 2436 3597 πρῶτον,
2459 3528 2579 3583 καθ’
2599 3528 2793 3598 ἐαυτὴν
2818 3528 2983 3598 μόνην
3006 3543 3020 3558 ·
3044 3528 3106 3580 τὸ
3126 3526 3183 3580 δὲ
3211 3526 3483 3597 δεύτερον,
3502 3522 3635 3595 μετά

2073 3617 2170 3689 τῆς
2191 3616 2355 3688 ἄλλης
2380 3618 2616 3689 Μαρίας
2641 3616 2781 3670 οὕτω
2810 3613 2962 3670 δὀῦν
2992 3618 3025 3688 ἡ
3049 3617 3183 3688 αὐτὴ
3213 3616 3404 3687 Μαρία
3429 3617 3463 3686 ή
3482 3615 3635 3680 Μαγ-

2073 3708 2271 3782 δαληνὴ
2302 3708 2396 3764 καὶ
2422 3708 2492 3762 τὰ
2523 3707 2671 3781 παρὰ
2684 3707 2761 3778 τῷ
2776 3707 3035 3778 Ματθαὶῳ
3052 3707 3237 3760 ἐθεᾶτο
3271 3708 3368 3760 καὶ
3402 3706 3470 3760 τὰ

2073 3800 2150 3873 τῷ
2184 3802 2421 3873 Ἰωάννῃο
2446 3802 2543 3855 οὐκ
2569 3799 2971 3871 ὰπελιμπάνετο
2996 3798 3053 3852 δὲ
3078 3798 3184 3852 τῶν
3205 3798 3355 3870 παρᾶ
3385 3801 3497 3860 τοῖς
3513 3796 3639 3849 πολ-

2072 3893 2183 3958 λοῖς
2210 3891 2731 3964 ἀναγεγραμμένωνσ
2764 3892 2825 3945 οὐ
2865 3891 2971 3961 γάρ
2999 3889 3288 3944 ἀπεστάτει
3320 3889 3419 3944 τοῦ
3450 3889 3631 3942 τόπου·

2073 4003 2147 4038 πα
2156 3986 2251 4057 ρῆν
2262 3985 2318 4038 δὲ
2334 3986 2427 4039 καὶ
2438 3982 2740 4057 παρέμενεν
2756 3982 3249 4052 καταπεπληγμένη
3269 3981 3369 4052 μὲν
3382 3981 3450 4034 τὰ
3459 3979 3639 4032 τεθεα-

2076 4080 2232 4152 μένα,
2261 4078 2498 4132 ποθοῦσα
2523 4078 2580 4131 δέ
2602 4076 2737 4149 πρὸς
2751 4080 2861 4140 τοῖς
2889 4075 3122 4147 πρώτοις
3141 4073 3234 4127 καὶ
3264 4073 3528 4146 δευτέρων
3542 4070 3636 4125 καὶ

2072 4171 2236 4244 τριῶν
2270 4169 2594 4239 θεοφανειῶν
2625 4167 3041 4239 καταξιωθῆναι·
3077 4158 3149 4218 ὧν
3180 4165 3476 4236 ἐτύγχανεν
3504 4159 3638 4234 μετὰ

2071 4265 2244 4319 ταῦτα
2276 4264 2548 4335 διαφόρως
2581 4260 2679 4334 μὲν
2697 4261 2953 4315 πλειόνων
2986 4258 3261 4330 γυναικῶν
3294 4259 3393 4311 ἐπὶ
3423 4258 3481 4311 τὸ
3508 4272 3635 4327 μνηι

2079 4361 2226 4428 μεῖον
2266 4354 2673 4426 ἀφικνουμένων
2688 4392 2704 4421 ,
2733 4353 2918 4407 ἄλλοτε
2937 4352 2979 4406 δ’
3003 4352 3176 4415 ἄλλως
3200 4351 3395 4414 αὑταῖς
3421 4347 3633 4418 ἀγγελμ-

2074 4446 2177 4516 κῆς
2203 4446 2375 4516 ὅψεως
2407 4445 2906 4517 παραφαινομένης,
2939 4444 3107 4514 αὐτῆς
3128 4442 3183 4495 δὲ
3208 4443 3293 4510 ἐφ’
3318 4443 3512 4510 ἑκάστῃ
3536 4438 3635 4507 θέᾳ

2074 4536 2617 4609 παρατυγχανούσης
2638 4536 2778 4590 οὓτω
2808 4536 2940 4606 γοῦν
2968 4535 3075 4590 τῶν
3107 4533 3259 4606 παρὰ
3286 4536 3401 4597 τοῖς
3414 4534 3634 4599 τέσσαρ-

2076 4648 2158 4684 σιν
2192 4627 2601 4698 εὐαγγελισταῖς
2618 4627 3127 4698 ,ἀναγεγραμμένων
3157 4623 3361 4695 θεωρὸς
3396 4621 3633 4692 ἐγίγνετο

2074 4722 2106 4791 ἡ
2135 4719 2483 4790 Μαγδαληνή⁸
2518 4719 2598 4772 διὸ
2625 4719 2718 4773 καὶ
2742 4718 2892 4789 παρὰ
2929 4720 3041 4780 τοῖς
3066 4719 3228 4770 πᾶσιν
3260 4710 3634 4787 ἐμνημονεύθη

2075 4813 2206 4884 (31)’
2235 4811 2376 4866 οὕτω
2400 4812 2456 4865 δὲ
2481 4812 2574 4864 καὶ
2594 4812 2622 4865 ὁ
2658 4811 2754 4881 μὲν
2783 4809 2971 4881 καιρὸς
3007 4810 3034 4861 ὁ
3066 4806 3229 4872 αὐτὸς
3255 4803 3323 4878 ἦν
3352 4808 3382 4859 ὁ
3410 4804 3505 4859 ὑπὸ
3530 4800 3629 4855 τοῦ

2087 4906 2329 4960 Ἰωάννου
2362 4906 2456 4959 καὶ
2484 4903 2575 4957 τοῦ
2603 4901 2880 4956 Ματθαίου
2902 4901 3322 4973 παριστάμενος·
3347 4897 3440 4952 τοῦ
3464 4896 3507 4949 δ’
3529 4894 3630 4948 αῦ-

2073 4996 2167 5050 τοῦ
2196 4996 2388 5069 καιροῦ
2412 4996 2643 5067 διάφορα
2667 4993 3007 5065 διαστήματα
3032 4994 3158 5062 παρ’
3180 4991 3392 5061 ἑκάστῳ
3408 5001 3633 5058 τετηρη-

2071 5088 2231 5159 μένα.

2142 5182 2205 5235 δ’.
2242 5176 2333 5252 Μὴ
2364 5180 2674 5253 ταραττέτω
2699 5180 2754 5233 δέ
2788 5196 2846 5233 σε
2870 5176 2930 5232 τὸ
2953 5177 3201 5246 λέγεσθαι
3225 5176 3370 5248 παρὰ
3383 5174 3453 5245 τῷ
3469 5173 3630 5226 Ματ-

2074 5271 2209 5343 θαίῳ
2245 5272 2382 5342 μετὰ
2413 5267 2472 5326 τὸ
2504 5270 2674 5324 ἐλθεῖν
2715 5269 2814 5333 τὰς
2851 5269 2943 5322 δύο
2985 5267 3203 5341 Μαρίας
3233 5267 3487 5338 θεωρῆσαι
3537 5263 3631 5315 τὸν

2072 5470 2323 5542 Eusebii;
2354 5482 2481 5531 sunt
2503 5474 2645 5529 enim
2670 5471 2874 5528 lsodori
2900 5469 3215 5542 Pelusiotae,
3241 5477 3304 5522 ut
3320 5470 3630 5542 apparet__ex

2073 5531 2569 5672 codediev'aticanis,
2599 5548 2710 5600 imo
2730 5558 2795 5600 ex
2828 5540 3024 5600 lsidori
3050 5531 3310 5605 editione,
3334 5531 3483 5607 epist.
3517 5531 3624 5587 lib.

2074 5632 2138 5683 ιι,
2276 5654 2292 5673 .
