3868 6264
459 359 569 414 947

3103 326 3231 338 ρ-..ι-ι-ν-
3255 323 3262 327 '

1097 319 1397 418 ‘EUSEBII
1435 360 1908 416 cmsuumsrs
1945 359 2092 416 orr.
2134 361 2310 416 PARS
2338 362 2425 417 Ill.
2465 391 2534 400 —
2574 357 3011 416 EXEGETICA.‘
3565 358 3651 412 sta

457 491 586 532 rans
619 474 1091 540 resurrectionem,
1112 476 1340 546 ideoque
1364 476 1517 542 ﬂens,
1548 478 1681 531 nihil
1702 487 1996 532 tortuosum

2110 480 2204 550 τὴν
2220 479 2531 542 ἀνάστασιν,
2555 483 2646 533 καὶ
2673 479 2759 532 διὰ
2772 477 2930 531 τοῦτο
2955 475 3259 538 κλαίουσαν,
3283 474 3433 527 οὐδὲν
3451 472 3518 525 ἂν
3547 490 3651 526 σκοο

459 568 555 621 tibi
589 574 861 626 occurret,
894 566 1042 618 omni
1081 566 1191 635 jam
1237 568 1576 624 dubitatione
1607 585 1669 623 ac
1709 571 2008 638 quaestione

457 664 681 710 remota.
716 655 882 724 Igitur
914 656 1058 722 quod
1088 672 1213 711 sero
1244 657 1627 724 Sabbatorum,
1669 660 1830 713 sicuti
1862 671 2007 715 retro

453 747 797 810 tradidimus,
841 757 1140 818 perpetrata
1183 751 1383 806 fuerint
1420 768 1482 807 ea
1511 769 1629 822 quae
1679 753 1821 822 apud
1867 753 2005 808 Mat-

450 841 646 893 tbaeum
682 841 999 894 scribuntur
1052 843 1118 898 de
1167 843 1472 898 interventu
1527 845 1816 900 Mariarum
1872 848 2006 901 dua-

451 944 607 992 rum;
648 929 899 997 quodque
943 945 1100 983 mane
1130 947 1233 983 una
1268 929 1625 986 Sabbatorum
1668 933 1788 986 alia:
1828 932 2006 988 Maria:

449 1036 510 1074 ca
552 1036 671 1090 (una;
712 1031 838 1074 sunt
886 1022 1028 1089 apud
1078 1020 1340 1077 Joannem
1377 1023 1772 1093 spectaverint;
1823 1026 2005 1077 omnia

453 1112 586 1174 haec,
617 1113 856 1180 inquam,
888 1128 1013 1166 vera
1045 1122 1192 1177 sunt,
1243 1115 1500 1183 nullaque
1530 1115 1890 1185 repugnantia
1921 1123 2004 1168 est

451 1203 534 1255 vel
565 1202 806 1254 locorum
845 1203 924 1256 vel
956 1210 1257 1271 temporum
1291 1203 1373 1256 vel
1402 1215 1756 1270 personarum
1787 1201 1870 1276 vel
1904 1200 2002 1256 de-

451 1296 615 1363 nique
639 1295 986 1348 narrationis.

523 1386 574 1439 7.
614 1384 749 1438 Nam
790 1386 837 1440 si
876 1383 1015 1439 forte
1043 1383 1374 1455 Magdaleuae
1407 1399 1626 1447 nomen,
1677 1384 1824 1455 quod
1858 1380 2003 1452 apud

454 1487 745 1546 utrumque
774 1475 1162 1544 evangelistam
1203 1474 1479 1544 adjicitur.
1511 1475 1832 1530 sententiam
1872 1488 2005 1527 cou-

447 1570 668 1633 turbat;
723 1569 1001 1622 enimvero
1050 1567 1193 1620 haud
1251 1582 1462 1636 aaquum
1493 1574 1576 1623 est
1603 1567 1841 1621 divinam
1876 1578 2000 1637 per-

361 1649 366 1653 ’
448 1661 666 1716 misceri
689 1660 1023 1730 Scripturam
1051 1659 1215 1712 unius
1244 1659 1448 1714 voculae
1473 1658 1778 1714 uomiuisve
1809 1674 1996 1723 causa,

446 1753 501 1807 id
541 1753 683 1821 quod
717 1767 857 1820 saepe
887 1750 1086 1804 accidit
1116 1765 1301 1804 errore
1337 1750 1545 1805 librarii
1596 1750 1835 1804 obtrudi.
1891 1750 2001 1805 Aut

2107 570 2216 622 λιδν
2231 571 2440 641 ἀπαντὴ
2450 586 2617 633 σεται,
2637 570 2814 639 πάσης
2837 568 3064 638 ἀπορίας
3079 567 3172 620 καὶ
3195 566 3472 636 ζητήσεως
3511 565 3652 615 ἐκπο-

2105 661 2208 714 δὼν
2229 662 2487 731 ἀρθείσης
2505 676 2518 691 ·
2541 662 2634 714 καὶ
2665 661 2761 727 ὀψὲ
2789 661 2886 731 μὲν
2918 658 3227 722 Σαϐϐάτων,
3257 655 3398 708 κατὰ
3431 653 3504 707 τὰ
3534 655 3652 706 ἀπο-

2105 753 2392 823 δεδομένα,
2427 752 2829 823 πεπραγμένων
2860 749 2966 803 τῶν
2998 749 3088 802 ἐπὶ
3137 748 3214 818 τῷ
3243 745 3511 814 Ματθαίῳ
3545 761 3654 811 συγ-

2107 843 2505 914 γεγραμμένων
2525 843 2617 894 ἐπὶ
2645 841 2910 913 παρουσίᾳ
2930 839 3036 892 τῶν
3067 838 3158 891 δύο
3182 835 3427 907 Μαριῶν,
3460 837 3654 906 πρωῖας

2106 934 2161 985 δὲ
2176 937 2240 1004 τῇ
2272 935 2370 1004 μιᾷ
2393 932 2498 986 τῶν
2531 932 2818 985 Σαϐϐάτων
2850 933 3038 1002 ἑτέρας
3053 929 3266 999 Μαρίας
3291 929 3392 990 τάς
3421 927 3573 997 παρά
3591 928 3654 997 τῷ

2119 1026 2334 1097 Ἰωάννῃ
2395 1024 2742 1094 τεθεαμένας,
2785 1021 3135 1094 ἀληθεύεσθαί
3184 1037 3242 1073 τε
3295 1021 3529 1073 κάκεῖνα
3575 1023 3655 1073 καὶ

2104 1113 2294 1178 ταῦτα,
2327 1114 2458 1184 μηδὲ
2509 1114 2812 1182 ἀντιλογίαν
2841 1112 3109 1183 περιέχειν
3137 1112 3258 1172 τοὺς
3287 1110 3504 1172 τόπους,
3536 1111 3654 1180 μήτε

2105 1206 2245 1260 κατά
2262 1206 2386 1268 τοὺς
2402 1205 2643 1275 χρόνους,
2666 1206 2802 1276 μήτε
2825 1203 2966 1258 κατὰ
2990 1204 3056 1256 τὰ
3071 1203 3360 1274 πρόσωπα,
3377 1203 3516 1272 μήτε
3533 1203 3654 1256 κατά

2103 1299 2229 1361 τοὺς
2251 1297 2460 1364 λόγους.

2175 1389 2240 1453 ζ’.
2278 1390 2340 1442 El
2367 1391 2423 1443 δὲ
2451 1388 2510 1441 τὸ
2541 1391 2638 1460 τῆς
2665 1389 3028 1459 Μαγδαληνῆς
3059 1376 3452 1458 προσκείμενον
3486 1388 3545 1440 ὲν
3566 1387 3655 1457 ἁμ-

2107 1482 2352 1554 φοτέροις
2381 1486 2491 1545 τοῖς
2524 1481 2934 1550 εὐαγγελισταῖς
2973 1481 3140 1551 όνομα
3177 1480 3273 1550 τὴν
3306 1479 3548 1533 διάνοιαν
3571 1497 3653 1533 τα-

2113 1574 2312 1645 ράττει,
2343 1574 2454 1627 ἀλλ’
2485 1575 2544 1626 οὐ
2585 1574 2846 1645 προσήκει
2875 1572 2972 1643 τὴν
3009 1573 3158 1626 θείαν
3195 1572 3412 1640 συγχεῖν
3448 1571 3655 1640 Γραφὴν

2108 1661 2301 1728 λέξεως
2333 1666 2460 1734 μιᾶς
2503 1664 2536 1733 ἢ
2577 1663 2834 1734 ὀνόματος
2860 1661 3064 1725 ἕνεκεν,
3099 1661 3127 1714 ὃ
3159 1661 3414 1723 πολλάκις
3443 1660 3658 1729 συμϐαί-

2113 1772 2191 1807 νει
2220 1754 2313 1808 καὶ
2341 1753 2481 1806 κατὰ
2519 1751 2781 1824 γραφικὸν
2816 1751 3164 1824 προσκεῖσθαι
3198 1753 3438 1820 σφάλμα·
3490 1751 3522 1820 ἢ
3563 1751 3657 1822 γὰρ

445 1843 588 1896 enim
620 1842 756 1896 duas
786 1842 885 1896 has
918 1856 985 1896 ex
1014 1856 1121 1894 una
1153 1841 1288 1896 urbe
1335 1856 1430 1895 seu
1481 1841 1707 1894 castello
1758 1839 1996 1911 Magdalo

2110 1847 2195 1899 δύο
2226 1845 2318 1898 καὶ
2361 1844 2562 1908 ταύτας
2596 1843 2701 1898 ἀπὸ
2737 1845 2864 1914 μιᾶς
2891 1843 3095 1907 πόλεως
3125 1845 3157 1913 ἦ
3196 1843 3386 1914 κώμης
3421 1843 3533 1913 (55)
3572 1844 3656 1913 τῆς

446 1933 736 1988 advenisse
757 1931 1056 2000 putandum
1088 1939 1211 1996 est;
1257 1940 1350 1984 aut
1383 1931 1631 1985 alterutri
1675 1947 1743 1984 ex
1788 1931 1874 1986 his
1925 1941 2003 1987 te-

445 2041 592 2081 mere
618 2023 789 2079 i'uisse
820 2023 1087 2091 adjectum
1123 2021 1454 2092 Magdaleuae
1482 2035 1804 2091 cognomen,
1833 2021 2002 2075 semel

446 2117 668 2172 librario
699 2115 789 2186 qui
821 2117 1126 2186 antiquitus
1182 2115 1402 2184 scripsit
1453 2115 1507 2168 in
1537 2131 1777 2170 errorem
1809 2116 2001 2184 lapso;

445 2208 589 2277 quod
618 2207 874 2276 deinceps
903 2207 1157 2262 mendum
1211 2207 1581 2276 exscriptores
1628 2205 1822 2276 reliqui
1867 2206 2000 2274 reti-

443 2308 704 2355 nuerunt.
745 2299 800 2354 Id
850 2299 1029 2370 ipsum
1088 2300 1222 2354 alias
1266 2313 1481 2368 quoque
1541 2297 1807 2352 accidisse
1840 2298 2002 2368 paulo

441 2399 569 2460 post
615 2390 1138 2445 demonstrabimus.
1201 2389 1401 2459 Nempe
1447 2405 1572 2443 cum
1623 2389 1678 2443 in
1729 2389 1997 2458 ejusmodi

442 2485 605 2539 rebus
633 2500 661 2537 a
695 2483 963 2553 principio
987 2482 1206 2552 quidem
1228 2483 1488 2537 dictatum
1511 2489 1659 2537 recte
1690 2481 1875 2546 fuerit,
1903 2483 1999 2536 sed

443 2586 629 2646 postea
659 2575 908 2631 mendmn
945 2577 1265 2645 obrepserit,
1292 2590 1468 2646 neque
1497 2583 1676 2630 tamen
1702 2590 1999 2629 amanuen-

440 2685 530 2725 ses
583 2671 866 2739 scripturae
925 2670 1278 2723 mutationem
1331 2669 1669 2738 agnoverint,
1720 2669 1998 2722 nonnullas

438 2761 766 2826 quaestiones
788 2771 987 2814 exortae
1020 2766 1165 2813 sunt.
1199 2759 1376 2828 Atque
1400 2759 1472 2812 ita
1499 2760 1645 2812 circa
1670 2759 1998 2828 Magdalena:

439 2864 762 2918 cognomen,
821 2863 1155 2917 supervacue
1221 2849 1315 2901 uni
1376 2863 1442 2902 ex
1495 2847 1679 2904 Mariis
1727 2849 1992 2911 additum,

441 2941 736 3009 contigisse
769 2939 916 2993 dices
959 2957 972 2991 :
1005 2953 1114 3006 quo
1163 2937 1364 2998 ablato,
1397 2937 1608 2990 tollitur
1635 2939 1813 2992 omnis
1845 2953 1994 3007 qua:-

440 3033 566 3092 stio,
601 3031 815 3084 nemine
861 3029 972 3097 jam
1009 3027 1064 3083 in
1115 3027 1202 3083 bis
1262 3029 1397 3084 locis
1436 3029 1740 3084 dubitante.
1773 3028 1913 3100 Ergo
1942 3036 1995 3086 et

439 3137 562 3176 sero
593 3121 974 3183 Sabbatorum,
1018 3120 1070 3174 id
1115 3132 1199 3175 est
1240 3119 1508 3191 profunda
1540 3129 1717 3184 nocte,
1758 3137 1842 3184 ea,
1876 3137 1995 3190 quae

2105 1936 2468 2007 Μαγδαληνῆς
2508 1934 2777 2007 ὁρμᾶσθαι
2835 1934 3085 2005 ἡγητέον·
3128 1935 3160 2005 ἢ
3199 1935 3292 1986 ἐπὶ
3328 1937 3458 2005 μιᾶς
3495 1933 3656 1988 αὐτῶν

2104 2027 2456 2100 προσκεῖσθαι
2484 2028 2544 2079 τὸ
2568 2026 2666 2096 τῆς
2696 2025 3058 2095 Μαγδαληνῇ
3088 2023 3389 2095 ἐπώνυμον,
3410 2025 3558 2089 ἅπαξ
3575 2023 3655 2076 τοῦ

2102 2119 2357 2191 γραφέως
2392 2117 2532 2172 κατά
2565 2118 2663 2188 τὴν
2701 2117 2874 2188 ἀρχὴν
2904 2116 3213 2185 σφαλέντος,
3247 2118 3327 2169 ὅτι
3357 2116 3418 2181 ἐξ
3461 2115 3656 2169 ἐκείνου

2101 2209 2208 2263 τῶν
2245 2210 2358 2279 μετ’
2387 2209 2546 2262 αὑτὸν
2585 2207 2784 2279 πρώτῳ
2817 2207 3327 2278 ὲπηκολουθηκότων
3356 2208 3654 2279 σφάλματι·

2100 2300 2256 2354 τοῦτο
2288 2300 2344 2353 δὲ
2373 2300 2463 2352 καὶ
2491 2300 2574 2368 ἐφ’
2599 2299 2766 2370 ἑτέρῳ
2799 2315 2862 2351 συ
2871 2298 3031 2369 μϐἀν,
3063 2300 3287 2370 σμικρὸν
3305 2299 3530 2370 ὓστερον
3553 2300 3658 2351 ἐπι-

2100 2390 2374 2462 δείξωμεν·
2412 2390 2528 2445 ἀλλ’
2559 2389 2746 2462 ὥσπερ
2773 2390 2864 2444 ἐπὶ
2901 2389 3154 2443 τοιούτων
3192 2389 3366 2461 ὀρθῶς
3400 2390 3540 2442 κατὰ
3571 2389 3657 2460 τὴν

2101 2484 2273 2556 ἀρχὴν
2296 2483 2634 2553 ὑπηγόρευτο
2652 2522 2665 2546 ,
2695 2482 2834 2535 κατὰ
2860 2481 3079 2551 σφάλμα
3107 2483 3162 2535 δὲ
3190 2483 3296 2535 τῶν
3325 2483 3464 2553 μετά
3499 2482 3656 2536 ταῦτα

2103 2572 2176 2642 μὴ
2200 2570 2564 2641 ἀκριϐούντων
2595 2570 2691 2641 τὴν
2728 2572 3046 2643 μεταϐολὴν,
3080 2572 3392 2643 συμϐέϐηκέ
3423 2591 3543 2626 τινα
3569 2573 3627 2644 ζη
3646 2603 3657 2616 -

2098 2663 2328 2726 τεῖσθαι,
2359 2662 2501 2716 οὕτω
2523 2663 2615 2716 καὶ
2639 2663 2732 2715 ἐπὶ
2758 2663 2850 2715 τοῦ
2877 2664 3163 2734 ἐπωνύμου
3183 2665 3280 2735 τῆς
3302 2665 3656 2736 Μαγδαληκῆς

2099 2752 2366 2823 περιττῶς
2388 2753 2478 2805 ἐπὶ
2511 2754 2639 2822 μιᾶς
2655 2753 2872 2824 Μαρίας
2891 2754 3144 2823 κειμένου
3172 2753 3343 2816 εἴποις
3366 2755 3431 2807 ἂν
3454 2756 3657 2823 γεγονέ-

2099 2862 2206 2897 ναι·
2249 2836 2309 2896 ob
2340 2844 2741 2915 ὑφαιρεθέντος,
2773 2844 3209 2915 περιγέγραπται
3236 2848 3388 2898 πᾶσα
3421 2847 3653 2917 ζήτησις,

2101 2935 2324 3004 μηδενὸς
2355 2935 2546 3004 μηκέτι
2567 2933 2705 2987 κατά
2739 2936 2864 2997 τοὺς
2885 2936 3081 2998 τόπους
3107 2936 3479 3007 ἀπορουμένου
3497 2955 3509 2966 ·
3535 2937 3655 2990 ἀλλὰ

2100 3029 2193 3078 καὶ
2221 3026 2317 3095 ὀψὲ
2358 3025 2668 3091 Σαϐϐάτων,
2704 3026 2845 3080 τοῦτ’
2881 3027 2994 3079 ἔστι
3037 3027 3257 3097 βαθείας
3309 3030 3523 3092 νυκτὸς,
3555 3029 3655 3081 τῶν

2100 3117 2250 3188 παρὰ
2267 3115 2343 3186 τῷ
2372 3116 2636 3186 Ματθαίῳ
2655 3117 3051 3188 πεπραγμένων
3081 3117 3406 3188 ἑωραμένων
3437 3119 3542 3171 ὑπὸ
3565 3119 3656 3187 τῆς

439 3214 578 3282 apud
613 3211 918 3266 Mattbaeum
953 3188 1268 3276 narrantur,
1317 3214 1432 3267 visa
1461 3212 1682 3266 fuerunt
1713 3229 1743 3265 a
1777 3188 1993 3283 Magda-

2110 3208 2454 3278 Μαγδαληνῆς
2485 3209 2576 3260 καὶ
2608 3209 2708 3278 τῆς
2735 3208 2898 3279 ἄλλης
2929 3210 3177 3281 Μαρίας·
3207 3211 3301 3264 καὶ
3334 3212 3564 3282 πρωῖας,
3586 3210 3655 3262 ἔτι

440 3305 562 3356 lena
593 3309 754 3371 atque
785 3303 853 3356 ab
875 3303 980 3355 alia
1004 3302 1172 3356 Maria
1208 3321 1220 3353 :
1257 3312 1310 3356 et
1342 3318 1525 3365 mane,
1557 3303 1683 3356 dum
1709 3304 1885 3357 adhuc
1912 3313 1993 3358 te-

438 3393 622 3446 nebrae
651 3401 856 3451 essent,
899 3394 1043 3446 venit
1074 3393 1180 3445 alia
1211 3391 1381 3446 Maria
1412 3393 1465 3446 in
1497 3394 1743 3447 eumdem
1776 3394 1951 3447 locum
1977 3413 1990 3460 ;

436 3502 555 3554 qua:
606 3486 777 3553 primo
813 3484 1030 3554 quidem
1064 3485 1225 3538 anxia
1256 3493 1395 3549 erat,
1431 3485 1577 3538 haud
1613 3486 1832 3539 invento
1869 3485 1994 3540 Ser-

437 3577 641 3631 vatoris
669 3592 926 3645 corpore;
953 3577 1146 3632 deinde
1176 3585 1229 3632 et
1268 3578 1385 3646 ipsa
1420 3577 1712 3647 spectatrix
1750 3577 1990 3644 ejusdem

436 3669 559 3726 fuit.
599 3669 953 3726 Laudabilius
989 3681 1167 3726 tamen
1194 3672 1303 3735 lict,
1335 3673 1381 3726 si
1401 3688 1468 3725 ne
1497 3672 1750 3726 mendum
1778 3671 1994 3741 quidem

436 3763 491 3814 in
525 3763 606 3814 his
640 3763 773 3816 locis
807 3779 928 3817 esse
955 3764 1324 3826 causabimur,
1360 3763 1601 3833 duasque
1629 3764 1809 3834 potius
1845 3763 1994 3832 Mag-

437 3853 659 3908 dalenas
687 3856 1050 3918 censebimus,
1074 3855 1238 3909 sicuti
1264 3856 1374 3924 jam
1395 3864 1630 3924 quatuor
1658 3856 1996 3910 demonstra-

435 3947 614 3999 vimus
647 3945 814 4000 i'uisse
843 3940 1058 4000 Marias.
1102 3948 1260 4002 Certe
1304 3949 1452 4005 nulla
1487 3948 1799 4002 absurditas
1827 3946 1990 4012 vetat,

436 4037 730 4104 quominus
765 4039 902 4092 duas
937 4040 1135 4093 Marias
1168 4041 1236 4093 ab
1262 4041 1451 4094 eodem
1485 4041 1710 4095 castello
1749 4040 1994 4110 Magdalo

437 4130 652 4183 venisse
682 4128 932 4186 dicamus
971 4152 983 4186 :
1017 4147 1244 4200 prorsus
1273 4141 1325 4187 et
1357 4133 1638 4201 nullajam
1668 4135 1994 4204 perplexitas

438 4217 794 4286 relinquatur,
826 4220 916 4273 sed
942 4220 1108 4274 altera
1135 4221 1203 4276 sit
1234 4221 1323 4274 illa
1351 4238 1469 4290 quae
1489 4237 1612 4276 sero
1634 4221 1994 4277 Sabbatorum

437 4310 577 4377 apud
608 4309 941 4376 Malthmum,
995 4314 1164 4368 altera
1208 4330 1401 4368 rursus
1431 4321 1485 4366 et
1517 4314 1633 4383 ipsa
1684 4313 1992 4385 Magdalena

437 4417 559 4470 qua:
586 4404 728 4472 apud
751 4401 1015 4459 Joannem
1045 4421 1203 4460 mane
1222 4405 1289 4459 ad
1321 4416 1728 4459 monumentum
1751 4409 1990 4462 accedit:

441 4507 602 4560 quam
664 4500 992 4561 postremam
1035 4495 1294 4549 credibile
1351 4496 1422 4548 sit
1470 4511 1500 4548 a
1547 4496 1728 4550 Marco
1782 4511 1997 4566 quoque

437 4586 730 4638 memorari
765 4587 1063 4640 secundum
1096 4587 1304 4656 aliquot
1352 4587 1742 4656 exemplarium
1796 4586 1990 4654 iidem;

435 4678 502 4731 de
524 4693 629 4745 qua
657 4677 911 4730 nimirum
953 4688 1156 4747 septem
1191 4679 1405 4734 fuerant
1445 4677 1708 4731 daemonia
1750 4679 1921 4746 ejecta
1976 4697 1990 4732 ε

434 4777 597 4836 atque
628 4769 743 4823 haec
779 4769 994 4823 videtur
1025 4770 1112 4822 cui
1159 4770 1364 4823 dictum
1408 4769 1574 4823 fuerit
1613 4767 1742 4822 Noli
1772 4787 1849 4824 me
1876 4779 1996 4822 tan-

429 4874 572 4925 gere,
595 4873 700 4910 non
732 4858 824 4912 illa
849 4875 969 4927 quae
1003 4859 1143 4926 apud
1174 4859 1481 4913 Matthaaum
1519 4879 1531 4912 :
1566 4873 1689 4911 nam
1713 4860 1814 4914 etsi
1858 4858 1995 4912 forte

430 4959 484 5003 ct
514 4949 632 5018 ipsa
664 4964 691 5000 a
721 4942 966 5018 Magdan
996 4951 1227 5003 oriunda
1275 4959 1411 5012 erat,
1461 4949 1605 5003 haud
1637 4957 1816 5004 tamen
1846 4956 1996 5005 eam-

430 5039 552 5093 dem
596 5040 712 5110 pari
744 5041 957 5094 macula
987 5041 1225 5111 aspergit
1256 5041 1438 5095 divina
1480 5041 1780 5109 Scriptura.

1166 5174 1253 5230 lll.

430 5283 703 5348 Quomodo
742 5303 856 5354 qua:
895 5287 1177 5341 secundum
1214 5287 1523 5340 Mallhmum
1573 5305 1688 5341 sero
1731 5286 1990 5341 Sabbato-

500 5371 614 5405 rum
656 5355 973 5424 Magdalena
1013 5375 1130 5411 cum
1173 5358 1342 5411 altera
1382 5357 1559 5411 Maria
1601 5359 1765 5426 tetigit
1803 5357 1990 5411 Serva—

498 5426 626 5477 ιον-ξε
653 5427 826 5490 pedes,
866 5429 1047 5480 eadem
1089 5446 1238 5481 mane
1287 5446 1392 5481 una
1441 5428 1663 5481 Sabbati
1702 5428 1990 5480 secundum

496 5491 752 5547 Joannem
790 5498 987 5550 audivit
1022 5517 1042 5549 ι
1081 5497 1210 5552 Νοίὶ
1244 5515 1322 5552 me
1351 5509 1580 5568 tangere.
1617 5519 1633 5548 ι

502 5644 552 5698 1.
599 5646 653 5700 Si
707 5651 922 5719 quidem
959 5670 1065 5706 una
1105 5654 1404 5722 eademque
1451 5653 1618 5707 Maria
1675 5659 1817 5707 esset
1847 5651 1986 5720 apud

2103 3298 2318 3361 σκοτίας
2334 3297 2517 3369 οὔσης,
2543 3299 2729 3369 ἑτέρας
2755 3301 2967 3370 Μαρίας
2990 3301 3324 3371 ἀφικομένης
3345 3303 3437 3353 ἐπὶ
3460 3302 3548 3354 τὸν
3567 3302 3657 3354 αὖ·

2101 3391 2191 3445 τὸν
2224 3391 2420 3446 τόπον·
2454 3391 2547 3443 καὶ
2587 3391 2845 3462 πρότερον
2887 3393 2983 3462 μὲν
3030 3395 3338 3465 ἀπορούσης
3374 3395 3468 3446 ἐπὶ
3495 3395 3554 3447 τὸ
3589 3393 3654 3463 μὴ

2103 3483 2279 3552 εὑρεῖν
2310 3482 2370 3535 τὸ
2402 3482 2558 3551 σῶμα
2585 3482 2678 3534 τοῦ
2713 3483 2978 3553 Σωτῆρος·
3013 3483 3235 3554 ὕστερον
3273 3485 3330 3538 δὲ
3370 3486 3464 3539 καὶ
3502 3486 3658 3554 αὐτῆς

2103 3574 2474 3645 αὐτοπτούσης
2506 3574 2684 3627 αὐτόν·
2721 3574 2933 3626 κάλλιον
2959 3575 3014 3627 δὲ
3042 3575 3101 3627 τὸ
3131 3578 3204 3646 μὴ
3233 3577 3290 3630 δὲ
3324 3579 3545 3648 σφάλμα
3577 3578 3656 3629 ai-

2102 3663 2387 3716 τιάσασθαι
2422 3663 2558 3721 κατά
2587 3665 2711 3727 τοὺς
2737 3664 2936 3727 τόπους
2956 3705 2969 3728 ,
2999 3663 3091 3717 δύο
3118 3664 3173 3716 δὲ
3210 3664 3427 3736 ἀληθῶς
3453 3664 3659 3734 γεγονέ-

2104 3774 2191 3809 ναι
2214 3758 2312 3820 τάς
2345 3755 2702 3825 Μαγδαληνάς
2744 3757 2991 3823 φάσθω,
3023 3756 3096 3819 ὠς
3129 3757 3222 3809 καὶ
3256 3755 3522 3827 τέτταρας
3557 3758 3656 3808 ἀπ-

2105 3845 2278 3909 εδείξα
2287 3861 2382 3914 μεν
2401 3844 2496 3908 τὰς
2517 3844 2747 3914 Μαρίας·
2773 3838 2845 3897 ὧν
2863 3844 3012 3896 οὐδὲν
3032 3844 3225 3898 ἄτοπον
3244 3845 3349 3898 ἀπὸ
3378 3846 3479 3915 τῆς
3497 3845 3657 3913 αὐτῆς

2105 3935 2461 4005 Μαγδαληνῇ
2492 3934 2583 3986 δύο
2614 3935 2829 4005 Μαρίας
2856 3935 3126 4005 ὁρμᾶσθαι
3168 3935 3368 4002 λέγειν,
3413 3937 3571 4006 μηδέν
3602 3951 3657 3986 τε

2105 4026 2284 4077 λοιπὸν
2316 4027 2558 4095 ἀπορεῖν,
2591 4024 2701 4076 ἀλλ’
2723 4025 2911 4096 ἑτέραν
2939 4027 3034 4096 μὲν
3053 4021 3188 4078 εἶναι
3213 4026 3311 4094 τὴν
3343 4026 3442 4094 ὀψὲ
3463 4024 3658 4078 Σαϐϐά-

2104 4135 2210 4171 των
2248 4117 2395 4188 παρά
2428 4117 2504 4187 τῷ
2531 4117 2790 4187 Ματθαίῳ
2819 4117 3197 4187 Μαγδαληνὴν,
3225 4117 3416 4188 ἑτέραν
3435 4118 3488 4170 δὲ
3509 4113 3657 4176 αὖθις

2105 4208 2200 4260 καὶ
2229 4208 2394 4278 αὐτὴν
2416 4207 2772 4277 Μαγδαληνὴν
2806 4207 2902 4277 τὴν
2929 4207 3077 4276 παρὰ
3103 4207 3179 4275 τῷ
3213 4207 3433 4280 Ἰωάννῃ
3457 4207 3658 4276 πρωῖας

2105 4299 2197 4351 ἐπὶ
2224 4299 2284 4350 τὸ
2312 4302 2570 4368 μνημεῖον
2605 4299 2895 4352 ἐλθοῦσαν·
2935 4299 3137 4370 ταύτην
3168 4299 3224 4351 δὲ
3257 4295 3395 4352 εἶναι
3570 4298 3658 4350 καὶ

2108 4391 2257 4462 παρά
2275 4391 2352 4461 τῷ
2374 4392 2583 4462 Μάρκῳ
2599 4391 2951 4462 δηλουμένην,
2979 4392 3118 4444 κατά
3141 4409 3258 4444 τινα
3279 4392 3388 4446 τῶν
3413 4389 3658 4461 ἀντιγρά-

2107 4500 2219 4551 φων
2245 4521 2258 4544 ν
2295 4482 2386 4549 ἀφ’
2411 4476 2479 4552 ἧς
2511 4481 2827 4550 ἐκϐεϐλήκει
2874 4480 3012 4534 ἑπτὰ
3059 4481 3336 4551 δαιμόνια·
3386 4481 3474 4535 καὶ
3532 4476 3656 4531 ταύ.

2101 4591 2198 4644 την
2225 4575 2370 4636 εἰκὸς
2400 4569 2536 4626 εἷναι
2561 4573 2656 4644 τὴν
2685 4574 2992 4628 ἀκούσασαν
3020 4574 3115 4639 Μή
3152 4591 3270 4642 μου
3313 4574 3515 4633 ἅπτου,

2100 4668 2158 4719 ού
2189 4667 2286 4737 τὴν
2313 4667 2462 4734 παρὰ
2491 4665 2568 4735 τῷ
2597 4665 2873 4735 Ματθαίῳ·
2903 4667 2950 4717 εί
2979 4665 3086 4738 γὰρ
3111 4667 3203 4718 καὶ
3225 4665 3295 4718 τὰ
3317 4666 3541 4736 μάλιστα
3563 4663 3654 4715 κά-

2102 4759 2252 4829 κείνη
2282 4758 2386 4811 άπὸ
2417 4759 2513 4827 τῆς
2538 4757 2894 4828 Μαγδαληνῆς
2923 4758 3163 4828 ὡρμᾶτο,
3186 4757 3300 4810 ἀλλ’
3333 4758 3394 4810 οὐ
3420 4755 3483 4810 τὰ
3497 4755 3653 4832 ὅμοια

2104 4853 2196 4908 καὶ
2222 4852 2388 4942 αὐτῆς
2414 4853 2446 4922 ἡ
2479 4851 2597 4903 θεία
2634 4853 2928 4920 κατηγορεῖ
2949 4851 3135 4922 Γραφή

2853 5167 2927 5221 Γ’.

2102 5282 2232 5348 Πῶς
2270 5281 2418 5335 κατὰ
2448 5281 2553 5353 τόν
2573 5278 2870 5353 Ματθᾳῖον
2893 5277 3006 5346 ὀψὲ
3040 5278 3352 5353 Σᾳϐὅὰτων
3368 5273 3648 5353 quarti?-

2170 5355 2328 5422 ληνῂ
2363 5351 2512 5422 μετᾲ
2561 5349 2695 5422 τῆςμ
2717 5348 2912 5422 ἄλλης
2949 5351 3177 5422 Μαρίας
3223 5349 3508 5422 ἁψαμένη-
3533 5348 3649 5422 τῶς

2169 5418 2374 5474 ποδῶν·
2400 5420 2503 5473 τοῦ
2535 5418 2821 5488 Σωτῆρος,
2861 5421 2899 5487 ἡ
2945 5420 3097 5485 αὐτὴ
3132 5421 3278 5484 πρωῒ
3302 5418 3377 5486 τῇ
3411 5418 3508 5488 μιᾷ
3541 5418 3646 5488 τοῦ

2167 5490 2474 5544 Σαϐϐάτου
2499 5484 2712 5544 άκούεί
2738 5507 2757 5539 ‹
2788 5484 2897 5555 Μή
2921 5507 3038 5558 μου
3084 5484 3272 5544 ἅπτου
3315 5484 3492 5542 »κατὰ
3541 5484 3644 5536 τὸν

2181 5561 2474 5628 Ἰωάννην.

2167 5650 2234 5702 α’.
2275 5652 2338 5703 Ei
2375 5651 2472 5720 μὲν
2490 5647 2581 5703 οὖν
2617 5649 2712 5720 μία
2737 5649 2829 5702 καὶ
2860 5650 2891 5719 ὴ
2916 5648 3051 5718 αὐτὴ
3084 5649 3167 5718 εἴη
3196 5647 3371 5718 Μαρία
3390 5642 3511 5714 παρ’
3535 5643 3637 5715 ἀμ-
3685 5701 3692 5706 ,

497 5798 605 5869 (55)
647 5799 917 5857 Eusebius
954 5817 1006 5859 et
1043 5804 1405 5876 Hieronymus
1431 5809 1507 5863 De
1535 5809 1637 5863 loc.
1673 5809 1861 5877 Πεύκη,
1898 5809 1996 5863 Mar

2110 5806 2153 5860 ά
2189 5806 2359 5877 φυλῆς
2398 5803 2584 5870 Ἰούδα,
2618 5803 2868 5874 Magdala
2902 5806 2951 5858 in
2983 5803 3120 5856 tribu
3144 5800 3305 5856 Iuda.
