3868 6264
266 302 359 358 θιιι

843 298 1307 366 ΟυᾸΞΞἚῙΟΝΙείε
1343 300 1819 356 EV‘ANGliLlC/E.

1965 299 2290 366 ριιιεετιο
2327 302 2395 356 ιιι
2433 301 2525 357 AD
2564 280 2933 357 nmmum]

3391 304 3494 359 9330

266 414 500 487 φοτέροις
530 413 637 475 τοῖς
667 412 1098 480 εὐαγγελισταῖς,
1129 412 1353 484 λέξομεν
1376 414 1457 467 ὅτι
1479 415 1513 483 ή
1545 414 1681 485 αὐτὴ
1702 414 1829 467 πολ-

1936 423 2225 485 utrumque
2261 415 2672 487 evangelistam,
2725 413 3023 470 dicendum
3072 413 3213 470 foret
3248 418 3494 473 eamdem

266 507 412 567 λάκις
439 502 530 556 ἐπὶ
547 504 636 556 τὸν
669 502 830 556 αὐτὸν
849 504 1064 574 ἀπήντα
1087 505 1271 569 τόπον,
1316 504 1499 575 ἐπειδὴ
1524 499 1702 559 εἷλκεν
1727 506 1825 558 αύ-

266 596 356 668 τὴν
379 597 410 665 ή
439 593 696 664 ἔκπληξις
721 593 814 646 τοῦ
852 593 1174 664 πράγματος
1196 595 1289 649 καὶ
1316 596 1348 665 ή
1373 594 1466 647 ἐπὶ
1490 594 1569 666 τῷ
1585 594 1825 664 γεγονότι

267 687 429 759 χαρά*
458 684 646 758 πρώτη
685 684 862 739 τοίνυν
896 685 1253 757 ἀπαντήσασα
1281 688 1371 740 καὶ
1413 685 1603 759 πρώτη
1635 686 1824 741 τεθεα-

270 779 395 851 μένη
420 777 488 830 τὰ
508 776 658 848 παρὰ
682 776 761 847 τῷ
810 777 1051 849 Ἰωάννῃ,
1082 778 1464 849 ἐσπευσμένως
1488 777 1652 849 ἀπῄει
1690 778 1825 850 πρὸς

268 870 383 933 τοὺς
411 868 737 933 ἀποστόλους
757 868 818 922 τὸ
847 869 1083 940 πρῶτον,
1106 870 1331 941 τὴν-τοῦ
1368 872 1646 943 μνήματος
1679 871 1825 925 ἀνοι-

270 962 343 1027 ξιν
363 960 789 1030 ἀπαγγέλλουσα·
810 956 907 1014 εἷθ’
933 961 1049 1033 ἅμα
1077 960 1175 1033 τὴν
1192 962 1485 1021 ἀνάστασιν
1503 962 1824 1034 τεθεαμένη,

268 1052 535 1123 ἐδυσφόρει
576 1052 875 1105 ὑπονοοῦσα
906 1048 1072 1124 ἧρθαι
1101 1053 1162 1107 τὸ
1190 1054 1348 1125 σῶμα
1389 1054 1482 1108 τοῦ
1521 1053 1694 1125 Ἰησοῦ
1721 1055 1828 1107 ἀπὸ

267 1144 354 1197 τοῦ
384 1146 678 1215 μνήματος,
717 1144 791 1216 μὴ
818 1144 1017 1198 ειδέναι
1059 1163 1121 1203 τε
1156 1146 1287 1202 ὅπου
1320 1147 1546 1200 τέθειτο·
1584 1142 1681 1199 εἶτ’
1733 1148 1829 1203 ὲπ-

269 1235 417 1306 ανῄει
434 1233 683 1306 δεύτερον
724 1236 819 1288 σὺν
859 1235 1040 1299 αὐτοῖς
1080 1238 1179 1291 ἐπὶ
1202 1236 1265 1290 τὸ
1299 1240 1508 1308 μνῆμαο
1539 1238 1612 1301 ὡς
1646 1237 1690 1291 δ’
1730 1238 1829 1289 ἑπ-

269 1328 516 1400 έστρεφον
530 1327 712 1382 οἴκαδε
727 1331 943 1393 ἐκεῖνοι,
965 1329 1099 1401 μόνη
1115 1329 1273 1384 πάλιν
1286 1330 1669 1394 ἀπολειφθεῖσα
1684 1334 1739 1383 ὲν
1753 1330 1830 1402 τῷ

269 1419 426 1491 τόπῳ,
449 1419 665 1474 ἔκλαιεν
702 1422 917 1477 ἑστῶσα
942 1440 956 1454 ⁸
986 1419 1103 1476 εἶτα
1128 1423 1222 1477 τοῦ
1264 1425 1540 1495 μνήματος
1568 1424 1699 1478 εἴσω
1717 1425 1831 1478 δια-

269 1508 493 1573 κύψασα,
517 1513 646 1575 τοὺς
676 1513 770 1566 δύο
788 1514 1050 1583 ἀγγέλους
1066 1513 1308 1586 ὲθεώρεν
1333 1515 1520 1569 ἔπειτα
1542 1516 1635 1569 καὶ
1668 1517 1831 1570 αὐτὸν

265 1603 359 1672 ὁρᾷ
388 1602 479 1656 τὸν
800 1605 880 1671 ὃς,
915 1605 1103 1678 ἐπειδὴ
1133 1604 1393 1660 κλαίουσα
1433 1607 1707 1678 εἱστήκει,
1747 1608 1833 1662 ἀν-

266 1692 540 1764 θρωπίνως
564 1694 622 1749 δὲ
642 1696 736 1750 καὶ
761 1696 1052 1761 ταπεινῶς,
1077 1697 1152 1761 ὡς
1169 1696 1235 1751 ἂν
1257 1697 1552 1761 κλαπέντος
1583 1684 1832 1769 σώματος

1926 521 2069 575 διξερε
2092 506 2148 560 in
2175 506 2427 563 eumdem
2458 508 2638 562 locum
2679 506 2919 572 venisse,
2945 520 3112 576 quam
3158 506 3372 562 scilicet
3415 514 3499 563 at-

1924 598 2180 653 trahebat
2202 597 2493 654 admiratio
2514 599 2594 654 rei
2627 605 2791 668 gestae
2815 604 2869 653 et
2892 612 3187 655 successus
3213 596 3494 670 gaudium.

1925 689 2107 746 Prima
2136 690 2301 762 igitur
2327 691 2458 747 illuc
2490 690 2758 762 proiecta,
2791 690 3076 761 primaque
3107 705 3315 754 rerum,
3359 704 3499 760 quas

1925 778 2165 836 Joannes
2209 786 2420 847 narrat,
2455 780 2780 850 spectatrix,
2832 778 3157 837 festinanter
3189 778 3404 834 redibat
3432 779 3500 834 ad

1927 872 2239 942 apostolos;
2286 871 2555 942 principio
2612 870 2832 940 quidem
2884 870 3122 941 sepulcri
3164 870 3499 940 apertionem

1928 962 2189 1019 nuntians
2222 982 2236 1018 :
2271 962 2489 1029 deinde,
2512 976 2824 1033 quanquam
2854 960 3316 1017 resurrectionem
3349 960 3501 1014 vide-

1932 1062 2041 1123 rat,
2074 1054 2378 1127 angebatur
2410 1054 2771 1110 nihilominus
2801 1054 3115 1124 suspicione
3147 1068 3216 1107 ne
3247 1051 3372 1123 quis
3404 1065 3503 1120 ρο·-

1932 1148 2045 1204 tius
2068 1145 2200 1205 Jesu
2241 1162 2442 1219 corpus
2496 1162 2528 1202 e
2574 1153 2930 1202 monumento
2975 1144 3315 1210 abstulisset,
3352 1142 3500 1215 quod

1933 1236 2215 1294 nesciebat
2245 1252 2484 1308 quonam
2517 1244 2663 1293 esset
2699 1235 3050 1291 translatum.
3088 1234 3227 1288 Exin
3257 1231 3501 1290 secundo

1932 1328 2046 1384 ibat
2072 1342 2196 1383 cum
2230 1329 2493 1399 apostolis
2532 1328 2603 1384 ad
2640 1334 3078 1388 monumentum.
3112 1326 3412 1396 Postquam
3446 1326 3502 1380 bi

1931 1417 2155 1473 domum
2203 1418 2409 1475 reversi
2457 1426 2610 1483 sunt,
2658 1418 2775 1475 sola
2805 1434 3001 1474 rursus
3028 1418 3096 1473 in.
3132 1418 3254 1472 loco
3286 1416 3497 1481 relicta,

1930 1505 2067 1563 ﬂens
2102 1506 2176 1563 ibi
2209 1507 2567 1563 subsistebat.
2586 1491 2802 1563 beinde
2849 1507 2907 1562 in
2950 1513 3366 1562 monumentum
3426 1503 3505 1559 in-

1934 1598 2262 1670 trospiciens
2312 1599 2453 1655 duos
2501 1599 2727 1671 angelos
2775 1597 2914 1654 vidit
2971 1617 2984 1654 :
3039 1598 3277 1668 denique
3324 1592 3502 1667 ipsum

1934 1692 2111 1747 oculis
2163 1691 2284 1761 ejus
2329 1690 2575 1746 oblatum
2607 1688 2958 1748 Servatorem
3001 1709 3015 1745 :
3068 1705 3232 1762 quam
3267 1688 3344 1744 ibi
3377 1703 3504 1743 cum

268 1784 440 1849 αὑτοῦ,
480 1785 800 1867 διακειμένη
821 1827 837 1853 ,
869 1788 1064 1855 ἀνάξιά
1093 1805 1152 1842 τε
1184 1790 1312 1859 περὶ
1338 1787 1501 1842 αὑτοῦ
1537 1788 1829 1860 φρονοῦσα,

1936 1782 2065 1838 ﬂetu
2102 1782 2419 1846 haerentem,
2467 1792 2522 1838 et
2568 1798 2635 1839 ex
2684 1783 2941 1838 humanae
2968 1782 3309 1837 inﬁrmitatis
3340 1788 3505 1853 atque

270 1874 469 1945 πρῶτον
515 1877 616 1947 μὲν
666 1878 836 1948 αὐτὴν
876 1881 1111 1946 γυναῖκα
1145 1879 1399 1949 ὀνομάζει
1424 1918 1440 1945 ,
1487 1880 1831 1951 ἐπιπλήττων

268 1965 393 2039 αὐτῇ
418 1969 510 2020 καὶ
531 1967 809 2031 ὀνειδίζων
849 1969 911 2022 τὸ
948 1972 1254 2037 γυναικεῖον
1291 1969 1487 2034 πάθος·
1519 1970 1600 2023 διό
1648 1987 1830 2041 φησιν,

267 2057 449 2126 γύναι,
474 2059 532 2112 τι
578 2059 841 2125 ualere;
866 2055 986 2113 εἶτά
1013 2078 1175 2132 φησιν
1214 2061 1349 2133 πρὸς
1374 2062 1562 2133 αὑτήν·
1598 2062 1792 2130 Μαρία
1817 2081 1830 2094 ·

267 2147 348 2201 διὰ
376 2147 466 2200 τοῦ
495 2148 762 2218 ὀνόματος
795 2148 962 2220 αὐτὴν
1004 2152 1204 2223 ἑαυτῆς
1245 2152 1674 2223 ὑπομιμνήσκων
1698 2191 1712 2215 ,
1741 2152 1835 2209 καὶ

266 2235 364 2291 τῦν
392 2236 561 2292 πάλαι
596 2239 733 2309 πρὸς
758 2239 925 2311 αὑτήν
956 2258 1015 2294 τε
1052 2243 1147 2295 κα)⁴
1178 2245 1304 2307 τοὺς
1344 2242 1560 2307 λοιποὺς
1589 2242 1834 2314 μαθητὰς

270 2326 387 2398 περὶ
413 2327 511 2397 τῆς
542 2329 893 2393 ἀναστάσεως
913 2331 1074 2385 αὐτοῦ
1099 2332 1287 2401 λόγων
1318 2335 1351 2404 ή
1377 2333 1422 2385 δ’
1447 2336 1526 2397 εἰς
1549 2334 1836 2407 συναίσθη-

271 2434 347 2470 σιν
367 2417 617 2485 ἐλθοῦσα,
643 2421 736 2474 καὶ
762 2421 816 2474 τί
853 2438 981 2475 ποτε
1003 2418 1069 2494 ἦν
1099 2425 1206 2478 ἀπὸ
1248 2425 1348 2493 τῆς
1387 2426 1568 2495 φωνῆς
1609 2426 1702 2480 καὶ
1737 2427 1835 2497 τῆς

265 2509 351 2562 τοῦ
370 2508 522 2579 λόγου
563 2509 842 2583 δυνάμεως
887 2514 1209 2584 ἐπιγνοῦσα,
1240 2515 1548 2571 Ῥαΰϐουνί
1570 2534 1731 2591 φησιν
1752 2559 1781 2583 ,κ
1805 2518 1833 2571 ὃ

273 2600 727 2675 μεθερμηνεύεται
751 2604 1101 2667 διδάσκαλε.

336 2875 403 2946 β’.
436 2872 555 2932 Εἶτ’
585 2878 770 2949 ἐπειδὴ
798 2877 873 2941 ὡς
900 2879 1203 2950 διδασκάλῳ
1236 2879 1389 2951 αὐτῷ
1413 2880 1493 2933 έτι
1527 2883 1621 2935 καὶ
1642 2882 1739 2953 οὐχ
1759 2884 1834 2946 ὠς

267 2965 374 3037 θεῷ
392 2968 673 3039 προσιέναι
697 2970 919 3041 ὡρμᾶτο
934 3009 949 3034 ,
971 2970 1243 3023 ἀναίνεται
1264 2971 1713 3042 καὶπαραιτεῖται
1739 2972 1835 3025 αύ-

266 3055 385 3126 τὴν,
418 3055 510 3123 Μή
536 3075 661 3126 μου
691 3058 910 3112 ἅπτου·
940 3056 1107 3128 θνητά
1133 3057 1242 3127 γὰρ
1264 3056 1344 3111 ἔτι
1378 3057 1647 3129 φρονοῦσα
1669 3099 1682 3123 ,
1734 3058 1833 3128 οὐχ

265 3146 344 3198 οἵα
370 3164 426 3200 τε
453 3144 521 3219 ἦν
561 3151 659 3219 τῆς
687 3148 850 3203 αὑτοῦ
886 3149 1137 3219 θεότητος
1162 3148 1332 3217 θίγειν
1354 3166 1365 3179 ·
1401 3149 1522 3202 οὐδὲ
1556 3149 1663 3221 γὰρ
1687 3148 1833 3215 ἄξιον

265 3232 328 3308 ἦν
342 3240 438 3311 τὴν
466 3240 553 3293 ἔτι
577 3241 867 3296 κλαίουσαν
887 3282 903 3307 ,
933 3242 1029 3295 καὶ
1048 3241 1199 3295 κάτω
1220 3242 1347 3313 περὶ
1370 3242 1439 3295 τά
1464 3243 1721 3313 μνήματα
1742 3242 1835 3295 καὶ

266 3328 455 3397 τάφους
490 3326 585 3383 οἷα
619 3330 811 3403 νεκρὸν
846 3329 1112 3401 ζητοῦσαν
1144 3329 1337 3394 αὑτὸν,
1384 3331 1614 3384 ταπεινά
1647 3347 1705 3384 τε
1744 3332 1836 3384 καὶ

265 3419 574 3493 ἀνθρώπινα.
595 3424 723 3492 περὶ
744 3422 907 3477 αὑτοῦ
933 3422 1256 3488 δοξάζουσαν
1277 3465 1291 3487 ,
1309 3422 1408 3491 τῆς
1431 3423 1647 3492 ἐπαφῆς
1669 3421 1833 3475 αὐτοῦ

266 3515 567 3565 κοινωνεῖν⁶
610 3513 690 3566 διὸ
726 3513 825 3585 τὴν
866 3512 1045 3567 αἰτίαν
1081 3513 1387 3584 ἀπήλεγχεν
1411 3554 1424 3577 ,
1466 3515 1539 3586 μὴ
1587 3515 1695 3586 γὰρ
1739 3516 1834 3573 άν-

265 3603 576 3675 εληλυθέναι
604 3604 757 3659 οῦπω
790 3608 971 3676 φησὶν,
999 3607 1121 3659 ὅσον
1149 3606 1211 3659 τὸ
1232 3606 1316 3659 ἐπ’
1350 3607 1539 3680 αὐτὴν,
1576 3609 1711 3679 πρὸς
1743 3608 1836 3661 τὸν

266 3696 471 3769 Πατέρα
490 3739 504 3764 ,
535 3699 662 3753 ἐπεὶ
698 3698 772 3771 μή
800 3698 942 3751 τοῦτ’
962 3698 1280 3754 ἐπίστευσεν
1301 3698 1613 3768 γεγονέναι,
1644 3701 1835 3772 νεκρὸν

262 3787 315 3841 δέ
360 3808 459 3846 που
504 3792 723 3852 κεῖσθαι
754 3792 914 3846 αὐτὸν
956 3790 1091 3862 ᾤετο
1112 3811 1126 3823 ο
1165 3791 1245 3845 διό
1278 3810 1439 3863 φησιν
1475 3794 1613 3865 πρὸς
1646 3795 1832 3867 αύτήψ

263 3883 352 3951 Μή
377 3901 494 3952 μου
529 3882 725 3938 ἅπτου
746 3926 761 3950 ,
804 3886 1026 3954 τοιαύτη
1053 3902 1134 3948 τις
1163 3880 1298 3939 οὖσα
1330 3886 1424 3938 καὶ
1447 3884 1669 3942 τοιαῦτα
1709 3887 1836 3956 περὶ

263 3973 398 4043 ἐμοῦ,
429 3973 788 4045 λογιζομένη·
824 3975 907 4027 σοὶ
950 3976 1058 4046 γὰρ
1093 3975 1223 4039 Θεὸς
1251 3974 1403 4029 οῦπω
1433 3977 1799 4047 πεπίπευμαι
1819 3995 1831 4006 ·

265 4065 342 4117 σοὶ
367 4064 445 4119 ἔτι
485 4066 642 4120 κάτω
678 4062 815 4119 εἶναι
844 4067 1158 4137 λελόγισμαι
1181 4082 1196 4098 ’
1238 4066 1379 4121 οὕτω
1419 4067 1517 4139 τὴν
1548 4066 1836 4122 κλαίουσαν

263 4157 352 4210 καὶ
388 4157 622 4225 δόξασαν
649 4158 811 4211 αὐτὸν
841 4154 978 4212 εἶναι
1009 4158 1101 4211 τὸν
1124 4160 1428 4231 κηπουρὸν,
1478 4159 1565 4213 διὰ
1613 4160 1710 4231 μὲν
1741 4159 1834 4213 τοῦ

263 4246 351 4315 Μή
373 4267 494 4318 μου
513 4249 709 4305 ἅπτου
730 4249 1066 4321 ἀπέστρεφεν
1089 4250 1434 4321 ἐπιπλήττων
1454 4251 1587 4322 αὐτῇ
1609 4269 1622 4282 ·
1644 4251 1719 4315 ὡς
1743 4253 1836 4305 καὶ

261 4338 345 4393 διὰ
372 4339 465 4394 τοῦ
490 4343 727 4409 γυναῖκα
756 4340 959 4406 καλεῖν,
977 4342 1071 4395 καὶ⁹
1101 4340 1189 4394 διὰ
1207 4341 1300 4394 τοῦ
1328 4341 1528 4410 λέγειν,
1568 4343 1630 4396 Τί
1661 4343 1832 4395 κλαί-

1933 1872 2264 1928 humilitatis
2298 1874 2564 1929 instinctu
2592 1872 2737 1930 furto
2776 1875 3018 1930 ablatum
3050 1889 3253 1943 corpus
3278 1874 3507 1928 credenc

1934 1973 2066 2032 tem,
2091 1973 2253 2037 atque
2284 1964 2510 2036 indigna
2532 1964 2601 2020 de
2620 1965 2742 2035 ipso
2773 1965 3118 2029 sentientem,
3146 1963 3306 2021 Jesus
3327 1964 3506 2035 primo

1934 2059 2222 2114 mulierem
2254 2058 2509 2129 appellat,
2538 2058 2830 2129 increpans
2863 2065 3027 2128 atque
3059 2058 3401 2130 exprobrans
3429 2052 3508 2108 fe-

1935 2151 2174 2206 mineam
2223 2150 2397 2205 animi
2443 2151 2824 2222 aegritudinem
2865 2167 2881 2205 :
2937 2149 3083 2203 unde
3134 2147 3232 2212 ait,
3293 2145 3504 2209 mulier,

1935 2241 2062 2313 quid
2084 2240 2305 2311 ploras?
2330 2240 2535 2297 Deinde
2566 2241 2738 2306 addit,
2771 2238 2989 2305 Maria;
3045 2246 3103 2292 ut
3152 2238 3244 2293 illa
3287 2237 3511 2293 nomine

1936 2334 2214 2391 admonita
2244 2332 2312 2387 ad
2340 2340 2581 2389 mentem
2626 2337 3003 2394 revocaretur,
3060 2334 3224 2401 atque
3258 2338 3317 2383 ut
3366 2327 3509 2384 anti-

1935 2437 2166 2494 quarum
2190 2422 2547 2494 sponsionum
2573 2431 2688 2476 tum
2716 2422 2823 2493 ipsi
2852 2429 2967 2479 tum
3002 2420 3231 2492 reliquis
3264 2420 3510 2491 discipu-

1935 2516 2007 2572 lis
2039 2515 2107 2571 de
2157 2515 2362 2571 Christi
2417 2512 2822 2571 resurrectione
2875 2510 3148 2566 factarum
3189 2510 3511 2565 recordare-

1934 2616 2046 2664 tur.
2078 2609 2175 2663 illa
2205 2611 2389 2665 animo
2415 2625 2481 2663 ex
2512 2605 2859 2662 aberratione
2888 2614 3127 2675 recepto,
3165 2605 3325 2674 vique
3356 2603 3507 2656 vocis

1936 2714 2001 2757 ac
2028 2699 2317 2754 verborum
2345 2698 2532 2769 agnita
2574 2695 2811 2751 Rabbom'
2860 2696 3070 2766 inquit;
3114 2708 3221 2764 qua
3266 2707 3397 2749 voce
3434 2693 3507 2749 si-

1934 2789 2223 2861 gniﬁcatur
2246 2790 2518 2860 magister.

2004 2879 2061 2933 ‘2.
2097 2876 2219 2932 Mox
2252 2877 2320 2932 ad
2359 2878 2511 2932 illum
2560 2876 2740 2932 adhuc
2786 2884 2846 2930 ut
2894 2874 3241 2947 magistrum,
3292 2886 3401 2926 non
3449 2877 3508 2925 ut

1935 2969 2128 3036 Deum,
2162 2969 2423 3025 accedere
2449 2976 2706 3041 pr0perat
2733 2988 2746 3024 :
2770 2984 2879 3039 qua
2904 2967 2994 3023 ille
3025 2966 3297 3038 prohibita
3325 2970 3378 3019 et
3412 2962 3507 3017 de—

1935 3062 2126 3118 territa
2154 3062 2250 3126 ait,
2284 3059 2414 3117 Noli
2437 3078 2517 3116 me
2551 3069 2783 3131 tangere.
2813 3058 2949 3130 Nam
2987 3074 3107 3129 quae
3140 3058 3380 3112 humana
3419 3055 3508 3110 ad—

1936 3155 2043 3211 huc
2069 3155 2334 3224 sapiebat,
2383 3169 2498 3209 non
2543 3160 2662 3210 erat
2696 3153 2861 3223 digna
2904 3151 3243 3206 divinitatem
3274 3148 3394 3219 ejus
3428 3156 3509 3200 at-

1936 3247 2143 3316 tingere
2172 3265 2184 3299 :
2216 3261 2395 3316 neque
2439 3260 2538 3317 par
2588 3252 2708 3302 erat
2743 3246 2914 3309 illam,
2948 3259 3069 3314 quae
3104 3243 3285 3298 adimo
3321 3240 3504 3302 ﬂebat,

1934 3345 1988 3391 et
2018 3335 2204 3392 Jesum
2240 3336 2451 3391 inferne
2476 3336 2534 3390 in
2562 3336 2934 3393 monumentis
2962 3335 3337 3404 sepulcrisque
3359 3348 3508 3401 quaa-

1934 3430 2109 3496 rebat,
2135 3437 2298 3500 atque
2338 3428 2616 3483 humiliter
2661 3436 2715 3487 et
2745 3427 2958 3482 inﬁrme
2981 3426 3047 3481 de
3088 3427 3178 3480 illo
3212 3426 3501 3488 sentiebat,

1935 3522 2099 3587 haud,
2139 3523 2389 3592 inquam,
2424 3536 2641 3590 aequum
2677 3528 2794 3575 erat
2832 3527 3121 3574 contactus
3151 3518 3267 3586 ejus
3288 3529 3506 3584 compo-

1935 3619 2041 3666 tem
2082 3612 2218 3667 θοι-ἰ.
2268 3610 2633 3677 Quamobrem
2679 3608 2839 3665 Jesus
2890 3624 3115 3664 causam
3162 3621 3381 3677 quoque
3426 3606 3504 3659 rei

1934 3704 2130 3774 aperit,
2180 3701 2424 3758 nondum
2474 3717 2533 3756 se
2580 3700 2895 3756 ascendisse
2943 3698 3228 3770 (quantum
3278 3696 3344 3751 ad
3383 3710 3503 3750 eam

1935 3792 2225 3863 attineret)
2282 3793 2346 3847 ad
2400 3791 2615 3846 Patrem
2671 3791 2893 3857 dicens;
2945 3790 3205 3860 quoniam
3255 3788 3372 3858 ipsa
3428 3788 3504 3841 rei

1935 3898 2098 3958 gesta:
2128 3887 2284 3941 ﬁdem
2317 3884 2560 3941 nondum
2588 3883 2899 3947 adhibebat,
2934 3898 3101 3952 seque
3124 3888 3397 3935 mortuum
3419 3880 3505 3950 ja-

1934 3994 2056 4034 cere
2081 3977 2335 4048 putabat:
2354 3976 2584 4043 ideoque
2615 3974 2710 4037 ait,
2740 3971 2869 4027 Noli
2891 3989 2969 4026 me
2991 3983 3362 4045 tangere,cum
3379 3971 3505 4027 talis

1935 4068 2033 4132 sis,
2083 4068 2356 4136 talemque
2399 4066 2466 4119 de
2514 4080 2601 4120 me
2641 4063 2953 4134 opinionem
3000 4063 3321 4133 gerasztibi
3361 4063 3507 4118 enim

1935 4157 2078 4214 Deus
2113 4156 2357 4212 nondum
2382 4155 2602 4221 credor,
2641 4153 2737 4210 sed
2766 4154 3048 4209 terrestris
3072 4153 3249 4213 adhuc
3280 4155 3504 4210 habeor.

1936 4251 2029 4307 Sic
2075 4252 2122 4307 is
2158 4250 2488 4321 plorantem,
2550 4258 2606 4304 et
2638 4263 2759 4323 quae
2791 4248 3142 4303 hortulanum
3188 4248 3365 4318 ipsum
3396 4262 3507 4301 cre-

1934 4343 2127 4405 debat,
2165 4340 2250 4394 his
2295 4339 2497 4403 verbis,
2557 4337 2687 4391 Noli
2743 4354 2823 4391 me
2869 4347 3079 4409 tangere
3108 4339 3296 4406 rejecit
3329 4338 3508 4391 incre-

262 4448 378 4499 ειςς
406 4433 468 4486 τὸ
492 4431 605 4504 γὰρ
638 4432 844 4487 κλαίειν
875 4435 966 4486 τὸν
992 4432 1198 4500 ζῶντα,
1234 4434 1429 4505 μᾶλλον
1462 4434 1519 4488 δὲ
1552 4435 1650 4507 τὴν
1688 4436 1829 4515 ζωὴν

1937 4433 2327 4506 pitanszunde
2367 4439 2421 4487 et
2472 4432 2755 4485 mulierem
2781 4432 3028 4486 eamdem
3081 4430 3360 4492 vocitavit,
3402 4434 3507 4483 ait-

264 4522 426 4593 αύτὴν
449 4564 464 4588 ,
492 4524 731 4595 ἐσχάτης
751 4519 819 4595 ἦν
839 4524 1078 4595 ἀμαθίας
1097 4542 1110 4554 ·
1148 4526 1243 4580 καὶ
1268 4525 1355 4578 διὰ
1382 4528 1479 4597 μὲν
1501 4527 1703 4581 τούτων
1738 4529 1837 4581 έπε-

263 4615 520 4687 ἐπληττεν
550 4618 685 4687 αὐτῇ
704 4632 717 4646 ·
745 4615 833 4669 διὰ
851 4616 908 4669 δὲ
933 4616 1039 4670 τῶν
1056 4617 1184 4688 ἑξῆς
1204 4620 1301 4687 τὴν
1326 4618 1446 4673 καθ’
1472 4620 1659 4673 ἑαυτὸν
1683 4622 1837 4674 ἐπαίσ-

262 4706 408 4761 δευεν
440 4707 718 4776 θεολογίαν
737 4723 750 4737 ·
781 4710 813 4779 ή
842 4709 887 4761 δ’
915 4709 1010 4762 ἐπὶ
1039 4709 1247 4773 τούτοις
1276 4710 1345 4763 τὰ
1386 4713 1593 4781 μεγάλα
1620 4714 1834 4784 ὠφελη-

267 4798 396 4871 μένη
410 4840 425 4864 ,
451 4801 614 4855 πάλιν
635 4802 907 4870 ἀναχωρεῖ
921 4799 1014 4852 τοῦ
1036 4801 1316 4871 μνήματος
1334 4820 1348 4833 σ
1373 4803 1531 4856 τοῦτο
1550 4804 1797 4877 δεύτερον
1818 4823 1830 4836 '

263 4887 356 4944 εἶτ’
382 4891 675 4957 ἐξειποῦσα
701 4895 767 4964 τῇ
801 4892 935 4963 άλλη
962 4891 1149 4963 Μαρία
1173 4893 1241 4946 τά
1265 4892 1567 4964 τεθεαμένα
1589 4898 1737 4968 παρὰ
1759 4896 1835 4968 τῷ

275 4981 489 5054 Ἰωάννῃ
510 5022 525 5047 ,
553 4984 779 5054 ἐπανῄει
813 4984 910 5037 σὺν
951 4983 1119 5053 αὑτῇσ
1164 4985 1322 5038 τοῦτο
1350 4985 1530 5057 τρίτον
1550 5003 1562 5016 ·
1598 4989 1691 5041 καὶ
1729 4988 1835 5042 τῶν

263 5073 409 5144 παρά
439 5073 520 5144 τῷ
548 5074 808 5144 Ματθαίῳ
840 5074 1324 5146 μνημονευομένων
1363 5075 1565 5147 θεωρὸς
1595 5079 1835 5146 ἐγίγνετο

261 5162 438 5216 οὐκέτι
463 5164 627 5236 μόνη,
655 5167 751 5219 σὺν
777 5165 835 5218 δὲ
862 5167 927 5236 τῇ
952 5166 1114 5236 ἑτέρᾳ
1140 5166 1327 5239 Μαρίᾳ
1349 5184 1362 5198 ·
1391 5170 1484 5220 και⁵
1506 5169 1687 5222 οὐκέτι
1707 5171 1834 5223 εἴσω

260 5252 350 5306 τοῦ
373 5254 546 5324 τάφου
582 5256 1011 5330 παρακύπτουσα
1038 5258 1113 5321 ὼς
1139 5258 1288 5327 παρὰ
1318 5258 1393 5327 τῷ
1431 5260 1645 5331 Ἰωάννῃ
1669 5301 1683 5325 ,
1715 5262 1834 5315 οὐδὲ

260 5342 349 5396 δύο
399 5346 666 5415 ἀγγέλους
691 5387 706 5413 ,
759 5347 872 5402 ἀλλ’
909 5348 1005 5403 ἕνα
1051 5350 1188 5421 πρὸς
1234 5350 1313 5421 τῷ
1361 5350 1491 5422 λίθῳ
1529 5352 1833 5424 καθήμενον

261 5432 464 5504 ὁρῶσα.

327 5615 395 5677 γ’.
414 5606 531 5664 Εἶτ’
552 5614 645 5667 ἐπὶ
658 5615 867 5679 τούτοις
883 5615 1043 5670 αὑτὸν
1062 5617 1223 5672 πάλιν
1241 5619 1331 5671 τὸν
1345 5620 1569 5692 Σωτῆρα
1587 5622 1721 5691 μετὰ
1740 5622 1833 5692 τῆς

260 5698 423 5776 ἄλλης
441 5705 661 5777 Μαρίας
681 5706 904 5779 θεωρεῖ·
929 5709 1083 5766 τοῦτο
1108 5711 1386 5783 δεύτερον·
1414 5714 1504 5767 καὶ
1526 5715 1708 5768 οὐκέτι
1737 5716 1833 5785 μὲν

1938 4542 2065 4596 que,
2098 4522 2238 4589 Quid
2265 4522 2484 4591 ploras?
2514 4536 2641 4574 nam
2676 4520 2859 4589 iugere
2885 4522 3172 4585 viventem,
3192 4520 3300 4573 imo
3330 4520 3504 4589 ipsam

1937 4616 2127 4677 vitam,
2160 4622 2415 4669 extremae
2452 4619 2570 4669 erat
2627 4612 2901 4666 inscitiae:
2933 4626 3038 4681 qua
3087 4627 3250 4682 super
3293 4627 3351 4666 re
3398 4628 3506 4665 non

1939 4707 2181 4779 pepercit
2203 4703 2590 4774 objurgationi.
2627 4701 2765 4756 Tum
2796 4704 2850 4756 in
2880 4703 3239 4772 sequentibus
3264 4702 3505 4757 divinam

1937 4800 2017 4854 illi
2053 4798 2141 4853 sui
2176 4796 2428 4853 notitiam
2477 4793 2820 4863 impertivit:
2853 4809 2974 4863 quae
3028 4793 3115 4848 his
3163 4792 3344 4847 verbis
3398 4808 3507 4845 ma-

1937 4902 2177 4960 gnopere
2224 4887 2473 4950 erudita,
2522 4885 2703 4939 denuo
2760 4884 3004 4939 deseruit
3054 4889 3504 4945 monumentum,

1937 4977 2180 5036 secundo
2210 4975 2481 5033 videlicet.
2516 4973 2653 5029 Exin
2688 4975 2928 5031 narratis
2966 4972 3151 5029 Maria:
3179 4973 3359 5039 alteri,
3386 4989 3507 5043 qua:

1937 5070 2142 5126 vidisse
2174 5083 2294 5127 eam
2338 5075 2526 5122 narrat
2564 5065 2827 5132 Joannes,
2862 5068 2991 5123 illuc
3022 5084 3145 5122 cum
3197 5066 3386 5122 eadem
3420 5081 3507 5120 re-

1936 5177 2105 5219 versa.
2145 5173 2254 5224 est,
2299 5161 2464 5215 tertio
2516 5159 2805 5214 videlicet:
2842 5174 2906 5214 ac
2953 5167 3067 5214 tum
3116 5173 3328 5223 eorum,
3385 5173 3507 5227 quae

1938 5258 2205 5307 memorat
2231 5250 2539 5314 Matthaaus,
2564 5250 2861 5320 spectatrix
2894 5249 3026 5316 fuit;
3058 5248 3331 5318 haudjam
3365 5248 3502 5313 sola,

1938 5344 2031 5400 sed
2066 5359 2191 5398 cum
2222 5344 2391 5398 altera
2425 5342 2593 5396 Maria
2622 5360 2636 5397 :
2672 5356 2847 5412 neque
2881 5340 2994 5412 jam
3031 5339 3418 5410 introspiciens
3448 5338 3500 5393 in

1938 5439 2267 5507 sepulcrum,
2300 5439 2379 5493 uti
2411 5438 2674 5493 narrabat
2712 5436 2983 5502 Joannes;
3022 5452 3197 5507 neque
3223 5436 3335 5504 jam
3364 5435 3503 5489 duos

1938 5530 2179 5600 angelos,
2211 5529 2307 5584 sed
2344 5545 2510 5583 unum
2543 5527 2709 5598 lapidi
2740 5528 3067 5583 insidentem
3105 5541 3356 5582 cernens.

2008 5621 2061 5677 5.
2101 5619 2233 5676 Post
2273 5621 2387 5675 llth
2440 5621 2620 5675 denuo
2653 5620 2816 5682 videt,
2854 5622 3055 5685 comite
3105 5621 3272 5675 altera
3310 5618 3500 5682 Maria.

1940 5716 2117 5785 ipsum
2156 5716 2533 5780 Servatorem,
2585 5713 2826 5770 secundo
2853 5713 3140 5771 videlicet:
3191 5728 3365 5785 neque
3391 5713 3502 5784 jam
