3868 6264
415 301 517 360 951

1074 293 1345 353 EUSEBII
1381 284 1863 349 CESARIENSIS
1896 284 2053 343 OPP.
2089 280 2271 337 PARS
2304 280 2393 335 HI.
2428 311 2499 323 --
2535 277 2949 338 EXEGETICA.

3558 275 3659 332 95!

418 421 591 485 audit,
636 420 769 476 Noli
789 437 868 474 me
896 427 1139 489 tangere;
1180 417 1291 471 imo
1318 415 1579 486 gaudere,
1612 412 1809 467 nedum
1834 408 1971 475 ﬂere,

2089 405 2300 472 ἀκούει,
2327 404 2425 476 Μή
2460 422 2581 475 μου
2622 404 2814 459 ἅπτου
2834 442 2851 468 ,
2885 400 3191 457 τούναντίον
3227 398 3284 452 δὲ
3304 395 3519 468 χαίρειν
3547 392 3654 447 ἀντὶ

416 515 487 569 ab
516 512 637 584 ipso
666 513 929 582 jubetur:
960 509 1093 583 quin
1136 510 1301 563 etiam
1334 510 1480 563 hunc
1509 515 1730 577 tangere
1762 504 1984 568 sinitur,

416 619 578 674 quem
607 602 718 671 jam
754 609 816 654 ut
865 601 1032 655 Deum
1062 599 1449 655 venerabatur.
1485 598 1574 652 Ait
1615 609 1747 665 ergo
1777 595 1863 648 his
1908 592 1986 648 fe-

415 695 582 749 minis
616 691 796 759 Jesus,
850 690 1103 746 Gaudete.
1146 690 1255 746 Illae
1282 706 1410 754 vero
1441 687 1762 745 accedentes
1791 693 1984 743 tenue-

416 793 544 839 runt
575 783 740 854 pedes
771 785 890 855 ejus
915 793 978 840 eti
998 784 1384 840 adoraverunt.
1419 781 1487 835 Et
1512 795 1638 835 vera
1662 779 1829 850 igitur
1852 791 1982 831 nar-

415 886 539 930 rant
588 892 747 932 sacra
798 877 1117 947 Evangelia,
1162 885 1218 932 et
1251 876 1400 931 nulla
1446 875 1501 929 in
1552 880 1708 944 parte
1754 870 1897 925 inter
1926 884 1985 925 se

412 976 663 1040 pugnant
690 988 704 1023 :
738 985 1051 1040 quanquam
1083 968 1327 1023 eamdem
1360 966 1585 1020 Mariam
1614 963 1984 1034 Magdalenam

412 1060 770 1116 introducunt
805 1068 860 1117 et
901 1077 1009 1116 non
1051 1068 1357 1131 tangentem
1399 1058 1573 1127 primo
1614 1056 1981 1116 Serratorem,

410 1154 540 1210 dum
575 1152 763 1219 ﬂebat,
812 1166 1037 1225 eratque
1086 1150 1387 1213 incredula,
1434 1158 1489 1204 et
1517 1163 1638 1203 eum
1672 1152 1980 1216 tangentem

409 1253 697 1315 postquam
730 1246 965 1317 gaudere
1002 1246 1156 1314 jussu
1199 1251 1303 1298 est.
1347 1239 1465 1295 1am
1496 1242 1675 1312 priera
1706 1252 1829 1294 esse
1864 1239 1983 1291 exi-

409 1336 687 1401 stimanda
728 1352 849 1406 quae
894 1344 1021 1391 sunt
1074 1335 1215 1405 apud
1259 1333 1521 1389 Joannem
1567 1333 1636 1388 iis
1679 1346 1799 1401 qua:
1838 1327 1979 1398 apud

409 1425 744 1487 Manlianum.
773 1427 825 1481 in
855 1425 1147 1498 disputatis
1176 1431 1324 1479 retro
1351 1422 1651 1479 secundum
1688 1418 1978 1491 quamdam

408 1523 824 1591 explicationem
852 1520 1352 1591 comprobavimus,
1384 1518 1513 1573 dum
1544 1516 1976 1580 ostenderemus,

407 1612 503 1669 ubi
536 1612 739 1673 dicitur
770 1611 911 1681 apud
946 1609 1257 1664 Maltliaeum
1291 1625 1407 1663 sero
1454 1606 1830 1669 Sabbatorum,
1867 1618 1976 1657 non

405 1705 770 1774 vespertinam
820 1704 1014 1757 horam
1060 1701 1354 1775 signiﬁcari
1402 1699 1469 1751 ab
1498 1695 1851 1767 evangelista,
1881 1692 1973 1747 sed

2090 499 2185 552 τοῦ
2215 498 2423 551 κλαίειν
2446 497 2537 551 ὑπ’
2574 495 2738 550 αὐτοῦ
2766 495 3045 549 κελεύεται
3064 510 3078 524 ·
3107 490 3244 546 ἀλλὰ
3269 490 3365 544 καὶ
3396 484 3653 541 ἅπτεσθαι

2091 589 2256 646 αὐτοῦ
2272 590 2653 661 συγχωρεῖται,
2676 587 2795 640 ἐπεὶ
2809 585 2901 639 καὶ
2918 583 3213 656 προσκυνεῖ
3228 579 3389 634 αὐτὸν
3401 577 3482 640 ὡς
3496 574 3622 627 Θεόν
3638 588 3650 605 ο

2090 682 2237 752 λέγει
2252 681 2382 751 γοῦν
2414 682 2606 745 αὐταῖς
2631 684 2661 735 ὁ
2696 678 2922 752 Ἰησοῦς,
2950 677 3192 745 Χαίρετε
3210 690 3223 702 ·
3255 673 3312 727 αἱ
3340 671 3401 724 δὲ
3428 667 3653 740 προσελ-

2091 774 2278 827 θοῦσαι
2295 816 2310 840 ,
2345 774 2652 846 ἐκράτησαν
2684 769 2847 825 αὑτοῦ
2871 770 2998 832 τοὺς
3023 766 3188 828 πόδας
3212 765 3303 816 καὶ
3326 755 3655 834 προσεκύνη-

2092 884 2191 922 σαν
2218 864 2365 936 αὐτῷ
2386 884 2400 896 ·
2428 864 2522 931 καὶ
2549 864 2720 927 οὕτως
2760 864 2877 933 ἀμα
2904 858 3156 929 ἀληθεύει
3181 856 3248 909 τὰ
3270 852 3395 926 ἱερά
3417 848 3656 917 Εὐαγγέ-

2088 960 2177 1013 lla
2196 1000 2210 1023 ,
2255 957 2375 1012 κατ’
2410 958 2598 1011 οὐδένα
2632 957 2789 1026 λόγον
2823 950 3223 1024 διαφωνοῦνται
3257 945 3356 1016 τὴν
3397 941 3572 1010 αὐτὴν
3602 936 3656 993 δὲ

2088 1050 2306 1123 Μαρίαν
2325 1049 2424 1121 τὴν
2444 1047 2806 1119 Μαγδαληνὴν
2828 1047 3113 1113 εἰσάγοντα
3131 1040 3225 1095 καὶ
3250 1037 3324 1109 μὴ
3348 1030 3654 1123 ἁπτομένην

2088 1121 2349 1217 πρότερον
2377 1140 2472 1195 τοῦ
2506 1141 2756 1212 Σωτῆρος
2774 1180 2789 1204 ,
2837 1140 2926 1192 ὅτε
2953 1137 3133 1190 ἔκλαιε
3161 1133 3254 1185 καὶ
3285 1128 3543 1217 ἠπίστει·
3569 1121 3655 1217 κει)

2087 1212 2400 1307 ἁπτομένην
2428 1232 2592 1287 αὐτοῦ
2615 1273 2631 1297 ,
2673 1233 2760 1285 ὅτε
2791 1231 3003 1302 χαίρειν
3029 1223 3306 1286 ἐκελεύετο
3327 1237 3340 1251 ·
3377 1215 3575 1289 πρῶτα

2086 1306 2338 1399 ἡγεῖσθαι
2368 1328 2437 1381 τὰ
2469 1326 2619 1398 παρά
2659 1324 2738 1395 τῷ
2784 1322 3000 1392 Ἰωάννῃ
3032 1317 3335 1390 δηλούμενα
3364 1310 3478 1364 τῶν
3512 1306 3656 1378 παρὰ

2083 1420 2163 1492 τῷ
2189 1419 2453 1491 Ματθαίῳ
2486 1417 2800 1492 φερομένων
2817 1455 2832 1479 ,
2865 1413 2960 1468 καὶ
2988 1411 3076 1464 διὰ
3099 1409 3206 1463 τῶν
3229 1401 3538 1476 ἔμπροσθεν
3566 1414 3657 1468 γεε
3760 1416 3763 1419 ·

2085 1511 2478 1583 γυμνασμένων
2505 1511 2636 1580 ἡμῖν
2664 1505 2805 1561 κατὰ
2832 1504 2960 1577 μίαν
2981 1502 3090 1555 τῶν
3118 1495 3354 1569 ὲκδοχῶν
3376 1492 3652 1565 παρεστή-

2086 1619 2256 1673 σαμεν
2278 1643 2292 1665 ,
2343 1602 2772 1671 διασαφήσαντες
2803 1598 2950 1659 ὅπως
2982 1593 3191 1666 εἴρηται
3223 1587 3374 1659 παρὰ
3515 1584 3658 1638 Ματ-

2085 1694 2221 1765 θαίῳ
2251 1694 2312 1747 τὸ
2345 1692 2459 1761 ὀψὲ
2485 1690 2803 1746 Σαϐϐάτων
2820 1729 2834 1754 ,
2865 1688 2926 1742 οὐ
2951 1685 3049 1758 τὴν
3088 1680 3376 1753 ἑσπερινὴν
3395 1677 3547 1748 ὥραν
3567 1674 3625 1744 δη

403 1806 622 1868 tempus
651 1798 977 1852 illucescens
1009 1794 1063 1848 in
1089 1810 1253 1848 uuam
1291 1791 1677 1847 Sabbatorum.
1718 1788 1844 1841 Erat
1878 1803 1971 1840 au-

2079 1786 2296 1849 λοῦντος
2312 1785 2406 1838 τοῦ
2428 1781 2849 1853 εὐαγγελιστοῦ,
2885 1776 3023 1832 ἀλλὰ
3042 1777 3132 1830 τὸν
3154 1771 3560 1857 ὲπιφύσκοντα
3577 1766 3651 1828 είς

402 1897 511 1961 tem
548 1890 651 1944 hoc
686 1898 898 1958 tempus
929 1889 1200 1958 posterius
1235 1886 1349 1948 illo,
1379 1883 1446 1936 de
1487 1898 1595 1952 quo
1622 1881 1862 1936 Joannes
1902 1879 1979 1932 lo-

404 1982 612 2054 quitur.
665 1980 841 2050 Atque
888 1981 1004 2034 hate
1056 1980 1200 2034 dicta
1257 1986 1443 2037 sunto,
1497 1976 1538 2028 si
1584 1974 1709 2045 quis
1755 1972 1978 2027 omnino

403 2075 649 2132 cauidem
675 2072 901 2126 Mariam
929 2072 1071 2141 apud
1094 2079 1384 2139 utrumque
1408 2066 1796 2136 evangelistam
1813 2062 1978 2117 Joan-

401 2179 526 2218 ncm
553 2173 717 2234 atque
742 2162 1055 2216 Matlhzcum
1082 2176 1204 2216 esse
1235 2156 1552 2213 contendat.

469 2345 524 2399 4.
571 2342 666 2398 Sin
716 2358 843 2397 vero
882 2342 1216 2396 concedatur
1247 2353 1356 2392 non
1400 2336 1645 2392 eamdem
1682 2347 1823 2390 esse.
1877 2330 1984 2385 sed

399 2437 563 2505 aliam
609 2451 732 2505 quae
778 2450 901 2491 sero
952 2432 1339 2493 Sabbatorum,
1384 2429 1583 2482 comite
1637 2426 1741 2478 alia
1781 2423 1970 2486 Maria,

399 2527 552 2584 venit
579 2525 647 2581 ad
694 2531 1149 2590 monumentum;
1183 2520 1345 2574 aliam
1379 2533 1499 2589 qua:
1537 2516 1679 2586 apud
1706 2512 1969 2567 Joannem

399 2632 562 2676 mane
588 2632 693 2671 una
729 2615 1114 2676 Sabbatorum,
1143 2613 1271 2666 dum
1304 2610 1481 2663 adhuc
1507 2607 1742 2662 tenebrte
1762 2612 1968 2669 essent,

398 2710 517 2767 sola
545 2708 613 2764 ad
654 2708 796 2764 idem
830 2711 1245 2761 monumentum
1275 2701 1543 2763 accessit;
1585 2699 1765 2753 omnis
1798 2697 1970 2750 ambi-

398 2800 583 2868 guitas
634 2796 1012 2868 dissipabitur.
1060 2793 1330 2849 Nimirum
1388 2792 1625 2862 priores,
1679 2804 1799 2857 qua:
1846 2802 1969 2842 sero

399 2889 762 2946 Sabbatorum
810 2894 1098 2948 venerunt,
1144 2893 1367 2955 propter
1415 2897 1569 2936 suam
1623 2879 1965 2935 sedulitatem

397 2994 562 3053 atque
591 2982 996 3043 credulitatem,
1021 2979 1208 3049 jussas
1252 2990 1374 3030 esse
1403 2991 1433 3027 a
1459 2973 1679 3027 Christo
1708 2970 1967 3041 gaudere,

397 3089 631 3144 eumque
674 3073 1010 3134 adoravisse,
1063 3069 1293 3138 ejusnue
1340 3066 1506 3137 pedes
1553 3074 1737 3119 tenere
1771 3063 1965 3133 dignas

397 3167 591 3221 fuisse.
624 3162 774 3217 Illam
797 3178 927 3218 vero
958 3162 1099 3232 apud
1123 3159 1388 3214 Joannem
1413 3155 1658 3221 Mariam,
1694 3155 1964 3209 diversam

398 3273 429 3307 ει
471 3254 872 3325 superioribus,
924 3253 1125 3315 serius,
1176 3265 1336 3305 mane
1378 3250 1654 3314 videlicet,
1704 3262 1967 3317 superve-

397 3350 567 3403 nisse.
616 3346 873 3401 Eamdem
923 3347 1065 3400 hanc
1103 3360 1229 3401 esse
1263 3344 1404 3413 apud
1443 3342 1706 3404 Marcum,
1752 3340 1820 3394 de
1862 3354 1967 3409 qua

396 3451 603 3509 septem
632 3439 899 3493 daemonia
930 3437 1105 3507 ejecta
1138 3436 1356 3491 fuerant
1384 3454 1396 3489 :
1424 3451 1652 3505 quaeque
1679 3434 1970 3489 vehemen-

395 3535 482 3589 ter
511 3529 697 3582 animo
738 3528 1028 3599 perterrita
1068 3526 1256 3593 fuerit,
1300 3536 1354 3582 et
1391 3527 1556 3597 paulo
1589 3524 1964 3592 incredulior;

395 3619 629 3689 ideoque
669 3625 946 3673 manserat
972 3617 1045 3672 ibi
1097 3616 1254 3681 ﬂens,
1293 3625 1347 3671 et
1401 3616 1691 3687 suspicans
1731 3631 1799 3670 ne
1829 3615 1969 3669 forte

397 3707 711 3765 Servatoris
736 3723 934 3778 corpus
959 3707 1026 3763 de
1056 3708 1309 3778 sepulcro
1332 3704 1526 3763 fuisset
1554 3706 1853 3769 sublatum,
1886 3712 1969 3758 at-

394 3817 504 3873 que
528 3802 582 3856 in
615 3801 751 3855 alias
780 3811 955 3854 terras
988 3799 1267 3854 abactum.
1308 3797 1485 3868 Atque
1515 3796 1651 3853 adeo
1682 3795 1968 3866 perturba-

396 3904 488 3948 tus
515 3891 696 3947 fuerat
732 3892 812 3946 illi
849 3892 1087 3958 animus,
1120 3899 1180 3945 ut
1208 3907 1277 3946 ne
1310 3891 1536 3961 angelos
1565 3888 1783 3960 quidem
1823 3888 1964 3942 intra

396 3985 706 4053 sepulcrum
779 3985 928 4039 visos
982 3998 1313 4053 magnopere
1376 3981 1728 4052 suspexerit,
1790 3995 1966 4048 neque

393 4073 573 4142 ipsum
619 4072 795 4127 oculis
844 4072 1085 4127 oblatum
1133 4070 1476 4127 Servatorem
1522 4070 1823 4140 agnoverit,
1870 4068 1969 4124 sed

393 4164 581 4258 potius
611 4164 960 4218 hortulanum
986 4179 1109 4219 esse
1131 4164 1422 4234 putaverit.

1130 4276 1223 4332 IV.

566 4393 642 4448 De
666 4393 906 4462 sepulcro
932 4401 984 4447 et
1013 4391 1078 4447 de
1106 4391 1458 4461 repugnantia
1487 4399 1789 4458 apparente.

2083 1879 2209 1950 μίαν
2253 1876 2575 1931 Σαϐὅάτωνο
2617 1870 2686 1946 ἦν
2718 1873 2762 1925 δ’
2802 1866 2955 1935 οὗτος
2986 1868 3233 1937 δεύτερος
3264 1856 3361 1917 τοῦ
3395 1858 3551 1931 παρὰ

2092 1972 2311 2043 Ἰωάννῃ
2333 1968 2720 2040 δεδηλωμένον.
2756 1965 2866 2019 Καὶ
2886 1963 3058 2017 ταῦτα
3083 1962 3179 2033 μὲν
3202 1955 3443 2031 εἰρήσθω
3461 1995 3476 2019 ,
3499 1951 3648 2022 disp

2076 2081 2160 2127 τις
2190 2063 2248 2129 ἐξ
2281 2063 2517 2123 ἀπαντος
2549 2060 2648 2131 τὴν
2682 2058 2849 2128 αὐτὴν
2887 2052 3025 2109 εἶναι
3067 2051 3280 2125 Μαρίαν
3312 2047 3444 2118 παρ’
3475 2045 3644 2114 ἀμφο-

2075 2155 2254 2227 τέροις
2291 2156 2403 2216 τοῖς
2445 2150 2853 2220 εὑαγγελισταίς
2907 2148 3126 2218 Ἰωάννῃ
3162 2162 3222 2198 τε
3264 2144 3360 2197 καὶ
3389 2136 3653 2207 Ματθαίιμ

2075 2246 2474 2319 διῖσχυρίζοιτο.
3172 2304 3183 2315 κ

2142 2342 2213 2395 δ’.
2249 2342 2313 2393 Ei
2335 2339 2392 2395 δὲ
2418 2336 2794 2409 συγχωρηθείη
2822 2336 2881 2390 τὸ
2908 2334 2983 2407 μὴ
3016 2334 3115 2405 τὴν
3139 2331 3310 2401 αὐτὴν
3327 2324 3471 2381 εἶναι
3490 2364 3506 2389 ,
3534 2322 3645 2378 ἑτέ-

2074 2450 2176 2505 ραν
2215 2432 2272 2485 δὲ
2315 2431 2414 2502 τὴν
2453 2430 2548 2500 ὀψὲ
2580 2427 2872 2481 Σαὸϐάτων
2905 2423 3046 2480 κατά
3076 2422 3168 2477 τὸν
3196 2419 3478 2475 Ματθαῖον
3517 2411 3643 2488 μετὰ

2070 2504 2170 2592 τῆς
2190 2521 2355 2594 ἄλλης
2378 2520 2598 2593 Μαρίας
2622 2520 3008 2589 ἀπαντήσασαν
3023 2557 3037 2581 ,
3069 2516 3164 2568 καὶ
3187 2512 3354 2582 ἀλλην
3378 2508 3479 2581 τὴν

2070 2614 2146 2685 τῷ
2196 2613 2418 2686 Ἰωάννῃ
2463 2610 2607 2682 πρωῒ
2650 2613 2715 2682 τῇ
2750 2612 2845 2681 μιᾷ
2889 2609 2998 2662 τῶν
3030 2605 3342 2669 Σαϐὁάτων,
3375 2600 3460 2655 ἔτι
3491 2597 3645 2669 οὔσης

2073 2703 2314 2768 σκοτίας,
2355 2702 2523 2773 μόνην
2547 2698 2806 2753 ἐλθοῦσαν
2848 2699 2941 2752 ἐπὶ
2971 2697 3030 2749 τὸ
3058 2694 3347 2767 μνημεῖον,
3380 2692 3533 2744 πᾶσα
3558 2689 3647 2742 λιι-ι

2070 2794 2187 2865 θείη
2214 2793 2279 2848 ἂν
2299 2791 2597 2864 ἀμφιϐολία
2613 2808 2626 2822 ”
2651 2790 2715 2844 τὸ
2740 2789 2838 2853 τὰς
2870 2790 2968 2860 μὲν
2992 2786 3213 2860 πρώτας
3235 2784 3334 2853 ὀψὲ
3356 2781 3645 2837 Σαϐὁάτων

2069 2886 2424 2957 ἀφικομένας,
2448 2884 2545 2939 ἀτε
2578 2883 3001 2954 σπουδαιοτέρας
3023 2879 3118 2934 καὶ
3138 2876 3466 2948 πιστοτέρας
3486 2875 3646 2945 ὑπαρ-

2068 2979 2264 3050 χούσας
2279 3018 2294 3042 ,
2315 2977 2488 3032 καὶτὸ
2509 2978 2718 3049 χαίρειν
2740 2974 2889 3048 παρὰ
2910 2973 3001 3028 τοῦ
3025 2972 3273 3043 Σωτῆρος
3289 2967 3542 3030 ἀκοῦσαι,
3562 2965 3647 3019 καὶ

2068 3070 2461 3142 προσκυνῆσαι,
2483 3070 2717 3131 καὶτοὺς
2739 3068 2904 3130 πόδας
2921 3063 3085 3120 αὐτοῦ
3106 3063 3379 3136 κρατῆσαι
3394 3057 3645 3122 καταξιω-

2068 3161 2254 3233 θῆναι·
2281 3161 2377 3233 τὴν
2399 3162 2455 3215 δὲ
2477 3161 2625 3233 παρὰ
2652 3159 2730 3231 τῷ
2773 3158 2993 3231 Ἰωάννῃ
3021 3155 3240 3227 Μαρίαν
3261 3153 3458 3222 ἑτέραν
3490 3145 3641 3204 οὖσαν

2065 3254 2196 3325 παρ’
2218 3252 2430 3314 ὲκείνας
2453 3250 2667 3323 βράδιον
2692 3249 2789 3321 μὲν
2812 3245 3186 3318 ἀπηντηκέναι
3204 3244 3299 3297 καὶ
3324 3241 3474 3313 πρωῒ
3489 3257 3503 3273 ο
3522 3238 3642 3294 ταύ-

2064 3363 2164 3415 την
2186 3347 2231 3399 δ’
2260 3344 2427 3416 αὐτὴν
2444 3340 2581 3398 εἶναι
2604 3341 2744 3397 κατὰ
2762 3342 2856 3394 τὸν
2878 3339 3103 3411 Μάρκον
3123 3338 3213 3406 ἀφ’
3232 3331 3301 3408 ἧς
3331 3332 3643 3403 ἐκϐεϐλήκει

2067 3438 2207 3491 ἑπτὰ
2237 3437 2489 3508 δαιμόνια
2511 3453 2524 3466 ο
2546 3435 2751 3507 σφόδρα
2766 3434 2820 3486 δὲ
2839 3434 2937 3504 τὴν
2952 3429 3129 3501 ψυχὴν
3144 3425 3544 3499 τεθορυὸἧσθαι
3560 3424 3643 3477 καὶ

2067 3528 2425 3600 ἀπιστοτέραν
2447 3522 2583 3580 εἶναι
2605 3526 2679 3588 ὡς
2702 3522 2943 3578 ἑστῶσαν
2963 3520 3168 3575 κλαίειν
3186 3558 3201 3581 ,
3224 3518 3321 3570 καὶ
3344 3510 3643 3584 ὑπολαμϐά-

2067 3637 2177 3675 νειν
2208 3618 2553 3693 ὑφαιρεῖσθαι
2579 3617 2672 3670 τοῦ
2700 3614 2965 3687 μνημείου
2983 3611 3044 3665 τὸ
3070 3611 3230 3681 σῶμα
3255 3606 3352 3661 τοῦ
3379 3606 3637 3676 Σωτῆρος,

2072 3712 2168 3766 καὶ
2193 3715 2250 3765 ὲν
2284 3712 2445 3783 ἑτέρᾳ
2475 3707 2860 3781 μετενηνέχθαι
2884 3708 2953 3776 γῇ
2972 3723 2985 3735 ·
3024 3702 3166 3757 οὕτω
3196 3701 3254 3754 δὲ
3285 3698 3636 3769 συγκέχυτοή

2068 3804 2214 3876 ψυχὴ
2238 3805 2375 3875 αὐτῇ
2400 3843 2414 3867 ,
2451 3803 2527 3866 ὡς
2555 3801 2691 3873 μηδὲ
2723 3801 2848 3862 τοὺς
2869 3798 2959 3852 δύο
2979 3795 3243 3864 ἀγγέλους
3261 3793 3392 3856 τοὺς
3408 3791 3540 3844 είσω
3558 3786 3640 3841 τοῦ

2075 3899 2355 3968 μνήματος
2384 3893 2648 3964 ὀφθέντας
2682 3892 2817 3961 αὐτῇ
2850 3887 3285 3958 καταπλαγῆναι,
3317 3881 3454 3954 μηδὲ
3494 3876 3641 3934 αὐτὸν

2071 3987 2336 4060 γνωρίσαι
2354 3986 2585 4056 ὀφθέντα
2612 3985 2749 4055 αὐτῇ
2766 3985 2855 4036 τὸν
2878 3982 3105 4053 Σωτῆρα
3121 4022 3137 4047 ,
3162 3978 3385 4051 νομίσαι
3408 3976 3467 4030 δὲ
3494 3970 3645 4039 αὐτὰρ

2078 4076 2217 4134 εἶναι
2243 4080 2334 4134 τὸν
2359 4076 2635 4149 κηπουρὸν
2663 4076 2753 4146 (56
2770 4074 2895 4146 <57).

2813 4275 2895 4327 A'.

2123 4388 2264 4457 Περὶ
2291 4385 2400 4442 τοῦ
2432 4384 2624 4454 τάφου
2651 4384 2749 4441 καί
2780 4381 2894 4451 τῆς
2918 4382 3221 4447 δοκούσης
3252 4379 3603 4448 διαφωνίας.⁵

467 4507 756 4577 Quomodo
787 4508 933 4580 apud
980 4507 1292 4563 Matthasum
1340 4505 1510 4560 Maria
1545 4503 1858 4574 Magdalena
1890 4502 1968 4558 si-

2140 4501 2265 4565 Πῶς
2297 4499 2450 4570 παρὰ
2477 4497 2555 4569 τῷ
2576 4497 2841 4567 Ματθαίῳ
2871 4497 2905 4567 ή
2934 4494 3268 4565 Μαγδαληνὴ
3298 4495 3493 4566 Μαρία
3514 4491 3638 4565 μετά

392 4602 506 4667 mul
541 4617 667 4656 cum
701 4601 873 4656 altera
907 4600 1078 4655 Maria
1107 4608 1262 4655 extra
1305 4603 1722 4653 monumentum
1764 4594 1967 4648 viderit

390 4709 561 4748 unum
606 4694 859 4765 angelum
905 4692 1233 4749 insidentem
1282 4689 1449 4761 lapidi
1497 4686 1859 4743 monumenti.
1897 4683 1965 4737 Et

389 4789 690 4858 quomodo,
747 4786 1050 4842 secundum
1093 4783 1384 4848 Joannem,
1437 4784 1582 4836 intra
1638 4794 1964 4833 monumen-

391 4889 510 4946 tum
541 4879 766 4950 angelos
804 4878 945 4932 duos
982 4875 1315 4946 spectaverit
1345 4873 1599 4929 sedentes
1642 4867 1810 4925 Maria
1849 4867 1964 4922 Ma-

392 4974 645 5046 gdalena,
682 4971 983 5028 secundum
1025 4974 1206 5023 autem
1239 4966 1465 5030 Lucam,
1500 4965 1611 5021 duo
1636 4962 1738 5026 viri
1771 4962 1961 5016 astite-

387 5067 502 5121 rint
528 5063 874 5121 mulieribus.
903 5061 1150 5133 Denique
1193 5058 1497 5117 secundum
1540 5055 1781 5111 Marcum
1806 5054 1962 5124 juve-

389 5158 480 5212 nis
513 5157 571 5211 in
605 5155 802 5211 dextro
832 5155 1081 5210 residens
1119 5152 1458 5207 monumenti
1508 5150 1680 5203 latere
1712 5147 1864 5202 visus
1890 5146 1965 5199 sit

389 5247 575 5304 Mariae
606 5248 940 5320 Magdalenaa
965 5257 1021 5303 et
1050 5247 1233 5302 Mariae
1264 5244 1454 5300 Jacobi
1488 5253 1542 5299 et
1575 5241 1827 5297 Salomaa.

460 5339 748 5396 L-Priora
796 5347 927 5397 sunt
953 5357 1078 5412 qua:
1119 5349 1308 5396 narrat
1356 5337 1678 5393 Mattbams:
1710 5350 1881 5407 quare
1907 5343 1962 5390 et

390 5424 517 5483 duae
540 5427 726 5484 Maria:
749 5429 1006 5484 viderunt
1029 5430 1279 5499 angelum
1310 5429 1403 5499 qui
1432 5444 1606 5497 nuper
1638 5428 1766 5482 illuc
1793 5442 1961 5485 vene-

387 5524 479 5570 rat
530 5518 876 5597 lapidemque
926 5522 1251 5575 rerolverat.
1304 5519 1625 5589 Sequuntur
1676 5518 1767 5571 illa
1811 5516 1956 5585 apud

2070 4595 2170 4663 τῆς
2195 4592 2363 4664 ἄλλης
2383 4591 2600 4663 Μαρίας
2619 4589 2723 4654 ἔξω
2745 4588 2838 4643 τοῦ
2869 4588 3148 4659 μνήματος
3173 4584 3422 4657 ἑώρακεν
3444 4587 3534 4640 τὸν
3554 4585 3637 4636 ἕνα

2070 4684 2299 4753 ἄγγελον
2318 4681 2718 4755 ἐπικαθήμενον
2735 4679 2813 4751 τῷ
2826 4678 2960 4750 λίθῳ
2976 4676 3071 4731 τοῦ
3090 4679 3369 4749 μνήματος
3384 4695 3400 4708 ·
3419 4678 3514 4731 καὶ
3533 4675 3637 4738 πῶς

2073 4775 2213 4830 κατά
2237 4776 2328 4829 τὸν
2371 4774 2623 4846 Ἰωάννην
2659 4772 2790 4835 εἵσω
2828 4768 2923 4823 τοῦ
2952 4770 3231 4841 μνήματος
3263 4767 3529 4838 ἀγγέλους
3552 4763 3643 4831 δύο

2070 4868 2264 4938 θεωρεῖ
2291 4866 2683 4938 καθημένουςὴ
2713 4860 3041 4933 Μαγδαληνὴ
3062 4863 3278 4932 Μαρία·
3306 4859 3450 4915 κατὰ
3478 4860 3533 4913 δὲ
3553 4859 3631 4912 τὸν

2069 4962 2282 5014 Λουκᾶν
2309 4960 2403 5016 δύο
2425 4957 2612 5029 ἄνδρες
2636 4955 2943 5027 ἐπέστησαν
2971 4956 3091 5018 ταῖς
3118 4950 3363 5021 γυναιξίν
3380 4970 3396 4982 ·
3424 4950 3559 5006 κατὰ
3578 4948 3629 5002 δὲ

2069 5053 2157 5107 τὸν
2183 5053 2405 5124 Μάρκον
2435 5049 2717 5112 νεανίσκος
2738 5042 2807 5119 ἦν
2839 5048 3028 5110 αὑταῖς
3054 5049 3082 5100 ὁ
3102 5043 3378 5118 ὁρώμενος
3402 5043 3624 5114 καθήμε-

2068 5162 2159 5207 νος
2179 5146 2235 5197 ὲν
2260 5146 2370 5206 τοῖς
2396 5142 2587 5206 δεξιοῖς
2606 5139 2700 5193 τοῦ
2726 5139 2991 5211 μνημείου
3017 5140 3083 5209 τῇ
3104 5135 3436 5208 Μαγδαληνῇ
3455 5130 3620 5204 Μαρίᾳ

2070 5239 2165 5292 καὶ
2194 5238 2383 5309 Μαρίᾳ
2419 5234 2677 5305 Ἰακώβου
2706 5235 2800 5287 καὶ
2827 5231 3080 5305 Σαλώμῃ.

2137 5337 2220 5385 α’.
2259 5327 2338 5381 Τά
2382 5326 2482 5396 μὲν
2514 5322 2666 5394 παρὰ
2693 5322 2772 5393 τῷ
2799 5319 3061 5389 Ματθαίῳ
3094 5315 3482 5392 προηγεῦνται·
3510 5311 3618 5365 ὅθεν,

2070 5423 2164 5475 καὶ
2195 5422 2251 5475 αἱ
2284 5418 2378 5473 δύο
2409 5418 2616 5491 Μαρίαι
2664 5414 2790 5488 ἄρτι
2833 5412 2926 5466 τὸν
2958 5410 3188 5480 ἄγγελον
3221 5406 3506 5467 ἐπιστάντα
3530 5398 3606 5491 καὶ

2064 5515 2157 5585 τὸν
2200 5512 2346 5586 λίθον
2386 5489 2792 5566 ἀποκυλίσαντα
2822 5506 3145 5562 ἐθεάσαντοο
3192 5504 3261 5558 τὰ
3296 5501 3352 5556 δὲ
3382 5489 3603 5569 παράτῷ

460 5668 673 5742 (56-37)
710 5674 1081 5739 Quaestionem
1108 5674 1176 5728 de
1194 5673 1361 5728 Maria
1384 5673 1454 5728 ad
1472 5671 1683 5727 Domini
1705 5670 1869 5740 pedes
1890 5669 2207 5740 procidente
2237 5668 2501 5724 exscribit
2521 5666 2604 5722 rel
2628 5666 2872 5721 imitatur
2900 5663 3263 5733 Hieronymus
3288 5658 3437 5730 epist.
3458 5642 3594 5715 59.4-

397 5752 504 5796 ncc
532 5752 644 5793 non
665 5741 896 5797 Pbotius
926 5745 1083 5813 epist.
1111 5742 1237 5798 537.
