3868 6264
434 317 446 346 ,
497 279 610 334 935
1213 277 1480 332 BUSEBII
1513 275 1995 334 CESABIENSIS
2031 274 2180 332 OPP.
2223 277 2406 332 PARS
2445 277 2528 332 lll.
2563 308 2630 318 --
2666 276 3073 333 EXEGETICA.
3103 273 3112 286 ’
3570 289 3643 345 936

503 401 640 463 Sole,
677 417 707 458 a
734 401 937 469 juvene
957 400 1140 455 oblato
1168 399 1490 456 mulieribus
1523 398 1708 455 Mariae
1741 398 2047 469 Magdalena

2172 398 2450 461 νεανίσκος
2469 399 2496 450 ὁ
2519 396 2700 466 ὀφθεὶς
2721 400 2842 460 ταῖς
2864 394 3105 465 γυναιξὶν
3124 397 3189 466 τῇ
3211 396 3380 468 Μαρία
3401 402 3456 470 τῇ
3480 403 3643 472 Mam-

424 467 442 520 ’ί
503 500 557 545 et
593 467 777 546 Maria:
806 489 995 546 Jacobi
1039 501 1092 547 et
1132 490 1384 557 Salomaa,
1416 507 1538 562 quae
1575 507 1698 546 cum
1735 491 2047 546 aromatibu:

2171 489 2304 561 ληνῇ
2341 489 2434 542 καὶ
2465 491 2530 560 τῇ
2565 488 2750 560 Μαρίᾳ
2795 487 3047 557 Ἰακώβου
3085 489 3179 541 καὶ
3210 467 3456 563 Σαλώμῃ
3491 496 3534 547 αἶ
3561 467 3643 566 μετ’

420 592 429 624 .‘
501 589 786 646 venerant,
836 583 920 637 hae
983 583 1116 654 ipsa;
1173 586 1510 642 audierunt:
1541 605 1560 638 ‹
1597 585 1778 640 Nolite
1837 599 2047 654 expavel

2169 580 2473 652 ἀρωμάτων
2497 579 2742 632 ἐλθοῦσαι
2764 579 3002 650 ἥκουσαν
3020 619 3034 642 ,
3064 597 3082 630 ‹
3104 577 3192 649 Μὴ
3212 577 3548 648 ἐκθαμϐεῖσθε,
3575 588 3646 658 Ἰη.

501 687 686 739 scere;
731 670 921 728 Jesum
975 678 1223 745 quaeritis
1278 679 1618 735 Nazarenum
1671 678 2047 734 crucifixum.:

2171 665 2296 719 σοῦν
2309 665 2519 737 ζητεῖτε
2539 666 2628 719 τὸν
2644 666 2960 738 Ναζαρηνὸν
2971 665 3062 719 τὸν
3080 668 3476 738 ἐσταυρωμένον.
3489 692 3503 724 ι
3518 675 3644 730 Μέσοι

417 827 423 839 Δ,
501 761 662 819 Medii
693 774 873 820 autem
909 777 1039 822 sunt
1067 771 1244 841 angeli
1276 771 1376 837 illi,
1415 772 1509 842 qui
1544 772 1686 842 apud
1717 771 1981 827 Joannem
2016 781 2070 828 et

499 853 705 910 Lucam
739 865 1000 928 apparent
1046 877 1142 930 per
1179 862 1466 918 intervalla
1500 863 1839 934 singillatim.
1889 863 2070 934 Appa-

498 949 612 1007 ruit
661 951 808 1006 enim
855 968 981 1008 sero
1031 952 1396 1009 Sabbatorum
1443 956 1670 1025 angelus
1719 970 1861 1011 tuuis
1911 963 2067 1009 extra

498 1050 944 1111 monumentum;
984 1055 1107 1116 post
1139 1062 1300 1117 quem
1332 1048 1450 1118 ipse
1481 1046 1758 1102 Servator.
1785 1046 1942 1102 Mane
1975 1063 2070 1103 au-

496 1141 608 1192 tem
631 1135 743 1205 jam
769 1135 976 1202 adulto,
1003 1139 1096 1192 alii
1125 1139 1232 1195 duo
1255 1139 1398 1211 apud
1423 1139 1626 1198 Lucam
1653 1140 1757 1194 viri
1785 1141 2063 1212 appellati,

493 1223 644 1279 haud
673 1225 818 1279 intra
863 1236 1277 1283 monumentum
1318 1229 1444 1285 visi.
1494 1228 1784 1290 Extremus
1821 1231 2066 1288 omnium

494 1315 587 1372 ille
619 1316 879 1386 juvenis;
910 1327 966 1375 et
1003 1329 1130 1376 ante
1172 1321 1340 1386 hunc,
1387 1337 1489 1379 nec
1530 1338 1644 1377 non
1684 1331 1812 1378 ante
1850 1323 2001 1380 viros
2033 1338 2068 1383 a

495 1405 646 1463 Luca
679 1419 1031 1478 memoratos,
1068 1415 1178 1468 duo
1204 1414 1282 1467 illi
1312 1414 1456 1468 intra
1484 1423 1921 1470 monumentum.
2167 1397 2464 1467 μνήματοςο

565 1497 619 1552 3.
661 1495 838 1554 Lucas
885 1500 962 1554 ait
1012 1518 1121 1556 una
1165 1501 1528 1560 Sabbatorum
1578 1520 1736 1559 mane
1773 1505 2047 1576 perspicue

2231 1496 2308 1557 γ’.
2326 1491 2447 1544 Ὀτι
2469 1493 2497 1544 ὁ
2523 1491 2747 1556 Λουκᾶς·
2765 1493 2860 1562 μιᾷ
2887 1491 3034 1560 λέγει
3060 1491 3167 1546 τῶν
3191 1492 3482 1549 Σαϐϐάτων.
3504 1495 3652 1568 ὄρθρου

495 1585 689 1641 tulisse
720 1596 967 1642 aromata
991 1590 1245 1647 mulieres
1273 1591 1432 1660 duas,
1473 1609 1593 1665 quae
1619 1601 1820 1650 secutae
1850 1594 2047 1650 fuerant

2164 1581 2374 1652 βαθέος,
2408 1583 2591 1654 φέρειν
2614 1582 2877 1655 ἀρώματα
2905 1586 3163 1652 γυναῖκας
3193 1584 3284 1637 δύο
3307 1585 3400 1648 τὰς
3420 1585 3655 1656 ἀκολουθη-

492 1673 698 1741 Jesum,
740 1675 958 1733 Galilzea
988 1679 1273 1748 oriundos,
1304 1698 1532 1752 quaeque
1561 1682 1900 1738 deduxerant
1937 1685 2047 1755 ejus

2164 1674 2331 1737 σάσας
2363 1673 2543 1744 αὐτῷ,
2578 1674 2778 1738 αἵτινες
2818 1670 2958 1744 ἦσαν
3007 1675 3113 1728 ἀπὸ
3148 1676 3247 1746 τῆς
3284 1677 3541 1740 Γαλιλαίας
3569 1695 3656 1730 συν-

492 1762 655 1819 funus
679 1772 732 1820 et
755 1775 1017 1822 venerant
1039 1767 1104 1822 ad
1149 1737 1580 1828 monumentum.
1613 1770 1706 1829 Hae
1735 1737 2047 1843 duosadge

2159 1737 2604 1835 ακολουθήσασαι,
2623 1765 2708 1818 ὅτε
2724 1737 2952 1819 ἔθαπτον
2965 1765 3122 1819 αὐτὸν
3135 1737 3376 1819 ἐλθοῦσαι
3395 1766 3477 1818 ἐπὶ
3495 1737 3545 1819 τδ
3561 1767 3658 1836 μνῆο

488 1851 574 1910 los
603 1854 856 1911 viderunt
884 1858 988 1912 sibi
1008 1859 1293 1914 dicentes:
1325 1877 1345 1909 ι
1378 1859 1491 1916 Cur
1514 1861 1760 1933 quaeritis
1787 1863 2047 1918 viventem

2159 1873 2265 1928 μα·
2299 1857 2497 1922 αἵτινες
2523 1856 2616 1910 δύο
2647 1857 2910 1926 ἀγγέλους
2943 1853 3110 1924 εἶδον,
3156 1859 3206 1911 οἳ
3242 1860 3333 1911 καὶ
3381 1854 3543 1922 εἶπον,
3575 1859 3673 1910 «Ti'

493 1942 640 2000 inter
674 1949 962 2004 mortuos?
991 1965 1099 2004 non
1143 1957 1227 2005 est
1262 1951 1373 2015 hic,
1405 1951 1501 2008 sed
1557 1954 1816 2010 surrexit.
1850 1954 2047 2010 Recor-

2156 1948 2363 2020 ζητεῖτε
2389 1949 2482 2003 τὸν
2510 1948 2687 2014 ζῶντα
2721 1949 2858 2021 μετὰ
2883 1950 2991 2004 τῶν
3019 1950 3261 2022 νεκρῶν;
3293 1953 3388 2005 οὐκ
3422 1951 3547 2004 ἔστιν
3567 1945 3656 2015 ὧδε,

486 2036 693 2094 damini
731 2055 851 2109 quae
881 2041 1035 2097 vobis
1075 2042 1214 2103 dixit
1246 2043 1375 2098 dum
1406 2044 1687 2102 vobiscum
1720 2055 2047 2115 versaretur,

2153 2036 2267 2091 ἀλλ’
2290 2037 2496 2109 ἠγέρθη
2515 2055 2530 2070 ·
2570 2039 2842 2110 μνήσθητε
2870 2039 2945 2100 ὡς
2970 2039 3225 2109 ἐλάλησεν
3256 2041 3380 2109 ὑμῖν
3405 2039 3477 2093 ἔτι
3505 2039 3567 2092 ὢν
3589 2042 3657 2094 ὠν

487 2130 633 2199 quod
682 2147 876 2204 nempe
911 2141 1186 2204 oporteret
1217 2135 1424 2196 Filium,
1469 2136 1714 2197 hominis
1752 2142 1906 2212 pati;
1931 2161 1957 2195 ι
1999 2149 2047 2199 et

2153 2131 2281 2199 ὑμῖν
2307 2128 2510 2198 λέγων,
2535 2130 2616 2183 ὃτι
2639 2129 2720 2182 δεῖ
2745 2129 2936 2184 παθεῖν
2969 2131 3058 2184 τὸν
3085 2129 3210 2184 Υἰὸν
3236 2130 3508 2202 ἀνθρώπου
3525 2170 3538 2193 ,
3555 2151 3571 2182 ›
3593 2132 3660 2183 καὶ

485 2219 717 2291 reliqua.

2151 2219 2219 2273 τὰ
2252 2218 2404 2290 ἑξῆς.

555 2309 610 2366 4.
649 2309 887 2369 Joannes
915 2313 993 2368 ait
1032 2330 1141 2370 una
1181 2314 1544 2375 Sabbatorum
1571 2318 1792 2374 Mariam
1833 2319 2047 2392 Magda-

2153 2311 2158 2320 ’
2219 2311 2291 2364 δ’.
2329 2313 2730 2384 ὈτικἸωάννης
2762 2314 2906 2383 λέγει
2931 2317 2996 2386 τῇ
3030 2315 3126 2385 μιᾷ
3150 2314 3260 2367 τῶν
3280 2313 3549 2368 Bassam
3570 2314 3659 2366 Μα-

2169 759 2226 812 δὲ
2259 759 2308 811 οἱ
2351 756 2503 829 παρὰ
2542 757 2621 828 τῷ
2666 757 2883 830 Ἰωάννῃ
2915 758 3011 811 καὶ
3050 757 3126 828 τῷ
3154 759 3327 829 Λουκᾷ
3353 761 3435 814 καὶ
3453 763 3647 831 ὀφθέντες

2167 850 2308 903 κατὰ
2343 851 2530 922 καιρὸν
2564 851 2880 915 ἰδιάζοντεςι
2928 849 3095 921 ἐφάνη
3135 850 3229 920 μὲν
3259 850 3360 922 γὰρ
3380 853 3463 921 ὀψὲ
3487 855 3648 912 Σα66ά-

2166 957 2271 993 των
2294 941 2519 1009 ἄγγελος
2545 936 2624 1005 εἷς
2653 941 2816 1004 ἐκτὸς·
2833 941 2924 993 τοῦ
2959 942 3258 1011 μνήματος·
3289 942 3394 1011 μεθ’
3419 938 3470 998 οῦ
3492 946 3649 1001 καὶαύ-

2166 1031 2256 1095 τὸς
2283 1034 2311 1085 ὁ
2353 1033 2574 1105 Σωτήρ·
2610 1032 2804 1104 ὄρθρου
2838 1031 2894 1084 δὲ
2932 1031 3152 1102 βαθέος,
3186 1033 3354 1103 ἕτεροι
3383 1036 3425 1086 oi
3454 1036 3567 1089 κατὰ
3586 1039 3654 1092 τὸν

2164 1125 2378 1178 Λουκᾶν
2418 1123 2509 1177 δύο
2557 1124 2746 1196 ἀνδρες
2771 1124 3141 1195 ὠνομασμένοι
3171 1125 3268 1177 οὐκ
3299 1125 3416 1179 εἴσω
3440 1128 3519 1180 τοῦ
3553 1132 3649 1202 μνή-

2168 1231 2332 1285 ματος
2365 1213 2650 1282 ὀφθέντες·
2685 1214 2907 1284 ὖστερος
2939 1215 3190 1268 ἁπάντων
3229 1217 3258 1268 ὁ
3286 1216 3559 1282 νεανίσκος,
3586 1221 3652 1273 καὶ

2164 1307 2271 1378 πρὸ
2308 1306 2495 1360 τούτου
2528 1307 2622 1361 καὶ
2651 1306 2757 1361 τῶν
2789 1306 3046 1379 παρὰ-τῷ
3071 1309 3252 1379 Λουκᾷ
3278 1310 3322 1362 oi
3349 1307 3433 1363 δύο
3458 1310 3566 1364 εἵσω
3585 1312 3656 1366 τοῦ

485 2400 662 2456 lenam
687 2403 856 2458 solam
881 2406 1183 2462 accessisse
1204 2408 1271 2465 ad
1293 2418 1701 2468 monumentum
1726 2428 1849 2466 cum
1874 2413 2053 2470 adhuc

484 2493 717 2548 tenebrae
741 2504 962 2565 essent;
1000 2499 1206 2555 vidisse
1232 2502 1464 2574 lapidem
1497 2504 1772 2561 sublatum
1792 2523 1806 2571 ;
1829 2507 2050 2580 venisse

483 2581 553 2637 ad
601 2583 877 2642 Simonem
922 2598 1084 2660 atque
1108 2589 1392 2654 Joannem,
1437 2595 1635 2664 quibus
1683 2596 1798 2650 ait:
1837 2615 1856 2647 ι
1886 2595 2051 2653 Tule-

483 2683 612 2729 runt
640 2673 926 2733 Dominum
951 2681 1017 2735 de
1045 2694 1420 2750 monumento,
1443 2693 1496 2740 et
1526 2689 1712 2742 nescio
1740 2689 1829 2742 ubi
1849 2704 2048 2758 posue-

483 2774 612 2821 l'llll
643 2783 788 2824 eum.
820 2769 979 2826 Venit
1011 2788 1138 2844 ergo
1161 2773 1357 2830 Petrus
1387 2786 1546 2847 atque
1565 2776 1805 2835 Joannes
1833 2781 1897 2835 ad
1929 2797 2047 2836 mo-

483 2868 839 2930 numentum;
871 2884 890 2915 ι
925 2874 978 2918 et
1005 2867 1234 2935 reliqua.
1275 2867 1477 2923 Deinde
1507 2869 1875 2940 Magdalenam
1914 2873 2046 2928 flen-

483 2957 589 3006 tem
622 2953 843 3009 exhibet
871 2959 1236 3027 evangelista;
1277 2975 1438 3028 quam
1488 2969 1660 3015 semet
1691 2963 2040 3019 inclinantem

479 3043 685 3100 vidisse
710 3046 784 3100 ait
806 3051 944 3103 duos
989 3051 1210 3119 angelos
1253 3052 1525 3118 sedentes,
1557 3071 1722 3107 unum
1752 3055 1818 3109 ad
1852 3068 2038 3127 caput,
2071 3072 2114 3129 α

477 3135 706 3190 alterum
743 3138 810 3192 ad
840 3139 1003 3209 pedes
1023 3181 1037 3206 ,
1059 3142 1268 3210 sibique
1297 3143 1541 3199 dicentes
1571 3164 1584 3199 :
1623 3164 1640 3196 ι
1675 3145 1886 3213 Mulier,
1909 3149 2052 3217 quid.

475 3227 698 3294 ploras?
725 3248 744 3280 ι
777 3245 897 3299 quae
929 3231 1004 3285 ait
1035 3250 1048 3285 :
1080 3250 1098 3283 ‹
1132 3231 1397 3288 Tulerunt
1422 3233 1706 3289 Dominum
1748 3253 1948 3302 meum,
1987 3247 2048 3294 et

478 3317 666 3374 nescio
695 3319 784 3374 ubi
811 3331 1113 3390 posuerunt
1147 3341 1293 3381 eum.
1328 3345 1347 3378 ι
1382 3325 1506 3381 Mox
1541 3342 1805 3384 conversa
1832 3339 2048 3384 τριτον-ι.

476 3424 599 3464 sum
644 3410 778 3465 vidit
824 3412 1010 3468 Jesum
1069 3424 1324 3481 stantem,
1371 3433 1546 3488 neque
1601 3427 1780 3475 tamen
1831 3422 2038 3479 sciebat

472 3516 597 3555 eum
614 3517 735 3558 esse
750 3500 956 3560 Jesum.
981 3505 1116 3560 Dicit
1146 3516 1326 3563 autem
1349 3509 1400 3564 ei
1428 3507 1588 3564 Jesus
1618 3530 1630 3564 :
1661 3531 1680 3563 ‹
1706 3511 1917 3580 Mulier,
1939 3529 2040 3570 cur

472 3591 698 3662 ploras?
725 3611 883 3663 quem
911 3599 1149 3667 quaeris?
1177 3619 1195 3649 ι

544 3683 600 3740 5.
643 3683 938 3757 Ambigunt
993 3692 1239 3746 nonnulli
1297 3710 1530 3763 quonam
1576 3707 1734 3766 pacto
1769 3705 1880 3753 tres
1917 3697 2038 3753 dies

473 3783 771 3847 noctesque
799 3788 908 3834 tres
937 3781 1195 3838 absolutae
1224 3784 1444 3850 iuerint,
1481 3789 1556 3840 uti
1591 3789 1839 3857 praedixit
1877 3790 2036 3844 Chri-

472 3873 612 3930 stus,
639 3879 763 3924 ante
789 3869 1090 3928 faciendam
1117 3881 1592 3936 resurrectionem.
1617 3880 1787 3937 Porro
1817 3898 2032 3952 respon-

470 3954 602 4010 dere
635 3958 716 4012 sic
754 3958 896 4013 licet.
929 3961 1035 4014 Alii
1076 3979 1104 4015 a
1139 3973 1403 4034 tempore,
1438 3985 1546 4038 quo
1585 3969 1744 4027 Jesus
1785 3973 2034 4042 proditus

469 4042 594 4107 fuit,
625 4057 911 4100 numerant
944 4069 956 4104 :
985 4051 1074 4104 alii
1128 4069 1456 4122 parasceven
1505 4060 1560 4112 in
1607 4060 1716 4116 duo
1761 4061 2028 4127 dividunt,

467 4133 594 4202 quia
651 4150 760 4191 nox
812 4137 910 4192 fuit
965 4155 1264 4212 rursu5que
1315 4144 1449 4212 dies,
1496 4149 1621 4216 quia
1668 4151 1877 4207 scilicet
1937 4152 2032 4206 illa

465 4225 554 4281 die
584 4227 666 4282 sol
693 4228 1040 4297 obscuratus,
1073 4233 1251 4289 denuo
1275 4237 1491 4290 reluxit.
1531 4238 1665 4293 Exin
1695 4252 1775 4295 est
1809 4240 2028 4297 Sabbati

467 4313 584 4370 dies
621 4315 850 4388 integra,
881 4321 1108 4392 ejusque
1145 4338 1272 4379 nox.
1300 4326 1406 4380 Alii
1454 4337 1752 4398 supputant
1783 4345 2030 4400 parasce-

2155 2402 2274 2473 ρίαν
2301 2404 2398 2475 τὴν
2419 2405 2780 2477 Μαγδαληνὴν
2809 2406 2973 2477 μόνην
2991 2405 3244 2478 ἔρχεσθαι
3270 2406 3403 2477 πρὸς
3426 2406 3656 2475 τὺμνῆμα.

2151 2494 2366 2557 σκοτίας
2393 2495 2472 2548 ἐτι
2499 2494 2663 2566 οὔσης
2681 2537 2694 2560 ,
2731 2497 2825 2550 καὶ
2859 2497 3040 2567 βλέπει
3070 2498 3160 2551 τὸν
3196 2497 3345 2551 λίθον
3368 2497 3576 2569 ἠρμένον
3594 2498 3668 2549 καί

2147 2585 2362 2658 ἔρχεται
2413 2588 2547 2659 πρὸς
2577 2589 2794 2660 Σίμωνα
2827 2589 2920 2644 καὶ
2951 2590 3088 2661 πρὸς
3135 2590 3387 2661 Ἰωάννην
3419 2590 3503 2643 καὶ
3533 2589 3658 2655 λέγει,

2153 2697 2170 2729 ι
2193 2675 2372 2750 τΗραν
2400 2680 2491 2734 τὸν
2532 2680 2734 2753 Κύριον
2772 2681 2878 2734 ἀπὸ
2905 2681 2998 2734 τοῦ
3036 2684 3306 2752 μνημείου
3339 2683 3432 2736 καὶ
3467 2682 3552 2735 οὐκ
3577 2676 3669 2734 οἷδα

2145 2770 2247 2824 ποῦ
2285 2771 2485 2842 ἔθηκαν
2524 2773 2683 2827 αὐτόν
2706 2791 2718 2802 '
2751 2770 2912 2845 ἦλθεν
2953 2769 3044 2828 οὖν
3077 2776 3287 2846 Πέτρος
3321 2777 3413 2829 καὶ
3461 2776 3662 2842 Ἰωάννης

2144 2865 2234 2917 ἐπὶ
2264 2865 2322 2918 τὸ
2350 2868 2606 2936 μνημεῖον
2626 2907 2639 2930 ,
2665 2886 2683 2919 ι
2715 2867 2896 2921 καὶτὰ
2925 2867 3067 2936 ἑξῆς.
3104 2865 3239 2923 Εἶτα
3268 2870 3472 2938 εἰσάγει
3499 2868 3664 2922 κλαίου-

2145 2973 2240 3011 σαν
2275 2957 2372 3028 τὴν
2406 2959 2765 3029 Μαγδαληνὴν
2785 2999 2799 3022 ,
2842 2959 2935 3012 καὶ
2971 2960 3374 3029 παρακύψασαν
3409 2960 3523 3013 ἰδεῖν
3554 2959 3664 3024 λέγει

2145 3048 2234 3102 δύο
2259 3049 2529 3121 ἀγγέλους
2550 3049 2966 3121 καθεζομένους,
3000 3050 3094 3103 ἕνα
3126 3052 3265 3122 πρὸς
3293 3055 3358 3123 τῇ
3375 3047 3667 3119 κεφαλῇ,καλ

2146 3139 2241 3192 ἕνα
2273 3140 2410 3211 πρὸς
2438 3142 2549 3204 τοῖς
2575 3141 2729 3194 ποσίν
2747 3157 2760 3170 ⁸
2788 3141 2881 3194 καί
2911 3139 3155 3212 λέγουσιν
3176 3142 3318 3213 αὐτῇ
3345 3184 3357 3208 ,
3400 3162 3418 3193 ι
3440 3141 3607 3201 Γύναι,
3630 3137 3669 3188 τί

2146 3230 2381 3296 κλαίεις;
2413 3252 2431 3282 ι
2459 3235 2491 3303 ἡ
2517 3231 2572 3285 δὲ
2596 3227 2766 3294 εἶπεν,
2797 3251 2816 3283 ι
2836 3226 3018 3302 *Ηραν
3037 3233 3126 3285 τὸν
3148 3233 3356 3305 Κύριόν
3383 3249 3478 3304 μου
3500 3231 3578 3284 καὶ
3596 3229 3670 3283 οὐκ

2145 3319 2268 3396 οῖδα
2287 3322 2388 3376 ποῦ
2414 3323 2614 3395 ἔθηκαν
2637 3324 2817 3377 αὐτόν.
2846 3343 2864 3375 ι
2898 3321 3028 3377 Εἶτα
3051 3326 3299 3396 ἐστράφη
3331 3328 3409 3388 είς
3432 3323 3495 3376 τὰ
3514 3321 3670 3381 ὀπίσω,

2144 3416 2237 3470 καὶ
2261 3394 2409 3470 ἐἶδεν
2455 3417 2544 3469 τὸν
2589 3415 2793 3486 Ἰησοῦν
2823 3417 3054 3469 έστῶτα’
3093 3418 3187 3469 καὶ
3218 3417 3323 3470 οὐκ
3352 3416 3464 3487 ᾔδει
3489 3416 3561 3468 ὅτι
3593 3412 3674 3479 ἰη-

2145 3507 2269 3571 σοῦς
2290 3510 2432 3562 ἐστιν
2452 3525 2467 3537 ·
2501 3510 2529 3561 ὁ
2559 3507 2616 3560 δὲ
2649 3505 2852 3578 Ἰησοῦς
2884 3506 3049 3576 λέγει,
3092 3526 3110 3558 ι
3136 3506 3341 3570 Γύναι,
3385 3504 3670 3567 τίκλαίειῃ

2141 3599 2262 3652 τίνα
2289 3599 2468 3669 ζητεῖς
2484 3616 2497 3663 ;
2523 3617 2540 3649 ι

2211 3690 2269 3736 ε’.
2298 3685 2414 3738 Ὅτι
2439 3684 2701 3754 ἀποροῦσί
2724 3702 2867 3748 τινες
2898 3685 2973 3749 ὡς
3012 3690 3160 3757 τρεῖς
3193 3691 3403 3760 ἡμέραι
3433 3691 3520 3742 καὶ
3559 3689 3670 3758 τρεῖς

2141 3775 2329 3838 νύκτες
2355 3774 2700 3846 πληροῦνται,
2731 3773 2909 3837 καθὼς
2933 3770 3084 3829 εἶπεν
3105 3778 3364 3848 Χριστὸς,
3389 3780 3443 3831 αἱ
3467 3778 3555 3848 τῆς
3574 3777 3671 3828 ἁνα-

2142 3867 2379 3929 στάσεως
2397 3881 2417 3897 ο
2446 3866 2540 3919 καὶ
2567 3865 2710 3917 ἐστιν
2737 3866 2909 3917 εἰπεῖν
2933 3865 3062 3936 (41)·
3095 3867 3143 3919 οἱ
3178 3869 3282 3937 μὲν
3316 3868 3426 3922 ἀπὸ
3450 3869 3541 3937 τῆς
3569 3881 3668 3934 προ-

2138 3959 2318 4022 δοσίας
2340 3975 2354 3988 ο
2383 3960 2431 4010 οί
2461 3957 2516 4010 δὲ
2541 3957 2638 4026 τὴν
2665 3957 3020 4027 Παρασκευὴν
3057 3959 3136 4022 είς
3163 3959 3261 4012 δύο
3291 3955 3671 4020 ποιοῦσιν,,ὲπεὶ

2138 4050 2232 4116 νὺξ
2266 4050 2484 4118 γέγονεν
2527 4049 2619 4100 καὶ
2669 4049 2828 4101 πάλιν
2876 4050 3057 4121 ἡμέρα
3079 4067 3092 4081 ·
3125 4051 3183 4104 ὲν
3223 4053 3414 4124 ἐκείνῃ
3439 4055 3500 4121 τῇ
3529 4048 3671 4119 ἡμέρᾳ

2137 4144 2227 4198 τοῦ
2253 4144 2403 4213 ἡλίου
2431 4141 2798 4203 σκοτισθέντος
2823 4143 2914 4195 καὶ
2935 4141 3094 4196 πάλιν
3114 4144 3562 4215 ἀναφλεχθέντος·
3583 4137 3672 4193 εἶτα

2136 4235 2168 4304 ἡ
2201 4230 2293 4284 τοῦ
2327 4231 2599 4284 Σαϐϐάτου
2631 4230 2809 4300 ἡμέρα
2841 4230 2933 4301 ὂλη
2984 4230 3076 4282 καὶ
3116 4233 3148 4300 ἡ
3197 4232 3302 4298 νὺξ
3337 4233 3522 4300 αὐτῆς,
3551 4230 3599 4282 οξ

2137 4323 2346 4393 ἡμέραν
2379 4321 2476 4390 μὲν
2499 4318 2594 4390 τὴν
2623 4318 2976 4389 Παρασκευὴν
3007 4319 3133 4390 ὃλην
3158 4322 3257 4373 καὶ
3281 4322 3386 4393 τὴν
3417 4319 3572 4373 νύκτα
3596 4315 3668 4369 αὑ-

399 4477 402 4480 ,
463 4421 567 4463 ven
597 4417 785 4475 totam,
815 4412 955 4468 diem
987 4423 1335 4487 noctemque;
1371 4419 1664 4474 Sabbatum
1691 4422 1818 4477 item
1847 4432 2018 4477 totum

2149 4417 2244 4486 τῆς,
2272 4411 2546 4466 Σάϐϐατον
2567 4411 2684 4464 ὅλον
2708 4413 2800 4464 καὶ
2831 4411 2926 4482 τὴν
2960 4411 3130 4465 νύκτα
3157 4415 3332 4466 αὐτοῦ
3351 4433 3363 4444 ·
3397 4416 3492 4482 τῆς
3516 4412 3564 4463 δὲ
3587 4411 3670 4461 Κυ-

2258 4506 2283 4516 -
2410 4503 2421 4516 .
2530 4505 2540 4516 .
2631 4502 2641 4516 .
2769 4505 2781 4516 .
2857 4505 2870 4516 .
2940 4502 2952 4516 .
3273 4505 3299 4514 -
3445 4504 3487 4516 ,,
3626 4498 3636 4516 ,

463 4500 690 4571 ejusque
739 4513 992 4573 noctem;
1049 4507 1340 4566 Dominicae
1399 4521 1576 4566 autem
1625 4515 1729 4570 diei
1779 4515 2017 4580 initium,

2149 4506 2326 4576 ιιακῆς
2370 4503 2467 4574 τὴν
2519 4502 2688 4574 ἀρχὴν
2736 4505 2815 4566 εἰς
2848 4502 3060 4575 ἡμέραν
3095 4505 3397 4575 μετροῦσιν
3442 4504 3585 4573 ὅληνο

461 4594 584 4649 loco
619 4595 842 4666 integra:
879 4598 987 4653 diei
1033 4603 1350 4670 metiuntur,
1386 4621 1491 4674 qua
1528 4605 1820 4676 incipiente
1863 4607 2023 4662 Chri-

2149 4597 2437 4673 ιρξαμένης
2469 4594 2567 4666 ἤδη
2598 4595 2721 4648 τότε
2763 4596 2791 4648 ὁ
2826 4596 3058 4666 Χριστὸς
3101 4597 3316 4668 ἠγέρθη
3336 4615 3350 4627 ·
3387 4596 3524 4649 οὕτω
3557 4594 3670 4692 τρεῖς

460 4692 578 4749 stus
603 4689 861 4743 surrexit.
909 4690 1085 4759 Atque
1133 4693 1205 4747 ita
1249 4705 1359 4751 tres
1396 4697 1510 4752 dies
1540 4697 1747 4752 dicunt.
1781 4698 1940 4754 Certe
1971 4706 2023 4753 et

2149 4691 2336 4763 ιμέρας
2365 4687 2628 4756 λέγουσιν.
2650 4686 2801 4739 Ἐπεὶ
2833 4687 2923 4739 καὶ
2955 4687 3045 4739 ἐπὶ
3076 4687 3289 4758 νεκρῶν
3337 4689 3432 4741 καὶ
3475 4686 3560 4738 ἐπὶ
3587 4686 3668 4735 τῶν

459 4777 517 4830 in
544 4781 775 4835 mortuis
825 4797 888 4835 ac
926 4783 980 4835 in
1016 4787 1206 4842 recens'
1255 4791 1395 4843 natis
1440 4785 1623 4859 pueris
1658 4793 1732 4846 ita
1785 4793 2021 4847 solemus

2149 4779 2420 4854 ιρτιγενῶν
2450 4777 2656 4831 παίδων
2685 4777 2855 4841 οὕτως
2887 4782 3103 4849 μετρεῖν
3144 4779 3268 4843 ἔθος
3303 4780 3436 4851 ὅλην
3472 4777 3667 4848 ἡμέραν,

458 4878 630 4926 totam
660 4872 800 4928 diem
838 4878 1038 4944 metiri,
1101 4881 1214 4934 sive
1246 4881 1500 4936 nativitas
1550 4885 1840 4955 contigerit
1879 4886 2014 4941 hora

2149 4891 2206 4928 τε
2247 4873 2345 4944 τὴν
2386 4872 2494 4926 ἀπὸ
2535 4873 2632 4941 τῆς
2673 4869 2905 4941 δεκάτης
2933 4870 3079 4940 ὧρας
3110 4871 3434 4942 ἀρξαμένην
3459 4869 3668 4974 γέννησιν

452 4964 687 5025 decima.
716 4965 830 5021 sive
859 4965 946 5023 die
975 4970 1311 5026 exordiente.
1348 4971 1439 5028 Sic
1470 4974 1630 5029 etiam
1662 4977 1891 5032 mortuis
1919 4986 2016 5033 ter-

2149 4965 2450 5037 ιετροῦμεν,
2481 4962 2513 5033 ἢ
2549 4963 2646 5033 τὴν
2681 4962 2790 5014 ἀπὸ
2819 4961 2918 5030 τῆς
2947 4962 3121 5032 ἀρχῆς
3146 4965 3247 5032 τῆς
3280 4964 3498 5034 ἡμέρας
3531 4960 3668 5068 ἀρξα-

453 5055 528 5109 tia
563 5055 651 5112 die
691 5064 744 5111 et
767 5074 909 5125 nona
953 5066 1008 5114 et
1043 5062 1457 5134 quadragesima
1494 5064 1718 5122 inferias
1752 5069 2018 5138 legitimas

2149 5060 2290 5131 ιένην
2335 5059 2618 5129 γέννησιν⁶
2650 5058 2850 5128 ὁμοίως
2897 5057 2990 5111 καὶ
3021 5059 3111 5111 ἐπὶ
3133 5058 3352 5129 νεκρῶν
3389 5057 3490 5128 ετὴν
3516 5055 3669 5158 τρίτην

454 5145 704 5212 ferimus,
739 5149 882 5204 haud
935 5159 1047 5206 tota
1095 5157 1251 5208 tertia
1291 5169 1415 5210 cum
1461 5172 1560 5211 sua
1611 5166 1791 5224 nocte,
1842 5174 2019 5229 neque

2149 5152 2329 5223 ιμέραν
2383 5151 2478 5204 καὶ
2507 5151 2603 5221 τὴν
2630 5151 2824 5221 ἐνάτην
2874 5151 2966 5202 καὶ
3008 5151 3106 5219 τὴν
3149 5148 3593 5222 τεσσαρακοστὴν

449 5242 564 5292 tota
592 5253 734 5292 nona
766 5254 889 5294 cum
933 5256 1031 5296 sua
1068 5243 1194 5297 item
1236 5253 1414 5310 nocte,
1448 5262 1622 5316 neque
1655 5255 1765 5304 tota
1794 5250 2019 5320 quadra-

2151 5241 2477 5312 ενομισμένα
2532 5239 2840 5302 ποιοῦντες·
2886 5241 2983 5310 οὐχ
3031 5241 3161 5312 ὅλην
3188 5241 3293 5311 τὴν
3340 5239 3530 5312 τρίτην
3562 5239 3669 5338 μετὰ

453 5324 659 5392 gesima
709 5328 962 5384 similiter
989 5345 1113 5386 cum
1151 5349 1250 5388 sua
1279 5345 1457 5401 nocte,
1492 5339 1589 5393 sed
1619 5341 1790 5396 initiis
1819 5352 2018 5397 morta-

2149 5333 2214 5404 ἦς
2250 5332 2441 5394 νυκτὸς
2482 5332 2679 5402 αὐτῆς·
2714 5332 2834 5384 οὐδὲ
2869 5332 2994 5403 ὅλην
3026 5332 3124 5403 τὴν
3162 5333 3370 5404 ἐνάτην
3434 5330 3565 5402 μετὰ
3594 5327 3670 5394 τῆς

454 5413 587 5477 lium
633 5416 841 5474 dierum
905 5424 1188 5491 spectatis,
1242 5425 1391 5494 justa
1445 5429 1798 5498 absolvimus,
1854 5434 2015 5505 idque

2152 5424 2322 5488 ίκείας
2343 5423 2535 5486 νυκτὸς
2552 5425 2720 5494 αὐτῆς
2737 5441 2751 5455 ·
2777 5424 2896 5478 οὐδὲ
2916 5425 3014 5494 τὴν
3035 5425 3485 5496 τεσσαρακοστὴν
3499 5419 3669 5494 ὁμοίως

451 5509 670 5572 tempus
693 5523 791 5578 pro
827 5510 916 5566 die
939 5511 1144 5586 integra
1181 5515 1442 5573 habemus
1469 5525 1629 5588 atque
1669 5523 1940 5581 metimur.

2149 5515 2243 5585 λην
2281 5514 2418 5586 μετά
2441 5515 2632 5578 νυκτὸς
2661 5515 2858 5586 αὐτῆςο
2887 5516 3022 5569 ἀλλὰ
3049 5518 3148 5581 τὰς
3173 5518 3356 5587 ἀρχὰς
3380 5516 3490 5568 τῶν
3512 5512 3667 5570 τελευ-

2117 5606 2281 5659 ταίων
2324 5605 2542 5678 ἡμερῶν
2594 5605 2824 5678 ὁρῶντες
2865 5607 3187 5678 ἐπιτελοῦμεν
3217 5609 3292 5661 τὰ
3323 5605 3664 5679 πραττόμενα.

2117 5697 2244 5753 ὅλην
2271 5700 2479 5756 ἡμέραν
2501 5699 2702 5768 ταύτην
2730 5701 2821 5753 καὶ
2859 5702 3179 5771 μετροῦντες
3202 5703 3303 5755 καὶ
3330 5699 3664 5770 λογιζόμενοιο
