3868 6264
189 348 280 406 957
1005 348 1507 406 SUPPLEMENTA
1545 346 2028 418 QUAESTIONUM‘
2055 347 2146 401 AD
2185 344 2627 402 STEPHANUM‘.

3320 346 3426 404 958'

180 469 185 518 ἱ
246 462 315 528 ς’.
352 459 489 514 Ἀλλ’
521 461 642 514 ἐπει
691 460 924 532 Χριστός
973 480 1158 534 φησιν,
1180 468 1328 536 τρεῖς
1376 464 1589 536 ἡμέρας
1645 464 1727 516 καῖ

1925 459 1979 516 6.
2015 457 2121 515 Sed
2147 460 2403 530 quoniam
2449 453 2706 523 Christus
2741 459 2954 518 dixerat
2981 461 3047 524 ⁸⁸,
3081 460 3260 517 tribus
3303 462 3420 518 die—

183 557 317 628 τρετς
359 551 558 617 νύκτας
604 555 661 605 ὲν
707 556 774 624 τῇ
823 553 1020 626 καρδίᾳ
1039 556 1136 625 τῆς
1166 556 1266 627 γῆς
1292 555 1506 628 ἔσομαι,
1538 555 1652 608 ἐστι
1683 555 1739 608 δὲ

182 649 338 710 οὓτως
367 647 538 699 εἰπεῖν
571 643 702 714 (41)·
730 641 838 716 ἄρα
880 647 928 699 εἰ
962 646 1243 719 χρεώστην
1275 648 1738 718 ἐπαγγειλάμενον

180 735 248 808 τῷ
271 735 445 806 οἰκείῳ
474 735 723 806 δανειστῇ
763 737 899 804 μετὰ
923 741 1072 808 τρεῖς
1095 739 1308 810 ἡμέρας
1340 739 1646 811 πληρώσειν
1676 739 1737 793 τὸ

179 828 341 901 χρέος,
373 827 478 896 πρὸ
509 827 608 896 τῆς
637 827 972 900 προθεσμίας
1005 829 1365 901 πληρώσαντα
1390 831 1733 902 θεασάμενοι,

175 919 243 983 ὡς
272 918 605 988 ψευσάμενον
637 918 950 992 κρινοῦμεν,
981 921 1014 992 ἢ
1043 921 1116 985 ὡς
1143 922 1302 976 πλέον
1327 923 1730 994 ἀληθεύσαντα;

179 1012 275 1064 Καὶ
306 1009 508 1072 ἄλλως·
543 1013 591 1062 εί
625 1009 816 1064 θᾶττον
844 1012 877 1083 ἢ
913 1011 1024 1082 (42)
1057 1008 1229 1079 εἷπεν,
1249 1015 1467 1084 ἀνέστη,
1495 1015 1673 1068 πλέων
1698 1018 1731 1086 ἡ

177 1103 403 1174 δύναμις,
438 1103 532 1156 καὶ
557 1102 808 1174 ἔγκλημα
852 1106 952 1158 οὐκ
996 1105 1128 1176 ἔχει·
1163 1106 1224 1159 τὸ
1271 1107 1326 1160 δὲ
1368 1107 1600 1178 βράδιον,
1632 1108 1734 1160 ὺπ-

179 1194 316 1264 σψίας
347 1193 504 1263 γέμει
527 1194 622 1246 καὶ
649 1193 840 1263 ψεῦδος
867 1194 1137 1262 λογίζεται
1163 1196 1478 1266 γιγνόμενον
1497 1212 1510 1225 ο
1537 1194 1732 1264 ψεῦδος

182 1289 283 1359 μὲν,
311 1287 388 1338 ὄτι
423 1285 704 1356 παρῆλθεν
746 1288 774 1339 ό
816 1286 1024 1357 λεχθεὶς
1071 1288 1226 1358 ὄρος⁸
1265 1286 1504 1339 ὕποπτον
1543 1287 1620 1351 δὲ,
1646 1288 1730 1339 ὃτι

178 1380 271 1434 τῶν
290 1379 537 1448 φυλάκων
563 1379 1052 1451 ἀναχωρησάντων,
1081 1379 1253 1452 κλοπὴ
1277 1379 1337 1432 τὸ
1359 1380 1588 1451 πρᾶγμα
1613 1381 1729 1434 svo-

181 1469 324 1543 μίσθη
361 1471 443 1525 ἄν.

1852 553 1955 608 bus
1979 552 2260 621 tribusque
2287 552 2541 608 noctibus
2571 567 2630 608 se
2666 553 2722 606 in
2753 551 2918 607 corde
2964 561 3123 610 terra:
3150 551 3418 620 futurum,

1838 644 1986 698 lubet
2031 644 2106 698 ita
2143 644 2454 699 disserere:
2485 644 2679 714 siquis
2728 659 2836 698 aere
2887 644 3068 699 alieno
3115 644 3416 700 obstrictus

1839 735 2098 791 creditori
2150 751 2250 791 suo
2300 737 2619 808 recepisset.
2655 751 2714 792 se
2746 746 2869 806 post
2909 721 3020 794 tres
3050 737 3167 792 dies
3215 738 3416 792 solutu-

1836 844 1996 894 rum;
2039 829 2208 896 hunc,
2250 828 2494 899 inquam,
2536 829 2582 884 si
2617 836 2747 884 ante
2793 813 3103 884 condictam
3149 829 3290 884 diem
3338 844 3414 885 aes

1836 923 1972 978 illud
2009 924 2309 979 dissolvere
2339 922 2673 986 videremus,
2700 922 3088 977 mendacemne
3129 939 3200 978 an
3242 923 3414 977 multo

1835 1015 2172 1071 veraciorem
2229 1015 2647 1085 judicaremus?
2711 1013 3002 1080 Praaterea,
3061 1015 3109 1071 si
3160 1015 3414 1072 Christus

1834 1109 2012 1172 ocios,
2062 1124 2223 1178 quam
2261 1108 2646 1178 spoponderat,
2701 1108 3021 1174 resurrexit,
3063 1109 3237 1176 major
3284 1108 3415 1164 hinc

1833 1199 2009 1254 virtus
2029 1199 2310 1263 elucescit,
2333 1199 2531 1254 nedum
2557 1199 2708 1253 locus
2749 1198 3153 1267 reprehensioni
3177 1207 3278 1255 est.
3316 1198 3415 1254 Su-

1834 1289 2009 1358 Spicio
2031 1300 2222 1343 contra
2249 1298 2413 1358 atque
2442 1288 2788 1343 mendacium
2833 1305 2896 1342 ex
2931 1289 3188 1344 tarditate
3220 1304 3419 1346 conse-

1834 1380 2144 1450 quebantur
2189 1401 2201 1435 :
2252 1381 2617 1449 mendacium,
2658 1381 2784 1453 quia
2825 1382 3112 1437 condictus
3151 1382 3418 1438 terminus

1832 1469 2025 1523 fuisset
2055 1470 2306 1538 elapsus;
2339 1470 2602 1540 suspicio,
2639 1471 2792 1541 quia,
2826 1470 3208 1529 recedentibus
3238 1481 3417 1528 custo-

1832 1560 2016 1626 dibus,
2047 1577 2112 1617 ea
2142 1577 2231 1619 res
2265 1560 2400 1617 furti
2426 1562 2624 1618 fuisset
2651 1564 2985 1620 insimulata.

1409 1716 1770 1772 EXPLICIT
1797 1716 2164 1776 EPITOME.

1486 2087 2010 2182 LECTORI

239 2279 493 2338 Hactenus
522 2284 788 2338 edidimus
826 2285 1127 2338 continuam
1159 2293 1313 2354 atque
1346 2281 1615 2336 illibatam
1657 2280 1949 2336 Eusebiani
1987 2283 2161 2350 operis
2189 2283 2419 2351 priscam
2458 2294 2508 2340 et
2556 2288 2874 2356 praeclaram
2916 2288 3220 2358 Epitomen,
3254 2299 3410 2360 prout

177 2391 230 2428 ea
269 2385 340 2430 est
378 2378 432 2430 in
477 2376 836 2446 pulcherrimo
877 2377 1052 2431 codice
1093 2375 1344 2429 Palatino
1395 2374 1517 2431 Vat.
1565 2371 1782 2438 CCXX,
1851 2391 1885 2427 α
1927 2373 1969 2442 f.
2017 2375 2078 2429 61
2125 2392 2286 2446 usque
2329 2377 2398 2430 ad
2429 2377 2518 2446 96,
2558 2380 2647 2433 ubi
2680 2397 2808 2450 opus
2841 2398 3023 2450 reapse
3046 2383 3403 2445 concluditur,

179 2468 348 2522 relictis
374 2468 618 2536 deinceps
662 2470 868 2539 paginis
896 2470 1067 2536 puris.
1102 2466 1342 2522 Fuerunt
1371 2475 1567 2528 autem,
1604 2474 1658 2518 ut
1706 2464 1952 2529 vidimus,
1983 2469 2298 2536 quastiones
2343 2485 2451 2534 xx;
2495 2473 2695 2526 scilicet
2741 2472 2811 2526 ad
2836 2472 3160 2543 Stephanum
3189 2488 3302 2540 xvt,
3337 2476 3406 2528 ad

179 2558 424 2614 Marinum
465 2577 544 2618 iv.
588 2560 904 2631 Quanquam
932 2577 1049 2615 vero
1089 2560 1251 2614 variis
1297 2575 1361 2613 ea:
1402 2556 1635 2626 fontibus
1672 2555 1820 2609 nobis
1865 2559 2201 2624 suppetebant
2227 2559 2500 2631 utriusque
2525 2563 2698 2630 partis
2729 2562 3106 2630 supplementa,
3141 2563 3405 2617 noluimus

178 2673 228 2710 ea
252 2673 359 2709 cum
390 2654 638 2727 Epitome
670 2656 980 2717 admiscere,
1006 2672 1068 2708 ne
1096 2654 1278 2720 scripti
1317 2667 1408 2739 per
1438 2668 1491 2705 se
1521 2650 1761 2703 concinni
1795 2658 1844 2703 et
1875 2649 2095 2718 perfecti
2130 2651 2318 2704 seriem
2362 2653 2747 2722 quodammodo
2780 2655 2861 2710 his
2890 2656 3099 2710 insertis
3128 2656 3406 2725 perturba-

180 2767 348 2804 remus.
397 2747 557 2802 Nunc
597 2758 770 2802 tamen
809 2747 1168 2816 supplementa
1206 2761 1322 2817 qua’
1358 2743 1646 2797 invenimus
1686 2751 1795 2794 tum
1830 2744 2179 2810 quaestio-num
2211 2746 2279 2800 ad
2323 2744 2646 2815 Stephanum
2691 2757 2801 2800 tum
2837 2750 2998 2802 etiam
3037 2750 3104 2802 ad
3133 2748 3405 2804 Marinum

178 2841 470 2896 subtexcnda
509 2851 658 2896 sunt.
699 2839 761 2892 Et
792 2841 1017 2910 primunt
1063 2840 1224 2893 lautae
1263 2839 1461 2906 aliquot
1507 2844 1682 2904 partes
1720 2848 1785 2886 ea:
1828 2850 2023 2904 magna
2070 2854 2170 2893 ms.
2217 2846 2403 2891 catena
2451 2837 2655 2892 Niceta:
2686 2839 2753 2892 ad
2802 2840 3000 2894 Lucam
3039 2841 3096 2894 in
3128 2841 3303 2897 codice
3333 2844 3400 2905 Α,

178 2952 253 2988 seu
294 2935 404 2989 Vat.
446 2934 612 2997 16H,
656 2951 787 3003 quas
819 2951 921 2988 non
954 2949 1018 2986 ea:
1051 2933 1285 3001 Epitome
1321 2930 1411 2985 sed
1441 2945 1504 2984 ea:
1532 2929 1734 2997 integro
1771 2942 1920 2994 opere
1946 2926 2216 2999 decerptus
2252 2930 2418 3000 fuisse
2449 2940 2701 2999 apparet;
2731 2947 3029 3002 quanquam
3069 2935 3176 3001 ipse
3203 2951 3406 3005 quoque

182 3026 371 3084 Nicetas
400 3031 608 3084 videtur
633 3030 914 3094 interdum,
949 3039 1005 3081 ut
1035 3032 1096 3098 ﬁt
1126 3036 1177 3084 in
1207 3035 1428 3094 catenis,
1466 3034 1749 3089 Eusebium
1777 3031 2108 3097 diminuere;
2136 3034 2286 3103 cujus
2314 3035 2390 3088 rei
2424 3034 2678 3087 indicium
2731 3043 2827 3098 est,
2860 3033 2999 3103 quod
3029 3035 3316 3104 aliquando
3350 3038 3403 3090 in

179 3121 388 3188 Epitome
443 3131 573 3176 sunt
633 3123 830 3190 aliquot
873 3125 1168 3191 particulae,
1230 3144 1360 3196 quas
1408 3126 1623 3182 Nicetas
1685 3127 1948 3180 subtrahit
1991 3142 2008 3179 :
2049 3129 2149 3181 etsi
2195 3128 2393 3199 alioqui
2437 3129 2493 3183 in
2541 3126 2778 3181 laudatis
2818 3145 2850 3181 a
2881 3126 3071 3182 Niceta
3131 3129 3394 3199 partibus,

178 3211 407 3267 Eusebius
450 3216 759 3286 plerumque
805 3216 999 3287 integer
1044 3228 1142 3284 est,
1186 3228 1235 3272 et
1283 3219 1470 3290 ubique
1511 3220 1734 3288 plenior.
1798 3217 1955 3272 Nunc
2000 3219 2165 3290 igitur
2191 3223 2366 3291 priore
2413 3220 2527 3275 loco
2567 3221 2926 3290 supplementa
2962 3222 3306 3291 quaestionum
3335 3220 3404 3277 nil

178 3302 496 3372 Stephanum.

1089 3514 1568 3605 EUSEBII
1666 3517 2477 3609 CIESARIENSIS

397 3703 514 3766 EX
570 3701 1100 3768 INTEGRIORE
1143 3703 1425 3765 OPERE
1460 3705 2034 3780 QUAESTIONUM
2071 3709 2800 3772 EVANGELICARUM
2830 3709 3156 3770 PARTES

1187 3871 1254 3931 in
1282 3870 1514 3935 Nicetce
1556 3871 1790 3931 Catena
1821 3891 1934 3933 ms.
1982 3874 2064 3935 ad
2095 3873 2346 3936 Lucam.

1757 4029 1830 4042 —

233 4118 295 4169 a'.
335 4113 441 4183 (45)
480 4115 620 4184 Περὶ
664 4113 721 4165 δὲ
764 4112 857 4165 τοῦ
909 4112 998 4164 τὸν
1028 4110 1305 4165 Ματθαῖον
1354 4111 1558 4168 ἄνωθεν
1597 4132 1727 4168 κατ-

1901 4118 1956 4174 1.
1990 4114 2148 4182 Quod
2201 4112 2491 4168 Matthaaus
2541 4127 2779 4183 superne
2824 4111 3204 4167 successiones
3233 4110 3406 4166 dedu-

173 4203 308 4271 ἁγειν
337 4207 434 4269 τὰς
465 4205 737 4275 διαδοχὰς,
766 4204 856 4257 τὸν
888 4205 945 4256 δὲ
971 4206 1179 4257 Λουκᾶν
1207 4204 1472 4258 ἀνάπαλιν
1497 4223 1726 4277 πεποιη-

174 4297 329 4361 κέναι,
360 4299 486 4369 μίαν
531 4300 625 4352 καὶ
654 4299 750 4369 τὴν
792 4297 960 4368 αὐτὴν
1000 4297 1114 4350 ὁδὸν
1159 4297 1542 4368 πορευθέντας,
1577 4302 1726 4354 οὐδὲν

173 4390 562 4462 ἐπιμέμφεσθαι
594 4390 702 4442 δεῖ·
735 4389 857 4442 ἐπεὶ
892 4391 982 4442 καὶ
1010 4390 1136 4453 τοὺς
1169 4390 1368 4460 ἀνάντη
1410 4393 1502 4443 καὶ
1546 4391 1727 4464 ὄρθιον

176 4482 381 4552 πορείαν
413 4484 682 4545 ἀνιόντας,
715 4483 808 4535 καὶ
860 4483 985 4545 τοὺς
1031 4482 1264 4552 ἔμπαλιν
1311 4481 1400 4535 διὰ
1431 4483 1528 4553 τῆς
1559 4484 1727 4553 αὐτῆς

172 4574 457 4640 κατιόντας,
485 4575 586 4627 οὐκ
636 4575 700 4628 ἄν
751 4592 833 4637 τις
882 4574 1073 4644 ἑτέραν
1119 4574 1251 4643 φαίη
1308 4573 1560 4643 βαδίζειν,
1600 4578 1728 4644 μιᾶς

170 4663 480 4738 ἀμφοτέροις
515 4665 771 4735 κειμένης
798 4667 910 4727 τοῖς
932 4681 991 4716 τε
1021 4663 1228 4719 ἀνιοῦσι
1253 4664 1344 4716 καὶ
1372 4667 1484 4728 τοῖς
1511 4665 1727 4718 κατιοῦ-

171 4771 216 4808 σι
238 4758 441 4829 τρίϐου.
469 4759 573 4812 Τὸν
621 4758 782 4812 αὑτὸν
828 4757 958 4826 γοῦν
1004 4758 1204 4828 τρόπον
1245 4759 1336 4809 καὶ
1368 4757 1459 4810 ἐπὶ
1486 4757 1583 4828 τῆς
1618 4759 1726 4812 τῶν

170 4850 325 4916 γενῶν
355 4852 602 4923 διαδοχῆς
635 4852 915 4923 πάρεστιν,
944 4851 1050 4921 ὅτῳ
1080 4850 1229 4919 φίλον
1256 4851 1341 4902 ἐπ’
1371 4850 1617 4915 ἐξουσίας
1639 4851 1726 4904 διὰ

173 4943 269 4996 τῶν
297 4945 494 5007 αὐτῶν,
528 4947 640 5007 τοῖς
669 4945 766 5015 μὲν
796 4943 1038 4996 κάτωθεν
1084 4943 1174 4996 ἐπὶ
1218 4944 1345 5005 τοὺς
1375 4942 1560 5013 πρόσω
1584 4943 1728 4995 ἀνιέ-

170 5049 266 5098 ναι,
295 5038 402 5098 τοῖς
425 5036 480 5088 δὲ
514 5035 628 5089 ἀπο
645 5035 752 5088 τῶν
774 5033 977 5088 ἄνωθεν
1000 5033 1354 5104 προπατόρων
1381 5032 1721 5103 ἀρξαμένοις,

168 5125 252 5180 ἐπὶ
293 5129 416 5191 τοὺς
455 5127 717 5191 ὑστάτους
746 5126 1102 5196 καταλήγεινο
1136 5119 1287 5187 οὗτος
1311 5125 1367 5178 δὲ
1392 5126 1484 5178 καὶ
1511 5126 1724 5195 πόρρω-

168 5217 248 5271 θεν
281 5218 549 5290 Ἑὸραίοις
581 5219 729 5289 φίλος
753 5215 820 5289 ἦν
847 5219 874 5270 ὁ
904 5217 1121 5288 τρόπος,
1152 5225 1280 5280 etc.,
1306 5226 1362 5270 ut
1393 5219 1448 5270 in
1471 5217 1724 5286 impressa

165 5309 347 5364 anobis
380 5313 623 5380 epitome,
657 5311 756 5365 col.
792 5310 915 5373 89-1,
941 5311 1036 5364 lin.
1065 5309 1098 5363 4
1127 5327 1157 5362 a
1186 5311 1307 5377 ﬁne,
1339 5326 1497 5378 usque
1533 5310 1602 5362 ad
1629 5309 1722 5362 τοῦ

165 5398 402 5475 Σωτῆρος
417 5407 450 5474 ἡ
461 5404 576 5474 μῶν
589 5403 997 5472 εὐαγγελιστάς,
1012 5406 1111 5455 col.
1129 5401 1254 5466 895,
1268 5402 1364 5457 lin.
1393 5400 1481 5456 57.
1503 5402 1621 5457 Είδ’
1641 5403 1722 5461 ὅτι

229 5533 272 5567 ⁸³
308 5535 499 5590 Matth.
536 5555 648 5602 xii,
684 5540 772 5593 Ml.

229 5646 338 5720 (41)
374 5649 645 5720 Expilavit
684 5651 823 5706 hanc
846 5652 1064 5706 Eusebii
1095 5651 1448 5720 quaestionem
1481 5649 1724 5709 Isidorus

165 5712 427 5773 Pelusiota
460 5712 547 5790 cp.
578 5723 635 5783 2,
661 5721 788 5784 ειν,
815 5724 980 5777 tacito
1011 5712 1253 5777 auctoris
1283 5721 1535 5788 nomine;
1569 5722 1716 5778 ideo-

167 5800 265 5856 que
290 5791 530 5862 ejusdem
571 5793 771 5850 solutio
801 5793 1009 5865 jamdiu
1049 5801 1176 5848 nota
1202 5803 1336 5849 erat.

1833 4218 1941 4276 cat,
1978 4207 2154 4262 Lucas
2180 4222 2310 4262 vero
2351 4207 2633 4261 contrario
2677 4206 2870 4260 ordine
2913 4214 3121 4270 utatur,
3167 4206 3404 4274 quando-

1827 4303 2047 4373 quidem
2101 4300 2292 4355 eadem
2346 4299 2436 4353 via
2494 4305 2723 4368 uterque
2767 4298 3031 4369 graditur,
3083 4297 3263 4352 nullus
3312 4305 3399 4353 est

1827 4393 2240 4465 reprehensioni
2272 4393 2444 4448 locus.
2480 4390 2615 4444 Nam
2646 4399 2700 4444 et
2726 4390 2848 4446 illos
2880 4389 2971 4460 qui
3002 4405 3251 4459 prorsum
3282 4405 3398 4444 sur-

1828 4501 2061 4556 sumque
2115 4486 2440 4549 ascendunt,
2484 4492 2540 4537 et
2582 4483 2706 4536 illos
2739 4481 2832 4551 qui
2889 4481 3176 4536 adversum
3207 4480 3400 4535 eadem

1825 4580 1913 4634 via
1953 4576 2332 4638 descendunt,
2384 4575 2527 4629 haud
2577 4575 2866 4644 quisquam
2933 4573 3135 4626 diceret
3183 4571 3400 4626 diverso

1828 4671 2042 4724 tramite
2075 4667 2324 4722 incedere
2361 4684 2374 4719 :
2419 4666 2545 4735 quia
2577 4666 2786 4720 scilicet
2814 4680 2918 4718 una
2953 4665 3021 4719 ab
3047 4665 3314 4734 utrisque,
3345 4664 3397 4718 id

1826 4767 1910 4815 est
1938 4761 2006 4813 ab
2041 4757 2462 4813 ascendentibus
2505 4755 3091 4825 descendentibusque,
3142 4756 3230 4808 via
3277 4755 3402 4808 teri-

1828 4859 1938 4906 tur.
1970 4850 2094 4904 Pari
2121 4866 2249 4920 ergo
2279 4849 2439 4903 modo
2464 4849 2627 4903 etiam
2674 4848 2731 4902 in
2787 4847 3138 4903 recensendis
3185 4847 3399 4917 generis

1827 4942 2293 5006 successionibus,
2354 4956 2452 5010 pro
2500 4941 2769 5010 cujusque
2810 4939 2964 4994 libito
3012 4939 3096 4993 vel
3144 4938 3214 4992 ab
3273 4938 3398 4993 imis

1827 5052 2047 5092 sursum
2077 5035 2321 5098 tendere,
2357 5033 2446 5089 vel
2484 5049 2514 5087 a
2538 5035 2751 5102 superis
2782 5039 2942 5102 capto
2971 5030 3126 5084 initio
3151 5029 3400 5100 progeni-

1826 5131 2040 5185 toribus
2067 5130 2121 5184 in
2153 5134 2461 5200 postremos
2491 5127 2741 5182 desinere
2771 5127 2914 5179 licet.
2945 5123 3122 5193 Atque
3149 5123 3238 5176 hic
3277 5136 3397 5178 mos

1828 5221 2130 5292 antiquitus
2160 5218 2401 5274 Hebraeis
2445 5219 2667 5288 placuit,
2705 5225 2810 5272 etc.
2843 5213 2996 5282 Quod
3029 5214 3098 5279 si,
3135 5213 3260 5284 quia
3297 5227 3397 5266 nec

1824 5309 2003 5365 Lucas
2039 5309 2340 5365 ascendens
2379 5309 2625 5364 substitit
2669 5308 2724 5361 in
2756 5307 3086 5370 Abrahamo,
3122 5318 3223 5359 nec
3268 5302 3399 5356 Mat-

1825 5403 2001 5458 tbaeus
2030 5403 2098 5457 ab
2121 5403 2330 5457 Adamo
2362 5403 2609 5472 inttepit,
2635 5402 2690 5456 in
2739 5416 2898 5471 quem
2945 5398 3122 5454 Lucas
3167 5396 3394 5461 desivit;

1906 5649 2017 5720 (42)
2059 5647 2219 5704 Deest
2243 5649 2535 5720 iinqcoaice
2557 5646 2824 5717 particula
2857 5645 2911 5714 ἡ,
2947 5657 3068 5713 quae
3094 5649 3277 5696 tamen
3304 5635 3393 5694 hic

1827 5718 2007 5776 omitti
2033 5735 2138 5772 non
2172 5718 2378 5772 debuit.

1899 5791 2008 5861 (45)
2049 5789 2182 5845 Cod.
2214 5789 2279 5856 Α,
2316 5789 2353 5843 f.
2380 5787 2466 5842 65.
2493 5784 2691 5842 Confer
2724 5793 2919 5857 quaest.
2955 5799 3016 5838 ιι.
