3868 6264
466 318 573 375 9"9

1129 315 1395 372 EUSEBXI
1426 317 1909 375 CESARIENSIS
1942 318 2095 375 OPP.
2135 316 2318 372 PARS
2354 314 2442 369 Ill.
2477 345 2548 356 -——
2585 310 2995 370 EXEGETICA.
3542 324 3620 380 κο

468 435 677 491 idcirco
705 436 958 492 dissonos
980 435 1119 491 inter
1148 451 1208 491 se
1243 438 1607 508 evangelistas
1639 438 1839 509 aliquis
1866 437 2034 501 dicat,

2159 435 2222 506 si;
2258 434 2417 506 μέχρι
2454 432 2550 487 τοῦ
2594 431 2843 505 ’Δϐραάμ
2889 431 2984 485 καὶ
3027 430 3055 485 6
3099 430 3301 496 Λουκᾶς
3340 432 3480 489 ἀνιὼν
3509 437 3622 512 ἔστη,

472 541 581 583 non
624 526 779 582 recte
800 524 1032 595 judicat.
1074 525 1312 597 Uterque
1350 532 1495 595 enim
1539 530 1870 599 evangelista
1912 543 2041 598 pro-

472 619 593 690 prio
621 617 834 673 calculo
863 618 1289 689 descriptionem
1314 620 1567 690 exposuit
1593 638 1609 689 ;
1642 621 1800 676 aliter
1822 621 2040 691 quidem

466 727 540 765 ex
577 709 891 766 Abrahamo
921 710 1212 781 incipiens,
1260 712 1400 767 alter
1437 713 1615 782 ipsum
1668 712 2040 768 Abrahamum

472 801 892 872 supergrediens
930 842 945 867 ,
968 803 1035 856 ad
1079 802 1314 874 primum
1346 820 1518 874 usque
1556 804 1827 859 hominem
1858 818 2045 858 ascen—

469 893 584 958 dit;
634 907 809 962 neque
857 893 910 946 in
956 892 1056 947 hoc
1091 893 1209 963 ipso
1258 894 1590 956 consistens,
1641 894 1885 948 historiae
1929 908 2043 953 sua:

472 985 670 1040 seriem
704 983 958 1040 cucho
980 985 1276 1043 connectit.
1317 988 1577 1054 Quaenam
1636 1000 1803 1057 porro
1848 986 1902 1040 in
1956 985 2043 1041 his

475 1077 832 1146 repugnantia
880 1077 996 1132 est?
1037 1078 1083 1132 si
1130 1077 1381 1132 Matthzeo
1423 1076 1641 1147 quidem
1688 1077 1861 1132 visum
1915 1079 2045 1133 utile

474 1179 581 1231 est,
613 1169 684 1224 ob
727 1170 1012 1239 scriptura:
1052 1187 1164 1227 suae
1191 1171 1522 1234 institutum,
1545 1185 1614 1226 cx
1645 1169 1957 1225 Abrahamo
1992 1178 2047 1226 et

476 1260 735 1332 deinceps
766 1262 1133 1332 genealogiam
1166 1260 1472 1317 deducere:
1498 1260 1660 1318 Luca:
1711 1270 1892 1317 autem
1940 1262 2051 1332 pla-

477 1352 613 1415 cuit,
646 1364 864 1423 propter
892 1353 1323 1425 regenerationis
1366 1354 1421 1409 in
1446 1354 1665 1411 Christo
1690 1354 2036 1426 mysterium,

479 1461 699 1501 sursum
745 1446 1044 1516 provehere
1091 1446 1365 1501 hominem
1417 1446 1636 1504 lavacro
1670 1455 2046 1517 regeneratum

479 1537 621 1593 ultra
652 1539 946 1608 cujuslibet
977 1538 1347 1611 generationis
1396 1540 1552 1596 lines.
1598 1538 1841 1596 Observa
1878 1541 2045 1604 enim,

479 1646 604 1685 eum
644 1639 756 1686 toto
788 1647 889 1686 suo
920 1647 1170 1688 sermone
1205 1633 1530 1689 vocabulum
1556 1633 1923 1704 generationis
1967 1648 2051 1686 re-

479 1722 669 1785 ticere,
706 1724 798 1779 sed
853 1724 1037 1779 Jesum
1087 1725 1477 1781 retrocedendo
1524 1724 1847 1788 subvehere,
1874 1726 2050 1780 donec

2147 526 2283 598 μηδέ
2316 528 2345 580 6
2374 525 2647 588 Ματθαίος
2679 523 2788 579 ἀπὸ
2818 522 2912 577 τοῦ
2949 522 3119 594 Ἀδὰμ
3149 521 3338 596 ἦρξατο
3373 528 3445 596 ἐφ’
3468 527 3626 584 ὂνκατ-

2146 618 2332 690 έληξεν
2375 619 2404 672 6
2449 619 2681 681 Λουκᾶς,
2711 617 2997 687 διαφωνεῖν
3041 632 3125 680 τις
3173 616 3355 680 αὐτοὺς
3381 616 3522 687 λέγοι,
3556 624 3630 678 οὐκ

2145 710 2320 783 ὀρθῶς
2365 709 2567 764 οἴεται·
2597 709 2854 781 ἑκάτερος
2900 708 3008 781 γὰρ
3054 708 3228 762 αὐτῶν
3254 709 3422 781 οἰκείῳ
3444 711 3630 787 λογισμῷ

2146 804 2243 874 τὴν
2288 801 2500 857 ἔκθεσιν
2550 802 2839 873 πεποίηται
2884 803 2979 874 τῆς
3022 803 3255 875 γραφῆς,
3282 805 3309 856 6
3353 804 3439 875 μὲν
3475 807 3530 860 ἐκ
3564 808 3631 862 τοῦ

2160 897 2410 969 Ἀϐραὰμ
2434 896 2753 971 ἀρξάμενος,
2786 897 2814 950 ὁ
2844 895 2900 957 δὲ
2930 895 3025 949 καὶ
3051 894 3141 949 τὸν
3168 894 3403 966 ’Δῦραάμ
3431 897 3632 969 ὑπερδάςι

2150 990 2240 1043 ἐπί
2264 1007 2322 1048 τε
2351 990 2442 1044 τὸν
2469 989 2684 1061 πρῶτον
2716 986 2998 1060 ἄνθρωπον
3024 985 3284 1047 ἀνελθών·
3317 988 3401 1041 καὶ
3429 989 3541 1060 μηδὲ
3567 990 3635 1062 μέ-

2150 1102 2241 1156 χρι
2290 1082 2480 1141 τούτου
2529 1080 2680 1149 στὰς,
2710 1081 2802 1134 τὸν
2848 1081 3028 1134 πάντα
3059 1078 3115 1132 δὲ
3145 1077 3297 1147 λόγον
3340 1080 3423 1131 ἐπὶ
3448 1080 3524 1133 τὸν
3545 1080 3639 1134 Θεὸν

2149 1177 2486 1248 ἀναρτήσας·
2532 1172 2659 1227 ποία
2699 1172 2806 1245 γὰρ
2855 1175 2913 1226 ἐν
2956 1172 3163 1235 τούτοις
3207 1172 3381 1242 μάχη;
3410 1171 3640 1244 Είτῷμὲν

2150 1267 2415 1339 χρήσιμος
2437 1266 2610 1336 ἐφάνη
2630 1271 2663 1337 ἡ
2687 1264 2795 1319 ἀπὸ
2821 1261 2911 1316 τοῦ
2940 1261 3189 1334 Ἀϐραὰμ
3210 1261 3303 1316 κα)⁸
3327 1262 3412 1315 ἐπὶ
3434 1264 3539 1327 τοὺς
3554 1263 3643 1336 ἑξῆς

2150 1359 2485 1431 γενεαλογία,
2518 1358 2609 1419 διὰ
2639 1359 2735 1428 τὴν
2760 1354 3067 1425 οἰκονομίαν
3092 1352 3185 1407 τοῦ
3207 1354 3330 1425 παρ’
3359 1353 3491 1425 αὐτῷ
3508 1353 3644 1424 λόγου,

2151 1454 2181 1507 6
2209 1452 2266 1507 δέ
2296 1451 2384 1505 διὰ
2406 1451 2468 1505 τὸ
2490 1450 2590 1521 τῆς
2615 1453 2671 1505 ἐν
2698 1446 2915 1521 Χριστῷ
2954 1445 3365 1514 παλιγγενεσίας
3393 1448 3647 1519 μυστήριον,

2152 1538 2469 1604 ὰναὸιϐἀξει
2517 1538 2609 1594 τὸν
2641 1537 2728 1590 διὰ
2766 1534 2987 1605 λουτροῦ
3020 1532 3424 1604 γεγεννημένον,
3452 1535 3651 1590 ἐπέκεινα

2155 1634 2371 1705 ἀπάσης
2399 1629 2663 1701 γενέσεως
2685 1644 2700 1658 ·
2735 1628 2892 1699 τήρει
2915 1626 3025 1698 γὰρ
3063 1627 3144 1679 ὅτι
3184 1625 3251 1678 δι’
3276 1625 3394 1679 ὅλου
3428 1626 3509 1680 τοῦ
3536 1628 3651 1696 λόγου

2155 1722 2464 1793 σεσιώπηκε
2512 1720 2574 1775 τὸ
2621 1721 2722 1792 τῆς
2770 1717 3039 1787 γενέσεως
3078 1716 3268 1789 ὄνομα,
3296 1719 3411 1787 ἄγει
3447 1736 3499 1774 τε
3537 1720 3654 1773 αὑτὸν

480 1830 589 1871 non
639 1817 693 1870 in
727 1816 947 1891 homine
997 1818 1180 1889 aliquo
1210 1818 1377 1884 sistit,
1424 1817 1519 1873 sed
1566 1818 1620 1873 in
1656 1818 1776 1888 ipso
1803 1818 2045 1877 omnium

2159 1816 2386 1883 ἀνάγων,
2423 1813 2519 1867 καὶ
2547 1812 2760 1883 ἵστησιν
2807 1814 2907 1865 οὐκ
2951 1811 3042 1865 ἐπί
3087 1829 3207 1866 τινα
3250 1810 3547 1883 ἀνθρώπων,
3575 1812 3655 1865 ἀλλ’

481 1902 614 1969 Deo,
654 1907 743 1961 cui
777 1907 930 1961 illum
955 1916 1141 1979 utpote
1164 1907 1362 1962 Filium
1391 1909 1539 1964 Patri
1572 1910 1810 1978 copulat.

550 2084 605 2138 2.
660 2086 773 2157 Age
800 2103 930 2143 vero
968 2096 1028 2142 ut
1066 2088 1141 2141 ita
1174 2088 1335 2142 etiam
1370 2087 1646 2157 loquentis
1679 2101 2044 2158 coarguamus

483 2178 835 2247 imperitiam,
885 2186 1049 2249 atque
1098 2187 1159 2233 ut
1213 2193 1374 2237 nemo
1419 2180 1666 2234 veritatis
1705 2181 2051 2248 ignoratione

482 2270 740 2341 deinceps
800 2272 1121 2327 scandalum
1168 2272 1429 2341 patiatur,
1474 2272 1769 2343 genuinam
1800 2282 1934 2328 acta:
1972 2273 2049 2326 rei

484 2365 772 2421 historiam
808 2379 1105 2434 exponam.
1154 2362 1212 2416 In
1257 2364 1451 2433 primis
1484 2380 1614 2420 vero
1648 2365 1917 2434 ohjectam
1951 2381 2053 2420 nu-

481 2455 568 2515 bis
599 2456 1030 2527 prepositionem
1068 2455 1424 2512 considerare
1451 2472 1590 2526 Opus
1614 2465 1716 2513 est.
1762 2456 2053 2534 Magthaaus

483 2548 703 2620 quidem
750 2564 818 2604 ex
866 2548 1183 2605 Abrahamo
1236 2547 1305 2604 ad
1343 2547 1626 2612 Davidem,
1674 2558 1836 2620 atque
1868 2549 1942 2603 ita
1985 2548 2053 2602 ad

486 2637 835 2694 Salomonem
889 2640 1120 2710 ejusque
1152 2655 1503 2695 successores
1548 2656 1723 2710 usque
1774 2638 1844 2693 ad
1893 2638 2053 2697 Jaco-

483 2729 635 2795 bum,
694 2730 838 2786 unde
888 2739 1043 2787 ortus
1070 2730 1342 2802 Iosephus
1386 2731 1592 2791 Christi
1623 2740 1845 2803 putatus
1875 2736 2051 2803 pater,

483 2822 789 2879 descendit.
847 2823 1026 2881 Lucas
1054 2834 1233 2881 autem
1275 2823 1573 2895 Josephum
1612 2825 1757 2880 haud
1787 2842 1854 2881 ex
1887 2824 2053 2883 Jaco-

486 2917 555 2970 bo
576 2914 651 2968 ait
676 2924 880 2981 ortum,
910 2924 971 2970 ut
1008 2915 1329 2984 Matthreus;
1356 2916 1450 2972 sed
1475 2932 1543 2973 ex
1575 2916 1695 2971 Heli
1725 2917 2050 2983 ascendens,

486 3004 555 3062 ad
586 3013 816 3060 caeteros
843 3007 1040 3076 pergit,
1068 3021 1302 3076 quorum
1335 3007 1546 3067 nullum
1588 3005 1870 3065 Mattheus
1902 3022 2055 3065 com-

486 3108 772 3153 memorat.
796 3100 970 3168 Atque
989 3100 1061 3153 ita
1076 3099 1353 3170 obliquam
1378 3099 1543 3154 veluti
1566 3100 1866 3155 decurrens
1886 3101 2053 3165 viam,

489 3204 834 3260 nequaquam
863 3190 930 3243 ad
963 3189 1310 3245 Salomonem
1359 3188 1576 3245 devenit
1608 3190 1827 3247 Davidis
1856 3192 2050 3257 ﬁlium,
2082 3173 2124 3229 (ἶ

488 3280 582 3339 sed
637 3282 705 3336 ad
756 3280 1067 3338 Nathanum
1125 3284 1219 3355 qui
1268 3300 1422 3355 teque
1470 3282 1572 3340 fuit
1615 3283 1838 3340 Davidis
1887 3284 2054 3341 tilius.

487 3373 652 3444 Atqui
680 3376 1037 3446 Oportuisset,
1074 3376 1120 3431 si
1148 3393 1312 3431 unam
1344 3385 1572 3449 uterque
1593 3379 1932 3450 evangelista
1964 3394 2059 3449 ge-

487 3466 791 3537 nealogiam
843 3468 1080 3531 texebat,
1115 3469 1202 3524 vel
1228 3467 1432 3524 Lucam
1464 3469 1711 3525 eamdem
1750 3485 1875 3524 cum
1920 3469 2058 3525 Mat-

487 3557 635 3613 thao
656 3557 856 3613 seriem
890 3566 1204 3625 contexere,
1239 3560 1324 3614 vel
1362 3558 1671 3612 Matthaeum
1694 3558 1908 3623 eadem,
1936 3575 2059 3629 quae

489 3650 655 3711 habet
696 3648 895 3725 Lucas,
920 3652 1146 3705 nomina
1185 3652 1440 3707 recitare.
1493 3651 1559 3705 Hi
1592 3667 1720 3706 vero
1748 3652 1884 3707 adeo
1925 3652 2058 3706 invi-

490 3756 608 3798 cem
638 3758 747 3798 non
792 3741 1130 3812 conspirant,
1173 3751 1233 3797 ut
1269 3743 1407 3798 alter
1452 3741 1648 3798 Jacobi
1695 3742 1864 3797 tilium
1910 3744 2060 3798 dicat

489 3831 785 3905 Josephum
820 3849 884 3888 ac
908 3832 1221 3889 Salomonis
1248 3832 1450 3889 Davide
1482 3836 1681 3906 geniti:
1712 3836 1849 3889 alter
1872 3843 2052 3893 autem

504 3941 615 3979 non
656 3924 866 3991 Jacobi,
900 3925 995 3980 sed
1027 3924 1148 3982 Heli
1188 3941 1254 3981 ac
1291 3925 1531 3980 Nathani
1578 3925 1779 3983 Davide
1803 3928 1932 3982 item
1965 3943 2061 3998 ge-

492 4016 630 4072 niti:
676 4034 786 4089 quo
824 4019 1101 4075 scribendi
1140 4019 1392 4073 instituto
1442 4034 1774 4090 magnopere
1821 4021 1965 4077 inter
2003 4037 2063 4077 se

492 4112 761 4168 dissidere
815 4110 1097 4166 videntur.
1143 4140 1216 4151 ——
1272 4109 1560 4176 Quomodo
1614 4111 1779 4182 igitur
1832 4112 2063 4182 objecta:

493 4201 851 4277 propositioni
900 4201 1301 4257 occurrendum
1329 4200 1448 4258 est?
1468 4202 1682 4272 Agesis,
1711 4204 1908 4260 animae
1933 4220 2064 4276 ape-

494 4295 699 4349 rientes
736 4292 979 4356 oculum,
1013 4291 1297 4348 vocabulis
1340 4291 1474 4361 ipsis
1526 4303 1783 4349 accurate
1827 4302 2059 4349 mentem

496 4385 868 4452 intendamus,
922 4391 978 4441 et
1047 4384 1181 4454 quid
1244 4383 1389 4438 dicat
1442 4381 1622 4440 Lucas
1678 4385 2056 4455 inspiciamus.

502 4497 523 4530 ι
549 4468 628 4533 Et'
646 4478 763 4547 ipse
791 4474 955 4535 Jesus
1007 4485 1127 4531 erat
1159 4476 1428 4547 incipiens
1458 4478 1625 4551 quasi
1652 4492 1919 4533 annorum
1959 4479 2055 4532 tri-

494 4571 665 4645 ginta,
717 4577 777 4624 ut
827 4569 1120 4639 putabatur
1169 4570 1313 4625 lilius
1343 4568 1591 4640 Josephi,
1626 4570 1719 4640 qui
1768 4568 1869 4623 fuit
1913 4568 2056 4635 Heli,

498 4662 591 4732 qui
627 4660 730 4715 fuit
775 4658 992 4716 Melchi.
1031 4679 1052 4713 ι
1088 4658 1195 4716 Sed
1218 4660 1366 4716 enim
1412 4658 1718 4725 Matthams,
1749 4660 1891 4714 haud
1927 4674 2061 4715 usus

494 4763 579 4812 est
610 4754 849 4810 dictione
888 4753 1202 4825 putabatur,
1231 4762 1358 4825 ,etc.
1415 4751 1595 4822 Atque
1625 4753 1740 4808 haec
1769 4753 1944 4823 prima
1976 4761 2061 4807 est

496 4848 801 4917 responsio.

568 4940 625 4995 ὅ.
670 4939 824 4995 Alius
851 4952 1069 5009 quoque
1111 4935 1347 4992 fortasse
1380 4938 1512 4993 latet
1560 4936 1869 5008 profundus
1896 4945 2061 5008 atque

498 5044 732 5087 arcanus
762 5032 817 5083 in
857 5028 1133 5098 praedictis
1176 5044 1392 5085 sensus.
1444 5028 1733 5086 Mattlueus
1767 5031 1912 5084 enim
1946 5047 2063 5084 ma-

499 5120 695 5176 nifeste
729 5121 1003 5176 carnalem
1049 5135 1285 5175 narrans
1315 5121 1522 5177 Christi
1565 5122 1857 5192 originem,
1890 5129 1945 5178 et
1970 5120 2068 5177 Jo-

503 5215 735 5285 sephum
775 5214 963 5269 volens
1015 5230 1142 5269 vere
1188 5213 1387 5268 Davide
1423 5215 1712 5270 oriundum
1746 5214 2064 5278 ostendere,

501 5307 765 5361 orationis
777 5321 888 5363 sua:
903 5307 1207 5378 ingressum
1221 5307 1433 5374 qualem
1451 5307 1687 5376 oportuit
1702 5306 2066 5372 facit,dicens,

506 5396 661 5456 Liber
686 5397 1040 5468 generationis
1076 5393 1206 5449 Iesu
1232 5393 1463 5458 Christi,
1495 5403 1549 5451 et
1596 5396 1827 5466 reliqua,
1872 5410 2069 5450 conse-

503 5498 841 5559 quenterque
869 5495 1037 5543 totam
1070 5486 1266 5545 deinde
1291 5488 1574 5543 historiam
1611 5490 1764 5559 ponit
1800 5499 1923 5560 post
1945 5504 2072 5559 pro-

504 5580 807 5650 genitorum
853 5581 1184 5651 catalogum,
1238 5578 1423 5650 Magos
1493 5580 1779 5645 videlicet,
1842 5580 2070 5636 Herodis

578 5763 688 5831 (et)
724 5761 858 5819 Cod.
886 5763 951 5830 A,
985 5762 1024 5819 ί.
1055 5763 1143 5818 σι.
1185 5761 1385 5828 ριιαξδι.
1427 5777 1500 5817 ιιι.

2150 1909 2242 1961 ἐπὶ
2282 1907 2373 1961 τὸν
2419 1906 2635 1961 πάντων
2676 1905 2829 1968 Θεὸν,
2859 1906 3136 1977 μονονουχὶ
3172 1905 3472 1977 προσάγων,
3509 1904 3585 1957 ἀτε
3612 1904 3659 1975 δὴ

2154 2001 2279 2053 Υἱὸν
2303 1999 2597 2069 γενόμενον
2626 1997 2703 2067 τῷ
2734 1981 2937 2069 Πατρρί.⁸

2225 2092 2290 2164 β’.
2326 2091 2435 2161 (44)
2465 2092 2582 2144 Ἵνα
2609 2087 2702 2144 οῦν
2733 2090 2829 2143 καὶ
2864 2087 3023 2145 τοῦτο
3059 2089 3340 2160 εἰρηκότος
3366 2088 3457 2159 τὴν
3479 2088 3661 2159 ἀμαθίαν

2153 2183 2490 2255 ἐλέγξωμεν,
2539 2183 2834 2253 παύσωμεν
2882 2181 2938 2234 δὲ
2986 2181 3080 2234 τοῦ
3138 2182 3341 2253 μηδένα
3381 2181 3466 2235 ὑπ’
3496 2182 3664 2249 ἀγνοῇ

2154 2276 2346 2347 ὁμοίας
2399 2273 2852 2345 σκαώαλισθῆναι
2877 2313 2894 2337 ,
2935 2273 3032 2345 τὴν
3071 2274 3248 2345 ἀληθῆ
3292 2271 3399 2326 τῶν
3424 2273 3665 2341 γεγονότων

2156 2367 2395 2439 ἱστορίαν
2446 2366 2777 2437 ἐκθήσομαιο
2814 2366 3075 2437 πρότερον
3121 2366 3180 2419 δὲ
3228 2364 3326 2437 τὴν
3372 2363 3669 2438 προταθεῐσαν

2154 2460 2286 2529 ἡμῖν
2344 2458 2603 2529 πρότασιν
2636 2459 2832 2531 καιρός
2888 2460 3009 2514 ἐστι
3059 2456 3492 2529 ἐπισκέψασθαι·
3533 2458 3558 2510 6
3599 2457 3668 2527 μὲν

2156 2548 2429 2612 Ματθαῖος
2456 2549 2564 2603 ἀπὸ
2603 2549 2697 2604 τοῦ
2732 2550 2981 2624 Ἀϐραὰμ
3004 2551 3097 2605 ἐπὶ
3125 2551 3220 2605 τὸν
3267 2548 3429 2604 Δαυῒδ
3448 2590 3461 2613 ,
3509 2550 3586 2602 καὶ
3609 2547 3673 2601 οὗ·

2156 2657 2264 2704 τως
2309 2642 2401 2693 ἐπὶ
2447 2641 2872 2714 τὸν-Σολομῶνα
2910 2644 3004 2699 καὶ
3058 2644 3184 2706 τοὺς
3230 2641 3421 2696 τούτου
3451 2640 3673 2710 διαδόχους

2160 2733 2320 2804 μέχρι
2365 2731 2460 2786 τοῦ
2492 2706 2684 2787 Ἱιῖκὼὸ
2706 2706 2732 2799 ,’
2756 2733 2815 2799 ἐξ
2837 2727 2899 2788 οὗ
2929 2735 3123 2806 Ἰωσὴφ
3155 2737 3184 2788 6
3213 2733 3312 2788 τοῦ
3338 2732 3558 2806 Χριστοῦ
3577 2706 3675 2802 χρη-

2161 2823 2392 2894 ματίσας
2424 2825 2628 2895 πατὴρ,
2676 2825 2917 2879 κάτεισιν
2938 2843 2951 2859 ·
2999 2826 3028 2877 6
3066 2825 3121 2879 δὲ
3168 2827 3387 2889 Λουκᾶς
3411 2824 3498 2877 τὸν
3522 2822 3676 2892 Ἰωσὴφ

2156 2912 2255 2966 οὐκ
2282 2912 2389 2968 ἀπὸ
2418 2912 2512 2966 τοῦ
2543 2914 2736 2968 Ἰακὼὸ
2779 2911 2921 2969 εἷναί
2955 2932 3121 2985 φησιν
3148 2915 3226 2979 ὡς
3275 2914 3563 2977 Martium,
3591 2911 3682 2965 ἀλλ’

2156 3003 2264 3063 ἀπὸ
2287 3005 2380 3058 τοῦ
2411 3005 2557 3058 Ἠλεί
2579 3024 2593 3038 ·
2621 3002 2740 3059 εἶτα
2771 3007 2879 3061 ἀπὸ
2909 3006 3004 3061 τοῦ
3038 3007 3183 3060 Ἠλεὶ
3212 3006 3379 3061 ἀνιὼν
3406 3005 3485 3075 ἐφ’
3507 3005 3678 3075 ἐτέρους

2161 3099 2345 3168 χωρεῖ,
2371 3090 2445 3151 ὧν
2475 3097 2595 3150 οὐδὲ
2627 3097 2746 3161 ὅλος
2785 3098 3188 3170 ἐμνημόνευσεν
3240 3098 3271 3150 6
3304 3095 3592 3157 Ματθαῐος·
3614 3090 3684 3144 καὶ

2157 3187 2329 3252 οὕτως
2383 3188 2618 3258 πλαγίαν
2658 3189 2780 3244 τινὰ
2831 3188 3085 3262 δραμὼν,
3129 3189 3357 3261 ἔρχεται
3397 3188 3494 3241 οὐκ
3519 3184 3599 3237 ἐπὶ
3618 3182 3685 3234 τὸν

2159 3279 2446 3352 Σολομῶνα
2484 3281 2574 3335 τὸν
2626 3281 2721 3336 τοῦ
2763 3281 2925 3334 Δαυῒδ
2944 3323 2958 3348 ,
3006 3281 3121 3335 ἀλλ’
3151 3281 3246 3334 ἐπὶ
3291 3280 3477 3335 Νάθαν
3507 3279 3586 3333 τὸν
3620 3275 3691 3328 καὶ

2160 3374 2321 3427 αὑτὸν
2347 3374 2442 3431 τοῦ
2473 3375 2665 3429 Δαυῒδο
2702 3375 2952 3444 ὀφείλων,
2985 3376 3033 3427 εί
3056 3375 3119 3446 δὴ
3157 3375 3289 3446 περὶ
3314 3374 3416 3444 τῆς
3447 3372 3597 3441 αὐτῆς
3621 3385 3689 3435 γε·

2158 3466 2439 3543 νεαλογίας
2471 3469 2499 3519 6
2529 3466 2685 3535 λόγος
2706 3463 2774 3539 ἦν
2801 3466 3002 3531 αὐτοῖς,
3033 3464 3123 3519 διά
3146 3464 3256 3518 τῶν
3287 3465 3468 3517 αὐτῶν
3488 3461 3559 3531 τῷ
3576 3461 3691 3515 Ματ-

2161 3558 2590 3629 θαίῳάνελθεῖν,
2625 3559 2658 3629 ἣ
2690 3559 2780 3611 τὸν
2814 3558 3090 3612 Ματθαῖον
3126 3557 3192 3611 δι’
3229 3551 3308 3610 ὧν
3331 3558 3361 3609 6
3394 3554 3591 3615 Λουκᾶς
3608 3570 3690 3621 χω-

2165 3651 2322 3722 ρῆσαι
2355 3650 2633 3721 ὀνομάτων
2653 3667 2667 3680 ο
2698 3651 2746 3702 εἱ
2771 3651 2826 3703 δὲ
2853 3650 3024 3714 οῦτως
3049 3650 3111 3702 οὐ
3145 3647 3548 3720 συνηνέχθησαν
3570 3643 3695 3714 ἀλλήι

2159 3742 2271 3806 λοις
2290 3782 2304 3806 ,
2328 3742 2403 3806 ὡς
2429 3743 2518 3796 τὸν
2549 3743 2645 3795 ἕνα
2670 3745 2841 3795 εἰπεῖν
2877 3742 2970 3795 τοῦ
3006 3740 3194 3795 Ἰακὼϐ
3232 3742 3327 3795 τὸν
3366 3739 3554 3810 Ἰωσὴφ
3588 3731 3693 3789 εἶναι

2160 3838 2274 3891 υἱὸν
2304 3838 2398 3891 καὶ
2424 3835 2733 3908 Σολομῶνος
2764 3834 2881 3895 υἱοῦ
2922 3836 3114 3889 Δαυῖδο
3156 3834 3250 3889 τὸν
3305 3834 3363 3887 δὲ
3409 3833 3608 3904 ἕτερον,
3641 3827 3696 3898 μὴ

2159 3928 2255 3984 τοῦ
2287 3928 2478 3983 Ἰακὼϐ
2499 3969 2513 3993 ,
2549 3928 2681 3982 ἀλλὰ
2722 3928 2815 3983 τοῦ
2844 3929 2993 3981 Ἦλεὶ
3035 3929 3127 3981 καὶ
3169 3926 3366 3987 Νάθαν
3400 3924 3512 3978 υἱοῦ
3537 3918 3694 3975 Δαυῖδ·

2160 4023 2227 4078 δι’
2254 4015 2327 4075 ὧν
2351 4022 2560 4082 ἐοίκασι
2584 4021 2785 4093 πολλὴν
2822 4019 3117 4090 διαφωνίαν
3157 4020 3302 4091 πρὸς
3344 4017 3593 4089 ἀλλήλους
3628 4027 3700 4063 πε⁸

2166 4114 2386 4186 ριὲχειν.
2403 4141 2475 4153 -—
2496 4113 2560 4166 Τί
2584 4112 2647 4189 δὴ
2667 4109 2759 4166 οὖν
2786 4114 2866 4176 εἱς
2887 4112 2948 4166 τὸ
2975 4111 3239 4184 προταθὲν
3263 4108 3429 4171 τοῦτο
3456 4105 3699 4179 πρόϐλημα

2163 4203 2307 4257 εἴποι
2344 4204 2409 4258 ἄν
2433 4220 2553 4267 τις;
2587 4203 2719 4273 φέρε
2746 4201 2847 4272 τῆς
2878 4202 3055 4273 ψυχῆς
3084 4200 3455 4268 διανοίξαντες
3475 4199 3533 4251 τὸ
3551 4197 3701 4266 ὄμμα,
3750 4242 3753 4243 ν

2162 4297 2365 4360 ἀτενῶς
2412 4299 2533 4358 ταῖς
2579 4293 2791 4360 λέξεσιν
2843 4295 3027 4357 αὐτοῖς
3075 4293 3457 4364 ἐπερείσωμεν
3495 4290 3585 4360 τὴν
3613 4285 3702 4339 διὰ-

2163 4406 2344 4454 νοιαν,
2378 4387 2575 4457 ἴδωμέν
2609 4404 2670 4439 τε
2697 4385 2749 4439 τί
2775 4403 2937 4457 φησιν
2975 4388 3004 4438 6
3034 4386 3271 4449 Aouxig.
3321 4404 3340 4437 ι
3373 4383 3485 4437 Καὶ
3527 4378 3707 4441 αὐτόςὸ

2094 4515 2139 4570 D
2179 4480 2386 4553 Ἰησοῦς
2424 4475 2492 4550 ἦν
2526 4478 2825 4551 ἀρχόμενος
2858 4478 2989 4531 ὡσεὶ
3030 4476 3166 4531 ἐτῶν
3195 4478 3500 4548 τριάκοντα
3524 4472 3592 4526 ὥν
3616 4467 3703 4529 υἱὸς

2167 4574 2243 4637 ὠς
2283 4572 2562 4644 ἐνομίζετο
2600 4570 2695 4624 τοῦ
2723 4570 2952 4642 Ἰωσὴφ,
2987 4570 3081 4623 τοῦ
3110 4568 3293 4633 Ἠλεὶ,
3342 4568 3441 4622 τοῦ
3479 4564 3658 4636 Μελχί·
3686 4582 3703 4612 ι

2164 4665 2278 4718 ἀλλ’
2304 4667 2401 4735 οὐχ
2428 4664 2457 4717 6
2489 4680 2553 4733 γε
2597 4661 2873 4724 Ματθαῖος
2916 4661 3185 4733 ἐχρήσατο
3216 4662 3283 4731 τῇ
3331 4661 3415 4725 ὠς
3448 4652 3704 4725 ἐνομίζετο

2164 4758 2346 4827 φωνῇ,
2380 4766 2510 4818 etc.,
2542 4756 2670 4809 utin
2697 4756 2939 4822 epitome,
2970 4753 3070 4806 col.
3096 4752 3223 4818 896,
3255 4752 3357 4806 lin.
3386 4750 3443 4814 Δ,
3482 4762 3629 4818 usque
3653 4742 3705 4796 ιδ

2164 4848 2301 4921 αὕτη
2336 4849 2432 4921 μὲν
2457 4844 2547 4903 οὖν
2575 4850 2608 4920 ἡ
2640 4847 2831 4920 πρώτη
2847 4846 3116 4909 ἀπόδοσις.

2237 4950 2303 5013 γ’.
2329 4943 2440 5015 (45)
2471 4941 2571 5014 Είη
2597 4942 2643 4995 6‘
2667 4940 2731 4995 ἄν
2758 4958 2842 5004 τις
2869 4940 2966 4994 καὶ
2990 4937 3148 5003 ἄλλος
3173 4938 3347 5009 βαθὺς
3371 4938 3470 4992 καὶ
3497 4935 3707 5005 ἀπόρῤη·

2166 5051 2259 5097 τος
2294 5036 2352 5087 ἐν
2396 5036 2508 5097 τοῖς
2542 5030 2923 5104 προκειμένοις
2956 5029 3129 5099 λόγος.
3177 5028 3464 5089 Ματθαῖος
3497 5025 3590 5095 μὲν
3622 5020 3708 5089 γὰρ

2166 5124 2607 5195 ὁμολογουμένως
2650 5123 2747 5193 τὴν
2790 5122 3051 5193 ἐνσαρκον
3106 5120 3322 5189 γένεσιν
3372 5115 3597 5188 ἱστορῶν
3635 5106 3709 5163 τοῦ

2168 5217 2402 5289 Χριστοῦ
2424 5257 2438 5281 ,
2468 5218 2675 5271 καὶτὸν
2705 5215 2899 5288 Ἰωσὴφ
2935 5214 3209 5280 ἀποδεῖξαι
3250 5212 3572 5283 βουλόμενος
3604 5204 3710 5271 ἀλη-

2171 5310 2280 5374 θῶς
2319 5311 2385 5362 ἐκ
2424 5308 2585 5363 Δαυῖδ
2606 5351 2621 5373 ,
2653 5308 2774 5361 ὅθεν
2803 5307 2966 5381 ἐχρῆν
3003 5308 3068 5378 τῇ
3102 5306 3318 5377 εἰσδολῇ
3357 5305 3614 5377 κέχρηται
3634 5295 3710 5352 τοῦ

2170 5403 2348 5467 λόγου,
2366 5402 2563 5473 φήσας,
2585 5398 3098 5469 Βίϐλοςγενέσεως
3125 5396 3319 5466 Ἰησοῦ
3341 5393 3612 5466 Χριστοῦ.
3636 5385 3711 5442 καὶ

2171 5493 2238 5546 τὰ
2269 5491 2393 5561 ἑξῆς
2415 5508 2430 5523 ο
2455 5490 2761 5553 ἀκολούθως
2784 5506 2843 5541 τε
2869 5488 2965 5560 τὴν
2991 5487 3115 5558 ὃλην
3138 5486 3263 5557 ἐξῆς
3294 5486 3540 5557 ἱστορίαν
3559 5480 3709 5547 τίθησι

2177 5582 2312 5654 μετὰ
2345 5580 2437 5634 τὸν
2472 5581 2580 5633 τῶν
2611 5578 2966 5650 προπατόρων
2991 5576 3311 5645 κατάλογον,
3341 5577 3471 5639 τοὺς
3495 5572 3707 5641 Μάγους.

2246 5762 2355 5833 (ιδ)
2397 5760 2529 5817 Ibid.
