3868 6264
176 286 269 350 est
1017 292 1518 359 suepLEMuN‘rA
1554 291 2026 372 QUIESTIONUM
2064 285 2169 363 An
2195 305 2639 368 STEPHANUM.

3294 310 3401 368 962

182 416 266 474 τὴν
290 412 527 487 Ἡρώδου
558 415 770 488 μανίαν,
800 416 897 490 τὴν
929 420 1009 483 είς
1028 419 1303 489 Αἴγυπτον
1334 420 1506 494 Ἰησοῦ
1532 423 1721 496 φυγὴν.

1836 423 2099 491 furorem,
2122 423 2251 482 Jesu
2270 426 2325 481 in
2339 424 2633 499 Egyptum
2651 424 2855 497 fugam,
2878 417 3117 481 indidem
3136 425 3396 489 reditum,

180 511 267 581 τὴν
306 508 512 565 ἐκεῖθεν
552 511 830 576 ἐπάνοδον,
870 512 960 566 τὸν
988 514 1275 586 Ἀρχέλαον
1295 533 1311 548 ο
1346 516 1441 571 καὶ
1475 517 1552 582 ὡς
1598 519 1733 589 μετά

159 603 335 689 ᾧταῦτα
362 602 461 673 ήδη
492 603 679 657 λοιπὸν
720 607 798 669 είς
830 606 1025 675 ἄνδρας
1058 608 1307 679 Ἰωάννης
1345 610 1555 681 προϐὰς
1596 612 1733 683 μετά

180 693 484 765 τριακοστὸν
513 692 632 757 ἔτος
655 695 754 766 τῆς
783 696 956 766 Ἰησοῦ
982 696 1264 764 γενέσεως,
1292 701 1384 754 ἐπὶ
1406 702 1505 772 τῆς
1526 703 1732 774 ἐρήμου

183 784 427 856 κηρύσσει
460 784 742 857 βάπτισμα
772 790 1058 860 μετανοίας
1078 834 1093 859 ,
1128 793 1349 864 πάρεισί
1373 812 1434 847 τε
1464 796 1600 867 μετά

183 877 339 932 ἄλλων
361 878 454 931 καὶ
480 880 509 933 ό
541 879 747 951 Ἰησοῦς
777 883 835 935 ἐν
865 882 942 953 τῷ
969 883 1203 959 Ἰορδάνῃ
1237 885 1733 960 βαπτισθησόμενος

174 968 276 1022 ’ὑπὸ
299 967 389 1022 τοῦ
418 970 694 1024 Ἰωάννου·
723 972 819 1027 καὶ
846 973 910 1046 δὴ
945 976 1140 1048 συνὸρα
1171 980 1227 1031 ἐν
1250 978 1460 1043 τούτοις
1487 979 1619 1049 ὕφος
1639 983 1733 1036 καὶ¹

174 1059 482 1139 ’ἀκολορθίαν
511 1062 793 1134 ἱστορικῆς
821 1062 1121 1138 διηγήσεως
1144 1069 1210 1141 ἣν
1236 1072 1264 1124 6
1289 1068 1563 1136 Ματθαῖος
1590 1075 1734 1129 ὲκτί-

182 1146 353 1231 θεται,
386 1149 559 1224 Σύρος
595 1152 762 1225 ἀνὴρ,
812 1154 1047 1228 τελώνης
1092 1158 1184 1212 τὸν
1224 1156 1371 1231 βίον,
1405 1162 1506 1235 τὴν
1550 1165 1732 1237 φωνὴν

190 1238 437 1309 Ἐϐραῖος.

182 1406 189 1411 θ
239 1327 295 1381 δ’.
321 1328 375 1382 Ὀ
404 1329 463 1382 δὲ
498 1332 715 1417 Λουκᾶς
755 1334 816 1387 τὸ
862 1336 958 1406 μὲν
993 1335 1149 1406 γένος
1184 1338 1292 1394 ἀπὸ
1323 1340 1425 1412 τῆς
1452 1340 1732 1417 βοωμένης

192 1417 501 1490 Ἀντιοχείας
536 1416 638 1492 ἦν,
683 1425 740 1476 ἐν
837 1424 901 1497 δὴ
925 1427 973 1480 οἱ
1008 1428 1209 1493 πάντες
1244 1430 1563 1499 λογιώτατοι
1604 1416 1730 1498 τοῦς

185 1511 357 1575 Ἴωνας
381 1513 678 1583 προγόνους
705 1516 959 1588 αὐχοῦσιν
992 1521 1102 1593 (46)
1126 1540 1140 1554 ·
1172 1524 1233 1577 οὐ
1279 1523 1385 1594 μὴν
1425 1524 1560 1580 ἀλλά
1594 1524 1731 1599 πρὸς

179 1599 246 1669 τῷ
274 1600 408 1653 κατά
449 1600 614 1670 φύσιν
656 1604 950 1678 Ἐλληνικῷ
986 1608 1093 1662 τῶν
1133 1611 1374 1683 ἀνδρῶν,
1402 1614 1634 1686 ἐπήγετό
1674 1632 1727 1669 τι

180 1690 320 1746 πλέον
341 1694 368 1746 ό
389 1695 606 1759 Λουκᾶς
634 1698 691 1750 ἐν
714 1697 892 1767 λόγοις
911 1741 925 1765 ,
962 1700 1056 1754 ἅτε
1095 1704 1344 1776 ἰατρικῆς
1368 1704 1628 1778 ἔμπειρος
1652 1707 1727 1761 ὢν

180 1785 484 1858 ἐπιστήμης.
506 1788 699 1860 Ὅμως
739 1791 803 1862 δὴ
845 1794 873 1846 ὁ
903 1793 1140 1859 τοιοῦτος
1172 1798 1268 1869 τῆς
1304 1798 1398 1852 τοῦ
1428 1801 1547 1853 κατ’
1569 1798 1726 1853 αὑτὸν
1758 1779 1797 1834 Β

178 1875 481 1946 Εὐαγγελίον
509 1882 734 1953 γραφῆς
768 1884 1086 1957 ἀρχόμενος,
1116 1888 1185 1943 τὰ
1212 1890 1310 1960 μὲν
1333 1890 1473 1944 κατὰ
1498 1891 1588 1944 τὸν
1624 1893 1728 1946 Ζα-

171 1968 351 2040 χαρίαν
397 1971 491 2024 καὶ
537 1973 642 2044 τὴν
674 1974 951 2029 Ἐλισάϐετ
983 1980 1185 2050 ἱστορεῖ
1219 1981 1429 2051 πρῶτα.
1468 1978 1600 2036 Εἶτα
1629 1982 1727 2054 τὴν

178 2060 298 2132 πρὸς
328 2059 420 2132 τὴν
465 2064 692 2135 Μαρίαν
744 2066 838 2119 τοῦ
876 2068 1114 2141 Γαϐριὴλ
1151 2072 1469 2140 ἐπιφάνειαν
1511 2075 1727 2127 ἐπισυν-

170 2147 317 2217 -άψας,
331 2149 429 2212 τὰς
452 2152 790 2223 παραδόξους
815 2157 1055 2225 γενέσεις
1074 2156 1200 2230 ἑξῆς
1221 2161 1452 2234 τίθησιν,
1473 2164 1727 2236 οὐδεμιᾶς

180 2239 411 2311 μνησθεὶς
439 2245 793 2315 γενεαλογίας
824 2246 917 2302 τοῦ
941 2249 1139 2321 Ἰωσήφ
1163 2268 1178 2282 ο
1212 2251 1403 2307 ἔπειτα
1429 2253 1726 2310 δωδέκατον

177 2331 278 2397 ἔτος
295 2334 623 2405 ἀναγράφων
645 2336 739 2390 τοῦ
765 2336 959 2411 Ἰησοῦ,
984 2340 1247 2415 ούπω-καὶ
1268 2345 1362 2399 νῦν
1381 2347 1725 2416 γενεαλογίας

178 2429 494 2499 μνημονεύει.
530 2430 691 2485 Μετὰ
725 2431 781 2485 δὲ
811 2433 936 2497 τοὺς
962 2435 1267 2505 Αὐγούστου
1299 2438 1543 2509 χρόνους,
1570 2438 1727 2493 Τιϐε-

176 2522 274 2590 ρίου
294 2523 675 2595 διαδεξαμένου
716 2525 813 2597 τὴν
843 2526 1127 2597 Ῥωμαίων
1153 2530 1466 2600 ἠγεμονίαν,
1496 2530 1636 2584 κατά
1664 2528 1725 2583 τὸ

176 2615 638 2670 πεντεκαιδέκατον
679 2617 841 2671 αὐτοῦ
888 2618 1037 2683 ἔτος,
1080 2621 1213 2690 φησὶ
1244 2621 1334 2675 τὸν
1360 2623 1609 2694 Ἰωάννην
1635 2625 1724 2677 ἐπὶ

174 2705 260 2775 τῆς
283 2708 478 2778 ἐρήμου
512 2708 752 2781 κηρῦξαι
783 2711 1067 2781 μετανοίας
1109 2712 1392 2784 βάπτισμα
1418 2716 1498 2778 είς
1530 2714 1722 2784 ἄφεσιν

175 2794 459 2868 ἁμαρτιῶν·
490 2798 842 2863 διδασκαλίας
871 2818 928 2854 τε
963 2802 1125 2855 αὐτοῦ
1147 2801 1348 2873 τίθησι,
1374 2805 1468 2858 καὶ
1489 2806 1579 2857 ἐπὶ
1601 2805 1723 2859 τού-

168 2893 273 2951 ’τοις
294 2888 510 2955 ἅπασιν,
529 2891 729 2963 Ἰησοῦ,
745 2894 896 2963 φησὶ,
922 2893 1304 2962 βαπτισθέντος
1320 2897 1411 2949 καὶ
1424 2898 1724 2968 πρόσευξα-

176 2980 315 3050 μένου
343 2982 559 3050 ἐγένετο
587 2985 867 3058 ἀνοιγῆναι
894 2986 985 3039 τὸν
1009 2987 1235 3057 οὐρανὸν
1257 3026 1271 3050 ,
1300 2988 1394 3041 καὶ
1424 2990 1721 3061 καταϐῆναι

170 3072 225 3125 τὸ
246 3072 456 3147 Πνεῦμα
484 3075 623 3128 ὡσεὶ
646 3078 996 3148 περιστερὰν,
1033 3078 1124 3131 καὶ
1154 3078 1337 3150 φωνὴν
1370 3078 1579 3133 ἐκεῖθεν
1606 3082 1721 3134 ἐνε-

174 3161 379 3232 χθῆναι·
423 3184 443 3215 ‹
477 3165 555 3217 Σὺ
586 3160 637 3218 εἴ
660 3167 687 3218 6
715 3165 842 3228 Υἱός
882 3183 982 3237 μου
1021 3167 1049 3217 ὁ
1092 3167 1374 3239 ἀγαπητὸς
1412 3170 1471 3223 ὲν
1502 3163 1545 3238 ᾧ
1581 3170 1721 3224 εύδό-

173 3269 313 3326 κησα.
341 3275 359 3308 ι
399 3257 572 3310 Ἔνθα
596 3258 882 3328 γενόμενος
900 3296 914 3323 ,
941 3257 1129 3331 ὥσπερ
1155 3259 1211 3326 ἐξ
1240 3260 1404 3314 ὕπνου
1434 3262 1718 3333 διανήψας,

172 3343 257 3413 τῆς
290 3346 639 3416 γενεαλογίας
670 3348 934 3420 ἀκαίρως,
979 3348 1055 3411 ὡς
1087 3348 1152 3402 ἂν
1191 3350 1397 3422 οἰηθείη
1426 3369 1507 3416 τις
1529 3393 1543 3415 ,
1583 3371 1720 3426 μνη·-

177 3437 364 3505 μονεύει
390 3439 741 3508 λέγων,‹Καὶ
769 3441 931 3505 αὐτὸς
953 3438 1020 3512 ἦν
1049 3442 1345 3512 ἀρχόμενος
1365 3444 1393 3494 ὁ
1410 3443 1614 3516 Ἰησοῦς
1645 3445 1720 3510 ὡς

174 3529 290 3582 ἐτῶν
309 3532 620 3603 τριάκοντα,
644 3531 718 3585 ὢν
741 3533 856 3597 υἱὸς
875 3530 951 3595 ὠς
970 3530 1247 3603 ἐνομίζετο
1268 3532 1360 3587 τοῦ
1385 3535 1600 3607 Ἰωσὴφ,
1626 3536 1717 3590 τοῦ

181 3618 330 3685 Ἠλεὶ,
351 3622 442 3677 τοῦ
465 3623 643 3695 Μελχὶ
669 3624 801 3696 (47),
843 3644 858 3676 ι
895 3625 989 3678 καὶ
1013 3625 1120 3679 τῶν
1145 3625 1366 3679 λοιπῶν.

230 3719 284 3766 ε’.
316 3713 407 3778 Τίς
439 3716 734 3787 τοιγαροῦν
777 3718 834 3769 ἐν
866 3717 1075 3781 τούτοις
1118 3719 1217 3770 οὐκ
1256 3716 1321 3771 ἂν
1353 3717 1716 3788 ἀπορήσειεν;

160 3792 211 3856 ἐί
245 3806 509 3873 λῙατθαῖος
545 3808 643 3880 μὲν
670 3808 828 3877 λόγου
860 3808 1112 3874 σύνταξιν
1138 3809 1515 3880 ἐπιστημόνως
1539 3810 1721 3878 φαίνε-

168 3909 246 3971 ται
298 3899 697 3970 πεποιημένος,
760 3898 900 3951 κατὰ
943 3897 1132 3969 καιρόν
1164 3914 1225 3950 τε
1267 3898 1608 3969 χρησάμενος
1649 3901 1717 3970 τῇ

165 3989 484 4064 γενεαλογίᾳ,
517 3992 730 4055 Λουκᾶς
748 3991 804 4044 δὲ
830 3991 909 4054 είς
930 3988 1181 4043 τοσοῦτον
1210 3988 1439 4061 ἤλαυνεν
1463 3990 1716 4061 ἀπορίας,

166 4080 233 4146 ὡς
255 4083 336 4137 ὅτε
371 4083 469 4155 μὲν
496 4084 663 4156 ἐχρῆν
688 4083 830 4137 κατά
860 4082 1042 4155 χώραν
1067 4083 1165 4155 τὴν
1191 4080 1539 4151 γενεαλογίαν
1563 4080 1718 4135 ἐντά-

169 4171 262 4241 ξαι,
288 4174 585 4246 τηνικαῦτα
615 4174 939 4247 παραλιπεῖν
960 4174 1147 4246 αὐτὴν,
1178 4174 1416 4245 ἱστορίαν
1437 4191 1496 4226 τε
1523 4174 1717 4227 τοσαύ-

167 4281 251 4337 την
274 4267 560 4338 ἐπιθέμενον
584 4267 684 4339 τὴν
710 4267 820 4321 ἀπὸ
842 4267 940 4338 τῆς
962 4267 1228 4335 γενέσεως
1248 4265 1341 4319 τοῦ
1362 4264 1597 4338 Χριστοῦ
1623 4267 1719 4338 μέ-

168 4374 244 4427 χρι
267 4359 557 4431 τριάκοντα
597 4359 755 4423 ἐτῶν,
790 4359 993 4432 μηδένα
1034 4355 1225 4430 καιρὸν
1262 4358 1565 4430 ἐπιτήδειον
1594 4375 1719 4412 συν-

169 4448 281 4502 ιδεῖν
305 4451 400 4523 τῆς
426 4453 546 4505 κατ’
566 4451 727 4506 αὐτὸν
754 4450 1102 4521 γενεαλογίας
1120 4468 1134 4481 ο
1161 4450 1254 4505 νῦν
1275 4451 1332 4504 δὲ
1356 4450 1443 4503 ὅτε
1470 4467 1718 4521 τριακον-
1746 4484 1791 4539 D

164 4541 341 4613 ταέτης
365 4542 603 4612 γεγονὼς
631 4542 883 4615 πάρεισιν
920 4543 1012 4595 ἐπὶ
1046 4542 1105 4595 τὸ
1134 4542 1378 4595 Ἰωάννου
1412 4541 1711 4613 βάπτισμα,

165 4634 299 4706 παρὰ
318 4636 493 4690 πάντα
516 4636 674 4705 λόγον
702 4636 796 4690 καὶ
813 4634 960 4705 παρὰ
976 4634 1184 4707 καιρὸν,
1214 4633 1401 4704 ὥσπερ
1424 4634 1546 4688 τινὰ
1578 4650 1716 4706 παρ-

164 4725 378 4798 ενθήκην
421 4728 630 4798 εἰσάγει
666 4728 765 4800 τῆς
798 4726 1015 4798 γραφῆς
1050 4727 1148 4799 τὴν
1180 4726 1549 4795 γενεαλογίαν.
1575 4724 1712 4778 Ἀλλ’

165 4815 212 4867 εί
233 4818 311 4882 τίς
339 4836 401 4888 γε
431 4819 581 4891 αὐτῷ
609 4819 832 4873 τοιαῦτα
862 4818 1175 4890 ἐμέμψατο,
1206 4819 1305 4872 οὐκ
1340 4818 1405 4872 ἂν
1436 4819 1713 4889 ἠπόρησεν

164 4908 485 4982 ἀποκρίσεως
508 4914 536 4966 ὁ
556 4913 696 4977 θεῖος
727 4910 1114 4983 εύαγγελιστής
1135 4928 1148 4941 ο
1178 4907 1296 4964 εἷπε
1318 4910 1362 4963 δ’
1386 4910 1451 4964 ἂν
1472 4910 1547 4973 ὡς
1568 4909 1713 4974 εἰκὸς

163 5000 269 5056 θεῖά
292 5021 411 5060 τινα
437 5005 530 5059 καὶ
554 5005 695 5076 σοφὰ
715 5007 809 5060 καὶ
832 5003 926 5059 τοῦ
954 5008 1011 5059 ἐν
1040 5004 1189 5075 αὐτῷ
1222 5004 1365 5057 θείου
1398 5003 1712 5075 Πνεύματος

163 5097 361 5163 ἐπάξια.
391 5098 532 5170 Ἐγὼ
554 5100 613 5156 δὲ
643 5099 881 5171 ἠγοῦμαι
908 5097 1069 5152 αὐτὸν
1095 5098 1190 5152 καλ⁸
1229 5098 1327 5169 τὴν
1357 5096 1497 5151 κατὰ
1530 5098 1711 5169 σάρκα

161 5186 354 5253 γένεσιν
389 5189 484 5243 τοῦ
510 5189 684 5263 Ἰησοῦ
712 5188 1049 5260 γενεαλογεῖν
1093 5188 1374 5254 ἐθέλοντα,
1420 5187 1512 5241 νῦν
1554 5186 1711 5240 τοῦτο

163 5282 532 5353 πεποιηκέναι·
558 5282 714 5338 τοῦτο
746 5283 859 5355 γάρ
901 5285 947 5336 εἱ
991 5282 1131 5336 κατά
1171 5280 1395 5353 γνώμην
1420 5281 1706 5352 ἔπραττεν,

161 5370 252 5425 οὐκ
272 5374 451 5443 ἠγνόει
472 5414 489 5440 ,
518 5376 607 5431 ὅτε
650 5376 816 5448 ἐχρῆν
856 5375 1057 5445 ταύτην
1105 5373 1377 5429 ἐκθέσθαι.
1408 5373 1621 5445 Ἐπειδὴ
1651 5371 1709 5426 δὲ

163 5461 247 5517 νῦν
283 5465 380 5537 τῆς
410 5467 498 5523 διὰ
539 5468 762 5543 λουτροῦ
801 5469 1207 5540 ἀναγεννήσεως
1243 5466 1547 5539 μέμνηται,
1578 5464 1707 5520 Υίόν

164 5553 310 5610 αὐτὸν
332 5559 562 5635 εἰσάγων
587 5560 745 5626 Θεοῦ,
775 5559 1021 5632 βούλεται
1041 5559 1116 5623 ὡς
1142 5562 1199 5613 ἐν
1226 5559 1585 5631 ὑποδείγματι
1605 5575 1708 5612 πα-

229 5709 333 5783 (46)
372 5712 463 5769 Sic
490 5714 822 5772 demonstrat
851 5716 1120 5773 Eusebius
1150 5725 1319 5774 totam
1340 5716 1707 5774 Antiocheno-

166 5790 277 5835 rum
303 5784 652 5843 litteraturam
684 5786 925 5844 Graecam
960 5787 1146 5845 fuisse.

1835 514 2069 587 denique
2092 515 2442 573 Archelaum.
2487 516 2556 572 Et
2585 517 2859 589 quomodo
2892 529 3016 589 post
3061 517 3178 573 hate
3209 517 3266 573 in
3294 534 3400 588 pu-

1832 608 2036 663 blicum
2078 609 2361 665 hominum
2413 619 2769 681 conspectum
2820 611 3082 681 prodiens
3132 608 3399 671 Joannes.

1832 701 2115 758 tricesimo
2146 704 2325 758 atatis
2348 700 2478 758 Jesu
2503 719 2671 766 anno,
2703 704 3040 774 poenitentiae
3060 704 3400 775 baptismum

1831 791 1888 845 in
1938 793 2157 848 deserto
2203 795 2597 866 praedicaverit,
2634 801 2820 866 atque
2882 797 3025 849 inter
3067 794 3210 849 alios
3265 792 3400 848 illuc

1830 882 1992 942 Jesus
2046 903 2265 959 quoque
2316 885 2558 953 venerit,
2590 896 2651 943 ut
2683 888 2784 944 ahs
2823 887 3034 943 Joanne
3078 887 3134 942 in
3161 885 3402 942 Jordane
3440 875 3445 879 ’

1829 978 2230 1049 baptizaretur.
2287 974 2453 1036 Vides
2505 994 2636 1051 ergo
2692 980 2752 1034 in
2802 980 2890 1035 his
2947 987 3283 1043 contextum,
3345 986 3400 1034 et

1831 1068 2111 1123 historicas
2146 1069 2479 1124 narrationis
2526 1069 2829 1140 sequelam.
2883 1084 3054 1139 quam
3114 1067 3398 1125 Matthaeus

1829 1161 2077 1230 exponit,
2127 1160 2216 1215 vir
2264 1158 2477 1232 Syrus,‘
2506 1161 2851 1232 professione
2880 1162 3006 1215 vitae
3038 1160 3392 1231 publicanus,

1829 1250 2021 1324 lingua
2058 1244 2340 1309 Hebraeus.
2974 1244 2982 1252 ’

1901 1344 1956 1400 4.
1998 1344 2068 1398 At
2110 1342 2289 1401 Lucas
2319 1344 2522 1400 celebri
2556 1343 2848 1398 Antiochia
2893 1358 3066 1414 genus
3119 1342 3396 1408 trahebat,

1829 1448 1938 1505 qua
1971 1434 2027 1488 in
2058 1434 2195 1497 urbe
2241 1433 2599 1489 eruditissimi
2665 1433 2871 1504 quique
2926 1434 3024 1488 abs
3069 1430 3294 1489 lenibus
3337 1448 3399 1488 se

1829 1525 2146 1597 progenitos
2173 1540 2296 1581 esse
2324 1525 2647 1596 gloriantur.
2695 1522 2801 1579 Sed
2831 1531 3028 1594 praeter
3060 1523 3287 1579 insitum
3317 1522 3398 1601 ci-

1831 1619 1993 1674 vibus
2021 1617 2427 1680 hellenismum,
2478 1616 2773 1688 aliquando
2800 1616 2975 1686 magis
3004 1613 3312 1686 profecerat
3340 1615 3395 1670 in

1832 1710 2030 1764 litteris
2071 1707 2267 1773 Lucas,
2296 1709 2446 1778 “quia
2476 1708 2701 1763 medica:
2726 1707 2863 1761 artis
2895 1707 3104 1776 peritus
3139 1711 3275 1760 erat.
3331 1704 3398 1759 Et

1829 1810 2011 1855 tamen
2061 1801 2189 1856 talis
2238 1815 2362 1855 cum
2406 1807 2573 1861 esset,
2621 1798 2897 1869 Evangelii
2937 1799 3266 1867 scripturam
3305 1812 3397 1853 or-

1828 1895 2004 1956 diens,
2053 1908 2142 1947 res
2178 1891 2411 1962 primum
2460 1887 2741 1946 Zacharias
2780 1898 2836 1945 et
2863 1888 3153 1944 Elisabeta:
3179 1895 3392 1943 narrat.

1830 1985 2030 2040 Deinde
2057 1983 2326 2039 Gabrielis
2353 1983 2421 2038 ad
2465 1982 2690 2036 Mariam
2729 1983 3070 2052 apparitione
3117 1981 3393 2046 subnexa,

1826 2079 1995 2131 miras
2050 2077 2173 2133 illas
2202 2078 2525 2131 nativitates
2557 2074 2756 2130 deinde
2786 2073 2961 2144 ponit,
2994 2074 3142 2127 nulla
3171 2070 3395 2142 Josephi

1825 2168 2153 2240 genealogize
2203 2168 2349 2223 facta
2390 2168 2687 2224 mentione.
2750 2164 2949 2220 Postea
3009 2163 3391 2219 duodecimum

1820 2262 1949 2318 Jesu
1977 2277 2180 2317 annum
2225 2263 2492 2327 scribens,
2544 2260 2786 2315 nondum
2819 2259 2986 2311 ullam
3020 2254 3391 2328 genealogiam

1825 2362 2112 2412 memorat.
2169 2354 2302 2410 Post
2356 2352 2589 2424 Augusti
2645 2367 2777 2406 vero
2841 2360 3110 2420 tempora,
3173 2347 3395 2402 Tiberio

1824 2443 2192 2528 Romanorum
2224 2445 2510 2514 imperium
2536 2440 2978 2512 tenente,quinto
2995 2439 3206 2494 decimo
3228 2436 3395 2507 hujus

1822 2550 1988 2600 anno,
2025 2536 2158 2590 dicit
2183 2533 2448 2590 Joannem
2482 2534 2539 2588 in
2567 2533 2786 2589 deserto
2831 2531 3217 2602 praedicavisse
3269 2543 3390 2599 pm-

1822 2625 2065 2681 nitentiae
2115 2626 2445 2697 baptismum
2504 2625 2561 2679 in
2590 2631 2936 2694 peccatorum
2970 2622 3387 2679 remissionem:

1821 2715 2226 2785 concionesque
2269 2715 2392 2785 ejus
2425 2716 2679 2785 exponit;
2732 2722 2792 2770 et
2835 2721 2960 2785 post
3001 2712 3118 2768 haec
3176 2711 3388 2776 omnia,

1819 2803 1970 2873 Jesu,
1993 2808 2190 2879 inquit,
2210 2806 2484 2877 baptizato
2506 2814 2561 2863 et
2587 2814 2778 2863 orante
2806 2807 3004 2861 malum
3026 2805 3227 2876 aperiri
3254 2820 3390 2860 con-

1822 2899 1964 2968 tigit,
1999 2908 2053 2953 et
2082 2897 2344 2969 Spiritum
2376 2899 2642 2954 columbae
2687 2899 2872 2969 specie
2899 2898 3255 2963 descendere,
3300 2905 3387 2954 at-

1822 3005 1929 3060 que
1961 2990 2115 3045 illinc
2144 3004 2333 3045 vocem
2369 2989 2571 3045 deferri
2599 3008 2612 3044 :
2648 2989 2759 3044 «Tu
2776 3005 2836 3045 es
2864 2987 3039 3043 Filius
3067 3003 3221 3044 meus
3250 2989 3389 3044 dile-

1824 3088 1970 3146 ctus,
1996 3082 2050 3135 in
2086 3095 2196 3151 quo
2250 3081 2384 3135 mihi
2415 3080 2745 3152 complacui.
2780 3100 2799 3133 ι
2857 3079 3028 3136 Porro
3055 3080 3163 3135 huc
3192 3095 3387 3151 prove-

1825 3185 1967 3239 ctus,
2002 3185 2261 3245 tanquam
2299 3189 2492 3229 somno
2521 3174 2805 3245 evigilans,
2830 3173 3158 3245 genealogiae.
3186 3174 3384 3229 inlem~

1822 3264 2050 3335 pestive,
2082 3272 2142 3317 ut
2182 3262 2381 3331 aliquis
2431 3262 2785 3327 existimabit,
2817 3263 3150 3317 mentionem
3179 3261 3378 3318 infert:

1826 3374 1845 3406 ι
1879 3357 1948 3409 Et
1977 3354 2093 3424 ipse
2124 3352 2286 3409 Jesus
2321 3360 2438 3408 erat
2494 3352 2763 3422 incipiens
2808 3352 2966 3423 quasi
2997 3367 3259 3407 annorum
3282 3353 3386 3408 tri-

1821 3451 1992 3518 ginta,
2045 3446 2190 3500 lilius
2237 3453 2297 3499 ut
2336 3444 2634 3515 putabatur
2666 3441 2913 3513 Josephl,
2955 3444 3051 3514 qui
3081 3442 3185 3498 fuit
3235 3442 3380 3508 Heli,

1823 3537 1915 3605 qui
1946 3535 2049 3589 fuit
2081 3533 2299 3603 Melchi,
2334 3552 2353 3586 ι
2373 3542 2430 3589 et
2454 3533 2814 3602 reliquorum.

1892 3716 1945 3771 5.
1988 3714 2123 3782 Quis
2149 3729 2278 3785 ergo
2310 3713 2415 3768 hoc
2441 3713 2562 3768 loco
2586 3713 2718 3768 'non
2749 3711 2821 3769 sit
2853 3713 3184 3784 perplexus?
3210 3713 3385 3784 siqui-

1819 3810 1941 3865 dem
1996 3808 2307 3864 Matthteum
2371 3807 2704 3861 narrationis
2755 3821 2868 3861 suae
2930 3807 3380 3875 compositionem

1821 3902 1957 3958 scite
1992 3899 2192 3955 fecisse
2236 3906 2493 3970 apparet;
2526 3897 2729 3953 Lucam
2762 3906 2942 3953 autem
2985 3905 3138 3952 tanta
3172 3899 3382 3969 incogi-

1823 3995 1996 4048 tantia
2028 3992 2219 4057 fuisse,
2252 4004 2311 4046 ut
2343 4007 2466 4046 cum
2511 4006 2611 4046 suo
2654 3991 2774 4046 loco
2814 3991 3185 4061 genealogiam
3211 3990 3384 4046 collo-

1820 4103 1948 4143 care
1988 4087 2232 4148 deberet,
2284 4099 2404 4140 eam
2467 4093 2600 4139 tunc
2645 4083 3089 4155 praetermiserit:
3142 4092 3197 4137 et
3252 4095 3381 4137 cum

1818 4187 2026 4232 tantum
2063 4176 2303 4231 historia:
2334 4183 2541 4245 partem
2577 4175 2915 4245 scripsisset,
2942 4188 3137 4244 nempe
3169 4187 3201 4226 a
3230 4171 3386 4227 Chri-

1820 4273 1889 4326 sti
1925 4271 2209 4325 nativitate
2250 4284 2425 4338 usque
2465 4267 2531 4322 ad
2581 4269 2919 4323 tricesimum
2981 4266 3102 4337 ejus
3153 4280 3380 4333 annum,
3444 4258 3454 4267 ’

1819 4363 2030 4417 nullum
2092 4362 2394 4417 inserenda:
2460 4362 2790 4433 genealogirc
2852 4361 3108 4416 idoneum
3166 4369 3380 4430 tempus

1822 4453 2139 4525 agnoverit:
2170 4451 2267 4507 sed
2301 4469 2447 4507 nunc
2469 4452 2690 4507 demum
2719 4468 2844 4507 cum
2881 4453 3105 4522 triginta
3137 4450 3249 4519 jam
3280 4466 3381 4506 an-

1821 4562 1920 4601 nos
1946 4554 2108 4600 natus
2138 4543 2205 4598 ad
2236 4541 2465 4601 Joannis
2497 4545 2827 4615 baptismum
2859 4542 3070 4599 accedit
3102 4541 3376 4608 Christus,

1821 4649 2021 4710 praeter
2077 4652 2293 4692 omnem
2356 4638 2626 4692 rationem
2699 4650 2763 4690 ac
2820 4641 3060 4708 tempus,
3115 4643 3376 4705 tauquam

1817 4729 2016 4799 scripti
2070 4729 2338 4783 insertum
2394 4725 2668 4796 quoddam
2711 4725 3081 4796 genealogiam
3128 4724 3374 4780 inducat.

1814 4820 2292 4877 Verumenimvero
2337 4818 2383 4873 si
2431 4818 2554 4887 quis
2590 4818 2751 4873 illum,
2787 4817 2867 4872 sic
2918 4817 3373 4887 reprehenderet,

1816 4914 1962 4968 haud
1993 4926 2321 4983 responsum
2353 4926 2512 4965 suum
2552 4909 2853 4966 desiderari
2897 4920 3173 4980 pateretur
3215 4912 3375 4965 divus

1813 5006 2186 5078 evangelista;
2220 5002 2316 5061 sed
2362 5002 2549 5057 divina
2593 5006 2860 5074 quaedam,
2897 5011 2957 5057 ut
3006 5018 3106 5073 par
3158 5011 3266 5071 est,
3320 5011 3375 5057 et

1815 5097 1976 5161 scita,
2019 5103 2075 5151 et
2114 5095 2456 5150 inhabitante
2481 5094 2668 5151 divino
2707 5093 2918 5165 Spiritu
2955 5093 3117 5164 digna
3151 5094 3368 5165 eloque-

1813 5197 1986 5243 retur.
2040 5185 2153 5257 Ego
2182 5193 2364 5242 autem
2409 5186 2664 5241 existimo
2693 5186 2875 5256 ipsum
2917 5182 3050 5241 Jesu
3095 5187 3372 5241 carnalem

1815 5294 2040 5353 quoque
2067 5279 2336 5349 originem
2383 5277 2694 5335 describere
2719 5277 3014 5342 volentem,
3050 5276 3127 5331 ita
3163 5292 3222 5333 se
3248 5292 3373 5347 ges-

1811 5373 1974 5429 sisse.
2016 5370 2084 5426 Et
2113 5371 2241 5443 quia
2264 5371 2369 5426 hoc
2396 5371 2445 5427 ei
2470 5369 2808 5442 propositum
2847 5376 2988 5433 erat,
3024 5367 3169 5424 haud
3217 5369 3375 5441 igne-

1808 5465 1987 5533 rabat,
2035 5463 2440 5537 generationem
2493 5459 2806 5532 hujusmodi
2863 5460 3062 5529 exponi
3094 5467 3370 5531 oportere.

1811 5552 1920 5611 Sed
1955 5553 2216 5626 quoniam
2239 5566 2384 5606 nunc
2411 5549 2479 5606 de
2519 5549 2932 5621 regeneratione
2960 5563 3059 5620 per
3081 5548 3365 5605 lavacrum

1878 5715 1991 5790 (4⁵1)
2028 5715 2107 5770 lta
2135 5714 2326 5780 codex,
2359 5712 2738 5785 praetermissis
2777 5711 2980 5770 llatath
3011 5720 3064 5769 et
3089 5711 3240 5770 Levi.
