3868 6264
496 286 608 340 εθϐὄ

1216 278 1483 336 EUSE-BII
1507 279 1992 337 GESARIENSIS
2027 282 2178 339 OPP.
2221 281 2399 336 PARS
2434 281 2524 338 HI.
2563 305 2637 326 ἀ-
2673 280 3076 336 EXEGETICA.
3620 286 3703 339 εει
3784 317 3789 332 .

504 401 764 472 loquitur,
796 398 1090 466 Jesumque
1123 403 1182 448 ut
1217 393 1310 448 Dei
1335 393 1535 448 Filium
1559 393 1823 460 exhibet;
1853 394 2057 449 idcirco

2166 395 2431 467 ραστῆσαι
2463 396 2545 448 ὅτι
2571 395 2635 468 δὴ
2679 397 2787 459 πᾶς
2827 397 2855 447 6
2884 398 2942 448 ἐν
2984 393 3100 464 Θεῷ
3141 393 3594 464 ἀναγεννὼμενος,
3623 399 3705 451 κᾶν

504 490 609 544 hoc
632 488 794 544 veluti
822 486 1067 556 exemplo
1105 485 1485 556 demonstrare
1515 483 1718 548 studet,
1765 484 2064 554 quemlibet

492 582 778 636 hominem
811 578 866 630 in
908 575 1020 630 Deo
1062 581 1473 645 regeneratum,
1503 573 1718 629 etiamsi
1758 590 1884 628 vere
1921 574 2064 631 ﬁlius

493 670 780 724 hominum
816 667 1076 720 habeatur
1119 666 1190 720 ob
1234 679 1456 720 carnem
1507 679 1614 734 qua
1674 663 1901 720 indutus
1955 673 2062 730 est,

501 776 612 815 non
639 769 818 813 tamen
849 773 973 812 cum
1008 773 1106 812 sua
1145 762 1342 809 natura
1383 754 1446 807 'in
1485 755 1668 809 carnis
1725 754 2064 824 genitoribus

501 851 715 912 sistere,
741 863 917 918 neque
953 862 1059 900 non
1096 847 1240 899 ultra
1276 845 1524 914 corporis
1564 850 1940 914 procreatores
1969 859 2066 898 ex-

501 955 762 995 currere:
793 954 978 994 verum
1002 939 1217 992 etiamsi
1249 935 1394 991 ﬁlius
1427 937 1667 990 hominis
1696 935 1949 989 videatur
1993 936 2064 991 ob

501 1033 744 1103 corporis
781 1031 1212 1102 generationem,
1247 1030 1612 1085 nihilominus
1642 1021 1786 1082 haud
1825 1029 2063 1082 alienum

502 1144 531 1181 ιι
561 1126 656 1180 Dei
705 1125 996 1195 adoptione
1049 1124 1286 1177 censeri.
1350 1121 1626 1175 Existimo
1669 1121 1837 1189 igitur
1884 1121 2064 1189 ipsum

501 1218 822 1287 tempestive
869 1227 922 1270 et
971 1215 1340 1285 genealogiam
1397 1213 1716 1282 scripsisse,
1764 1219 1819 1264 et
1851 1211 2061 1264 addita-

496 1319 680 1363 mento
719 1295 974 1360 dictionis
1001 1315 1056 1358 ut
1079 1303 1367 1374 putabatur
1397 1319 1581 1357 usum.
1619 1301 2063 1356 Consentaneum

499 1400 699 1469 quippe
751 1409 888 1463 erat,
929 1407 1216 1466 postquam
1262 1396 1328 1449 de
1367 1396 1506 1448 cmlo
1566 1393 1938 1448 testimonium
1995 1391 2062 1445 ad

497 1490 686 1546 Jesum
723 1498 976 1544 venerat:
1031 1488 1111 1542 Tu
1163 1504 1222 1543 es
1255 1487 1424 1542 Filius
1459 1501 1614 1540 meus
1643 1484 1897 1546 dilectus,
1930 1484 1983 1537 in
2012 1494 2064 1538 te

502 1585 634 1638 mihi
696 1581 1033 1652 complacui;
1070 1581 1182 1650 jam
1236 1581 1458 1650 inquam
1491 1579 1642 1632 haud
1674 1575 1921 1640 decebat,
1969 1577 2066 1631 ho-

490 1677 703 1729 minum
739 1675 926 1736 ﬁlium,
963 1689 1114 1743 atque
1147 1687 1210 1726 ac
1244 1680 1492 1734 caeteros,
1543 1670 1720 1740 ipsum
1764 1670 2063 1739 appellare;

497 1765 593 1821 sed
633 1765 1057 1819 additamentum
1087 1765 1320 1833 adjicere
1359 1779 1495 1833 opus
1537 1763 1637 1816 fuit
1668 1773 1723 1815 ut
1747 1763 2057 1832 putabatur.

2171 488 2387 560 ἀληθῶς
2431 490 2546 553 υἱὸς
2583 489 2884 561 ἀνθρώπων
2928 483 3064 541 εἶναι
3103 485 3371 557 νομίζοιτο
3403 488 3469 539 δι’
3492 488 3556 557 ῆν
3582 492 3706 558 περί-

2172 598 2349 633 κειται
2400 582 2575 654 σάρκα
2597 621 2610 646 ,
2647 581 2758 633 ἀλλ’
2781 581 2878 651 οὐχ
2907 577 3120 632 ἵσταταί
3153 595 3216 654 γε
3251 577 3396 647 αὑτῷ
3421 577 3491 630 τά
3517 578 3607 646 τῆς
3635 597 3730 648 γει,

2171 663 2370 734 νέσεως
2410 674 2489 736 εἰς
2517 673 2641 735 τοὺς
2673 672 2811 724 κατά
2850 671 3025 740 σάρκα
3054 672 3262 737 γονεῖς,
3299 669 3416 721 οὑδὲ
3448 669 3603 739 μέχρι
3622 672 3707 722 τῶν

2171 753 2266 813 τοῦ
2314 762 2566 832 σώματος
2604 763 2958 835 προπατόρων
2998 760 3213 830 φθάνει·
3253 761 3366 814 ἀλλ’
3390 762 3436 813 εἰ
3475 762 3567 812 καὶ
3592 756 3710 831 νομί-

2173 851 2318 916 ζοιτο
2347 847 2646 926 ἀνθρὼπων
2672 851 2807 907 εἶναι
2824 855 2935 916 υίὸς
2962 854 3047 906 διὰ
3069 853 3165 923 τὴν
3193 852 3286 905 τοῦ
3312 852 3560 922 σώματος
3585 855 3708 921 γένε-

2169 951 2278 1008 σιν,
2311 946 2457 1016 ὅμως
2480 944 2525 998 δ’
2550 942 2640 999 οῦν
2655 947 2754 998 οὑκ
2783 945 3055 1016 ἀλλότριος
3083 946 3179 1014 τῆς
3195 944 3288 996 τοῦ
3317 944 3454 997 Θεοῦ
3476 940 3718 1017 υἱοθεσίαςΙ

2171 1036 2497 1109 καθέστηκε.
2541 1037 2632 1090 Διδ
2673 1038 2907 1108 ἡγοῦμαι
2950 1037 3109 1090 αὑτὸν
3150 1038 3290 1091 κατά
3328 1038 3521 1109 καιρόν
3555 1033 3637 1090 καί
3659 1043 3707 1108 τῇ

2170 1123 2486 1200 γενεαλογίᾳ
2536 1131 2855 1201 κεχρῆσθαι,
2924 1133 3017 1183 καὶ
3069 1135 3134 1202 τῇ
3181 1129 3466 1203 προσθήκῃ
3511 1131 3603 1200 τῆς
3647 1125 3710 1196 ὡς

2168 1211 2464 1289 ἐνομίζετο
2488 1222 2690 1292 φωνῆς.
2738 1224 2846 1275 Καὶ
2891 1223 2998 1292 γάρ
3049 1219 3332 1276 ἀκόλουθον
3385 1217 3488 1291 ἦν,
3533 1215 3626 1290 τῆς
3665 1223 3710 1288 ἐξ

2168 1312 2410 1381 οὐρανῶν
2459 1315 2760 1385 μαρτυρίας
2805 1316 3054 1385 φησάσης
3093 1316 3229 1387 πρὸς
3263 1315 3353 1367 τὸν
3396 1315 3618 1385 Ἰησοῦν,
3650 1316 3706 1368 Σὺ

2171 1403 2199 1454 6
2223 1402 2334 1466 υἱός
2360 1421 2461 1472 μου
2489 1407 2516 1458 6
2546 1406 2843 1475 ἀγαπητὸς,
2891 1409 2947 1458 ἐν
2966 1407 3046 1458 σοὶ
3075 1407 3360 1477 εὐδόκησα,
3397 1397 3593 1476 μηκέτι
3640 1408 3712 1459 καὶ

2170 1491 2470 1562 ἀνθρώπων
2529 1496 2728 1566 ὁμοίως
2796 1497 2955 1550 αὑτὸν
2994 1497 3352 1567 ἀναγορεῦσαι
3399 1498 3531 1560 υἱὸν,
3602 1500 3712 1566 μετά

2173 1587 2228 1639 δὲ
2278 1588 2373 1657 τῆς
2429 1589 2508 1653 ὡς
2562 1587 2851 1657 ἐνομίζετο
2910 1589 3255 1660 προσθήκης·
3307 1588 3442 1642 Θεοῦ
3483 1583 3582 1659 μὲν
3627 1591 3714 1661 γὰρ

2174 1677 2341 1748 ἀνεκη
2353 1678 2518 1751 ρύχθη
2549 1681 2662 1743 υίὸς
2690 1676 2824 1732 εἶναι
2851 1679 3029 1748 φύσει,
3055 1679 3166 1732 ἀλλ’
3195 1681 3291 1749 οὑχ
3309 1678 3389 1743 ὡς
3410 1679 3710 1748 ἐνομίζετο·

2167 1766 2260 1819 τοῦ
2286 1768 2341 1820 δὲ
2369 1770 2564 1840 Ἰωσὴφ
2595 1771 2891 1841 ἐνομίζετο,
2929 1763 3044 1823 ἀλλ’
3071 1771 3132 1822 οὑ
3163 1770 3320 1839 φύσει
3354 1772 3468 1834 υἱὸς
3489 1767 3578 1841 ἦν.

496 1861 629 1916 Nam
654 1861 743 1916 Dei
777 1860 994 1930 quidem
1040 1861 1404 1930 proclamatus
1457 1858 1556 1913 fuit
1605 1860 1926 1913 naturaliter
1970 1860 2132 1924 ﬁlius,
2181 1877 2293 1918 non
2349 1876 2529 1922 autem
2589 1875 2646 1920 ut
2703 1867 3034 1936 putabatur:
3088 1883 3244 1922 secus
3292 1878 3474 1924 autem
3518 1868 3712 1940 Josephi

497 1954 715 2027 quidem
762 1952 1084 2022 putabatur,
1145 1951 1238 2006 sed
1296 1967 1404 2005 non
1467 1959 1584 2005 erat
1647 1953 1970 2005 naturaliter
2009 1952 2173 2009 ﬁlius.

567 2049 622 2104 6.
665 2049 795 2114 Qua:
839 2063 960 2101 cum
1001 2048 1075 2100 ita
1130 2062 1189 2102 se
1236 2047 1494 2110 habeant,
1546 2046 1736 2101 videor
1787 2048 1918 2101 mihi
1977 2047 2056 2103 sic

2230 2058 2302 2115 ς’.
2344 2046 2442 2104 Ὧν
2476 2052 2645 2117 οὕτως
2691 2054 2938 2123 ἐχόντων,
2979 2052 3118 2106 δοκῶ
3166 2071 3254 2122 μοι
3301 2053 3397 2106 καὶ
3445 2052 3616 2117 οὕτως
3641 2053 3711 2106 τὸν

491 2142 764 2196 rationem
786 2139 1111 2203 reddidisse,
1135 2155 1233 2193 cur
1250 2137 1534 2192 Matthaeus
1555 2139 1882 2206 scripturam
1909 2153 2062 2193 suam

497 2232 817 2298 exordiens,
853 2238 979 2285 ante
1009 2230 1192 2284 Mariae
1222 2239 1569 2298 conceptum,
1594 2237 1649 2282 et
1698 2236 1823 2282 ante
1865 2243 2061 2282 carna-

499 2327 603 2378 lem
628 2323 759 2378 Jesu
792 2323 1222 2394 generationem,
1259 2322 1585 2393 tempestive
1630 2321 1682 2375 in
1714 2337 1811 2376 sua
1835 2321 2062 2376 historia

497 2414 772 2469 carnalem
805 2412 1176 2482 genealogiam
1214 2412 1597 2482 praeposuerit.
1630 2410 1921 2482 Propterea
1966 2429 2060 2484 ge-

497 2507 806 2562 nerationes
855 2519 1071 2575 quoque
1129 2503 1385 2559 deorsum
1442 2504 1612 2568 ducit,
1659 2503 1980 2559 descensum
2031 2520 2063 2558 a

495 2598 721 2652 meliore
761 2603 907 2652 statu
950 2597 1186 2652 innuens
1233 2597 1380 2652 illius
1425 2595 1493 2650 de
1523 2610 1632 2665 quo
1669 2597 1780 2666 agit
1815 2615 1827 2650 :
1858 2597 2059 2650 etenim

496 2690 840 2744 incarnatum
896 2689 989 2743 Dei
1041 2688 1280 2743 Verbum
1345 2702 1539 2758 reapse
1589 2689 1901 2751 descendit,
1933 2689 2060 2758 quia

494 2795 623 2834 cum
679 2780 736 2834 in
797 2780 973 2834 forma
1021 2778 1115 2834 Dei
1164 2787 1310 2834 esset
1357 2779 1661 2834 exinanivit
1706 2781 2060 2849 semetipsum

496 2870 729 2926 formam
760 2873 902 2926 servi
933 2871 1226 2941 accipiens.
1261 2871 1332 2924 At
1355 2885 1485 2925 vero
1521 2870 1730 2934 Lucas,
1765 2871 2058 2940 siquidem,

493 2978 650 3035 aeque
681 2978 745 3017 ac
783 2962 1091 3030 Mattheus,
1120 2961 1285 3017 Verbi
1322 2963 1379 3017 in
1419 2978 1586 3017 carne
1629 2962 1918 3018 adventum
1966 2962 2061 3018 de-

497 3061 901 3110 monstraturus
925 3053 1137 3119 fuisset,
1169 3054 1287 3124 ipse
1313 3069 1531 3124 quoque
1583 3054 1808 3108 omnino
1843 3053 2060 3125 generis

498 3147 779 3202 historiam
814 3145 1128 3214 scripsisset
1176 3145 1323 3200 circa
1363 3145 1739 3216 conceptionis
1775 3154 1869 3200 aut
1915 3152 2061 3200 certe

496 3237 798 3292 nativitatis
865 3243 1118 3308 tempus;
1172 3236 1578 3307 erdinatimque
1649 3251 1680 3291 a
1752 3237 2060 3293 senioribus

497 3329 818 3392 exordiens,
853 3328 922 3383 ad
963 3335 1272 3398 postremos
1313 3327 1711 3383 descendisset.
1770 3324 1877 3382 Sed
1931 3327 2061 3397 quia

2163 2140 2417 2213 λογισμὸν
2450 2143 2861 2208 ἀποδεδωκέναι,
2895 2143 3015 2196 καθ’
3054 2144 3111 2196 ὃν
3143 2146 3169 2196 6
3201 2144 3300 2214 μὲν
3334 2143 3610 2206 Ματθαῖος
3632 2145 3713 2215 ἀρ-

2163 2234 2389 2304 χόμενος
2421 2235 2516 2304 τῆς
2546 2234 2737 2286 ἑαυτοῦ
2769 2235 3001 2305 γραφῆς,
3038 2235 3144 2305 πρὸ
3175 2235 3273 2303 τῆς
3304 2234 3616 2304 συλλήψεως
3635 2235 3711 2302 τῆς

2162 2325 2401 2396 Μαρίας,
2439 2327 2530 2379 καὶ
2563 2326 2667 2396 πρὸ
2695 2326 2791 2395 τῆς
2817 2327 3076 2396 ἐνσάρκου
3111 2326 3374 2394 γενέσεως
3407 2326 3496 2378 τοῦ
3537 2327 3708 2395 Ἰησοῦ,

2163 2418 2304 2470 κατά
2330 2407 2516 2490 καιρὸν
2540 2419 2614 2482 ὼς
2644 2420 2700 2470 ἐν
2735 2420 2943 2490 ἱστορία
2970 2418 3255 2488 προτάττει
3281 2419 3378 2490 τὴν
3399 2420 3540 2472 κατά
3563 2419 3708 2488 σάρκα

2164 2511 2526 2579 γενεαλογίαν·
2577 2511 2656 2562 διὸ
2682 2512 2772 2563 καὶ
2807 2512 2874 2564 τὰ
2913 2513 3040 2582 γένη
3077 2511 3324 2581 κατάγει,
3369 2510 3594 2563 κάθοδον
3627 2511 3711 2563 ἀπὸ

2161 2604 2270 2656 τῶν
2316 2602 2636 2672 κρειττόνων
2686 2605 3053 2673 αἰνιττόμενος
3094 2604 3188 2657 τοῦ
3225 2603 3575 2676 δηλουμένου·
3605 2620 3709 2673 σαρ-

2163 2693 2423 2763 κούμενος
2453 2694 2558 2764 γὰρ
2595 2696 2622 2747 6
2659 2695 2826 2762 Λόγος
2876 2694 2968 2746 τοῦ
3019 2695 3153 2748 Θεοῦ
3194 2693 3406 2765 κατῄει,
3443 2696 3525 2746 ὅτι
3566 2694 3627 2764 δὴ
3667 2696 3712 2744 ἐν

2167 2787 2346 2856 μορφῇ
2380 2785 2512 2837 Θεοῦ
2549 2785 2806 2856 ὑπάρχων
2847 2786 3110 2838 ἐκένωσεν
3142 2787 3332 2840 ἑαυτὸν
3368 2788 3582 2859 μορφὴν
3611 2785 3710 2838 δού-

2162 2876 2252 2929 λου
2284 2876 2477 2929 λαϐών·
2511 2876 2540 2927 6
2576 2876 2630 2928 δὲ
2668 2877 2900 2940 Λουκᾶς,
2937 2879 2984 2929 εἰ
3025 2878 3121 2947 μὲν
3146 2879 3346 2948 ὁμοίως
3369 2879 3445 2948 τῷ
3475 2878 3712 2948 Ματθαίῳ

2161 2969 2258 3039 τὴν
2281 2969 2537 3039 ἐνσαρκον
2571 2967 2788 3038 ἔμελλεν
2822 2967 2983 3022 αὑτοῦ
3030 2970 3325 3041 παρουσίαν
3358 2969 3570 3040 δηλοῦν,
3603 2971 3716 3023 πάν·

2159 3077 2266 3123 τως
2305 3061 2369 3114 ἂν
2407 3062 2674 3132 ἐχρήσατο
2716 3061 2810 3113 καὶ
2837 3061 2998 3124 αὑτὸς
3035 3064 3102 3132 τῇ
3145 3061 3238 3114 τοῦ
3279 3062 3470 3131 γένους
3501 3063 3712 3134 ἱστορίᾳ,

2160 3149 2301 3202 κατὰ
2326 3150 2414 3202 τὸν
2437 3149 2536 3220 τῆς
2558 3149 2868 3221 συλλήψεως
2892 3151 2924 3220 ἢ
2955 3150 3054 3220 τῆς
3077 3151 3383 3217 ἀποτέξεως
3407 3153 3615 3224 καιρόν·
3637 3156 3714 3206 καὶ

2161 3241 2465 3305 ἀκολούθως
2491 3242 2598 3295 ἀπὸ
2630 3241 2738 3293 τῶν
2765 3241 3148 3312 πρεσϐυτέρων
3185 3242 3511 3313 ἀρξάμενος,
3545 3243 3713 3315 κατῄει

2163 3331 2256 3385 ἐπὶ
2288 3333 2413 3394 τοὺς
2451 3331 2807 3395 τελευταίους·
2841 3332 2962 3385 ἐπεὶ
2991 3333 3046 3385 δὲ
3069 3331 3128 3384 οὑ
3157 3331 3300 3385 κατά
3334 3334 3433 3402 τὴν
3463 3329 3628 3405 αὑτὴν
3649 3332 3713 3400 τῷ

499 3419 642 3476 haud
672 3419 970 3476 secundum
995 3418 1233 3473 Matthaei
1254 3426 1488 3475 mentem
1516 3417 1880 3473 narrationem
1904 3433 2057 3473 suam

2163 3421 2423 3495 Ματθαίῳ
2459 3423 2691 3477 διάνοιαν
2724 3423 2934 3488 ἐξέθετο
2961 3422 3055 3493 τὴν
3087 3423 3354 3495 διήγησιν,
3389 3397 3611 3488 εἰκότως
3638 3397 3713 3476 τὸν

496 3510 778 3581 explicuit,
831 3509 1027 3565 merito
1065 3517 1281 3580 tempus
1324 3507 1460 3563 illud
1517 3507 1930 3572 transcendens,
1992 3507 2057 3561 ad

496 3603 748 3676 baptismi
785 3602 1253 3674 regenerationem
1277 3599 1556 3657 contendit
1581 3620 1595 3656 :
1621 3609 1782 3671 atque
1811 3601 1916 3655 hoc
1938 3601 2062 3655 loco

496 3694 826 3751 contrariam
863 3694 1087 3765 exponit
1130 3692 1547 3765 generationum
1595 3692 1999 3748 successionem
2044 3709 2058 3745 :

497 3786 855 3857 subgradiens
880 3786 1042 3841 simul
1066 3802 1096 3840 a
1121 3785 1414 3856 postremis
1444 3783 1512 3838 ad
1539 3785 1766 3855 primos,
1791 3784 2062 3855 simulque

496 3879 676 3934 vitans
694 3885 1246 3933 commemoratorum
1268 3892 1298 3930 a
1326 3875 1580 3931 Matthaao
1610 3891 1830 3932 reorum
1863 3891 2059 3947 pecca-

496 3977 787 4038 torumque
861 3967 1106 4022 virorum
1167 3968 1500 4023 mentionem
1555 3987 1569 4020 :
1617 3967 2058 4037 quandoquidem

496 4067 847 4132 regeneratus
897 4061 952 4114 in
998 4059 1129 4127 Deo,
1154 4060 1213 4113 ﬁt
1241 4060 1450 4115 alienus
1489 4075 1520 4113 a
1567 4060 1775 4115 carnali
1806 4060 2056 4131 origine,

495 4161 550 4209 et
574 4171 604 4208 a
632 4153 1013 4224 peccatoribus
1040 4153 1338 4208 secundum
1363 4167 1581 4206 carnem
1605 4153 1875 4222 patribus,
1909 4161 2061 4222 post-

495 4261 656 4317 quam
685 4244 781 4300 Dei
813 4245 956 4300 ﬁlius
989 4251 1073 4300 est
1109 4245 1355 4304 eﬁ'ectus.
1384 4252 1438 4298 et
1464 4245 1705 4298 omnium
1741 4245 1832 4315 qui
1863 4260 2060 4300 secun-

495 4337 624 4393 dum
685 4336 857 4392 Deum
927 4336 1201 4405 inculpate
1263 4336 1536 4390 vixerunt.
1596 4333 1687 4388 Sic
1747 4335 2058 4390 Abrahamo

493 4445 709 4503 quoque
754 4428 959 4483 dictum
1006 4427 1150 4483 fuit:
1185 4445 1203 4479 ι
1243 4425 1326 4481 Tu
1377 4441 1508 4481 vero
1545 4426 1720 4481 abibis
1757 4426 1824 4481 ad
1873 4435 2056 4495 patres

494 4532 639 4579 tuos.
675 4542 694 4576 ι
721 4520 931 4588 Quibus
955 4521 1138 4575 verbis
1188 4518 1332 4574 haud
1371 4518 1625 4573 carnales
1657 4525 1914 4588 parentes
1958 4518 2055 4574 sed

493 4616 570 4670 illi
601 4614 690 4684 qui
729 4613 1028 4670 secundum
1057 4611 1226 4667 Deum
1254 4611 1455 4681 pietate
1478 4610 1530 4665 ei
1569 4609 1776 4666 similes
1811 4609 2052 4677 fuerunt,

492 4707 648 4777 quasi
677 4705 960 4777 aenigmate
987 4704 1338 4759 denotantur.

562 4797 612 4850 7.
655 4795 846 4852 Merito
873 4809 1003 4866 ergo
1031 4793 1228 4854 Lucas,
1245 4801 1429 4863 utpote
1456 4793 1548 4864 qui
1576 4795 2045 4864 regenerationem

493 4898 702 4952 narrat,
738 4888 881 4943 haud
930 4887 1118 4942 eadem
1167 4902 1274 4956 qua
1329 4885 1613 4941 Matthaeus
1670 4887 1758 4941 via
1815 4885 2036 4940 incedit.

497 4981 862 5050 Quamobrem
909 4995 1086 5050 neque
1123 4979 1430 5034 Salomonis
1458 4993 1635 5049 neque
1666 4977 1809 5032 Uria:
1841 4978 2050 5041 uxoris,

489 5088 666 5146 neque
717 5071 1022 5130 Thamaraa.
1057 5087 1233 5142 neque
1279 5069 1495 5134 Ruthae,
1549 5085 1724 5140 neque
1754 5068 2050 5132 Jechoniae.

486 5183 667 5238 neque
697 5165 786 5221 his
817 5164 1224 5234 interjectorum
1250 5162 1394 5216 haud
1430 5162 1637 5231 absque
1667 5161 2046 5216 criminatione

487 5266 730 5321 virorum
759 5261 889 5316 facit
914 5260 1309 5324 recensionem,
1340 5258 1434 5312 sed
1467 5273 1562 5327 per
1583 5255 1718 5310 alios
1745 5255 2049 5324 inculpatos

488 5356 766 5428 graditur;
793 5362 847 5409 et
875 5354 1093 5423 quidem
1127 5367 1159 5404 a
1186 5351 1450 5420 propheta
1478 5348 1727 5403 Nathano
1766 5361 2050 5416 regenera-

486 5463 604 5501 tum
638 5462 796 5501 suum
831 5446 1060 5500 derivat.
1097 5443 1164 5496 Et
1194 5442 1282 5496 ille
1310 5441 1526 5512 quidem
1563 5439 1705 5510 apud
1734 5439 2044 5493 Matthteum

487 5537 787 5592 secundum
833 5551 1050 5590 carnem
1105 5534 1339 5604 genitus,
1374 5533 1514 5587 ﬁlius
1563 5538 1680 5586 erat
1730 5530 2042 5590 Abrahami.

487 5641 556 5678 ex
605 5626 706 5681 hoc
763 5627 1008 5681 videlicet
1051 5626 1281 5680 deducta
1330 5624 1664 5695 genealogia,
1715 5623 1839 5692 quia
1868 5623 2043 5691 primo

487 5715 798 5773 Abrahamo
825 5717 963 5769 facta
995 5717 1096 5770 fuit
1125 5716 1415 5786 promissio
1445 5715 1687 5787 gentium
1716 5713 2041 5792 benedictio-

2162 3516 2321 3571 αὑτὸν
2363 3517 2556 3588 ἐκείνῳ
2588 3515 2773 3588 καιρὸν
2821 3516 3093 3588 ὑπερϐὰς,
3137 3516 3230 3569 ἐπὶ
3255 3516 3353 3586 τὴν
3382 3517 3712 3587 ἀναγέννησιν

2160 3607 2257 3679 τὴν
2287 3609 2375 3662 διὰ
2399 3607 2619 3679 λουτροῦ
2651 3609 3032 3679 παραγίνεται·
3067 3607 3161 3659 καὶ
3193 3606 3428 3660 ἐνταῦθα
3453 3607 3553 3678 τὴν
3584 3609 3710 3660 ἐναν-

2160 3702 2280 3754 τίαν
2310 3701 2579 3754 ἐκτίθεται
2601 3700 2708 3754 τῶν
2736 3699 2906 3768 γενῶν
2932 3699 3199 3771 διαδοχὴν,
3231 3697 3363 3769 ὁμοῦ
3394 3700 3486 3752 καὶ
3522 3701 3709 3765 ἀνάγων

2159 3793 2268 3847 ἀπὸ
2303 3793 2412 3847 τῶν
2441 3793 2684 3846 ὑστάτων
2718 3792 2812 3845 ἐπὶ
2842 3792 2908 3845 τά
2946 3791 3155 3862 πρῶτα,
3186 3789 3318 3861 ὁμοῦ
3349 3791 3444 3843 καὶ
3469 3790 3568 3862 τὴν
3598 3791 3708 3860 μ.νῄ

2164 3903 2268 3957 μην
2288 3885 2395 3937 τῶν
2416 3883 2565 3956 παρὰ
2589 3883 2666 3953 τῷ
2695 3883 2958 3954 Ματθαίῳ
2982 3879 3244 3935 ὑπαιτίων
3271 3882 3365 3934 καὶ
3396 3876 3707 3953 ἁμαρτωλῶν

2159 3974 2365 4047 ἀνδρῶν
2419 3974 2821 4044 ἀποσειόμενος,
2870 3971 3165 4043 ἐπειδήπερ
3215 3973 3243 4024 6
3291 3971 3444 4042 παρά
3488 3971 3564 4041 τῷ

2159 4069 2486 4138 ἀναγεγεννη
2497 4067 2672 4138 μένος,
2703 4066 2976 4136 ἀλλότριος
3004 4063 3322 4117 καθίσταται
3341 4064 3444 4134 τῆς
3465 4064 3704 4133 ἐνσάρλου

2158 4160 2422 4229 γενέσεως
2445 4158 2538 4212 καὶ
2564 4157 2670 4210 τῶν
2694 4156 2835 4210 κατά
2859 4156 3035 4226 σάρκα
3072 4153 3407 4224 ἁμαρτωλῶν
3458 4153 3702 4224 πατέρων,

2158 4249 2287 4311 Υἱὸς
2332 4243 2756 4318 ἀποφαινόμενος
2801 4244 2934 4297 Θεοῦ
2961 4284 2976 4308 ,
3035 4239 3129 4296 καὶ
3173 4242 3389 4294 πάντων
3435 4242 3540 4294 τῶν
3583 4241 3704 4294 κατὰ

2158 4341 2288 4394 Θεὸν
2314 4340 2691 4410 ἀνεπιλήπτως
2726 4335 3079 4408 βεϐιωκότων·
3106 4331 3246 4388 οὕτω
3265 4332 3359 4386 καὶ
3376 4333 3455 4403 τῷ
3484 4333 3704 4404 ’Δϐραὰμ

2157 4434 2358 4504 εἴρητο·
2413 4450 2431 4482 ι
2461 4431 2532 4483 Σὺ
2565 4430 2621 4482 δὲ
2648 4427 2923 4500 ἀπελεὺσῃ
2955 4425 3091 4498 πρὸς
3121 4423 3245 4490 τοὺς
3275 4423 3517 4495 πατέρας
3546 4441 3648 4477 σου·
3681 4442 3697 4471 ι

2155 4524 2216 4577 οὐ
2259 4522 2384 4584 τοὺς
2432 4519 2573 4574 κατά
2626 4519 2820 4590 σάρκα,
2853 4518 2978 4580 τοὺς
3025 4516 3081 4568 δὲ
3125 4512 3182 4566 ἐν
3219 4513 3339 4584 Θεῷ
3370 4513 3460 4566 διὰ
3505 4512 3595 4584 τὴν
3623 4511 3699 4563 εὑ-

2157 4613 2372 4676 σεϐείας
2395 4609 2776 4683 ὁμοιοτροπίαν
2800 4603 3166 4677 αἰνιττομένου
3193 4605 3288 4658 τοῦ
3315 4603 3494 4674 λόγου.

2227 4791 2293 4857 ζ’.
2325 4791 2563 4853 Εἰκότως
2593 4783 2878 4858 τοιγαροῦν
2901 4785 2930 4837 6
2956 4784 3199 4845 Λουκᾶς,
3253 4782 3347 4836 ἆτε
3375 4781 3470 4851 τὴν
3501 4778 3697 4846 ἀναγέν-

2157 4902 2308 4956 νησιν
2333 4882 2576 4954 ἱστορῶν,
2602 4881 2661 4932 οὐ
2689 4877 2784 4950 τὴν
2817 4875 2982 4947 αὑτὴν
3003 4873 3172 4928 ὁδεύει
3191 4873 3268 4944 τῷ
3297 4873 3569 4941 Ματθαίῳ·
3600 4868 3696 4921 οὔτ’

2156 4973 2248 5031 οὖν
2287 4974 2380 5029 τοῦ
2425 4973 2734 5045 Σολομῶνος
2764 4971 2858 5023 καὶ
2889 4969 2988 5039 τῆς
3017 4967 3234 5038 Οὐρίου.
3279 4965 3342 5018 οὑ
3380 4965 3478 5035 τῆς
3503 4962 3694 5032 Θάμαρ.

2156 5067 2215 5121 οὑ
2244 5064 2342 5137 τῆς
2383 5065 2560 5128 Ῥοὺθ,
2597 5065 2656 5117 οὑ
2686 5061 2777 5115 τοῦ
2818 5059 3061 5130 Ἰεχονίου
3096 5058 3188 5110 καὶ
3220 5056 3329 5108 τῶν
3371 5054 3561 5126 μεταξὺ
3589 5051 3693 5102 διαο

2157 5155 2498 5229 ϐεϐλημένων
2541 5154 2746 5226 ἀνδρῶν
2786 5153 2882 5224 τὴν
2919 5149 3214 5222 παράθεσιν
3243 5147 3543 5217 πεποίηται,
3574 5141 3693 5198 ἀλλᾶ

2155 5252 2223 5305 δι’
2272 5250 2472 5321 ἐτέρων
2524 5245 2901 5315 ἀνεπιλήπτων
2950 5241 3143 5301 ἄνεισι,
3178 5238 3273 5290 καὶ
3312 5237 3368 5290 δὲ
3411 5237 3500 5289 καὶ
3531 5237 3584 5286 ἐκ
3610 5229 3690 5282 τοῦ

2158 5343 2431 5413 προφήτου
2458 5337 2642 5390 Νάθαν
2673 5336 2763 5388 τὸν
2790 5336 3116 5401 ἀναγεγεννη
3127 5329 3283 5400 μένον
3305 5328 3522 5395 εἰσάγει.
3549 5321 3690 5376 Καὶό

2161 5433 2257 5504 μὲν
2295 5431 2444 5501 παρὰ
2487 5429 2564 5499 τῷ
2604 5427 2865 5497 Ματθαίῳ
2905 5423 3045 5478 κατά
3096 5422 3272 5491 σάρκα
3310 5415 3686 5488 γεγεννημένος,

2155 5525 2268 5588 υίὸς
2308 5520 2375 5595 ἦν
2433 5522 2700 5592 Ἀϐραὰμ,
2755 5517 2998 5570 ἐντεῦθεν
3030 5513 3521 5582 γενεαλογούμενος,
3553 5509 3688 5595 ἐπει-

2150 5615 2430 5690 δήπερτῷ
2467 5612 2713 5685 Ἀϐραὰμ
2758 5609 2956 5681 πρώτῳ
2995 5609 3028 5679 ἡ
3072 5604 3370 5673 ἐπαγγελία
3412 5602 3568 5656 δέδοτο
3592 5594 3686 5662 τῆς

2149 5709 2256 5765 τῶν
2291 5707 2456 5763 ἐθνῶν
2484 5706 2746 5775 εὐλογίας,
2779 5705 2876 5757 οὐκ
2902 5702 3072 5764 ἄλλως
3101 5700 3134 5772 ἢ
3161 5698 3248 5752 διὰ
3266 5698 3358 5751 τοῦ
3387 5699 3445 5750 ἐκ
3473 5693 3684 5761 σπέρμα-
