3868 6264
207 263 300 321 965

1050 268 1556 327 SUPPLEMENTA
1585 271 2071 341 'QUIESTIONUM
2109 274 2200 327 AD
2239 274 2684 332 STEPHANUH.

3348 278 3454 333 966

204 395 288 443 τος
316 377 479 431 αὐτοῦ
510 374 969 449 προελευσομένου
989 386 1344 455 γενησομένη.
1395 387 1452 438 Ὁ
1485 387 1538 440 δὲ
1566 389 1624 441 ὲν
1656 387 1751 458 Θεᾷ

1876 389 1983 449 nis,
2015 401 2136 456 quae
2179 387 2324 441 haud
2373 387 2528 442 aliter
2560 401 2724 457 quam
2764 401 2859 456 per
2905 403 3090 443 semen
3113 403 3181 443 ex
3217 403 3282 443 eo
3325 405 3454 458 pro.

205 470 710 540 ὰναγεγεννημένος,
747 473 966 544 ἐτέρους
997 475 1236 546 πατέρας
1278 479 1402 540 τοὺς
1453 479 1595 532 κατὰ
1641 479 1772 533 Θεὸν

203 562 654 632 ἐπιγραψάμενος,
695 565 802 618 οὐδ’
847 567 1044 630 αὐτοὺς
1087 569 1301 640 άληθῶς
1337 571 1604 642 ἐσχηκὼς,
1656 573 1770 626 ἀλλ’

200 655 268 718 ὼς
293 655 570 726 ἐνομίζετο
600 657 686 712 διὰ
733 659 830 730 τὴν
861 660 968 712 τῶν
1001 662 1147 731 ήθῶν
1193 663 1594 736 ὁμοιοτροπίαν,
1630 668 1772 721 ἄνει-

205 763 280 799 σιν
309 747 396 799 ἐπὶ
427 747 521 800 τὸν
550 749 717 820 ἀληθῆ
765 752 983 823 Πατέρα
1027 757 1163 826 μετὰ
1193 758 1400 822 πάντας
1430 761 1771 829 χρηματίσας

204 837 320 898 Υἱὸς
361 836 452 888 τοῦ
505 838 662 891 Θεοῦ·
710 840 825 894 ἀλλ’
855 837 1007 908 οὗτος
1045 846 1144 916 μὲν
1183 849 1239 900 ὲν
1280 850 1610 920 ἀπορρήτοις
1637 852 1768 921 ἡμῖν

201 929 469 982 ἀποδόσθω
503 933 533 983 6
565 931 741 1000 λόγος.
775 935 889 987 Ἵνα
918 935 974 988 δὲ
1022 937 1093 1008 μή
1126 955 1208 1002 τις
1235 941 1266 1010 ή
1278 942 1382 1010 μᾶς
1409 942 1768 1012 εὑρεσιλογεῖν

202 1019 464 1084 ὑπολάϐοι,
493 1021 589 1074 καὶ
621 1024 828 1096 ἱστορίᾳ
851 1029 1134 1098 χρήσομαι
1173 1031 1511 1105 παλαιοτάτῃ
1538 1035 1665 1105 παρ’
1700 1030 1768 1106 ἧς

201 1111 302 1164 ἔστι
337 1114 434 1183 τὴν
472 1112 626 1168 λύσιν
662 1117 839 1187 εὑρεῖν
881 1121 978 1191 τῆς
1016 1123 1409 1192 νενομισμένης
1439 1127 1567 1196 παρ’
1600 1127 1768 1195 ἀμφο-

198 1206 362 1276 τέροις
385 1208 498 1268 τοῖς
526 1207 931 1276 εὐαγγελισταςῖς
955 1213 1267 1281 διαφωνίας.
1297 1215 1408 1285 Τῆς
1437 1217 1493 1269 δὲ
1528 1220 1766 1290 ἱστορίας

199 1298 370 1365 γέγονε
405 1302 754 1369 συγγραφεὺς
792 1302 1128 1374 Ἀφρικανὸς,
1158 1307 1298 1378 ἀνὴρ
1324 1307 1507 1374 λόγιος
1539 1311 1764 1375 καὶτοῖς

199 1390 292 1443 ἀπὸ
316 1391 409 1459 τῆς
460 1391 659 1455 ἔξωθεν
692 1395 939 1459 παιδείας
977 1399 1316 1468 ὁρμωμένοις
1366 1402 1650 1472 ἐπιφανής·
1703 1400 1762 1458 οὗ

199 1480 318 1543 πρὸς
344 1479 523 1544 ἄλλοις
555 1483 772 1548 πολλοῖς
809 1486 902 1538 καὶ
933 1487 1118 1552 καλοῖς
1146 1489 1344 1557 λόγοις,
1381 1493 1475 1544 καὶ
1507 1495 1759 1566 ἐπιστολὴ

197 1572 562 1643 φέρεταιπρὸς
603 1575 936 1648 Ἀριστείδην
959 1581 1086 1651 περὶ
1107 1580 1207 1650 τῆς
1239 1585 1630 1655 νενομισμένης
1654 1588 1760 1641 τῶν

195 1664 579 1732 εὐαγγελιστῶν
609 1669 737 1737 περὶ
772 1669 871 1740 τὴν
902 1671 1138 1726 Χριστοῦ
1178 1673 1527 1743 γενεαλογίαν
1559 1678 1762 1748 διαφω-

196 1756 315 1818 νίας·
351 1757 463 1828 ἕχει
504 1757 549 1809 δ’
581 1759 776 1823 οὕτως.

682 1871 1085 1929 ΑφΡικΑΝοΥ
1117 1876 1249 1950 (ιε).

251 1991 314 2052 η’.
343 1985 451 2039 Οὐκ
471 1986 716 2058 ἀκριϐῶς
741 1989 921 2058 μέντοι
945 1986 1090 2054 τινὲς
1114 1974 1385 2062 λέγουσιν,
1409 1997 1491 2050 ὅτι
1534 1999 1756 2062 δικαίως

195 2076 387 2145 γέγονεν
411 2081 442 2150 ἡ
466 2079 727 2151 διάφορος
751 2083 887 2151 αὕτη
912 2082 1018 2136 τῶν
1050 2083 1326 2154 ὀνομάτων
1356 2090 1583 2161 καταρίο
1594 2093 1754 2162 μησίς

195 2179 241 2221 τε
270 2169 356 2222 καὶ
402 2171 675 2242 ἐπιμιξία,
709 2172 816 2226 τῶν
854 2189 913 2225 τε
943 2176 1249 2245 ἱερατικῶν,
1287 2177 1362 2241 ὡς
1394 2179 1618 2244 οἴονται,
1663 2183 1755 2234 καὶ

193 2259 285 2311 τῶν
315 2259 626 2330 βασιλικῶν,
667 2263 753 2316 ἵνα
782 2262 963 2334 δειχθῇ
996 2263 1217 2330 δικαίως
1255 2271 1282 2319 6
1309 2271 1540 2339 Χριστὸς
1578 2271 1754 2341 ἱερεύς

193 2368 241 2401 τε
267 2352 351 2403 καὶ
376 2352 630 2422 βασιλεὺς
659 2354 948 2424 γενόμενος
968 2375 981 2387 ·
1014 2357 1200 2430 ῶσπερ
1231 2361 1374 2424 τινὸς
1406 2362 1753 2427 ἀπειθοῦντος

193 2441 221 2512 ἢ
252 2443 428 2515 ἑτέραν
459 2447 760 2517 ἐσχηκότος
794 2449 1002 2514 ἐλπίδα,
1031 2451 1110 2504 ὅτι
1145 2455 1172 2504 6
1205 2454 1438 2524 Χριστὸς
1466 2457 1752 2528 ἀρχιερεύς

193 2535 291 2586 ἐστι
316 2535 543 2607 Πατρὸς,
577 2538 677 2600 τὰς
700 2535 970 2611 ἡμετέρας
1005 2543 1141 2612 πρὸς
1173 2544 1332 2596 αὐτὸν
1369 2546 1529 2615 εὐχὰς
1554 2549 1753 2617 ἀναφέ-

197 2640 306 2686 οων,
339 2629 426 2680 καὶ
457 2626 718 2696 βασιλεὺς
751 2632 1142 2704 ὑπερκόσμιος,
1179 2633 1270 2698 οὓς
1291 2635 1632 2709 ἠλευθέρωσε
1666 2639 1751 2693 νέ-

197 2732 294 2785 μων
318 2717 389 2787 τῷ
416 2718 718 2789 Πνεύματι,
744 2723 1000 2793 συνεργὸς
1023 2726 1103 2787 είς
1129 2724 1228 2796 ’τὴν
1255 2727 1611 2799 διακόσμησιν
1641 2730 1749 2782 τῶν

192 2807 306 2862 ἥλων
346 2811 658 2882 γενόμενος.
700 2814 812 2866 Καὶ¹
856 2814 1013 2868 τοῦτο
1051 2818 1182 2886 ἡμῖν
1215 2821 1608 2890 προσήγγειλεν
1653 2823 1750 2893 οὐχ

187 2901 215 2952 ’ὁ
233 2903 508 2972 κατάλογος
537 2904 654 2958 τῶν
681 2905 880 2975 φυλῶν,
902 2906 1000 2977 οὐχ
1019 2909 1057 2977 ή
1097 2907 1240 2978 μίξις
1259 2908 1368 2962 τῶν
1388 2910 1750 2982 ἁναγράπτων

191 2993 358 3060 γενῶν,
384 2996 517 3050 ἀλλὰ
546 2997 883 3068 πατριάρχαι
917 2998 1010 3051 καὶ
1039 2999 1331 3069 προφῆται.
1365 3000 1455 3070 Μὴ
1490 2997 1581 3055 οῦν
1616 3019 1748 3054 κατ-

372 3089 449 3151 εἰς
473 3088 748 3191 τοσαύτην
787 3089 1094 3154 θεοσεϐείας
1128 3092 1536 3164 σμικρολογίαν,
1576 3095 1661 3148 ἵνα
1683 3099 1747 3168 τῇ
1777 3134 1820 3191 C

182 3176 429 3250 ⁴ἑνιιλλαγῇ
455 3180 571 3234 τῶν
610 3181 911 3252 ὀνομάτων,
949 3183 1045 3254 τὴν
1077 3184 1314 3255 Χριστοῦ
1351 3184 1623 3254 βασιλείαν
1656 3189 1751 3242 καὶ

184 3268 462 3344 ἲερωσύνην
495 3273 871 3345 συνιστῶμενο
903 3277 1024 3329 ἐπεὶ
1068 3279 1134 3348 τῇ
1183 3276 1347 3330 Ἰούδα
1376 3278 1514 3350 φυλῇ
1555 3282 1620 3349 τῇ
1655 3280 1752 3350 βα-

192 3359 368 3433 σιλικῇ,
399 3367 433 3421 ἡ
473 3365 576 3418 τοῦ
627 3367 758 3420 Λευὶ
809 3367 950 3437 φυλὴ
1007 3368 1250 3438 Ξερατικὴ
1304 3369 1599 3441 συνεζύγη,
1655 3371 1750 3424 τοῦ

191 3449 428 3507 Ναασσὼν
460 3456 701 3528 ἀδελφὴν
746 3457 845 3528 τὴν
895 3457 1172 3511 Ἐλισάϐετ
1210 3458 1417 3530 Ἀαρὼν
1456 3459 1746 3532 ἁξαμένου,

175 3543 269 3594 ’καὶ
295 3544 443 3598 πάλιν
472 3546 739 3620 Ἐλεάζαρ
769 3547 864 3620 τὴν
881 3547 1154 3621 θυγατέρα
1175 3552 1396 3624 Φατιὴλ,
1420 3553 1512 3605 καὶ
1539 3554 1748 3607 ἐνθένδε

189 3633 736 3708 παιδοποιησαμένων.
783 3638 1111 3708 Ἐψεύσαντο
1142 3639 1234 3695 οὖν
1264 3644 1312 3695 οἱ
1347 3644 1745 3713 εὐαγγελισταὶ,

189 3725 506 3789 συνιστάντες
526 3727 633 3780 οὐκ
660 3726 943 3798 ἀλήθειαν,
981 3729 1097 3783 ἀλλ’
1120 3731 1469 3802 εἰκαζόμενον
1499 3733 1747 3787 ἔπαινον·

187 3816 268 3868 καὶ
292 3817 373 3871 διὰ
420 3819 587 3873 τοῦτο
618 3821 647 3872 6
683 3820 782 3889 μὲν
816 3820 904 3874 διὰ
943 3821 1254 3892 Σολομῶνος
1280 3823 1389 3876 ἀπὸ
1417 3823 1580 3876 Δαυῒδ
1624 3826 1749 3893 ἐγε-

185 3907 485 3981 νεαλόγησεν
515 3912 612 3965 τὸν
657 3911 850 3965 Ἰακὼό
876 3913 966 3966 τὸν
991 3915 1084 3967 τοῦ
1125 3914 1321 3986 Ἰωσὴφ
1361 3916 1572 3987 πατέρα
1594 3934 1606 3947 ’
1638 3919 1666 3970 ὁ
1693 3918 1750 3971 δὲ

187 3997 350 4054 Νάθαν
374 4001 467 4056 τοῦ
507 4001 698 4066 Δαυῒδ,
733 4003 822 4057 τὸν
871 4005 1018 4058 Ἠλεὶ
1055 4005 1145 4058 τὸν
1183 4006 1275 4058 τοῦ
1319 4005 1514 4077 Ἰωσὴφ
1551 4008 1749 4078 ὁμοίως

182 4088 338 4146 ἄλλων
364 4094 582 4168 πατέρα
601 4113 613 4123 ·
637 4094 817 4150 καίτοι
864 4096 1076 4164 ἀγνοεῖν
1103 4096 1295 4158 αὐτοὺς
1317 4096 1415 4149 οὒκ
1446 4097 1633 4168 ἐχρῆν,
1674 4099 1749 4161 ὠς

187 4184 397 4258 ἑκατέρα
422 4189 534 4243 τῶν
551 4189 779 4260 κατηριθ
788 4207 861 4259 μη
873 4190 1045 4259 μένων
1062 4187 1234 4254 τάξις,
1251 4187 1312 4241 τὸ
1324 4189 1416 4241 τοῦ
1446 4190 1609 4242 Δαυῒδ
1634 4193 1748 4242 ἐστι

186 4277 342 4344 γένος,
371 4283 404 4352 ή
431 4281 525 4335 τοῦ
564 4281 735 4336 Ἰούδα
762 4282 901 4354 φυλὴ
935 4282 1207 4353 βασιλική.
1236 4283 1298 4334 Εἰ
1319 4280 1428 4352 γὰρ
1462 4283 1748 4353 προφήτης

185 4370 210 4420 ὁ
237 4369 430 4437 Νάθαν,
458 4374 574 4427 ἀλλ’
604 4369 696 4428 οῦν
745 4375 839 4428 καὶ
867 4373 1135 4445 Σολομὼν,
1179 4373 1207 4426 ὃ
1233 4388 1292 4426 τε
1338 4372 1540 4426 τούτων
1568 4373 1746 4445 πατὴρ

183 4459 457 4534 ἑκατέρουο
493 4468 558 4519 ὲκ
596 4465 804 4518 πολλῶν
836 4465 892 4517 δὲ
936 4464 1117 4534 φυλῶν
1167 4465 1402 4532 ἐγίνοντο
1447 4465 1739 4536 προφῆται,
1775 4489 1817 4542 D

182 4551 332 4623 ἱερεῖς
361 4555 416 4609 δὲ
447 4556 508 4622 ἐξ
533 4558 791 4628 οὐδεμιᾶς
829 4556 940 4626 (49)
973 4555 1081 4609 τῶν
1113 4555 1318 4609 δώδεκα
1359 4555 1558 4625 φυλῶν,
1591 4557 1743 4627 μόνοι

182 4640 234 4693 δὲ
260 4644 489 4699 Λευῖται.
532 4646 727 4718 Μάτην
772 4648 955 4710 αὐτοῖς
1000 4645 1106 4717 ἄρα
1141 4645 1444 4698 πέπλασται
1477 4646 1538 4698 τὺ
1583 4646 1743 4715 ἐψευ-

185 4729 362 4799 σμένον
382 4753 394 4765 ’
417 4737 550 4808 μηδὲ
586 4737 812 4810 κρατοίη
835 4735 1072 4801 τοιοῦτος
1097 4739 1124 4790 6
1144 4736 1299 4806 λόγος
1345 4738 1404 4789 ὲν
1445 4737 1742 4808 Ἐκκλησία

185 4821 402 4894 Χριστοῦ
444 4828 632 4902 [κατὰ]
661 4829 925 4901 ἀκριϐοῦς
953 4828 1228 4901 ἀληθείας,
1274 4829 1356 4882 ὅτι
1386 4827 1578 4898 ψεῦδος
1613 4826 1743 4895 σύγ-

185 4930 344 4970 κειται
381 4921 459 4983 είς
493 4917 641 4976 αἶνον
676 4923 770 4975 καὶ
794 4921 1098 4990 δοξολογίαν
1128 4919 1384 4992 Χριστοῦ·
1409 4920 1493 4982 τίς
1515 4920 1623 4991 γάρ
1643 4920 1743 4972 οὐκ

185 5001 278 5060 οἶδε
304 5013 550 5068 κάκεῖνον
577 5014 668 5068 τὸν
696 5014 980 5087 ἱερώτατον
1001 5013 1093 5067 τοῦ
1118 5011 1438 5064 Ἀποστόλου
1460 5010 1616 5079 λόγον
1644 5028 1744 5082 κη-

187 5097 454 5170 ρύσσοντος
477 5109 570 5160 καὶ
589 5107 988 5177 διαγγέλλοντος
1010 5107 1108 5176 τὴν
1134 5104 1426 5158 ἀνάστασιν
1449 5102 1542 5156 τοῦ
1563 5104 1743 5174 Σωτῆ-

163 5231 171 5287 l
252 5218 295 5248 “
330 5219 498 5276 Exod.
535 5241 624 5290 γι,
658 5225 747 5281 25.
824 5227 868 5257 ⁸⁸
909 5226 1041 5281 ibid.
1074 5225 1165 5279 25.

248 5330 351 5401 (48)
367 5333 604 5406 Qiximus
622 5338 725 5392 col.
742 5337 868 5402 899,
901 5336 1027 5392 adn.
1048 5337 1136 5401 12,
1154 5335 1394 5390 Africani
1421 5336 1730 5406 epistolam,

185 5413 332 5466 quam
365 5403 629 5462 Eusebius
664 5407 808 5462 Hist.
835 5409 962 5462 eccl.
987 5425 1027 5470 ι,
1053 5407 1105 5470 7,
1137 5403 1729 5476 acephalam:dederat,

187 5481 214 5547 fl
242 5481 415 5547 nostra
449 5479 683 5544 epitome
712 5478 940 5533 feliciter
966 5478 1163 5547 partim
1185 5474 1398 5532 sarciri.
1422 5474 1580 5547 Nunc
1626 5477 1733 5530 isto

186 5540 236 5590 iu
268 5540 561 5618 fragmento
591 5549 887 5618 integriore
916 5540 983 5602 ac
1011 5548 1283 5618 primitivo
1303 5546 1584 5618 praedictae
1611 5547 1730 5618 epig

189 5610 328 5686 stolte
351 5610 496 5686 prior
521 5633 644 5686 pars
679 5610 900 5672 oinnino
931 5610 1258 5673 cumulatur.
1302 5610 1476 5685 Hujus
1502 5610 1734 5685 ergo-ad

190 5678 417 5737 Africani
448 5678 729 5756 epistolam
770 5689 1013 5757 praeclari
1039 5678 1401 5742 additamenti
1420 5678 1736 5757 meminisse

189 5760 387 5816 oportet
405 5769 519 5822 eos,
542 5759 632 5828 qui
657 5756 821 5816 novas
841 5757 1133 5829 aliquando
1151 5759 1416 5816 editiones
1441 5756 1731 5812 curabunt.

1880 485 2170 532 venturum
2198 485 2459 533 eventura
2477 487 2616 533 erat.
2648 477 2718 532 At
2739 479 2830 533 ille
2851 477 2906 532 in
2936 477 3046 534 Deo
3074 490 3452 551 regeneratus.

1890 571 2026 623 alios
2059 569 2164 624 sibi
2199 577 2381 639 patres
2411 570 2709 625 secundum
2744 567 2912 624 Deum
2943 570 3271 635 inscribens,
3304 571 3450 625 haud

1877 660 2126 731 equidem
2161 675 2316 714 veros
2347 670 2532 730 patres
2553 701 2567 724 ,
2603 662 2699 717 sed
2727 662 2799 716 ita
2825 670 3043 732 putatos
3085 673 3304 732 propter
3331 677 3451 716 mo-

1877 768 1996 807 rum
2034 753 2471 818 similitudinem,
2509 753 2574 807 ad
2607 769 2794 807 verum
2824 754 3042 810 Patrem
3090 764 3214 826 post
3255 770 3452 810 omnes

1875 859 2095 898 sursum
2129 844 2325 908 tendit,
2357 843 2526 896 Filius
2570 842 2662 896 Dei
2715 846 3005 901 exsisteus.
3038 845 3216 916 Atque
3259 846 3446 900 hacte-

1875 952 1980 992 nus
2017 938 2085 991 de
2113 952 2313 991 arcano
2348 953 2378 991 a
2410 937 2568 991 nobis
2601 951 2769 991 sensu
2802 936 3011 991 dictum
3041 939 3133 995 sit.
3180 937 3260 994 Ne
3313 953 3446 993 vero

1872 1043 1973 1082 nos
2006 1030 2292 1099 quisquam
2337 1029 2453 1083 haec
2480 1029 2701 1098 proprio
2751 1029 2970 1098 ingenio
3001 1031 3309 1101 excogitare
3340 1048 3442 1101 pu~

1873 1127 1970 1184 tet,
2004 1121 2442 1191 antiquissimam
2475 1121 2759 1176 historiam
2785 1121 3080 1191 proferam,
3107 1124 3249 1192 apud
3277 1139 3441 1193 quam

1871 1215 2176 1282 comperire
2226 1222 2310 1268 est
2339 1213 2666 1267 solutionem
2701 1220 2902 1282 putata;
2935 1213 3078 1267 inter
3106 1215 3244 1269 duos
3277 1231 3442 1270 evan-

1874 1305 2098 1373 gelistas
2131 1303 2502 1358 dissonantia).
2549 1303 2800 1358 Historiae
2843 1305 3007 1372 hujus
3057 1315 3248 1359 auctor
3296 1305 3443 1362 Afri-

1869 1412 2040 1451 canus
2061 1405 2163 1461 est,
2211 1398 2294 1449 vir
2340 1397 2609 1459 eruditus,
2659 1403 2712 1450 et
2774 1397 2918 1449 inter
2975 1404 3159 1450 extera
3191 1397 3440 1455 doctrina

1869 1490 2106 1544 imbutos
2161 1490 2429 1553 illustris,
2477 1490 2634 1558 cujus
2683 1500 2879 1558 praeter
2938 1501 3165 1544 caeteros
3241 1490 3440 1546 multos

1867 1584 2113 1651 egregios
2139 1583 2331 1645 libros,
2369 1582 2597 1651 epistola
2626 1594 2842 1649 quoque
2874 1579 3107 1634 habetur
3146 1579 3211 1634 ad
3237 1579 3439 1635 Aristi-

1866 1674 1986 1727 dem
2023 1674 2089 1728 de
2116 1681 2300 1744 putata
2325 1675 2779 1740 evangelistarum
2813 1674 2959 1728 circa
3003 1671 3207 1727 Christi
3239 1687 3439 1742 genea-

1795 1770 1838 1824 B
1870 1766 2066 1836 logiam
2097 1767 2458 1832 dissonantia,
2493 1781 2614 1835 qua:
2641 1766 2715 1818 ita
2748 1781 2806 1820 se
2839 1765 3022 1818 habet.

2479 1877 2822 1933 AFRICANI.

1933 1994 1985 2048 8.
2009 1992 2165 2047 Haud
2211 1998 2462 2047 accurate
2492 1993 2708 2062 quidam
2753 1993 2925 2057 aiunt,
2959 1992 3182 2060 provide
3233 1991 3434 2048 factam

1864 2099 1985 2138 esse
2016 2084 2352 2138 diﬂ‘erentem
2392 2085 2533 2136 hanc
2577 2084 2857 2144 nominum
2890 2083 3352 2138 enumerationem
3382 2093 3436 2139 et

1863 2176 2272 2245 permistionem
2293 2176 2734 2239 sacerdotalium,
2768 2182 2828 2227 ut
2845 2183 3056 2244 putant,
3077 2182 3130 2229 et
3159 2176 3432 2246 regalium

1861 2265 2124 2328 virorum,
2153 2273 2212 2318 ut
2239 2265 2620 2318 ostenderetur
2648 2265 2844 2319 merito
2871 2265 3124 2322 Christus
3143 2284 3238 2322 rex
3271 2269 3434 2324 simul

1861 2360 2024 2422 atque
2071 2354 2327 2408 sacerdos
2360 2372 2373 2407 :
2403 2353 2560 2422 quasi
2609 2353 2806 2422 aliquis
2838 2353 2905 2408 de
2934 2355 3036 2410 hoc
3077 2356 3308 2421 dubitet,
3339 2367 3434 2411 aut

1861 2445 2020 2498 aliam
2055 2461 2205 2515 spem
2243 2445 2458 2508 habeat,
2497 2460 2685 2515 nempe
2717 2446 2850 2516 quin
2897 2447 3154 2504 Christus
3195 2459 3433 2505 aeternus

1863 2537 1935 2590 sit
1965 2538 2114 2606 apud
2170 2537 2384 2592 Patrem
2429 2537 2696 2606 pontifex,
2732 2552 2924 2606 preces
2975 2548 3196 2593 nostras
3225 2539 3274 2594 ei
3300 2538 3436 2595 οπο-

1858 2643 2020 2684 rens:
2055 2644 2152 2682 rex
2185 2635 2362 2682 autem
2393 2626 2875 2698 supermundialis,
2905 2643 3044 2697 quos
3064 2628 3314 2684 liberavit
3335 2644 3434 2698 pa-

1859 2735 2018 2774 scens
2046 2717 2276 2789 Spiritu,
2301 2726 2623 2788 cooperator
2646 2717 2869 2773 effectus
2900 2718 2955 2772 in
2979 2719 3220 2773 omnium
3246 2735 3432 2774 rerum

1858 2813 2223 2867 ordinatione.
2259 2811 2425 2880 quue
2469 2811 2628 2866 nobis
2663 2812 3002 2880 exploratum
3035 2811 3163 2866 fecit
3193 2826 3302 2866 non
3327 2812 3430 2873 tri-

1858 2906 2024 2960 buum
2072 2906 2376 2974 catalogus,
2412 2919 2590 2972 neque
2648 2905 3080 2973 perscriptarum
3129 2904 3432 2974 generatio—

1856 3012 1987 3050 num
2046 2996 2250 3056 mistio,
2302 2995 2398 3050 sed
2444 2995 2767 3064 patriarchae
2805 3003 2967 3064 atque
2997 2995 3294 3065 prophetae.
3324 2995 3432 3056 Ca-

1856 3105 2080 3145 reamus
2116 3089 2282 3158 igitur
2309 3102 2338 3142 a
2369 3088 2578 3143 minuto
2608 3087 2920 3156 hujusmodi
2950 3088 3230 3158 religionis
3262 3087 3433 3144 artiﬁ-

1852 3182 1963 3245 cio,
2003 3190 2062 3235 ut
2092 3181 2372 3235 nominum
2405 3181 2809 3250 permutatione
2850 3179 3058 3235 Christi
3104 3197 3329 3251 regnum
3364 3197 3431 3236 ac

1854 3271 2223 3327 sacerdotium
2264 3271 2623 3340 comprobare
2670 3271 2919 3327 velimus.
2960 3270 3095 3326 Nam
3143 3280 3197 3328 et
3225 3274 3430 3344 alioqui

1851 3364 2020 3434 regali
2054 3362 2208 3416 Judaa
2257 3362 2422 3416 tribui
2480 3361 2840 3417 sacerdotalis
2885 3362 3014 3419 Levi
3061 3363 3240 3420 tribus
3282 3364 3428 3419 facta

1850 3462 1969 3509 erat
1998 3453 2194 3516 amnis,
2217 3469 2285 3508 ex
2317 3467 2426 3524 quo
2448 3451 2745 3509 Naassonis
2801 3469 3045 3510 sororem
3093 3453 3426 3511 Elisahetam

1851 3542 2005 3598 duxit
2033 3544 2217 3596 Aaron
2247 3557 2475 3596 uxorem
2508 3542 2574 3608 “,
2611 3557 2916 3614 rursusque
2961 3543 3190 3600 Eleazar
3238 3545 3430 3600 Phati-

1854 3633 1995 3688 helis
2030 3633 2192 3687 ﬁliam
2218 3633 2287 3699 °',
2336 3633 2490 3703 prole
2525 3632 2652 3689 inde
2689 3641 2966 3705 suscepta.
3018 3633 3161 3706 Ergo
3192 3650 3426 3707 evange-

1851 3725 1992 3782 lista:
2027 3726 2241 3780 mentiti
2293 3732 2444 3791 sunt,
2481 3723 2610 3780 dum
2661 3741 2774 3780 non
2810 3726 3095 3782 veritatem
3143 3735 3422 3794 asserunt,

1850 3821 1946 3877 sed
1988 3821 2300 3876 simulatam
2327 3821 2542 3876 laudem
2581 3839 2594 3875 :
2627 3820 2790 3890 cujus
2819 3822 2899 3876 rei
2928 3835 3118 3886 causa,
3143 3822 3278 3878 alter
3299 3823 3425 3894 qui-

1849 3911 1972 3967 dem
2011 3927 2110 3983 per
2151 3911 2499 3968 Salomonem
2531 3927 2562 3966 a
2594 3911 2802 3968 Davide
2823 3911 3014 3968 Jacobi
3034 3913 3277 3984 ,stirpem
3299 3922 3420 3969 tra-

1850 4005 1951 4068 xit,
1981 4005 2072 4074 qui
2108 4004 2210 4059 fuit
2235 4004 2460 4076 Josephi
2495 4013 2649 4076 pater
2691 4022 2706 4060 :
2737 4005 2878 4060 alter
2910 4013 3092 4061 autem
3120 4020 3150 4059 a
3171 4004 3423 4062 Nathano

1851 4096 2070 4153 Davidis
2122 4099 2230 4152 lilio
2277 4097 2450 4152 Helim
2509 4097 2736 4153 deduxit
2768 4095 2993 4167 Josephi
3044 4100 3271 4166 pariter,
3325 4099 3421 4154 sed

1849 4188 1956 4242 alia
1987 4190 2219 4253 ratione,
2255 4195 2487 4257 patrem.
2510 4188 2674 4258 Atqui
2700 4203 2794 4244 eos
2830 4188 3080 4259 ignorare
3113 4204 3224 4243 non
3259 4205 3424 4260 opor-

1849 4281 2016 4348 tebat,
2047 4288 2342 4351 utrumque
2371 4289 2777 4335 numeratorum
2819 4280 3104 4335 hominum
3149 4279 3417 4348 ordinem.

1849 4388 2024 4442 genus
2057 4387 2180 4427 esse
2209 4370 2451 4436 Davidis,
2497 4371 2650 4427 Iuda:
2701 4386 2894 4440 nempe
2941 4371 3147 4440 regiam
3193 4371 3415 4427 tribum.

1849 4464 2072 4518 Etiamsi
2111 4464 2257 4518 enim
2299 4463 2564 4534 propheta
2617 4463 2900 4518 Nathanus
2949 4463 3072 4528 fuit,
3099 4469 3155 4518 et
3197 4462 3417 4533 quidem

1843 4557 2006 4612 etiam
2039 4555 2389 4620 Salomon,et
2407 4555 2600 4609 horum
2624 4556 2911 4625 utriusque
2939 4569 3137 4624 parens
3166 4553 3417 4627 (David):

1842 4662 1911 4700 ex
1940 4647 2126 4702 multis
2159 4660 2292 4701 sane
2312 4646 2566 4701 tribubus
2595 4646 2855 4701 exstitere
2877 4645 3186 4716 prophetae;
3208 4645 3303 4701 sed
3333 4653 3420 4700 ta-

1843 4753 1968 4794 men
2005 4739 2316 4794 sacerdotes
2370 4738 2505 4792 nulli
2553 4736 2776 4793 l‘uerunt
2821 4753 2887 4793 ex
2923 4739 3069 4792 nulla
3123 4737 3414 4793 duodecim

1842 4829 2109 4894 tribuum,
2136 4829 2230 4884 sed
2259 4828 2363 4883 soli
2397 4827 2620 4883 Levitae.
2661 4827 2888 4884 Frustra
2923 4829 3087 4900 igitur
3111 4829 3414 4900 composita

1846 4919 1916 4974 ab
1944 4920 2053 4974 illis
2082 4919 2186 4974 fuit
2222 4919 2337 4974 haec
2375 4919 2622 4984 falsitas;
2656 4936 2834 4990 neque
2861 4921 3178 4991 praevalebit
3222 4920 3416 4989 hujus-

1848 5011 1995 5066 modi
2020 5026 2201 5068 sermo
2223 5012 2280 5066 in
2325 5010 2534 5067 Christi
2571 5011 2815 5068 Ecclesia
2852 5019 3043 5067 contra
3099 5018 3412 5065 accuratam

1846 5103 2151 5170 veritatem,
2183 5119 2378 5176 nempe
2408 5112 2468 5160 ut
2512 5104 2856 5161 mendacium
2894 5103 3308 5159 consarcinetur
3343 5100 3412 5154 ad

1838 5333 2052 5389 Etenim
2088 5333 2144 5387 in
2191 5331 2381 5388 Veneti
2426 5345 2643 5401 quoque
2686 5330 2953 5401 Gallandii
3005 5327 3408 5401 diligentissimi

1841 5404 2082 5460 hominis
2120 5399 2456 5458 Bibliotheca
2477 5399 2705 5455 Patrum
2743 5409 2780 5453 t.
2809 5400 2872 5464 ll,
2900 5417 2954 5470 p.
2981 5401 3106 5464 558,
3149 5399 3406 5468 acephala

1839 5485 1924 5530 est
1961 5476 2073 5528 haec
2103 5474 2355 5544 epistola,
2388 5473 2517 5542 quia
2544 5479 2705 5542 caput
2734 5471 2856 5541 ejus
2893 5469 3071 5526 adhuc
3104 5469 3286 5524 linteis
3315 5483 3410 5522 co-

1838 5546 2021 5600 dicum
2056 5546 2369 5600 obvolutum
2398 5551 2535 5598 erat.

1901 5615 2021 5742 349)
2062 5616 2121 5669 In
2154 5615 2390 5684 epitome
2434 5612 2603 5667 codex
2650 5611 2814 5668 habet
2855 5611 3081 5666 omnino
3117 5610 3177 5663 οὐ
3211 5609 3407 5675 δεῖνες,

1959 5700 2141 5741 veram
2163 5699 2308 5739 nunc
2328 5683 2482 5739 vides
2507 5682 2793 5738 lectionem
2829 5681 2888 5742 ἐξ
2919 5681 3198 5742 οὐδεμιᾶς.

1840 5701 1900 5742 se

1959 5681 2141 5741 veram
2163 5681 2308 5739 nunc
2328 5683 2482 5754 vides
2507 5682 2793 5756 lectionem
2829 5681 2888 5748 ἐξ
2919 5681 3198 5752 οὐδεμιᾶς.
