3868 6264
251 383 343 437 969

1037 383 1540 446 smmum“
1579 391 2055 459 Qumsrioxuu
2089 394 2179 447 AD
2219 351 2662 457 STEPHANUM.

3362 417 3466 474 970

251 498 334 551 τοῦ
366 497 522 550 Δαόὶδ
569 497 930 570 ἀναστήσεται
978 519 1059 566 τις
1111 505 1171 558 ού
1212 505 1306 558 τοῦ
1354 508 1565 578 Ἰσραὴλ
1593 508 1755 579 ἄρχειι

1859 509 1956 570 lin
1985 506 2180 563 lsraele
2202 525 2364 581 quam
2399 513 2454 568 in
2484 517 2757 584 gentibus.
2808 517 3012 576 Dicitur
3062 529 3188 578 item
3224 529 3464 585 nascitu-

249 589 371 643 ἀλλά
395 589 498 645 τῶν
540 590 737 644 ἐθνῶν·
774 593 982 663 εἴρηται
1022 595 1076 646 δὲ
1123 597 1204 649 ὅτι
1235 599 1624 670 γεννηθήσεται
1669 620 1755 654 παι

1901 613 1995 654 rus
2029 603 2308 668 parvulus,
2339 612 2393 658 et
2431 622 2627 662 nomen
2657 609 2776 664 Filii
2808 612 3111 678 habiturus,
3149 623 3462 689 peregrinos

245 681 361 745 δίον,
393 683 483 734 καὶ
514 683 939 754 ὁνομασθήσεται
958 688 1105 752 Υἱὸς,
1136 689 1304 754 ξένοις
1333 693 1559 763 ὀνόμασι
1584 695 1679 747 καὶ
1697 696 1755 764 τὴ

1897 694 2085 749 titulos
2117 703 2171 748 et
2220 697 2509 750 humanam
2543 711 2792 756 naturam
2843 707 3166 766 excedcnlcs
3208 724 3459 782 receptu-

244 771 525 843 ἀνθρώπιον
558 775 716 842 φύσιν
746 777 1097 850 ύπεραίρουσι
1131 785 1557 855 κεκοσμημένος,
1584 789 1664 841 ὅτι
1686 807 1744 841 τε

1895 800 1991 838 rus
2023 803 2036 839 :
2073 783 2298 856 foreque
2327 795 2384 842 ut
2415 789 2503 843 hic
2538 791 2792 848 thronum
2830 795 3051 855 Davidis
3096 801 3360 872 obtineat,
3407 818 3462 864 ct

241 862 459 926 τοιοῦτος
485 865 573 917 τὸν
596 864 783 936 θρόνον
812 871 975 923 Δαὸὶδ
1007 873 1358 944 ἀναλήψεται,
1389 880 1481 931 καὶ
1514 881 1611 952 τὴν
1643 881 1793 952 βασι-

239 953 372 1007 λείαν
397 955 556 1008 αὑτοῦ
586 957 928 1028 κατορθῶσαι
953 963 1143 1034 αὐτήν.

299 1065 346 1122 ι’.
384 1067 563 1123 Ταῦτα
599 1070 654 1124 δὲ
679 1072 758 1126 ὅτι
787 1075 922 1145 μετὰ
963 1077 1248 1149 Σολομῶνα
1274 1083 1400 1154 περὶ
1437 1086 1620 1157 ἐτέρου
1647 1086 1788 1156 τινδς

237 1159 498 1230 μέλλοντος
529 1159 676 1230 ἥξειν
711 1172 1161 1236 προανεφωνεῖτο,
1189 1174 1347 1225 παντί
1378 1192 1454 1245 τῳ
1481 1176 1659 1246 δῆλον.
1679 1181 1788 1232 Καὶ

232 1249 387 1314 ἄλλως
419 1251 473 1304 δὲ
497 1252 563 1304 τὰ
592 1253 724 1325 πρὸς
765 1254 852 1309 τὸν
884 1259 1046 1312 Δαὸὶδ
1077 1263 1363 1318 ἐκτεθέντα
1413 1267 1564 1336 λόγια
1589 1272 1688 1325 οὐκ
1721 1273 1785 1326 ἂν

231 1342 577 1413 ἐφαρμόσαιεν
624 1346 914 1417 Σολομῶνι,
955 1351 1214 1422 ἀκριϐοῦς
1245 1356 1540 1424 ἐξετάσεως
1585 1362 1786 1432 τυγχά-

229 1445 402 1481 νοντα·
450 1432 634 1501 σαφῶς
667 1435 774 1507 γὰρ
821 1439 850 1491 6
905 1440 1151 1511 χρησμὸς
1177 1442 1340 1514 δηλοῖ,
1392 1447 1471 1499 ὃτι
1506 1450 1645 1517 μετά
1693 1451 1783 1505 τὸν

228 1518 434 1574 θάνατον
465 1524 558 1576 τοῦ
597 1527 758 1580 Δαϐὶδ
801 1530 1162 1602 ἀναστήσεται
1192 1537 1220 1588 ὁ
1257 1536 1658 1610 θεσπιζόμενος.
1688 1544 1783 1596 Σο-

225 1609 386 1680 λομὼν
412 1613 487 1676 δὲ,
527 1613 726 1681 ζῶντος
776 1618 854 1671 ἔτι
885 1621 978 1674 τοῦ
1009 1624 1191 1689 Δαϐὶδ,
1218 1626 1443 1696 νεύματι
1488 1631 1650 1683 αὑτοῦ
1689 1635 1782 1687 καὶ

223 1702 393 1776 γνώμῃ
422 1705 662 1776 διάδοχος
700 1710 799 1781 τῆς
832 1712 1136 1781 βασιλείας·
1173 1716 1388 1785 λέγεται
1418 1721 1546 1789 γοῦν
1573 1725 1662 1776 ἐπὶ
1687 1726 1780 1795 μό-

220 1812 318 1858 νοις
341 1797 477 1850 έτεσι
503 1802 911 1872 τεσσαράκοντα
933 1803 1245 1874 βασιλεῦσαι
1279 1812 1372 1863 ἐπὶ
1401 1812 1492 1866 τὸν
1537 1814 1772 1887 Ἰσραήλ·

219 1886 320 1949 πῶς
345 1885 433 1941 οὖν
465 1891 548 1954 εἰς
578 1893 739 1946 αὑτὸν
773 1896 1084 1968 ἑπιφέροιτο
1127 1899 1216 1964 τὸ,
1257 1921 1274 1952 ι
1326 1903 1653 1976 Ἀνορθῶσαι
1685 1907 1774 1962 τὸν

217 1977 384 2048 θρόνον
412 1983 578 2035 αὑτοῦ
609 1987 689 2048 εἰς
714 1985 804 2039 τὸν
833 1987 1033 2054 αἰῶνας
1067 2010 1085 2041 ι
1132 1992 1268 2044 Ἀλλ’
1297 1996 1342 2047 εξ
1370 1995 1516 2064 λέγοι
1535 2014 1618 2061 τις
1648 2001 1775 2071 περὶ

210 2071 299 2139 τῆς
328 2072 382 2137 ἐξ
413 2075 582 2128 αὑτοῦ
614 2077 862 2151 διαδοχῆς
891 2085 1139 2156 εἰρῆσθαι
1171 2088 1326 2151 αύτᾶ,
1357 2091 1456 2144 οὐκ
1485 2092 1774 2163 ἀγνοητέον

209 2161 279 2214 ὅτι
311 2163 496 2234 μέχρις
540 2167 778 2238 Ἰεχονίου
821 2173 914 2226 καὶ
953 2178 1049 2246 τῆς
1077 2181 1156 2241 εἰς
1183 2179 1471 2234 Βαϐυλῶνα
1494 2161 1772 2254 αἰχμαλω-

210 2253 314 2316 σίας
339 2258 368 2327 ἡ
395 2257 500 2310 ἀπὸ
545 2262 708 2316 Δαϐιδ
740 2266 832 2317 καὶ
881 2267 1190 2339 Σολομῶνος
1227 2273 1441 2345 διαδοχὴ
1476 2276 1573 2346 τῆς
1615 2277 1769 2346 βασι-

206 2341 336 2407 λείας
364 2347 646 2420 διήρκεσε,
693 2357 916 2426 μηδενὸς
967 2360 1106 2430 μετά
1141 2363 1231 2416 τὸν
1272 2367 1520 2435 Ἰεχονίαν
1556 2371 1647 2420 ἐπὶ
1677 2370 1768 2423 τὸν

205 2432 372 2506 θρόνον
400 2441 496 2510 τῆς
530 2442 809 2512 βασιλείας
838 2449 930 2502 τοῦ
971 2452 1132 2505 Δαϐὶδ
1159 2432 1539 2522 καταστάντος.
1571 2463 1692 2525 Πῶς
1719 2463 1764 2515 δ’

199 2522 257 2576 ἂν
286 2526 356 2597 τῷ
401 2532 758 2607 φιλο-γυναίῳ,
802 2541 896 2593 καὶ
943 2537 1003 2595 οὗ
1032 2544 1132 2596 οὐκ
1181 2541 1312 2618 ῆνή
1356 2551 1552 2620 καρδία
1585 2553 1765 2608 τελεία

203 2619 322 2685 μετά
359 2622 570 2695 Κυρίου
604 2626 738 2680 Θεοῦ
769 2631 954 2693 αὐτοῦ,
1001 2635 1317 2709 ἐφαρμόσῃς
1355 2619 1548 2695 τάγτοῦ
1575 2645 1758 2716 ὅρκου,

199 2707 279 2758 καὶ
310 2709 366 2762 τό
388 2727 401 2740 ·
444 2731 460 2765 ι
512 2713 658 2782 Ἐγὼ
705 2716 894 2789 ἔσομαι
922 2723 1070 2793 αύτῴ
1104 2728 1180 2789 εἰς
1209 2730 1438 2801 πατέρα,
1469 2735 1560 2786 καὶ
1601 2736 1762 2801 αὐτὸς

196 2794 331 2852 ἔσται
358 2819 444 2871 μοι
474 2806 563 2868 εἰς
595 2809 738 2873 υίόν;
772 2829 789 2860 ι
839 2811 996 2866 Ἀλλὰ
1018 2817 1126 2888 γάρ
1163 2794 1418 2892 ἄντικρυς
1450 2794 1760 2896 Σολομῶνος

198 2885 284 2986 μὲν
311 2889 569 2965 ἀλλότρια
598 2899 767 2952 ταῦτα
787 2919 799 2930 ·
831 2885 1111 2973 ἀνάγοιντο
1137 2907 1180 2960 δ’
1204 2909 1269 2964 ἃν
1298 2885 1671 2986 ἐστὶΧριστὸν,
1699 2885 1756 2984 ὃς

193 2973 250 3026 ὲκ
283 2978 596 3051 σπέρματος
642 2988 807 3041 Δαϐὶδ
849 2992 1106 3059 ἀναστὰς,
1134 2993 1279 3052 οἷκον
1317 3001 1394 3072 τῷ
1416 3003 1533 3074 Θεῷ
1571 3007 1670 3060 ούκ
1697 3007 1757 3073 ἐξ

191 3063 392 3139 ἀψύχων
412 3072 603 3138 λίθων,
633 3079 741 3131 οὐδ’
768 3082 824 3134 ἑν
840 3085 1010 3154 γωνίᾳ
1032 3090 1126 3140 καὶ
1145 3090 1296 3162 μέρει
1317 3063 1439 3162 γῆς,
1472 3063 1607 3150 ἀλλὰ
1633 3063 1753 3153 καθξ

1896 890 2123 946 regnum
2155 878 2296 946 ejus,
2326 887 2385 934 ut
2411 879 2465 933 id
2505 885 2823 939 constituat.

1962 1075 2049 1131 10.
2077 1075 2189 1146 Age
2221 1094 2348 1133 vero
2380 1082 2526 1150 quod
2565 1082 2680 1138 haec
2715 1093 2838 1155 post
2869 1087 3213 1148 Salomonem
3242 1096 3311 1152 de
3347 1098 3456 1156 alio

1889 1165 2121 1233 quodam
2152 1178 2380 1226 venturo
2413 1174 2670 1242 pradicta
2709 1177 2928 1243 fuerint.
2955 1198 3115 1238 nemo
3149 1203 3256 1242 non
3285 1191 3452 1250 videt.

1889 1254 1993 1311 Sed
2023 1259 2227 1329 alioqui
2257 1264 2418 1317 etiam
2462 1267 2606 1322 edita
2655 1268 2846 1325 Davidi
2899 1279 3120 1332 oracula
3172 1278 3454 1339 Salomoni

1885 1347 2030 1403 haud
2079 1353 2407 1410 videbuntur
2450 1374 2770 1431 congruere,
2802 1367 2845 1419 si
2901 1380 3159 1425 accurato
3200 1375 3453 1431 examine

1882 1444 2307 1511 perpendantur.
2355 1448 2597 1522 Namque
2649 1459 2930 1513 oraculum
2964 1463 3248 1519 manifeste
3296 1466 3446 1530 dicit.

1883 1538 2006 1598 post
2043 1532 2261 1593 Davidis
2291 1551 2518 1594 mortem
2565 1555 2939 1603 surrecturum
2977 1552 3126 1607 illum
3159 1554 3226 1610 de
3255 1573 3362 1625 quo
3392 1561 3448 1614 fit

1881 1623 2219 1681 vaticinium.
2268 1630 2431 1700 Atqui
2463 1632 2720 1690 Salomon
2758 1640 2968 1698 vivente
3008 1645 3186 1700 adhuc
3220 1623 3442 1711 Dat-ide.

1880 1727 2052 1783 eoque
2075 1719 2288 1775 volente
2311 1736 2373 1775 ac
2389 1721 2614 1790 jubente
2632 1727 2808 1787 factus
2831 1743 2914 1788 est
2939 1737 3087 1806 regni
3119 1753 3438 1799 successor:

1882 1819 1981 1859 nec
2012 1809 2117 1862 nisi
2142 1826 2315 1867 annos
2347 1815 2704 1887 quadraginta
2737 1837 2901 1892 super
2933 1825 3186 1884 Israclem
3217 1847 3440 1903 regnas-

1877 1910 1934 1948 se
1959 1897 2180 1954 dicitur.
2222 1902 2506 1968 Quomodo
2542 1924 2670 1980 ergo
2701 1914 2765 1967 ad
2808 1915 2950 1970 hunc
2982 1919 3288 1976 referentur
3314 1941 3436 1980 ver-

1874 1985 1941 2038 ba
1972 2005 1983 2040 :
2025 2006 2042 2038 ι
2079 1988 2142 2042 Et
2168 1993 2372 2062 erigam
2409 1997 2662 2053 thronum
2690 2001 2809 2071 ejus
2843 2006 2895 2058 in
2934 2010 3320 2076 sempiternum
3352 2017 3375 2069 ?
3411 2035 3432 2070 ι

1872 2073 2026 2140 Quod
2053 2079 2097 2134 si
2121 2081 2246 2150 quis
2274 2085 2518 2154 objiciat,
2549 2089 2616 2145 de
2637 2095 2957 2161 posteritate
2983 2073 3104 2168 ejus
3144 2102 3258 2158 haec
3290 2104 3434 2162 dicta

1871 2164 2040 2222 fuisse
2069 2207 2083 2226 .
2114 2179 2246 2226 tunc
2297 2190 2428 2232 sane
2472 2194 2580 2234 non
2611 2189 2693 2237 est
2745 2183 3126 2256 ignorandum,
3152 2209 3324 2263 usque
3366 2197 3434 2250 ad

1867 2255 2184 2317 Jecboniam
2224 2269 2440 2335 quidem
2494 2280 2548 2327 et
2609 2273 2990 2346 Babylonicam
3039 2255 3428 2352 captivi-tatem.

1868 2343 2086 2406 Davidis
2104 2367 2166 2407 ac
2191 2354 2495 2416 Salomonis
2521 2365 2751 2432 regalem
2773 2355 3173 2426 successionem
3199 2376 3434 2432 mansiso

1866 2453 1922 2494 se
1945 2458 1960 2507 ;
1984 2443 2256 2500 neminem
2289 2459 2468 2506 tamen
2500 2463 2622 2522 post
2650 2453 2967 2513 Jechoniam
2997 2462 3051 2514 in
3092 2465 3242 2531 regio
3269 2465 3429 2522 Βαγί-

1864 2547 1948 2604 dis
1975 2551 2173 2604 throno
2200 2542 2429 2600 sedisse.
2459 2545 2587 2612 Quo
2603 2549 2971 2622 pactoigitut.
2993 2555 3290 2614 mulieroso
3310 2557 3427 2614 'Sa-

1864 2641 2089 2706 lomoni,
2136 2640 2296 2710 cujus
2325 2655 2420 2695 cor
2444 2657 2553 2695 non
2582 2651 2699 2696 erat
2735 2645 3034 2713 perfectum
3069 2665 3197 2720 erga
3244 2650 3430 2707 Domi.

1861 2749 1990 2787 num
2039 2733 2206 2789 Deum
2255 2733 2820 2803 suum,jurisjurandi
2847 2739 3009 2792 verba
3041 2744 3426 2798 accommoda-

1862 2823 1977 2890 bis;
2018 2839 2229 2878 necnon
2261 2825 2351 2877 illa
2390 2842 2402 2877 :
2442 2842 2460 2874 ι
2500 2822 2610 2895 Ego
2641 2840 2734 2879 ero
2765 2825 2842 2879 illi
2867 2828 2920 2880 in
2948 2838 3176 2899 patrem,
3209 2841 3264 2888 et
3307 2835 3425 2904 ipse

1855 2914 1985 2972 mihi
2045 2917 2149 2969 erit
2207 2917 2260 2968 in
2312 2916 2690 2969 ﬁlium?»lmo
2727 2931 2854 2972 vero
2894 2918 3008 2973 haec
3052 2936 3084 2975 a
3132 2922 3422 2983 Salomone

1859 3003 2017 3073 longe
2045 3004 2352 3060 recedunt:
2393 3005 2488 3060 sed
2537 3005 2758 3060 Christo
2789 3008 2978 3079 utique
3029 3013 3185 3068 valde
3225 3031 3423 3074 conve-

1855 3094 2032 3158 niunt,
2066 3096 2158 3165 qui
2184 3095 2404 3152 Davitlis
2438 3097 2645 3153 semine
2672 3107 2848 3164 ortus,
2883 3115 2992 3156 non
3019 3107 3278 3174 templum
3314 3108 3422 3163 Deo

189 3156 301 3229 ὅλης
326 3164 418 3233 τῆς
440 3168 772 3241 οἰκουμένης
806 3175 899 3227 καὶ
923 3177 980 3229 ἑν
1011 3180 1142 3232 πᾶσι
1164 3185 1274 3246 τοῖς
1305 3183 1510 3240 ἔθνεσιν
1532 3190 1594 3241 ἐκ
1615 3190 1750 3254 ζών-

1859 3201 1920 3240 ex
1960 3156 2272 3242 inanimatis
2314 3187 2610 3256 lapidibus,
2643 3197 2697 3243 et
2744 3191 2800 3244 in
2845 3203 2996 3261 parte
3023 3195 3205 3265 aliqua
3254 3206 3420 3268 atque

186 3265 281 3305 των
313 3258 401 3309 καὶ
423 3276 508 3312 νοε
519 3262 632 3330 ρῶν
661 3263 821 3318 λίθων
855 3274 1216 3342 συνεστήσατο
1236 3275 1332 3345 τὴν
1355 3277 1630 3351 θεοπρεπῆ
1653 3285 1750 3335 αύ-

1859 3278 2250 3346 anguloterraa,
2298 3282 2390 3331 sed
2446 3278 2498 3331 in
2545 3278 2802 3333 universo
2849 3282 2982 3336 orbe
3016 3293 3068 3338 et
3106 3286 3161 3338 in
3204 3288 3418 3344 cunctis

186 3341 267 3393 τοῦ
307 3346 634 3421 Ἐκκλησίαν
661 3368 675 3382 ⁸
704 3348 750 3422 ᾧ
799 3359 892 3411 καὶ
926 3341 1075 3430 μόνω
1103 3364 1182 3427 τὸ,
1217 3383 1236 3414 ι
1264 3341 1433 3430 Ᾱύτὸς
1476 3341 1630 3424 ἐσται
1659 3391 1748 3442 μοι

183 3434 252 3498 εὶς
270 3439 374 3491 υἱὸν
400 3464 414 3489 ο
437 3444 727 3513 ἀναφωνού
735 3467 896 3518 μενον
920 3453 1147 3524 ἁρμόσει
1163 3475 1175 3487 ·
1199 3458 1320 3511 ἐπεὶ
1346 3461 1438 3512 καὶ
1460 3464 1516 3514 ἑν
1535 3434 1747 3534 ἑτέραις

183 3525 408 3598 Γραφαῖς
423 3535 558 3600 Υἱὸς
575 3539 965 3612 ἀναγορεύεται
986 3546 1078 3599 τοῦ
1095 3548 1226 3601 Θεοῦ
1243 3567 1257 3580 ο
1280 3552 1338 3604 ἐν
1355 3554 1421 3623 τῇ
1443 3555 1742 3626 φασκούσῃ,

186 3635 202 3666 ι
248 3620 334 3675 Ἐκ
366 3629 607 3699 γαστρὸς
637 3632 742 3703 πρὸ
771 3635 1046 3706 ἑωσφόρον
1077 3640 1344 3712 ἐγέννησά
1376 3620 1465 3696 σε·
1508 3663 1526 3696 ι
1563 3647 1655 3699 καὶ
1688 3620 1744 3700 ἐν

177 3711 235 3777 τῇ
259 3711 505 3789 λεγούσῃ,
536 3740 555 3770 ι
582 3721 783 3794 Κύριος
808 3723 924 3780 εἶπε
956 3729 1091 3798 πρός
1113 3748 1200 3800 με,
1235 3711 1363 3797 Υἱός
1391 3753 1490 3805 μου
1524 3732 1574 3789 εἷ
1599 3737 1690 3790 σύ·
1719 3757 1737 3789 ι

177 3802 326 3858 πάλιν
357 3811 416 3862 ὲν
523 3813 795 3880 λέλεκται,
832 3839 849 3871 ι
880 3822 1082 3894 Κύριος
1110 3825 1287 3879 ἕκτισέ
1311 3845 1380 3894 με
1394 3802 1577 3903 ⁷ἀρχὴν
1610 3833 1742 3886 ὁδῶν

174 3893 324 3949 αὑτοῦ
357 3902 437 3964 είς
467 3902 612 3974 ἔργα
644 3907 830 3972 αὐτοῦ,
867 3911 969 3980 πρὸ
999 3911 1053 3964 δὲ
1089 3914 1303 3966 πάντων
1348 3915 1549 3985 βουνῶν
1581 3924 1744 3993 γεννᾷ

176 3999 256 4050 με.
296 4006 316 4039 ι
358 3991 589 4057 Τούτοις
643 3997 775 4065 γοῦν
810 4002 1021 4072 συνᾴδει
1073 4005 1230 4075 καὶὴ
1272 4006 1330 4071 ἐξ
1375 4009 1623 4078 οὐρανῶν
1653 4014 1737 4064 ἐπ’

172 4075 320 4131 αὐτὸν
346 4082 632 4154 ἐνεχθεῖσα
665 4091 837 4162 φωνὴ.
875 4109 892 4142 ι
931 4095 1002 4147 Σὺ
1038 4091 1090 4148 εἷ
1119 4099 1147 4148 6
1179 4096 1303 4160 Υἱός
1339 4075 1495 4166 μου-ὁ
1525 4101 1741 4172 ἀγαπη-

168 4167 268 4234 τὸς,
305 4191 326 4224 ι
357 4177 609 4246 φήσασα·
653 4183 745 4234 καὶ
775 4183 842 4236 τὰ
895 4187 952 4237 ἑν
995 4187 1375 4260 ἑϐδομηκοστῷ
1429 4191 1484 4243 δὲ
1538 4167 1738 4264 πρώτίρ

167 4258 353 4334 ψαλμῷ
395 4271 790 4342 περιεχόμενα,
813 4276 873 4328 τὸ
903 4294 920 4328 ι
959 4258 1385 4349 Συμπαραμενεῖ
1410 4281 1486 4351 τῷ
1518 4258 1674 4354 ἡλίῳ,

167 4353 252 4405 καὶ
277 4356 355 4423 τὸ,
394 4379 413 4409 ι
443 4361 632 4415 Πάντα
664 4365 732 4417 τά
763 4365 888 4438 ἔθνη
931 4369 1292 4440 μακαριοῦσιν
1323 4375 1505 4437 αὑτὸν,
1589 4353 1736 4430 ἀντι-

164 4457 290 4512 κρυς
339 4454 455 4513 τοῖς
509 4455 640 4523 περὶ
681 4453 774 4507 τοῦ
811 4457 1061 4530 Σωτῆρος
1100 4460 1256 4531 ἡμῶν
1303 4462 1736 4536 θεολογουμένοις

164 4539 431 4610 συντρέχοι
456 4542 547 4598 ἄν.
581 4545 698 4598 Ὅτι
725 4546 782 4598 δὲ
822 4547 972 4601 ταῦθ’
995 4549 1166 4614 οὕτως
1186 4551 1318 4623 ἑχει,
1341 4556 1737 4626 ἀναμφίλεκτος

159 4625 313 4693 ήάπδ
331 4633 427 4684 τοῦ
473 4634 697 4688 Ἡσαΐου
739 4637 1018 4702 σύστασις,
1053 4640 1110 4704 ὃς
1134 4644 1270 4712 μετὰ
1299 4645 1389 4698 τὸν
1423 4625 1734 4717 Σολομῶνος

159 4714 377 4774 Θάνατον
396 4726 494 4777 καὶ
525 4727 659 4796 μετὰ
691 4728 945 4794 πλείστας
971 4731 1135 4795 ἄλλας
1149 4732 1240 4786 τοῦ
1257 4735 1445 4802 γένους
1464 4714 1730 4809 διαδοχὰς,

155 4806 214 4860 ἐκ
243 4812 398 4882 ῥίζης
435 4815 638 4869 Ἰεσσαὶ
669 4821 761 4871 καὶ
787 4822 948 4874 Δαϐὶδ
979 4823 1351 4887 ἐξελεύσεσθαί
1379 4846 1498 4882 τινα
1531 4806 1734 4901 προνιρηο

155 4899 314 4968 τεύει,
350 4907 448 4957 καὶ
497 4907 688 4962 τοῦτον
733 4910 949 4965 ἔσεσθαι
983 4913 1208 4986 Σωτῆρα
1260 4915 1449 4982 ἐθνῶν,
1511 4921 1732 4990 γυμνῶς

153 4988 286 5043 οὓτω
314 4996 581 5062 φάσκων·
623 5018 641 5049 ι
688 5002 797 5053 Καὶ
833 5002 986 5055 ἔσται
1015 5005 1048 5074 ἡ
1080 5003 1205 5072 ῥίζα
1243 5005 1339 5059 τοῦ
1381 4988 1598 5072 Ἰεσσαὶ,
1635 5011 1732 5063 καὶ

152 5080 178 5130 6
203 5082 568 5158 ἀνιστάμενος
601 5089 787 5162 ἄρχειν
815 5092 981 5147 ἐθνῶν
1001 5111 1013 5124 ·
1051 5098 1134 5148 ἐπ’
1166 5097 1312 5167 αὑτῷ
1352 5097 1479 5170 ἔθνη
1520 5100 1732 5154 ἐλπιοῦο

153 5188 251 5229 σιν.
284 5197 302 5228 ι

214 5479 300 5526 ια’.
359 5477 528 5531 Ἀλλὰ
573 5467 694 5553 γὰρ’
726 5482 992 5538 τοσούτων
1044 5486 1402 5558 ἐκδεδομένων
1460 5487 1723 5560 χρησμῶν

147 5562 288 5634 Mn?
320 5567 402 5638 τῷ
447 5570 615 5623 Δαῦὶδ
647 5573 741 5625 καὶ
788 5575 904 5645 μεθ’
938 5577 1098 5646 ὅρκου
1141 5577 1566 5643 διαϐεϐαιώσεως
1597 5579 1725 5650 περὶ

207 5721 278 5752 ⁷⁸⁵
304 5721 477 5806 35a].
532 5741 658 5790 cnt,
709 5729 762 5783 5.
839 5729 884 5760 ⁷³
922 5729 1066 5787 Psal.
1099 5749 1173 5800 ιι,
1209 5733 1261 5788 7.
1338 5735 1381 5766 ⁷⁸
1421 5733 1583 5789 Prov.
1624 5749 1738 5798 νιιι,

1859 5774 1865 5785 .
1941 5732 1987 5764 ⁷⁸
2029 5730 2217 5788 Matth.
2267 5749 2364 5799 ιιι,
2411 5733 2499 5790 Π.
2575 5735 2621 5768 ⁷⁸
2658 5735 2998 5806 Psal.x.1m,
3044 5740 3097 5793 5.

142 5802 229 5856 ιι,
298 5791 392 5845 10.

465 5882 738 5944 ΡΔτιιοι..
777 5887 896 5949 Gn.
915 5888 1134 5966 νΧΧΙΙ.

1849 3367 2101 3435 gentibus
2133 3383 2200 3422 ex
2233 3368 2372 3422 vivis
2403 3368 2672 3437 lapidibus
2701 3377 2755 3424 et
2779 3370 3237 3432 intellectualibus
3261 3392 3417 3432 suam

1851 3455 1963 3510 Deo
1995 3457 2210 3526 dignam
2241 3457 2539 3513 Ecclesiam
2574 3458 2857 3514 aedificavit
2892 3481 2904 3515 :
2939 3465 3025 3518 cui
3059 3465 3162 3520 soli
3193 3466 3414 3522 eﬂ‘atum

1849 3546 1981 3600 illud
2008 3555 2270 3618 congruet
2301 3567 2314 3602 ε
2354 3566 2373 3599 ι
2416 3547 2535 3618 ipse
2567 3550 2698 3603 mihi
2731 3551 2836 3605 erit
2866 3553 2921 3606 in
2951 3553 3118 3607 filium
3139 3595 3154 3622 ,
3187 3576 3208 3609 ι
3248 3573 3416 3628 quan-

1847 3637 2136 3707 doquidem
2171 3648 2226 3694 et
2257 3640 2310 3693 in
2333 3640 2455 3696 aliis
2478 3639 2773 3710 Scriptura:
2791 3642 2926 3698 locis
2955 3643 3243 3703 Filius’Dei
3272 3663 3411 3718 plue-

1846 3729 2093 3796 dicatur;
2131 3731 2222 3785 ubi
2246 3746 2441 3801 nempe
2473 3732 2676 3786 dicitur
2704 3750 2722 3786 :
2760 3753 2778 3785 ι
2816 3733 2892 3789 Ex
2934 3744 3090 3792 utero
3113 3746 3239 3793 ante
3269 3740 3409 3794 luci-

1848 3821 2018 3875 ferum
2057 3822 2218 3890 genui
2249 3832 2300 3877 te
2326 3824 2434 3888 7";
2475 3843 2494 3874 ›
2528 3838 2742 3880 necnon
2781 3826 2870 3880 ubi
2896 3827 3136 3884 dicitur:
3173 3848 3190 3881 ι
3224 3829 3411 3886 Domi-

1843 3927 1950 3966 nus
1975 3911 2111 3965 dixit
2141 3912 2204 3965 ad
2232 3929 2316 3967 me
2347 3932 2360 3968 τ
2437 3913 2608 3970 Filius
2628 3932 2854 3973 meuses
2884 3926 2940 3972 tu
2964 3920 3045 3988 7“;
3073 3939 3094 3972 ο
3125 3923 3302 3978 denuo
3319 3925 3409 3977 ubi

1843 4004 2140 4059 scribitur:
2178 4022 2197 4056 ι
2231 4005 2493 4062 Dominus
2541 4009 2744 4062 creavit
2791 4025 2878 4065 me
2933 4010 3148 4066 initium
3193 4014 3407 4069 viarum

1843 4110 2068 4161 suarum
2113 4095 2181 4150 ad
2221 4112 2386 4166 opera
2436 4099 2590 4168 ejus;
2623 4109 2750 4155 ante
2781 4116 2971 4159 omnes
3023 4105 3191 4161 colles
3224 4109 3410 4177 genuit

1841 4203 1929 4242 me
1953 4187 2020 4242 ".
2063 4207 2080 4239 ι
2119 4185 2213 4243 His
2237 4203 2366 4258 ergo
2393 4200 2658 4245 consonat
2690 4207 2794 4246 vox
2814 4209 3030 4265 quoque
3060 4195 3150 4250 illa
3181 4197 3249 4252 de
3268 4201 3408 4254 coeio

1840 4277 2053 4333 delata:
2083 4296 2104 4330 ι
2141 4277 2222 4332 Tu
2275 4294 2334 4335 es
2364 4279 2536 4335 Filius
2583 4297 2738 4338 meus
2779 4284 3009 4341 dilectus
3045 4287 3110 4341 ".
3147 4307 3165 4338 ι
3215 4286 3278 4341 Et
3315 4291 3406 4344 illa

1840 4384 1960 4438 qua:
2012 4371 2413 4440 septuagesimo
2469 4373 2648 4440 primo
2724 4376 2934 4444 psalmo
2986 4377 3336 4433 continentur
3387 4400 3399 4435 :

1846 4477 1864 4510 ι
1904 4459 2250 4515 Pet-manebit
2277 4477 2399 4515 cum
2426 4465 2568 4529 sole;
2609 4483 2627 4515 ι
2665 4464 2900 4534 itemque
2932 4484 2944 4521 :
2984 4484 3002 4517 ι
3039 4465 3241 4523 Omnes
3273 4485 3404 4540 gen-

1769 4594 1815 4651 υ
1841 4560 1922 4606 tes
1943 4551 2158 4606 beatum
2187 4552 2336 4606 illum
2364 4553 2546 4608 dicent
2577 4553 2624 4584 "
2659 4573 2670 4608 :
2703 4573 2720 4604 ι
2749 4555 2883 4618 haec,
2917 4557 3157 4626 inquam.
3183 4573 3306 4612 cum
3335 4561 3402 4616 iis

1840 4659 2071 4714 prorsus
2099 4659 2219 4714 quae
2251 4643 2319 4698 de
2369 4643 2659 4700 Servatore
2711 4657 2900 4702 nostro
2954 4647 3215 4705 divinitus
3255 4651 3402 4706 dicta

1835 4743 1985 4800 sunt,
2016 4743 2365 4791 concurrent.
2399 4735 2554 4803 Quod
2605 4747 2783 4794 autem
2825 4741 2899 4794 ita
2952 4756 3039 4795 res
3080 4758 3139 4797 se
3177 4743 3396 4808 habeat,

1835 4823 2201 4880 indubitanter
2229 4824 2398 4882 Isaias
2432 4827 2738 4892 confirmat,
2772 4829 2898 4885 dum
2942 4839 3065 4902 post
3095 4832 3400 4890 Salomonis

1831 4915 2040 4970 obitum
2066 4917 2442 4987 plurimasque
2474 4919 2608 4973 alias
2637 4924 3048 4990 generationum
3094 4928 3400 4981 successio-

1831 5023 1950 5071 nes,
1983 5023 2049 5062 ει
2079 5008 2261 5063 radice
2289 5007 2459 5066 Jesste
2497 5026 2560 5065 ac
2587 5010 2801 5069 Davidis
2837 5030 3183 5085 egressurum
3207 5034 3396 5088 quem-

1829 5098 1954 5152 dam
1983 5099 2332 5167 vaticinatur,
2361 5117 2595 5172 eumque
2620 5101 2961 5160 Servatorem
2994 5107 3232 5176 gentium
3261 5108 3400 5161 fctu-

1829 5205 1948 5244 rum
1975 5199 2085 5245 tam
2120 5192 2407 5262 perspicue
2439 5187 2751 5263 pronuntidt
2781 5214 2793 5250 :
2824 5214 2842 5246 ι
2874 5195 2938 5250 Et
2976 5198 3079 5252 erit
3103 5198 3254 5252 radix
3277 5197 3398 5252 Jes-

1831 5297 1924 5344 ste,
1958 5291 2011 5336 et
2035 5283 2125 5351 qui
2157 5293 2450 5355 consurget
2495 5286 2561 5339 ad
2608 5286 2979 5357 imperandum
3011 5291 3308 5360 gentibus;
3345 5301 3398 5346 et

1831 5373 1886 5427 in
1917 5374 2093 5444 ipsum
2124 5383 2310 5446 gentes
2342 5377 2638 5448 sperabunt
2668 5380 2737 5434 ⁷⁷.
2767 5399 2786 5432 ι

1903 5487 1989 5542 Η.
2021 5486 2156 5540 Cum
2190 5487 2317 5541 talia
2355 5488 2519 5558 igitur
2563 5488 2710 5544 edita
2743 5490 2975 5548 fuissent
3029 5495 3251 5550 oracula
3303 5497 3393 5550 uni

1833 5568 2042 5642 Davidi,
2073 5589 2125 5631 et
2161 5577 2379 5646 quidem
2423 5595 2547 5633 cum
2593 5581 2772 5650 iurata
2802 5581 3181 5652 afﬁrmatione,
3217 5587 3386 5639 oritu-

3201 5741 3245 5772 "
3289 5739 3388 5794 lsa.

3067 5863 3151 5960 31‘
