3868 6264
408 323 510 383 971

1112 322 1379 380 EUSEBII
1416 324 1894 381 C/ESARIENSIS
1930 325 2080 382 OPP.
2121 325 2300 380 PARS
2339 325 2425 380 Ill.
2464 358 2534 369 ——
2562 324 2971 383 EXEGETICA.
3556 336 3649 390 972

409 463 530 504 rum
562 464 626 503 ex
654 449 771 517 ejus
823 444 1030 502 semine
1064 446 1485 517 praenuntiatum
1537 447 1718 510 illum;
1748 463 1963 517 cumque

2081 446 2178 516 τῆς
2209 448 2271 499 ἐκ
2304 448 2611 518 σπέρματος
2643 447 2803 500 οιῦτοὖ
2833 449 3100 516 γενέσεως
3125 449 3217 501 τοῦ
3250 457 3654 525 προφητενθμέ“

411 542 701 596 universus
741 537 908 593 Israel
940 539 1010 592 ob
1050 539 1145 592 has
1179 538 1563 607 praedictiones
1609 538 1853 608 quotidie
1884 554 1977 591 ex-

410 638 684 700 spectaret
714 627 1053 682 nasciturum
1083 643 1148 682 ex
1187 625 1389 680 Davide
1417 627 1658 680 omnium
1695 627 1976 680 hominum

411 723 755 777 Servatorem
797 735 861 772 ac
891 717 1332 788 Redemptorem,
1370 727 1514 772 recte
1543 717 1828 772 Matthmus
1852 733 1976 787 spe-

409 820 650 867 ratarutn
701 827 882 866 rerum
937 811 1229 865 adventum
1264 809 1550 874 nuntians,
1576 826 1640 864 ex
1693 811 1810 880 ipsa
1859 825 1978 880 quae

407 905 463 958 in
494 919 590 972 spe
619 911 739 957 erat
774 903 1201 972 exspectatione,
1240 903 1525 957 exordium
1561 903 1686 957 libri
1727 903 1977 972 auspica-

407 1002 517 1058 tur,
547 993 717 1048 ﬁlium
750 993 968 1050 Davidis
1010 995 1290 1063 appellans
1325 1011 1448 1049 eum
1484 994 1577 1066 qui
1607 1009 1782 1064 nuper
1810 1009 1978 1065 appa-

407 1095 612 1140 ruerat.
645 1089 690 1137 A
715 1081 919 1140 Davide
952 1093 1134 1140 autem
1187 1084 1272 1138 ad.
1299 1085 1666 1138 Abrahamum
1708 1083 1972 1148 ascendit,

404 1177 532 1244 quia
577 1174 756 1243 primo
804 1174 933 1229 item
983 1173 1292 1229 Abrahamo
1322 1175 1388 1229 de
1425 1174 1662 1244 gentium
1693 1175 1975 1228 vocatione

395 1265 556 1318 .varia
601 1265 821 1319 oracula
856 1263 1067 1318 reddita
1117 1263 1351 1320 fuerant.
1398 1265 1540 1318 Ante
1577 1264 1720 1317 enim
1771 1261 1973 1334 Moysis

405 1356 819 1427 legislationem.
877 1363 930 1410 et
963 1366 1088 1411 ante
1125 1365 1339 1427 gentem
1387 1355 1687 1422 Judaicam,
1720 1357 1883 1412 immo
1921 1366 1973 1412 et

405 1455 531 1504 ante
581 1448 1082 1513 circumcisionem,
1117 1449 1418 1519 alienigena
1463 1464 1587 1502 cum
1623 1456 1768 1503 esset
1802 1449 1972 1502 Abra-

404 1537 600 1594 hamus
648 1549 702 1594 et
753 1538 1135 1594 Chaldaeorum
1195 1538 1416 1609 regione
1474 1539 1760 1604 oriundus,
1799 1541 1971 1609 patria

403 1629 654 1684 instituta
707 1629 967 1696 deseruit,
1007 1629 1224 1699 Deoque
1276 1645 1532 1699 supremo
1584 1631 1790 1701 agnito,
1827 1631 1972 1684 testi-

402 1725 643 1776 monium
703 1724 907 1782 retulit.
935 1723 1082 1793 quod
1133 1721 1241 1776 Deo
1281 1723 1626 1787 credidisset,
1656 1731 1710 1778 et
1743 1732 1974 1794 reputa—

2083 557 2194 602 νου,
2223 540 2422 602 παντός
2446 557 2502 591 τε
2524 538 2597 602 ὡς
2623 539 2767 603 sine};
2799 540 2892 593 τοῦ
2932 542 3143 613 Ἰσραὴλ
3162 543 3247 594 διὰ
3277 543 3374 605 τὰς
3398 544 3654 609 τοσαύτας

2083 633 2411 702 προρρήσεις
2428 630 2694 701 ὁσημέραι
2729 633 3132 702 προσδοκῶντος
3154 632 3243 685 τὸν
3265 635 3326 686 ἐκ
3354 636 3522 688 Δαϐὶδ
3540 654 3652 705 γεν-

2084 720 2444 791 νηθησόμενον
2497 718 2722 789 Σωτῆρα
2763 721 2854 772 καὶ
2881 720 3171 791 Λυτρωτὴν
3209 721 3428 774 πάντων
3455 721 3656 792 ἀνθρώ-

2085 828 2221 872 πων,
2263 808 2486 872 είκότως
2511 809 2618 861 τῶν
2651 809 3110 881 προσδοκωμένων
3153 813 3249 882 τὴν
3283 811 3468 880 ἄφιξιν
3501 815 3653 883 εὐαγ-

2081 903 2421 973 γελιζόμενος
2451 905 2476 955 ὁ
2519 901 2813 966 Ματθαῶς,
2863 903 2919 969 ἐξ
2961 905 3131 974 αὐτῆς
3163 905 3261 974 τῆς
3303 905 3654 976 ἐλπιζομένης

2081 995 2406 1065 προσδοκίας
2435 996 2531 1066 τὴν
2564 996 2840 1066 καταρχὴν
2875 995 2966 1048 τοῦ
2999 996 3154 1064 λόγου
3201 998 3516 1068 πεποίηται,
3549 999 3652 1052 υἱὸν

2080 1087 2242 1140 Δαϐὶδ
2285 1088 2461 1156 φήσας
2506 1087 2596 1139 τὸν
2636 1087 3044 1157 ἐπιλάμψαντα·
3085 1087 3222 1157 μετὰ
3269 1088 3325 1141 δὲ
3369 1088 3464 1141 τὸν
3503 1089 3653 1142 Δαϐὶδ

2079 1179 2172 1230 ἐπὶ
2201 1178 2291 1231 τὸν
2326 1177 2573 1248 Ἀϐραὰμ
2595 1177 2898 1248 ἀνατρέχει,
2936 1178 3123 1248 ἐπειδὴ
3156 1178 3356 1250 πρώτῳ
3388 1180 3553 1232 πάλιν
3581 1181 3649 1250 τῷ

2093 1268 2336 1340 Ἀϐραὰμ
2368 1270 2495 1339 περὶ
2527 1270 2627 1338 τῆς
2662 1268 2903 1338 κλήσεως
2935 1269 3040 1320 τῶν
3073 1268 3240 1321 ἐθνῶν
3271 1269 3520 1340 διάφοροι
3557 1271 3650 1323 ἑδέ-

2078 1362 2227 1414 δοντο
2270 1360 2526 1433 χρησμοί.
2570 1361 2684 1432 Πρὸ
2719 1360 2822 1430 γὰρ
2849 1360 2948 1429 τῆς
2990 1360 3266 1422 Μωῦσέως
3313 1360 3646 1430 νομοθεσίας,

2078 1453 2170 1504 καὶ
2205 1452 2306 1524 πρὸ
2329 1451 2422 1504 τοῦ
2466 1453 2730 1505 Ἰουδαίων
2771 1452 2975 1514 ἔθνους,
3006 1452 3067 1504 οὐ
3113 1449 3217 1521 μὴν
3254 1450 3390 1504 ἀλλὰ
3426 1453 3520 1505 καὶ
3550 1451 3647 1524 πρὸ

2077 1541 2177 1610 τῆς
2232 1540 2554 1613 περιτομῆς,
2610 1539 2898 1613 ἀλλοεθνὴς
2938 1539 3011 1592 ὢν
3051 1541 3078 1590 ὁ
3125 1539 3372 1609 Ἀϐραὰμ
3415 1541 3510 1592 καὶ
3557 1540 3646 1610 τῆς

2078 1633 2354 1686 Χαλδαίων
2379 1633 2483 1702 γῆς
2513 1632 2849 1703 ὁρμώμενος,
2886 1632 3168 1685 ἀπολείπει
3199 1634 3294 1702 μὲν
3328 1632 3397 1684 τὰ
3429 1633 3642 1703 πάτρια,

2076 1725 2208 1778 Θεὸν
2240 1725 2295 1778 δὲ
2329 1725 2488 1792 γνοὺς
2521 1725 2610 1777 τὸν
2651 1726 2741 1776 ἐπὶ
2771 1725 2965 1785 πάντα,
3006 1723 3416 1795 μεμαρτύρηται
3449 1723 3524 1786 ὡς
3546 1722 3645 1793 ἄρα

399 1822 514 1866 tum
561 1814 662 1884 ipsi
697 1826 843 1870 esset
894 1815 960 1868 ad
988 1815 1259 1884 justitiam
1294 1817 1338 1849 ⁷⁸
1374 1835 1386 1870 :
1418 1815 1712 1886 justusque
1759 1824 1812 1870 et
1864 1816 1963 1872 Deo

2075 1818 2359 1870 ἐπίστευσε
2382 1816 2458 1887 τῷ
2479 1814 2616 1887 Θεῷ,
2639 1817 2731 1869 καὶ
2754 1815 3002 1883 ἐλογίσθη
3025 1814 3170 1884 αὐτῷ
3191 1817 3270 1877 εἰς
3289 1814 3640 1884 δικαιοσύνην·

399 1924 559 1965 carus
611 1911 803 1972 evasit,
845 1910 987 1965 haud
1046 1912 1116 1966 ob
1171 1912 1416 1980 corporis
1470 1911 1965 1973 circumcisionem,

400 2003 482 2056 vel
515 2003 920 2057 observantiam
962 2003 1210 2066 Sahbati,
1242 2003 1529 2066 festorum,
1564 2014 1728 2073 atque
1772 2003 1970 2056 Kalen-

398 2090 614 2158 darum,
643 2108 818 2162 neque
869 2094 940 2148 oh
989 2094 1149 2148 aliam
1199 2093 1449 2164 quamvis
1484 2109 1513 2147 a
1545 2093 1729 2165 Moyse
1781 2100 1966 2162 postea

400 2183 670 2237 invectam
705 2184 1042 2253 religionem,
1073 2185 1168 2239 sed
1203 2194 1424 2256 propter
1458 2186 1618 2239 aliam
1649 2184 1738 2238 Dei
1795 2185 1968 2238 mani-

399 2274 765 2337 festationem,
792 2275 1069 2346 Deumque
1101 2277 1203 2347 ipsi
1237 2284 1584 2346 apparentem
1623 2276 1759 2347 (erat
1788 2285 1966 2330 autem

399 2367 486 2420 hic
523 2365 823 2438 Servatur),
851 2377 904 2422 et
926 2376 1145 2438 propter
1171 2377 1417 2422 ornatam
1455 2367 1748 2422 virtutibus
1778 2367 1964 2420 vitam.

399 2457 513 2513 lluc
547 2458 730 2526 itaque
778 2456 1060 2527 religionis
1098 2473 1269 2528 genus
1297 2457 1575 2512 exercenti
1613 2458 1755 2510 facta
1788 2468 1872 2512 est
1901 2459 1966 2513 de

397 2549 640 2617 gentium
675 2547 960 2601 vocatione
992 2549 1288 2616 promissio
1313 2566 1328 2614 ;
1353 2548 1496 2618 quod
1538 2563 1730 2618 nempe
1758 2559 1809 2602 et
1840 2551 1969 2618 ipsae

397 2639 691 2709 aliquando
743 2639 858 2709 pari
921 2648 1085 2710 atque
1137 2638 1481 2695 Abrahamus
1525 2639 1736 2694 fervore
1797 2637 1963 2694 Deum

396 2739 584 2785 essent
635 2729 961 2791 adoraturae,
1007 2743 1109 2784 nec
1151 2729 1471 2784 dissimilem
1533 2729 1964 2784 benedictionem

396 2829 792 2878 consecutum.
831 2820 1197 2886 Quamobrem
1226 2819 1433 2875 dictum
1458 2821 1506 2876 ei
1539 2821 1641 2876 fuit
1669 2840 1680 2876 :
1719 2839 1736 2871 ι
1781 2819 1845 2873 Ει
1874 2821 1968 2875 be-

396 2915 721 2970 nedicentur
756 2914 808 2966 in
842 2925 892 2967 te
915 2928 1104 2967 omnes
1136 2911 1312 2965 tribus
1335 2911 1590 2977 terrae";
1628 2931 1646 2963 ι
1673 2923 1723 2967 et
1745 2910 1962 2965 denuo:

400 3023 419 3055 ι
464 3003 603 3056 Dixit
633 3011 814 3056 autem
865 3000 1124 3055 Dominus
1162 3020 1174 3053 :
1229 2998 1566 3055 Non‘celabo
1599 3001 1964 3056 Ahrahamum

393 3107 622 3165 puerum
655 3107 832 3145 meum
864 3106 985 3161 qua
1025 3106 1124 3162 ego
1177 3091 1340 3147 facio.
1373 3089 1488 3146 Fiet
1535 3091 1876 3150 Abrahamus
1910 3094 1964 3147 in

2071 1906 2272 1967 δίκαι-ἐς
2299 1922 2356 1957 τε
2383 1907 2476 1959 καὶ
2511 1904 2762 1975 θεοφιλὴς
2794 1904 3196 1972 ἀποπέφανται,
3217 1903 3292 1956 ὀὐ
3314 1904 3405 1956 διὰ
3441 1919 3642 1973 περιτε-

2072 1998 2177 2068 μῆς
2190 1997 2454 2066 σώματος,
2477 1997 2596 2050 οὐδὲ
2619 1996 2704 2049 διὰ
2727 1996 2973 2065 φυλακῆς
2990 1995 3199 2066 ἡμέρας
3219 1993 3517 2052 Σαϐϐάτου,
3540 1995 3641 2064 ἐορ-

2069 2089 2176 2144 τῶν
2201 2090 2232 2160 ἢ
2261 2090 2584 2160 νουμηνιῶν,
2616 2089 2738 2142 οὐδέ
2767 2105 2828 2158 γε
2857 2088 2922 2140 δι’
2953 2087 3116 2156 ἄλλης
3139 2085 3282 2145 τινὸς
3316 2086 3468 2157 παρὰ
3492 2087 3640 2138 Marii-

2071 2187 2151 2237 σεί
2183 2185 2486 2255 φερομένης
2543 2181 2979 2253 ἐθελοθρησκίας,
3027 2180 3161 2234 ἀλλὰ
3205 2179 3268 2232 δι’
3298 2177 3466 2248 ἄλλης
3515 2175 3638 2229 Θεοῦ

2069 2276 2288 2344 φανείας
2310 2292 2370 2327 τε
2404 2274 2495 2327 τοῦ
2525 2274 2778 2343 ὀφθέντος
2815 2272 2963 2343 αὑτῷ
2988 2271 3193 2341 Κυρίου
3250 2264 3425 2339 (οὗτος
3457 2269 3502 2321 δ’
3525 2266 3585 2338 ῆν

2068 2366 2300 2437 Σωτὴρ),
2336 2365 2422 2419 διά
2445 2383 2504 2417 τε
2533 2363 2728 2436 σεμνοῦ
2764 2364 2856 2416 καὶ
2895 2363 3146 2434 ἐναρέτου
3195 2361 3330 2432 βίου.
3375 2359 3574 2412 Τοῦτον
3598 2359 3624 2409 δ

2066 2454 2157 2511 οὖν
2199 2458 2344 2529 αὐτῷ
2384 2456 2734 2527 κατορθοῦντι
2769 2456 2868 2526 τῆς
2901 2454 3207 2517 θεοσεϐείας
3255 2453 3344 2504 τὸν
3387 2450 3635 2521 τρόπονή

2068 2551 2194 2620 περὶ
2216 2547 2323 2600 τῶν
2349 2547 2517 2600 ἐθνῶν
2537 2547 2712 2600 ὃέδοτο
2740 2546 3061 2615 ἐπαγγελία,
3085 2544 3160 2608 ὡς
3192 2541 3286 2596 καὶ
3313 2541 3494 2595 αὐτῶν
3517 2555 3635 2592 ποτε

2066 2641 2206 2695 κατὰ
2222 2641 2313 2692 τὸν
2335 2639 2425 2692 τοῦ
2470 2638 2720 2712 ’Δϐραὰμ
2745 2637 2901 2708 ζῆλον
2931 2635 3382 2705 θεοσεϐησόντων,
3413 2634 3504 2686 καὶ
3528 2633 3636 2702 ἴσης

2064 2733 2142 2804 τῷ
2186 2732 2422 2800 θεοφιλεῖ
2468 2727 3018 2800 καταξιωθησομένων
3067 2727 3332 2796 εὐλογίας.
3381 2725 3635 2778 Λέλεκται

2066 2823 2195 2892 γοῦν
2220 2823 2356 2895 πρὸς
2390 2825 2570 2886 αὐτὸν,
2608 2841 2625 2872 ι
2663 2821 2764 2874 Καὶ
2797 2819 3247 2891 εὐλογηθήσονται
3280 2819 3335 2870 ἐν
3361 2817 3446 2870 σοὶ
3477 2817 3635 2869 πᾶσαι

2064 2917 2120 2969 αί
2151 2915 2312 2984 φυλαὶ
2341 2915 2440 2986 τῆς
2459 2915 2562 2984 γῆς
2587 2931 2598 2943 ·
2636 2932 2653 2965 ι
2685 2913 2777 2966 καὶ
2809 2912 2969 2964 πάλιν
2987 2928 3000 2941 ·
3029 2930 3045 2962 ι
3080 2911 3138 2963 ’0
3151 2911 3207 2963 δὲ
3235 2908 3438 2980 Κύριος
3469 2901 3632 2967 εἶπεν,

2066 3008 2140 3060 Οὐ
2173 3007 2246 3080 μὴ
2280 3006 2473 3080 κρύψω
2513 3007 2618 3060 ἀπὸ
2662 3003 2908 3076 Ἀϐραὰμ
2938 3002 3031 3056 τοῦ
3076 3001 3264 3064 παιδός
3317 3017 3421 3071 μου
3471 2998 3506 3052 ἃ
3535 2993 3636 3063 ἐγὼ

2067 3101 2204 3153 ποιῶ
2228 3117 2242 3131 ·
2290 3098 2538 3168 Ἀϐραὰμ
2577 3098 2634 3150 δὲ
2674 3096 2959 3166 γενόμενος
2992 3094 3141 3148 ἔσται
3181 3096 3258 3155 είς
3305 3092 3456 3155 ἔθνος
3503 3090 3631 3160 μέγα

390 3193 605 3254 gentem
641 3198 890 3253 magnam
925 3185 1282 3254 multamque,
1325 3184 1456 3238 etin
1485 3199 1548 3238 eo
1574 3176 1963 3239 benedicentur

2070 3193 2158 3244 καὶ
2193 3191 2345 3255 πολὺ,
2380 3190 2472 3243 καὶ
2506 3189 2923 3258 εὐλογηθήσεται
2951 3189 3006 3239 ἐν
3033 3185 3179 3255 αὐτῷ
3212 3185 3391 3236 πάντα
3422 3183 3491 3235 τὰ
3517 3181 3631 3250 ἔθνη

392 3275 578 3329 cuncti
616 3282 780 3351 terra;
821 3275 1003 3344 populi
1035 3275 1103 3330 ⁸ο.
1151 3293 1168 3325 ι
1198 3271 1330 3341 Quae
1377 3289 1501 3329 cum
1549 3276 1623 3329 ita
1681 3277 1812 3340 sint,
1838 3292 1966 3331 eon-

392 3376 711 3421 sentaneum
746 3365 868 3429 fuit,
905 3366 1209 3421 vocationis
1258 3366 1502 3437 gentium
1561 3369 1961 3437 progenitorem

390 3458 760 3514 Ahrahamum
799 3458 866 3512 ab
897 3458 1232 3528 evangelista
1273 3459 1575 3514 secundum
1613 3461 1816 3515 assumi
1842 3469 1963 3530 post

391 3550 670 3607 Davidem.
704 3551 950 3622 Namque
990 3551 1159 3614 hunc,
1195 3550 1283 3604 cui
1329 3550 1396 3603 de
1425 3547 1736 3605 Servatoris
1767 3551 1962 3605 nativi-

389 3650 500 3698 tate
528 3642 924 3712 promissiones
951 3641 1104 3695 factae
1133 3648 1282 3706 sunt,
1307 3641 1558 3710 praeverti
1584 3641 1778 3697 ordine
1798 3657 1963 3711 opor-

388 3733 492 3788 tuit
533 3733 610 3787 illi
646 3733 739 3803 qui
767 3732 834 3788 de
861 3732 1116 3803 gentibus
1151 3732 1478 3802 sponsiones
1523 3743 1844 3802 acceperat;
1877 3749 1962 3788 se-

387 3823 648 3887 cundum,
683 3823 927 3894 inquam,
958 3824 1010 3877 in
1054 3822 1369 3894 genealogia
1417 3825 1672 3878 collocari
1718 3827 1962 3895 oportuit

386 3916 630 3988 gentium
655 3913 1045 3984 patriarcham.

457 4007 544 4064 i2.
570 4005 806 4063 Joannes
837 4008 1054 4076 quidem
1089 4009 1142 4062 in
1191 4024 1291 4063 sua
1339 4005 1614 4079 Evangelii
1664 4010 1956 4078 scriptura,

386 4113 475 4154 res
527 4115 665 4172 quae,
709 4099 946 4163 Baptista
1003 4100 1244 4154 nondum
1304 4102 1357 4154 in
1414 4101 1629 4154 vincula
1687 4101 1955 4169 conjecto.

385 4199 513 4248 ante
549 4192 826 4248 Christum
859 4193 1013 4248 factae
1051 4200 1199 4257 sunt,
1229 4192 1470 4248 tradidit.
1519 4193 1587 4246 At
1613 4200 1726 4248 tres
1763 4194 1956 4262 reliqui

385 4285 751 4356 evangelista,
798 4295 919 4339 acta
973 4292 1096 4356 post
1117 4298 1392 4339 carcerem
1446 4285 1702 4340 recitant.
1749 4281 1806 4338 ιι]
1841 4285 1953 4338 aui-

385 4374 746 4431 madvertenti
795 4375 942 4431 haud
995 4375 1280 4431 dissonare
1339 4371 1668 4428 videbuntur
1705 4373 1848 4428 inter
1898 4390 1956 4428 se

385 4465 714 4539 Evangelia;
784 4469 909 4538 quia
970 4467 1227 4522 nimirum
1287 4467 1430 4538 apud
1485 4464 1750 4521 Joannem
1825 4473 1954 4520 sunt

383 4561 588 4632 priora,
616 4562 822 4634 reliqua
857 4561 923 4616 ad
963 4569 1295 4632 postremam
1333 4559 1626 4614 historiam
1660 4545 1951 4628 pertinent.

2064 3283 2160 3353 τῆς
2180 3282 2303 3351 γῆς.
2341 3301 2358 3333 ι
2383 3277 2484 3332 ’Ὧν
2521 3279 2691 3341 οὕτως
2717 3279 2969 3348 ἐχόντων,
2997 3275 3288 3331 ἀκόλουθον
3315 3271 3384 3346 ἦν
3419 3276 3516 3344 τῆς
3533 3273 3630 3325 τῶν

2063 3374 2230 3428 ἐθνῶν
2283 3373 2523 3442 κλήσεως
2574 3372 2891 3442 προπάτορα
2937 3369 3065 3422 ὄντα
3120 3367 3210 3420 τὸν
3256 3364 3506 3437 Ἀϐραὰμ
3538 3363 3630 3415 ὑπὸ

2062 3464 2154 3518 τοῦ
2188 3461 2568 3531 εὐαγγελιστοῦ
2620 3461 2868 3531 δεύτερον
2919 3457 3341 3530 παραληφθῆναι
3378 3454 3514 3525 μετὰ
3549 3455 3629 3506 τὸν

2062 3555 2239 3609 Δαϐίδ.
2287 3555 2479 3625 Ἐχρῆν
2505 3553 2611 3624 γὰρ
2642 3552 2733 3606 τὸν
2762 3551 2889 3624 περὶ
2919 3550 3015 3621 τῆς
3040 3551 3305 3619 γενέσεως
3337 3549 3432 3601 τοῦ
3459 3546 3626 3614 Συκῆ-

2063 3667 2154 3720 ρος
2191 3648 2288 3711 τὰς
2318 3647 2634 3717 ὑποσχέσεις
2661 3645 2935 3716 εἰληφότα,
2965 3641 3364 3716 προτιμηθῆναι
3400 3643 3465 3710 τῇ
3494 3639 3628 3704 τάξει

2060 3741 2150 3794 τοῦ
2186 3741 2282 3804 τὰς
2316 3739 2572 3810 περὶτῶν
2595 3738 2761 3792 ἐθνῶν
2799 3737 3128 3806 ἐπαγγελίας
3159 3733 3454 3805 δεξαμένου
3476 3750 3488 3762 ·
3514 3731 3623 3787 δεύ-

2058 3850 2212 3902 τερον
2256 3833 2312 3884 δὲ
2340 3833 2414 3882 ’ἐν
2455 3833 2524 3901 τῇ
2567 3828 2884 3900 γενεαλογίᾳ
2917 3824 3338 3898 παραληφθῆναι
3390 3823 3483 3877 τὸν
3529 3820 3625 3874 τῶν

2063 3920 2228 3973 ἐθνῶν
2261 3921 2520 3991 ἀρχηγόν.

2136 4010 2220 4080 ιβ’·
2264 4011 2321 4063 '0
2355 4011 2451 4079 μὲν
2479 4010 2586 4078 γὰρ
2633 4009 2882 4078 Ἰωάννης
2905 4009 2971 4077 τῇ
2995 4003 3086 4058 τοῦ
3117 4005 3235 4057 κατ’
3274 4002 3438 4056 αὑτὸν
3463 4000 3626 4065 Εὐαγ-

2061 4102 2237 4169 γελίου
2270 4105 2476 4173 γραφῇ,
2519 4103 2586 4154 τὰ
2624 4101 2849 4171 μηδέπω
2873 4099 2967 4152 τοῦ
3015 4093 3318 4150 Βαπτιστοῦ
3374 4088 3626 4164 βεϐλημέ-

2058 4208 2148 4246 νου
2184 4194 2263 4254 είς
2309 4191 2576 4260 φυλακὴν,
2613 4190 2717 4261 πρὸ
2760 4188 2854 4241 τοῦ
2894 4185 3129 4258 Χριστοῦ
3177 4183 3510 4256 πραχθέντα,
3535 4197 3624 4233 πα-

2060 4282 2340 4352 ραδίδωσιν
2360 4298 2371 4310 ·
2405 4282 2454 4334 ol
2495 4281 2551 4333 δὲ
2575 4279 2750 4333 λοιποὶ
2779 4283 2925 4351 τρεῖς
2975 4276 3356 4345 εὐαγγελισταὶ
3385 4274 3454 4326 τὰ
3500 4271 3621 4343 μετὰ

2057 4374 2114 4426 τὸ
2139 4371 2507 4442 δεσμωτήριον
2533 4370 2800 4439 λέγουσιν.
2824 4361 2916 4430 Οἷς
2944 4367 3038 4420 καὶ
3055 4367 3430 4435 ἐπιστήσαντι,
3453 4359 3618 4414 οὐκέτι

2056 4467 2120 4517 ἂν
2145 4463 2349 4527 δόξαιεν
2393 4463 2680 4533 διαφωνεῖν
2721 4460 2968 4531 ἀλλήλοις
2993 4459 3062 4513 τὰ
3113 4454 3438 4524 Εὑαγγέλια,
3473 4451 3545 4522 τῷ
3569 4449 3620 4503 τὸ

2062 4556 2159 4627 μὲν
2192 4553 2330 4607 κατὰ
2365 4553 2616 4623 Ἰωάννην
2646 4553 2713 4605 τὰ
2743 4549 2932 4620 πρῶτα
2956 4549 3252 4620 περιέχειν,
3287 4545 3360 4598 τὰ
3391 4544 3446 4596 δὲ
3476 4538 3616 4593 λοιπὰ

2058 4647 2154 4716 τὴν
2181 4645 2474 4699 ἐπιτέλειον
2508 4643 2747 4716 ἱστορίαν
2775 4641 2909 4711 (51).

1312 4794 1396 4849 Ea:
1422 4791 1634 4848 Possim’
1656 4799 1844 4845 catena
1869 4789 1922 4842 in
1956 4787 2270 4842 Matthwum
2301 4795 2428 4838 tom.
2455 4781 2497 4847 1,
2538 4799 2590 4851 p.
2626 4781 2712 4836 12.

453 4911 542 4966 15.
577 4905 811 4964 Eusebii.
846 4898 1139 4963 Gravidam
1199 4905 1292 4962 Dei
1342 4915 1570 4961 matrem
1602 4905 1812 4963 nemini
1842 4905 1950 4958 nisi

382 5003 621 5076 Jusepho
662 5003 937 5058 inventam
985 5016 1108 5055 esse
1156 5000 1231 5054 ait
1283 5000 1615 5065 evangelista
1649 5014 1661 5050 :
1699 5012 1729 5051 a
1758 5006 1950 5051 sancto

381 5098 582 5168 quippe
613 5093 817 5167 Spiritu
853 5109 940 5148 res
991 5091 1257 5172 patefacta
1293 5090 1413 5146 fuit.
1448 5089 1608 5144 Justo
1635 5097 1816 5143 autem
1853 5088 1946 5142 ho-

447 5252 496 5286 "
535 5251 695 5306 Rom.
736 5266 821 5317 Iv,
857 5249 910 5302 5.
989 5247 1032 5278 ⁷⁸
1069 5244 1206 5301 Gen.
1245 5260 1350 5312 xu,
1387 5245 1442 5300 5.

449 5409 560 5478 (5|)
604 5407 782 5478 Locus
820 5403 915 5478 hic
947 5401 1228 5478 brevis_d_e
1260 5401 1499 5470 Baptista
1531 5414 1722 5478 reapse
1751 5398 1947 5478 recita-

383 5467 473 5530 tur
499 5467 554 5532 in
583 5477 770 5532 codice
795 5478 860 5534 A.
893 5473 930 5528 f.
971 5473 1062 5535 82,
1095 5473 1161 5526 ad
1189 5467 1351 5525 Lucai
1379 5486 1500 5542 cap.
1544 5487 1596 5532 v,
1705 5469 1813 5542 sub
1837 5467 1945 5542 liu-

384 5548 517 5619 s_e_b_ii
553 5548 790 5604 nomine.
816 5545 884 5619 Et
911 5545 1131 5619 quidem
1156 5543 1280 5597 vide
1310 5537 1463 5619 dicta:
1489 5555 1520 5593 a
1554 5540 1711 5619 nobis
1750 5538 1816 5591 ad

383 5616 490 5669 rilli
519 5608 970 5670 commentarium
1006 5614 1070 5667 In
1097 5612 1248 5673 Luc.,
1279 5628 1332 5679 p.
1363 5611 1483 5671 M6.
1505 5627 1559 5663 ιι.
1591 5609 1644 5663 5.
1669 5608 1727 5662 In
1757 5608 1952 5677 praefa-

379 5689 530 5739 tione
551 5685 618 5738 ad
641 5685 907 5739 Marinum
937 5683 1072 5737 dixit
1095 5682 1361 5736 Eusebius
1386 5697 1443 5735 se
1464 5679 1792 5748 quaestiones
1822 5693 1948 5732 suas

383 5753 670 5823 scripsisse
718 5753 787 5809 ad
849 5753 1112 5821 principia
1171 5760 1225 5808 et
1282 5751 1444 5805 finem
1484 5747 1944 5820 ’Evangeliorum.

2132 4905 2218 4967 ιγ’.
2240 4897 2349 4967 (52)
2369 4895 2682 4951 Εὐσεϐίου.
2720 4893 2840 4945 Ὅτι
2872 4891 2928 4944 δὲ
2953 4890 3146 4958 ἔγκυος
3169 4885 3365 4957 εὑρέθη
3397 4883 3430 4953 ἡ
3455 4877 3612 4934 055:6-

2057 5009 2170 5056 κος,
2195 4992 2288 5046 καὶ
2309 4991 2388 5043 ὅτι
2413 4989 2584 5042 οὐδενὶ
2609 4985 2781 5056 ἑτέρῳ
2808 4983 2922 5037 ἀλλ’
2943 4983 2976 5054 ἢ
3010 4981 3086 5054 τῷ
3121 4979 3336 5051 Ἰωσὴφ,
3357 4979 3384 5031 ὁ
3400 4975 3604 5041 εὐαγγε·

2055 5086 2240 5157 λιστὴς
2265 5083 2609 5154 ἀπεφήνατο’
2645 5083 2708 5134 ἐκ
2726 5079 2834 5150 γὰρ
2867 5075 3179 5148 Πνεῦματος
3219 5073 3372 5142 ἁγίου
3422 5070 3602 5139 γέγονε.

1518 5245 1562 5278 ⁸ο
1603 5243 1739 5300 Gen.
1781 5256 1940 5307 mu,
1982 5238 2068 5296 i7.

2049 5393 2410 5460 Quamobrem
2441 5391 2530 5444 hic
2560 5388 2627 5444 de
2664 5387 2907 5458 Baptista
2944 5386 3101 5460 locus
3128 5381 3365 5460 pertinet
3397 5376 3595 5460 fortasse

2049 5445 2250 5534 magis
2267 5445 2349 5517 add
2383 5461 2596 5534 Eusebii
2621 5445 3184 5534 commentariumnln
3226 5450 3444 5534 Legam.
3460 5533 3466 5534 γ
3481 5445 3592 5534 quia

2050 5514 2230 5587 ιιιιῖοῆ
2268 5514 2587 5588 nominatim
2621 5530 2709 5583 hic
2743 5527 3047 5599 appellatur
3077 5521 3474 5599 Evangeliorunt

2051 5583 2331 5663 ὲῖἠὶᾶιὶὶθᾶξ
2348 5583 2595 5669 hocego
2627 5583 2930 5669 loco,'s'ine4
2972 5593 3104 5669 ullo,
3153 5583 3406 5661 ut'puto,
3445 5583 3589 5640 detri-

2052 5681 2236 5730 mento
2267 5673 2401 5740 reip.
2440 5665 2798 5741 fragmentum
2831 5665 3115 5722 collocavi.

2095 5773 2101 5780 -
2125 5743 2231 5815 (5‘2)
2274 5744 2476 5810 Quaest.
2517 5741 2642 5808 1,3.
