3868 6264
263 355 356 412 973
1047 343 1548 405 SUPPLEMENTA
1590 343 2070 415 QUASTIONUM
2110 345 2201 401 AD
2241 343 2679 404 STEPHANUM.

3376 356 3478 411 974

258 465 402 539 φησὶ,
435 461 494 517 τδ
524 461 761 518 τοιοῦτον
791 463 1051 535 φανερόν
1087 463 1280 534 δικαίῳ
1301 461 1408 532 γὰρ
1441 462 1554 514 ὄντι
1584 461 1662 532 τῷ
1705 461 1804 514 Ἰω-

1917 459 2046 514 mini
2080 458 2156 512 nil
2187 458 2386 512 mirum
2419 468 2501 514 est
2531 461 2823 516 revelatam
2872 460 3041 518 fuisse
3062 477 3093 518 a
3129 471 3318 520 sancto
3354 465 3478 538 Spi-

261 556 359 628 σὴφ
387 555 481 607 οὐκ
533 547 599 623 ἦν
645 553 952 623 θαυμαστὸν
995 553 1299 625 γνωσθῆναι
1356 553 1443 606 διὰ
1493 551 1808 620 Πνεύματος

257 643 421 713 ἁγίου,
457 641 515 704 ἐξ
545 636 604 696 οὗ
638 643 728 696 καὶ
755 644 788 714 η
821 642 1015 715 κύησις
1047 643 1285 710 γέγονεν.

1914 551 2022 604 ritu
2069 549 2209 604 hanc
2268 551 2703 621 conceptionem,
2749 567 2911 623 quam
2957 571 3057 610 sua
3109 556 3254 612 idem
3280 557 3478 614 virtute

1916 639 2239 712 perfecerat.

1303 759 1384 816 Ex
1409 771 1592 815 catena
1621 761 1818 815 inedita
1850 760 1903 813 in
1931 757 2105 812 codice
2149 756 2420 811 Vaticano.

319 877 394 930 ιδ’.
430 875 538 946 (55)
580 877 874 932 Εὐσεὸίου
910 919 922 932 .
974 879 1249 949 Ἐνέτυχον
1288 878 1345 932 δὲ
1395 879 1660 950 ἑρμηνείᾳ.
1721 879 1812 931 άν-

247 967 526 1038 επιγράφῳ
577 966 831 1040 λεγούσῃ,
867 969 946 1022 ὅτι
989 971 1037 1022 οἱ
1072 971 1169 1041 μέν
1211 987 1337 1040 φασι
1392 970 1677 1038 συγγενίδα
1713 969 1812 1039 τὴν

260 1057 532 1120 Ἐλισάόετ
561 1059 658 1128 τῆς
707 1058 983 1130 Παρθένου
1023 1061 1172 1132 παρὰ
1206 1062 1297 1114 τοῦ
1329 1061 1560 1130 ἀγγέλου
1594 1061 1809 1131 ὠνομά-

247 1149 384 1213 σθαι,
423 1149 521 1218 οὑχ
564 1148 640 1213 ὡς
671 1151 736 1202 ἐκ
779 1151 878 1220 τῆς
923 1151 1093 1220 αὐτῆς
1121 1153 1314 1223 φυλῆς,
1343 1153 1478 1207 ἀλλὰ
1525 1153 1613 1206 διὰ
1650 1153 1710 1205 τὸ
1747 1153 1810 1205 ὲκ

243 1243 344 1295 τῶν
375 1241 556 1296 αὐτῶν
581 1243 882 1313 προγόνων,
911 1246 1004 1298 καὶ
1030 1245 1121 1298 τοῦ
1146 1244 1308 1298 αὑτοῦ
1332 1244 1524 1308 κοινῶς
1550 1245 1658 1297 τῶν
1692 1244 1810 1296 Ἰου-

241 1334 396 1390 δαίων
425 1335 614 1401 γένοιις
661 1336 978 1408 ἀμφοτέρας
1009 1338 1297 1409 ὡρμῆσθαι
1317 1352 1331 1365 ⁸
1365 1338 1440 1400 ὡς
1479 1340 1506 1390 ό
1551 1338 1805 1391 Ἀπόστο-

241 1426 345 1489 λος.
380 1445 398 1478 ι
447 1426 798 1500 Ἐϐουλόμην,
823 1428 1015 1497 λέγων,
1050 1430 1294 1500 ἀνάθεμα
1346 1425 1482 1482 εἶναι
1527 1430 1665 1501 ὑπὲρ
1704 1429 1811 1481 τῶν

239 1516 474 1586 ἀδελφῶν
496 1535 600 1588 μου
630 1517 737 1571 τῶν
773 1521 1045 1589 συγγενῶν
1077 1537 1176 1592 μου
1211 1521 1352 1574 κατὰ
1385 1523 1581 1591 σάρκα.
1622 1543 1640 1572 ι
1679 1520 1811 1572 Πολ-

238 1610 312 1662 λοὶ
337 1610 391 1662 δὲ
417 1611 513 1663 καὶ
543 1611 652 1665 τῶν
677 1611 912 1683 δοκίμων
959 1614 1207 1682 λέγουσιν
1253 1614 1468 1684 άληθῶς
1503 1614 1640 1668 κατὰ
1678 1631 1812 1681 συγ-

237 1701 444 1769 γένειαν
504 1704 773 1776 συνῆφθαι
827 1705 925 1776 τὴν
975 1706 1254 1777 ἱερατικὴν
1307 1705 1477 1777 φυλὴν
1544 1709 1611 1777 τῇ
1663 1706 1812 1777 βασι-

1991 875 2076 928 14.
2116 873 2348 928 Eusebii.
2411 872 2582 928 Incidi
2616 873 2673 927 in
2717 872 3007 943 quamdam
3060 876 3317 946 anonymi
3375 891 3476 932 au-

1916 966 2085 1021 ctoris
2108 964 2609 1035 interpretationem
2631 963 2862 1019 dicentis
2883 963 3232 1034 Elisabetam,
3253 982 3322 1023 ex
3349 983 3485 1024 non-

1916 1057 2189 1110 nullorum
2245 1055 2536 1119 sententia,
2592 1055 2915 1126 appellatam
2953 1057 3124 1113 fuisse
3159 1060 3228 1114 ab
3285 1062 3479 1131 angelo

1915 1157 2200 1216 cognatam
2235 1145 2496 1218 Virginis,
2528 1161 2635 1201 non
2666 1147 2794 1217 quia
2822 1147 2888 1202 de
2916 1148 3102 1203 eadem
3127 1159 3270 1206 esset
3306 1152 3474 1216 tribu,

1914 1237 2008 1292 Sed
2026 1238 2149 1306 quia
2170 1252 2231 1290 ex
2269 1235 2459 1293 iisdem
2481 1238 2915 1308 progenitoribus
2931 1228 3238 1311 'codemque
3264 1239 3481 1298 Judteo-

1913 1344 2031 1383 rum
2096 1344 2293 1400 genere
2322 1331 2628 1385 communis
2645 1331 2858 1402 utrique
2879 1335 3032 1402 origo
3069 1331 3248 1387 fuerit.
3277 1332 3480 1406 Nempe

1913 1421 2276 1492 utApostolus
2295 1421 2562 1492 loquitur:
2586 1441 2604 1474 ‹
2637 1421 2900 1492 Optabam
2922 1439 3022 1495 ego
3049 1424 3336 1480 anathema
3356 1441 3480 1482 esse

1912 1529 2012 1582 pro
2031 1514 2292 1569 fratribus
2321 1516 2477 1580 meis,
2502 1516 2594 1586 qui
2619 1527 2746 1570 sunt
2765 1518 2979 1588 cognati
3024 1517 3130 1571 mei
3175 1518 3476 1573 secundum

1911 1621 2132 1661 carnem
2163 1606 2227 1658 ⁸¹.
2265 1625 2284 1658 ι
2318 1605 2467 1660 Multi
2498 1615 2693 1663 tamen
2729 1609 2936 1677 probati
2963 1609 3284 1679 interpretes
3303 1610 3478 1678 aiunt,

1912 1714 2039 1752 vera
2080 1714 2305 1769 prorsus
2336 1701 2660 1770 c0gnatione
2703 1701 3096 1756 sacerdotalem
3123 1702 3324 1756 tribum
3351 1717 3475 1758 cum

234 1792 350 1863 λικῇ
386 1793 478 1846 καὶ
512 1794 627 1848 ἄνω
673 1796 764 1847 ἐπὶ
802 1794 1077 1859 Μωῦσέως
1107 1795 1238 1866 (54).
1281 1795 1346 1848 Ἢ
1379 1795 1486 1868 γὰρ
1532 1796 1808 1850 Ἐλισάεετ

1917 1791 2072 1859 regali
2105 1789 2273 1846 fuisse
2297 1804 2596 1845 connexam
2652 1806 2682 1844 a
2738 1790 2991 1848 Mosaicis
3024 1808 3196 1864 usque
3218 1796 3478 1865 tempori-

235 1885 264 1956 ὴ
295 1886 430 1956 γυνὴ
472 1885 684 1957 Ἀαρὼν
718 1887 917 1959 ἀδελφὴ
956 1887 1168 1958 ὑπῆρχε
1208 1888 1475 1940 Ναασσὼν
1514 1888 1630 1940 υίοῦ
1665 1889 1809 1958 Ἀμι-

231 1974 409 2038 ναδάϐ,
446 1974 506 2038 ὃς
541 1960 653 2029 άπὸ
687 1976 854 2030 Ἰούδα
892 1976 984 2030 τοῦ
1015 1978 1129 2031 υίοῦ
1172 1977 1364 2030 Ἰακὼϐ
1405 1979 1690 2050 κατήγετο,
1714 1979 1806 2046 ἀφ’

229 2058 285 2118 οὗ
312 2065 368 2118 τὸ
414 2065 695 2135 βασίλειον
738 2069 894 2137 γένος
935 2072 1046 2132 τοῖς
1083 2069 1380 2133 Ἰουδαίοις·
1424 2071 1517 2123 καὶ
1573 2071 1720 2124 κάτω
1750 2071 1806 2124 δὲ

227 2157 420 2226 ὁμοίως
469 2158 822 2230 Ἐλισάϐετή
869 2160 1006 2231 γυνὴ
1053 2160 1317 2233 Ζαχαρίου
1361 2161 1472 2214 ἀπὸ
1498 2162 1596 2233 τῆς
1642 2162 1808 2216 Ἰούδα

229 2245 394 2314 φυλῆς
448 2241 604 2301 εἷλκε
659 2251 756 2321 τὴν
812 2250 1056 2318 γένεσιν,
1109 2252 1352 2323 Θυγάτηρ
1399 2253 1809 2325 χρηματίζουσα

235 2337 423 2391 Ἰακὼϐ
449 2339 547 2392 τοῦ
590 2341 797 2412 πατρὸς
843 2342 1041 2412 Ἰωσήφ
1065 2359 1077 2372 ·
1109 2345 1172 2395 ὲκ
1205 2343 1336 2412 γοῦν
1365 2344 1464 2414 τῆς
1493 2346 1808 2414 συγγενείας

218 2426 401 2482 τούτου
430 2430 530 2484 τοῦ
585 2431 853 2485 Ναασσὼν
885 2435 914 2485 ὁ
946 2433 1147 2507 Κύριος
1189 2435 1330 2488 κατὰ
1378 2435 1555 2508 σάρκα
1584 2435 1808 2507 γεγένη-

215 2538 334 2575 ται·
369 2523 430 2576 οὗ
481 2523 674 2594 μᾶτην
710 2519 804 2578 οὖν
843 2525 942 2595 τῆς
977 2524 1259 2597 βασιλικῆς
1292 2526 1461 2600 φυλῆς
1494 2527 1592 2600 τὴν
1621 2529 1810 2600 ἐπιμι-

218 2612 326 2678 ξῐαν
358 2615 387 2666 ὁ
416 2615 580 2680 θεῖος
625 2619 909 2689 προφήτης
956 2617 1213 2684 ἐδίδαξεν,
1248 2619 1382 2674 ἀλλὰ
1425 2604 1637 2684 δεικνὺς
1677 2621 1753 2685 ὡς
1782 2625 1810 2675 ο

212 2706 488 2777 Δεσπότης
511 2707 760 2778 Χριστὸς
787 2707 844 2774 ἐξ
874 2709 1196 2781 ἀμφοτέρων
1230 2709 1578 2781 ἐϐλάστησεν,
1612 2709 1687 2774 ὡς
1713 2710 1810 2780 βα·-

215 2797 388 2862 σιλεὺς
419 2799 518 2854 καὶ
576 2800 864 2872 ἀρχιερεὺς
897 2800 1037 2855 κατὰ
1077 2802 1138 2855 τὸ
1168 2801 1506 2875 ἀνθρώπινον
1540 2803 1810 2873 χρηματί-
1846 2846 1849 2848 .

211 2903 304 2952 σας
337 2888 454 2958 (55)
474 2907 488 2921 ο
512 2890 548 2960 ἢ
597 2888 671 2952 ὡς
691 2889 749 2956 ἐξ
780 2889 898 2953 ἑνὸς
922 2892 1260 2964 προπάτορος
1289 2892 1382 2945 τοῦ
1417 2892 1609 2946 Ἰακὼϐ
1643 2894 1810 2963 ὑπαρ-

209 2978 427 3047 χούσας,
467 2981 804 3050 συῖγενίδας
836 2981 1010 3036 καλεῖ.

1915 1880 2038 1934 bus.
2066 1880 2308 1950 Namque
2326 1881 2414 1934 illa
2440 1879 2710 1938 Elisabeta
2739 1882 2972 1936 Aaronis
2991 1897 3149 1950 uxor,
3181 1883 3477 1939 Naassonis

1915 1990 2072 2031 soror
2097 1984 2214 2030 erat
2263 1976 2602 2032 Aminadabo
2651 1976 2840 2047 geniti,
2876 1978 2968 2046 qui
3019 1985 3198 2031 ortum
3232 1993 3261 2031 a
3290 1978 3480 2035 Jacobi

1916 2066 2026 2123 ﬁlio
2054 2068 2301 2123 trahebat
2351 2067 2513 2134 Juda,
2574 2068 2720 2123 unde
2753 2069 2932 2141 regale
2972 2068 3283 2126 Judaeorum
3305 2087 3478 2142 genus

1916 2167 2269 2228 propagatum
2296 2165 2397 2214 est.
2435 2157 2541 2214 Sed
2603 2170 2656 2214 et
2713 2161 2960 2230 proximo
2991 2161 3197 2230 pariter
3239 2169 3480 2232 tempore

1915 2249 2184 2306 Elisabeta
2213 2249 2494 2304 Zachariae
2549 2265 2689 2304 uxor
2717 2267 2748 2304 e
2778 2249 2930 2305 Judae
2974 2251 3118 2305 tribu
3162 2251 3475 2318 oriebatur;

1913 2339 2023 2393 ﬁlia
2062 2341 2260 2410 quippe
2284 2338 2472 2394 Jacobi
2506 2340 2598 2410 qui
2631 2338 2851 2411 Iosephi
2879 2348 3031 2410 pater
3062 2349 3166 2397 est.
3197 2341 3280 2396 Ab
3313 2341 3477 2410 hujus

1913 2430 2078 2500 igitur
2107 2429 2400 2486 Naassonis
2424 2431 2595 2502 stirpe
2641 2429 2906 2486 Dominus
2933 2431 3232 2485 secundum
3257 2447 3477 2487 carnem

1917 2529 2072 2576 ortus
2102 2529 2206 2575 est.
2243 2518 2382 2591 Ergo
2401 2520 2544 2574 haud
2573 2527 2779 2576 temere
2800 2522 3206 2590 permistionem
3236 2537 3358 2576 cum
3392 2537 3478 2578 re-

1911 2613 1998 2684 gia
2027 2612 2171 2666 tribu
2202 2614 2362 2668 divus
2418 2613 2684 2684 propheta
2725 2612 2950 2677 docuit;
2983 2614 3076 2669 sed
3107 2621 3165 2668 ut
3197 2600 3475 2669 Christum

1915 2705 2200 2760 Dominum
2227 2719 2290 2760 ex
2337 2713 2569 2775 utraque
2599 2713 2956 2776 propagatum
2997 2704 3326 2770 ostenderet,
3381 2706 3474 2775 qui

1912 2797 2056 2869 regis
2079 2797 2335 2850 nimirum
2365 2811 2654 2868 personam
2709 2805 2872 2867 alque
2899 2799 3172 2866 pontiﬁcis
3203 2798 3343 2852 inter
3370 2798 3473 2850 ho-

1913 2891 2089 2946 mines
2109 2898 2364 2960 gesturus
2417 2897 2554 2944 erat.
2589 2888 2686 2942 Vel
2732 2889 2966 2957 denique
2998 2890 3077 2944 hic
3108 2897 3352 2961 cognatae
3379 2905 3478 2958 ap-

1915 2984 2210 3054 pe‘dantur,
2239 2981 2370 3054 quia
2399 2981 2468 3038 de
2503 2982 2691 3038 eodem
2705 2979 3473 3056 progenitozodacobomm.

1180 3097 1262 3154 Ea:
1294 3098 1510 3155 Possini
1543 3110 1731 3154 catena
1762 3100 1815 3154 in
1854 3096 2048 3156 Matth.
2075 3114 2205 3154 tom.
2239 3097 2279 3163 Ι,
2303 3113 2356 3168 ρ.
2381 3097 2436 3154 8.

273 3212 349 3259 ιε’.
379 3205 494 3278 (56)
527 3207 932 3280 Προσηκόντως
959 3212 1216 3284 ἐζήτηται
1251 3215 1282 3284 ἡ
1321 3214 1466 3267 αἰτία
1488 3215 1561 3268 δι’
1590 3216 1655 3287 ἣν
1687 3215 1809 3270 ἄνω-

1992 3213 2080 3269 15.
2104 3210 2340 3269 Eusebii.
2363 3210 2556 3268 Merito
2587 3213 2816 3282 quaestio
2841 3221 2960 3269 orta
3009 3223 3092 3270 est
3123 3216 3477 3286 quamobrem

204 3293 290 3349 θεν
320 3299 350 3350 ὁ
381 3297 684 3359 Ματθαῖος
737 3302 1029 3372 ἐποιήσατο
1059 3303 1157 3374 τὴν
1195 3303 1288 3358 τοῦ
1338 3304 1571 3373 Χριστοῦ
1615 3321 1804 3373 γενεα-

201 3387 405 3456 λογίαν,
442 3392 471 3443 ὁ
499 3390 560 3444 δέ
608 3407 671 3458 γε
697 3393 908 3457 Λουκᾶς
928 3394 1167 3448 κάτωθεν
1198 3397 1289 3448 καὶ
1319 3396 1378 3460 ἐξ
1410 3396 1656 3458 ἐναντίας
1675 3412 1689 3426 ο
1714 3397 1805 3449 καὶ

205 3481 416 3548 ῥητέον,
457 3482 540 3546 ὡς
598 3484 699 3536 οὐκ
732 3485 929 3538 ἄτοπον
971 3486 1176 3540 ἄνωθέν
1205 3505 1263 3540 τε
1308 3489 1402 3542 καὶ
1434 3488 1677 3542 κάτωθεν
1707 3489 1806 3558 τὴν

204 3570 373 3644 αὐτὴν
409 3574 667 3644 βαδίζειν
705 3577 822 3631 ὀδόν
840 3593 851 3604 °
880 3573 947 3648 ἦν
973 3577 1080 3648 γὰρ
1103 3580 1194 3632 καὶ
1223 3578 1379 3632 τοῦτο
1404 3579 1568 3633 πάλαι
1594 3581 1660 3650 τῇ
1688 3579 1806 3651 θείᾳ

201 3661 394 3737 Γραφῇ
452 3665 726 3738 σύνηθεςο
756 3666 900 3721 οὓτω
939 3669 1046 3740 γάρ
1082 3670 1175 3722 καὶ
1229 3669 1394 3724 Δαδὶδ
1445 3671 1503 3723 ὲν
1540 3673 1605 3742 τῇ
1646 3668 1801 3723 Ῥοὺθ

199 3752 410 3808 ἄνωθεν
437 3756 877 3826 γενεαλογεῖται,
913 3759 1097 3823 καθὼς
1134 3759 1226 3814 καὶ
1266 3760 1414 3833 παρὰ
1442 3759 1520 3831 τῷ
1541 3759 1803 3830 Ματθαίῳ

195 3845 224 3895 ὁ
247 3847 496 3916 Χριστός
517 3866 534 3880 ο
567 3850 667 3902 καὶ
695 3850 752 3901 ὲν
776 3853 840 3921 τῇ
861 3850 968 3903 τῶν
999 3850 1290 3906 Βασιλειῶν
1321 3853 1377 3906 δὲ
1417 3851 1606 3924 πρώτῃ
1637 3851 1802 3923 βίῦλῳ

195 3932 224 3984 ὀ
247 3932 341 3986 τοῦ
370 3935 649 4008 Σαμουὴλ
685 3937 867 4008 πατὴρ
896 3939 1138 3994 κάτωθεν
1168 3941 1588 4011 γενεαλογείται,
1630 3959 1806 4014 παρα·-

193 4023 302 4097 πλη
311 4027 451 4091 σίως
488 4027 578 4098 τῷ
612 4030 818 4101 Λουκᾷ.

1914 3303 2200 3358 Μοιῑίιεευε
2251 3317 2488 3372 superne
2543 3305 2780 3358 texuerit
2827 3302 3030 3360 Christi
3085 3305 3478 3376 genealogiam,

1911 3395 2090 3452 Lucas
2117 3404 2296 3450 autem
2333 3395 2739 3466 inferneatque
2790 3411 2856 3450 ex
2907 3396 3154 3452 adverso.
3197 3396 3366 3453 Porro
3393 3397 3478 3452 di-

1911 3489 2142 3545 cendum
2203 3495 2308 3552 est,
2360 3487 2497 3541 nihil
2522 3486 2635 3543 ﬁeri
2693 3487 3010 3548 absurdum.
3043 3489 3090 3543 si
3146 3490 3335 3545 eadem
3387 3491 3475 3544 via

1913 3595 2131 3634 sursum
2190 3577 2555 3646 deorsumque
2601 3585 2876 3645 pergatur.
2939 3575 3072 3630 Nam
3120 3585 3175 3632 et
3227 3576 3316 3632 hic
3345 3577 3477 3631 olim

1913 3669 2209 3738 Scripturae
2233 3668 2430 3722 divinae
2490 3682 2610 3721 mos
2659 3666 2795 3722 fuit:
2830 3667 3030 3738 quippe
3062 3667 3135 3722 ita
3173 3666 3390 3722 Davidis
3419 3668 3476 3722 in

1911 3759 2107 3815 Ruthze
2150 3759 2288 3814 libro
2335 3774 2572 3828 superne
2619 3757 2885 3813 evolvitur
2935 3757 3268 3830 genealogia,
3324 3757 3474 3813 haud

1911 3867 2073 3907 secus
2124 3866 2287 3922 quam
2347 3850 2552 3906 Christi
2599 3851 2741 3922 apud
2800 3848 3128 3904 Matthaeum.
3183 3849 3388 3905 Contra
3419 3848 3478 3904 in

1911 3943 2050 3998 libro
2079 3942 2282 4012 Regum
2312 3942 2512 4014 primo,
2556 3941 2825 3997 Samuelis
2853 3949 3007 4012 pater
3032 3956 3251 3998 sursum
3282 3955 3475 3996 versus

1908 4035 1976 4089 ad
2004 4034 2332 4105 genealogite
2371 4034 2574 4090 fontem
2617 4033 2968 4104 perducitur,
3013 4033 3172 4090 sicuti
3224 4033 3280 4088 iit
3331 4033 3476 4105 apud

1905 4126 2130 4183 Lucam.

1311 4237 1360 4292 E
1388 4251 1577 4295 catena
1601 4239 1798 4295 inedita
1820 4242 1875 4296 in
1901 4241 2079 4296 codice
2111 4241 2388 4296 Vaticano.

255 4344 357 4410 ις’.
398 4347 554 4420 Περὶ
607 4347 799 4401 τούτου
831 4349 860 4403 ὁ
905 4349 1162 4414 Εὐσέϐιος
1194 4353 1252 4405 ἐν
1302 4351 1380 4423 τῷ
1420 4355 1524 4419 Εἰς
1547 4355 1613 4408 τὸ
1657 4355 1809 4409 κατὰ

1983 4355 2071 4410 16.
2105 4354 2340 4410 Eusebii.
2397 4353 2473 4410 De
2535 4353 2640 4408 hoc
2702 4353 2969 4409 Eusebius
3014 4352 3068 4408 in
3125 4367 3287 4422 opere
3314 4370 3472 4424 super

180 4439 511 4494 Ματθαῖον
549 4439 672 4512 (57)
711 4439 882 4505 οὕτως
901 4456 914 4470 ·
943 4443 1079 4512 Φησὶ
1123 4443 1180 4496 δὲ
1206 4443 1295 4498 τὸν
1327 4444 1513 4499 Νάθαν
1543 4447 1634 4500 καὶ
1669 4463 1803 4517 προσ

177 4530 466 4604 φητεῦσαι
499 4531 658 4584 κατὰ
684 4531 752 4584 τά
783 4533 840 4586 ὲν
861 4535 980 4596 ταῖς
1007 4534 1314 4600 Βασιλείαιςν
1335 4537 1625 4609 φερόμενα.
1664 4537 1802 4607 Ἐγὼ

175 4622 256 4688 δὲ,
293 4626 442 4696 φησί
481 4642 604 4687 τις,
627 4624 722 4676 καὶ
749 4623 846 4696 τὴν
876 4625 1053 4680 αἰτίαν
1080 4627 1359 4698 ἐπυθόμην
1392 4628 1488 4700 τὴν
1509 4631 1598 4683 τὸν
1624 4633 1801 4703 μακά-

175 4731 296 4786 ριον
332 4716 583 4770 Λουκᾶν
623 4714 910 4768 άποκλίναι
939 4717 1037 4788 τῆς
1069 4717 1334 4788 βασιλείου
1364 4722 1631 4792 φρατρίας
1663 4724 1802 4777 ὑπα-

1910 4448 2222 4503 ΜαιῑΙιιειιηι
2271 4448 2353 4503 sic
2397 4445 2639 4515 loquitur
2671 4464 2684 4500 :
2715 4446 2879 4500 Aiunt
2923 4444 3222 4500 Nathanem
3261 4463 3478 4517 quoque

1908 4539 2338 4611 pr0phetarisse.
2375 4546 2537 4609 prout
2560 4549 2782 4607 apparet
2837 4553 2901 4591 ex
2931 4537 3000 4591 iis
3029 4552 3150 4606 quae
3177 4537 3230 4590 in
3267 4534 3474 4609 Regum

1909 4632 2065 4688 libris
2089 4632 2362 4687 feruntur.
2416 4628 2530 4700 Ego
2562 4643 2709 4692 vere,
2740 4628 2921 4698 inquit
2958 4627 3203 4697 quidam,
3250 4642 3473 4684 causam

1905 4737 2126 4796 quoque
2163 4721 2331 4778 didici
2377 4735 2496 4790 qua:
2529 4719 2731 4774 Lucam
2789 4735 2818 4773 a
2873 4720 3021 4790 regia
3049 4721 3189 4776 linea
3241 4721 3472 4785 avertit;

172 4808 502 4876 γαγοῦσαν,
531 4806 624 4877 τῷ
649 4808 722 4878 μὴ
747 4809 872 4873 τοὺς
901 4808 1137 4879 βασιλεῖς
1157 4811 1249 4863 ἀπ’
1274 4812 1440 4864 αὐτοῦ
1460 4813 1809 4885 Σολομῶντοσ

1917 4815 2034 4885 quia
2067 4815 2278 4871 scilicet
2306 4827 2483 4884 reges,
2507 4813 2675 4867 ducto
2714 4827 2744 4864 a
2791 4809 3088 4867 Salomone
3112 4812 3290 4876 initio,
3313 4827 3470 4868 exce-

167 4899 668 4974 είδωλολατρείας
711 4900 1054 4972 καθαρεύειν,
1100 4901 1237 4973 πλὴν
1276 4903 1591 4973 ἐλαχίστων,
1635 4905 1797 4977 ταύτης·

1917 4906 2015 4975 ptis
2039 4903 2410 4975 paucissimis,
2445 4901 2765 4957 idololatria:
2797 4900 3027 4956 crimine
3057 4901 3322 4972 inquinati
3351 4901 3467 4957 fue-

167 4991 666 5065 παραιτήσασθαι
696 4992 792 5062 τὴν
823 4991 888 5047 δι’
922 4992 1101 5047 αὐτῶν
1125 4993 1490 5062 γενεαλογίαν.

1887 4987 2054 5050 ίυηῑ.
2088 4993 2296 5049 Idcirco
2318 4990 2495 5048 Lucas
2527 5006 2556 5045 a
2587 4990 2898 5062 genealogia
2929 5005 3024 5061 per
3051 4990 3151 5046 hos
3181 4989 3474 5046 derivanda

1908 5087 2193 5142 abstinuit.

1243 5194 1327 5249 Ea:
1351 5195 1564 5250 Possini
1593 5206 1778 5250 catena
1809 5198 1861 5250 in
1895 5196 2116 5263 Matt/1.,
2151 5209 2192 5255 t.
2223 5199 2264 5261 l,
2289 5215 2343 5267 ρ.
2376 5201 2409 5253 8

237 5315 334 5381 ιζ’.
379 5313 532 5385 (58)-
561 5311 898 5368 Εὑσεϐίουτ
925 5311 1036 5382 Τὴν
1076 5311 1169 5366 τοῦ
1207 5315 1370 5368 Δαϐὶδ
1396 5314 1684 5386 μετάνοιαν
1712 5317 1804 5370 ἐπὶ

233 5473 282 5506 ⁸¹
325 5471 522 5528 Rom.
577 5483 676 5533 rx,
716 5469 804 5525 l5.

335 5589 358 5658 )
405 5587 655 5658 Quaest.
688 5600 728 5647 ι.
750 5584 812 5658 _8.

335 5589 358 5658 )
405 5588 655 5654 Quaest.
688 5600 728 5647 ι.
756 5588 812 5641 8.

402 5651 1134 5866 Egﬂrtia’tclfatsggricanus
1160 5736 1345 5793 supra.

465 5809 601 5853 uate
643 5831 654 5848 .
686 5808 700 5848 ι
732 5835 745 5850 .

249 5798 354 5872 56)
402 5798 654 5866 Quaest.
686 5807 745 5850 tt.
1546 5848 1596 5862 ,,
1725 5829 1730 5833 -
1767 5820 1851 5852 ...ι

1987 5319 2072 5371 Π.
2111 5316 2343 5372 Eusebii.
2379 5315 2600 5371 Davidis
2647 5313 3022 5386 paenitentiam
3051 5313 3229 5385 palam
3257 5313 3478 5371 edicens

1975 5579 2331 5655 (57LQuaest.
2368 5597 2448 5636 ιιι.
2495 5615 2565 5625 -
2608 5582 2667 5640 ln
2716 5582 2949 5641 diversis
2990 5583 3250 5655 operibus
3284 5582 3474 5641 eadem

1904 5651 2044 5707 dixit
2070 5651 2366 5708 Eusebius.

1981 5721 2094 5793 ‘58)
2134 5720 2337 5788 Quaest.
2371 5737 2490 5779 vm.
