3868 6264
490 263 596 320 985
1173 257 1442 317 EUSEBII
1480 261 1957 319 CAESARIENSIS
1988 262 2136 319 OPP.
2169 263 2347 319 PARS
2385 262 2473 320 ΙΙΙ.
2510 295 2581 306 ——
2618 263 3031 322 EXEGETICA.
3564 272 3647 332 9&5

503 415 3632 453 .____________._________.___.____________________

558 560 712 627 Quod
745 560 983 628 superius
1031 560 1390 628 promisimus,
1420 578 1558 616 nune
1590 578 1648 617 re
1693 563 1811 631 ipsa
1838 573 2177 633 prestamus,
2232 564 2459 635 grandia
2489 581 2668 635 nempe
2706 568 3055 636 qua‘stionum
3104 565 3317 622 Eusebii
3344 569 3407 622 ad
3430 570 3652 631 Marinum

484 655 845 723 supplementa
879 670 944 709 ea:
973 652 1177 711 Niceti:
1216 658 1338 727 (qui
1361 660 1674 714 nominatim
1704 657 1990 714 Eusebium
2012 662 2232 733 reeitat)
2255 671 2441 716 catena
2462 679 2563 718 ms.
2587 664 2643 716 in
2667 662 2902 727 Lucam;
2927 680 3044 734 qua
3072 674 3247 733 partes
3267 681 3371 723 non
3391 683 3450 720 ea:
3473 670 3653 736 epitomc

484 743 576 797 sed
604 760 668 797 ea:
700 743 813 813 ipso
838 746 1039 817 integro
1072 763 1224 817 opere
1252 746 1507 803 detracta
1534 749 1766 818 fuerunt.
1801 748 1931 803 Mox
1960 751 2098 804 alias
2124 768 2326 822 quoque
2347 750 2650 807 earumdem
2678 752 2747 806 ad
2775 752 3044 807 Marinum
3066 754 3407 822 quwslionum
3431 759 3652 827 reliquias,

481 852 546 890 ex
569 837 728 891 variis
766 839 1067 894 auctoribus
1096 840 1439 906 codicibusve,
1457 844 1547 912 qui
1576 840 1857 896 Eusebium
1874 843 1999 898 item
2021 846 2330 915 nominatim
2356 846 2547 911 citant,
2571 862 2819 901 corrasas
2845 846 3197 902 subtexemus.
3223 847 3387 919 Atque
3406 847 3475 903 ita
3488 847 3653 916 domum

481 946 576 988 nos
603 938 767 987 totum
796 930 904 1003 fere
935 932 1005 988 ad
1038 930 1306 989 Marinum
1344 932 1560 993 Eusebii
1595 934 1786 993 librum
1816 937 2201 1004 recuperavisse
2230 951 2524 1006 speramus.

1416 1188 1894 1277 EUSEBII
1971 1160 2766 1281 CIESARI‘ENSIS
2846 1308 2850 1313 θ

642 1402 656 1471 ι
909 1378 1029 1441 EX
1066 1378 1442 1443 INTEGRO
1481 1378 1741 1441 LIBRO
1767 1378 2342 1455 QU/ESTIONUM
2373 1381 2486 1441 AD
2525 1382 2934 1448 MARINUM
2958 1383 3280 1447 PARTES

1508 1543 1585 1609 In
1611 1544 1844 1609 Niceta:
1881 1543 2113 1607 Catena
2153 1563 2266 1607 ms.
2305 1544 2386 1605 ad
2414 1544 2667 1609 Lucam.

2047 1727 2120 1745 ἠ

1240 1830 1283 1891 Ι.
2885 1834 2961 1884 Λ’.

543 1924 682 1978 Cum
702 1934 733 1974 a
768 1919 970 1979 Judmis
1001 1921 1309 1980 Servatoris
1337 1924 1589 1994 discipuli
1612 1926 1718 1981 sibi
1749 1927 2000 1983 timerem
2023 1969 2037 1991 ,

2215 1923 2326 1994 (60)
2368 1922 2475 1977 Τοῦ
2522 1921 2687 1991 φόϐου
2733 1920 2844 1975 τῶν
2895 1921 3158 1975 Ἰουδαίων
3204 1921 3538 1992 ἐπικειμένου
3575 1924 3661 1989 τοῖς

476 2012 553 2066 ait
586 2011 824 2068 Joannes
874 2013 1042 2070 fuisse
1084 2029 1178 2070 eos
1224 2024 1581 2085 congregatos
1618 2018 1672 2072 in
1719 2034 1826 2073 una
1856 2019 2039 2084 domo,

468 2100 660 2173 januis
698 2102 900 2158 clausis
930 2110 1151 2174 propter
1186 2111 1386 2159 metum
1406 2103 1737 2161 Judaeorum.
1760 2106 2042 2173 Quomodo

476 2207 605 2265 ergo
632 2192 823 2248 Petrus
866 2210 929 2249 ac
954 2193 1191 2250 Joannes
1224 2194 1291 2249 ad
1329 2205 1741 2252 monumentum
1781 2214 2041 2269 perrexe-

476 2284 649 2339 runt?
687 2283 752 2340 Et
795 2286 1013 2356 quidem
1055 2296 1319 2356 praesente
1373 2289 1485 2343 illic
1533 2289 1754 2345 militari
1787 2291 2043 2361 praesidio

475 2375 622 2444 quod
652 2377 830 2432 locum
859 2377 1223 2440 custodiebat,
1255 2387 1316 2434 ut
1341 2378 1627 2435 Mattheus
1656 2388 1910 2437 testatur.
1945 2381 2044 2437 Est

477 2476 657 2530 autem
697 2468 947 2524 custodia
979 2470 1288 2542 manipulus
1320 2471 1591 2527 militaris.

544 2646 627 2702 Ad
664 2646 779 2703 haec
807 2648 1062 2712 dicimus,
1090 2649 1367 2719 apostolos
1400 2650 1467 2705 ad
1505 2659 1917 2707 monumentum
1945 2667 2044 2706 au-

477 2737 666 2793 dacter
696 2739 882 2804 ivisse,
908 2750 1068 2797 antea
1101 2743 1323 2797 edoctos
1365 2758 1395 2795 a
1443 2740 1789 2812 Magdalene,
1831 2744 2039 2799 nullum

471 2830 583 2899 jam
617 2829 722 2886 loci
750 2833 1031 2888 custodem
1064 2834 1137 2889 ibi
1167 2849 1476 2903 superesse,
1527 2835 1667 2904 quod
1703 2845 1820 2889 erat
1851 2837 2038 2907 explo-

476 2935 656 2981 ratum
685 2942 753 2983 ex
789 2942 899 2997 quo
949 2929 1089 2999 lapis
1141 2929 1208 2984 de
1271 2928 1520 2999 sepulcro
1566 2927 1743 2985 fuerat
1787 2930 2038 2995 ablatus;

475 3015 635 3071 aliter
682 3016 1037 3086 amemJapis
1087 3016 1213 3070 inde
1244 3016 1459 3073 ablatus
1499 3030 1609 3070 non
1661 3015 1876 3083 fuerat,
1933 3017 2040 3073 nisi

475 3123 601 3163 cum
630 3108 699 3164 de
729 3109 867 3164 cmlo
896 3108 1122 3180 angelus
1150 3109 1325 3163 locum
1348 3107 1537 3178 grandi
1566 3109 1768 3164 lumine
1801 3109 2042 3165 illustra-

474 3200 573 3266 vit,
604 3201 890 3271 ipsumque
920 3202 1148 3257 revolvit
1188 3201 1443 3272 lapidem,
1489 3202 1731 3272 adeoque
1761 3202 2038 3258 terrefacIi

2147 2012 2409 2084 μαθηταῖς
2450 2010 2542 2064 τοῦ
2588 2011 2859 2082 Σωτῆρος,
2908 2010 3055 2079 λέγει
3097 2010 3227 2079 γοῦν
3268 2013 3299 2065 6
3354 2011 3661 2082 Ίωάννηςῶς

2142 2101 2281 2177 ἦσαν
2315 2104 2449 2175 ὁμοῦ
2492 2104 2819 2175 συνηγμένοι
2867 2105 2916 2156 οί
2949 2103 3185 2174 μαθηταὶ
3229 2107 3288 2157 ὲν
3316 2104 3447 2174 οἴκῳ
3471 2105 3558 2167 ἑνὶ,
3580 2104 3660 2157 τῶν

2143 2198 2319 2271 θυρῶν
2363 2197 2762 2267 κεκλεισμένων
2811 2195 2900 2250 διὰ
2943 2195 3036 2248 τὸν
3070 2196 3231 2264 φόϐον
3273 2195 3383 2249 τῶν
3421 2195 3661 2249 Ἰουδαίων.

2143 2288 2267 2352 Πῶς
2290 2291 2317 2341 6
2336 2289 2538 2360 Πέτρος
2570 2287 2664 2340 καὶ
2686 2289 2715 2341 6
2739 2286 2991 2358 Ἰωάννης
3023 2288 3279 2357 ἀπήντων
3307 2287 3399 2339 ἐπὶ
3419 2286 3477 2339 τὸ
3497 2286 3660 2357 μνῆμας

2144 2376 2251 2430 Καὶ
2277 2376 2448 2431 ταῦτα
2501 2376 2894 2450 στρατιωτικῆς
2932 2379 3171 2447 φρουρᾶς
3217 2376 3571 2446 φυλαττούσης
3597 2379 3662 2429 τὸν

2141 2469 2323 2532 τόπον,
2351 2467 2425 2532 ὡς
2453 2470 2480 2523 6
2509 2467 2782 2531 Ματθαῖος
2824 2468 3202 2540 ἐμαρτύρησεν
3223 2484 3238 2499 ⁶
3272 2450 3321 2539 ὴ’
3339 2467 3444 2539 γὰρ
3471 2484 3663 2521 κουστω-

2140 2562 2226 2615 δία
2249 2562 2632 2633 στρατιωτικόν
2657 2565 2773 2616 ἐστι
2801 2561 3006 2630 τάγμα.

2225 2653 2379 2725 Ἐροῦ
2388 2671 2484 2724 μεν
2509 2653 2565 2707 δὲ
2590 2653 2725 2724 πρὸς
2754 2653 2944 2719 ταῦτα,
2975 2651 3289 2722 θαρσαλέως
3326 2653 3449 2715 τοὺς
3475 2650 3662 2706 ἀποστό-

2142 2745 2264 2810 λους
2310 2747 2682 2817 ἀπηντηκέναι
2718 2745 2812 2798 ἐπὶ
2853 2744 2915 2798 τὸ
2964 2745 3171 2816 μνῆμα,
3211 2742 3664 2816 προμεμαθηκότας

2144 2839 2296 2909 παρὰ
2323 2839 2424 2909 τῆς
2452 2838 2815 2909 Μαγδαληνῆς
2855 2838 3057 2909 μηδένα
3083 2836 3192 2889 τῶν
3221 2836 3578 2906 φυλαττόντων
3594 2830 3663 2885 τὸν

2140 2931 2305 2985 τόπον
2333 2929 2517 2984 αὐτόθι
2563 2932 2836 3001 παρεῖναι,
2888 2930 3035 2992 ὅπως
3063 2926 3220 2998 δῆλον
3256 2922 3330 2997 ἦν
3361 2926 3466 2980 ἀπὸ
3494 2923 3664 2977 τοῦτὸν

2141 3022 2286 3077 λίθον
2312 3019 2475 3096 ᾗρθαι
2512 3021 2605 3077 τοῦ
2632 3020 2892 3093 μνημείου
2912 3038 2926 3051 ·
2953 3018 3088 3093 ᾗρτο
3120 3020 3178 3072 δὲ
3202 3020 3309 3073 οὐκ
3337 3019 3520 3083 ἄλλως,
3550 3017 3578 3086 ἢ
3605 3014 3664 3084 τῷ

2143 3114 2231 3167 τὸν
2258 3112 2317 3177 ἐξ
2339 3111 2570 3184 οὐρανοῦ
2595 3111 2822 3181 ἄγγελον
2859 3109 3193 3180 ὲξαστράψαι
3221 3108 3318 3163 τὸν
3340 3108 3496 3161 τόπον
3524 3103 3664 3175 πολλῷ

2144 3205 2300 3275 φωτὶ,
2346 3205 2439 3256 καὶ
2482 3203 2641 3255 αὑτὸν
2679 3200 3004 3255 ἀποκυλίσαι
3040 3200 3132 3254 τὸν
3173 3198 3355 3262 λίθον,
3381 3196 3591 3268 φοὸἧσαί
3617 3210 3663 3248 τε

475 3296 607 3345 sunt
626 3269 911 3357 custodes,
945 3301 1004 3345 ut
1035 3269 1277 3362 lapideos
1309 3269 1696 3363 propemodum
1749 3293 1914 3349 timor
1941 3308 2038 3351 eos

2141 3269 2263 3359 τοὺς
2284 3294 2546 3363 φύλακας,
2583 3292 2659 3357 ὡς
2691 3291 2886 3364 μικροῦ
2918 3291 3027 3345 δεῖν
3068 3292 3161 3347 καὶ
3182 3288 3571 3358 ἀπολιθωθῆναι
3591 3286 3665 3339 αὖ·

474 3381 715 3439 eﬂ‘ecerit
744 3401 757 3437 :
791 3398 899 3453 quo
936 3382 1138 3439 factum
1164 3393 1267 3449 est,
1304 3393 1365 3438 ut
1402 3384 1439 3439 ii
1464 3384 1518 3439 in
1558 3383 1724 3455 pedes
1765 3400 1826 3441 se
1853 3384 2039 3455 conje-

475 3474 672 3538 cerint,
706 3474 841 3530 adeo
866 3484 924 3530 ut
955 3491 1112 3532 nemo
1156 3475 1230 3532 ibi
1254 3475 1604 3546 superfuerit,
1632 3477 1892 3547 locusque
1930 3476 2038 3532 illis

476 3567 730 3635 patuerit,
752 3567 847 3639 qui
891 3566 957 3621 ad
990 3567 1267 3627 visendam
1324 3566 1632 3623 Servatoris
1679 3567 2040 3623 resurrectio-

473 3675 597 3712 nem
622 3665 908 3715 venerunt.
941 3658 1120 3729 Atque
1157 3658 1271 3713 haec
1303 3659 1573 3729 praecipua
1607 3672 1774 3714 causa
1803 3656 1906 3712 fuit
1938 3674 2041 3713 cur

474 3749 699 3820 angelus
729 3749 802 3806 ibi
826 3752 1157 3820 apparuerit.
1184 3749 1379 3821 'Neque
1403 3750 1547 3805 enim
1578 3749 1651 3805 ob
1679 3749 2040 3819 adjuvandam

474 3838 930 3894 resurrectionem
989 3839 1220 3894 removit
1277 3840 1502 3909 angelus
1558 3839 1811 3909 lapidem,
1862 3853 2041 3909 neque

474 3929 674 3999 lapidis
723 3945 888 3986 causa
925 3932 1183 4001 praedicto
1235 3933 1398 3987 modo
1463 3932 1783 3995 intervenit,
1838 3931 1935 3987 sed
1979 3941 2041 3986 ut

474 4021 732 4077 custodes
763 4021 912 4076 illinc
939 4023 1215 4094 abigeret,
1270 4023 1500 4078 feminas
1546 4030 1725 4078 autem
1764 4021 1832 4077 ad
1861 4023 2041 4078 visen~

473 4113 602 4168 dum
622 4116 900 4169 venientes
929 4115 1228 4185 excipiens,
1261 4116 1715 4171 resurrectionem
1771 4116 1853 4171 eis
1895 4131 2038 4170 nun-

473 4203 654 4259 tiaret.
692 4202 895 4259 llarum
930 4206 1086 4261 testis
1112 4222 1291 4261 rerum
1318 4205 1601 4262 Matthaeus
1626 4206 1836 4273 dicens,
1862 4206 2039 4278 angeli

474 4294 670 4347 timore
728 4302 1030 4350 commotos
1081 4296 1358 4360 custodes,
1391 4297 1535 4353 velut
1570 4304 1816 4353 mortuos
1870 4298 2041 4354 exsti-

473 4384 627 4440 tisse.
663 4381 861 4454 Utique
893 4394 1226 4455 pran'enerat
1250 4388 1499 4456 angelum
1529 4404 1819 4458 resurgens
1845 4386 2039 4442 Serva-

475 4483 600 4538 tor,
660 4489 836 4544 neque
902 4473 1098 4543 lapidis
1148 4474 1538 4529 revolutionem
1593 4482 2034 4545 exspectaverat;

2137 3386 2262 3449 τοὺς
2282 3382 2360 3453 τῷ
2384 3382 2531 3454 φόϐῳ
2551 3399 2563 3412 ο
2609 3382 2702 3435 καὶ
2727 3380 2867 3452 μετά
2889 3379 3060 3434 ταῦτα
3095 3379 3169 3443 ὡς
3210 3378 3364 3442 εἰκὸς
3393 3380 3526 3449 φυγῇ
3559 3375 3662 3447 χρήο

2142 3475 2357 3540 σασθαι,
2407 3475 2484 3539 ὼς
2526 3473 2729 3545 μηδένα
2764 3474 2861 3546 μὲν
2903 3471 3318 3545 περιλειφθῆναι
3351 3470 3539 3534 αὐτῶν,
3570 3483 3664 3539 σχον

2140 3569 2321 3634 λάζειν
2342 3568 2400 3621 δὲ
2440 3568 2529 3620 τὸν
2568 3567 2731 3620 τόπον
2763 3568 2874 3629 τοῖς
2903 3566 2996 3618 ἐπὶ
3014 3566 3115 3636 τὴν
3147 3564 3273 3622 θέαν
3295 3562 3666 3633 ἀφικνουμένοις

2137 3660 2238 3729 τῆς
2269 3658 2532 3729 σωτηρίου
2575 3656 2952 3718 ἀναστάσεως·
3000 3655 3137 3727 αὓτη
3168 3655 3277 3727 γὰρ
3308 3651 3377 3727 ἦν
3413 3649 3664 3726 μάλισταὴ
3760 3712 3763 3713 ν

2139 3750 2288 3806 αἰτία
2314 3751 2413 3820 τῆς
2454 3749 2770 3817 ἐπιφανείας
2816 3747 2908 3801 τοῦ
2956 3747 3204 3816 ἀγγέλου.
3257 3748 3338 3801 Οὐ
3374 3747 3476 3818 γὰρ
3508 3744 3563 3815 δὴ
3589 3741 3663 3810 τῆς

2139 3843 2480 3905 ἀναστάσεως
2498 3842 2655 3913 χάριν
2684 3840 2930 3894 ἁπεκίνει
2956 3840 3046 3892 τὸν
3074 3838 3238 3905 λίθον,
3261 3838 3376 3892 οὐδ’
3399 3837 3570 3891 ἕνεκεν
3594 3829 3664 3886 τοῦ

2138 3931 2284 3985 λίθου
2336 3932 2530 4001 τοιόςδε
2569 3929 2743 4001 ὤφθη,
2790 3929 3016 3984 ἀλλ’ἵνα
3043 3929 3167 3993 τοὺς
3198 3929 3302 4000 μὲν
3331 3922 3663 3996 ἀπελάσῃ,τὰς

2139 4021 2196 4076 δὲ
2214 4021 2512 4094 ὲρχομένας
2538 4023 2628 4074 ἐπὶ
2649 4021 2745 4092 τὴν
2762 4020 2889 4077 θέαν
2908 4020 3324 4089 δεξιωσάμενος,
3355 4020 3452 4092 τὴν
3477 4019 3667 4074 ἀνάστα-

2144 4131 2224 4167 σιν
2258 4115 2446 4177 αὐταῖς
2475 4111 2869 4181 καταγγείλειε.
2901 4110 3114 4164 Τούτων
3134 4106 3225 4165 οὖν
3260 4112 3472 4185 μάρτυς
3500 4112 3525 4162 6
3547 4108 3665 4161 Ματ-

2141 4204 2289 4269 θαῖος
2335 4205 2527 4272 λέγων,
2557 4204 2689 4257 Ἀπὸ
2737 4201 2831 4257 τοῦ
2862 4201 3047 4272 ’φόϐου
3084 4201 3248 4257 αὑτοῦ
3290 4201 3593 4270 ἐσείσθησαν
3623 4191 3662 4245 οἱ

2139 4296 2449 4368 τηροῦντες,
2474 4294 2565 4349 καὶ
2594 4294 2839 4362 ἐγένοντο
2869 4294 3000 4347 ὡσεὶ
3028 4293 3225 4365 νεκροί.
3253 4293 3447 4346 Φθάνει
3473 4290 3557 4360 μὲν
3580 4284 3662 4355 γάρ

2142 4387 2348 4441 καὶτὸν
2378 4386 2604 4454 ἄγγελον
2634 4384 2871 4448 ἀναστὰς
2899 4387 2928 4438 6
2946 4384 3154 4456 Σωτὴρ,
3174 4383 3295 4437 οὐδὲ
3326 4379 3572 4451 ἀναμένει
3588 4375 3663 4443 τὴν

2142 4477 2460 4544 ἁποκὶνησιν
2482 4474 2575 4527 τοῦ
2612 4474 2779 4539 λίθου,
2806 4472 2942 4527 ἁλλά
2974 4473 3066 4526 καὶ
3084 4472 3274 4526 τούτου
3296 4473 3401 4543 πρὸ
3419 4470 3512 4542 τὴν
3530 4466 3665 4537 θύραν

475 4581 661 4621 verum
687 4565 790 4621 hoc
818 4565 996 4622 adhuc
1028 4565 1236 4620 foribus
1265 4565 1592 4629 adhaerente,
1620 4574 1673 4621 et
1718 4566 2034 4636 pontiﬁcum

2144 4568 2416 4637 κειμένου,
2469 4567 2559 4620 καὶ
2601 4568 2712 4629 τοῖς
2755 4564 2862 4624 τῶν
2884 4554 3180 4637 ἀρχιερέων
3214 4563 3545 4635 σημαντῆρσι
3574 4553 3662 4652 (6i)

472 4658 667 4729 sigillis
701 4657 1010 4730 obsignato,
1042 4658 1471 4728 custodibusque
1502 4658 1681 4712 locum
1709 4659 2036 4713 circumam-

473 4750 771 4813 bientibus,
804 4748 1094 4805 invisibilis
1126 4748 1194 4803 de
1222 4757 1575 4804 monumento
1597 4749 1853 4819 prodiens
1878 4765 2032 4804 suam

469 4860 537 4899 ex
560 4841 794 4898 mortuis
815 4840 998 4895 divina
1022 4841 1225 4895 virtute
1250 4849 1531 4911 peregerat
1554 4841 2031 4907 resurrectionem;

468 4934 564 4991 sed
594 4947 829 5004 quanam
864 4931 919 4986 id
942 4932 1201 5003 temporis
1230 4932 1362 4987 hora
1385 4933 1666 4993 acciderit,
1684 4948 1843 4987 nemo
1865 4948 2031 4987 evan-
2055 4945 2081 4969 ο

468 5026 784 5096 gelistarum
812 5021 1180 5095 signiﬁcavit:
1215 5023 1285 5079 ita
1320 5034 1381 5078 ut
1407 5023 1626 5094 quidam
1656 5023 1784 5077 huic
1816 5038 2031 5092 quoque

468 5120 547 5175 rei
575 5117 892 5186 tempestive
932 5116 1020 5170 illa
1051 5117 1215 5171 verba
1256 5115 1766 5180 accommodaverit,
1799 5132 1919 5186 quae
1965 5115 2033 5171 de

469 5209 713 5267 universi
762 5208 1234 5263 consummatione
1281 5222 1310 5260 a
1358 5208 1578 5263 Christo
1605 5209 1749 5263 dicta
1781 5208 2034 5272 fuerunt,

470 5317 703 5373 nempe:
738 5319 759 5352 ι
797 5299 873 5353 De
891 5299 980 5355 die
1008 5315 1168 5355 nemo
1202 5301 1497 5371 quidquam
1533 5302 1638 5356 scit
1669 5341 1686 5366 ,
1736 5317 1807 5355 ne
1855 5302 2034 5372 angeli

470 5394 686 5463 quidem
717 5392 813 5448 Dei
836 5393 902 5449 ".
938 5413 957 5447 ι
991 5392 1081 5448 Sic
1114 5409 1243 5465 ergo
1267 5394 1475 5463 primus
1509 5394 1624 5465 ipsc
1648 5393 1824 5450 factus
1853 5408 2037 5450 resur-

537 5547 582 5578 "'
623 5547 813 5602 Hatth.
853 5563 1000 5613 XVIV,
1035 5547 1126 5605 36.

541 5687 649 5757 (δυ)
690 5685 824 5744 Cod.
857 5686 923 5754 A,
958 5687 995 5743 ι.
1030 5687 1152 5746 512.

2144 4656 2702 4728 κατεσφραγισμένον,
2735 4657 2843 4708 τῶν
2883 4673 2943 4708 τε
2976 4654 3225 4726 φρουρῶν
3244 4652 3570 4707 κυκλούντων
3595 4644 3664 4699 ὢν

2140 4751 2304 4804 τόπον
2326 4790 2340 4811 ,
2363 4748 2571 4820 ἀφανὴς
2600 4744 2667 4819 ἦν
2684 4746 2778 4799 τοῦ
2816 4746 3111 4816 μνήματος,
3138 4744 3233 4816 τὴν
3253 4746 3318 4798 ἐκ
3340 4741 3538 4813 νεκρῶν
3563 4734 3662 4791 ανά-

2143 4859 2327 4896 στασιν
2350 4839 2712 4910 πεποιημένος
2736 4836 2887 4908 θεῖκῇ
2921 4836 3166 4906 δυνάμει,
3200 4835 3320 4889 καθ’
3353 4837 3421 4905 ἣν
3442 4832 3575 4903 ὥραν
3595 4826 3662 4880 οὐ·

2138 4934 2248 4998 δεὶς
2275 4934 2436 5002 ἔγνω,
2457 4931 2551 4985 καὶ
2578 4929 2698 4984 καθ’
2715 4928 2772 4981 ὃν
2800 4927 2971 4990 οὐδεὶς
3001 4928 3385 4999 ἐπεσημήνατο
3414 4924 3515 4978 τῶν
3535 4921 3662 5002 sim:

2137 4996 2397 5090 yskvtaribv
2426 5018 2614 5092 καιρόν
2634 5035 2646 5053 ·
2683 5015 2809 5069 ὥστ’
2839 5015 2903 5069 ἂν
2944 5017 3116 5068 εἰπεῖν
3143 4996 3411 5086 εύκαίρως
3454 5010 3560 5064 τινὰ
3590 4996 3661 5058 καὶ

2140 5114 2226 5166 ἐπ’
2254 5111 2418 5166 αὐτοῦ
2451 5110 2609 5163 τοῦτο
2647 5108 2711 5178 δὴ
2758 5108 2815 5161 τὸ
2842 5106 3086 5179 περὶτῆς
3129 5104 3357 5159 καθόλου
3400 5096 3661 5156 συντελείας

2144 5206 2280 5278 πρὸς
2311 5202 2474 5257 αὑτοῦ
2505 5200 2823 5269 λελεγμένον
2854 5199 2909 5250 ἐν
2942 5197 3038 5268 τῷ,
3080 5216 3098 5248 ι
3129 5197 3261 5267 Περὶ
3285 5195 3343 5247 δὲ
3370 5197 3462 5286 τῆς
3491 5192 3660 5286 ἡμέρῗς

2142 5298 2317 5360 οὐδεὶς
2342 5293 2499 5356 οἶδεν,
2523 5293 2643 5347 οὐδὲ
2674 5295 2725 5346 οί
2773 5290 2991 5362 ἄγγελοι
3016 5288 3109 5342 τοῦ
3152 5286 3303 5341 Θεοῦ.
3338 5305 3358 5336 ι
3392 5283 3536 5337 Οὕτω
3561 5283 3661 5347 γοῦν

2143 5390 2357 5461 πρῶτος
2397 5388 2558 5451 αὐτὸς
2601 5383 2820 5457 ἀπαρχὴ
2878 5382 2975 5452 τῆς
3018 5380 3362 5441 ἀναστάσεως
3400 5372 3608 5445 γεγονὼς
3638 5365 3661 5418 δ

2217 5676 2327 5752 (61)
2368 5677 2452 5735 Al.
2485 5677 2631 5747 cod.,
2668 5676 3015 5751 σημάντροις.
