3868 6264
252 252 346 311 985

1095 237 1605 295 SUPPLEMENTA
1643 233 2126 306 ρυΑῑετιοΝυΜ
2166 232 2255 288 AD
2294 229 2641 287 MARINUM.

3377 232 3483 293 986

254 365 448 435 Σωτὴρ,
490 358 609 415 καθ’
635 360 702 431 ἢν
732 358 879 431 ῶραν
914 358 1089 422 οὐδεὶς
1121 357 1283 423 ἔγνω,
1312 358 1598 430 ὲγήγερτο,
1628 356 1806 411 λαθὼν
1836 405 1841 418 Α

1926 356 2168 411 'ectionis
2196 352 2470 409 inchoatio
2497 350 2778 416 Servator,
2801 350 2936 409 hora
2959 366 3123 422 quam
3139 365 3301 407 nemo
3321 354 3487 411 scivit

253 458 366 519 τοὺς
397 453 661 518 ἅπαντας,
693 451 788 504 καὶ
826 451 1092 521 ἐγήγερτο
1131 447 1225 501 τοῦ
1254 446 1402 500 λίθου
1443 447 1810 518 μεμενηκότος

256 549 338 602 ἐπὶ
358 546 649 616 σχήματος.
682 540 926 611 ’Δγαθῶν
947 540 1003 593 δὲ
1026 539 1276 609 ἄγγελος,
1294 538 1602 610 ἀνθρώποις
1627 539 1811 611 παρῆν

253 639 279 691 ὁ
308 634 545 704 ἅγγελος,
600 633 753 687 οὐδὲν
802 631 898 702 μὲν
939 633 1006 704 τῇ
1060 631 1351 685 ἀναστάσει
1396 629 1482 683 διὰ
1519 630 1619 701 τῆς
1646 627 1810 683 αὐτοῦ

256 726 542 798 παρουσίας
582 725 1039 797 συμϐαλλόμενος,
1065 722 1135 776 τὰ
1179 721 1389 793 μεγάλα
1414 720 1472 774 δὲ
1497 723 1563 791 τῇ
1594 720 1702 774 τῶν
1723 721 1815 774 ἀν·-

256 815 472 889 θρώπων
502 814 912 887 διακονούμενος
943 813 1213 885 σωτηρίᾳο
1239 812 1319 867 διὸ
1347 812 1439 866 καὶ
1474 811 1813 888 ὲξήστραπτε

254 907 344 978 τὴν
394 905 624 977 μορφὴν,
656 906 975 977 λευχείμονα
996 904 1209 969 δεικνὺς
1234 904 1445 967 ἑαυτὸν,
1475 903 1568 956 καὶ
1600 902 1814 973 πρῶτος

254 1000 344 1070 τῆς
368 997 637 1067 σωτηρίου
678 998 1025 1061 ἀναστάσεως
1069 996 1468 1068 ἀπαρχόμενος.
1491 994 1601 1049 Καὶ
1626 996 1812 1068 ὥσπερ

254 1087 393 1160 ήλίου
443 1086 705 1151 ἀνατολάς
760 1087 965 1159 ἑρπετά
1011 1088 1109 1159 μὲν
1147 1088 1325 1141 ίοϐὀλα.
1365 1087 1459 1141 καὶ
1489 1086 1690 1158 θηρίων
1715 1089 1849 1152 ὅσα,

253 1175 435 1240 νυκτὸς
461 1177 554 1231 καὶ⁵
593 1178 817 1242 σκότους
842 1179 948 1232 είσὶ
987 1179 1112 1248 φίλα
1157 1179 1367 1248 φεύγει,
1398 1180 1590 1252 ἄνδρες
1612 1179 1668 1232 δὲ
1691 1176 1817 1231 ταύ-

252 1286 342 1333 τας
360 1263 445 1323 οἷα
472 1268 647 1338 φωτὸς
690 1272 966 1339 συγγενεῖς
998 1270 1407 1341 μεταδιώκουσι,
1440 1271 1576 1324 κατὰ
1604 1271 1694 1323 τὸν
1719 1269 1817 1324 αὐ-

251 1361 336 1408 τὸν
387 1355 448 1428 δὴ
493 1356 697 1429 τρόπον
756 1360 884 1421 τοὺς
934 1358 1032 1429 μὲν
1078 1360 1176 1430 τῆς
1228 1360 1485 1430 ἀληθείας
1528 1362 1621 1413 καὶ
1672 1360 1816 1432 ζωῆς

250 1445 487 1519 ἐχθροὺς,
552 1448 782 1504 θανάτου
835 1450 893 1503 δὲ
924 1451 1158 1515 οἰκείους
1188 1452 1282 1506 καὶ
1326 1451 1529 1521 φίλους,
1570 1454 1687 1516 ταῖς
1720 1450 1815 1505 τοῦ

250 1538 416 1608 φωτὸς
447 1538 614 1593 αὐτοῦ
654 1545 1043 1613 μαρμαρυγαῖς
1092 1544 1554 1614 καταπράπτων,
1590 1544 1817 1616 ἤλαυνεν

247 1633 274 1684 ὀ
301 1630 557 1699 ἄγγελος·
588 1636 701 1697 τοῖς
727 1634 783 1687 δὲ
814 1633 1037 1688 ποθοῦσι
1072 1635 1171 1706 τὴν
1208 1639 1473 1708 σωτήριον
1502 1636 1815 1699 ἀνάστασιν,

246 1721 442 1795 ταύτην
470 1724 873 1795 εὐηγγελίζετο,
904 1726 1096 1798 σχολὴν
1130 1727 1311 1791 αὐτοῖς
1340 1728 1576 1798 εὐτρεπῆ
1605 1726 1691 1781 διὰ
1719 1726 1819 1797 τῆς

244 1815 345 1868 τῶν
374 1815 631 1888 φρουρῶν
683 1818 998 1882 ἀπελάσεως
1041 1819 1327 1891 παρέχων·
1375 1819 1467 1873 δύο
1506 1819 1638 1889 γοῦν
1674 1837 1817 1889 γνω-

245 1908 479 1980 ρίσματα
506 1912 625 1975 τοῖς
651 1911 869 1975 οἰκείοις
902 1915 1162 1984 παρεῖχεν
1188 1914 1341 1984 ὀρᾷν,
1372 1913 1471 1985 τὴν
1498 1913 1819 1985 ἀποκίνησιν

241 1999 329 2055 τοῦ
356 2000 534 2066 λίθου,
574 2005 667 2057 καὶ
699 2003 798 2074 τῆς
837 2002 1005 2076 θύρας
1047 2004 1142 2058 τοῦ
1175 2006 1453 2077 μνήματος
1483 2006 1583 2077 τὴν
1613 2006 1816 2071 ἄνεσιν,

241 2093 343 2149 τῶν
356 2112 413 2149 τε
439 2094 702 2164 φυλάκων
718 2095 814 2167 τὴν
836 2096 1015 2161 δίωξιν
1033 2115 1045 2127 ·
1071 2097 1106 2151 ἀ
1129 2097 1192 2169 δὴ
1219 2098 1522 2168 τεθεαμένη
1545 2099 1577 2168 ἡ
1598 2097 1821 2167 Μαγδα-

240 2184 377 2257 ληνη.
396 2188 512 2250 τοῖς
566 2185 833 2257 μαθηταῖς
880 2187 1238 2258 ἐπήγγειλενο
1285 2188 1335 2240 οἱ
1373 2187 1429 2240 δὲ
1465 2188 1637 2241 ταῦτα
1691 2190 1819 2259 παρ’

240 2278 403 2349 αὐτῆς
445 2278 854 2350 μεμαθηκότες,
892 2279 1205 2352 θαρσαλέως
1244 2281 1498 2351 ἀπήντων
1536 2280 1818 2353 δρομαῖοι,

241 2368 460 2443 μηδενὸς
482 2372 676 2435 αὐτοῖς
708 2370 957 2441 ἐμποδὼν
981 2371 1344 2435 καθεστῶτος.

997 2480 1073 2536 B'.

303 2568 411 2641 (62)
446 2571 570 2624 Καὶ
598 2570 714 2634 πῶς
748 2570 967 2634 σκοτίας
1013 2570 1200 2643 οὔσης,
1236 2570 1379 2625 κατά
1425 2572 1515 2625 τὴν
1542 2574 1823 2643 εὐαγγελι-

237 2663 361 2733 στὴν
402 2664 690 2735 Ἰωάννην,
714 2662 782 2717 τὰ
809 2662 943 2716 εἴσω
969 2662 1063 2717 τοῦ
1116 2664 1392 2735 μνήματος
1421 2662 1607 2734 ἑώρων
1646 2668 1693 2718 οἱ
1730 2666 1823 2719 δύο

239 2750 509 2825 μαθηταί;
555 2756 613 2807 ὐ
659 2755 767 2827 γὰρ
803 2754 962 2818 αὐτὸς
1013 2754 1107 2809 καὶ
1130 2754 1228 2825 τὴν
1268 2753 1415 2826 ὤραν
1441 2755 1824 2827 ἐπεσημήνατο

234 2844 421 2899 εἰπών’
468 2864 487 2897 ι
528 2844 693 2917 Πρωῒ
752 2844 831 2898 ἔτι
890 2844 1105 2909 σκοτίας
1141 2844 1326 2916 οὔσης,
1372 2865 1390 2898 ι
1422 2846 1517 2899 καὶ
1566 2847 1693 2909 τοὺς
1731 2845 1823 2900 δύο

236 2933 481 3006 μαθητὰς
509 2934 591 2989 τὰ
618 2936 748 2988 εῖσω
769 2936 825 2988 ὲν
852 2933 930 3005 τῷ
953 2936 1193 3006 μνήματι
1229 2935 1622 3006 τεθεαμένους’
1650 2955 1667 2988 ι
1698 2937 1825 2990 Elo-

230 3024 390 3097 ἦλθον
424 3026 587 3099 γὰρ,
607 3028 762 3098 φησὶ,
800 3027 893 3080 καὶ
920 3027 1263 3083 ἐπίστευσαν.
1293 3045 1313 3080 ›

308 3207 665 3281 Ἀρχομένης
710 3208 807 3278 μὲν
853 3209 974 3262 κατ’
1013 3207 1188 3282 ἀρχάς
1234 3208 1337 3278 τῆς
1364 3209 1596 3281 ἡμέρας,
1634 3210 1728 3263 ἐπὶ
1762 3210 1824 3263 τὸ

230 3302 420 3371 μνῆμα
448 3299 852 3372 ἐμαρτύρησεν
880 3301 914 3370 ἡ
941 3298 1131 3370 Γραφὴ
1166 3298 1244 3352 ἔτι
1277 3300 1397 3352 τότε
1423 3301 1638 3354 σκοτίαν
1662 3298 1820 3356 εἶναι·

225 3391 365 3466 πλὴν
383 3393 505 3446 ἀλλ’
554 3392 659 3463 ἠδη
705 3394 885 3464 πρωῒα
924 3386 990 3463 ἦν
1014 3408 1027 3421 ⁸
1057 3391 1214 3444 τοῦτο
1240 3391 1296 3444 δὲ
1332 3391 1392 3445 τὸ
1418 3392 1561 3463 πρωῒ
1590 3393 1668 3447 ἔτι
1700 3411 1825 3448 σκο-

224 3486 343 3549 τίας
365 3484 543 3558 οὔσης
587 3485 723 3556 αὐτὴ
757 3484 876 3538 καθ’
903 3484 1098 3556 ἑαυτὴν
1145 3483 1325 3538 ἰδοῦσα
1360 3483 1547 3555 Μαρία
1577 3486 1823 3540 ἐπάνεισι

231 3577 367 3648 πρὸς
386 3578 520 3641 τοὺς
557 3575 809 3648 μαθητάς
829 3593 842 3607 ·
880 3572 974 3631 εἶτ’
995 3577 1225 3647 ἄγγελος
1242 3578 1422 3641 αὐτοῖς
1445 3579 1820 3650 παραγίνεται.

240 3671 328 3723 Ἑν
362 3671 431 3742 δὴ
458 3666 560 3724 οὖν
588 3669 669 3741 τῷ
706 3668 907 3741 μεταξὺ
934 3670 1110 3741 χρόνῳ
1163 3670 1299 3741 μετά
1333 3670 1431 3742 τὴν
1455 3671 1678 3743 πρώτην
1697 3673 1823 3741 ἀφι-

230 3761 309 3827 ξιν
364 3763 652 3832 ἀπιούσης
685 3763 856 3832 αὐτῆς
907 3761 1044 3833 πρὸς
1075 3763 1203 3825 τοὺς
1235 3763 1568 3827 ἀποστόλους
1595 3766 1688 3818 καὶ⁵
1725 3765 1824 3837 τὴν

224 3850 378 3923 ὤραν
438 3850 729 3924 προκόψαι
783 3851 929 3913 εἰκὸς
960 3845 1026 3923 ἦν
1050 3867 1065 3882 ο
1096 3852 1365 3907 κάκείνων
1396 3854 1556 3909 πάλιν
1598 3856 1690 3909 ἐπὶ
1737 3856 1827 3909 τὸν

224 3945 403 4014 τάφον
427 3943 876 4013 ἀφικνουμένων,
907 3942 986 3996 ἐτι
1019 3943 1218 4014 μᾶλλον
1247 3944 1478 4015 αὐξῆσαι
1502 3947 1592 4000 τὸν
1615 3947 1824 4020 χρόνον,

223 4034 301 4098 ὡς
327 4037 542 4108 μηκέτι
572 4036 793 4088 σκοτίαν
823 4031 981 4099 εἶναι,
1015 4036 1129 4092 ἀλλ’
1157 4037 1256 4109 ἤδη
1291 4037 1537 4110 καθαρὰν
1583 4042 1824 4113 ἡμέραν,

223 4129 351 4182 καθ’
378 4130 454 4199 ἣν
477 4128 901 4199 ἀπαντήσαντες
920 4130 967 4181 οἱ
990 4130 1110 4200 είρη
1119 4129 1286 4200 μένοι,
1320 4131 1414 4183 κοιλ¹
1443 4130 1538 4184 τοῦ
1565 4134 1827 4204 μνημείου

219 4221 384 4285 tm;
410 4220 682 4283 ἑστῶτες,
720 4221 907 4292 διορᾷν
933 4219 1001 4272 τά
1026 4220 1157 4273 εἴσω
1181 4222 1408 4293 κείμενα
1436 4222 1619 4277 ὀθόνια
1641 4218 1742 4277 οἷοί
1767 4242 1828 4278 τε

220 4307 397 4384 ἦσαν⁹
447 4311 557 4365 καὶ
591 4310 726 4363 πολὺ
761 4311 957 4381 μᾶλλον
1010 4311 1157 4365 ἔνδον
1203 4312 1504 4384 γενόμενοι,
1544 4313 1649 4367 ὑπὸ
1691 4302 1835 4385 λαμ-ἶ

120 4463 125 4467 ,
220 4409 373 4479 πρᾶς
415 4404 653 4477 ἡμέρας
685 4403 785 4474 ήδη
825 4402 921 4457 τοῦ
964 4404 1130 4457 τόπου
1168 4404 1638 4476 κατηυγασμένου.
1676 4407 1831 4460 Δοκεῖ

1933 4408 2036 4465 sita
2090 4407 2610 4463 demonstrationem
2658 4403 2822 4461 simul
2866 4402 3139 4473 przebere,
3190 4413 3393 4469 corpus
3438 4396 3511 4452 ab

216 4497 277 4552 δέ
301 4516 398 4570 μοι
437 4498 516 4552 τὰ
551 4495 738 4550 ὀθόνια
773 4496 920 4550 ἔνδον
956 4496 1185 4566 κείμενα
1211 4497 1347 4568 ὀμοῦ
1376 4498 1472 4569 μὲν
1503 4500 1596 4553 καὶ
1630 4499 1829 4571 δεῖγμα

214 4589 500 4660 παρέχειν
531 4585 635 4640 τοῦ
661 4584 735 4657 μὴ
762 4585 866 4638 ὑπὸ
892 4584 1192 4656 ἀνθρώπων
1215 4582 1380 4657 ᾖρθαι
1403 4586 1464 4639 τὸ
1493 4586 1671 4659 σῶμα,
1693 4591 1829 4660 ὅπερ

214 4682 417 4755 Μαρια
451 4679 736 4734 ὑπέλαϐεν
755 4696 769 4710 ο
795 4679 855 4733 οὐ
888 4678 997 4750 γὰρ
1026 4678 1091 4733 ἄν
1119 4696 1262 4742 τινες
1281 4679 1343 4732 τὸ
1373 4679 1533 4751 σῶμα
1561 4681 1827 4754 ὑφαιρυύ-

162 4826 170 4835 ,
216 4791 378 4844 μενοι
407 4771 836 4841 κατελίμπανον
863 4771 932 4823 τά
966 4770 1173 4825 ὀθόνιω
1200 4770 1319 4824 οὐδὲ
1351 4773 1379 4824 ό
1418 4771 1663 4826 κλέπτων
1700 4774 1829 4828 ποτὲ

197 4865 599 4938 ’περιέμεινεν
641 4862 746 4926 ἓως
769 4863 857 4917 ὅτε
886 4861 1124 4934 ἀναλύσῃ
1148 4861 1216 4915 τά
1237 4862 1421 4919 ὀθόνια
1457 4863 1552 4917 καὶ
1590 4865 1829 4920 καταλά-

212 4957 393 5028 ϐηται
417 4973 433 4987 ⁸
476 4952 631 5026 ὀμοῦ
669 4953 727 5007 δὲ
761 4955 857 5007 καὶ
884 4957 983 5025 τῆς
1012 4955 1077 5007 ὲκ
1113 4953 1325 5025 νεκρῶν
1362 4954 1827 5020 ἀναστάσεωςτοῦ

212 5048 492 5121 σώματος
530 5040 1102 5117 εἷναιπαραστατικά.
1131 5048 1188 5102 'O
1202 5048 1310 5120 γάρ
1340 5049 1828 5120 μετασχηματίζων

206 5144 280 5196 τά
316 5141 582 5212 σώματα
616 5137 713 5208 τῆς
739 5138 1121 5204 ταπεινώσεως
1146 5139 1305 5211 ήμῶν
1321 5139 1456 5204 Θεὸς
1474 5144 1554 5205 είς
1586 5142 1646 5196 τὸ
1688 5137 1826 5197 εἶναι

209 5233 549 5305 σύμμορφα
580 5226 664 5297 τῷ
682 5228 894 5300 σώματι
925 5230 1023 5301 τῆς
1042 5229 1198 5302 δόξης
1221 5231 1314 5286 τοῦ
1347 5233 1605 5305 Χριστοῦ,
1640 5234 1702 5288 τὸ
1728 5236 1828 5307 μὲν

206 5325 385 5394 σῶμα
435 5324 526 5385 ὡς
574 5321 807 5393 ὄργανον
843 5323 943 5393 τῆς
972 5324 1030 5377 ὲν
1055 5324 1203 5396 αὐτῷ
1239 5327 1642 5399 κατοικησάσης
1670 5328 1829 5382 δυνά-

210 5431 369 5485 μεως
399 5412 667 5483 ἠλλοίου,
725 5412 1070 5484 μεταϐάλλων
1125 5416 1218 5470 ἐπὶ
1253 5416 1315 5471 τὸ
1350 5416 1644 5503 θειότερον,
1676 5419 1743 5475 τὰ
1771 5420 1827 5476 δὲ

280 5577 334 5608 ⁶⁶¹
379 5573 651 5643 Philipp.
689 5589 788 5637 Ill,
824 5573 915 5629 2|.

289 5693 409 5765 (δε)
457 5689 619 5748 Cod.
652 5689 717 5759 Α,
747 5687 785 5748 t‘.
815 5690 939 5760 διε,
965 5651 1040 5750 ιη’

1913 448 2251 510 resurrexit,
2310 453 2537 501 cunctos
2586 445 2802 508 latens,
2863 445 3271 516 resurrexitque
3308 444 3489 516 lapide

1914 546 2118 594 statum
2174 551 2333 594 suum
2385 536 2670 593 retinente.
2730 535 2892 592 Bona:
2940 552 3072 591 vero
3131 537 3210 593 rei
3261 539 3486 594 nuntius

1913 629 2086 684 astitit
2124 628 2437 685 hominibus
2471 628 2718 699 angelus,
2748 628 2885 682 nihil
2929 627 3179 697 equidem
3231 645 3485 685 resurre-

1914 718 2081 773 ctioni
2114 718 2407 788 praesentia
2441 731 2541 774 sua
2592 716 2885 772 conferens
2911 756 2925 780 ,
2972 717 3252 771 hominum
3304 725 3487 772 tamen

1913 811 2076 867 saluti
2110 810 2403 881 plurimum
2450 810 2716 865 serviens.
2774 806 3069 879 Propterea
3109 809 3387 864 relucente
3420 809 3487 866 tl—

1914 918 2049 975 gura
2083 917 2217 958 usus
2245 906 2350 969 est,
2382 908 2438 955 et
2467 900 2706 955 albatum
2741 907 2914 954 semet
2955 900 3215 964 ostendit,
3246 901 3489 969 primus-

1914 1012 2021 1068 que
2043 995 2463 1051 resurrectionis
2483 992 2797 1049 Servatoris
2828 991 2954 1046 fecit
2979 992 3219 1048 initium.
3243 992 3310 1047 Et
3327 994 3490 1049 sicuti

1914 1087 2166 1143 venenati
2218 1093 2500 1157 serpentes
2537 1099 2602 1139 ac
2654 1082 2803 1147 fem,
2841 1086 3018 1141 noctis
3051 1093 3105 1140 et
3139 1086 3489 1142 tenebrarum

1917 1185 2182 1241 amantes,
2212 1177 2347 1231 solis
2383 1182 2564 1232 ortum
2619 1173 2854 1246 fugiunt,
2890 1175 3142 1232 homines
3171 1187 3362 1231 contra
3392 1193 3493 1232 ceu

1918 1270 2056 1325 lucis
2084 1269 2316 1325 studiosi
2349 1268 2583 1324 libenter
2614 1268 2935 1340 excipiunt;
2981 1267 3172 1324 eodem
3202 1269 3364 1323 modo
3399 1285 3493 1324 ve-

1916 1361 2097 1417 ritatis
2138 1360 2373 1431 vitaque
2428 1361 2636 1422 hostes,
2673 1361 2867 1416 mortis
2897 1368 3078 1415 autem
3108 1359 3410 1415 familiares
3439 1370 3495 1415 et

1918 1456 2144 1520 amicos,
2176 1455 2318 1509 lucis
2341 1452 2723 1524 splendoribus
2762 1452 3035 1508 irradians
3057 1451 3283 1522 angelus
3306 1451 3496 1521 dispu—

1918 1546 1977 1601 lit
2003 1562 2017 1597 :
2056 1545 2518 1602 resurrectionem
2551 1560 2685 1601 vero
2712 1543 3018 1600 Salvatoris
3043 1541 3492 1614 exspectantibus

1918 1639 2209 1703 nuntiavit,
2249 1640 2478 1693 liberum
2516 1638 2625 1694 illis
2662 1639 2866 1693 aditum
2897 1647 3023 1707 post
3070 1634 3361 1692 custodum
3394 1635 3489 1691 de~

1921 1731 2226 1802 pulsionem
2259 1731 2533 1801 praebens.
2584 1727 2811 1783 Gemina
2847 1729 3013 1799 igitur
3047 1727 3240 1783 amicis
3293 1726 3496 1782 indicia

1920 1821 2215 1893 spectanda
2257 1823 2491 1882 obtulit,
2554 1821 2752 1890 lapidis
2807 1834 3000 1890 nempe
3057 1819 3493 1884 revolutionem,

1919 1912 2259 1967 monumenti
2295 1920 2451 1983 porta
2477 1911 2588 1981 jam
2609 1918 2847 1981 patente,
2879 1919 2933 1964 et
2964 1909 3257 1965 custodum
3288 1909 3495 1980 fugam.

1919 2006 2052 2071 Quae
2098 2004 2293 2060 videns
2343 2002 2663 2075 Magdalene
2714 2003 3003 2076 discipulis
3047 2002 3365 2058 nuntiavit:
3402 2000 3497 2072 qui

1922 2097 2008 2152 his
2040 2097 2297 2167 cognitis,
2324 2098 2583 2151 audacter
2612 2111 2889 2165 cursuque
2918 2105 3136 2150 concito
3167 2094 3296 2149 illuc
3318 2133 3333 2149 .
3404 2107 3499 2147 ne-

1920 2191 2068 2247 mine
2093 2190 2441 2262 impediente,
2475 2197 2862 2263 properarunt.

2679 2480 2747 2536 ll.

1993 2575 2313 2643 Quomodo,
2360 2573 2605 2630 tenebris
2639 2574 2818 2628 adhuc
2859 2588 2919 2628 se
2952 2572 3397 2638 intendentibus,
3438 2579 3502 2629 ut

1925 2668 2000 2721 ait
2030 2668 2363 2738 evangelista
2383 2665 2643 2731 Joannes,
2674 2680 2737 2720 ea
2772 2681 2890 2735 qua:
2912 2664 3058 2720 intra
3085 2677 3500 2720 monumentum

1924 2769 2079 2814 erant
2108 2760 2362 2831 discipuli
2386 2760 2495 2815 duo
2526 2759 2818 2814 viderunt?
2841 2757 3085 2830 Namque
3133 2758 3273 2814 idem
3309 2759 3500 2813 horam

1926 2868 2143 2923 quoque
2176 2852 2506 2924 signiﬁcavit
2551 2852 2739 2906 dicens
2765 2870 2776 2904 :
2807 2868 2824 2902 ι
2856 2849 3036 2913 Mane,
3056 2866 3179 2905 cum
3207 2850 3387 2905 adhuc
3413 2856 3500 2903 te-

1927 2945 2111 3000 nebrae
2133 2953 2336 3000 essent.
2377 2962 2396 2996 ι
2435 2942 2511 3003 Et
2531 2957 2677 3010 mox,
2702 2942 2840 2997 duos
2873 2942 3176 3012 discipulos
3205 2956 3325 3012 quae
3357 2942 3501 2996 intra

1850 3046 1893 3104 C
1927 3044 2340 3094 monumentum
2376 3044 2533 3090 erant
2560 3034 2781 3090 vidisse.
2829 3052 2848 3085 ι
2892 3033 3265 3089 lntroivcrunt
3312 3033 3458 3090 enim
3485 3073 3501 3100 ,

1924 3131 2126 3200 inquit,
2150 3136 2205 3184 et
2236 3127 2603 3183 crediderunt.
2644 3145 2663 3179 ι

1993 3220 2180 3275 Primo
2223 3219 2329 3274 diei
2363 3217 2729 3288 crepusculo,
2783 3214 2927 3286 apud
2979 3214 3292 3285 sepulcrum
3351 3213 3503 3269 Scri-

1925 3319 2085 3382 ptura
2114 3308 2250 3363 dicit
2284 3306 2463 3361 adhuc
2484 3305 2742 3360 tenebras
2772 3304 2975 3371 fuisse;
3006 3304 3100 3359 sed
3126 3310 3306 3356 tamen
3339 3315 3501 3355 mane

1920 3403 2033 3473 jam
2061 3409 2208 3463 erat,
2260 3414 2372 3471 quo
2421 3397 2801 3461 subobscure,
2854 3395 2970 3450 sola
3014 3394 3175 3449 rediit
3204 3392 3372 3446 Maria
3431 3392 3502 3445 ad

1925 3494 2247 3565 discipulos.
2304 3489 2507 3545 Deinde
2543 3487 2766 3558 angelus
2801 3485 2934 3555 ipsis
2992 3483 3327 3555 supervenit.
3382 3479 3504 3535 Jam

1926 3588 2030 3642 hoc
2059 3582 2382 3640 intermedio
2412 3589 2678 3650 tempore,
2709 3587 2833 3649 post
2854 3576 3090 3647 primum
3133 3575 3254 3644 ejus
3277 3573 3343 3628 ad
3373 3587 3507 3643 apo-

1927 3679 2096 3735 stolos
2127 3674 2414 3729 adventum
2440 3712 2454 3736 ,
2497 3671 2688 3726 horam
2752 3668 2922 3723 ferme
2950 3665 3260 3729 transiisse,
3299 3664 3502 3721 verisi-

1926 3771 2057 3825 mile
2088 3778 2175 3826 est
2207 3788 2220 3823 :
2257 3776 2372 3823 tum
2396 3767 2506 3821 illis
2538 3764 2607 3819 ad
2650 3762 2962 3833 sepulcrum
2991 3756 3251 3813 euntibus
3275 3795 3290 3820 ,
3323 3754 3504 3827 majus

1928 3865 2107 3919 adhuc
2126 3863 2370 3931 elapsum
2401 3867 2638 3929 tempus,
2678 3857 2753 3911 ita
2776 3860 2837 3908 ut
2861 3852 2975 3923 jam
3002 3851 3243 3907 tenebrae
3280 3862 3390 3903 non
3415 3861 3505 3902 ess

1928 3964 2070 4018 sent,
2100 3953 2194 4008 sed
2215 3966 2348 4022 pura
2369 3950 2519 4016 dies;
2543 3962 2652 4018 quo
2674 3955 2917 4018 tempore
2942 3941 3170 4015 profecti
3209 3941 3339 3995 illuc
3368 3952 3510 4009 praa-

1928 4046 2059 4102 dicti
2099 4042 2377 4114 discipuli,
2402 4048 2668 4111 extraque
2703 4045 3117 4094 monumentum
3173 4038 3460 4088 manentes
3487 4070 3503 4095 ,

1928 4138 2108 4210 posita
2169 4134 2489 4190 linteamina
2545 4141 2793 4203 spectare
2856 4138 3184 4203 potuerunt;
3222 4127 3508 4197 multoque

1931 4226 2103 4292 magis
2142 4222 2272 4276 illuc
2312 4220 2568 4290 ingressi,
2597 4220 2882 4291 splendida
2907 4220 3022 4288 jam
3056 4218 3144 4273 die
3169 4217 3350 4272 locum
3376 4215 3502 4270 illu-

1929 4317 2196 4372 minante.
2226 4315 2355 4370 Mihi
2404 4331 2536 4371 vero
2580 4314 2838 4370 videntur
2882 4310 3201 4367 linteamina
3230 4310 3379 4365 intus
3408 4321 3507 4377 po-

1932 4501 2247 4556 hominibus
2279 4515 2390 4555 non
2426 4498 2595 4555 fuisse
2636 4497 2911 4555 sublatum
2939 4534 2957 4561 ,
3012 4507 3173 4550 secus
3229 4505 3293 4546 ac
3339 4488 3509 4547 Maria

1931 4592 2348 4663 suspicabatur:
2398 4605 2577 4661 neque
2624 4589 2770 4644 enim
2815 4588 2909 4659 qui
2956 4601 3160 4657 corpus
3219 4582 3511 4640 subtrahe-

1928 4694 2051 4742 rcnt
2070 4726 2084 4751 ,
2116 4685 2431 4740 linteamina
2462 4683 2872 4752 relinquerent;
2917 4694 3094 4750 neque
3116 4675 3204 4733 fur
3231 4673 3505 4747 quispiam

1929 4784 2292 4851 exspectaret,
2323 4777 2496 4832 donec
2524 4773 2744 4830 indusia
2774 4773 3108 4836 resolveret,
3148 4778 3312 4840 atque
3339 4769 3415 4823 ita
3444 4768 3504 4827 in

1929 4871 2179 4943 ﬂagranti
2232 4861 2394 4940 raptu
2449 4865 2969 4938 deprehenderetur.
3023 4863 3371 4934 Caeteroquin
3412 4862 3506 4917 illa

1931 4962 2181 5019 suscitati
2210 4977 2276 5017 ex
2306 4970 2479 5017 morte
2516 4960 2768 5030 corporis
2805 4958 3009 5014 indicia
3037 4967 3215 5013 erant.
3245 4954 3381 5009 Nam
3411 4954 3506 5024 qui

1932 5055 2250 5111 reformabit
2288 5069 2519 5125 corpora
2562 5053 2887 5108 humilitatis
2902 5058 3106 5106 nostra:
3124 5048 3290 5113 Deus,
3312 5056 3372 5103 ut
3394 5047 3506 5103 sint

1929 5148 2230 5204 conformia
2257 5148 2473 5219 corpori
2494 5147 2679 5219 gloriae
2699 5144 2926 5210 Christi,
2950 5152 3086 5198 tunc
3106 5142 3269 5198 etiam
3300 5155 3505 5211 corpus

1931 5240 2152 5312 quidem
2181 5254 2447 5312 organum
2476 5238 2833 5295 inhabitantis
2878 5236 2935 5292 in
2974 5236 3097 5306 ipso
3139 5233 3361 5290 virtutis
3410 5232 3511 5285 im-

1931 5331 2184 5399 mutavit,
2212 5330 2281 5386 ad
2333 5330 2657 5386 diviniorem
2691 5336 2892 5385 statum
2928 5325 3235 5382 reformans
3265 5324 3312 5356 ⁸⁸
3340 5341 3354 5389 ;
3400 5321 3505 5376 lin-

1931 5424 2170 5493 teamina
2199 5431 2404 5495 autem,
2429 5439 2529 5481 ceu
2572 5422 2789 5481 inutilia
2821 5429 2874 5477 et
2903 5418 3150 5493 corporis
3182 5415 3507 5478 substantia
