3868 6264
1098 313 1364 372 EUSEBII
1403 306 1878 368 CaESARlENSIS
1911 304 2062 360 OPP.
2104 300 2283 356 PARS
2323 298 2411 354 lll.
2452 329 2520 338 —
2559 294 2967 350 EXEGETICA.
3543 290 3639 345 988

415 327 519 386 987

418 443 616 507 aliena,
643 443 812 496 missa
839 437 987 492 fecit.
1006 433 1325 504 Opportune
1351 429 1576 499 insuper
1609 425 1822 480 videtur
1851 423 1980 476 mihi

2094 419 2266 471 ὀθόνια
2295 416 2369 478 ὡς
2393 411 2622 484 περιττὰ
2646 411 2738 464 καὶ
2764 409 3017 478 ἀλλότρια
3046 405 3143 475 τῆς
3173 405 3263 456 τοῦ
3289 418 3536 472 σωματος
3558 401 3642 454 οὐ·

417 536 681 590 aeeidisse
719 538 776 585 ut
812 527 1005 583 Petrus
1049 541 1113 580 ac
1163 523 1401 578 Joannes
1449 520 1516 574 ad
1570 518 1982 572 monumentum

2094 508 2205 570 risu;
2233 507 2402 576 ἠφίει.
2427 502 2649 557 Δοκοῦσι
2687 502 2742 554 δέ
2772 518 2856 571 μοι
2889 497 3028 552 κατὰ
3068 496 3252 565 καιρὸν
3273 497 3301 548 ὁ
3325 494 3533 564 Πέτρος
3560 493 3643 544 καὶ

415 627 663 683 venirent
704 621 850 675 clara
875 618 988 688 jam
1031 617 1118 671 die
1164 612 1556 685 splendidaque
1606 609 1759 672 luce;
1817 622 1885 660 ne
1936 606 1984 658 si

2094 602 2110 653 5
2153 598 2402 667 Ἰωάννης
2435 595 2526 648 ἐπὶ
2556 594 2616 647 τὸ
2660 594 2916 664 μνημεῖον
2953 589 3198 658 ἀπαντᾷν
3221 589 3277 639 ἐν
3311 585 3409 656 ἤδη
3439 584 3642 654 καθαρᾷ

416 715 554 773 forte
589 715 643 768 in
671 720 828 766 nocte
851 725 913 764 ac
945 708 1184 764 tenebris
1215 704 1601 766 accessissent,
1631 701 1750 772 ejus
1783 700 1858 756 rei
1891 714 1983 754 su-

416 807 712 878 spicionem
740 802 1062 873 praeberent,
1092 812 1256 867 quam
1291 796 1403 866 jam
1441 791 1727 865 pontifices
1757 789 1985 846 mentie-

416 898 650 961 bantur,
708 910 903 965 nempe
954 891 1099 963 quod
1152 896 1317 944 noctu
1367 886 1648 942 venientes
1697 882 1982 938 Dominum

418 988 787 1045 sustulissent.
852 984 1038 1054 Itaque
1103 995 1278 1051 neque
1327 987 1490 1033 noctu
1525 980 1879 1031 accesserunt
1929 973 1982 1026 hi

416 1079 541 1143 viri,
573 1077 654 1133 vel
677 1076 918 1130 tenebris
943 1073 1119 1128 adhuc
1152 1087 1209 1126 se
1235 1067 1640 1126 intendentibus
1661 1105 1675 1129 ,
1710 1063 1806 1120 sed
1837 1064 1984 1119 clara

411 1168 524 1239 jam
553 1169 862 1222 lucescente
894 1165 1002 1220 die.
1033 1162 1188 1231 Quod
1231 1161 1278 1218 si
1311 1160 1528 1216 dicente
1559 1157 1871 1229 Evangelia,
1901 1156 1984 1210 di-

415 1260 656 1331 scipulos
684 1273 812 1325 una,
837 1256 964 1327 quia
993 1253 1210 1310 Judaeos
1238 1251 1525 1315 timebant,
1556 1249 1728 1304 fuisse
1757 1263 1987 1318 congre-

415 1360 590 1424 gatos,
621 1350 943 1406 adversetur
970 1349 1168 1418 aliquis
1184 1346 1370 1400 dicens
1397 1362 1411 1398 :
1437 1340 1722 1409 Quomodo
1743 1354 1872 1411 ergo
1892 1338 1983 1409 qui

415 1460 474 1500 se
515 1443 941 1505 concluserant,
994 1439 1060 1493 ad
1098 1443 1508 1492 monumentum
1567 1431 1854 1488 veniebant
1899 1430 1988 1485 die

415 1534 733 1606 splendida?
760 1533 1186 1604 respondemus,
1242 1531 1364 1585 illos
1398 1543 1529 1584 sane
1579 1525 1672 1596 qui
1713 1522 1888 1578 media
1931 1522 1984 1576 in

418 1626 550 1679 urbe
603 1623 912 1679 Judaaorum
944 1619 1300 1682 habitabant,
1335 1633 1434 1689 par
1463 1616 1631 1671 fuisse
1670 1623 1730 1668 ut
1775 1627 1883 1667 una
1929 1611 1984 1665 in

336 1721 339 1724 ’
415 1717 578 1772 domo
606 1713 850 1769 conclusi
897 1728 1088 1769 omnes
1132 1711 1293 1767 simul
1329 1717 1646 1764 manerent:
1681 1706 1773 1776 qui
1805 1712 1982 1759 autem

2082 689 2264 760 ἡμέρᾳ
2291 687 2384 741 καὶ
2412 685 2550 755 φωτί
2586 682 2842 755 λαμπρῷ,
2865 681 2938 744 ὡς
2976 680 3040 733 ἂν
3066 677 3138 749 μὴ
3181 675 3376 737 νυκτὸς
3408 674 3504 727 καὶ
3539 690 3644 725 σκο-

2082 781 2201 844 τίας
2246 779 2489 840 ἐλθόντες
2517 775 2674 828 τοῦτο
2719 771 3084 842 ὐπονοηθεῖεν,
3117 769 3144 821 ὃ
3173 767 3236 838 δὴ
3277 767 3368 819 καὶ
3390 763 3643 833 κατεψεύ-

2086 889 2246 925 σαντο
2273 869 2449 923 αὐτῶν
2483 870 2532 921 οἰ
2572 867 2867 937 ἀρχιερεῖς,
2894 864 2974 916 ὅτι
2999 859 3193 924 νυκτὸς
3221 857 3472 919 ἐλθόντες
3506 853 3645 907 ἐκλε-

2081 964 2208 1033 ψαν.
2241 961 2436 1031 Διόπερ
2465 959 2525 1012 οὐ
2553 957 2745 1020 νυκτὸς
2772 955 3024 1026 ἀπήντων
3061 953 3108 1004 οἱ
3150 951 3360 1020 ἀνδρες,
3388 947 3507 1000 ἀλλ’
3537 945 3644 998 οὐδὲ

2086 1053 2302 1116 σκοτίας
2325 1051 2405 1104 ἐτι
2433 1050 2618 1118 οὔσης,
2646 1047 2758 1102 ἀλλ’
2785 1046 2884 1117 ήδη
2914 1041 3362 1112 καταυγαζούσης
3395 1037 3644 1108 λαμπρᾶς

2085 1149 2316 1219 ⁴ἡμέρας.
2347 1145 2410 1198 Εἰ
2439 1144 2494 1197 δὲ
2519 1144 2666 1211 λέγοι
2695 1142 2754 1194 τὸ
2777 1138 3103 1206 Εὐαγγέλιον
3134 1136 3208 1198 ὡς
3235 1135 3340 1206 ἄρα
3362 1129 3507 1204 ἦσαν
3521 1129 3644 1201 ὁμοῦ

2088 1238 2409 1310 συνηγμένοι
2437 1239 2483 1288 οί
2515 1232 2752 1306 μαθηταὶ
2781 1232 2868 1285 διά
2903 1229 2990 1282 τὸν
3025 1227 3186 1298 φόϐον
3218 1225 3323 1278 τῶν
3363 1223 3644 1285 Ἰουδαίων,

2085 1325 2206 1385 εἶτα
2251 1330 2384 1402 πρὸς
2418 1327 2576 1380 τοῦτο
2619 1323 2979 1394 ἀνθυποφέροι
3005 1338 3090 1384 τις
3114 1319 3306 1388 λέγων,
3331 1316 3458 1380 Πῶς
3489 1311 3580 1368 οὖν
3605 1317 3646 1367 οἱ

2088 1419 2562 1491 συγκεκλεισμένον.
2608 1416 2833 1486 ἐφοίτων
2876 1412 2967 1467 ἐπὶ
3009 1412 3071 1464 τὸ
3103 1411 3360 1482 μνημεῖον
3394 1410 3453 1460 ἐν
3476 1404 3648 1476 ἡμέρᾳ

2085 1514 2320 1582 διαυγεῖς
2379 1510 2610 1583 ἐροῦμεν
2647 1508 2729 1560 ὅτι
2769 1507 2896 1568 τοὺς
2930 1504 3025 1574 μὲν
3065 1505 3121 1555 ἐν
3167 1503 3232 1570 τῇ
3275 1498 3423 1552 πόλει
3464 1497 3647 1568 μέσους

2085 1604 2365 1665 οἰκοῦντας
2416 1600 2524 1653 τῦκα
2583 1597 2882 1657 Ἰουδαίων,
2935 1593 3079 1656 εἰκὸς
3136 1586 3202 1660 ἦν
3241 1585 3650 1643 ἀποκεκλεῖσθαι

2087 1696 2219 1768 όμοῦ
2273 1695 2398 1757 τοὺς
2453 1691 2658 1753 πάντας
2713 1691 2769 1741 ἐν
2809 1686 2941 1756 οἴκῳ
2971 1685 3050 1738 ἐνὶ
3095 1680 3497 1752 συνηγμένουςο
3533 1678 3580 1729 οἰ
3605 1676 3652 1728 δέ

417 1808 484 1862 ad
507 1806 817 1878 sepulcrum
840 1805 1077 1871 iverunt,
1100 1803 1227 1874 quia
1253 1808 1406 1856 extra
1431 1801 1619 1854 urbem
1646 1805 1824 1861 erant,
1847 1795 1986 1849 mul-

2094 1764 2178 1844 ἐπὶ
2220 1789 2279 1842 τὸ
2327 1789 2516 1858 μνῆμα
2565 1779 2948 1853 ἀφικνούμενοι
2985 1779 3083 1848 τῆς
3120 1774 3323 1837 πόλεως
3373 1769 3532 1833 ἐκτὸς
3573 1769 3650 1821 δν-

415 1905 530 1951 tum
559 1898 745 1952 aberat
775 1903 832 1950 ut
862 1894 1077 1950 Judzeos
1105 1895 1358 1949 timerent
1385 1931 1401 1957 ,
1455 1890 1711 1961 quoniam
1756 1887 1820 1942 ad
1856 1886 1987 1943 soli-

417 1989 616 2044 larium
669 1987 846 2042 locum
896 1993 950 2041 et
998 1984 1311 2040 hominibus
1355 1996 1586 2037 vacuum
1637 1980 1985 2036 devenerant.

416 2079 674 2135 Fortasse
700 2079 862 2134 etiam
895 2085 1080 2147 spreto
1125 2083 1445 2130 caeterorum
1477 2071 1870 2142 discipulorum
1921 2070 1990 2124 ti-

419 2189 568 2228 more
609 2172 802 2228 Petrus
847 2185 911 2226 ae
957 2168 1195 2224 Joannes
1222 2209 1236 2232 ,
1293 2168 1412 2223 ausi
1469 2175 1596 2222 sunt
1651 2165 1988 2220 confidenter

417 2263 580 2319 domo
615 2262 852 2332 prodire,
893 2261 1020 2315 dum
1055 2260 1238 2315 c:eteri
1270 2258 1322 2313 id
1350 2257 1572 2312 minime
1613 2256 1792 2312 facere
1821 2253 1990 2310 aude~

418 2366 558 2419 rent,
585 2362 780 2425 praeter
834 2353 934 2408 hos
985 2353 1122 2407 duos
1167 2351 1354 2415 solos,
1408 2350 1608 2419 quibus
1651 2349 1813 2404 etiam
1862 2346 1987 2402 alibi

420 2449 593 2522 major
623 2451 796 2504 honor
817 2461 925 2518 prae
952 2446 1162 2501 caeteris
1196 2444 1455 2516 apostolis
1481 2443 1818 2498 attribuitur.

1167 2649 1254 2706 Ill.

490 2765 596 2823 Sed
627 2767 897 2837 quomodo
919 2765 1061 2837 apud
1094 2765 1386 2829 Joannem,
1418 2769 1601 2816 auotta
1625 2761 1793 2815 Maria
1823 2759 1991 2816 disci-

420 2858 553 2928 puli,
585 2857 780 2913 deinde
827 2857 895 2911 ad
946 2863 1359 2911 monumentum
1417 2853 1693 2924 progressi
1745 2851 1993 2907 credide-

423 2959 594 3017 runt;
629 2949 771 3019 apud
829 2947 1030 3002 Lucam
1081 2956 1263 3002 autem
1312 2945 1532 3010 dicitur,
1558 2944 1672 3000 visa
1713 2958 1837 2999 esse
1884 2942 1991 2997 illis

2087 1899 2178 1946 τες
2213 1880 2342 1950 (65),
2399 1876 2614 1948 μακρὰν
2663 1871 2958 1941 ἐτύγχανον
2999 1869 3090 1921 καὶ
3121 1863 3214 1918 τοῦ
3249 1864 3356 1916 τῶν
3390 1860 3652 1915 Ἰουδαίων

2087 2060 2288 2132 ληκότα
2311 2055 2616 2128 παριόντες.
2643 2053 2794 2123 Τάχα
2810 2052 2866 2104 δὲ
2894 2049 2986 2103 καὶ
3013 2047 3291 2120 κρείττους
3322 2043 3492 2114 φόϐου
3512 2042 3653 2132 γενό-

2093 2168 2241 2224 μενοι
2266 2149 2374 2202 τῶν
2406 2144 2662 2219 μαθητῶν
2699 2144 2728 2197 ὅ
2773 2159 2833 2194 τε
2882 2141 3084 2211 Πέτρος
3123 2138 3216 2191 καὶ
3266 2135 3519 2204 Ἰωάννης
3547 2131 3655 2184 τολ-

2094 2243 2391 2316 μηρότερον
2445 2239 2709 2310 ἐθάρρουν
2737 2233 2978 2308 προϊέναι
3024 2231 3116 2284 τοῦ
3142 2230 3313 2292 οἴκου,
3347 2228 3457 2281 τῶν
3490 2227 3654 2280 ἄλλων

2094 2336 2169 2409 μὴ
2187 2336 2343 2389 τοῦτο
2367 2331 2627 2404 πράττειν
2664 2325 3005 2397 τολμώντων,
3045 2323 3077 2393 ἢ
3120 2323 3294 2394 μόνων
3334 2319 3400 2390 δὴ
3434 2317 3653 2376 τούτων.

2089 2405 2138 2484 οἳ
2158 2405 2259 2482 ’καὶ
2288 2429 2343 2478 ἐν
2375 2427 2486 2488 τοῖς
2518 2422 2694 2484 ἄλλοις
2728 2417 2968 2480 πλείονος
2997 2413 3286 2484 ἠξιωμένοι
3317 2410 3483 2482 τιμῆς
3514 2405 3656 2479 παρά

2091 2521 2215 2584 τοὺς
2245 2517 2460 2578 λοιποὺς
2490 2511 2816 2575 ἀποστόλους
2851 2505 3316 2579 μεμαρτύρηνται.

2837 2623 2911 2677 Γ’.

2163 2745 2274 2818 (64)
2338 2740 2482 2798 Λλλά
2518 2739 2635 2802 πῶς
2675 2735 2826 2809 παρὰ
2857 2735 2953 2806 μὲν
2977 2732 3052 2802 τῷ
3091 2728 3306 2803 Ἰωάννῃ
3321 2729 3421 2798 τῆς
3445 2726 3657 2798 Μαρίας

2091 2838 2420 2899 ἀκούσαντες
2441 2835 2490 2888 οἰ
2511 2831 2766 2904 μαθηται,
2800 2829 3038 2882 κάπειτα
3067 2823 3311 2885 ἐλθόντες
3337 2824 3421 2884 εἰς
3451 2821 3511 2875 τὸ
3537 2837 3657 2889 μνη-

2096 2932 2245 3000 μεῖον
2295 2925 2646 2978 ἐπίστευσαν·
2683 2919 2833 2991 παρά
2889 2917 2945 2970 δὲ
2987 2915 3064 2985 τῷ
3103 2915 3286 2983 Λουκᾷ
3328 2911 3542 2982 εἴρηται
3585 2911 3656 2961 ὅτι

422 3038 565 3093 sicut
620 3038 973 3093 deliramenta
1006 3037 1168 3091 verba
1231 3035 1378 3102 ista,
1444 3048 1620 3104 neque
1669 3033 1988 3089 mulieribus

2094 3019 2368 3090 ἐφάνησαν
2420 3014 2648 3069 ἐνώπιον
2697 3009 2874 3066 αὐτῶν
2923 3006 3056 3060 ὡσεί
3107 3005 3270 3075 λῆρος
3326 3002 3396 3057 τά
3444 3001 3657 3073 ῥήματα

421 3127 756 3182 credidisse?

491 3237 584 3292 Illa
611 3238 751 3307 apud
781 3235 1045 3291 Joannem
1075 3235 1242 3291 Maria
1272 3236 1561 3306 praecipuis
1595 3235 1854 3304 apostolis
1881 3233 1986 3290 Pe-

420 3337 507 3382 tro
546 3342 611 3382 ac
633 3327 827 3383 Joanni
862 3328 994 3383 solis
1019 3335 1231 3384 secreto
1265 3325 1429 3382 veluti
1465 3340 1576 3381 rem
1621 3325 1792 3382 visam
1843 3337 1989 3382 retu-

422 3420 503 3473 l.t.
539 3417 714 3488 Hique
746 3420 949 3488 pariter
972 3419 1112 3473 clam
1145 3417 1372 3490 reliquis
1418 3416 1701 3487 discipulis
1734 3417 1834 3472 soli
1863 3433 1988 3472 cur-

423 3512 526 3566 sim
558 3511 624 3566 ad
656 3518 1062 3566 monumentum
1105 3511 1387 3574 abierunt,
1433 3509 1784 3581 videntesque
1815 3510 1988 3565 credi-

422 3605 665 3660 derunt:
700 3603 944 3673 nihilque
992 3602 1191 3656 mirum
1235 3608 1317 3658 est
1359 3603 1497 3659 duos
1543 3603 1644 3658 hos
1689 3603 1991 3673 praecipuos

423 3697 699 3767 apostolos
723 3697 801 3751 rei
826 3696 958 3751 visa:
995 3693 1330 3760 credidisse;
1368 3695 1609 3766 reliquos
1639 3704 1839 3759 autem,
1871 3695 1993 3764 qui-

422 3790 526 3845 bus
563 3789 767 3844 nuntia:
812 3787 1024 3842 fuerant
1067 3787 1323 3842 mulieres
1345 3826 1360 3851 ,
1393 3801 1495 3842 nec
1545 3787 1722 3842 oculis
1757 3787 1993 3857 propriis

421 3881 692 3943 viderant,
717 3879 862 3933 haud
897 3879 984 3934 his
1014 3878 1172 3934 fidem
1201 3878 1538 3934 adhibuisse.
1565 3877 1706 3932 Ecce
1752 3879 1895 3933 enim
1940 3886 1994 3933 et

423 3971 557 4041 ipsis
585 3987 691 4024 una
725 3970 1066 4040 congregatis
1099 3969 1386 4039 discipulis
1423 3984 1547 4024 cum
1602 3969 1858 4024 Servator
1899 3985 1995 4039 ap-

422 4063 716 4134 paruisset,
750 4071 808 4118 ut
836 4061 1074 4117 Joannes
1124 4070 1342 4126 narrat,
1389 4061 1444 4116 hi
1502 4061 1724 4130 quidem
1760 4077 1826 4117 eo
1876 4063 1995 4117 viso

422 4151 595 4223 gavisi
631 4159 793 4218 sunt;
823 4150 1060 4206 Thomas
1089 4162 1271 4206 autem
1319 4152 1410 4223 qui
1459 4166 1560 4207 nec
1615 4151 1864 4206 interfuit
1897 4167 1996 4207 nec

422 4244 576 4307 vidit,
609 4258 722 4299 rem
751 4243 854 4297 sibi
885 4241 1199 4313 persuaderi
1242 4259 1351 4297 non
1392 4253 1477 4297 est
1518 4258 1731 4312 passus.
1766 4241 1917 4309 Quod
1950 4242 1996 4296 si

423 4334 512 4389 hic
537 4333 796 4403 apostolis
833 4349 939 4388 non
979 4332 1230 4397 credidit,
1266 4331 1470 4388 frustra
1493 4332 1606 4401 jam
1630 4333 1996 4403 reprehende-

1964 3129 1979 3144 ·
2017 3093 2058 3151 C
2090 3110 2284 3174 ταῦτα,
2305 3110 2398 3162 καὶ
2429 3106 2689 3178 ἠπίστουν
2718 3102 2940 3166 αὐταῖςς

2165 3226 2231 3278 Ἡ
2279 3223 2376 3294 μὲν
2417 3219 2565 3290 παρά
2613 3216 2689 3288 τῷ
2733 3215 2953 3289 Ἰωάννῃ
2992 3211 3177 3283 Μαρία
3214 3214 3326 3274 τοῖς
3389 3209 3654 3280 ἐκκρίτοις

2085 3316 2192 3369 τῶν
2216 3311 2524 3368 ἀποστόλων
2551 3309 2740 3379 Πέτρῳ
2779 3308 2872 3361 καὶ
2925 3305 3146 3379 Ἰωάννῃ
3173 3305 3353 3376 μόνοις
3394 3302 3474 3365 ὡς
3509 3301 3659 3371 ἀπόρ-

2091 3412 2251 3480 ρητον
2284 3404 2611 3474 ἐκφαίνουσα
2642 3400 2821 3466 ἐξεῖπε
2854 3401 2915 3452 τὺ
2952 3397 3272 3468 τεθεαμένον
3291 3413 3304 3426 ο
3337 3396 3386 3448 oi
3417 3395 3478 3448 δέ
3501 3393 3650 3448 πάλιν

2087 3503 2337 3564 λαθόντες
2369 3500 2494 3562 τοὺς
2541 3497 2759 3560 λοιποὺς
2799 3492 3043 3566 μαθητὰς
3084 3491 3232 3562 μόνοι
3272 3489 3538 3560 ἀπήντων
3579 3486 3660 3540 ἐπὶ

2088 3597 2150 3650 τδ
2173 3596 2434 3666 μνημεῖον
2489 3591 2756 3663 δρομαῖοι,
2810 3587 2904 3640 καὶ
2937 3587 3134 3649 ἰδόντες
3171 3585 3506 3637 ἐπίστευσαν
3528 3599 3541 3611 ·
3575 3581 3657 3632 καὶ

2089 3689 2238 3742 οὐδέν
2269 3704 2331 3756 γε
2359 3681 2427 3756 ἦν
2458 3680 2766 3754 θαυμαστὸν
2797 3681 2922 3742 τοὺς
2953 3679 3048 3749 μὲν
3082 3677 3365 3747 ἐκκρίτους
3391 3673 3503 3728 τῶν
3540 3675 3661 3728 ἀπο-

2093 3779 2292 3832 στόλων
2329 3775 2531 3838 ἰδόντας
2587 3769 3025 3830 πεπιστευκέναι,
3068 3768 3194 3830 τοὺς
3237 3766 3294 3818 δέ
3329 3765 3556 3827 λοιποὺς
3591 3759 3660 3824 οἷς

2091 3874 2146 3924 αἰ
2173 3871 2427 3938 γυναῖκες
2453 3862 2810 3935 ἀπήγγελλον,
2842 3861 2937 3915 ἆτε
2973 3859 3046 3930 μὴ
3087 3859 3203 3927 ὄψει
3227 3857 3657 3928 παραλαδόντας,

2097 3966 2171 4036 μὴ
2205 3960 2490 4016 πιστεῦσαι
2529 3958 2738 4020 αὐταῖς.
2779 3953 2987 4008 Αὐτίκα
3039 3950 3167 4020 γοῦν
3198 3951 3290 4004 καὶ
3317 3949 3506 4012 αὐτοῖς
3536 3946 3657 4018 ὁμοῦ

2096 4052 2451 4126 συνηγμένοις
2495 4051 2607 4112 τοῖς
2661 4046 2925 4118 μαθηταῖς
2978 4043 3234 4112 ὀφθέντος
3277 4039 3370 4093 τοῦ
3419 4040 3659 4109 Σωτῆρος

2095 4147 2236 4201 κατά
2259 4147 2346 4197 τὸν
2370 4141 2646 4210 Ἰωάννην,
2679 4139 2727 4191 οἱ
2767 4136 2862 4208 μὲν
2901 4135 3097 4196 ἰδόντες
3121 4131 3397 4202 ἐχάρησαν
3418 4147 3433 4160 ο
3467 4129 3658 4199 Θωμᾶς

2095 4240 2172 4298 δὲ,
2204 4236 2326 4290 ἐπεὶ
2366 4233 2439 4304 μὴ
2477 4232 2655 4302 παρῆν
2698 4228 2830 4300 μηδέ
2873 4221 3032 4288 εἶδεν,
3072 4224 3172 4276 οὐκ
3200 4222 3472 4276 ἐπείθετο.
3511 4223 3570 4275 Εἰ
3609 4219 3658 4273 δὲ

2098 4326 2250 4392 οὗτος
2278 4327 2493 4395 ἠπίστει
2513 4323 2625 4384 τοῖς
2653 4319 2989 4380 ἀποστόλοις,
3015 4316 3175 4386 σχολῇ
3205 4317 3256 4382 γ’
3285 4315 3350 4367 ἂν
3394 4311 3658 4384 μέμψαιτό

424 4441 547 4481 mus
595 4435 849 4489 czeteros,
901 4425 993 4494 qui
1043 4425 1170 4494 quia
1201 4439 1306 4478 non
1342 4423 1628 4488 viderant,
1663 4424 1984 4480 mulieribus

2094 4441 2172 4486 τις
2198 4422 2305 4480 τοῖς
2328 4416 2531 4477 λοιποῖς
2559 4414 2640 4464 ὅτι
2678 4411 2899 4482 μηδέπω
2914 4409 3249 4478 τεθεαμένοι,
3286 4410 3398 4470 ταῖς
3427 4404 3660 4474 γυναιξὶν

423 4516 879 4572 diserediderunt.
931 4516 1182 4572 Profecto
1223 4527 1402 4571 autem
1450 4513 1731 4586 Scriptura
1765 4517 1989 4570 multam

422 4609 756 4665 demonstrat
785 4607 1223 4679 disquisitionem
1257 4623 1321 4662 ac
1354 4608 1698 4664 sedulitatem
1747 4606 1993 4677 discipu-

421 4698 619 4764 lorum,
650 4698 742 4769 qui
777 4698 919 4752 haud
951 4698 1106 4754 facile
1137 4698 1330 4754 alienis
1375 4698 1727 4754 sermonibus
1754 4713 1989 4753 consen-

422 4797 634 4854 serunt,
663 4789 758 4844 sed
783 4787 959 4859 primo
988 4788 1193 4860 judicia
1235 4789 1656 4859 suspenderunt,
1678 4789 1855 4859 quoad
1880 4789 1992 4859 ple-

423 4881 649 4936 nissime
681 4888 844 4951 atque
894 4881 1178 4952 perspicue
1225 4883 1450 4936 veritate
1494 4883 1711 4954 cognita
1739 4923 1755 4947 ,
1803 4894 1989 4952 postea

421 4971 607 5026 dicere
632 4978 895 5042 possent:
933 4989 952 5022 ‹
991 4971 1144 5036 Quod
1197 4970 1297 5026 fuit
1326 4973 1395 5026 ab
1439 4974 1628 5039 initio,
1662 4971 1808 5043 quod
1843 4971 1991 5024 audi-

422 5063 624 5126 vimus,
661 5062 807 5132 quod
841 5062 1079 5117 vidimus
1109 5063 1283 5117 oculis
1315 5065 1516 5118 nostris
1538 5104 1552 5129 ,
1600 5062 1743 5133 quod
1777 5076 1991 5130 perspe-

426 5152 624 5214 ximus,
657 5159 712 5206 et
742 5166 935 5206 manus
965 5159 1166 5206 nostra:
1203 5159 1679 5206 contreetaverunt
1709 5149 1777 5204 de
1813 5147 1988 5203 Verbo

425 5241 548 5297 vitaa
575 5243 641 5296 ⁸⁷.
703 5262 721 5294 ι
767 5239 872 5298 Sed
905 5242 1051 5297 enim
1083 5241 1247 5295 alium
1276 5257 1491 5311 quoque
1535 5255 1757 5296 sensum
1794 5255 1988 5310 capere

427 5332 515 5389 hic
545 5338 693 5390 locus
730 5343 925 5404 potest.
962 5335 1110 5388 Dicet
1137 5334 1283 5388 enim
1339 5333 1572 5387 fortasse
1614 5332 1832 5401 aliquis,
1869 5346 1988 5384 mu-

427 5426 650 5481 Iieribus
710 5429 1164 5484 resurrectionem
1219 5425 1525 5485 Servatoris
1576 5425 1988 5491 nuntiantibus,

505 5576 553 5610 "
586 5582 603 5631 l
638 5580 794 5636 Joan.
833 5598 884 5646 ι,
925 5583 972 5634 Ι.

508 5731 611 5804 (65)
652 5733 727 5789 Ita
751 5733 872 5790 cod.

2098 4510 2380 4580 ἠπίστουν.
2411 4501 2616 4572 Πολλὴν
2646 4500 2705 4553 δέ
2739 4498 2964 4569 βάσανον
2999 4498 3092 4550 καὶ
3120 4495 3404 4567 ἀκρίϐειαν
3428 4495 3535 4548 τῶν
3567 4510 3659 4564 μα-

2099 4599 2274 4673 θητῶν
2327 4594 2654 4666 παρίστησιν
2684 4593 2717 4662 ή
2745 4589 2955 4662 Γραφὴ,
2987 4590 3087 4642 οὐκ
3135 4587 3373 4660 εὐχερῶς
3404 4590 3519 4652 τοῖς
3548 4585 3658 4639 teti-

2097 4711 2203 4748 των
2226 4691 2402 4759 λόγοις
2420 4685 2708 4756 συγκατιθε
2717 4684 2910 4755 μένων,
2924 4683 3037 4735 ἀλλ’
3054 4682 3354 4750 ἐπεχόντων
3369 4679 3438 4733 τὰ
3455 4678 3654 4750 πρῶτα,

2098 4783 2272 4838 εἰσότε
2319 4778 2666 4851 πληρέστατα
2694 4776 2788 4829 καλ⁴
2823 4773 3070 4845 ἐναργῶς
3097 4771 3324 4842 τάληθὲς
3357 4770 3659 4836 ἐπιγνόντες

2097 4877 2267 4929 εἰπεῖν
2297 4871 2568 4941 δυνηθεῖεν
2592 4869 2840 4937 ὕστερον·
2878 4885 2895 4916 ‹
2936 4865 3000 4917 Ὃ
3027 4859 3094 4933 ἧν
3127 4862 3219 4914 ἀπ’
3245 4861 3443 4932 ἀρχῆς,
3475 4861 3505 4914 δ
3526 4861 3659 4927 ἀκης

2100 4970 2327 5038 κόαμεν,
2374 4965 2402 5017 ὃ
2445 4962 2769 5034 ἑωράκαμεν
2795 4959 2907 5021 τοῖς
2931 4954 3224 5026 ὀφθαλμοῖς
3252 4954 3425 5024 ἡμῶν,
3457 4952 3485 5005 δ
3512 4952 3656 5005 ἐθεα-

2099 5057 2330 5129 σάμεθα,
2378 5056 2470 5109 καὶ
2513 5055 2569 5107 αἰ
2611 5053 2791 5124 χεῖρες
2832 5047 2986 5118 ἡμῶν
3016 5045 3370 5116 ἐψηλάφησαν
3414 5039 3654 5111 περὶτοῦ

2097 5149 2268 5216 Λόγου
2300 5150 2398 5217 τῆς
2426 5144 2586 5215 ζωῆς.
2624 5164 2641 5194 ι
2684 5143 2834 5211 Ἕχοι
2861 5139 2904 5191 δ’
2931 5137 2996 5192 ἂν
3035 5138 3128 5190 καὶ
3159 5135 3350 5206 ἐτέραν
3382 5131 3655 5187 διάνοιανό

2093 5241 2274 5303 τόπος.
2296 5239 2452 5291 Εἴποι
2478 5236 2585 5308 γὰρ
2619 5234 2684 5287 ἄν
2711 5250 2795 5296 τις
2814 5233 2894 5285 ὅτι
2922 5233 3038 5292 ταῖς
3073 5225 3537 5296 ἀπαγγελλούσαις
3567 5241 3653 5292 γν-

2095 5331 2238 5394 ναιξὶ
2261 5330 2357 5400 τὴν
2385 5329 2675 5382 ἀνάστασιν
2725 5323 2819 5377 τοῦ
2855 5322 3124 5392 Σωτῆρος,
3155 5317 3230 5382 ὡς
3269 5318 3329 5385 ἐξ
3361 5319 3524 5388 ἀκοῆς
3553 5313 3651 5366 τῶν

2097 5424 2369 5492 ὀφθέντων
2396 5419 2580 5482 αὐταῖς
2614 5417 2707 5470 δύο
2734 5413 2940 5489 ἀνδρῶν
2971 5410 3112 5467 κατὰ
3143 5410 3233 5463 τὸν
3280 5409 3487 5464 Λουκᾶν
3559 5418 3649 5459 ουκ

2162 5725 2275 5798 (ει)
2316 5725 2448 5785 Cod.
2485 5729 2550 5794 A,
2579 5727 2622 5782 τ.
2653 5705 2864 5794 διεῖι».
