3868 6264
1105 313 1613 372 SUPPLEM’ENTA
1651 313 2131 385 QUIESTIONUM
2173 311 2264 368 AD
2303 310 2646 370 MARINUM.

3395 312 3500 370 990

237 429 565 486 ἀπίστευσαν
596 429 644 482 οι
669 426 880 490 ενδεκα,
905 429 963 482 ὲν
994 422 1074 493 οἷς
1103 424 1240 500 ἦσαν
1263 431 1354 484 καὶ
1380 432 1424 484 όο
1442 431 1642 502 Πέτρος
1674 433 1766 486 καὶ
1792 435 1820 485 6

1923 437 2182 500 tauquam
2206 443 2272 483 ex
2307 426 2496 482 auditu
2525 426 2759 482 duorum
2808 432 3158 482 ostensurum
3190 426 3328 497 ipsis
3359 426 3502 480 viro-

250 523 526 594 Ἰωάννης,
562 520 698 592 μηδὲ
755 519 911 574 αὐτοὶ
957 521 1401 584 πεπιστευκότες.
1436 523 1516 594 Τῇ
1543 522 1599 576 δὲ
1629 523 1817 595 Μαρίᾳ

236 611 498 669 κατά⁹τδν
538 609 790 683 Ἰωάννην
828 611 1056 684 εἰπούσῃ
1078 613 1184 678 ὅτι,
1214 630 1235 665 ι
1265 609 1448 685 Ἦραν
1490 614 1583 667 τὸν
1615 613 1816 686 Κύριόν

237 723 341 778 μου
378 707 444 760 ὲκ
480 703 574 758 τοῦ
621 705 920 776 μνήματος,
966 723 983 756 ι
1014 706 1076 761 οὐ
1125 705 1389 778 πρότερον
1427 707 1749 761 ἐπίστευσαν
1769 709 1816 760 οἱ

236 798 330 854 δύο
363 795 606 871 μαθηταὶ
625 795 784 851 τοῦτο
815 797 969 862 αὐτὸ,
995 798 1057 851 τὸ
1087 794 1254 870 ἦρθαι
1286 799 1379 853 τὸν
1413 801 1660 872 Σωτῆρα,
1690 801 1818 872 πρὶν

235 891 414 946 ἐλθεῖν
463 891 544 954 εἰς
582 888 674 943 τὴν
721 889 884 943 τόπον
930 889 1024 942 καὶ
1073 889 1220 962 ἔργῳ
1259 890 1419 946 τοῦτο
1463 892 1814 964 παραλαϐεῖν.

238 982 371 1035 Ὅτε
391 979 522 1052 γοῦν
538 979 786 1051 εἰσῆλθον
811 976 954 1033 οῦτοι
987 981 1069 1043 εἰς
1101 980 1162 1034 τὸ
1193 980 1405 1052 μνῆμα,
1437 983 1530 1036 καὶ
1548 982 1617 1036 τὰ
1634 982 1818 1036 ὀθόνια

234 1068 378 1129 εἶδον
405 1073 562 1144 μόνα,
607 1073 670 1126 τὸ
721 1073 778 1126 δὲ
827 1073 983 1143 σῶμα
1005 1073 1261 1145 οὐδαμοῦ,
1297 1075 1416 1128 τότε
1450 1075 1776 1129 ἐπίστευσαν
1799 1093 1812 1106 ·

233 1165 341 1221 τίνι
372 1164 428 1218 δὲ
472 1164 817 1231 ἐπίστευσαν,
861 1164 975 1218 ἀλλ’
1007 1163 1040 1236 ἢ
1067 1165 1144 1235 τῷ
1170 1166 1268 1237 τῆς
1300 1166 1520 1238 Μαρίας
1549 1167 1689 1238 λόγῳ
1715 1169 1817 1238 φή-

239 1275 418 1324 σαντι,
457 1253 668 1331 «Ἦραν
701 1259 793 1312 τὸν
817 1257 1020 1330 Κύριόν
1053 1276 1154 1330 μου
1181 1276 1195 1325 ;
1221 1260 1359 1313 »Ἅιὸ
1388 1260 1627 1330 ἐπιλέγει
1659 1260 1813 1332 έξῆς’

242 1371 263 1404 σ
287 1351 458 1406 Οὔπω
503 1352 611 1424 γὰρ
653 1352 876 1424 ᾔδεισαν
917 1353 1013 1426 τὴν
1053 1352 1294 1425 Γραφὴν,
1320 1353 1402 1407 ὅτι
1429 1353 1509 1408 δεῖ
1558 1353 1718 1408 αὑτὸν
1754 1356 1818 1409 ὲκ

235 1441 450 1514 νεκρῶν
469 1443 788 1514 ἀναστῆναι.
827 1459 847 1495 ι

995 1728 1068 1780 Δ’.

1921 538 2065 587 rum,
2099 530 2158 577 ut
2205 521 2280 574 ait
2311 519 2521 583 Lucas,
2559 536 2667 575 non
2715 517 3020 576 credidisse
3065 519 3369 589 discipulos
3399 535 3506 573 un-

1919 615 2117 679 decim,
2136 630 2273 685 quos
2297 615 2440 669 inter
2461 622 2620 668 erant
2642 613 2805 668 etiam
2824 611 3020 669 Petrus
3037 628 3100 669 ac
3120 610 3383 677 Joannes,
3408 613 3503 684 qui

1919 710 2122 780 pariter
2181 705 2640 762 discrediderunt.
2722 703 3110 762 Verumtamen
3168 705 3388 774 Mariae,
3446 713 3507 761 ut

1916 800 2158 856 Joannes
2187 807 2398 863 narrat,
2426 797 2670 853 dicenti:
2715 817 2732 848 ι
2766 797 3053 854 Dominum
3093 814 3271 853 meum
3316 799 3384 854 de
3419 813 3507 853 se-

1919 892 2109 963 pulcro
2139 890 2511 957 abstulerunt;
2577 909 2594 940 ι
2636 889 2780 944 haud
2827 898 2954 946 ante
2999 889 3354 947 crediderunt
3396 890 3506 945 duo

1917 981 2173 1053 discipuli
2197 981 2446 1053 rapinam
2477 980 2788 1037 Servatoris
2812 980 2981 1037 fuisse
3003 990 3299 1052 peractam,
3319 995 3504 1052 quam,

1919 1076 1986 1130 ad
2011 1075 2189 1130 locum
2225 1073 2475 1144 profecti,
2503 1089 2618 1127 rem
2650 1073 2825 1128 oculis
2847 1074 2962 1129 suis
2994 1079 3348 1142 usurparunt.
3369 1070 3507 1128 Cum

1920 1167 1974 1222 hi
2008 1182 2140 1238 ergo
2167 1177 2583 1223 monumentum
2614 1166 2846 1237 ingressi
2888 1165 3208 1220 linteamina
3259 1165 3376 1222 sola
3425 1165 3508 1220 vi-

1919 1255 2139 1321 derunt,
2173 1264 2307 1312 tunc
2351 1257 2727 1313 crediderunt.
2761 1255 2994 1312 Cuinam
3027 1256 3104 1310 rei
3136 1271 3298 1328 porro
3329 1254 3508 1311 credi-

1921 1349 2152 1410 derunt,
2193 1347 2302 1402 nisi
2342 1346 2523 1401 Mariae
2569 1347 2789 1402 verbis:
2837 1364 2854 1397 ι
2890 1345 3160 1402 Tulerunt
3212 1346 3505 1402 Dominum

1921 1437 2136 1492 meum?
2171 1457 2190 1490 ι
2211 1435 2502 1508 Propterea
2558 1453 2682 1492 mox
2712 1437 2858 1493 addit
2880 1437 3158 1493 Joannes:
3195 1457 3216 1490 ι
3255 1436 3506 1493 Nondum

1920 1526 2067 1580 enim
2098 1527 2350 1582 sciebant
2385 1524 2722 1596 Scripturam
2744 1566 2760 1592 ,
2813 1527 2960 1597 quod
3007 1537 3285 1598 oporteret
3314 1543 3439 1584 eum
3477 1543 3508 1582 a

1922 1614 2157 1669 mortuis
2189 1631 2494 1686 resurgere.
2535 1635 2554 1668 ι

2669 1727 2760 1784 ιγ.

305 1838 420 1910 (65)
450 1838 524 1892 T6
555 1839 613 1893 δὲ
646 1837 765 1902 πῶς
804 1838 897 1894 δύο
941 1838 1090 1910 παρά
1127 1837 1218 1891 τὸν
1257 1836 1510 1910 Ἰωάννην
1561 1838 1820 1912 μαθητῶν

1997 1845 2281 1912 Quomodo
2326 1852 2506 1901 autem
2554 1845 2664 1900 duo
2712 1844 2972 1900 dicantur
3013 1859 3043 1897 a
3087 1843 3297 1900 Joanne
3339 1843 3509 1899 disci-

227 1933 498 1988 ὲλθόντων
522 1934 602 1996 είς
629 1931 690 1986 16
740 1935 1002 2003 μνημεῖον
1020 1971 1033 1993 ,
1080 1931 1290 2003 Πέτρου
1342 1932 1436 1985 καὶ
1491 1933 1758 1996 Ἰωάννου,
1789 1935 1820 1986 6

229 2025 448 2088 Λουκᾶς
473 2024 573 2078 ἕνα
603 2025 762 2094 μόνον
795 2024 960 2096 φησιν
986 2023 1382 2094 ἀπηντηκέναι,
1424 2023 1597 2089 οὕτως
1629 2025 1696 2079 ἂν
1727 2025 1819 2078 λυ-

228 2116 377 2187 θείη.

301 2207 478 2273 Πολὺς
527 2204 597 2281 ἦν
628 2207 657 2260 6
713 2210 914 2282 Πέτρος
959 2212 1046 2265 ἀεὶ
1078 2215 1143 2284 τῇ
1173 2211 1496 2285 Ἶιροθυμίᾳ,
1538 2211 1614 2276 ὡς
1658 2211 1818 2281 μόνον

227 2301 387 2372 παρά
409 2303 538 2367 τοὺς
569 2303 898 2368 ἀποστόλους
921 2305 1095 2358 εἰπεῖν
1119 2305 1197 2376 τῷ
1223 2305 1432 2377 Σωτῆρι
1463 2322 1476 2336 ο
1517 2323 1536 2357 ι
1578 2304 1695 2358 Κᾶν
1722 2304 1815 2376 δέῃ

227 2407 302 2463 με
334 2393 434 2446 σὺν
466 2393 548 2446 σοὶ
573 2393 881 2458 ἀποθανεῖν,
907 2395 967 2446 οὐ
1007 2395 1080 2465 μή
1119 2411 1177 2447 σε
1205 2395 1622 2466 ἀπαρνήσομαι·
1659 2413 1678 2446 ›
1723 2395 1818 2448 καὶ

228 2485 396 2555 μόνον
419 2485 584 2538 πάλιν
607 2486 862 2558 ὲπιόἧναι
891 2490 1003 2550 τοῖς
1031 2486 1272 2559 κύμασιν
1300 2487 1565 2552 ἀξιῶσαι·
1595 2489 1689 2542 καὶ
1723 2488 1818 2559 μό-

224 2591 324 2631 νον
367 2577 770 2649 ἀποκρίνασθαι
801 2578 896 2633 καὶ
925 2580 1101 2632 εἰπεῖν
1139 2579 1290 2649 αὐτῷ
1320 2599 1334 2612 ·
1379 2601 1396 2632 ι
1433 2581 1505 2634 Σὺ
1537 2577 1586 2634 εἷ
1616 2581 1644 2632 6
1680 2583 1815 2652 Χρισ-

226 2669 356 2733 στδς
373 2671 403 2722 6
427 2669 556 2732 Υἱὸς
579 2669 674 2723 τοῦ
699 2670 834 2724 Θεοῦ
856 2669 950 2724 τοῦ
981 2670 1181 2736 ζῶντος
1203 2689 1216 2702 ·
1255 2693 1272 2724 ι
1302 2672 1380 2726 διὸ
1411 2674 1504 2726 καὶ
1529 2673 1685 2744 μόνος
1707 2672 1817 2726 τῶν

225 2763 494 2834 μαθητῶν
516 2763 706 2817 ἀκούει
724 2780 736 2792 ο
773 2782 792 2814 ι
811 2765 1098 2836 Μακάριος
1128 2760 1198 2832 εἶ,
1227 2766 1408 2836 Σίμων
1437 2765 1548 2838 Βάρ
1587 2767 1758 2820 Ἰωνᾶ.
1791 2786 1810 2818 ι

223 2853 322 2906 Διὸ
347 2854 444 2906 καὶ
474 2853 688 2924 πρῶτος
716 2853 891 2925 τολμᾷ
929 2853 1157 2907 εἰσιέναι
1196 2856 1277 2919 εἰς
1312 2855 1376 2908 τὸ
1410 2858 1691 2927 μνημεῖον,
1719 2856 1816 2909 σὺν

217 2944 308 3016 τῷ
335 2945 511 3016 ἑτέρῳ
547 2944 761 3017 μαθητῇ
809 2946 868 2999 ὃν
899 2945 1073 3015 ἐφίλει
1126 2947 1155 3000 6
1200 2945 1408 3018 Ἰησοῦς
1450 2945 1643 3012 ἐλθὼν,
1676 2946 1818 3002 κατὰ

219 3037 321 3090 τὸν
363 3037 619 3108 Ἰωάννην
639 3055 652 3068 ·
684 3035 819 3091 ἀλλά
847 3038 968 3092 τότε
1003 3037 1100 3109 μὲν
1125 3039 1277 3111 παρά
1311 3039 1412 3110 τῆς
1453 3040 1817 3113 Μαγδαληνῇ

218 3122 396 3198 ἦρθάι
424 3126 484 3180 τὸ
517 3126 676 3198 σῶμα
700 3126 792 3180 τοῦ
820 3129 1027 3200 Κυρίου
1061 3129 1168 3182 ἀπὸ
1193 3128 1288 3182 τοῦ
1340 3129 1603 3202 μνημείου
1635 3148 1814 3202 μεμα-

1927 1937 2038 2009 puli
2073 1938 2141 1992 ad
2174 1946 2589 1992 monumentum
2625 1937 2864 2000 venisse,
2903 1935 3099 1992 Petrus
3134 1943 3296 2007 atque
3338 1934 3507 1992 Joan-

1924 2045 2057 2092 nes,
2089 2029 2268 2084 Lucas
2300 2044 2432 2083 vero
2474 2045 2642 2084 unum
2679 2029 2809 2084 illuc
2853 2042 3209 2098 progressum
3239 2027 3506 2096 aﬂirmet,

1923 2122 2155 2194 quaestio
2188 2123 2264 2176 ita
2292 2121 2638 2176 dissolvitur.

1997 2213 2194 2285 Magno
2226 2228 2443 2282 semper
2482 2221 2602 2268 erat
2653 2211 2866 2267 fervore
2901 2210 3129 2279 Petrus;
3169 2211 3372 2283 quippe
3410 2212 3505 2282 qui

1926 2305 2078 2362 solus
2107 2307 2480 2376 apostolorum
2511 2303 2710 2359 dixerit
2737 2301 3018 2358 Servatori
3053 2321 3065 2358 :
3103 2321 3122 2353 ‹
3161 2302 3391 2359 Etiamsi
3422 2319 3510 2357 me

1923 2401 2228 2472 oportuerit
2261 2398 2396 2454 mori
2427 2405 2628 2458 tecum,
2667 2411 2777 2449 non
2822 2403 2874 2450 te
2917 2394 3127 2465 negabo
3158 2395 3237 2462 ⁸⁸;
3280 2414 3298 2446 ›
3357 2395 3508 2452 solus

1923 2494 2051 2549 item
2073 2491 2308 2548 voluerit
2329 2504 2492 2560 supra
2521 2489 2720 2543 ﬂuctus
2743 2487 3023 2542 ambulare
3051 2505 3065 2553 ;
3096 2486 3248 2542 solus
3275 2501 3508 2558 respon-

1921 2584 2083 2646 derit,
2115 2582 2420 2650 dixeritque
2451 2577 2577 2634 Jesu
2612 2597 2625 2633 :
2663 2596 2682 2629 ι
2721 2577 2802 2631 Tu
2831 2593 2891 2633 es
2917 2577 3172 2634 Christus
3204 2577 3373 2632 Filius
3410 2575 3505 2632 Dei

1919 2677 2032 2731 vivi
2057 2677 2102 2710 ⁸9
2140 2691 2154 2729 :
2198 2694 2216 2726 ι
2254 2673 2487 2742 ideoque
2537 2678 2592 2726 et
2639 2670 2791 2726 solus
2839 2669 3234 2738 discipulorum
3269 2668 3445 2723 audiit
3487 2687 3502 2724 :

1929 2789 1948 2823 ι
1979 2769 2179 2824 Beatus
2231 2783 2314 2833 es,
2375 2764 2564 2820 Simon
2605 2762 2712 2816 Bar
2747 2761 2885 2818 Jona
2906 2763 2974 2816 ὀ.
3050 2780 3068 2812 ι
3128 2759 3498 2828 Quamobrem

1923 2860 2132 2932 primus
2163 2873 2383 2929 quoque
2427 2855 2592 2911 audet
2653 2855 2706 2909 in
2767 2861 3185 2908 monumentum
3248 2853 3502 2919 introire,

1923 2967 2048 3006 cum
2077 2953 2250 3007 altero
2272 2948 2543 3018 discipulo
2580 2947 2708 3001 illuc
2741 2945 3021 3018 profectus
3052 2961 3215 3016 quem
3247 2946 3510 3017 diligebat

1921 3043 2112 3107 Jesus,
2133 3050 2194 3097 ut
2220 3041 2294 3096 ait
2325 3039 2587 3095 Joannes.
2630 3038 2735 3094 Sed
2771 3045 2904 3092 tunc
2940 3037 3162 3108 quidem
3212 3045 3504 3108 postquam

1924 3133 2172 3188 audierat
2204 3147 2268 3186 ex
2325 3129 2644 3201 Magdalene
2702 3128 2978 3184 sublatum
3018 3127 3087 3182 de
3151 3137 3508 3183 monumento

220 3217 435 3290 θηκὼς,
471 3219 686 3291 ἀπήντα
720 3221 836 3291 ἅμα
859 3219 938 3292 τῷ
972 3221 1145 3294 ἑτέρῳ
1181 3221 1396 3294 μαθητῇ
1419 3239 1433 3254 ο
1466 3218 1584 3276 εἶτα
1613 3221 1817 3293 ἀνεχώ-

1926 3241 2128 3295 corpus
2160 3222 2394 3287 Domini,
2430 3224 2604 3276 iverat
2644 3235 2769 3275 cum
2812 3220 2986 3276 altero
3036 3219 3328 3291 discipulo.
3381 3218 3504 3274 Mox

223 3326 315 3380 ρει
345 3310 443 3363 σὺν
471 3309 640 3380 αὐτῷ,
677 3309 744 3363 τά
768 3309 948 3364 ὀθόνια
977 3311 1107 3364 εἴσω
1137 3311 1232 3365 τοῦ
1259 3314 1541 3383 μνήματος
1562 3312 1818 3382 τεθεαμέ-

217 3419 319 3465 νος
348 3402 445 3454 καὶ
468 3402 782 3466 πιστεύσας.
812 3403 971 3457 Κατά
994 3403 1050 3456 δὲ
1086 3405 1321 3464 Λουκᾶν,
1349 3402 1456 3455 τῶν
1487 3403 1660 3456 ἄλλων
1690 3405 1818 3456 ἀπι-

219 3493 500 3548 στούντων
537 3494 814 3566 μαθητῶν,
853 3495 1012 3566 μόνος
1042 3495 1204 3558 αὐτὸς
1235 3493 1394 3547 πάλιν
1429 3493 1673 3547 πιστεύει
1697 3496 1818 3556 ταῖς

217 3583 516 3654 λεγούσαις
541 3589 663 3650 ταῖς
689 3586 934 3655 γυναιξὶν
962 3586 1266 3658 ἑωρακέναι
1290 3586 1417 3648 τοὺς
1432 3583 1695 3653 ἁφθέντας
1717 3585 1816 3650 ἀγ-

215 3677 455 3749 γέλους·
500 3678 563 3730 οὐ
621 3678 730 3749 γὰρ
764 3679 1072 3750 ἀπιστήσας
1125 3679 1183 3732 δὲ
1233 3681 1353 3741 ταῖς
1381 3677 1489 3731 τῶν
1542 3675 1816 3746 γυναικῶν

219 3770 584 3842 μαρτυρίαις,
643 3771 1066 3842 παλινδρομαῖος
1102 3771 1193 3823 ἐπὶ
1246 3770 1308 3823 τὸ
1366 3772 1629 3841 μνημεῖον
1657 3769 1817 3840 μόνος

216 3863 627 3934 παραγίνεται·
659 3863 752 3916 καὶ
783 3858 940 3927 αὖθις
965 3863 1295 3936 παρακύψας
1324 3862 1508 3933 βλέπει
1536 3861 1602 3915 τὰ
1636 3859 1819 3914 ὀθόνια

221 3955 371 4027 μόνα
405 3954 483 4018 ὼς
514 3956 609 4008 καὶ
637 3955 699 4008 τὸ
733 3956 1028 4028 πρότερον
1063 3951 1183 4009 εἶτα
1215 3955 1416 4028 ἀπῄει,
1451 3955 1588 4026 πρὸς
1627 3953 1817 4008 ἑαυτὸν

217 4045 528 4118 Θαυμάζων
556 4046 618 4099 16
645 4046 866 4115 γεγονός
887 4063 899 4074 ·
933 4048 1028 4101 καὶ
1062 4046 1158 4101 νῦν
1187 4049 1286 4118 μὲν
1310 4047 1478 4118 ἀπῄει
1523 4046 1818 4118 θαυμάζων

215 4137 286 4192 τὸ
316 4139 559 4206 γεγονὸς,
589 4139 709 4192 ἐπεὶ
725 4139 782 4192 δὲ
805 4138 971 4203 πολὺς
989 4135 1058 4211 ἦν
1079 4143 1145 4211 τῇ
1170 4139 1450 4212 προθυμίᾳ
1474 4139 1568 4193 καὶ
1599 4138 1816 4191 πλείονα

218 4230 470 4301 σπουδὴν
501 4230 655 4302 παρά
683 4232 891 4294 πάντας
916 4231 1282 4293 ἐπεδείκνυτο,
1310 4231 1558 4285 σπεύδων
1591 4232 1684 4284 καὶ
1717 4247 1817 4283 ’πε⁹

217 4322 515 4394 ριτρέχων,
541 4323 636 4377 καὶ
656 4323 830 4396 πάντη
858 4336 946 4377 τον
971 4324 1200 4396 Σωτῆρα
1224 4322 1533 4396 περιαθρῶν
1557 4323 1817 4390 ἀνεῳγόσι

215 4415 343 4476 τοῖς
375 4412 476 4483 τῆς
504 4413 684 4484 ψυχῆς
714 4413 947 4484 ὄμμασι,
981 4414 1256 4486 πανταχοῦ
1287 4415 1346 4468 δὲ
1379 4413 1556 4485 ζητῶν
1602 4415 1695 4468 καὶ
1720 4431 1816 4467 πε-

221 4503 642 4578 ριϐλεπόμενος,
673 4506 773 4559 οὐκ
796 4505 1037 4577 ἠτύχησε
1061 4506 1159 4577 τῆς
1188 4505 1420 4570 ἐλπίδος,
1447 4505 1582 4560 ἀλλά
1611 4507 1704 4560 καὶ
1726 4507 1816 4560 αύ-
1847 4545 1890 4602 D

216 4600 320 4661 τὸς
343 4595 588 4662 ἀξιοῦται
621 4598 722 4668 τῆς
755 4598 920 4652 αὐτοῦ
951 4599 1270 4669 θεοφανείας
1290 4613 1304 4627 ·
1333 4599 1524 4652 τούτου
1557 4599 1765 4671 μάρτυς
1786 4602 1815 4653 6

213 4690 390 4752 αὐτὸς
419 4688 812 4760 εύαγγελιστὴς
845 4691 1060 4752 Λουκᾶς
1089 4683 1192 4743 ὧδέ
1227 4708 1300 4761 πη
1339 4689 1541 4761 προῖὼν
1568 4690 1694 4761 ἑξῆς
1721 4692 1815 4745 καὶ

215 4783 406 4851 λέγων
431 4783 514 4836 ὅτι
541 4783 712 4847 ὅντως
740 4782 948 4855 ἠγέρθη
973 4784 1002 4836 6
1034 4782 1236 4855 Κύριος
1265 4783 1360 4836 καὶ
1380 4782 1535 4854 ὤφθη
1584 4783 1810 4853 Σίμωνι.

215 4875 618 4946 Συμμαρτυρεί
639 4875 697 4928 δὲ
723 4874 871 4946 αὐτῷ
898 4875 994 4930 καὶ
1015 4877 1044 4928 ό
1075 4875 1217 4946 ἱερὸς
1233 4875 1550 4936 Ἀπόστολος
1574 4868 1676 4927 ὦδε
1703 4876 1812 4927 Κο-

215 4965 454 5040 ρινθίοις
472 4969 720 5038 γράφων,
743 4969 825 5021 ὅτι
855 4987 873 5018 ‹
889 4966 1064 5038 Ὠφθη
1090 4969 1268 5038 Κεφᾷ,
1295 4963 1411 5020 εἶτα
1430 4969 1540 5030 τοῖς
1565 4966 1807 5020 ἕνδεκα.»

217 5061 422 5129 Κεφᾶς
451 5058 509 5113 δὲ
535 5060 695 5124 αὐτὸς
724 5056 792 5131 ἦν
825 5060 1006 5131 Σίμων
1037 5062 1065 5112 6
1099 5059 1193 5113 καὶ
1227 5059 1452 5131 Πέτρος,
1483 5052 1529 5127 ᾧ
1568 5059 1659 5113 καὶ
1707 5061 1813 5130 πρὸ

215 5150 339 5204 τῶν
374 5150 570 5205 ἕνδεκα
613 5151 774 5222 μόνος
821 5152 968 5223 μόνῳ
1017 5149 1170 5222 ὤφθη
1203 5152 1232 5204 6
1278 5151 1490 5221 Σωτὴρ,
1523 5149 1623 5220 τῆς
1662 5152 1812 5222 παρά

216 5242 439 5305 πάντας
463 5242 908 5314 ὑπερϐαλλούσης
937 5241 1104 5297 αὐτοῦ
1131 5243 1291 5314 χάριν
1331 5243 1583 5315 σπουδῆς.

995 5356 1070 5410 Ε’.

302 5441 438 5514 (65')
460 5443 580 5497 Ἔτι
603 5445 886 5516 ζητήσειεν
906 5446 972 5500 ἄν
1000 5462 1084 5509 τις
1110 5445 1224 5508 πῶς
1255 5446 1406 5517 παρὰ
1432 5449 1530 5520 μὲν
1559 5448 1636 5519 τῷ
1663 5450 1788 5503 Ματ

300 5600 348 5632 ⁸⁸
391 5599 580 5656 Matth.
616 5617 780 5670 xxvi,
817 5603 906 5657 35.
984 5603 1029 5635 "
1071 5601 1258 5661 Matth.
1297 5621 1421 5674 xw,
1465 5604 1550 5661 l6.
1627 5607 1672 5640 ’°
1715 5606 1844 5662 ibid.
1886 5606 1971 5660 l7.

291 5754 416 5829 K65)
453 5754 587 5816 Cod.
617 5755 687 5839 A,
716 5753 754 5813 ι.
782 5756 904 5826 312,
937 5758 992 5845 δ.

1920 3331 2046 3370 cum
2077 3315 2268 3370 eodem
2304 3313 2570 3378 recessit,
2602 3312 2736 3366 visis
2776 3311 2922 3366 intra
2957 3319 3370 3368 monumentum
3402 3311 3508 3367 lin-

1918 3406 2272 3467 teaminibus,
2321 3405 2511 3473 reique
2558 3417 2701 3456 vera:
2737 3403 2944 3457 certior
2994 3401 3194 3458 lactus.
3235 3400 3306 3456 At
3341 3416 3494 3465 vero,

1919 3497 2219 3554 secundum
2244 3495 2472 3556 Lucam,
2509 3491 2634 3548 aliis
2663 3493 2950 3564 discipulis
2983 3508 3094 3548 non
3125 3493 3500 3560 credentibus,

1919 3587 2068 3642 solus
2113 3585 2229 3655 ipse
2271 3583 2445 3639 credit
2479 3583 2770 3638 mulierum
2803 3581 3148 3636 allirmationi
3203 3581 3502 3636 dicentium

1919 3694 1980 3734 se
2017 3679 2238 3749 angelos
2285 3675 2510 3732 vidisse.
2565 3673 2775 3728 Etenim
2839 3672 3130 3727 mulierum
3187 3672 3504 3728 testimonio

1918 3786 2030 3826 non
2059 3767 2398 3833 discrcdens,
2431 3782 2629 3823 rursus
2661 3765 2726 3819 ad
2761 3770 3177 3819 monumentum
3223 3764 3376 3819 solus
3405 3781 3500 3820 vc-

1918 3863 2001 3918 nit
2026 3875 2362 3931 :rursusque
2392 3856 2807 3928 introspiciens,
2831 3855 2948 3911 sola
2979 3855 3296 3911 linteamina
3320 3864 3380 3910 ut
3404 3871 3504 3911 an-

1919 3966 2002 4010 tea
2033 3953 2188 4009 vidit.
2223 3951 2428 4007 Deinde
2457 3951 2611 4014 abiit,
2647 3962 2835 4004 secum
2884 3947 3003 4018 ipse
3034 3961 3150 4003 rem
3196 3945 3498 4004 demirans.

1921 4044 2144 4100 Scilicet
2173 4059 2288 4099 rem
2313 4050 2522 4113 gestam
2555 4042 2756 4097 tacitus
2790 4039 3188 4105 admirabatur,
3226 4040 3356 4112 quia
3391 4042 3513 4098 fer--

1918 4136 2044 4191 vida
2076 4143 2257 4190 mente
2280 4141 2417 4200 erat,
2458 4133 2871 4204 plurimumque
2901 4132 3145 4188 studium
3179 4147 3291 4204 prae
3322 4133 3503 4189 omni-
3585 4123 3594 4138 ’

1919 4230 2025 4286 bus
2059 4227 2494 4291 demonstrabat,
2538 4233 2795 4300 satagens
2847 4237 3010 4300 atque
3051 4231 3408 4296 discurrens;
3448 4237 3505 4284 et

1920 4322 2122 4392 ubique
2161 4319 2506 4376 Servatorem
2551 4321 2755 4390 apertis
2803 4321 3020 4377 intuens
3072 4321 3268 4376 anima
3293 4321 3494 4386 oculis,

1919 4427 2331 4485 quaqueversus
2405 4410 2672 4482 indagans
2738 4420 2794 4469 et
2865 4415 3351 4485 circumspiciens,
3406 4431 3504 4487 spe

1920 4525 2019 4565 sua
2063 4522 2170 4562 non
2199 4506 2422 4569 excidit,
2460 4506 2556 4561 sed
2587 4515 2642 4562 et
2674 4507 2792 4578 ipse
2837 4507 3021 4563 divina
3055 4507 3504 4566 manifestatione

1918 4600 2120 4668 dignus
2153 4598 2271 4652 fuit.
2304 4597 2402 4653 Rei
2434 4599 2592 4654 testis
2623 4596 2765 4653 idem
2795 4599 3130 4671 evangelista
3163 4599 3365 4664 Lucas,
3407 4601 3504 4672 qui

1917 4692 1972 4747 in
2006 4691 2468 4762 subsequentibus
2505 4691 2662 4756 dicit,
2709 4706 2900 4746 revera
2949 4693 3264 4750 surrexisse
3311 4693 3502 4749 Domi-

1916 4800 2072 4848 num,
2107 4791 2162 4838 et
2200 4783 2524 4854 apparuisse
2569 4781 2802 4838 Simoni.
2849 4783 3132 4840 Consonat
3185 4785 3316 4841 huic
3355 4788 3501 4842 sacri

1920 4877 2171 4947 Apostoli
2223 4875 2600 4932 testimonium
2630 4876 2698 4930 ad
2755 4876 3072 4934 Corinthios
3141 4880 3434 4936 scribentis
3484 4901 3499 4938 :

1926 4988 1946 5025 ι
1993 4971 2152 5027 Visus
2181 4978 2265 5026 est
2292 4970 2510 5040 Cepbaa,
2547 4980 2602 5026 et
2633 4971 2832 5028 deinde
2859 4973 3113 5028 undecim
3140 4974 3208 5031 ⁸⁸.
3242 4993 3261 5026 ι
3288 4974 3501 5044 Cepbas

1920 5075 2104 5120 autem
2134 5065 2254 5134 ipse
2285 5061 2476 5118 Simon
2509 5073 2594 5122 est
2634 5082 2697 5120 ac
2747 5064 2976 5134 Petrus;
3031 5066 3121 5122 cui
3180 5067 3342 5122 etiam
3375 5077 3500 5123 ante

1918 5156 2058 5212 alios
2089 5153 2342 5210 undecim
2375 5155 2525 5212 solus
2552 5157 2654 5213 soli
2682 5157 2937 5228 apparuit
2965 5157 3244 5223 Scrvator,
3275 5165 3499 5229 propter

1916 5259 2189 5298 summam
2222 5247 2340 5315 ejus
2370 5247 2669 5317 prmommb
2695 5268 2736 5303 .s
2758 5249 3116 5306 seculitatcm.

2679 5358 2742 5413 ν.

1995 5451 2219 5518 Insuper
2259 5450 2456 5520 aliquis
2481 5451 2850 5506 suist-imbitur
2874 5449 3147 5522 quomodo
3175 5449 3320 5522 apud
3354 5449 3492 5506 Μεθ’

2049 5607 2090 5636 ⁹¹
2135 5604 2300 5660 lCor.
2345 5621 2435 5673 xv,
2473 5607 2524 5659 5.

1983 5759 2119 5835 (εει)
2156 5761 2268 5818 Cod
2310 5763 2374 5830 Α,
2409 5760 2446 5817 r.
2479 5760 2602 5817 an.
