3868 6264
447 317 547 374 991

1112 313 1386 370 EUSEBII
1425 312 1917 371 ϐιΕΞΑΙὶΙΕΝΒΙΒ
1946 314 2017 371 Ol

2132 315 2311 373 PARS
2351 314 2441 372 Ill.
2480 344 2549 356 --
2585 311 2996 370 EXEGETICA.
3527 315 3608 372 992

444 439 645 495 thamm
685 433 854 489 Maria
887 430 1206 503 Magdalene
1236 422 1640 502 cum'ejusdem
1667 432 1905 487 nominis
1932 432 2014 486 al-

2120 433 2249 504 θαίῳ
2272 435 2305 504 ή
2335 430 2664 502 Μαγδαληνὴ
2688 429 2874 500 Μαρία
2905 425 3040 499 μετὰ
3067 426 3164 498 τῆς
3189 414 3448 498 ὁμωνύμου
3474 432 3610 504 ἑωρα.

444 537 562 586 tera
589 527 790 583 vidisse
823 533 979 580 extra
1030 528 1442 577 monumentum
1490 521 1817 578 insidentem
1849 522 2015 592 lapidi

445 635 616 679 unum
667 614 1048 671 tantummodo
1098 614 1353 684 angelum
1405 611 1667 667 dicatur:
1716 612 2015 668 secundum

442 709 708 768 Joannem
740 714 919 762 autem
972 705 1119 759 intra
1151 711 1561 759 monumentum
1604 703 1828 774 angelos
1872 702 2013 761 duos

445 802 697 859 sedentes
728 796 1000 869 aspexerit
1033 815 1046 851 :
1073 803 1129 850 at
1170 811 1302 850 vero
1339 795 1642 850 secundum
1677 794 1879 849 Lucam
1909 795 2019 850 duo

444 893 547 947 viri
592 890 917 945 mulieribus
964 886 1309 944 occurrerint
1362 904 1376 940 :
1432 885 1667 956 denique
1712 886 2017 941 secundum

445 979 693 1035 “arcum
723 978 946 1049 juvenis
976 979 1045 1032 ab
1084 978 1219 1049 ipsis
1248 983 1576 1046 conspectus
1607 974 1809 1030 fuerit?

516 1072 800 1128 Dictorum
856 1071 999 1142 apud
1044 1069 1307 1125 Joannem
1348 1078 1511 1139 atque
1548 1067 1858 1122 Matthazum
1903 1066 2019 1124 hate

445 1174 566 1220 esto
596 1165 815 1220 solutio.
865 1162 1120 1217 Arbitror
1162 1162 1305 1217 enim
1364 1161 1711 1230 prmeessisse
1755 1175 1841 1223 ea,
1897 1175 2019 1230 qua:

446 1262 635 1309 narrat
662 1252 927 1319 Joannes,
956 1251 1024 1307 iis
1053 1265 1174 1321 quae
1207 1250 1527 1315 Matthaeus;
1558 1257 1615 1303 et
1644 1248 2016 1319 Magdalenam

443 1346 503 1402 in
535 1346 713 1416 primo
751 1344 988 1399 adventu
1017 1343 1237 1413 angelos
1267 1341 1406 1396 duos
1439 1341 1581 1395 intra
1610 1350 2017 1395 monumentum

446 1435 704 1491 sedentes
728 1434 953 1490 vidisse.
994 1433 1191 1488 Postea
1231 1431 1299 1486 ad
1320 1431 1570 1486 eumdem
1602 1432 1780 1486 locum
1826 1446 2019 1488 rursus

445 1542 789 1599 progressam
818 1542 941 1582 cum
966 1526 1072 1580 alia
1099 1524 1286 1588 Maria,
1314 1523 1638 1578 insidentem
1667 1522 1831 1592 lapidi
1856 1537 2018 1592 ange-

447 1618 559 1672 lum
586 1617 957 1688 spectavisse;
990 1616 1076 1671 vel
1107 1616 1271 1671 etiam
1305 1614 1536 1669 fortasse
1582 1613 1723 1668 alius
1767 1621 1849 1668 est
1878 1612 2019 1683 apud

448 1708 761 1764 Matthaaum
823 1708 1071 1777 angelus,
1121 1707 1268 1762 aliud
1320 1714 1534 1777 tempus
1586 1706 1850 1774 locusque
1911 1717 2020 1773 quo

2116 522 2267 576 κέναι
2296 521 2451 584 ἐκτὸς
2474 520 2568 575 τοῦ
2604 520 2882 591 μνήματος
2904 515 3293 587 ἐπικαθήμενον
3314 516 3385 587 τῷ
3408 518 3520 587 λίθῳ
3536 522 3610 578 ἕνα

2119 614 2279 685 μόνον
2298 614 2523 684 ἄγγελον
2555 613 2765 685 εἴρηται
2791 627 2804 642 ’
2829 609 2975 675 κατά
3010 609 3066 663 δὲ
3108 609 3199 662 τὸν
3255 609 3476 683 Ἰωάννην
3511 613 3611 669 clam

2115 708 2206 762 τοῦ
2235 709 2511 779 μνήματος
2534 706 2793 775 ἀγγέλους
2817 703 2909 757 δύο
2930 703 3123 773 θεωρεῖ
3139 701 3482 774 καθημένους·
3505 709 3612 761 κατὰ

2115 802 2173 855 δὲ
2198 800 2289 854 τὸν
2320 801 2533 854 Λουκᾶν
2583 798 2677 853 δύο
2723 797 2914 869 ἄνδρες
2960 797 3219 865 ἀπήντων
3262 798 3373 859 ταῖς
3415 798 3611 864 γυναιξί·

2116 892 2254 947 κατά
2282 892 2339 946 δὲ
2361 891 2455 947 τὸν
2477 891 2700 964 Μάρκον
2724 888 3003 952 νεανίσκος
3026 883 3094 960 ἦν
3121 888 3300 953 αὐτοῖς
3320 886 3572 960 ὁρώμενος.

2186 1077 2269 1132 Τά
2302 1077 2400 1149 μὲν
2427 1075 2577 1147 παρὰ
2600 1074 2679 1147 τῷ
2719 1075 2939 1148 Ἰωάννῃ
2969 1075 3063 1128 καί
3086 1071 3340 1143 Ματθαίῳ
3373 1072 3550 1139 λύσεως
3569 1076 3618 1130 ἂν

2115 1169 2267 1241 τύχοι
2291 1168 2544 1240 τοιαύτης
2566 1182 2582 1197 ·
2615 1167 2850 1238 ἡγοῦμαι
2893 1167 2998 1238 γὰρ
3045 1165 3392 1238 προηγεῖσθαι
3444 1168 3524 1236 μὲν
3545 1168 3619 1238 τὴν

2122 1258 2270 1328 παρὰ
2292 1256 2369 1328 τῷ
2401 1258 2618 1328 Ἰωάννῃ
2656 1254 2914 1327 ἱστορίαν,
2947 1254 3045 1324 τῆς
3075 1253 3224 1324 παρά
3261 1253 3337 1324 τῷ
3385 1254 3618 1324 Ματθαίῳ,

2117 1347 2212 1400 καὶ
2240 1346 2338 1417 τὴν
2365 1345 2723 1418 Μαγδαληνὴν
2768 1345 2829 1398 τὸ
2870 1344 3085 1416 πρῶτον
3118 1343 3369 1397 ἑλθοῦσαν
3406 1346 3515 1408 τοὺς
3553 1345 3623 1399 δύο

2116 1438 2379 1507 ἀγγέλους
2428 1439 2558 1492 εῐσω
2605 1437 2698 1493 τοῦ
2754 1440 3031 1510 μνήματος
3078 1436 3455 1506 καθεζομένους
3500 1439 3622 1491 ίδείν’

2121 1532 2257 1602 μετά
2295 1531 2351 1584 δὲ
2389 1529 2562 1584 ταῦτα
2604 1528 2851 1601 δεύτερον
2893 1530 3188 1583 ἐπιστᾶσαν
3230 1527 3308 1598 τῷ
3344 1528 3476 1598 αὐτῷ
3508 1529 3625 1601 τόπῳ

2120 1622 2257 1692 μετὰ
2295 1622 2395 1693 τῆς
2434 1621 2598 1693 ἄλλης
2623 1621 2838 1692 Μαρίας
2864 1621 2954 1674 τὸν
2993 1618 3383 1689 ἐπικαθήμενον
3429 1618 3496 1690 τῷ
3525 1620 3628 1690 λίθῳ

2118 1712 2344 1780 ἄγγελον
2367 1711 2686 1783 ἑωρακέναι.
2711 1712 2781 1764 Ἦ
2809 1711 2951 1782 τάχα
2975 1709 3160 1781 ἕτερος
3187 1708 3287 1780 μὲν
3315 1710 3343 1762 6
3370 1708 3504 1779 παρὰ
3520 1709 3629 1762 Ma:-

446 1802 672 1872 angelus
703 1801 853 1856 visus
885 1800 990 1856 fuit
1024 1818 1037 1853 :
1067 1799 1158 1854 alii
1186 1799 1315 1855 item
1347 1797 1524 1869 angeli
1570 1796 1711 1867 apud
1737 1810 1861 1851 eum
1896 1810 2016 1848 mu-

2120 1804 2249 1877 θαίῳ
2268 1805 2515 1874 ἄγγελος,
2546 1805 2734 1876 ἑτερος
2758 1805 2815 1858 δὲ
2845 1804 2939 1857 καὶ
2959 1806 2988 1858 6
3018 1804 3207 1875 χρόνος
3233 1803 3325 1856 καὶ
3346 1804 3370 1856 ό
3395 1803 3539 1867 τόπος
3554 1805 3628 1873 τῆς

446 1893 674 1952 lieribus
706 1895 876 1950 oblati
910 1913 923 1949 :
963 1894 1277 1964 pariterque
1318 1892 1427 1947 duo
1464 1890 1605 1962 apud
1636 1889 1897 1969 Joannem
1925 1903 2018 1943 an-

447 1987 552 2059 geli
581 1990 724 2042 intra
764 1992 1181 2041 monumentum
1215 1982 1491 2047 sedentes,
1522 1981 1722 2038 diversi
1756 1980 2016 2036 credendi

447 2085 577 2135 sunt
606 2080 674 2132 ah
698 2079 790 2132 illo
826 2078 919 2148 qui
947 2085 1102 2133 extra
1139 2083 1555 2131 monumentum
1589 2072 1754 2144 lapidi
1809 2074 2017 2130 inside-

447 2170 562 2233 bat,
609 2177 670 2225 ut
699 2178 888 2224 narrat
921 2168 1228 2223 Matthaeus.
1260 2167 1395 2222 Nam
1426 2167 1496 2230 si,
1547 2182 1673 2222 cum
1729 2166 2017 2221 Matthaeus

446 2263 595 2320 dicat
625 2277 748 2318 sero
773 2261 1160 2325 Sabbatorum,
1192 2275 1472 2331 unumque
1506 2267 1632 2317 ante
1672 2261 1870 2317 ostium
1900 2274 2018 2314 mo-

446 2357 694 2412 numenti
721 2356 998 2412 sedentem
1024 2354 1078 2408 in
1106 2353 1304 2425 lapide,
1324 2351 1565 2409 Joannes
1587 2352 1775 2408 eodem
1806 2359 2018 2407 retento

446 2458 692 2518 tempore
735 2462 794 2502 ac
827 2447 970 2511 loco,
1003 2446 1253 2511 dixisset,
1314 2460 1439 2500 sero
1477 2444 1863 2509 Sabbatorum,
1893 2450 2021 2498 ante

446 2541 649 2597 ostium
689 2538 1028 2594 monumenti
1075 2537 1214 2593 duos
1248 2537 1413 2608 lapidi
1457 2536 1759 2592 insidentes
1785 2551 2017 2606 conspe-

447 2628 591 2697 ctos,
619 2648 747 2688 vere
787 2637 1063 2702 oporteret
1099 2629 1498 2686 dissonantiam
1540 2629 1778 2685 causari.
1808 2628 1938 2685 Item
1972 2629 2020 2687 si

446 2724 734 2780 Matthteus
762 2739 915 2794 aeque
942 2737 1007 2777 ac
1040 2720 1280 2778 Joannes
1315 2722 1638 2776 matutinam
1663 2720 1850 2776 horam
1874 2719 2019 2774 alIir-

447 2828 628 2880 mans,
660 2815 807 2870 intra
861 2820 1274 2868 monumentum
1317 2813 1433 2882 ipse
1472 2828 1689 2883 quoque
1729 2827 1838 2866 non
1883 2811 2020 2866 duos

447 2905 671 2975 angelos
704 2904 800 2960 sed
841 2920 1011 2959 unum
1056 2903 1233 2959 visum
1270 2903 1582 2966 aliirmaret,
1627 2902 1901 2958 contraria
1933 2903 2020 2956 vi-

447 2995 668 3051 deretur
710 2995 905 3050 merito
959 2994 1219 3050 scribere.
1279 2992 1763 3049 Verumenimvero
1825 2993 1873 3048 si
1914 2992 2023 3050 dis-

446 3086 726 3142 tinxerunt
761 3085 1107 3154 evangelista:
1132 3092 1400 3154 tempora,
1436 3092 1490 3140 et
1514 3084 1727 3150 modos,
1758 3091 1811 3139 et
1833 3098 2022 3155 perso-

2117 1897 2210 1951 τοῦ
2243 1897 2472 1966 ἀγγέλου
2500 1896 2627 1961 θέας
2652 1913 2666 1926 '
2716 1896 2891 1968 ἕτεροι
2930 1896 2988 1950 δὲ
3034 1897 3125 1951 καὶ
3156 1895 3373 1963 ἄγγελοι
3417 1894 3557 1947 αύτοῦ
3593 1898 3628 1948 οξ

2118 1990 2254 2060 πρὸς
2302 1989 2400 2051 τὰς
2454 1991 2744 2058 γυναῖκας’
2771 1987 3031 2051 ὡσαύτως
3080 1987 3137 2041 δὲ
3162 1986 3258 2041 καὶ
3303 1988 3351 2039 oi
3400 1986 3535 2057 παρὰ
3572 1986 3630 2056 τῷ

2130 2079 2349 2154 Ἰωάννῃ
2375 2079 2467 2134 δύο
2498 2080 2717 2149 ἄγγελοι
2742 2082 2790 2133 oi
2822 2080 2953 2134 εἵσω
2977 2078 3070 2133 τοῦ
3109 2080 3385 2150 μνήματος
3425 2079 3631 2147 ὀφθέντες

2116 2173 2292 2245 ἕτεροί
2322 2176 2429 2227 εισι
2449 2174 2596 2246 παρά
2615 2175 2705 2229 τὸν
2730 2172 2834 2241 ἔξω
2859 2173 2963 2246 πρὸ
3000 2174 3276 2245 μνήματος
3317 2172 3405 2225 ἐπὶ
3427 2172 3496 2243 τῷ
3533 2172 3633 2242 λίθῳ

2118 2266 2476 2338 καθεζόμενον
2497 2267 2647 2338 παρὰ.
2663 2266 2741 2337 τῷ
2766 2265 3048 2337 Ματθαίῳ.
3071 2266 3134 2318 Et
3158 2265 3259 2336 μὲν
3286 2265 3391 2337 γὰρ
3416 2264 3499 2318 τοῦ
3519 2265 3635 2318 Ματ-

2119 2358 2268 2413 θαίου
2300 2359 2395 2429 ὀψὲ
2422 2359 2712 2413 Σαϐϐάτων
2744 2357 3042 2429 εἰρηκότος,
3083 2356 3177 2410 καὶ
3198 2356 3297 2410 ἕνα
3330 2356 3431 2427 πρὸ
3457 2354 3543 2425 τῆς
3568 2354 3637 2407 θύ-

2122 2469 2220 2523 ρας
2249 2451 2343 2505 τοῦ
2372 2450 2631 2523 μνημείου
2660 2448 2961 2521 καθήμενον
3000 2449 3090 2503 ἑπί
3126 2448 3206 2521 τῷ
3243 2448 3374 2520 λίθῳ
3405 2449 3637 2520 ἱστορηκό-

2118 2561 2229 2609 τος,
2271 2543 2506 2614 φυλάξας
2545 2546 2573 2598 6
2617 2543 2864 2614 Ἰωάννης
2910 2542 3001 2595 τὸν
3028 2541 3188 2597 αὑτὸν
3240 2542 3427 2614 καιρὸν
3458 2541 3637 2595 καὶτὸν

2119 2638 2280 2691 αὑτὸν
2330 2637 2491 2691 τόπον
2523 2637 2732 2707 εἰρήκει
2777 2636 2874 2705 ὀψὲ
2906 2635 3194 2689 Σαϐϐάτων
3216 2676 3232 2701 ,
3267 2635 3371 2706 πρὸ
3395 2635 3484 2705 τῆς
3506 2632 3636 2705 θύρας

2118 2728 2212 2783 τού
2248 2730 2525 2800 μνήματος
2571 2728 2663 2781 ἐπὶ
2690 2726 2769 2798 τῷ
2815 2727 2946 2798 λίθῳ
2986 2726 3078 2780 δύο
3127 2726 3512 2797 καθεζομένους
3542 2726 3640 2797 ὁρᾶ-

2121 2820 2264 2885 σθαι,
2286 2817 2353 2892 ἦν
2372 2820 2585 2892 άληθῶς
2607 2820 2898 2889 διαφωνίαν
2922 2819 3213 2874 αἰτιᾶσθαι.
3239 2821 3350 2874 Καὶ
3367 2823 3394 2873 6
3413 2817 3638 2879 Ματθαίος

2119 2914 2376 2978 ὡσαύτως
2413 2916 2461 2968 εί
2490 2914 2686 2985 ὁμοίως
2729 2913 2949 2985 Ἰωάννῃ
2987 2911 3095 2983 τὴν
3129 2912 3377 2983 πρωῖνὴν
3409 2911 3541 2981 ὥραν
3564 2927 3641 2980 τη-

2124 3002 2311 3073 ρήσας,
2334 3003 2463 3056 εἴσω
2491 3001 2582 3055 τοῦ
2617 3002 2892 3074 μνήματος
2915 3001 3007 3055 καὶ
3033 3000 3192 3065 αὐτὸς
3221 3003 3283 3054 ού
3312 3001 3402 3054 δύο
3426 3000 3640 3068 ἀγγέλους

2121 3093 2234 3147 ἀλλ’
2267 3093 2364 3148 ἕνα
2396 3093 2563 3165 ἔφησε
2592 3093 2982 3166 τεθεωρῆσθαι,
3012 3095 3278 3149 τάναντία
3303 3094 3472 3160 ἔδοξεν
3502 3093 3556 3147 ἂν
3587 3092 3645 3144 εἰ·

448 3188 551 3229 nas
598 3173 985 3244 spectantium,
1063 3188 1279 3228 necnon
1352 3174 1665 3245 angelorum
1718 3189 2017 3238 sermones,

2123 3186 2297 3250 κότως
2350 3186 2702 3258 συγγράφειν.
2737 3187 2800 3239 Εἰ
2831 3186 2875 3239 δ’
2904 3184 3182 3257 ἀφώρισαν
3211 3188 3264 3239 οἱ
3314 3183 3644 3253 εύαγγελισταὶ

448 3281 611 3322 nemo
640 3264 1040 3319 rationabiliter
1072 3265 1471 3322 dissonantiam
1515 3266 1813 3336 Scriptura:
1855 3281 2018 3321 accu-

450 3356 612 3417 sabit,
641 3370 767 3410 cum
800 3356 1031 3427 singulae
1071 3357 1414 3413 narrationes
1459 3371 1561 3412 suo
1598 3370 1827 3425 quaeque
1856 3354 2018 3411 modo

449 3462 592 3502 verae
617 3448 748 3512 sint,
776 3454 831 3503 et
862 3448 1204 3504 diversarum
1239 3463 1421 3503 rerum
1473 3446 1676 3502 faciant
1722 3446 2020 3515 expositio-

449 3553 598 3593 nem.
632 3536 737 3594 Sed
762 3538 903 3609 apud
930 3541 1065 3596 istos
1087 3541 1450 3610 evangelistas
1476 3539 1705 3610 (Matth.
1738 3547 1792 3594 et
1822 3537 2017 3610 Joan.)

449 3630 648 3699 angeli,
693 3640 746 3684 et
793 3628 1100 3687 Servatoris
1143 3637 1266 3701 post
1316 3632 1771 3686 resurrectionem
1807 3631 2019 3700 appari-

451 3720 648 3781 tiones.
676 3721 817 3788 apud
845 3722 946 3777 hos
978 3723 1197 3792 inquam
1222 3723 1392 3783 solos.
1421 3705 1568 3777 velut
1588 3722 1725 3791 apud
1759 3722 2016 3791 potiores,

451 3819 506 3868 et
540 3812 716 3881 ipsius
748 3810 1058 3868 Servatoris
1106 3820 1444 3884 spectatores
1481 3819 1536 3868 et
1567 3812 1847 3868 auditores
1875 3812 2017 3868 rela-

455 3912 543 3967 tae.
585 3904 729 3960 hunc
759 3903 1007 3960 ordinem
1039 3914 1279 3963 teneant.
1322 3906 1440 3962 Duo
1484 3921 1611 3961 vero
1644 3907 1786 3977 apud
1816 3905 2018 3961 Lucam

452 3997 555 4053 viri
609 3996 664 4051 in
693 4005 842 4052 veste
898 3994 1138 4066 fulgente
1193 3996 1320 4061 visi,
1374 3997 1738 4053 solemnitatis
1776 3996 2018 4067 symbola

454 4092 564 4148 sint
600 4110 613 4144 :
648 4091 886 4160 itemque
908 4088 1126 4160 juvenis
1156 4091 1300 4159 apud
1328 4090 1573 4145 Marcum
1615 4090 1753 4146 stola
1787 4088 2019 4143 candida

453 4187 508 4233 et
546 4179 663 4249 ipse
694 4187 1015 4249 coepertus,
1063 4179 1118 4233 in
1173 4180 1362 4235 dextra
1404 4194 1515 4235 non
1564 4190 1742 4235 autem
1794 4180 2019 4236 sinistra

456 4276 609 4339 parte
651 4277 997 4340 conspectus,
1032 4271 1153 4325 laeta
1183 4278 1238 4326 et
1266 4271 1457 4327 dextra
1511 4271 1831 4327 mulieribus
1880 4287 2020 4326 nun-

2123 3275 2215 3329 καὶ
2245 3275 2370 3339 τοὺς
2402 3275 2623 3346 χρόνους
2648 3274 2743 3329 καὶ
2766 3277 2891 3339 τοὺς
2917 3277 3169 3347 τρόπους,
3198 3276 3295 3330 καὶ
3332 3277 3399 3331 τὰ
3427 3275 3646 3348 πρόσωπα

2121 3367 2229 3422 τῶν
2253 3367 2558 3438 θεωμένων,
2584 3367 2677 3422 καὶ
2703 3369 2829 3433 τοὺς
2862 3367 2968 3421 τῶν
2984 3366 3230 3436 ἀγγέλων
3259 3367 3463 3435 λόγους,
3487 3367 3575 3420 ούκ
3597 3364 3646 3418 ἄν

2121 3477 2206 3524 τις
2233 3460 2469 3528 εὐλόγως
2516 3460 2788 3531 μέμψαιτο
2829 3460 3121 3529 διαφωνίαν
3147 3460 3248 3532 τῆς
3291 3460 3517 3532 Γραφῆς,
3543 3457 3651 3527 ἀληο

2124 3552 2385 3625 θευούσης
2421 3552 2655 3624 ἑκάστης
2681 3552 2823 3606 κατὰ
2851 3553 2940 3606 τὸν
2971 3553 3175 3616 οἰκείας
3227 3552 3463 3624 ἱστορίας
3504 3550 3647 3616 λόγον.

2123 3643 2392 3716 διαφόρων
2419 3661 2477 3697 τε
2507 3644 2844 3715 πραγμάτων
2869 3646 3138 3715 ὑφήγησιν
3159 3643 3444 3715 δηλούσης.
3476 3640 3593 3695 Ἀλλ’
3611 3639 3650 3693 oi

2128 3736 2225 3805 μὲν
2258 3735 2407 3806 παρὰ
2436 3736 2610 3789 τοῖσδε
2633 3739 2744 3800 τοῖς
2775 3737 3185 3805 εύαγγελισταίς
3213 3735 3454 3804 ἄγγελοι,
3479 3727 3649 3787 καὶτοῦ

2125 3827 2373 3898 Σωτῆρος
2400 3828 2453 3881 al
2480 3828 2618 3898 μετά
2633 3827 2732 3898 τὴν
2754 3828 3045 3883 ἀνάστασιν
3069 3827 3401 3897 θεοφάνειαι,
3426 3825 3558 3899 παρά
3578 3823 3651 3894 μό-

2124 3934 2235 3979 νοις
2283 3917 2490 3980 τούτοις
2541 3918 2616 3981 ὼς
2664 3918 2731 3971 ἂν
2762 3917 2914 3989 παρὰ
2965 3917 3238 3989 κρείττοσι
3286 3920 3378 3972 καὶ
3408 3910 3649 3970 αὐτοῦτοῦ

2125 4008 2373 4079 Σωτῆρος
2400 4007 2693 4072 αύτόπταις
2717 4026 2777 4061 τε
2794 4011 2887 4062 καὶ
2914 4009 3199 4078 αύτηκόοις
3232 4011 3536 4080 φερόμεναι,
3551 4002 3652 4059 ταύ-

2123 4117 2223 4170 την
2253 4098 2472 4163 σώζοιεν
2498 4098 2565 4153 ἂν
2587 4098 2683 4169 τὴν
2705 4099 3045 4153 ἀκολουθίαν.
3068 4100 3130 4153 Oi
3156 4099 3213 4152 δὲ
3243 4099 3396 4169 παρά
3414 4096 3487 4167 τῷ
3503 4091 3652 4161 Λουή

2123 4191 2217 4245 δύο
2248 4190 2436 4263 ἄνδρες
2466 4191 2523 4243 ὲν
2551 4190 2736 4262 ἑσθῆτι
2769 4189 3150 4264 ἀστραπτούσῃ
3180 4190 3469 4259 ὀφθέντες,
3501 4186 3576 4242 διὰ
3600 4183 3653 4238 τὰ

2124 4284 2223 4352 τῆς
2256 4284 2449 4352 ἑορτῆς
2489 4281 2731 4351 σύμϐολα
2751 4300 2764 4313 ’
2804 4283 2898 4335 καὶ
2927 4284 2955 4336 ό
2984 4282 3135 4353 παρά
3163 4282 3241 4353 τῷ
3280 4282 3486 4352 Μάρκῳ
3512 4272 3653 4330 νεανὶ-

455 4362 635 4428 tians;
667 4367 725 4416 et
774 4360 852 4427 hi,
892 4361 1136 4432 inquam,
1171 4362 1371 4418 diversi
1418 4362 1720 4418 habeantur
1754 4370 1867 4416 tum
1899 4376 1929 4416 a
1961 4378 2017 4417 se

2127 4385 2254 4432 σκος
2277 4367 2474 4439 λευκὴν
2505 4368 2962 4440 περιϐεϐλημένος
2998 4370 3092 4424 καὶ
3135 4371 3300 4435 αὐτὸς
3349 4368 3554 4440 στολὴν,
3584 4365 3651 4418 δε-

453 4452 704 4519 invicem,
728 4459 839 4506 tum
868 4467 898 4507 a
926 4453 1134 4524 primis.
1167 4452 1530 4521 Quamobrem
1560 4469 1629 4509 ne
1654 4454 1874 4525 angelos
1898 4454 2017 4525 qui-

2128 4455 2237 4522 ξιός
2264 4474 2323 4510 τε
2348 4456 2461 4512 ἀλλ’
2490 4457 2591 4511 ούκ
2617 4459 2901 4531 ἀριστερὸς
2933 4460 3263 4533 ἑωραμένος,
3287 4460 3365 4533 τῷ
3406 4477 3464 4513 τε
3490 4452 3654 4527 φαιόρά

455 4544 575 4601 dem
610 4544 711 4599 bos
753 4545 1192 4611 nominaverunt,
1227 4561 1404 4616 neque
1445 4543 1751 4600 Servatoris
1782 4546 2017 4601 visiones

2125 4548 2219 4603 καὶ
2244 4547 2391 4614 δεξιὰ
2424 4551 2543 4612 ταῖς
2569 4550 2809 4618 γυναιξὶν
2848 4550 3311 4620 εὐαγγελίζεσθαι,
3336 4551 3489 4609 πάλιν
3511 4550 3656 4619 ἕτεροι

452 4644 865 4701 memorarunt,
936 4636 1030 4692 sed
1096 4638 1402 4707 potioribus
1497 4652 1558 4692 se
1637 4636 1890 4692 Matthazo
1956 4651 2017 4692 ac

2121 4640 2187 4694 ἂν
2221 4636 2328 4694 εἶεν
2379 4642 2473 4695 καὶ
2526 4641 2699 4707 αὐτοὶ,
2735 4641 2976 4713 ἀλλήλων
3024 4660 3083 4697 τε
3125 4645 3217 4697 καὶ
3256 4643 3368 4699 τῶν
3403 4641 3541 4714 παρὰ
3565 4638 3655 4699 to";

448 4724 645 4783 Joanni
692 4729 905 4797 potiora
956 4729 1198 4785 scribere
1237 4736 1292 4785 et
1348 4729 1590 4785 historia:
1635 4729 2017 4786 commendare

2121 4729 2371 4802 πρώτοις.
2419 4731 2509 4785 Διὸ
2554 4730 2673 4785 οὐδὲ
2717 4731 2978 4800 ἀγγέλους
3025 4733 3220 4798 αὐτοὺς
3245 4734 3356 4787 οἶδε
3383 4731 3651 4802 ὠνόμασαν»

449 4824 817 4890 permiserunt
852 4840 865 4876 :
899 4821 1004 4891 ipsi
1032 4836 1164 4877 vero
1205 4822 1445 4878 secunda
1474 4830 1787 4887 narrarunt,
1815 4830 1871 4877 et
1899 4837 2017 4893 quae

2120 4822 2238 4873 ἐπεὶ
2267 4821 2401 4891 μηδὲ
2429 4824 2537 4877 τῶν
2561 4822 2650 4877 τοῦ
2686 4825 2953 4896 Σωτῆρος
2977 4826 3250 4879 όπτασιῶν
3279 4824 3650 4897 ἐμνημόνευσαν

451 4922 574 4981 post
601 4912 785 4982 priora
817 4920 1038 4966 narrata
1065 4920 1359 4967 evenerant
1389 4931 1403 4968 :
1431 4911 1652 4968 omissis
1685 4920 1865 4967 autem
1898 4928 2017 4984 quae

2120 4914 2229 4975 τοῖς
2257 4914 2556 4984 κρείττοσιν
2581 4914 2612 4985 ἦ
2647 4915 2768 4967 καθ’
2793 4916 3022 4980 ἑαυτοὺς
3055 4916 3321 4989 Ματθαιῳ
3348 4917 3441 4971 καὶ
3470 4912 3653 4981 Ἰωάννῃ

451 5010 618 5060 testes
662 5005 896 5059 visuales
928 5003 1040 5073 jam
1082 5003 1356 5068 dixerant,
1414 5004 1520 5073 ipsi
1550 5003 1618 5058 ab
1667 5002 1754 5058 bis
1800 5003 2017 5058 silentio

2121 5005 2190 5057 τά
2219 5005 2499 5076 κρείττονα
2522 5007 2753 5076 γράφειν
2782 5007 2876 5062 καὶ
2895 5010 3125 5081 ἱστορεῖν
3145 5005 3651 5080 παρακεχωρηκότες’

448 5097 722 5166 prazterita
749 5096 1169 5168 suppleverunt;
1196 5110 1316 5165 qua:
1332 5094 1550 5165 quidem
1571 5093 1810 5150 secunda
1837 5103 2015 5162 erant,

2125 5097 2276 5151 αὐτοὶ
2305 5098 2361 5151 δὲ
2391 5098 2460 5152 τὰ
2496 5098 2723 5171 δεύτερα
2754 5100 3125 5173 διηγούμενοι,
3165 5102 3257 5155 καὶ
3285 5100 3364 5171 τῷ
3403 5097 3564 5171 χρόνῳ
3602 5091 3655 5147 τὰ

452 5190 734 5260 multoque
778 5190 960 5260 priore
1005 5188 1238 5249 historia
1281 5188 1543 5242 inferiora
1589 5207 1601 5242 :
1640 5187 1721 5244 sic
1759 5187 2016 5241 nimirum

2127 5189 2264 5259 μετὰ
2288 5188 2385 5260 τὴν
2407 5189 2515 5242 τῶν
2550 5190 2779 5261 πρώτων
2812 5192 3030 5264 μνήμην
3052 5190 3276 5263 ὕστερον
3306 5182 3652 5260 πεπραγμένα*

451 5289 643 5337 sancto
685 5279 892 5353 Spiritu
931 5296 1202 5354 congruas
1255 5279 1487 5352 singulis
1528 5289 1852 5351 suggerente
1898 5294 2017 5334 nar-

2126 5281 2405 5350 παρῄεσαν
2460 5282 2558 5352 μὲν
2588 5281 2656 5334 τὰ
2690 5281 2839 5352 παρά
2890 5285 3001 5346 τοῖς
3059 5282 3356 5344 αύτόπταις
3408 5273 3653 5349 εἰρημέναι

453 5373 712 5427 rationes.
2125 5371 2559 5444 ἀντανεπλήρουν
2583 5372 2638 5427 δὲ
2662 5373 2732 5427 τὰ
2764 5376 2892 5447 παρ’
2914 5374 3142 5437 ἐκείνοις
3174 5372 3522 5443 σεσιγημένα·
3545 5364 3576 5419 ἃ
3603 5360 3652 5430 δὴ

451 5459 677 5534 δεύτερα
730 5457 798 5534 ἦν
828 5463 922 5517 καλ⁸
952 5463 1145 5536 μακρῷ
1199 5462 1495 5533 λειπόμενα
1535 5462 1633 5532 τῆς
1665 5460 1771 5515 τῶν
1810 5461 2087 5533 προτέρων
2127 5464 2399 5537 ἱστορίας·
2433 5465 2575 5521 οὕτω
2607 5467 2700 5521 τοῦ
2754 5469 2909 5538 ἁγίου
2963 5466 3278 5538 Πνεύματος
3322 5460 3651 5533 διανείμαντας

454 5556 553 5622 τὰς
586 5557 898 5626 πρεπούσας
928 5560 1140 5631 ἑκάστῳ
1172 5561 1267 5614 καὶ
1294 5557 1657 5630 καταλλήλους
1681 5556 1983 5630 διηγήσεις.

1192 5675 1277 5730 VI.

2869 5670 2938 5741 ς’

530 5766 659 5833 Quae
706 5767 869 5840 igitur
917 5768 1058 5838 apud
1102 5769 1305 5826 Luem)
1339 5766 1495 5825 valde
1538 5783 1697 5827 mane
1736 5766 1802 5825 ad
1831 5781 2017 5825 monu-

2197 5764 2262 5822 Δί
2281 5761 2407 5834 γοῦν
2442 5763 2586 5838 παρὰ
2610 5764 2683 5837 τῷ
2705 5765 2887 5838 Λουκᾷ
2908 5764 3103 5840 ὄρθρου
3118 5763 3309 5838 βαθέος
3323 5763 3411 5819 ἐπὶ
3423 5760 3477 5816 τὸ
3497 5753 3649 5831 {sviti-1
