3868 6264
228 357 320 412 995

1066 354 1577 413 SUPPLEMENTA
1615 358 2102 427 QUESTIONUM
2142 364 2234 419 AD
2272 366 2618 428 MARINUM.

3354 380 3458 440 994

223 463 460 519 ἐλθοῦσαι
510 464 761 530 γυναῖκες
792 465 888 518 καὶ
942 464 1205 537 φέρουσαι
1229 468 1265 523 ἀ
1289 470 1593 542 ἡτοίμασαν
1636 471 1779 544 ἀρώ-

1881 484 2124 532 mentum
2172 490 2441 536 venerunt
2481 484 2775 552 mulieres,
2823 496 3013 557 parata
3066 488 3304 548 ferentes
3331 508 3460 549 aro-

226 569 387 627 ματα,
450 552 631 625 ἕτεραι
674 553 740 607 ἂν
804 550 915 610 εῑεν
950 557 1060 611 τῶν
1103 560 1253 631 παρά
1282 560 1361 632 τῷ
1392 562 1654 635 Ματοαίῳ
1687 565 1780 618 καὶ⁵

233 649 459 719 Ἰωάννῃ.
504 648 576 700 οὐ
616 647 724 719 γὰρ
764 647 829 702 ἀν
858 649 971 720 ἔχοι
1007 651 1163 721 λόγον
1184 653 1282 717 τὰς
1321 654 1558 710 τοσαῦτα
1586 673 1782 730 προτε-

222 737 475 808 θεαμένας
509 738 726 810 Μαρίας
768 739 894 812 ἄρτι
925 741 1140 813 πρῶτον
1168 743 1437 816 ἀρώματα
1465 747 1671 819 φέρειν,
1705 747 1782 812 ὡς

223 831 374 899 μήπω
412 828 509 898 τὴν
542 829 834 885 ἀνάστασιν
873 834 1387 906 προμεμαθηκυίας.
1441 839 1636 909 Σαφῶς
1671 841 1781 911 γάρ

218 920 277 975 δι’
300 914 369 972 ὧν
396 936 523 990 φησι
554 919 790 975 δείκνυσι
815 924 896 976 ὅτι
924 926 1017 978 καὶ
1044 926 1092 978 οἱ
1113 925 1388 995 ὀφθέντες,
1421 928 1596 1001 ἕτεροι
1629 931 1780 1003 παρά

217 1010 332 1074 τοὺς
376 1010 680 1081 ἔμπροσθεν
731 1012 1131 1086 δεδηλωμένους
1155 1034 1169 1047 ·
1203 1020 1298 1073 καὶ
1356 1022 1385 1073 ὀ
1436 1021 1598 1086 τόπος
1649 1022 1780 1078 ἔνθα

216 1100 459 1173 ὤφθησαν
492 1101 695 1174 ἕτερος·
731 1103 853 1158 οὔτε
877 1107 985 1178 γὰρ
1017 1107 1148 1161 εἴσω
1177 1108 1272 1163 τοῦ
1304 1112 1584 1183 μνήματος
1615 1108 1776 1185 ἦσαν.

216 1193 284 1256 ὡς
315 1195 342 1246 ὁ
382 1193 631 1263 Ἰωάννης
659 1194 915 1261 ἐδίδαξεν,
950 1196 1072 1251 οὐτε
1111 1199 1204 1252 ἐπὶ
1235 1200 1326 1253 τὸν
1361 1200 1507 1254 λίθον
1546 1200 1777 1268 καθεζό-

219 1301 375 1356 μενοι,
404 1284 478 1349 ὡς
524 1288 552 1339 ὀ
584 1287 736 1359 παρά
761 1286 837 1359 τῷ
888 1289 1149 1362 Ματθαίῳ
1203 1291 1433 1363 ἄγγελος
1453 1310 1468 1325 ⁸
1517 1294 1632 1349 ἀλλ’
1653 1295 1777 1349 οὐδὲ

215 1378 339 1442 ὅλως
368 1377 648 1449 ὠνόμασεν
674 1381 941 1450 ἀγγέλους
975 1385 1004 1436 ὀ
1043 1386 1257 1448 Λουκᾶς
1281 1425 1296 1451 ,
1345 1385 1439 1440 δύο
1469 1387 1525 1441 δὲ
1556 1386 1774 1459 ἄνδρας,

216 1470 339 1540 πλὴν
365 1469 499 1524 ἀλλά
529 1473 625 1525 καὶ
649 1472 847 1538 αὐτοὺς
869 1476 925 1528 ἐν
950 1474 1137 1546 ἐσθῆτι
1161 1477 1570 1550 ἀστραπτούσῃ,
1602 1479 1692 1533 διὰ
1709 1479 1776 1534 τά

212 1563 302 1633 τῆς
341 1564 529 1637 ἑορτῆς
566 1564 839 1635 σύμϐολα’
874 1569 966 1622 καὶ
995 1571 1043 1622 οἱ
1081 1568 1227 1639 λόγοι
1259 1571 1315 1625 δὲ
1348 1571 1526 1625 αὐτῶν
1556 1574 1606 1626 οί
1640 1573 1775 1645 πρὸς

212 1652 299 1715 τὰς
326 1657 583 1721 γυναῖκας
613 1656 871 1722 ίδιάζουσι
896 1676 908 1689 ο
944 1662 1038 1714 καὶ
1083 1662 1139 1714 αί
1178 1665 1433 1730 γυναῖκες
1466 1663 1521 1717 δὲ
1558 1664 1774 1730 πλείους

210 1738 357 1813 ἦσαν,
386 1742 498 1796 ἀλλ’
533 1746 633 1817 οὐχ
664 1747 696 1817 ή
725 1748 878 1819 παρά
906 1749 983 1820 τῷ
1007 1749 1271 1821 Ματθαίῳ
1292 1751 1387 1805 δύο
1410 1754 1641 1825 Μαρίαι,
1659 1753 1772 1808 ἀλλ’

1882 576 2051 634 mata,
2083 570 2311 627 diversa:
2336 574 2407 629 ab
2436 576 2503 630 iis
2528 587 2691 631 erunt
2718 591 2843 650 quae
2872 581 3019 650 apud
3051 581 3361 640 Mattliaaum
3393 602 3458 642 ac

1878 657 2145 716 Joannem
2174 674 2572 724 memorantur.
2601 668 2790 741 Neque
2818 673 2966 728 enim
3000 676 3323 732 rationabile
3349 685 3457 745 est,

1881 750 2082 808 Marias
2113 770 2234 825 quae
2261 757 2391 812 talia
2423 766 2550 815 ante
2579 761 2854 829 viderant,
2887 768 3298 838 nunc,primum
3328 784 3457 828 aro-

1878 852 2025 899 mata
2055 845 2291 912 deferre,
2324 851 2491 919 quasi
2505 851 2749 907 nondum
2778 859 3236 915 resurrectionem
3268 863 3460 920 novis-

1879 942 2023 991 sent.
2097 935 2388 995 Manifeste
2436 941 2690 997 videlicet
2740 943 2825 999 his
2868 961 2988 1015 qua:
3032 948 3164 1004 dicit
3212 948 3457 1017 denotat,

1877 1025 2026 1095 quod
2058 1034 2113 1082 et
2143 1029 2247 1084 visi
2275 1032 2453 1101 angeli
2477 1033 2681 1090 diversi
2716 1034 2922 1091 fuerint
2950 1039 3020 1093 ab
3048 1047 3209 1096 antea
3239 1050 3456 1112 specta-

1875 1117 1988 1182 tis;
2042 1126 2096 1172 et
2124 1119 2278 1175 locus
2305 1123 2397 1177 ubi
2446 1132 2575 1178 sunt
2606 1126 2731 1192 \isi,
2780 1128 2911 1182 item
2954 1129 3241 1201 diversus;
3281 1147 3457 1206 neque

1875 1208 2022 1263 enim
2055 1209 2202 1264 intra
2226 1223 2640 1270 monumentum
2674 1227 2854 1283 erant,
2891 1228 2949 1274 ut
2973 1220 3213 1279 Joannes
3236 1225 3451 1294 docuit;

1876 1314 2055 1370 neque
2086 1301 2251 1372 lapidi
2283 1303 2607 1372 insidentes,
2641 1316 2700 1363 ut
2727 1310 2817 1365 ille
2849 1313 2992 1382 apud
3017 1312 3328 1370 Mattbaeum
3351 1332 3454 1372 an-

1877 1395 2030 1465 gelus
2055 1414 2068 1451 :
2103 1411 2282 1466 neque
2308 1400 2532 1470 angelos
2566 1400 2771 1458 diserte
2793 1405 3086 1475 appellavit
3129 1423 3224 1465 eos
3253 1406 3454 1478 Lucas,

1876 1486 1972 1542 sed
2002 1486 2143 1544 duos
2190 1489 2361 1554 viros,
2410 1508 2726 1563 quanquam
2760 1497 2911 1565 ipsos
2957 1514 3177 1569 quoque
3204 1501 3259 1555 in
3307 1511 3457 1560 veste

1877 1573 2137 1645 fulgente,
2181 1578 2254 1634 ob
2304 1581 2670 1638 solemnitatis
2724 1585 2987 1642 indicium
3034 1608 3048 1644 :
3098 1591 3224 1646 item
3258 1592 3453 1649 horum

1875 1680 2159 1726 sermones
2190 1664 2259 1725 ad
2286 1673 2547 1729 mulieres
2575 1683 2705 1730 sunt
2733 1680 3037 1747 peculiares
3072 1701 3085 1737 :
3122 1686 3454 1742 etmulieres

1875 1758 2057 1827 plures
2090 1776 2321 1818 numero
2362 1775 2528 1830 sunt,
2574 1784 2736 1838 quam
2779 1769 2901 1826 duae
2942 1775 3086 1843 apud
3141 1775 3452 1833 Mattharutn

210 1834 528 1899 ἁπαξαπλῶς
572 1840 628 1891 αί
662 1839 1014 1894 συνελθοῦσαι
1041 1842 1191 1915 αὐτῷ
1224 1845 1287 1897 ὲκ
1320 1845 1416 1916 τῆς
1454 1845 1762 1912 Γαλιλαίας·

1871 1847 2073 1914 Mariae,
2122 1853 2217 1907 sed
2250 1854 2355 1909 illae
2401 1858 2626 1913 omnino
2657 1876 2778 1928 quae
2810 1860 2994 1918 Iesum
3025 1866 3298 1923 comitatae
3330 1868 3452 1925 fite-

211 1923 444 1996 ὀλίγωροι
479 1926 538 1981 δὲ
586 1928 682 1982 καὶ
736 1922 917 1996 αὗται,
946 1932 1065 1985 οὐδὲ
1094 1937 1361 2006 τοσαύτην
1404 1936 1772 2008 ὲνδειξάμεναι

212 2018 423 2090 σπουδὴν
456 2020 591 2091 ὅσην
621 2022 677 2073 αί
712 2022 799 2076 διὰ
822 2024 1013 2089 νυκτὸς
1039 2028 1445 2098 καρτερήσασαι
1468 2031 1562 2083 καὶ
1599 2048 1775 2102 παρα-

213 2108 443 2177 μείνασαι
471 2111 549 2183 τῷ
582 2115 850 2186 μνημείῳ.
881 2116 1166 2190 Μαρτυρεῖ
1192 2121 1323 2189 γοῦν
1352 2123 1380 2175 ὀ
1406 2121 1681 2188 Ματθαῖος
1703 2128 1769 2197 τῇ

206 2202 523 2278 Μαγδαληνῇ
559 2209 651 2261 καὶ
679 2212 745 2280 τῇ
776 2208 909 2282 ἀλλῃ
947 2211 1135 2283 Μαρία
1156 2213 1399 2268 εὐτονίαν
1426 2216 1628 2287 πολλὴν
1679 2220 1773 2272 καὶ

203 2298 536 2370 παραμονὴν,
589 2299 761 2369 λέγων
820 2302 957 2373 μετά
1011 2304 1073 2356 τὸ
1127 2304 1299 2370 πάθος
1358 2308 1527 2362 αὐτοῦ
1562 2311 1768 2365 ταῦτα·

206 2405 222 2436 ι
252 2383 350 2440 Ἦν
377 2388 432 2442 δὲ
464 2391 593 2444 ἐκεῖ
624 2390 811 2464 Μαρία
842 2395 875 2464 ή
910 2394 1242 2468 Μαγδαληνὴ
1265 2398 1361 2451 καὶ
1386 2399 1520 2472 ἄλλη
1561 2403 1769 2470 Μαρία,

202 2478 483 2553 καθήμεναι
518 2484 777 2538 ἀπέναντι
810 2486 905 2538 τοῦ
928 2487 1100 2555 τάφου
1123 2504 1136 2518 ⁶
1171 2506 1188 2539 ι
1222 2489 1336 2543 ἀλλ’
1381 2486 1541 2546 αὗται
1580 2494 1677 2564 μὲν
1703 2498 1769 2566 τῇ

200 2572 363 2644 ἡμέρᾳ
403 2574 505 2645 τῆς
565 2576 925 2650 Παρασκευῆς
970 2582 1353 2652 παρεκάθηντο
1401 2585 1625 2655 ἀντικρύ
1678 2586 1769 2640 τοῦ

202 2667 461 2737 μνήματος
482 2685 497 2699 ·
538 2668 617 2722 διὸ
645 2671 739 2723 καὶ
765 2670 957 2725 θᾶττον
986 2673 1153 2744 ὁρῶσι
1181 2674 1395 2745 πρῶτον
1427 2677 1525 2745 μὲν
1551 2678 1639 2730 τὸν
1661 2677 1770 2731 τῶν

198 2756 395 2826 ἀγαθῶν
423 2760 686 2829 ἄγγελον,
721 2758 838 2816 εἶτα
872 2766 964 2818 καὶ
986 2766 1145 2819 αὐτὸν
1171 2767 1260 2819 τὸν
1285 2767 1383 2837 τῆς
1428 2768 1574 2837 ζωῆς
1606 2770 1772 2840 ἀρχη-

197 2852 299 2917 γόν.
339 2853 402 2905 Ἡ
422 2850 477 2906 δὲ
523 2854 672 2927 παρά
692 2854 770 2926 τῷ
806 2857 1024 2931 Ἰωάννῃ
1049 2896 1064 2920 ,
1099 2860 1192 2911 καὶ
1225 2858 1363 2929 αὐτη
1391 2859 1453 2914 τὸ
1480 2861 1578 2930 μὲν
1613 2861 1767 2933 πρῶ-

198 2961 276 2996 τον
314 2947 433 3011 τούς
483 2947 781 3017 ἀγγέλους,
832 2950 969 3021 μετά
1000 2949 1055 3003 δὲ
1093 2951 1315 3017 τούτους
1368 2955 1461 3007 καὶ
1492 2955 1654 3007 αὐτὸν
1677 2955 1769 3009 τὸν

199 3035 407 3110 Σωτῆρα
434 3039 673 3110 θεωρεῖ·
708 3041 766 3093 οὐ
801 3041 905 3113 μὴν
933 3041 1202 3113 ἀρώματα
1223 3043 1415 3116 ἔφερον
1444 3038 1627 3112 αὗται,
1646 3047 1767 3101 οὐδὲ

196 3129 309 3199 περὶ
332 3128 544 3201 ταύτην
571 3130 913 3199 κατεγίνοντο
935 3132 1034 3203 τὴν
1068 3132 1322 3204 σπουδήν.
1356 3135 1421 3186 Δί
1446 3134 1502 3187 δὲ
1535 3135 1644 3189 ἀπὸ
1667 3136 1766 3207 τῆς

196 3218 461 3286 Γαλιλαίας
482 3222 925 3293 ἁκολουθήσασαι
946 3222 1095 3294 αὐτῷ
1108 3227 1384 3291 γυναῖκες,
1404 3225 1593 3281 πολλαὶ
1609 3225 1766 3282 οὖσαι

194 3314 321 3366 κατά
346 3313 435 3368 τὸν
458 3314 704 3376 Λουκᾶν,
734 3317 799 3385 τῇ
827 3314 924 3385 μὲν
956 3315 1284 3386 Παρασκευῇ
1334 3316 1764 3388 ὑποστρέψασαι,

195 3402 477 3480 ἡτοίμασαν
504 3404 585 3456 ’τά
606 3402 894 3476 ἀρώματα,
927 3403 1021 3458 ἀτε
1062 3404 1125 3476 δὴ
1171 3405 1335 3476 μηδὲν
1374 3405 1598 3477 μηδέπω
1643 3426 1767 3480 προ-

198 3495 446 3564 μαθοῦσαι
469 3479 615 3569 ’περὶ
639 3514 738 3568 της
776 3497 1142 3561 ἀναστάσεως.
1166 3497 1258 3550 Διὸ
1288 3497 1513 3562 ταύταις
1554 3500 1653 3571 μὲν
1674 3479 1766 3553 δύο

198 3586 374 3659 ἀνδρες
394 3591 451 3642 ὲν
476 3589 667 3659 ὲσθῆτι
696 3589 1080 3662 ἀστραπτούσῃ
1101 3589 1488 3658 φαίνονταικαὶ
1515 3590 1614 3661 τὴν
1645 3592 1767 3646 ἀνά-

200 3695 373 3735 στασιν
423 3679 888 3751 εὐαγγελίζονται.
937 3682 1132 3735 Οὐκέτι
1185 3681 1242 3733 δὲ
1273 3681 1462 3745 αὐταῖς
1505 3682 1533 3734 ὁ
1577 3682 1765 3754 Σωτὴρ

198 3769 360 3844 ὣτρθη,
392 3773 585 3846 ὥσπερ
608 3768 699 3827 οὖν
722 3775 789 3844 τῇ
814 3771 964 3843 παρά
988 3771 1065 3843 τῷ
1099 3772 1320 3847 Ἰωάννῃ
1341 3775 1435 3828 καὶ⁸
1465 3776 1584 3838 ταῖς
1616 3775 1765 3846 παρὰ

196 3864 266 3936 τῷ
304 3867 604 3938 Ματθαίῳο
662 3865 802 3919 ὥστε
848 3865 1150 3930 ίδιάζουσαν
1201 3867 1451 3938 ἡγεῖσθαι
1501 3868 1765 3939 προσήκει

196 3958 283 4028 τὴν
315 3960 574 4030 ἱστορίαν.
611 3956 768 4012 Κατά
788 3957 844 4011 δὲ
870 3957 962 4011 τὸν
994 3958 1216 4029 Μάρκον
1247 3958 1366 4013 λίαν
1396 3958 1540 4030 πρωῒ
1566 3962 1630 4030 τῇ
1667 3961 1766 4031 μιᾷ

193 4048 293 4104 τῶν
315 4051 612 4105 Σαόὅάτων
638 4049 887 4121 ἔρχονται
915 4049 1007 4102 ἐπὶ
1028 4050 1089 4103 τὸ
1108 4068 1212 4122 μνη
1222 4053 1368 4121 μεῖον
1390 4051 1766 4115 ἀνατείλαντος

194 4144 280 4197 τοῦ
326 4145 479 4217 ἡλίου
526 4145 685 4199 ἄλλαι
739 4144 899 4197 πάλιν
932 4138 1111 4206 αὗται,
1167 4147 1257 4200 καὶ
1288 4147 1345 4199 ἐν
1384 4146 1556 4217 ἑτέρῳ
1588 4145 1764 4217 καιρῷ

193 4237 366 4304 πάλιν,
405 4241 463 4294 αἳ
504 4242 601 4294 καὶ
640 4240 820 4309 ἔλεγον
854 4239 987 4311 πρὸς
1014 4238 1233 4302 ἑαυτὰς.
1270 4256 1289 4288 ‹
1330 4237 1424 4301 Τίς
1447 4237 1765 4291 ἀποκυλίσει

193 4329 315 4399 ἡμῖν
345 4331 435 4384 τὸν
456 4331 637 4396 λίθον;
678 4350 696 4382 ι
717 4332 810 4384 καὶ
838 4331 1105 4402 ἔρχονται,
1138 4330 1231 4383 καὶ
1263 4329 1609 4399 εὑρίσκουσιν
1637 4329 1765 4381 ἀπο-

189 4421 592 4493 κεκυλισμένον,
627 4420 722 4474 καὶ
745 4421 1079 4475 είσελθοῦσαι
1107 4416 1244 4473 εἶδον
1288 4421 1567 4474 νεανίσκον
1590 4438 1603 4451 ·
1636 4420 1763 4474 ἔνθα

188 4510 340 4563 πάλιν
366 4513 458 4565 ἐπὶ
501 4510 597 4564 τοῦ
636 4510 821 4563 Λουκᾶ
847 4509 1035 4576 ἄνδρες
1067 4508 1179 4562 ἀλλ’
1207 4509 1307 4563 οὐκ
1345 4509 1597 4578 ἄγγελοι,
1623 4509 1764 4565 οὕτω
1795 4545 1839 4600 D

184 4603 254 4666 ὡς
286 4603 379 4656 καὶ
400 4603 500 4656 νῦν
531 4603 631 4656 οὐκ
653 4600 882 4671 ἄγγελος
906 4601 1238 4672 ὠνόμασται,
1272 4600 1407 4653 ἀλλά
1449 4602 1761 4666 νεανίσκοςο

183 4691 317 4746 ὥστε
365 4694 459 4746 καὶ
496 4691 704 4762 ταύτην
745 4691 1134 4763 ἀφωρισμένην
1181 4686 1446 4761 εἶναιτὴν
1492 4691 1761 4763 διήγησιν,

182 4783 271 4836 καὶ
300 4784 394 4837 τὸν
422 4783 662 4852 ὀφθέντα
685 4783 870 4853 ἕτερον
890 4821 903 4843 ,
934 4781 1027 4833 καί⁵
1061 4779 1159 4842 τὰς
1202 4778 1535 4849 ἀφικομένας
1575 4779 1761 4845 ἄλλας,

183 4876 271 4927 κοιλ¹
300 4874 391 4928 τὸν
420 4875 617 4946 καιρὸν
644 4874 843 4945 ὁμοίως
875 4872 967 4926 τὸν
1012 4869 1151 4941 μετά
1179 4869 1332 4940 ήλίου
1367 4869 1627 4934 ἀνατολάς
1645 4887 1659 4901 ο
1705 4871 1765 4935 ὃς

181 4968 226 5017 εί
251 4968 348 5038 μὲν
382 4967 480 5020 καὶ
515 4966 667 5039 παρά
691 4965 770 5037 τῷ
802 4965 986 5035 Λουκᾷ
1014 4962 1295 5034 τερήτητο,
1323 4960 1557 5029 εὐλόγως
1583 4961 1646 5014 ἄν
1677 4980 1763 5027 τις

178 5061 299 5123 τούς
329 5060 465 5133 παρ’
496 5058 648 5130 αὐτῷ
671 5057 763 5110 δύο
795 5057 994 5129 ἄνδρας
1026 5054 1244 5125 ἀπῄτει,
1276 5054 1371 5106 καὶ
1409 5052 1535 5116 τοὺς
1566 5054 1762 5118 αὐτοὺς

1872 1949 1998 1995 rant
2046 1960 2113 1998 ex
2154 1943 2396 2004 Galilaea.
2428 1947 2495 2001 Et
2525 1950 2608 2004 ha:
2679 1953 2895 2022 quidem
2942 1959 3243 2026 segniores,
3277 1976 3454 2030 neque

1873 2048 1971 2102 par
1996 2036 2236 2091 studium
2272 2053 2383 2108 pra
2408 2054 2468 2094 se
2504 2039 2742 2097 ferentes
2774 2044 2881 2099 illis
2910 2061 3032 2115 quae
3063 2055 3229 2101 noctu
3263 2065 3453 2118 perse-

1875 2133 2197 2179 veraverant
2237 2127 2383 2196 apud
2437 2130 2752 2199 sepulcrum
2804 2136 3058 2190 assiduae.
3098 2137 3453 2197 Contestatur

1874 2227 2005 2266 vero
2032 2212 2317 2272 Mattha’us
2355 2216 2689 2288 Magdalenen
2715 2230 2770 2277 et
2793 2225 2951 2279 alteri
2998 2225 3181 2283 Mariae
3211 2232 3451 2301 vigorem

1875 2305 2106 2359 multum
2133 2318 2297 2378 atque
2324 2314 2715 2379 constantiam,
2749 2315 2940 2372 dicens
2974 2328 3098 2388 post
3141 2320 3454 2380 Servatoris

1873 2395 2183 2463 passionem
2211 2399 2293 2452 sic
2324 2418 2337 2453 :
2377 2418 2395 2450 ι
2433 2399 2563 2455 Erat
2592 2411 2774 2457 autem
2806 2404 2879 2460 ibi
2904 2405 3071 2462 Maria
3107 2409 3448 2482 Magdalene,

1870 2492 1924 2536 et
1952 2485 2120 2539 altera
2170 2486 2363 2554 Maria,
2398 2493 2651 2548 sedentes
2684 2503 2876 2549 contra
2921 2499 3254 2567 sepulcrum.
3284 2521 3304 2553 ι
3342 2501 3451 2560 Sed

1871 2576 1953 2632 ba:
1981 2577 2201 2648 quidem
2230 2580 2347 2652 ipsa
2383 2584 2471 2639 die
2499 2584 2832 2644 Parasceves
2855 2590 3119 2647 sedebant
3143 2608 3328 2649 coram
3363 2612 3453 2652 se-

1870 2669 2062 2737 pulcro
2104 2690 2117 2725 :
2169 2673 2400 2744 ideoque
2447 2684 2501 2730 et
2547 2678 2783 2735 celerius
2826 2680 3012 2737 vident
3048 2684 3179 2739 boni
3222 2695 3451 2743 eventus

1869 2762 2148 2824 nuntium,
2185 2764 2382 2820 deinde
2425 2782 2604 2837 ipsum
2657 2770 2781 2825 vitae
2837 2784 3138 2831 auctorem.
3201 2777 3293 2830 llla
3320 2793 3451 2834 vero

1868 2852 2014 2922 apud
2063 2852 2354 2922 Joannem,
2386 2865 2440 2913 et
2473 2860 2589 2929 ipsa
2633 2878 2853 2933 quoque
2892 2868 3071 2936 primo
3098 2868 3246 2924 videt
3283 2884 3453 2941 augeo
3510 2894 3519 2906 ε

1868 2943 1973 3010 los,
2004 2953 2059 2999 et
2082 2956 2273 3016 postea
2304 2946 2649 3007 Servatorem
2693 2956 2872 3024 ipsum
2908 2976 2921 3011 :
2957 2973 3135 3028 neque
3157 2960 3238 3015 hae
3264 2968 3452 3017 tamen

1869 3047 2114 3092 aromata
2146 3038 2413 3106 ferebant,
2442 3059 2620 3115 neque
2641 3045 2712 3101 ob
2739 3062 2858 3101 eam
2889 3064 3001 3103 rem
3020 3053 3317 3106 curandam
3344 3054 3454 3111 ive-

1867 3136 2012 3185 rant.
2046 3128 2152 3185 Sed
2182 3132 2289 3186 illa:
2315 3133 2536 3189 demum
2559 3151 2680 3205 quae
2704 3152 2768 3191 ex
2792 3135 3009 3194 Galilaaa
3037 3139 3223 3196 Jesum
3256 3144 3452 3202 subse-

1873 3229 2013 3275 cuta:
2043 3221 2280 3291 fuerant,
2314 3226 2607 3296 multaeque
2633 3229 2776 3298 apud
2801 3228 3005 3286 Lucam
3036 3232 3310 3305 feruntur,
3353 3238 3444 3295 die

1872 3310 2207 3369 Parasceves
2236 3315 2304 3371 de
2345 3316 2468 3372 loco
2512 3334 2763 3384 reversae,
2814 3333 3146 3392 paraverunt
3179 3337 3446 3396 aromata,

1867 3406 2069 3475 quippe
2097 3421 2219 3476 quae
2257 3410 2469 3464 nullum
2520 3415 2944 3471 resurrectionis
2966 3417 3226 3473 indicium
3246 3435 3453 3491 Cogno-

1865 3504 2078 3550 verant.
2113 3496 2325 3553 ldcirco
2351 3499 2438 3555 his
2458 3501 2568 3556 duo
2585 3503 2685 3557 viri
2718 3504 2775 3557 in
2806 3513 2959 3560 veste
2979 3505 3217 3578 fulgente
3242 3520 3446 3573 astant.

1865 3587 2232 3659 nuntianlque
2285 3594 2769 3649 resurrectionem.
2829 3595 3084 3653 Nondum
3127 3599 3215 3656 his
3261 3608 3447 3659 tamen

1868 3677 2129 3734 Servator
2160 3683 2435 3751 apparuit,
2467 3685 2612 3740 sicut
2650 3686 2724 3741 illi
2759 3698 3085 3757 apparuerat
3109 3691 3249 3761 apud
3280 3690 3448 3748 Joan-

1865 3784 2012 3836 nem,
2060 3779 2116 3826 et
2158 3773 2267 3828 illis
2317 3776 2460 3846 apud
2504 3776 2850 3846 Mattbmum;
2900 3779 2973 3834 ita
3014 3788 3075 3834 ut
3114 3783 3445 3851 peculiarem

1865 3860 2008 3916 hanc
2061 3872 2308 3933 oporteat
2356 3865 2644 3921 historiam
2676 3869 3012 3926 existimare.
3064 3871 3313 3944 Denique
3356 3890 3446 3931 se-

1867 3954 2109 4009 cundum
2150 3954 2392 4011 Marcum
2428 3959 2587 4014 valde
2614 3975 2774 4017 mane
2817 3979 2923 4017 una
2957 3963 3319 4020 Sabbatorum
3349 3982 3447 4022 ve»

1864 4046 2023 4099 niunt
2052 4047 2119 4100 ad
2147 4056 2563 4103 monumentum
2594 4059 2716 4105 orto
2740 4050 2853 4120 jam
2887 4053 3022 4107 sole.
3076 4053 3210 4110 Aliae
3243 4057 3448 4127 pariter

1865 4138 1948 4192 hae
1978 4147 2140 4204 sunt,
2170 4141 2387 4211 alioque
2417 4143 2623 4212 pariter
2648 4153 2926 4216 tempore;
2959 4162 3082 4216 quae
3108 4157 3162 4203 et
3190 4148 3448 4206 dicebant

1864 4231 1931 4286 ad
1959 4232 2191 4287 invicem
2228 4253 2243 4288 :
2291 4252 2308 4284 ι
2347 4232 2481 4301 Quis
2513 4237 2752 4292 revolvet
2778 4238 2938 4293 nobis
2988 4239 3259 4309 lapidem?
3296 4260 3315 4293 ι
3353 4257 3445 4298 ve-

1864 4324 2155 4395 niuntque,
2191 4333 2245 4381 et
2276 4331 2581 4384 revolutum
2605 4332 2969 4401 comperiunt,
3001 4339 3054 4386 et
3080 4332 3339 4404 ingressa:
3354 4335 3445 4403 ju-

1866 4433 2059 4474 venem
2086 4418 2308 4484 vident;
2345 4423 2418 4474 ita
2447 4429 2506 4476 ut
2550 4422 2664 4477 hinc
2691 4424 2857 4478 etiam
2887 4423 3115 4478 diversa:
3143 4425 3221 4479 rei
3252 4439 3445 4479 narra-

1867 4509 1945 4564 tio
1975 4511 2068 4575 sit,
2104 4519 2158 4566 et
2193 4513 2337 4567 alius
2360 4514 2454 4583 qui
2486 4514 2641 4570 visus
2665 4523 2770 4577 est.
2794 4522 2848 4569 et
2869 4516 2988 4569 aliae
3007 4531 3127 4585 qua:
3152 4524 3440 4580 venerunt,

1866 4611 1923 4658 et
1954 4604 2206 4659 similiter
2235 4604 2341 4661 diei
2368 4616 2583 4677 tempus
2605 4615 2726 4676 post
2749 4608 2883 4663 solis
2906 4618 3085 4662 ortum
3122 4627 3135 4663 :
3167 4624 3289 4679 qua:
3306 4617 3442 4664 tem-

1864 4694 2016 4763 poris
2039 4695 2248 4749 notatio
2279 4695 2327 4749 si
2361 4696 2546 4750 eadem
2572 4696 2715 4766 apud
2743 4695 2945 4750 Lucam
2974 4699 3157 4762 lieret,
3184 4707 3329 4754 recte
3359 4699 3441 4754 le-

1865 4793 1985 4840 ctor
2019 4800 2048 4839 a
2084 4785 2269 4841 Marco
2299 4788 2607 4857 requireret
2651 4796 2707 4843 et
2749 4789 2900 4844 viros
2928 4789 3102 4855 duos,
3138 4795 3191 4844 et
3218 4790 3441 4845 eosdem

1865 4891 2164 4933 sermones.
2222 4876 2377 4933 Nunc
2420 4894 2545 4933 cum
2575 4878 2754 4935 Lucas
2777 4880 2885 4935 diei
2913 4881 3101 4935 horam
3130 4889 3258 4935 ante
3305 4881 3442 4936 solis

1864 4976 2045 5024 ortum
2093 4973 2504 5042 praeoccuparit,
2538 4974 2733 5028 merito
2780 4980 2836 5027 et
2882 4972 3007 5028 illos
3053 4974 3147 5043 qui
3177 4973 3280 5029 visi
3312 4978 3444 5026 sunt

1868 5058 2007 5114 duos
2038 5060 2186 5117 viros
2209 5061 2345 5116 dicit
2366 5102 2382 5127 ,
2414 5078 2523 5117 non
2551 5069 2734 5118 autem
2762 5077 2926 5116 unum
2954 5063 3208 5132 juvenem
3233 5071 3440 5117 narrat.

176 5156 384 5228 λόγους.
408 5158 477 5211 El
505 5155 551 5209 δ’
572 5159 600 5210 ὀ
622 5156 837 5218 Λουκᾶς
866 5154 961 5207 τὸν
996 5152 1101 5224 πρὸ
1148 5150 1298 5221 ἡλίου
1334 5148 1596 5220 ἀνατολῆς
1645 5152 1833 5223 καιρὸν
1857 5154 2195 5225 ’προύλαΰεν,
2236 5159 2459 5223 είκότως
2496 5159 2591 5212 καὶ
2621 5160 2747 5223 τούς
2770 5158 2889 5213 τότε
2917 5157 3177 5226 ὀφθέντας
3222 5156 3314 5211 δύο
3349 5156 3443 5211 ἀν-

178 5252 328 5325 δρας,
361 5254 481 5309 ὰλλ’
516 5254 576 5307 οὐ
606 5253 696 5308 τὸν
726 5252 1003 5307 νεανίσκον
1029 5251 1246 5321 ίστορεῖ.

943 5367 1017 5419 Z'.

247 5458 359 5531 (66)
382 5460 677 5531 Τεττάρων
707 5459 765 5514 δὲ
791 5458 958 5512 ὅντων
976 5456 1085 5511 τῶν
1106 5454 1501 5526 εὐαγγελιστῶν
1517 5495 1533 5521 ,
1581 5455 1758 5529 ἰσάρι-

177 5549 205 5603 θ
213 5568 302 5620 μοι
328 5550 546 5604 τούτων
568 5552 661 5606 καὶ
681 5553 738 5605 al.
765 5550 899 5622 πρὸς
921 5548 1100 5603 αὐτῶν
1120 5550 1516 5620 ἀναγραφεῖσαι
1546 5549 1762 5618 φαίνον-

174 5658 265 5698 ται
311 5642 578 5697 ὀπτασίαι
599 5661 611 5674 ·
648 5644 703 5697 οἵ
753 5660 813 5698 τε
847 5641 1030 5715 καιροὶ
1055 5641 1350 5719 τέσσαρες,
1399 5641 1497 5697 καὶ
1537 5642 1589 5697 oi
1636 5641 1757 5699 καθ’

210 5827 219 5833 -
256 5803 370 5879 (σε)
413 5802 557 5862 Cod.
590 5804 656 5873 A,
689 5801 873 5862 L313.

2599 5364 2712 5421 νη.

1934 5460 2053 5515 Jam
2090 5460 2219 5531 quia
2252 5468 2491 5531 quatuor
2518 5458 2865 5530 evangelistae
2894 5463 3042 5520 sunt,
3064 5469 3182 5525 part
3213 5467 3442 5509 numero

1863 5551 2230 5620 comperimus
2265 5550 2406 5620 apud
2437 5551 2588 5620 ipsos
2616 5549 2851 5620 scriptas
2884 5546 3159 5611 visiones;
3194 5550 3442 5613 tempora

1863 5642 1992 5699 item
2024 5650 2294 5712 quatuor;
2337 5649 2392 5697 et
2438 5640 2515 5695 illi
2548 5641 2677 5696 item
2711 5638 2808 5709 qui
2838 5634 3071 5707 singulis
3099 5633 3443 5705 temporum:
