3868 6264
436 351 540 411 995
1138 350 1407 407 susseu
1443 351 1921 408 CAESARIENSIS
1952 352 2100 410 opp.
2144 355 2319 411 rans
2356 323 2446 411 ιιι.
2487 388 2556 396 -
2604 356 3019 415 exsomnes.
3541 371 3618 428 996

432 477 836 544 apparuerunt,
876 471 1184 542 singulares
1213 480 1341 526 sunt
1374 492 1387 527 :
1427 470 1658 527 diversae
1685 488 1902 544 quoque
1929 475 1970 527 vi

2076 517 2085 540 λ
2115 475 2345 529 ἕκαστον
2378 475 2566 548 καιρὸν
2589 475 2865 546 ὀφθέντες,
2898 478 3187 543 ἰδιάζοντες
3211 495 3224 509 ·
3264 479 3448 552 ὁμοίως
3483 485 3621 546 δὲκαὶ

429 566 623 620 dentes
653 565 930 628 mulieres,
957 573 1010 619 et
1035 565 1411 634 apparentium
1452 565 1587 636 ipsis
1613 581 1894 622 sermones
1919 581 1970 620 νε

2113 569 2169 620 αἱ
2219 567 2508 640 θεώμεναι,
2539 569 2811 643 διάφορον
2839 573 2930 626 καὶ
2979 572 3029 624 oi
3057 572 3166 625 τῶν
3197 572 3450 642 ὀφθέντων
3481 579 3622 648 αὐτοῖς

429 659 594 712 riant.
639 656 881 711 Primum
921 655 1022 711 fuit
1065 669 1281 728 tempus
1310 657 1454 728 quod
1487 659 1678 713 scribit
1707 657 1970 712 Matthaeui

2112 659 2279 728 λόγοι,
2305 660 2726 726 διαλλάττοντες.
2772 663 2993 734 Πρῶτος
3024 664 3122 734 μὲν
3153 663 3262 738 γὰρ
3305 659 3368 736 ἦν
3413 671 3570 741 καιρὸς
3602 677 3622 726 ὁ

429 764 554 804 sero
585 745 950 803 Sabbatorum
976 748 1189 805 dicens.
1216 748 1484 815 Quartum
1505 759 1560 804 et
1586 750 1837 804 ultimum
1868 765 1970 819 apu

2113 753 2262 824 παρά
2295 754 2374 824 τῷ
2405 754 2667 825 Ματθαίῳ
2695 755 2791 824 ὀψὲ
2822 756 3111 811 Σαϐϐάτων
3145 758 3448 830 λεγόμενος·
3472 763 3622 837 τέταρ-

429 839 668 893 Marcum
699 849 821 893 orto
851 839 962 910 jam
1000 840 1115 896 sole
1147 841 1469 897 decurrens.
1518 839 1690 895 Media
1717 849 1845 896 sunt
1876 850 1970 896 terr

2111 861 2203 908 τος
2229 843 2284 897 δὲ
2315 846 2409 897 καὶ
2431 844 2738 908 τελευταῖος
2768 847 2797 896 6
2825 845 2977 930 παρά
3002 848 3080 916 τῷ
3117 849 3328 920 Μάρκῳ
3365 852 3497 922 ἡλίου
3524 855 3626 909 ἀνα-

425 946 559 1001 pora
585 931 728 1002 apud
761 929 1028 987 Joannem
1061 942 1224 1003 atque
1249 934 1472 988 Lucam.
1504 935 1797 1004 Propterea
1825 942 1879 989 et
1907 934 1970 988 vi:

2112 937 2384 1000 τείλαντος
2411 937 2714 1009 ίστορηθείς
2731 957 2743 969 ·
2780 929 2948 1009 μέσοι
2967 939 3021 993 δὲ
3049 941 3076 993 ὅ
3097 957 3154 993 τε
3177 941 3328 1012 παρά
3347 943 3417 1014 τῷ
3448 944 3622 1020 Ἰωάννῃ

425 1023 606 1092 angeli
643 1023 951 1092 peculiares
980 1033 1130 1080 sunt.
1170 1023 1305 1078 Nam
1334 1041 1457 1081 sero
1487 1023 1876 1092 Sabbatorum,
1913 1041 1970 1080 an

2112 1030 2206 1083 καὶ
2235 1032 2262 1084 6
2283 1031 2432 1102 παρά
2451 1032 2528 1102 τῷ
2557 1033 2771 1104 Λουκᾷο
2800 1033 2880 1086 διὸ
2912 1033 3004 1086 καὶ
3029 1035 3078 1086 οί
3099 1033 3351 1102 ὀφθέντες
3388 1037 3510 1091 κατὰ
3533 1057 3625 1093 και-

423 1113 579 1182 gelus
605 1129 748 1169 unus
781 1129 848 1169 ex
879 1124 1254 1182 monumento,
1288 1123 1412 1186 post
1460 1133 1620 1187 quem
1648 1127 1702 1171 et
1734 1117 1850 1188 ipse
1882 1114 1970 1172 Sel

2113 1123 2204 1194 ρόν
2233 1123 2540 1188 ἰδιάζοντες.
2585 1124 2711 1193 Ὀψὲ
2741 1123 2839 1196 μὲν
2868 1124 2976 1195 γὰρ
3007 1125 3297 1180 Σαϐϐάτων
3329 1127 3528 1196 ἄγγελος
3567 1127 3627 1195 εἷς

429 1211 600 1259 vator.
653 1204 811 1259 Mane
835 1213 1015 1261 autem
1041 1206 1172 1262 dum
1204 1209 1442 1263 tenebrae
1471 1209 1650 1263 adhuc
1683 1215 1889 1274 essent,
1925 1209 1970 1262 in

2111 1215 2174 1267 ὲκ
2201 1213 2294 1267 τοῦ
2327 1217 2636 1286 μνήματοςο
2666 1217 2786 1288 μεθ’
2811 1219 2870 1271 ὃν
2905 1219 2997 1271 καὶ
3025 1218 3186 1283 αὐτὸς
3211 1221 3239 1272 6
3280 1220 3483 1292 Σωτήρ·
3516 1224 3628 1294 πρωῒ

425 1303 511 1349 tra
543 1305 955 1352 monumentum
984 1300 1160 1370 angeli
1189 1300 1326 1369 duo;
1366 1311 1487 1372 post
1511 1319 1650 1373 quos
1671 1302 1851 1358 denuo
1883 1303 1970 1358 Sel

2110 1305 2165 1358 δὲ
2189 1307 2266 1360 ἔτι
2296 1308 2513 1372 σκοτίας
2539 1307 2722 1381 οὔσης,
2756 1312 2885 1364 εἴσω
2911 1310 3001 1363 τοῦ
3029 1313 3308 1383 μνήματος
3329 1313 3524 1380 ἄγγελοι
3541 1314 3627 1369 δύου

427 1397 608 1448 vator.
649 1389 817 1446 Valde
849 1407 1010 1448 mane
1046 1409 1176 1450 vero
1205 1395 1296 1450 alii
1335 1399 1640 1453 secundum
1662 1397 1863 1454 Lucam
1901 1399 1970 1454 du

2113 1399 2231 1469 μεθ’
2249 1399 2342 1464 οὒς
2374 1400 2531 1455 πάλιν
2560 1403 2588 1454 6
2609 1401 2771 1466 αὐτὸς
2787 1404 2996 1475 Σωτήρ.
3019 1404 3254 1476 Ὄρθρου
3277 1404 3331 1458 δὲ
3355 1405 3524 1476 βαθέος
3542 1408 3631 1462 ἓτε-

424 1481 529 1535 viri
558 1482 857 1547 nominati,
897 1483 1042 1540 haud
1084 1486 1227 1540 intra
1260 1498 1673 1545 monumentum
1704 1503 1970 1562 conspeCt

2114 1507 2194 1560 ροι
2230 1492 2370 1545 κατά
2397 1493 2488 1546 τὸν
2533 1494 2748 1547 Δουκιῑν
2784 1494 2878 1548 δύο
2909 1496 3104 1567 ἄνδρες
3150 1496 3508 1568 ὠνομασμένοι
3555 1501 3631 1553 οὐκ

424 1571 653 1629 Demum
684 1583 995 1645 postremus
1025 1578 1271 1634 omnium
1301 1581 1522 1650 juvenis
1543 1585 1635 1653 qui
1662 1585 1970 1640 venientibu

2109 1584 2240 1638 εἴσω
2265 1584 2359 1637 τοῦ
2397 1586 2677 1657 μνήματος
2701 1585 2974 1655 ὀφθέντες.
3009 1583 3124 1640 Εἶθ’
3172 1586 3396 1660 ὕστερον
3424 1591 3636 1647 ἁπάντων

423 1673 548 1720 orto
578 1666 693 1721 sole
721 1667 1046 1725 mulieribus
1079 1687 1138 1726 se
1164 1673 1384 1728 obtulit.
1428 1673 1483 1729 Si
1515 1691 1647 1746 ergo
1675 1693 1842 1732 unum
1872 1693 1970 1732 cun

2108 1675 2136 1726 6
2164 1674 2445 1738 νεανίσκος
2468 1713 2483 1738 ,
2520 1677 2548 1727 6
2584 1677 2702 1737 ταῖς
2727 1673 2880 1746 ήλίου
2907 1674 3280 1739 ἀνατείλαντος
3327 1677 3633 1748 ἀφικομένοις

423 1759 498 1811 cti
526 1757 779 1828 idemque
813 1767 1032 1832 tempus
1062 1764 1439 1834 scripsissent,
1471 1768 1833 1839 eumdemque
1861 1769 1970 1825 desi

2107 1766 2451 1836 τεθεαμένος.
2515 1767 2579 1820 Εἰ
2646 1767 2747 1839 μὲν
2791 1765 2884 1823 οὗν
2942 1768 3038 1823 ἕνα
3097 1769 3286 1841 καιρὸν
3332 1771 3635 1840 εἰρηκότεςοὶ

423 1857 688 1919 gnassent
713 1851 893 1907 locum
914 1892 929 1917 ,
959 1869 1137 1925 neque
1163 1862 1344 1912 tamen
1377 1859 1595 1913 easdem
1637 1861 1970 1930 apparitione

2076 1857 2308 1923 ἰπάντες
2365 1860 2458 1913 καὶ
2505 1859 2598 1913 τὸν
2663 1859 2826 1914 αὐτὸν
2872 1861 3285 1933 ἀναγράψαντες
3356 1863 3540 1927 τόπον,
3588 1865 3635 1917 οὺ

420 1941 825 2011 exposuissent,
842 1946 1040 2001 merito
1064 1945 1299 2004 fortasse
1324 1950 1522 2021 aliquis
1539 1968 1828 2007 censuram
1848 1968 1970 2008 exer

2104 1949 2206 2014 τὰς
2269 1950 2438 2016 αύτάς
2495 1953 2816 2022 ἐπιφανείας
2859 1953 3117 2025 ἐδήλουν,
3168 1953 3271 2007 κᾶν
3331 1955 3544 2025 εὐλόγως
3587 1956 3636 2012 ἄν

308 2024 318 2035 ’
421 2041 589 2087 ceret.
642 2032 748 2086 Sed
779 2049 904 2088 cum
930 2043 1177 2106 tempora
1203 2038 1557 2098 distinxerim
1577 2085 1593 2109 ,
1627 2052 1681 2099 et
1710 2045 1970 2116 unicuiqu

2105 2058 2188 2104 τις
2231 2042 2536 2113 ἐμέμψατο.
2577 2043 2639 2096 El
2672 2043 2717 2097 6‘
2750 2024 3033 2116 ἀφώρισαν
3078 2046 3204 2111 τοὺς
3236 2024 3487 2118 χρόνους,
3531 2048 3637 2101 Eva:-

422 2124 654 2194 tempori
675 2125 854 2180 locum
880 2131 1162 2198 proprium
1187 2134 1742 2199 accommodaverint,
1758 2137 1970 2207 sequitu

2108 2131 2215 2202 μάν
2283 2150 2343 2186 τε
2417 2132 2538 2187 καθ’
2600 2133 2830 2188 ἕκαστον
2891 2136 3083 2207 χρόνοι
3143 2139 3236 2190 καὶ
3319 2140 3471 2192 τόπον
3533 2141 3634 2194 ἱδιὰ-

419 2220 482 2267 ιιι
538 2213 783 2271 diversas
851 2232 1072 2288 quoque
1136 2221 1515 2290 apparitiones
1577 2222 1970 2295 descripserinl

2105 2224 2299 2288 ζοντα,
2337 2225 2644 2291 ἀκολούθως
2694 2226 2752 2280 δὲ
2798 2227 3083 2300 διαφόρους
3135 2230 3229 2283 καὶ
3280 2234 3380 2295 τὰς
3415 2233 3637 2296 ὀπτασίας

421 2303 577 2359 Sicut
600 2314 816 2372 contra,
846 2308 892 2363 si
930 2325 1094 2363 unam
1124 2312 1312 2366 cuncti
1337 2314 1735 2383 apparitionem
1768 2331 1970 2372 comme

2102 2316 2436 2389 ἀνέγραψαν.
2482 2319 2569 2383 Ὠς
2601 2319 2759 2392 εἴπερ
2788 2317 2925 2393 ἦσαν
2960 2323 3089 2392 μιᾶς
3120 2323 3219 2393 μὲν
3255 2325 3308 2376 οἱ
3332 2325 3515 2390 πάντες
3542 2317 3638 2400 gm-

416 2404 748 2463 morassent,
799 2414 1083 2471 unumque
1131 2402 1405 2459 dixissent
1449 2406 1736 2476 angelum,
1770 2415 1864 2460 aut
1891 2407 1970 2463 du

2102 2410 2327 2477 φανείας
2375 2412 2867 2483 μνημονεύσαντες,
2901 2417 2994 2469 καὶ
3045 2415 3140 2469 ἕνα
3201 2417 3402 2485 φάντες
3449 2419 3638 2488 ἄγγελον

417 2484 768 2541 concorditer
799 2488 1046 2558 angelos,
1081 2491 1166 2546 vel
1195 2491 1322 2547 item
1356 2492 1496 2549 duos
1532 2495 1698 2560 viros,
1727 2505 1821 2551 aut
1839 2497 1968 2568 juve

2101 2495 2342 2575 ὦφθαιῆ
2381 2504 2474 2557 δύο
2521 2506 2824 2576 συμφώνως
2865 2509 3133 2578 ἀγγέλους
3182 2484 3501 2581 εἰρηκότες,
3583 2507 3634 2567 αὖ

415 2589 542 2628 nem
592 2590 803 2638 unum;
840 2585 955 2631 tum
995 2579 1196 2636 deinde
1237 2589 1487 2652 tempora
1522 2585 1856 2652 variassent,
1897 2604 1966 2644 ne

2101 2593 2262 2646 πάλιν
2291 2593 2384 2648 δύο
2411 2595 2610 2668 ἄνδρας
2633 2597 2665 2668 ἢ
2697 2599 2975 2653 νεανίσκον
3003 2600 3098 2653 ’ἐνα
3115 2617 3130 2632 ⁸
3160 2596 3277 2654 εἷτα
3305 2604 3427 2665 τοὺς
3453 2605 3637 2674 καιροὺς

417 2679 588 2718 unum
638 2664 999 2724 denotassent
1052 2671 1274 2738 locum,
1307 2673 1382 2727 ita
1430 2689 1651 2746 quoque
1699 2677 1966 2748 reprehen

2097 2686 2442 2759 διήλλαττον,
2483 2664 2521 2760 ῆν
2561 2690 2635 2762 μὴ
2654 2664 2796 2755 -τοὺς
2843 2692 3038 2758 αὐτοὺς
3075 2693 3300 2763 ἐδήλουν
3350 2664 3636 2765 τόπους-,ἦν

414 2755 556 2811 sioni
588 2757 744 2814 locus
786 2767 952 2815 esset.
983 2760 1138 2816 Nunc
1164 2779 1347 2820 sermo
1384 2766 1694 2836 praecipuus
1743 2775 1798 2824 et
1845 2770 1969 2825 inva

2097 2755 2287 2830 avocat
2328 2777 2469 2831 οὕτω
2504 2755 2863 2848 μέμψασθαι.
2913 2755 3031 2833 Νῦν
3060 2781 3104 2834 δ’
3233 2781 3393 2850 λόγος
3441 2755 3636 2854 ἀκριόίξς

413 2845 628 2901 riabilis
670 2857 877 2914 manet,
917 2850 1155 2909 diversis
1221 2855 1569 2926 temporibus
1615 2857 1861 2928 locisque
1901 2875 1965 2913 va

2100 2868 2247 2938 μένει
2303 2871 2396 2921 καὶ
2453 2845 2772 2942 ἀδιάόλήτος
2833 2871 2926 2924 ἐπὶ
2986 2875 3195 2943 καιροῖς
3246 2845 3520 2946 διαφόροις.
3561 2845 3637 2927 καί

412 2935 622 2992 viantes
673 2938 914 2995 visiones
967 2941 1194 3009 sistens,
1247 2951 1303 3000 et
1351 2945 1545 3000 harum
1595 2949 1950 3018 spectatrices

2093 2960 2280 3024 τόποις
2307 2960 2730 3025 ὲναλλαττούσας
2759 2962 2855 3026 τὰς
2882 2964 3145 3029 ὀπτασίας
3169 2967 3426 3035 εἰσάγων,
3453 2967 3536 3020 καὶ
3559 2964 3637 3027 τὰς

414 3026 548 3082 item
597 3029 872 3098 diversas,
904 3033 1042 3089 duas
1099 3035 1224 3090 illas
1278 3038 1492 3108 priores
1542 3039 1791 3097 diversas
1825 3057 1855 3095 a
1903 3057 1960 3098 se

2094 3051 2296 3106 τούτων
2331 3053 2569 3125 θεωροὺς
2616 3055 2776 3109 πάλιν
2804 3055 3093 3128 διαφόρους
3112 3026 3138 3125 ,ν
3177 3026 3371 3131 ἑτέρας
3413 3026 3518 3131 ήμὲν
3559 3026 3636 3120 τὰς

412 3119 617 3184 cunda,
648 3121 948 3193 tertiasque
998 3125 1256 3182 similiter
1307 3144 1339 3182 a
1387 3131 1602 3200 quartis
1653 3131 1968 3190 dilferentes

2093 3141 2186 3196 δύο
2221 3119 2462 3215 πρώτας,
2507 3146 2656 3218 παρά
2685 3147 2784 3220 τὴν
2812 3119 3098 3219 δευτέραν·
3140 3150 3236 3202 καὶ
3270 3119 3370 3215 τὰς
3399 3119 3568 3223 τρίτας
3593 3149 3637 3202 δὲ

409 3208 683 3266 Nimirum
735 3221 858 3284 post
902 3215 1124 3285 juvenis
1170 3232 1297 3274 cum
1338 3223 1632 3291 postremis
1667 3225 1970 3282 mulieribu:

2097 3233 2357 3300 ὡσαύτως
2382 3237 2577 3309 ἐτέρας
2605 3238 2713 3289 τῶν
2750 3239 3041 3312 τετάρτων.
3094 3243 3306 3297 Αὐτίκα
3329 3244 3370 3296 δ’
3404 3240 3489 3298 οὖν
3527 3244 3637 3316 μετά

409 3301 766 3373 colloquium,
797 3322 1030 3378 quarum
1067 3311 1291 3366 nomina
1322 3328 1431 3368 non
1467 3326 1769 3384 ponuntur,
1812 3319 1961 3390 pergi

2097 3327 2197 3400 τὴν
2217 3327 2309 3381 τοῦ
2326 3329 2606 3383 νεανίσκου
2639 3331 2776 3402 πρὸς
2803 3331 2899 3395 τάς
2924 3332 3239 3398 τελευταίας
3259 3339 3515 3404 γυναῖκας
3543 3339 3638 3406 ὁμι-

408 3391 593 3450 dicere
619 3393 838 3453 Marcus
873 3417 885 3454 :
927 3419 942 3451 ι
975 3399 1094 3466 Quo
1137 3404 1327 3458 audito
1371 3404 1649 3476 fugerunt,
1681 3419 1734 3463 et
1783 3413 1965 3466 nemin

2095 3420 2236 3484 λίαν,
2258 3415 2332 3474 ὧν
2352 3422 2418 3475 τά
2447 3422 2682 3493 ὀνόματα
2713 3424 2812 3477 οὐκ
2829 3424 3180 3497 ἐμφέρονται,
3199 3429 3440 3497 ἐπιλέγει
3455 3431 3480 3481 6
3509 3427 3638 3498 Μάρ-

407 3481 707 3554 quidquam
749 3487 1028 3554 dixerunt,
1067 3492 1336 3548 timebant
1388 3497 1558 3552 enim.
1595 3517 1613 3549 ι
1649 3496 1742 3554 lla:
1790 3517 1970 3573 nempt

2095 3527 2211 3575 κος·
2242 3531 2258 3561 ι
2285 3511 2394 3565 Καὶ
2428 3512 2726 3566 ἀκούσασαι
2760 3513 2978 3584 ἔφυγον,
3015 3517 3108 3570 καὶ
3124 3517 3300 3573 ούδενὶ
3328 3520 3473 3572 οὐδὲν
3493 3513 3636 3579 εἶπον,

2093 3603 2386 3674 ἐφοϐοῦντο
2421 3604 2560 3676 γάρ·
2594 3625 2613 3658 ι
2649 3603 2807 3659 αὗται
2829 3607 2925 3678 μὲν
2942 3604 3033 3662 οὖν
3048 3611 3296 3664 τοιαῦται
3314 3612 3639 3683 καὶὲμφοεοι,

2092 3697 2188 3748 καὶ
2219 3696 2339 3749 λίαν
2359 3696 2548 3763 δειλαὶ,
2564 3697 2638 3762 ὼς
2659 3699 2791 3770 μηδὲ
2817 3701 3103 3773 πεισθῆναι
3121 3701 3199 3774 τῷ
3218 3706 3484 3776 νεανίσκῳ
3503 3706 3633 3774 φάντι

2092 3785 2226 3857 πρὸς
2262 3785 2462 3850 αὐτάς·
2510 3806 2527 3836 ε
2567 3787 2832 3857 Ὑπάγετε
2881 3791 2976 3844 καὶ
3020 3789 3211 3846 εἴπατε
3249 3797 3366 3858 τοῖς
3401 3794 3633 3866 μαθηταῖς

2088 3877 2251 3930 αὐτοῦ
2285 3879 2378 3930 καὶ
2422 3875 2500 3948 τῷ
2555 3878 2779 3951 Πέτρῳ,
2818 3879 2947 3934 Ἰδοὺ
2989 3883 3221 3954 προάγει
3255 3885 3401 3956 ὑμᾶς
3449 3886 3522 3947 είς
3559 3883 3637 3953 τὴν

2088 3966 2407 4020 Γαλιλαίαν·
2455 3987 2474 4019 ι
2520 3967 2725 4021 τούτων
2774 3969 2882 4042 γὰρ
2935 3971 3240 4026 ἀκούσασαι
3302 3975 3414 4028 τῶν
3466 3973 3632 4044 λόγων,

2085 4057 2394 4113 τούναντίον
2425 4059 2783 4132 διεπράξαντο
2807 4079 2820 4093 ο
2856 4065 2911 4116 αί
2939 4062 2995 4116 δὲ
3028 4064 3178 4135 παρά
3206 4066 3286 4137 τῷ
3308 4068 3490 4139 Λουκᾷ
3523 4068 3636 4119 ἀπο-

2088 4150 2386 4222 στρέψασαι
2450 4153 2557 4206 ἀπὸ
2613 4153 2708 4207 τοῦ
2763 4157 3042 4227 μνήματος
3094 4159 3441 4233 ἀπήγγειλαν
3489 4160 3632 4214 ταῦτα

2083 4245 2260 4298 πάντα
2280 4249 2390 4308 τοῖς
2419 4245 2631 4301 ἕνδεκα.
2660 4246 2886 4318 Ὁμοίως
2912 4249 2966 4302 δὲ
2991 4251 3082 4304 καὶ
3108 4253 3139 4324 ἡ
3163 4254 3319 4325 παρὰ
3342 4254 3418 4325 τῷ
3445 4255 3630 4325 Ἰωάννῃ

2081 4337 2300 4408 ἔρχεται
2335 4337 2468 4410 πρὸς
2492 4339 2619 4402 τοὺς
2651 4339 2898 4410 μαθητὰς
2919 4343 3338 4411 ἀπαγγέλλουσα
3365 4346 3400 4400 ἃ
3425 4345 3628 4420 ἑώρακε.

403 4410 641 4468 vereque
674 4401 950 4471 serotinae,
995 4404 1068 4460 ita
1101 4415 1159 4460 ut
1187 4422 1315 4478 post
1341 4419 1523 4467 ortum
1551 4414 1682 4469 illuc
1713 4432 1970 4487 pervene-

2080 4401 2254 4484 ιιίὀναι
2287 4430 2342 4482 δὲ
2374 4401 2617 4502 αἶ’παρά
2643 4401 2720 4504 τῷ
2750 4401 2962 4506 Μάρκῳ
2997 4401 3186 4489 πασῶν
3217 4437 3446 4492 ὕσταται
3473 4401 3631 4490 ἐλθοῦ-

399 4487 515 4542 rint
547 4528 562 4555 ,
595 4505 773 4560 neque
803 4493 1148 4552 Servatorem
1178 4500 1364 4558 videre
1398 4503 1575 4577 dignae
1603 4505 1846 4575 fuerunt,
1875 4527 1970 4569 ne-

399 4592 509 4619 nlm
552 4595 722 4619 unum
765 4580 1063 4619 fulua-ua...
1103 4592 1352 4619 unum...“
1425 4611 1597 4619 ..Α-η-
1649 4597 1779 4619 an”
1831 4601 1843 4619 ς
1890 4610 1903 4619 .
1951 4618 1961 4619 ,

2082 4531 2192 4581 σαιν
2230 4517 2324 4570 καὶ
2352 4516 2566 4588 ἀληθῶς
2592 4519 2917 4589 ὀψισθεῖσαι,
2945 4523 3020 4587 ὡς
3044 4522 3183 4595 μετά
3216 4528 3479 4601 ἀνατολὴν
3503 4527 3628 4600 ἡλίου

398 4592 509 4646 que
552 4595 724 4634 unum
765 4580 1064 4655 fulgentem
1103 4592 1378 4660 angelum,
1425 4611 1602 4666 neque
1643 4597 1782 4656 duos
1829 4601 1970 4656 intra

2181 4580 2184 4581 '
2443 4580 2455 4588 '
2546 4580 2557 4583 '
2637 4580 2648 4589 '
2905 4580 2914 4587 '
2999 4580 3014 4587 '
3044 4580 3056 4595 ι
3227 4580 3230 4581 ⁷
3295 4580 3376 4582 ”"
3439 4580 3469 4601 ι·
3522 4580 3532 4600 ι

2080 4610 2386 4679 ἐπιστῆναι,
2407 4609 2530 4664 οὔτε
2560 4613 2650 4665 τὸν
2679 4615 2906 4686 Σωτῆρα
2929 4616 3224 4673 θεάσασθαι
3250 4621 3628 4688 καταξιούνται,

397 4682 839 4741 monumentum,
883 4695 1060 4750 neque
1103 4681 1227 4740 illos
1261 4702 1399 4756 quos
1440 4689 1585 4748 viros
1606 4691 1738 4748 dicit
1761 4693 1970 4755 Lucas:

2077 4698 2199 4752 οὔτε
2223 4700 2315 4753 τὸν
2347 4702 2576 4771 ἄγγελον
2608 4703 2698 4757 τὸν
2729 4704 3190 4778 ὲξαστράπτοντα,
3225 4711 3351 4766 οὔτε
3396 4716 3516 4778 τοὺς
3553 4711 3629 4764 δύο

395 4763 689 4832 quemdam
740 4773 1123 4827 tantummodo
1163 4775 1420 4845 juvenem
1463 4793 1795 4853 aspexerunt
1839 4805 1970 4844 can-

402 4854 516 4874 i”-
938 4873 943 4874 κ

2076 4791 2200 4854 τοὺς
2227 4792 2358 4846 εἴσω
2407 4793 2500 4847 τοῦ
2536 4796 2833 4868 μνήματος,
2885 4799 3007 4853 οὕτε
3041 4803 3164 4866 τοὺς
3202 4803 3296 4856 δύο
3345 4807 3468 4868 τοὺς
3501 4802 3626 4874 παρὰ

395 4854 524 4910 dida
553 4857 695 4912 stola
727 4873 1048 4932 coopertum
1077 4905 1092 4930 ,
1121 4882 1422 4939 congruam
1475 4874 1685 4945 exiguae
1729 4877 1970 4948 ipsarum

2076 4883 2151 4952 τῷ
2194 4885 2376 4956 Λουκᾷ
2426 4886 2659 4959 άνδρας’
2701 4888 2856 4959 ψιλὸν
2905 4891 2960 4944 δέ
3013 4909 3133 4947 τινα
3184 4897 3467 4950 νεανίσκον
3509 4892 3624 4948 εἶδον

393 4948 565 5003 menti
592 4949 860 5006 visionem
893 4965 1201 5013 consecuta:
1233 4978 1248 5015 :
1287 4971 1342 5016 et
1389 4963 1537 5019 hunc
1560 4967 1804 5024 albatum
1845 4970 1968 5028 festi

409 3576 631 3630 fuerunt
674 3577 968 3648 ejusmodi,
1002 3583 1215 3652 pavidae
1259 3600 1325 3641 ac
1372 3588 1539 3646 nimis
1595 3591 1982 3658 formidolosae,

406 3664 464 3719 in
484 3671 697 3720 tantum
733 3677 789 3723 ut
824 3686 892 3724 ne
917 3671 1108 3741 juveni
1137 3675 1357 3745 quidem
1393 3681 1762 3738 auscultarint
1782 3685 1984 3740 dicenti

405 3757 487 3813 eis
524 3776 538 3812 :
577 3778 596 3812 ι
629 3759 705 3815 Ite
733 3769 788 3816 et
823 3761 991 3819 dicite
1032 3766 1322 3837 discipulis
1357 3771 1478 3840 ejus
1508 3781 1561 3828 et
1599 3773 1763 3830 Petro
1793 3795 1807 3832 :
1841 3777 1984 3836 Ecce

405 3851 667 3920 praecedit
696 3868 792 3908 vos
824 3854 880 3908 in
911 3855 1208 3915 Galilaeam.
1245 3881 1263 3912 ι
1309 3862 1404 3918 llis
1449 3865 1594 3920 enim
1627 3868 1828 3925 auditis
1868 3887 1984 3927 ser-

404 3939 684 4003 monibus,
735 3945 1376 4006 contrariumfecerunt.
1426 3953 1496 4006 At
1541 3956 1646 4010 illa:
1683 3959 1828 4030 apud
1868 3959 1979 4016 Lu—

404 4042 550 4094 cam,
579 4030 647 4085 de
690 4045 1049 4091 monumento
1095 4054 1358 4107 reversae,
1418 4047 1812 4105 nuntiaverunt
1863 4051 1980 4108 haec

404 4122 588 4176 omnia
628 4125 902 4183 undecim.
940 4127 1204 4187 Similiter
1226 4143 1279 4188 et
1310 4138 1452 4206 apud
1481 4138 1750 4197 Joannem
1783 4146 1979 4202 mulier

404 4214 552 4268 venit
597 4215 664 4270 ad
703 4217 1025 4289 discipulos,
1081 4239 1265 4278 rerum
1301 4245 1437 4298 quas
1492 4230 1703 4287 viderat
1758 4237 1972 4293 nuntia.

404 4302 546 4361 Sola:
574 4307 680 4363 illae
719 4310 864 4379 apud
910 4310 1156 4369 Marcum
1185 4326 1472 4387 postremae
1503 4327 1972 4394 supervenientes,

391 5054 562 5096 causa
592 5051 908 5112 spectantes
930 5086 945 5112 ,
981 5054 1164 5106 tamen
1199 5052 1484 5112 admiratae
1517 5068 1680 5129 sunt;
1705 5063 1786 5117 sic
1820 5064 1967 5119 enim

390 5131 459 5186 de
513 5132 602 5188 his
650 5134 868 5194 Marcus
922 5147 1196 5212 testatur;
1227 5161 1539 5219 quanquam
1586 5152 1642 5206 in
1686 5155 1966 5224 prioribus

389 5223 539 5278 nulla
569 5229 812 5297 stuporis
847 5235 1051 5288 mentio
1084 5243 1187 5291 est.
1225 5237 1338 5310 Age
1380 5257 1530 5309 vero,
1587 5223 1964 5315 Magdalenam

388 5325 709 5374 constanter
734 5321 787 5376 in
814 5323 934 5379 loco
963 5339 1429 5397 perseverantem,
1458 5334 1721 5392 credibile
1747 5347 1831 5394 est
1855 5355 1962 5395 non

389 5406 600 5474 priores
634 5419 848 5468 tantum
883 5419 1252 5488 apparitiones
1280 5423 1486 5480 vidisse
1523 5429 1842 5499 angelorum
1867 5433 1961 5502 qui

388 5497 494 5553 sibi
539 5501 634 5554 uni
662 5517 1042 5576 occurrerant,
1075 5512 1171 5567 sed
1215 5521 1269 5568 et
1320 5515 1471 5571 illum
1523 5497 1666 5588 apud
1716 5521 1960 5577 Marcum

387 5590 617 5663 reliquis
664 5598 989 5657 mulieribus
1041 5616 1398 5674 conspectum
1461 5610 1740 5680 juvenem.
1808 5616 1956 5670 Idem

385 5683 541 5741 dicas
595 5686 724 5742 licet
764 5693 931 5747 etiam
975 5695 1043 5751 de
1090 5697 1321 5753 historia
1379 5703 1521 5774 apud
1583 5702 1806 5776 Lucam,
1862 5711 1956 5780 qui

386 5785 510 5852 post
542 5778 837 5847 multarum
881 5787 1171 5845 mulierum
1223 5792 1538 5863 adventum,
1571 5807 1625 5854 et
1652 5808 1774 5872 post
1819 5778 1956 5858 duo-

2074 4976 2532 5050 περιϐεϐλημένον
2584 4983 2773 5054 στολὴν
2827 4985 3058 5059 λευκὴν,
3099 4987 3383 5058 ἀναλόγως
3544 4989 3625 5057 τῆς

2069 5067 2305 5133 διανοίας
2354 5071 2534 5125 αὐτῶν
2588 5077 2912 5150 σμικρότητι
2963 5080 3062 5152 τὴν
3105 5081 3374 5135 ὀπτασίαν
3407 5082 3619 5135 ἰδοῦσαι·

2070 5159 2162 5212 καὶ
2189 5159 2379 5214 τοῦτον
2409 5162 2464 5216 δὲ
2511 5162 2830 5238 λευχειμονα
2862 5170 2961 5242 τῆς
3014 5172 3206 5244 ἑορτῆς
3237 5173 3400 5244 χάριν
3445 5171 3622 5226 θεασά·

2071 5268 2250 5320 μεναι,
2283 5254 2432 5324 ὅμως
2464 5255 2912 5332 ἐθαυμάσθησαν·
2942 5263 3098 5317 τοῦτο
3128 5264 3236 5337 γάρ
3261 5265 3620 5338 ἐμαρτύρησεν

2067 5343 2256 5408 αὑταῖς
2283 5347 2311 5398 6
2354 5349 2608 5420 Μάρκος·
2665 5352 2906 5422 καίτοιγε
2947 5356 3039 5408 ἐπὶ
3070 5357 3179 5409 τῶν
3217 5359 3496 5430 προτέρων
3528 5373 3618 5427 μη-

2064 5433 2235 5503 δαμοῦ
2263 5437 2356 5489 τοῦ
2400 5437 2640 5510 θάμϐους
2687 5442 3094 5515 ὠνομασμένου.
3123 5447 3232 5519 Τὴν
3277 5443 3615 5518 Μαγδαληνὴν

2062 5526 2119 5580 δὲ
2150 5527 2514 5599 σχολάζουσαν
2537 5534 2630 5588 καὶ
2658 5537 3188 5608 προσκαρτεροῦσαν,
3214 5541 3365 5604 εἰκὸς
3393 5541 3452 5593 ού
3478 5540 3615 5610 μόνον

2060 5619 2159 5684 τὰς
2193 5620 2414 5691 πρώτας
2451 5623 2601 5695 ὄψεις
2639 5627 2926 5681 τεθεᾶσθαι
2957 5629 3066 5683 τῶν
3111 5633 3247 5704 αὐτῇ
3285 5633 3421 5706 μόνῃ
3447 5631 3614 5703 ὀφθένο

2059 5730 2199 5778 των,
2246 5715 2383 5769 ἀλλὰ
2412 5717 2505 5770 καὶ
2551 5718 2644 5774 τὸν
2698 5721 2846 5794 παρά
2891 5722 2968 5793 τῷ
2997 5724 3206 5797 Μάρκῳ
3253 5728 3378 5791 ταῖς
3425 5725 3612 5784 λοιπαῖς

2059 5806 2305 5878 γυναιξὶν
2345 5810 2655 5882 ἑωραμένον
2687 5815 2984 5874 νεανίσκον.
3015 5817 3218 5872 Ταύτόν
3262 5819 3310 5873 δ’
3350 5818 3414 5873 ἂν
3460 5818 3611 5879 εἴποις
