3868 6264
248 359 345 415 997
1097 329 1606 406 sonituum“
1644 348 2122 416 QUJESTIONUM
2163 350 2255 405 AD
2295 352 2642 409 MARINUM.
3367 357 3473 414 998

245 473 334 530 καὶ
365 470 452 522 ἐπὶ
477 468 573 530 τῆς
608 465 751 518 κατά
788 465 878 519 τὸν
905 466 1121 522 Λουκᾶν
1156 467 1416 539 ἱστορίας,
1443 466 1500 530 ὃς
1542 466 1676 535 μετά
1707 464 1772 536 τὴ

1909 481 2028 520 rum
2061 467 2302 521 virorum
2335 470 2467 538 ipsis
2497 469 2804 525 oblatarum
2855 467 3120 525 visionem
3142 509 3158 534 ,
3190 469 3364 541 pergit
3387 472 3471 525 di-

245 561 414 634 ἄφιξιν
438 557 544 612 τῶν
573 556 782 611 πολλῶν
815 557 1108 626 γυναικῶν,
1131 559 1228 612 καὶ
1257 559 1393 629 μετά
1418 558 1514 630 τὴν
1544 558 1670 612 θέαν
1694 558 1772 610 τῶ

1905 571 2048 621 cere,
2078 557 2224 628 quod
2272 571 2534 629 regressae
2587 561 2654 616 de
2701 568 3076 622 monumento,
3127 560 3239 615 haec
3287 564 3472 617 omnia

243 651 501 722 ὀφθέντων
531 645 719 709 αὐταῖς
766 646 858 699 δύο
888 645 1094 717 ἀνδρῶν
1120 646 1382 717 διηγεῖται
1415 645 1610 714 λέγων·
1641 664 1659 698 ι
1694 647 1772 699 Κα

1905 649 2340 704 renuntiaverint
2388 651 2676 722 discipulis
2730 651 3004 707 undecim.
3035 650 3164 707 Post
3190 667 3310 722 quae
3344 653 3419 706 ait
3452 671 3466 706 :

244 738 638 810 ἀποστρέψασαι
685 737 792 790 ἀπὸ
828 738 921 791 τοῦ
964 738 1228 809 μνημείου
1263 739 1601 808 ἀπήγγειλαν
1632 738 1772 792 ταῦτι

1907 757 1926 790 ι
1971 739 2138 793 Eram
2210 749 2392 796 autem
2475 742 2643 796 Maria
2699 741 3034 815 Magdalene,
3071 762 3088 794 ι
3126 751 3183 798 et
3237 743 3467 813 reliqua.

244 834 406 888 πάντα
426 831 535 891 τοῖς
563 828 770 881 ἕνδεκα·
793 848 810 881 ι
834 827 916 892 οἷς
942 825 1432 901 ὲπιφέρειμἯσαν
1457 830 1512 882 δὲ
1529 833 1560 902 ἡ
1578 831 1799 899 Μαγδα-

241 924 362 995 ληνὴ
388 921 592 992 Μαρία,
621 940 636 972 ι
665 923 759 974 καὶ
787 921 853 975 τὰ
876 922 1022 991 έξῆς.
1054 924 1166 976 Οὐκ
1195 923 1422 986 ἀπεικὸς
1452 925 1548 994 μὲν
1571 923 1679 995 γὰρ
1707 919 1796 995 ἦν,

241 1010 326 1062 καὶ
349 1009 439 1061 νῦν
472 1008 632 1063 πάλιν
655 1010 752 1080 τὴν
779 1011 1144 1083 Μαγδαληνὴν
1173 1013 1338 1066 πάλαι
1382 1013 1797 1084 προαφιγμένην

237 1099 325 1153 καὶ
357 1100 770 1170 παραμείνασαν
799 1102 1030 1166 εὐτόνως
1065 1105 1214 1174 παρά
1249 1104 1327 1174 τῷ
1363 1106 1605 1176 μνήματι
1632 1105 1797 1176 εὑρῆ-

241 1191 388 1253 σθαι,
440 1191 527 1242 ὅτε
581 1189 769 1244 πολλαὶ
817 1192 925 1246 ἀπὸ
973 1196 1073 1264 τῆς
1115 1194 1399 1258 Γαλιλαίας
1447 1195 1793 1250 συνελθοῦσαι

237 1284 478 1351 γυναῖκες
521 1283 774 1352 ἀπήντων
808 1285 900 1338 ἐπὶ
927 1285 1016 1338 τὸν
1045 1285 1214 1355 τάφον
1254 1287 1512 1358 φέρουσαι
1547 1286 1616 1340 τὰ
1649 1287 1792 1359 ἀρώ-

239 1387 390 1440 ματα,
429 1370 567 1424 ῶστε
609 1375 702 1428 καὶ
747 1375 913 1442 αὐτὴν
948 1376 1064 1446 ἃμα
1113 1379 1233 1440 ταῖς
1274 1379 1485 1442 λοιπαῖς
1533 1380 1658 1442 τοὺς
1701 1379 1793 1432 δύο

235 1461 417 1532 ἄνδρας
450 1461 754 1525 τεθεᾶσθαι,
787 1465 879 1518 καὶ
905 1466 1013 1518 τῶν
1037 1464 1212 1534 λόγων
1244 1466 1422 1519 αὐτῶν
1459 1467 1785 1536 ἀκηκοέναι·

233 1550 337 1606 εἶτα
370 1555 462 1607 σὺν
491 1557 613 1618 ταῖς
635 1556 856 1620 πολλαῖς
879 1556 1190 1611 ἐπανελθεῖν
1224 1559 1319 1613 καὶ
1344 1559 1654 1630 ,διηγεῖσθαι
1679 1561 1790 1623 τοῖς

231 1647 426 1700 ἕνδεκα.
451 1648 682 1702 Δύναται
707 1650 762 1702 δὲ
797 1652 890 1704 καὶ
919 1652 1090 1715 ἄλλως
1114 1654 1142 1704 ὁ
1165 1652 1342 1722 λόγος,
1375 1654 1442 1707 τά
1475 1654 1573 1723 μὲν
1598 1652 1788 1724 πρῶτα

229 1744 337 1804 ταῖς
381 1742 487 1794 ἀπὸ
520 1743 620 1813 τῆς
657 1743 946 1808 Γαλιλαίας
991 1745 1237 1813 γυναιξὶν
1271 1748 1601 1816 ἀπονεῖμαι,
1643 1745 1788 1814 λέγω

1901 829 2112 901 Quippe
2142 831 2286 888 haud
2313 842 2398 888 est
2437 834 2814 898 inverisimile,
2848 849 2995 888 nunc
3028 835 3224 890 iterum
3250 834 3470 906 Magda-

1899 923 2077 978 lenam
2109 925 2251 994 (qua:
2299 934 2460 980 antea
2506 926 2683 996 prima
2730 925 2902 980 iverat
2931 965 2946 989 ,
2998 925 3322 996 fortiterque
3358 927 3471 982 illic

1899 1016 2366 1086 perseveraverant)
2398 1017 2538 1085 apud
2567 1025 2979 1072 monumentum
3017 1018 3190 1073 fuisse
3217 1033 3468 1088 comper-

1898 1113 2030 1170 tam,
2063 1121 2188 1160 cum
2221 1107 2325 1161 illae
2362 1108 2548 1177 plures
2577 1125 2640 1162 ex
2672 1107 2894 1164 Galilaea
2919 1110 3306 1166 convenientes
3353 1125 3468 1164 mu-

1896 1197 2056 1252 lieres
2085 1197 2153 1251 ad
2182 1200 2492 1267 sepulcrum
2523 1209 2788 1255 venerunt
2820 1208 3065 1255 aromata
3093 1201 3353 1268 ferentes,
3382 1203 3459 1257 ita

1897 1297 1955 1343 ut
2006 1289 2123 1359 ipsa
2169 1305 2384 1361 quoque
2426 1306 2550 1345 cum
2596 1292 2809 1346 caeteris
2861 1293 3000 1347 duos
3045 1293 3192 1348 viros
3240 1294 3460 1359 viderit,

1893 1393 2192 1451 eorumque
2213 1382 2377 1435 verba
2412 1382 2725 1447 audiverit;
2759 1391 2813 1437 et
2843 1381 3039 1437 deinde
3066 1397 3189 1436 cum
3224 1383 3331 1438 illis
3375 1401 3462 1440 rc-

1892 1486 2078 1542 gressa
2129 1488 2242 1527 rem
2289 1473 2542 1528 undecim
2573 1476 2929 1530 enarraverit.
2985 1474 3368 1532 Verumtamen
3405 1485 3460 1532 ct

1892 1565 2046 1619 aliter
2088 1566 2316 1636 proponi
2370 1567 2683 1636 explanatio
2757 1574 2973 1637 potest:
3007 1583 3200 1638 nempe
3251 1575 3310 1622 ut
3370 1583 3460 1624 res

1891 1657 2100 1726 priores
2127 1659 2446 1712 mulieribus
2495 1657 2735 1713 Galilaeis
2785 1658 3117 1722 tribuamus,
3162 1659 3456 1714 adventum

1891 1748 2014 1802 dico
2049 1750 2115 1804 ad
2147 1749 2483 1820 sepulcrum,
2534 1757 2587 1805 et
2634 1756 2936 1803 aromatum
2973 1749 3368 1814 advectionem,
3403 1758 3457 1804 et

228 1833 284 1903 δὴ
308 1833 402 1902 τὴν
437 1837 516 1898 είς
543 1836 606 1887 τὸ
645 1836 833 1907 μνῆμα
864 1837 1066 1906 ἄφιξιν,
1095 1839 1189 1891 καὶ
1213 1837 1310 1908 τὴν
1342 1838 1450 1890 τῶν
1484 1838 1772 1910 ἀρωμάτωπ

1888 1839 2124 1894 oblatam
2154 1841 2288 1911 ipsis
2317 1842 2549 1895 duorum
2578 1842 2821 1893 virorum
2851 1840 3139 1906 visionem,
3171 1850 3226 1895 et
3259 1841 3454 1895 horum

229 1926 457 1996 κομιδὴν,
491 1928 594 1999 τήν
636 1945 695 1980 τε
738 1929 1035 2000 γενομένην
1079 1931 1269 1994 αύταῖς
1296 1930 1402 1984 τῶν
1441 1930 1534 1984 δύο
1578 1931 1772 2002 ἀνδρῶι

1890 1931 1956 1982 ad
1986 1930 2134 2001 ipsas
2165 1946 2470 1987 sermones.
2502 1929 2571 1984 At
2597 1932 2848 1985 nuntium
2875 1931 3160 2000 discipulis
3196 1930 3453 1986 undecim

227 2016 548 2085 ἐπιφάνειαν,
575 2020 668 2072 καὶ
696 2022 819 2082 τοὺς
844 2020 1046 2074 τούτων
1076 2022 1210 2093 πρὸς
1242 2020 1413 2085 αὐτὰς
1441 2021 1631 2090 λόγους
1652 2039 1664 2052 ·
1689 2021 1787 2093 τὴν

230 2106 316 2176 μὲν
364 2101 456 2161 οὖν
493 2109 834 2178 ἀπαγγελίαν
877 2111 974 2182 τὴν
1005 2111 1141 2184 πρὸς
1192 2113 1317 2172 τοὺς
1359 2111 1549 2170 ἕνδεκα
1591 2113 1787 2183 μηκέτι

225 2200 344 2270 παρ’
375 2199 552 2254 αὐτῶν
589 2201 747 2272 μόνον
777 2203 1127 2274 γεγενῆσθαι,
1162 2203 1277 2256 ἀλλ’
1310 2202 1446 2274 ὁμοῦ
1480 2204 1632 2274 παρά
1675 2220 1784 2256 πα·-

225 2289 339 2354 σῶν,
367 2291 605 2362 ἑκάστης
648 2293 684 2348 ἃ
727 2294 950 2349 τεθέατο
992 2295 1358 2366 διηγημένης·
1401 2297 1458 2348 ὲν
1504 2290 1590 2359 αἷς
1625 2295 1783 2350 πάλιν

219 2381 306 2452 τὴν
342 2383 711 2456 Μαγδαληνὴν
741 2380 877 2438 εἶναι
915 2385 1052 2456 μετά
1082 2386 1193 2439 τῶν
1235 2385 1436 2440 λοιπῶν
1489 2387 1582 2439 καὶ
1615 2387 1781 2459 αὐτὴν

215 2477 313 2536 τοῖς
359 2475 633 2548 μαθηταῖς
677 2479 1126 2547 ἀπαγγέλλουσαν
1167 2478 1236 2533 τά
1288 2479 1433 2542 ἰδίως
1464 2480 1597 2552 μόνῃ
1639 2482 1777 2552 αὐτῇ

215 2566 498 2637 ἑωραμένα.

945 2709 1026 2760 Η’.

271 2815 373 2885 (67)
415 2816 567 2885 Ἐγὼ
597 2817 654 2870 δὲ
707 2817 926 2871 κάκεῖνο
966 2815 1142 2887 ζητῶ,
1189 2816 1306 2880 πῶς
1353 2817 1505 2890 παρὰ
1551 2819 1647 2888 μὲν
1697 2817 1774 2889 τῷ

210 2907 401 2980 Μάρκῳ
439 2911 690 2982 εῖρηται,
719 2911 795 2975 ὼς
824 2910 931 2983 ἄρα
962 2911 1338 2982 διαγενομένου
1371 2909 1464 2963 τοῦ
1494 2911 1772 2966 Σαδδάτου

208 3001 481 3072 ἡτοίμασαν
531 3002 834 3074 ἀρώματα,
883 3005 1030 3076 παρὰ
1080 3005 1136 3058 δὲ
1164 3003 1242 3075 τῷ
1286 3006 1468 3076 Λουκᾷ
1518 3006 1625 3076 πρὸ
1674 3005 1768 3058 τοῦ

206 3091 459 3146 Σαϐϐάτω
491 3095 648 3147 τοῦτ’
679 3095 920 3168 ἔπραξαν
952 3098 1010 3148 ἐν
1041 3097 1179 3166 αὑτῇ
1211 3099 1276 3167 τῇ
1308 3097 1658 3168 Παρασκευῇ.

1887 2017 2126 2072 delatum
2160 2034 2499 2090 nequaquam
2535 2021 2604 2076 ab
2634 2020 2718 2075 his
2747 2019 2962 2076 feminis
2981 2021 3116 2076 solis
3139 2019 3328 2085 fuisse,
3356 2022 3455 2077 sed

1886 2124 1917 2164 a
1950 2109 2162 2165 cunctis
2208 2111 2393 2176 simul,
2445 2112 2573 2166 dum
2624 2126 2961 2183 unaquaeque
2989 2127 3052 2167 ea
3084 2127 3205 2182 quae
3236 2113 3454 2167 viderat

1886 2201 2151 2270 referret;
2181 2219 2320 2274 quas
2373 2206 2534 2269 inter,
2581 2204 2909 2260 credendum
2937 2213 3022 2260 est
3071 2203 3450 2276 Magdalenam

1885 2293 2077 2360 fuisse,
2115 2309 2240 2349 cum
2287 2297 2514 2366 reliquis
2543 2306 2599 2351 et
2631 2296 2806 2367 ipsam
2856 2297 3145 2367 discipulis
3185 2297 3448 2352 nuntian-

1883 2391 1990 2439 tem
2022 2399 2085 2439 ea
2125 2401 2246 2456 quae
2276 2387 2532 2443 solitatim
2561 2394 2614 2443 et
2636 2387 2988 2459 singulariter
3017 2387 3247 2442 viderat.

2581 2697 2715 2754 VIII.

1945 2804 2057 2881 Ego
2089 2827 2218 2867 vero
2245 2820 2300 2868 et
2325 2813 2456 2867 illud
2487 2828 2691 2885 quaaro,
2724 2811 3000 2884 quomodo
3027 2812 3170 2883 apud
3203 2811 3443 2867 Marcum

1871 2899 2077 2956 dictum
2123 2903 2216 2970 sit,
2266 2903 2411 2975 quod
2451 2919 2576 2958 cum
2609 2901 3283 2968 Sabbatum'transiisset,
3315 2917 3442 2957 aro-
3488 2965 3491 2967 ε

1871 3005 2015 3048 mata
2043 2996 2401 3065 paraverint;
2445 2996 2587 3066 apud
2633 2994 2834 3050 Lucam
2884 3011 3014 3050 vero
3061 3004 3186 3051 ante
3235 2993 3443 3050 Sabba-

1871 3093 1984 3139 tum
2021 3085 2076 3139 id
2106 3095 2292 3157 agant,
2319 3086 2440 3157 ipsa
2467 3086 2798 3142 Parasceves
2828 3085 2935 3141 die.

266 3204 366 3257 Kal.
396 3205 565 3258 τοῦτο
590 3205 646 3258 δὲ
686 3209 798 3269 τοῖς
833 3206 1119 3277 προτέροις
1154 3207 1639 3277 συμπεπλεγμένον
1669 3205 1767 3276 ζη-

1939 3198 2064 3254 Ηαιο
2087 3214 2304 3270 quoque
2325 3199 2703 3270 superioribus
2727 3199 2992 3269 implicita
3014 3198 3439 3270 quaestionibus.

201 3293 420 3365 τήμασι,
470 3295 583 3365 τῆς
625 3295 818 3365 ὁμοίας
857 3294 1085 3355 ἐκείνοις
1137 3294 1289 3364 τύχοι
1339 3295 1405 3348 ἂν
1437 3295 1766 3366 ἑρμηνείας·

203 3385 622 3441 ἀποδεικνύντων
649 3387 706 3440 δὲ
729 3387 884 3457 ἡμῶν
903 3386 976 3458 μὴ
1009 3382 1142 3439 εἶναι
1169 3386 1265 3450 τὰς
1294 3386 1482 3450 αύτάς,
1511 3385 1624 3441 ἀλλ’
1650 3387 1768 3441 ἐτέ-

205 3491 290 3545 ρας
325 3479 418 3548 μὲν
455 3479 564 3542 τὰς
595 3479 702 3550 πρὸ
737 3478 830 3531 τοῦ
875 3477 1154 3532 Σαϐϐάτω
1211 3481 1268 3532 ἐν
1296 3478 1434 3549 αὐτῇ
1483 3480 1548 3549 τῇ
1586 3479 1769 3548 Παρα-

207 3573 379 3641 σκευῇ,
415 3572 539 3624 καθ’
572 3572 640 3642 ἢν
666 3571 928 3624 πέπονθεν
959 3573 987 3624 ὁ
1021 3570 1230 3642 Σωτὴρ,
1259 3571 1386 3642 περ).
1416 3571 1514 3641 τὴν
1546 3570 1766 3641 κηδείαν

203 3660 594 3734 ἀσχοληθείσας,
633 3665 824 3736 ἑτέρας
849 3664 905 3717 δὲ
941 3664 1040 3728 τὰς
1075 3664 1213 3735 μετά
1244 3665 1304 3716 τὸ
1334 3663 1607 3717 Σάϐδατον
1627 3681 1638 3694 ·
1671 3681 1765 3716 σα-

203 3754 304 3821 φῶς
334 3756 439 3827 γὰρ
486 3757 695 3820 ταύτας
742 3758 954 3820 Λουκᾶς
1001 3755 1392 3827 μεμαρτύρηκε
1441 3757 1561 3810 κατ’
1594 3755 1763 3826 αὐτὴν

202 3846 290 3918 τὴν
322 3851 530 3923 ἡμέραν
553 3849 648 3903 τοῦ
679 3849 884 3913 πάθους
914 3849 1084 3902 ταῦτα
1112 3849 1489 3920 πεποιηκέναι,
1512 3847 1761 3918 οὐδαμῶς

200 3940 443 4013 ὀνόματος
465 3943 743 4014 γυναικῶν
778 3943 1174 4014 μνημονεύσας,
1201 3942 1312 3995 ἀλλ’
1341 3943 1526 4006 ἀπλῶς
1573 3946 1759 4010 γυναῖ-

196 4051 287 4098 κας
310 4036 476 4090 εἰπὼν
504 4038 607 4101 τάς
631 4035 987 4100 συνελθούσας
1010 4034 1159 4105 αὑτῷ
1187 4034 1296 4088 ἀπὸ
1317 4034 1419 4103 τῆς
1439 4025 1754 4097 Γαλιλαίας·

193 4125 219 4176 ὁ
242 4125 294 4180 δὲ
340 4128 567 4201 Μάρκος
615 4129 873 4199 ὀνομαστὶ
919 4128 1069 4198 τρεῖς
1115 4125 1279 4196 μόνας
1320 4123 1592 4196 ἀνέγραψε
1635 4123 1754 4176 καθ’

192 4215 375 4283 tam;
406 4223 665 4294 πρόνοιαν
696 4219 1070 4291 πεποιημένας
1103 4218 1208 4270 τῶν
1240 4217 1566 4289 ἀρωμάτων,
1602 4215 1662 4268 ού
1687 4217 1750 4286 τῇ

191 4309 540 4386 Παρασκευῇ,
593 4313 730 4367 ἀλλά
781 4311 923 4383 μετά
953 4310 1291 4380 διαγενέσθαι
1323 4309 1383 4362 τὸ
1435 4307 1710 4362 Σάϐϐατον
1735 4324 1748 4338 ·

187 4401 367 4476 ἐτέρας
403 4405 459 4458 δὲ
508 4401 645 4458 εῖναι
676 4403 876 4467 ταύτας
906 4403 1056 4473 παρά
1099 4402 1197 4465 τὰς
1247 4399 1398 4472 παρὰ
1436 4397 1514 4468 τῷ
1545 4397 1747 4468 Λουκᾷν

1876 3307 2060 3362 parem
2112 3293 2222 3346 illis
2268 3291 2708 3362 explanationem
2761 3291 3039 3347 sortietur.
3081 3293 3292 3347 Etenim
3339 3308 3441 3348 nos

1870 3385 2390 3447 demonstravimus,
2423 3384 2565 3438 haud
2596 3382 2812 3438 easdem
2831 3397 2976 3446 esse,
3010 3383 3102 3437 sed
3127 3384 3285 3449 alias,
3316 3398 3441 3454 quae

1870 3483 1994 3532 ante
2031 3474 2326 3530 Sabbatum
2358 3475 2474 3544 ipsa
2521 3473 2853 3529 Parasceves
2887 3474 2995 3536 die;
3036 3489 3143 3543 qua
3173 3472 3438 3530 Dominus

1868 3581 2065 3636 passus
2096 3575 2203 3633 est,
2238 3567 2302 3620 ad
2327 3580 2446 3620 eam
2474 3579 2660 3618 curam
2684 3565 3086 3629 incubuerunt;
3115 3563 3252 3619 alias
3280 3579 3430 3628 vero,

1864 3673 1986 3728 qua:
2039 3665 2161 3728 post
2209 3637 2505 3710 Sabbatum
2540 3675 2552 3710 ε
2590 3655 2880 3725 perspicue
2919 3655 3064 3708 enim
3115 3654 3214 3709 has
3256 3652 3434 3710 Lucas

1864 3754 2099 3803 testatur
2141 3746 2259 3816 ipsa
2303 3746 2392 3801 die
2429 3744 2708 3800 Passionis
2753 3745 2804 3799 id
2841 3745 3036 3814 egisse,
3065 3745 3268 3799 nullius
3312 3761 3434 3799 mu-

1863 3837 2011 3892 lieris
2039 3843 2341 3892 memorato
2373 3836 2616 3898 nomine,
2643 3835 2738 3891 sed
2764 3834 3087 3906 simpliciter
3107 3833 3430 3890 mulieribus

1861 3929 2198 3994 memoratis,
2248 3944 2369 3999 qua:
2411 3943 2536 3982 cum
2583 3925 2714 3983 Jesu
2764 3934 3027 3981 venerant
3069 3925 3137 3980 de
3186 3924 3427 3980 Galilaea.

1861 4021 2076 4078 Marcus
2122 4031 2302 4076 autem
2344 4029 2458 4077 tres
2499 4021 2647 4078 solas
2675 4019 2998 4075 nominatim
3031 4019 3275 4090 scripsit,
3302 4031 3430 4073 aro-

1857 4121 2064 4168 matum
2090 4114 2253 4170 simul
2277 4128 2462 4168 curam
2497 4121 2770 4184 gerentes,
2794 4110 2939 4165 haud
2963 4110 3052 4165 die
3074 4109 3424 4174 Parasceves,

1856 4204 1949 4262 sed
1977 4204 2090 4275 jam
2133 4204 2373 4260 Sabbato
2406 4206 2778 4276 praeterlapso.
2817 4202 2928 4259 Has
2975 4217 3139 4273 porro
3179 4201 3426 4257 diversas

1853 4312 1978 4353 esse
2005 4297 2074 4351 ab
2098 4297 2206 4353 illis
2245 4295 2425 4362 Lucae,
2453 4296 2739 4367 sequentia
2774 4308 2991 4365 quoque
3019 4292 3420 4348 demonstrant.

1853 4387 1946 4445 He:
1984 4389 2244 4445 nimirum
2282 4389 2426 4458 apud
2476 4389 2717 4442 Marcum
2757 4386 3015 4441 mulieres
3051 4384 3303 4454 juvenem
3335 4385 3421 4437 vi-

186 4475 282 4545 xet
313 4494 381 4548 τά
433 4493 562 4565 ἑξῆς
603 4493 917 4563 ὲπαγόμενα
957 4492 1245 4546 δείκνυσιν.
1285 4485 1453 4544 Αὖται
1507 4488 1605 4559 μὲν
1655 4483 1748 4540 οὖν

1880 4485 1982 4538 Kent
2029 4483 2082 4537 in
2132 4482 2323 4536 dextra
2371 4488 2526 4551 parte
2572 4480 2876 4542 sedentem,
2908 4476 3001 4548 qui
3053 4483 3107 4532 et
3150 4475 3260 4531 illis
3293 4475 3415 4529 ait:

183 4589 429 4650 γυναῖκες
465 4564 619 4656 παρὰ
650 4584 728 4655 τῷ
754 4585 966 4656 Μάρκῳ
992 4583 1084 4636 τὸν
1114 4581 1392 4636 νεανίσκον
1422 4579 1591 4652 ὁρῶσι
1616 4578 1746 4631 καθ-

1911 4575 2090 4629 Nolite
2123 4574 2342 4638 timere;
2376 4571 2561 4628 Jesum
2600 4571 2849 4641 quaeritis,
2889 4568 3266 4634 Nazarenum;
3295 4581 3417 4622 sur-

183 4674 374 4744 ήμενον
408 4677 467 4730 ὲν
501 4679 614 4739 τοῖς
669 4675 880 4741 δεξιοῖς,
910 4674 968 4739 ὃς
998 4673 1091 4726 καί
1135 4689 1298 4744 φησιν
1344 4672 1562 4734 αὑταῖς·
1601 4688 1619 4721 ι
1650 4669 1740 4741 Μὴ

1880 4667 2014 4731 exit,
2045 4682 2153 4720 non
2184 4673 2269 4720 est
2299 4665 2405 4720 hic.
2449 4683 2466 4716 ι
2506 4663 2618 4718 Illis
2647 4672 2827 4718 autem
2867 4660 3010 4731 apud
3059 4658 3261 4713 Lucam
3306 4657 3416 4711 duo

181 4757 454 4835 φοϐεῖσθε·
499 4769 708 4840 Ἰησοῦν
750 4766 961 4838 ζητεῖτε
991 4765 1078 4817 τὸν
1122 4762 1470 4833 Ναζαρηνόν·
1509 4761 1738 4832 ἠγέρθη,

1880 4763 1953 4816 ’ῆι-ἱ
1994 4763 2282 4815 astiterunt
2309 4760 2363 4814 in
2395 4766 2547 4814 veste
2577 4758 2817 4827 fulgente
2845 4795 2858 4820 ,
2903 4765 2957 4810 et
2999 4754 3106 4808 alia
3143 4752 3306 4807 verba
3331 4752 3413 4805 di-

177 4856 268 4909 ούκ
304 4856 448 4910 ἐστιν
479 4850 604 4912 ὧδε.
626 4875 644 4908 ι
679 4857 810 4918 Ταῖς
843 4855 899 4908 δὲ
931 4852 1079 4924 παρά
1113 4852 1188 4923 τῷ
1226 4853 1407 4921 Δουκᾷ
1433 4849 1526 4902 δύο
1549 4851 1740 4920 ἄνδρες

1884 4859 2023 4906 unt:
2064 4870 2082 4902 ι
2121 4851 2232 4906 Cur
2281 4850 2528 4919 quaeritis
2575 4849 2852 4902 viventem
2897 4847 3039 4899 inter
3065 4841 3354 4898 mortuos?
3387 4860 3405 4891 ι

175 4949 474 5020 ἐπέστησαν
510 4952 568 5002 ὲν
598 4947 783 5019 ἐσθῆτι
817 4945 1222 5017 ἀστραπτούσῃ,
1256 4944 1348 4997 καὶ
1375 4943 1566 5014 ἐτέρας
1608 4959 1741 5013 προ-

1884 4943 2161 5013 treliqua.
2205 4942 2271 4996 Et
2305 4942 2409 4995 illae
2437 4939 2579 5010 apud
2610 4938 2850 4992 Marcum
2896 4934 3116 4990 monita)
3157 4931 3409 4985 mandata

175 5041 420 5112 φέρονται
467 5041 652 5112 φωνὰς
703 5041 985 5109 λέγοντες·
1018 5057 1036 5090 ι
1067 5038 1132 5090 Τί
1166 5036 1379 5107 ζητεῖτε
1430 5034 1521 5087 τὸν
1568 5032 1743 5096 ζῶντα

1880 5039 2104 5092 ιυηιίαῐο
2148 5035 2453 5104 discipulis,
2485 5032 2688 5086 nemini
2713 5027 3010 5100 quidquam
3038 5025 3308 5080 dixerunt.
3339 5020 3408 5074 At
3480 5071 3482 5074 ,

176 5132 304 5199 μετά
325 5133 436 5186 τῶν
457 5132 703 5203 νεκρῶν;
733 5152 749 5183 ι
787 5133 880 5184 καὶ
907 5129 978 5182 τὰ
1020 5129 1145 5200 ἑξῆς
1169 5145 1183 5159 ·
1219 5130 1313 5181 καὶ
1353 5128 1408 5180 αἱ
1443 5126 1541 5198 μὲν
1589 5127 1738 5198 παρά

1888 5131 1950 5184 lae
1989 5129 2150 5183 Lucae
2189 5127 2445 5198 profecta:
2479 5124 2875 5179 nuntiaverunt
2908 5117 3193 5187 discipulis
3237 5114 3409 5203 unde-

169 5225 240 5294 τῷ
268 5228 482 5301 Μάρκῳ
525 5201 823 5281 ἀκούσασαι
855 5226 966 5287 τοῖς
1011 5221 1279 5293 μαθηταῖς
1323 5219 1640 5288 ὲπαγγεῖλαι
1667 5217 1736 5270 τὰ

1880 5220 1970 5274 im.
2004 5219 2183 5285 Quare
2211 5233 2278 5273 ex
2303 5217 2390 5272 his
2413 5215 2668 5270 omnibus
2698 5209 2995 5280 colligitur,
3019 5205 3162 5260 haud
3187 5201 3404 5258 easdem

169 5319 591 5390 παρηγγελμένα
615 5336 629 5351 ·
677 5317 851 5372 οὐδενὶ
881 5314 1033 5368 οὐδὲν
1079 5310 1227 5367 εἶπον
1249 5329 1264 5344 ·
1292 5314 1346 5366 αἱ
1378 5311 1434 5364 δὲ
1479 5309 1626 5380 παρὰ
1657 5309 1733 5379 τῷ

1880 5313 2012 5366 tisse
2036 5311 2314 5374 mulieres,
2343 5309 2575 5378 ideoque
2611 5321 2712 5360 nec
2746 5318 2858 5358 uno
2897 5312 3139 5371 tempore
3175 5311 3240 5352 ea
3284 5309 3405 5364 quae

166 5405 340 5478 Λουκᾷ
377 5408 727 5480 πορευθεῖσαι
754 5404 1093 5476 ἀπήγγειλαν
1126 5406 1235 5468 τοῖς
1265 5403 1474 5455 ἕνδεκα·
1530 5401 1604 5463 ὡς
1642 5399 1732 5453 διά

1881 5419 1893 5455 ι
1919 5403 2138 5472 scriptis
2170 5409 2476 5466 sunt,.esse
2505 5405 2742 5469 peracta.

162 5499 358 5556 τούτων
402 5503 658 5556 ἀπάντων
707 5498 1051 5567 συνάγεσθαι,
1087 5499 1160 5569 μὴ
1207 5497 1306 5560 τὰς
1339 5495 1506 5557 αύτάς
1551 5489 1718 5548 εἶναι·
1760 5494 1840 5547 διὸ
1904 5495 2036 5567 μηδὲ
2088 5496 2175 5564 ὑφ’
2201 5495 2296 5548 ἕνα
2334 5493 2523 5564 καιρὸν
2557 5485 2909 5574 πεπκηιὲοιι
2956 5482 3024 5538 τὰ
3056 5481 3404 5550 ἀναγεγραμ-

169 5589 314 5657 μένα.

230 5770 338 5840 (ες-ι)
376 5769 518 5826 Cod.
546 5770 612 5837 A,
646 5769 681 5824 r.
717 5766 920 5833 515,1).
