3868 6264
418 343 524 401 999

1118 469 1244 542 11X.

492 612 618 669 Haec
640 612 747 669 illis
771 609 1126 681 loquentibus
1148 610 1298 666 stetit
1315 609 1477 667 Jesus
1501 610 1555 665 in
1575 609 1759 667 medio
1779 624 1993 677 eorum,
2026 616 2070 674 Α

420 706 666 776 dixitque
692 704 774 760 eis
805 724 820 759 :
859 722 877 755 ι
915 703 1029 758 Pax
1061 704 1239 759 vobis.
1273 723 1291 756 ι
1332 702 1471 761 lline
1499 704 1737 774 ambiget
1772 704 1996 773 aliquis,

420 796 696 868 quomodo
748 794 1003 850 undecim
1058 794 1347 868 discipulis
1400 795 1566 851 simul
1625 795 1999 866 congregatis,

420 889 794 945 interveniens
860 887 1168 953 Dominus,
1221 888 1523 945 secundum
1579 887 1780 944 Lucam
1837 897 2001 960 atque

415 981 683 1039 Joannem
708 984 762 1038 id
794 982 1145 1038 concorditer
1173 981 1526 1045 ailirmantes,
1556 997 1901 1053 nequaquam
1931 984 2001 1039 ab

419 1086 653 1149 utroque
686 1076 840 1148 paria
859 1074 1039 1131 facere
1068 1082 1122 1130 et
1150 1075 1335 1132 dicere
1366 1076 1631 1147 scriptum
1665 1078 1849 1134 luerit.

489 1259 647 1327 Quod
688 1260 938 1316 eamdem
968 1261 1238 1317 visionem
1285 1261 1450 1317 ambo
1480 1262 1828 1333 evangelista.
1853 1263 1999 1319 seri.

420 1350 555 1407 bant
584 1367 693 1406 una
726 1352 1027 1423 eademque
1056 1360 1111 1408 et
1136 1353 1266 1407 hora
1299 1360 1355 1408 et
1386 1352 1474 1409 die
1506 1354 1769 1420 oblatam,
1805 1356 1860 1410 in
1886 1356 2002 1425 pri-

420 1446 528 1500 mis
557 1447 1027 1517 comprobandum
1050 1453 1156 1503 est.
1189 1446 1344 1512 Quod
1384 1447 1483 1502 tibi
1513 1448 1854 1518 exploratum
1886 1450 1997 1513 ﬁet,

423 1538 785 1609 siodiligenter
820 1537 1176 1610 Scripturam’
1198 1537 1657 1596 cousideraveris.
1700 1539 1836 1595 Nam
1870 1556 1999 1596 cum

422 1625 665 1683 Joannes
686 1637 845 1683 antea
866 1629 1099 1684 dixisset
1122 1647 1164 1681 τι
1180 1627 1298 1683 Una
1322 1644 1453 1684 vero
1469 1628 1834 1685 Sabbatorum
1853 1632 2002 1687 venit

425 1717 595 1774 Maria
623 1718 941 1790 Magdaleua
982 1720 1320 1776 annuntians
1355 1721 1666 1792 discipulis,
1708 1739 1767 1779 se
1796 1724 2002 1780 vidisse

426 1810 738 1876 Dominum,
770 1818 825 1867 et
855 1812 969 1867 haec
1012 1812 1115 1868 sibi
1154 1813 1397 1878 dixisse;
1437 1832 1456 1864 ι
1484 1814 1679 1870 deinde
1727 1817 2003 1872 subnectit

424 1903 617 1959 dicens
653 1923 666 1958 :
704 1923 722 1955 ι
753 1903 888 1960 Cum
921 1920 1046 1961 sero
1086 1912 1235 1961 esset
1264 1904 1352 1959 die
1384 1906 1496 1969 illa,
1541 1890 1889 1979 congregatis
1918 1908 2004 1962 di-

426 1996 677 2064 scipulis,
711 1997 862 2051 venit
909 1996 1091 2060 Jesus,
1130 1999 1389 2068 stetitque
1432 1999 1487 2053 in
1536 2000 1737 2065 medio,
1779 2009 1833 2056 et
1864 2001 2005 2055 dixit

425 2088 552 2142 eis:
590 2087 700 2142 Pax
746 2089 922 2144 vobis.
961 2109 979 2141 ι
1030 2090 1396 2156 Quamobrem
1456 2107 1523 2146 ex
1575 2091 1663 2147 bis
1715 2092 2005 2148 manifeste

427 2191 664 2247 constat,
688 2183 876 2237 eadem
902 2181 1183 2238 Dominica
1207 2183 1630 2239 resurrectionis
1647 2184 1755 2245 die,
1781 2199 2007 2255 vespert-

430 2273 545 2326 tino
580 2281 822 2342 tempore
859 2281 976 2328 acta
1021 2289 1146 2330 esse
1188 2272 1587 2345 quae‘Joannes
1628 2276 1838 2330 scribit.
1870 2276 2004 2330 ltem

429 2364 574 2435 apud
598 2363 798 2419 Lucam
820 2364 1106 2423 idemdies
1136 2374 1191 2421 et
1220 2366 1358 2421 hora
1388 2367 1713 2423 invenietur.
1746 2367 1836 2422 Ait
1859 2369 2005 2423 enim

428 2452 547 2522 ipse
577 2470 590 2508 :
624 2471 642 2504 ι
675 2450 793 2508 Una
827 2463 1008 2510 autem
1038 2454 1264 2512 Sabbati
1287 2455 1444 2511 valde
1470 2456 1713 2512 diluculo
1743 2467 2009 2514 venerunt

428 2542 497 2596 ad
527 2551 942 2599 monumentum
967 2545 1244 2602 mulieres.
1281 2564 1299 2597 ι
1328 2544 1533 2602 Deinde
1569 2546 1714 2614 quod
1745 2548 1879 2602 visis
1911 2564 2009 2602 an:

428 2633 565 2703 gelis
588 2649 822 2691 reversae
853 2635 1231 2691 nuntiaverint
1265 2635 1557 2707 discipulis
1591 2654 1712 2708 quae
1732 2639 2003 2694 viderant.

428 2722 624 2781 Petrus
655 2733 835 2781 autem
870 2726 1195 2782 festinanter
1216 2728 1281 2781 ad
1307 2737 1719 2784 monumentum
1745 2730 2006 2795 occurrit,

428 2824 484 2873 et
514 2818 832 2873 linteamina
862 2819 1030 2874 videt.
1066 2818 1244 2888 Atque
1285 2819 1399 2874 haec
1427 2819 1584 2875 valde
1609 2818 1851 2875 diluculo
1879 2836 2011 2875 con-

407 2909 692 2980 tigerunt,
722 2911 1149 2968 resurrectionis
1183 2911 1292 2968 die.
1334 2911 1477 2967 Dicit
1502 2929 1626 2968 mox
1665 2916 2010 2971 continenter

431 2998 721 3067 Scriptura
749 3019 765 3057 :
796 3019 814 3052 ι
847 3001 909 3055 Et
940 3016 1067 3057 ecce
1094 3003 1205 3057 duo
1234 3018 1300 3057 ex
1330 3003 1468 3074 ipsis
1500 3005 1653 3060 ibant
1685 3007 1799 3075 ipsa
1834 3007 1922 3061 die
1953 3008 2007 3062 in

429 3093 738 3148 castellum.
780 3112 799 3145 ι
831 3093 1001 3148 Erant
1023 3102 1202 3149 autem
1228 3093 1457 3166 Cleopas
1493 3112 1618 3151 cum
1653 3098 1805 3154 socio
1843 3114 1855 3151 :
1885 3101 2010 3171 qui-

429 3186 663 3242 buscum
713 3185 875 3243 Jesus
926 3187 1304 3242 Emmauntem
1346 3189 1668 3259 ingressus,
1733 3191 2008 3261 accipiens
2037 3221 2078 3278 ε

428 3293 626 3351 panem
683 3278 996 3346 benedixit;
1047 3293 1158 3349 quo
1192 3279 1300 3334 illis
1342 3289 1612 3350 porrecto,
1653 3281 1941 3351 disparuit.
1979 3303 1998 3336 ι

429 3375 637 3433 Deinde
655 3376 842 3433 subdit
869 3391 882 3428 :
921 3394 939 3427 ι
980 3374 1045 3428 Et
1075 3382 1361 3446 surgentes
1388 3375 1578 3430 eadem
1605 3376 1740 3430 hora
1771 3379 2009 3448 regressi

431 3478 560 3527 sunt
588 3470 645 3525 in
684 3468 1050 3530 Hierusalem,
1080 3474 1134 3521 et
1164 3468 1491 3522 invenerunt
1523 3474 1881 3538 congregatos
1910 3485 2013 3522 un-

430 3563 634 3618 decim.
677 3580 695 3613 ι
730 3560 927 3617 Postea
955 3558 1396 3628 eolloquentibus
1430 3558 1558 3621 illis,
1590 3560 1738 3614 stetit
1761 3558 1921 3615 Jesus
1955 3561 2009 3615 in

432 3654 614 3709 medio
645 3669 858 3718 eorum,
884 3660 938 3707 et
975 3652 1113 3707 dixit
1149 3652 1228 3706 eis
1260 3669 1274 3703 :
1306 3669 1324 3701 ι
1363 3648 1474 3704 Pax
1506 3650 1680 3712 vobis,
1732 3670 1750 3704 ι
1793 3658 1847 3706 et
1882 3652 2012 3705 reli-

430 3758 561 3816 qua.
592 3744 1038 3799 Demonstratum
1071 3752 1156 3797 est
1183 3742 1368 3811 itaque
1399 3742 1564 3797 etiam
1596 3756 1627 3795 a
1663 3740 1831 3805 Luca,
1862 3757 2012 3797 eam.

430 3841 554 3895 dem
593 3837 764 3893 fuisse
811 3834 1379 3904 diem;eamdemque
1433 3835 1561 3889 item
1613 3834 1802 3888 horam
1840 3834 2012 3890 fuisse

430 3930 561 3987 inde
598 3930 1014 4000 comprobatur,
1067 3928 1211 3998 quod
1260 3927 1494 3996 Cleopas
1541 3940 1665 3980 cum
1709 3926 1862 3981 socio
1901 3942 2008 3981 una

432 4023 520 4076 die
558 4029 613 4076 et
656 4019 982 4074 Emmaunte
1020 4018 1214 4083 fuerit,
1256 4025 1311 4073 et
1349 4017 1590 4072 indidem
1637 4015 2008 4089 Hierosolyma

433 4110 683 4174 redierit,
709 4110 950 4166 serotino
975 4124 1202 4178 prorsus
1224 4116 1486 4178 tempore.
1519 4107 1655 4162 Exin
1682 4106 1881 4162 factam
1912 4124 2009 4179 ap-

431 4205 785 4281 paritionem.

500 4388 771 4457 Quoniam
801 4389 987 4459 itaque
1010 4386 1197 4443 eadem
1231 4387 1371 4458 apud
1405 4394 1701 4457 utrumque
1731 4387 1997 4458 evangeli-
2036 4399 2082 4456 υ

432 4489 574 4541 stam
604 4483 663 4536 iit
695 4481 987 4552 apparitio,
1023 4495 1121 4552 age
1164 4480 1449 4535 videamus
1476 4479 1750 4550 quomodo
1784 4480 1888 4532 alia
1922 4481 2006 4534 di-

430 4583 589 4630 catur
611 4574 761 4645 loqui
782 4574 1041 4630 Servator
1061 4582 1115 4629 et
1142 4589 1303 4645 agere
1326 4574 1466 4644 apud
1488 4572 1713 4639 Lucam,
1737 4574 1839 4628 alia
1862 4575 2005 4644 apud

429 4662 714 4720 Joannem.
746 4663 925 4734 quue
951 4665 1116 4734 igitur
1146 4665 1289 4734 apud
1316 4664 1506 4719 ambos
1532 4664 1737 4720 dictum
1763 4673 1865 4729 est,
1892 4679 2007 4718 me-

431 4757 584 4812 dium
617 4765 852 4811 stantem
886 4756 1032 4810 inter
1068 4769 1165 4810 eos
1189 4753 1375 4810 Jesum
1405 4754 1610 4811 dixisse
1652 4771 1666 4806 :
1709 4774 1728 4807 ‹
1765 4753 1876 4810 Pax
1910 4771 2006 4811 vo—

430 4851 542 4908 bis.
574 4868 595 4903 »
632 4847 963 4921 Singulatim
995 4864 1126 4904 vero
1159 4848 1302 4919 apud
1331 4846 1533 4902 Lucam
1575 4847 1793 4903 additur
1816 4848 2006 4904 existi—

429 4955 615 4997 masse
653 4954 749 4995 eos
783 4939 1038 5011 spiritum
1082 4954 1141 4994 se
1180 4939 1386 5006 videre,
1420 4947 1475 4993 et
1506 4938 1737 5008 reliqua.
1781 4937 2007 4993 Etiamsi

429 5048 562 5091 vero
595 5033 712 5089 haec
741 5032 884 5104 apud
897 5030 1160 5086 Joannem
1181 5032 1590 5102 nondicuntur,
1615 5047 1808 5086 rursus
1825 5039 2007 5085 tamen

430 5128 719 5199 sequentia
756 5124 901 5198 apud
944 5135 1238 5196 utrumque
1280 5134 1606 5179 consonant.
1641 5124 1798 5193 Apud
1843 5122 2008 5179 Joan-

433 5235 557 5275 nem
582 5218 804 5293 quidem
832 5224 956 5289 post
972 5219 1139 5273 verba
1159 5236 1177 5268 ι
1208 5216 1318 5271 Pax
1344 5218 1523 5280 vobis,
1557 5236 1575 5268 ι
1601 5217 1859 5271 additur:
1890 5234 1909 5267 ι
1942 5215 2008 5270 Et

433 5313 538 5368 hoc
564 5313 734 5378 dicto,
765 5311 1006 5367 ostendit
1032 5312 1113 5366 eis
1147 5325 1342 5364 manus
1369 5325 1433 5365 ac
1454 5311 1597 5364 latus
1615 5324 1796 5364 suum.
1838 5327 1857 5361 ι
1887 5307 2008 5362 Νοιι

435 5410 615 5460 tamen
632 5403 855 5474 ponitur
877 5403 1019 5473 apud
1039 5401 1305 5457 Joannem
1324 5416 1510 5467 causa,
1531 5416 1653 5472 quae
1674 5401 1786 5470 jam
1808 5415 1839 5454 a
1860 5399 2009 5455 Luca

433 5497 579 5551 dicta
619 5497 825 5552 fuerat.
851 5495 980 5550 Erat
1006 5504 1198 5578 lautem
1239 5494 1375 5559 haec,
1408 5494 1554 5565 quod
1598 5493 1701 5563 ipsi
1730 5493 2011 5549 existima-

433 5595 557 5644 rent
579 5605 638 5644 se
667 5589 916 5658 spiritum
946 5586 1154 5643 videre.
1178 5587 1343 5658 Atqui
1372 5586 1501 5643 dum
1530 5600 1727 5642 manus
1757 5585 2011 5656 latusque

504 5806 618 5884 (os)
657 5805 792 5864 Cod.
826 5807 893 5875 Α,
926 5805 970 5862 r.
1003 5804 1128 5874 διο,
1164 5808 1219 5865 b.

1106 336 1376 395 EUSEDII
1403 331 1885 393 CAESARIENSIS
1921 331 2072 393 OPP.

2111 329 2294 388 PARS
2332 327 2421 385 Ill.
2458 359 2530 373 --
2574 327 2989 387 EXEGETICA.
3511 336 3622 398 {000

2853 466 2930 521 9'.

2169 603 2280 674 (68)
2327 619 2345 654 ι
2379 599 2565 656 Ταῦτα
2593 601 2650 656 δὲ
2674 600 2851 654 αὐτῶν
2884 598 3186 654 λαλούντων
3217 599 3371 665 αὐτὸς
3404 604 3431 657 ό
3458 604 3626 677 Ἰηςοῦς

2098 696 2227 767 ἔστη
2250 698 2308 749 ἐν
2342 696 2491 768 μέσῳ
2519 694 2718 759 αὐτῶν,
2745 696 2838 748 καὶ
2858 694 3000 763 λέγει
3028 694 3231 758 αὐτοῖς.
3256 695 3450 767 Εἰρήνη
3468 699 3623 770 ὑμῖν.»

2109 787 2374 842 Ἐνταῦοά
2387 803 2470 850 τις
2481 786 2779 856 ἀπορήσειε
2798 785 2913 850 πῶς
2929 787 3041 849 τοῖς
3056 785 3249 839 ἕνδεκα
3266 786 3509 857 μαθηταῖς
3522 792 3626 861 6μοῦ

2100 879 2459 951 συνηγμένοις
2494 877 2633 950 μετὰ
2671 877 2770 950 τὴν
2815 878 3113 932 ἀνάστασιν
3163 880 3386 944 ἐπιστὰς
3414 883 3440 934 ὁ
3468 882 3630 955 Κύριος

2097 975 2240 1030 κατὰ
2262 974 2355 1028 τὸν
2376 975 2590 1028 Δουκᾶν
2624 973 2718 1027 καὶ
2744 972 2887 1027 κατὰ
2910 973 3162 1043 Ἰωάννην
3188 974 3480 1045 συμφώνως
3495 979 3630 1034 ταῦτα

2104 1067 2719 1139 ἀπομνημονεύσαντας,
2755 1066 2938 1121 οὐκέτι
2987 1068 3116 1138 παρ’
3146 1067 3462 1140 ἀμφοτέροις
3497 1072 3632 1128 ταύτὰ

2108 1160 2361 1231 πράττων
2393 1160 2515 1213 οὐδὲ
2545 1161 2770 1229 φάσκων
2796 1158 3232 1230 ἀναγέγραπται.

2180 1251 2300 1304 ’Ότι
2326 1249 2424 1322 τὴν
2452 1251 2625 1322 αὐτὴν
2650 1250 2914 1304 ὀπτασίαν
2946 1252 2995 1303 οἱ
3022 1249 3117 1303 δύο
3149 1251 3481 1324 συνέγραψαν
3503 1255 3634 1324 εὐαγ-

2106 1338 2352 1407 γελισταὶ
2383 1338 2524 1392 κατὰ
2556 1338 2683 1409 μίαν
2705 1338 2798 1392 καὶ
2821 1339 2921 1410 τὴν
2955 1339 3125 1411 αὐτὴν
3151 1338 3301 1409 ὥραν
3332 1359 3388 1395 τε
3418 1343 3503 1396 καὶ
3537 1347 3636 1415 ἡμέ-

2109 1447 2210 1502 ραν
2248 1431 2566 1502 γενομένην,
2597 1431 2945 1502 παραστῆσαι
2992 1431 3073 1484 δεῖ
3119 1433 3411 1505 πρότερον·
3448 1433 3636 1491 τοῦτοὸ

2108 1524 2174 1576 ἂν
2220 1522 2432 1592 γένοιτο
2475 1524 2706 1596 φανερὸν
2751 1525 3143 1597 ἐπιτηρήσαντί
3188 1542 3269 1580 σοι
3305 1527 3526 1598 ἀκριϐῶς
3563 1529 3639 1600 τὴν

2105 1616 2349 1687 Γραφήν.
2367 1617 2426 1670 Ὀ
2462 1618 2560 1688 μὲν
2590 1617 2699 1688 γὰρ
2729 1617 2981 1687 Ἰωάννης
3012 1616 3309 1689 προειπὼν,
3337 1638 3355 1669 ι
3391 1618 3462 1690 Τῇ
3491 1619 3540 1672 δὲ
3567 1622 3643 1693 μιᾷ

2103 1708 2211 1761 τῶν
2256 1708 2548 1763 Σαϐϐάτων
2587 1708 2806 1780 ἔρχεται
2844 1709 3032 1780 Μαρία
3065 1712 3098 1782 ἡ
3128 1710 3455 1782 Μαγδαληνὴ
3497 1714 3640 1782 ἀπαγ-

2105 1800 2372 1869 γέλλουσα
2404 1804 2515 1865 τοῖς
2562 1801 2833 1873 μαθηταῖς
2868 1802 2951 1855 ὅτι
2996 1800 3208 1874 ἑώρακε
3240 1803 3334 1856 τὸν
3360 1804 3543 1876 Κύριον
3570 1810 3642 1861 καὶ

2104 1892 2276 1946 ταῦτα
2299 1889 2451 1947 εἶπεν
2480 1893 2639 1966 αὐτῇ,
2671 1914 2690 1945 ι
2714 1894 2841 1964 ἑξῆς
2868 1895 3222 1949 ἐπισυνάπτει
3239 1895 3430 1965 λέγων·
3463 1915 3480 1948 ι
3501 1898 3643 1971 Οὔσης

2105 1985 2265 2056 ὀψίας
2295 1988 2350 2039 ἐν
2379 1986 2562 2058 ἐκείνῃ
2588 1989 2653 2058 τῇ
2683 1988 2869 2060 ἡμέρᾳ
2892 1988 3248 2059 συνηγμένων
3274 1988 3384 2043 τῶν
3411 1989 3642 2061 μαθητῶν,

2104 2077 2268 2151 ἦλθεν
2293 2082 2322 2133 ὁ
2362 2079 2587 2151 Ἰησοῦς,
2631 2082 2725 2135 καὶ
2767 2080 2896 2152 ἔστη
2946 2083 3027 2146 εἰς
3069 2081 3131 2136 τὸ
3176 2082 3345 2153 μέσον
3382 2084 3470 2137 καὶ
3505 2079 3640 2145 sima,

2108 2174 2318 2244 Εἰρήνη
2349 2173 2500 2244 ὑμῖν.
2540 2192 2558 2225 ι
2577 2174 2729 2226 ”Ωστ’
2767 2168 2908 2227 εἶναι
2936 2174 3103 2244 σαφὲς
3130 2176 3195 2228 ἐκ
3215 2175 3426 2229 τούτων
3453 2176 3525 2229 ὅτι
3552 2179 3644 2230 κατ’

2107 2264 2278 2337 αὐτὴν
2326 2264 2423 2336 τὴν
2472 2265 2760 2337 Κυριακὴν
2793 2265 3006 2338 ἡμέραν
3032 2266 3129 2337 τῆς
3157 2267 3498 2330 ἀναστάσεως
3523 2266 3645 2336 ὀψίας

2106 2354 2175 2429 ἦν
2201 2357 2564 2429 πεπραγμένα
2601 2358 2671 2412 τὰ
2705 2358 2853 2430 παρὰ
2893 2357 2972 2428 τῷ
3008 2358 3228 2431 Ἰωάννῃ
3252 2371 3266 2386 ’
3296 2359 3392 2412 καὶ
3423 2360 3548 2412 κατὰ
3576 2358 3647 2412 τὸν

2108 2448 2326 2502 Λουκᾶν
2368 2450 2401 2520 ἡ
2442 2448 2580 2519 αὑτὴ
2623 2446 2809 2520 ἡμέρα
2843 2448 2937 2501 καὶ
2969 2446 3087 2519 ὥρα
3121 2448 3472 2518 εὑρεθήσεται
3493 2463 3505 2476 '
3531 2446 3646 2514 λέγει

2109 2539 2238 2609 γοῦν
2290 2542 2385 2595 καὶ
2429 2540 2588 2605 αὑτός
2611 2556 2625 2571 ·
2660 2560 2679 2592 ι
2711 2543 2787 2612 Τῇ
2822 2540 2878 2594 δὲ
2916 2543 3014 2612 μιᾷ
3042 2540 3151 2594 τῶν
3176 2539 3647 2613 Σαὸϐάτωνὸρθρου

2112 2630 2323 2702 βαθέος,
2360 2633 2452 2686 ἐπί
2478 2632 2539 2684 τὸ
2563 2633 2749 2703 μνῆμα
2772 2627 2935 2703 ἦλθον
2956 2633 3010 2684 αἱ
3027 2634 3310 2699 γυναῖκες.
3342 2650 3359 2682 ι
3388 2626 3494 2685 Εἶθ’
3526 2630 3643 2699 ἑξῆς,

2109 2724 2191 2777 ὅτι
2222 2723 2427 2777 ἰδοῦσαι
2463 2723 2748 2793 ἀγγέλους,
2778 2722 3078 2795 ἐπανῆλθον
3102 2723 3192 2777 καὶ
3214 2722 3650 2794 ἁπήγγειλαντοῖς

2114 2814 2379 2886 μαθηταῖς
2397 2815 2433 2869 ὃ.
2453 2816 2725 2870 τεθέαντο.
2746 2817 2953 2889 Πέτρος
2971 2816 3026 2870 δὲ
3045 2815 3291 2881 σπεύσας
3314 2818 3403 2870 ἐπὶ
3423 2818 3478 2870 τὸ
3497 2817 3648 2888 μνῆμα

2108 2907 2343 2979 ἀπαντᾷ,
2372 2908 2465 2962 καὶ
2488 2908 2557 2962 τὰ
2585 2909 2767 2963 ὀθόνια
2796 2908 3018 2980 θεωρεῖ*
3056 2909 3345 2962 καὶταῦτα
3373 2909 3465 2981 μὲν
3492 2908 3651 2979 opepe;

2113 2998 2301 3068 βαθέος
2329 3000 2564 3069 ἐγένετο,
2588 3004 2654 3072 τῇ
2682 3001 3038 3072 ἅναστασίμῳ
3068 3001 3270 3072 ἡμέρᾳ.
3304 3002 3461 3070 Λέγει
3481 3000 3533 3053 δὲ
3551 2998 3653 3070 ἑξῆς

2110 3091 2556 3147 ἐπισυνάπτουσα
2611 3095 2644 3165 ἡ
2690 3094 2918 3167 Γραφή·
2959 3112 2978 3144 ι
3019 3094 3128 3147 Καὶ
3169 3094 3279 3148 ἰδοὺ
3312 3094 3404 3148 δύο
3430 3093 3486 3159 ἐξ
3510 3093 3653 3146 αὐτῶν

2111 3186 2169 3238 ὲν
2203 3186 2339 3258 αὐτῇ
2371 3186 2556 3259 ἡμέρᾳ
2587 3182 2726 3258 ἦσαν
2760 3189 3115 3260 πορευόμενοι
3164 3189 3244 3251 εἰς
3294 3188 3501 3260 κώμην.
3530 3205 3547 3236 ι
3574 3180 3654 3239 Οὗ-

2113 3295 2195 3332 τοι
2228 3278 2286 3332 δὲ
2314 3274 2452 3350 ἦσαν
2478 3280 2527 3332 οἱ
2553 3280 2682 3352 περὶ
2706 3279 2796 3334 τὸν
2819 3279 3070 3334 Κλεόπαν
3089 3296 3101 3309 ·
3129 3275 3210 3344 οἷς
3241 3278 3580 3334 συνεισελθὼν
3594 3276 3655 3342 εις

2112 3374 2214 3445 τὴν
2254 3372 2552 3444 Ἐμμαοῦν,
2591 3370 2771 3428 λαϐὼν
2804 3372 2966 3445 ἄρτον
2998 3371 3282 3444 εὐλόγησε,
3311 3373 3405 3426 καὶ.
3430 3369 3656 3432 ἐπιδιδοὺς

2117 3467 2318 3529 αὐτοῖς,
2338 3466 2549 3538 ἀφανὴς
2574 3466 2807 3536 ἐγένετο.
2832 3462 2945 3519 Εἶτ’
2967 3465 3206 3534 ἐπιλέγει
3224 3482 3238 3494 ·
3265 3483 3288 3516 ι
3312 3466 3423 3520 Καὶ
3437 3462 3658 3519 ἀναστάν-

2115 3574 2205 3622 τες
2231 3557 2574 3629 ὐπέστρεψαν
2620 3559 2756 3630 αὐτῇ
2796 3560 2864 3629 τῇ
2901 3556 3019 3629 ὥρᾳ
3068 3559 3148 3621 εἰς
3191 3557 3559 3630 Ἰερουσαλὴμ,
3585 3556 3657 3607 καὶ

2115 3647 2271 3722 εὗρον
2304 3650 2697 3723 ἡθροισμένους
2725 3652 2849 3715 τοὺς
2877 3651 3089 3704 ἕνδεκα.
3120 3670 3139 3703 ι
3184 3646 3325 3705 Εἶτα
3371 3649 3659 3722 ὁμιλούντων

2115 3742 2293 3796 αὐτῶν
2335 3743 2464 3815 ἔστη
2515 3745 2543 3796 ὁ
2588 3742 2793 3813 Ἰησοῦς
2839 3746 2897 3797 ἐν
2945 3743 3112 3815 μέσῳ,
3152 3743 3248 3797 καὶ
3308 3743 3453 3817 λέγει
3490 3742 3655 3803 αὐτοῖς,

2121 3852 2140 3886 ι
2179 3835 2385 3907 Εἰρήνη
2422 3835 2571 3904 ὑμῖν,
2605 3853 2624 3887 ι
2664 3836 2758 3889 καὶ
2802 3835 2870 3887 τὰ
2911 3835 3056 3901 ἐὲἦς.
3093 3835 3374 3889 Δέδεικται
3399 3835 3656 3889 τοίνυνκαὶ

2113 3928 2222 3981 ἀπὸ
2260 3927 2356 3981 τοῦ
2392 3929 2596 3994 Λουκᾶ,
2625 3929 2699 3993 ὼς
2735 3929 2766 4000 ἡ
2797 3928 2934 4000 αὐτὴ
2967 3928 3262 3998 ἐτύγχανεν
3297 3929 3494 4000 ἡμέρα,
3524 3925 3654 3995 καὶὴ

2112 4003 2250 4089 αὐτὴ
2262 4019 2318 4071 δὲ
2335 4017 2452 4091 ὥρα
2476 4020 2788 4073 συνίσταται
2802 4020 2907 4073 ἀπὸ
2923 4018 3015 4072 τοῦ
3033 4021 3089 4072 ἐν
3108 4021 3205 4090 μιᾷ
3228 4021 3411 4092 ἡμέρᾳ
3424 4020 3540 4083 τοὺς
3553 4018 3654 4087 περι

2112 4108 2364 4163 Κλεό-παν
2395 4110 2476 4173 εἰς
2509 4109 2608 4180 τὴν
2632 4109 2909 4180 Ἐμμαοῦν
2932 4109 3206 4179 γενέσθαι,
3245 4109 3494 4163 κάκεῖθεν
3521 4109 3655 4159 ἐπαν·

2111 4201 2428 4272 εληλυθέναι
2449 4206 2528 4268 εἰς
2543 4203 2640 4275 τὴν
2654 4204 2720 4255 Ἱε
2731 4202 3136 4274 ρουσαλὴμ,ἡδη
3182 4218 3289 4254 που
3306 4202 3515 4264 πάντως
3527 4200 3656 4252 ἑσπέ-

2105 4310 2206 4359 ρας
2230 4293 2644 4365 καταλαϐούσης
2663 4311 2675 4324 ·
2709 4290 2825 4348 εἶτα
2855 4293 2953 4365 τὴν
2981 4294 3303 4363 ἐπιφάνειαν
3333 4292 3609 4362 γεγονέναι.

2192 4389 2409 4462 Ἐπειδὴ
2455 4390 2623 4444 ,ῖϊνυν
2675 4392 2708 4461 ἡ
2756 4390 2893 4460 αὐτὴ
2923 4392 3051 4462 παρ’
3078 4389 3410 4461 ἀμφοτέροις
3452 4387 3655 4457 πέᾳηνεν

2109 4481 2366 4542 ὀπτασία,
2394 4481 2527 4554 φέρε
2564 4480 2759 4553 ἴδωμεν
2786 4483 2935 4545 ὅπως
2957 4481 3118 4552 ἕτερα
3146 4481 3245 4551 μὲν
3274 4479 3428 4552 παρὰ
3454 4477 3526 4548 τῷ
3545 4480 3653 4529 Λου-

2109 4575 2181 4644 κᾷ
2228 4573 2442 4646 εἴρηται
2486 4573 2700 4646 πράξας
2743 4576 2838 4629 καὶ
2879 4573 3118 4646 λαλήσας
3146 4576 3175 4627 ὁ
3202 4573 3416 4645 Σωτὴρ,
3444 4571 3589 4641 ἕτερα
3611 4566 3656 4620 δέ

2109 4663 2261 4736 παρὰ
2287 4663 2367 4736 τῷ
2409 4665 2898 4738 Ἰωάννῃ.⁹ομοίως
2937 4664 3035 4735 μὲν
3067 4660 3160 4718 οὖν
3203 4662 3335 4734 παρ’
3368 4659 3652 4733 ἀμφστέρςις

2107 4758 2377 4824 λέλεκται,
2408 4760 2485 4824 ὡς
2528 4760 2634 4832 ἄρα
2685 4760 2847 4830 μέσος
2905 4758 3084 4812 αὐτῶν
3132 4758 3263 4821 στὰς
3306 4752 3456 4811 εἶπεν
3483 4753 3651 4812 αὐτοῖς.

2114 4873 2131 4901 ε
2170 4853 2374 4925 Εἰρήνη
2407 4854 2557 4925 ὑμῖν.
2592 4851 3050 4924 ιἈφωρισμένως
3093 4850 3152 4904 δὲ
3196 4851 3349 4922 παρὰ
3393 4848 3468 4919 τῷ
3501 4843 3653 4911 Λουκᾷ

2111 4944 2432 5014 πρόσκειται
2457 4945 2539 4998 ὅτι
2568 4943 2785 4998 ἐδόκουν
2812 4942 3031 5014 πνεῦμα
3058 4941 3303 5013 θεωρεῖν,
3330 4940 3424 4994 καὶ
3448 4938 3510 4992 τὰ
3533 4934 3650 5003 ἑξῆς-

2121 5033 2259 5087 Ἀλλ’
2290 5036 2338 5087 εἰ
2387 5035 2482 5087 καὶ
2534 5035 2607 5105 μὴ
2648 5033 2884 5087 τοσαῦτα
2910 5034 3123 5105 εἴρηται
3145 5032 3297 5104 παρὰ
3324 5031 3402 5102 τῷ
3444 5028 3649 5095 Ἰωάννῃ.

2111 5123 2249 5179 ἀλλὰ
2273 5126 2344 5179 τὰ
2371 5126 2496 5197 ἑξῆς
2529 5125 2691 5180 πάλιν
2731 5128 2858 5197 παρ’
2897 5125 3225 5196 ἀμφοτέροις
3267 5122 3499 5196 συνᾴδει.
3527 5114 3655 5186 Παρὰ

2112 5217 2210 5288 μὲν
2259 5217 2465 5290 γὰρτῷ
2503 5219 2721 5293 Ἰωάννῃ
2759 5217 2897 5290 μετὰ
2922 5219 3003 5278 τὸ,
3043 5236 3062 5269 ι
3094 5219 3298 5290 Εἰρήνη
3329 5217 3476 5287 ὑμῖν,
3505 5231 3524 5264 ι
3557 5212 3656 5262 ἐπι-

2097 5308 2345 5378 λέγεται,
2374 5330 2392 5362 ι
2423 5312 2530 5365 Καὶ
2563 5311 2722 5364 τοῦτο
2737 5310 2907 5364 εἰπὼν
2940 5309 3139 5375 ἔδειξεν
3164 5311 3350 5373 αὐτοῖς
3380 5306 3474 5369 τὰς
3498 5305 3652 5376 χεῖρας

2110 5404 2205 5459 καὶ
2244 5404 2342 5475 τὴν
2373 5404 2610 5476 πλευρὰν
2624 5404 2806 5458 αὑτοῦ.
2836 5423 2854 5456 ι
2872 5404 2947 5457 Οὐ
2977 5401 3270 5475 φέρεταιδέ
3295 5402 3330 5472 ἡ
3364 5397 3505 5453 αἰτία
3531 5389 3649 5463 παρά

2109 5497 2189 5569 τῷ
2225 5496 2465 5569 Ἰωάννῃ,
2499 5497 2575 5560 ὡς
2606 5496 2674 5551 ἂν
2713 5495 2812 5568 ἡδη
2842 5494 3139 5567 λελεγμένῃ
3170 5492 3323 5565 παρὰ
3353 5491 3431 5563 τῷ
3465 5484 3646 5555 Δουκᾷ¹

2109 5586 2178 5662 ἦν
2206 5590 2261 5643 δὲ
2302 5589 2440 5662 αὕτη
2469 5589 2530 5644 τὸ
2559 5586 2798 5659 νομίζειν
2829 5587 3025 5652 αὐτοὺς
3062 5585 3274 5658 πνεῦμα
3317 5582 3556 5656 θεωρεῖν
3580 5574 3646 5630 δη
