3868 6264
218 306 352 365 1001

1071 314 1581 374 SUPPLEMENTA
1617 317 2101 387 QUJiSTlONUM
2135 318 2226 374 AD
2263 317 2614 377 MARINUM.

3322 325 3353 381 4
3362 327 3469 385 002

214 437 282 491 γε
329 422 435 495 μὴν
479 423 683 490 ἔδειξεν
730 424 913 488 αὐτοῖς
944 424 1043 490 τὰς
1076 430 1263 501 χεῖρας
1294 429 1390 482 καί⁵
1417 429 1515 502 τὴν
1550 428 1788 501 πλευρὰν

1893 444 2051 484 suum
2079 429 2387 486 ostendisse
2418 430 2606 489 Jesum
2644 438 2880 489 testatur
2912 430 3471 498 Joannes,'consonat

210 514 381 570 αὑτοῦ
412 518 766 589 μαρτυρήσας
812 520 841 572 ό
876 518 1145 591 Ἰωάννης,
1183 520 1468 591 σύμφωνος
1502 522 1567 575 ἂν
1597 521 1683 593 εἴη
1717 521 1796 592 τῷ

211 606 310 663 κᾶὶ
368 608 466 680 τὴν
518 608 695 663 αἰτίαν
747 609 1127 681 παραθεμένῳ.
1164 611 1385 676 Τούτοις
1438 608 1586 684 ἑξῆς,
1616 616 1645 667 ὁ
1697 609 1795 685 μὲν

210 700 428 764 Λουκᾶς
462 716 646 769 φησιν,
677 719 696 752 ‹
733 701 852 756 Ἔτι
880 700 935 754 δὲ
957 700 1325 756 ἀπιστούντων
1354 704 1528 758 αὐτῶν
1552 705 1658 760 ἀπὸ
1697 708 1793 777 τῆς

210 794 391 866 χαρᾶς
435 793 530 847 καὶ
570 792 976 865 θαυμαζόντων,
1019 792 1172 850 εἶπεν
1218 797 1435 861 αὐτοῖς,
1503 798 1694 868 Ἔχετέ
1741 817 1792 853 τι

212 883 491 958 βρώσιμον
550 885 776 953 ένθάδες
841 889 902 942 Οἱ
951 888 1007 942 δὲ
1060 887 1346 944 ἀπέδωκαν
1389 889 1538 960 αὑτῷ
1614 882 1792 961 ἰχθύος

208 976 380 1032 ὀπτοῦ
434 978 616 1051 μέρος.
662 996 681 1031 ι
718 978 904 1036 Ταῦτα
946 980 1003 1035 δὲ
1041 981 1290 1053 Ἰωάννης
1322 982 1383 1036 οὐ
1432 982 1788 1054 συνέγραψεν.

213 1071 386 1126 Ἔνθα
434 1072 747 1143 γενομένοις
798 1074 1086 1143 ἐπιστῆσαι
1119 1076 1383 1145 προσήκει
1417 1074 1509 1128 τὸν
1540 1074 1686 1141 νοῦν,
1715 1076 1791 1141 ὡς

209 1164 307 1218 καὶ
345 1166 404 1217 έν
449 1166 561 1227 τοῖς
602 1163 834 1227 λοιποῖς,
862 1163 960 1229 τὰς
1002 1164 1332 1237 σεμνοτέρας
1377 1166 1473 1220 καὶ¹
1518 1166 1791 1238 θειοτέρας

210 1254 444 1327 πράξεις
485 1271 544 1308 τε
587 1254 683 1307 καὶ
715 1253 1061 1318 διδασκαλίας
1090 1254 1185 1309 τοῦ
1218 1256 1469 1328 Σωτῆρος
1514 1257 1669 1328 ήμῶν
1702 1257 1789 1311 διὰ

205 1346 302 1401 τοῦ
339 1347 583 1402 Ἰωάννου
618 1346 680 1401 τὸ
704 1347 926 1418 Πνεῦμα
946 1348 1007 1402 τὸ
1039 1348 1193 1417 ἆγιον
1221 1344 1691 1421 ἀπεμνημόνευσε,
1721 1350 1786 1406 τὰ

204 1438 266 1493 δὲ
303 1438 765 1510 ἀνθρωπινώτερα
792 1438 880 1493 διὰ.
905 1438 1013 1495 τῶν
1044 1439 1246 1494 λοιπῶν
1274 1441 1628 1516 συνέγραψεν,
1665 1443 1693 1496 ὃ
1724 1442 1788 1515 δὴ

206 1528 304 1582 καὶ
327 1527 423 1581 νῦν
457 1529 776 1601 πεποίηκεν.
792 1529 882 1593 Ὠς
904 1529 1011 1602 γὰρ
1040 1531 1298 1603 ἐνόμισαν
1320 1534 1368 1585 οἰ
1396 1532 1637 1605 μαθηταὶ
1663 1530 1789 1589 ἰδόνο

206 1639 300 1687 τες
327 1622 419 1676 τὸν
451 1623 699 1694 Σωτῆρα,
726 1622 799 1694 μὴ
832 1622 993 1677 αὑτὸν
1026 1623 1249 1697 θεωρεῖν
1274 1624 1408 1679 ἀλλά
1439 1624 1674 1696 πνεῦμα,
1694 1625 1787 1678 καὶ

203 1714 286 1779 ὡς
306 1715 570 1787 ἠπίστουν
595 1715 766 1787 αὐτῷ,
785 1716 877 1770 καὶ
904 1716 1044 1787 μετά
1069 1717 1131 1771 τὸ
1152 1718 1321 1785 δεῖξαι
1348 1719 1530 1782 αὐτοῖς
1556 1718 1655 1783 τὰς
1682 1723 1788 1790 χεῖ-

1898 523 2087 593 utique
2116 523 2191 577 illi
2216 523 2308 593 qui
2343 523 2420 578 rei
2449 539 2669 580 causam
2708 525 2913 581 attulit.
2948 525 3077 583 Post
3119 528 3256 593 haec,
3293 531 3472 591 Lucas

1896 614 2117 685 quidem
2147 615 2243 683 ait,
2274 616 2454 695 adhuc
2480 632 2590 671 non
2621 617 3110 681 credentibus.illis
3135 637 3246 691 pra-
3270 624 3471 693 gaudio

1894 714 1950 762 et
1982 706 2331 773 mirantibus,
2366 707 2573 764 dixisse
2604 708 2713 764 illis
2743 726 2757 763 :
2797 730 2816 762 ι
2852 710 3075 769 Habetis
3125 713 3215 769 hic
3265 717 3469 787 aliquid

1894 798 2039 871 quod
2066 800 2461 857 manducetur?
2482 821 2500 852 ι
2532 802 2654 857 illos
2676 811 2857 860 autem
2881 815 3091 876 partem
3111 809 3217 863 assi
3238 812 3470 880 piscisei

1893 893 2178 948 obtulisse.
2234 891 2360 949 Haac
2424 892 2664 951 Joannes
2723 898 2927 955 omisit.
2977 899 3061 954 Ad
3107 900 3254 957 hunc
3289 903 3471 959 locum

1893 980 2168 1053 progressi
2192 992 2427 1040 mentem
2446 983 2706 1041 debemus
2727 986 3029 1053 intendere,
3052 997 3113 1043 ut
3132 991 3294 1045 etiam
3317 992 3468 1059 alibi,

1894 1073 2238 1143 augustiores
2289 1088 2353 1127 ac
2400 1073 2703 1132 diviniores
2752 1086 2909 1131 actus
2956 1077 3266 1135 Servatoris
3294 1083 3470 1138 nostri

1893 1170 2055 1233 atque
2106 1161 2389 1219 doctrinas
2431 1163 2693 1234 Spiritum
2759 1175 3008 1222 sanctum
3062 1185 3159 1240 per
3204 1170 3468 1227 Joannem

1892 1270 2195 1311 memorare
2229 1258 2433 1325 solere;
2472 1259 2825 1315 humaniores
2871 1269 3051 1316 autem
3088 1278 3185 1332 per
3227 1264 3468 1335 reliquos

1890 1349 2255 1417 cvangelistas
2298 1352 2627 1421 scripsisse;
2664 1352 2811 1423 quod
2858 1360 2914 1407 et
2956 1352 3061 1408 hoc
3106 1355 3226 1409 loco
3276 1371 3469 1427 reapse

1892 1438 2039 1494 fecit.
2069 1439 2205 1506 Quia
2232 1442 2376 1495 enim
2394 1441 2671 1511 discipuli,
2700 1451 2995 1514 conspecto
3025 1444 3335 1511 Servatore,
3369 1462 3470 1517 pu-

1892 1531 2080 1585 tabant
2116 1547 2225 1586 non
2271 1533 2449 1604 ipsum
2484 1534 2579 1590 sed
2620 1537 2869 1607 spiritum
2905 1553 2964 1593 se
3014 1538 3220 1603 videre,
3254 1547 3308 1595 et
3338 1540 3469 1610 quia

1889 1623 2130 1676 nondum
2191 1624 2240 1679 ei
2299 1623 2628 1691 credebant,
2675 1628 2890 1682 etiamsi
2951 1643 3147 1684 manus
3193 1631 3469 1702 pedesque

1888 1712 2222 1778 ostenderat,
2278 1717 2589 1773 necessario
2637 1702 2858 1789 propter
2886 1735 3076 1774 eorum
3126 1702 3464 1791 pervicacem

206 1825 314 1880 ρας
341 1808 436 1863 καί⁵
468 1810 593 1872 τοὺς
620 1809 785 1874 πόδας
818 1810 1151 1880 ἀναγκαίως,
1180 1810 1260 1865 ἔτι
1292 1811 1665 1867 ἀπιστούντων
1692 1812 1789 1866 αὑ-

1890 1803 2348 1872 incredulitatem,
2382 1807 2710 1876 posuilatam
2749 1824 2930 1865 escam
2961 1827 3145 1867 coram
3181 1814 3287 1869 illis
3323 1830 3469 1869 man-

202 1900 336 1964 τῶν,
370 1902 600 1972 αἰτήσας
646 1918 698 1956 τι
748 1901 1044 1974 βρώσιμον,
1075 1903 1278 1973 ἔφαγεν
1324 1902 1555 1958 ἐνώπιον
1584 1904 1786 1961 αὐτῶν.

204 1991 395 2046 Ταῦτα
422 1991 480 2044 δὲ
513 1990 944 2063 σωματικάντερα
984 1991 1132 2058 ὄντα,
1168 1992 1262 2048 καὶ
1308 1992 1506 2065 πολλὴν
1531 1994 1787 2048 ἀπιστίαν

201 2083 312 2138 τῶν
338 2083 655 2138 ἀποστόλων
680 2084 1110 2157 κατηγοροῦντα,
1136 2085 1300 2139 αὑτοῦ
1330 2103 1388 2139 τε
1421 2085 1515 2139 τοῦ
1537 2087 1785 2157 Σωτῆρος

206 2175 650 2248 συμπεριφορὰν,
704 2176 982 2240 πείθοντος
1024 2178 1221 2241 αὐτοὺς
1267 2178 1361 2231 καὶ
1404 2177 1591 2247 σαφῶς
1641 2194 1786 2249 παρ-

203 2267 465 2331 ιστῶντος
495 2268 571 2331 ὼς
611 2266 719 2339 ἄρα
751 2266 911 2331 αὐτὸς
933 2268 1039 2338 εἴη,
1070 2267 1148 2338 τῷ
1171 2270 1357 2340 Λουκᾷ
1391 2269 1465 2332 ὼς
1495 2270 1560 2324 ἂν
1604 2269 1789 2323 ὑποδε-

198 2359 409 2432 εστέρῳ
439 2358 549 2430 (69)
576 2359 804 2431 γράφειν
826 2358 887 2413 τὸ
906 2358 1129 2431 Πνεῦμα
1153 2360 1387 2414 ὑπέϐαλε
1407 2377 1420 2391 ’
1450 2361 1517 2414 τὰ
1537 2360 1594 2413 δὲ
1614 2361 1789 2433 κρείτι-

198 2469 332 2506 τονα
385 2452 483 2506 καὶ
529 2451 812 2521 δυνάμεως
875 2452 1059 2507 ἐνθέου
1118 2454 1504 2525 παραστατικά
1558 2453 1646 2506 διὰ
1690 2453 1784 2506 τοῦ

211 2537 462 2598 Ἰωάννου
498 2543 758 2617 παρίστη,
793 2543 1095 2615 γράφοντος
1118 2543 1212 2597 καὶ
1232 2544 1394 2598 αὐτοῦ
1428 2544 1554 2614 ἑξῆς
1592 2544 1783 2608 ταῦτα,

204 2653 224 2683 ι
249 2634 557 2705 Ὲχάρησαν
588 2629 680 2699 οὖν
706 2633 756 2685 οἱ
787 2632 1026 2703 μαθηταὶ
1057 2632 1255 2697 ἰδόντες
1276 2634 1366 2687 τὸν
1388 2633 1592 2706 Κύριον
1615 2652 1627 2665 -
1662 2655 1679 2687 ι
1708 2630 1785 2687 εἷ-

204 2742 307 2780 πεν
357 2721 452 2780 οὖν
497 2726 679 2790 αὐτοῖς
727 2725 926 2791 πάλιν,
961 2744 979 2775 ι
1009 2727 1213 2797 Εἰρήνη
1249 2726 1407 2796 ὑμῖν
1457 2725 1638 2790 καθὼς
1678 2729 1786 2782 ἀπ-

196 2818 435 2875 έσταλκέ
476 2836 545 2891 με
572 2820 601 2871 ὁ
639 2818 848 2890 Πατὴρ,
890 2816 1044 2886 κάγὼ
1067 2819 1269 2889 πέμπω
1297 2819 1440 2889 ὑμᾶς
1459 2833 1472 2845 ·
1508 2820 1600 2871 καὶ
1630 2819 1787 2873 τοῦτο

192 2911 373 2967 εἰπὼν
404 2912 732 2984 ἀνεφύσησε,
763 2932 782 2965 ι
818 2912 911 2965 καὶ
944 2913 1012 2965 τὰ
1040 2911 1185 2983 ἑξῆς.
1205 2910 1357 2982 Ἐχοι
1391 2910 1435 2964 δ’
1468 2910 1533 2964 ἂν
1559 2912 1783 2965 ἀκολου-

190 3007 322 3060 θίαν
356 3008 386 3060 ὁ
413 3005 544 3075 παρ’
571 3004 900 3076 ἀμφοτέροις
924 3005 1099 3074 λόγος,
1125 3008 1174 3059 εἰ
1200 3003 1268 3057 τὰ
1294 3005 1444 3075 παρά
1483 3004 1561 3076 τῷ
1602 3006 1784 3076 Λουκᾷ

197 3098 400 3171 πρῶτα
428 3097 742 3170 πεπρᾶχθαι
781 3096 1161 3169 λογισαίμεθα,
1184 3092 1282 3150 εἷθ’
1308 3096 1480 3161 οὓτως
1510 3097 1626 3168 μετ’
1645 3099 1783 3150 ἐκεῖ·

1890 1892 2130 1950 ducavit.
2159 1895 2283 1951 [iam
2306 1898 2480 1971 magis
2502 1900 2811 1969 corporalia
2832 1918 2955 1956 cum
2982 1905 3110 1967 sint,
3136 1920 3467 1975 gravemque

1890 1988 2260 2058 apostolorum
2292 1990 2725 2067 incredulitatem
2749 2003 3031 2059 accusent,
3054 2006 3108 2051 et
3137 1998 3307 2067 ipsius
3331 2000 3462 2054 Ser-

1891 2080 2095 2134 vatoris
2131 2080 2522 2153 indulgentiam
2552 2064 2817 2155 .arguant,
2850 2064 3230 2157 persuadentis
3275 2091 3358 2146 eis
3401 2106 3467 2147 ac

1890 2170 2317 2230 demonstrantis
2348 2191 2407 2229 se
2436 2192 2579 2242 esse,
2622 2176 2782 2232 Lucae
2819 2188 3004 2248 utpote
3046 2182 3271 2236 secundi
3312 2181 3464 2237 ordi-

1888 2263 1978 2317 nis
2010 2263 2218 2319 homini
2253 2267 2545 2322 scribenda
2577 2268 2814 2337 Spiritus
2836 2273 3111 2328 commisit
3142 2274 3276 2330 :sed
3306 2276 3464 2332 nobi-

1889 2352 2027 2408 liora
2061 2363 2115 2411 et
2150 2356 2389 2413 divinam
2414 2360 2670 2415 virtutem
2709 2364 3138 2433 comprobantia,
3171 2382 3267 2437 per
3292 2366 3463 2422 Joan-

1890 2460 2014 2500 nem
2033 2447 2300 2513 exhibuit,
2322 2451 2483 2520 quiet
2506 2451 2619 2522 ipse
2647 2468 2772 2506 mox
2799 2454 2990 2508 scribit
3022 2474 3035 2509 :
3073 2475 3092 2506 ι
3127 2454 3310 2514 Gavisi
3334 2468 3464 2515 sunt

1887 2552 2019 2609 ergo
2052 2537 2328 2611 discipuli,
2366 2542 2483 2597 viso
2532 2542 2785 2598 Domino.
2825 2563 2843 2595 ι
2879 2545 3025 2599 Dixit
3062 2562 3193 2617 ergo
3234 2548 3314 2604 eis
3362 2550 3465 2605 ite-

1887 2646 2051 2686 rum:
2092 2651 2125 2689 ι,
2152 2630 2262 2687 Pax
2297 2635 2468 2691 vobis.
2507 2634 2661 2691 Sicut
2702 2638 2853 2693 misit
2905 2654 2991 2693 tne
3032 2638 3210 2704 Pater,
3264 2648 3317 2695 et
3364 2655 3465 2713 ego

1887 2724 2045 2778 mitto
2072 2741 2191 2780 vos.
2224 2724 2287 2780 Et
2317 2742 2438 2781 cum
2464 2728 2574 2781 bth
2597 2728 2845 2793 dixisset,
2875 2729 3189 2795 insumavit,
3215 2750 3234 2782 ι
3261 2743 3312 2787 et
3335 2734 3466 2788 reli-

1886 2829 2016 2884 qua.
2049 2814 2281 2871 Habebit
2326 2826 2507 2873 autent
2557 2836 2755 2874 nexum
2785 2822 3074 2892 utriusque
3114 2826 3462 2895 evangelista:

1886 2908 2082 2972 oratio,
2122 2909 2168 2962 si
2198 2925 2318 2978 quae
2350 2910 2483 2964 dicit
2524 2909 2720 2975 Lucas,
2750 2912 2905 2982 prius
2946 2926 3067 2967 acta
3098 2923 3415 2984 reputemus
3444 2935 3459 2975 ;

1889 3015 2013 3054 mox
2043 3010 2266 3055 narrata
2318 3003 2416 3057 abs
2448 3002 2660 3061 Joanne
2709 3006 3046 3075 copulemus.
3094 3007 3286 3062 Adhuc
3316 3009 3460 3061 enim

1886 3095 1996 3151 illis
2024 3111 2135 3150 non
2169 3096 2540 3161 credentibus,
2575 3113 2757 3153 escam
2807 3099 3140 3169 postulavit;
3175 3115 3351 3170 neque
3378 3102 3462 3170 pi-

190 3167 257 3243 να
295 3167 696 3258 συνάψομενντά
722 3186 871 3259 παρὰ
893 3186 971 3258 τῷ
1004 3167 1383 3258 ἡἸωάννῃκΈτι
1412 3167 1637 3257 μὲνγὰρ
1660 3186 1782 3240 ἀπι-

1887 3190 1996 3245 scis
2025 3206 2123 3244 esu
2154 3198 2469 3256 contentus,
2500 3207 2784 3247 sermones
2808 3206 2940 3247 suos
2966 3192 3274 3257 conﬁrmat,
3312 3194 3463 3263 prio-

189 3278 472 3334 στούντων
514 3279 695 3332 αὐτῶν
727 3281 819 3333 καὶ
847 3279 1053 3350 τροφὴν
1081 3279 1217 3349 ᾔτει,
1249 3279 1343 3332 καὶ
1387 3278 1460 3349 μὴ
1491 3277 1782 3349 ἀρκεσθεὶς

183 3375 257 3445 τῇ
315 3370 518 3443 βρώσει
546 3371 641 3425 τοῦ
682 3371 881 3442 ἰχθύος,
917 3372 1011 3423 καὶ
1056 3370 1245 3438 λόγους
1277 3371 1473 3433 αὐτοὺς
1516 3371 1777 3443 στηρίξει,

183 3466 295 3535 τῆς
316 3466 589 3536 προτέρας
604 3465 800 3527 αὐτοὺς
823 3464 1252 3534 ὑπομιμνήσκων
1271 3462 1615 3526 διδασκαλίας
1640 3462 1779 3516 κατά

176 3557 285 3612 τὸν
308 3557 681 3612 Λουκᾶν.”οτε
711 3556 767 3609 δὲ
791 3555 973 3608 λοιπὸν
1000 3554 1313 3617 πεισθέντες
1333 3554 1780 3625 ὲπληροφορήθη-

184 3668 299 3705 σαν
328 3649 493 3702 αὐτὸν
514 3645 653 3703 εἶναι
688 3648 922 3721 ἀληθῶς,
958 3649 1051 3701 καὶ
1085 3648 1269 3702 λοιπὸν
1303 3648 1473 3719 χαρᾶς
1510 3642 1648 3718 ἦσαν
1683 3664 1778 3717 με-

184 3741 338 3804 στοὶ,
367 3740 490 3794 τότε
513 3740 771 3812 δευτέραν
802 3741 988 3803 αὐτοῖς
1019 3741 1243 3812 εἰρήνην
1274 3739 1466 3811 ἑτέραν
1487 3738 1581 3792 καὶ
1606 3739 1781 3811 κρείτι

174 3848 327 3889 rava
362 3831 514 3904 παρὰ
553 3832 649 3905 τὴν
694 3834 966 3905 προτέραν
998 3833 1200 3897 δίδωσι,
1228 3833 1322 3884 καὶ
1347 3832 1777 3902 παρακελεύεται

175 3927 450 3997 ἑτοίμους
477 3920 614 3980 εἶναι
653 3928 731 3989 εἰς
763 3926 861 3997 τὴν
894 3923 1217 3995 ἀποστολὴν,
1247 3923 1527 3993 μονονουχὶ
1562 3922 1777 3993 ὁμοίους

175 4018 345 4091 αὐτῷ
372 4018 468 4072 καὶ
491 4019 689 4081 αὐτοὺς
722 4016 937 4071 ἔσεσθαι
968 4016 1056 4069 διὰ
1088 4014 1182 4068 τοῦ
1208 4014 1391 4086 ὁμοίου
1414 4014 1574 4086 έργου
1602 4017 1777 4081 ἐπαγ-

174 4110 537 4182 γειλάμενος.
569 4105 682 4162 Εἶθ’
711 4106 839 4180 ἑξῆς
883 4107 977 4161 καὶ
1026 4105 1334 4169 ἀκολούθως
1374 4107 1573 4177 ὲμπνεῖ
1595 4105 1777 4168 αὐτοῖς

174 4203 283 4258 τοῦ
313 4203 473 4271 ἁγίου
500 4196 836 4272 Πνεῦματος,
868 4198 943 4263 ὡς
977 4198 1043 4252 ἂν
1070 4197 1342 4269 δεομένοις
1362 4197 1551 4250 τούτου
1579 4198 1658 4260 εἰς
1679 4195 1775 4267 τὴν

175 4294 325 4364 ἑξῆς
357 4290 761 4364 ἐπιφερομένην
788 4289 1120 4359 ἐπαγγελίαν
1139 4304 1152 4317 ·
1186 4287 1324 4360 αῦτη
1351 4287 1408 4341 δὲ
1432 4283 1500 4359 ῆν
1525 4286 1586 4340 τὸ
1618 4286 1775 4340 δύνα-

176 4384 320 4439 σθαι
350 4382 569 4452 ἀφιέναι
602 4381 875 4454 ἁμαρτίας
899 4380 986 4434 διὰ
1014 4380 1115 4450 τῆς
1153 4377 1247 4434 τοῦ
1273 4378 1431 4448 ἁγίου
1459 4377 1774 4449 Πνεῦματος

1884 3295 1997 3334 rem
2023 3281 2103 3335 eis
2132 3297 2254 3351 quae
2283 3290 2368 3337 est
2411 3284 2554 3353 apud
2582 3281 2783 3338 Lucam
2818 3284 3123 3338 doctrinam
3169 3284 3457 3340 refricans.

1883 3368 2180 3441 Postquam
2204 3388 2331 3449 vero
2354 3374 2662 3439 credentes,
2687 3375 2865 3443 ipsum
2898 3389 3026 3429 vere
3059 3388 3183 3431 esse
3209 3375 3312 3429 sibi
3339 3390 3466 3442 pcr—

1883 3472 2194 3528 suaserant,
2216 3465 2438 3534 jamque
2464 3464 2665 3535 gaudio
2689 3465 3017 3528 diﬂluerent,
3051 3477 3183 3519 tunc
3217 3464 3461 3520 secundo

1881 3554 1962 3609 eis
1995 3569 2207 3625 pacem,
2251 3557 2527 3610 meliorem
2562 3556 2772 3612 scilicet
2804 3558 2975 3626 prima
3006 3557 3310 3626 impertitus
3338 3566 3457 3622 est,

1883 3654 2047 3716 atque
2071 3653 2131 3699 ut
2159 3646 2484 3715 apostolatui
2512 3647 2686 3715 parati
2714 3654 2899 3701 essent
2928 3646 3226 3709 mandavit,
3250 3646 3460 3701 similes

1880 3737 2273 3808 propemodum
2328 3738 2414 3792 sui
2461 3736 2676 3793 futuros
2711 3738 2780 3793 ob
2816 3740 2998 3809 Operis
3042 3738 3455 3793 similitudinem

1881 3830 2176 3901 spondens.
2215 3831 2333 3885 Mox
2382 3837 2749 3886 consentanee
2792 3828 3054 3900 Spiritum
3097 3838 3348 3885 sanctum
3399 3833 3455 3886 in

1878 3938 1975 3978 eos
2006 3922 2317 3992 inSpiravit,
2347 3930 2535 3995 utpote
2562 3923 2709 3977 illius
2742 3922 2960 3993 indiges
2994 3923 3062 3976 ad
3109 3937 3237 3977 mox
3263 3922 3454 3977 diCt‘ll-

1879 4016 2005 4070 dam
2038 4014 2523 4071 denuntiationem.
2565 4013 2692 4070 Hazc
2738 4022 2919 4069 autem
2954 4021 3094 4079 erat,
3128 4029 3290 4085 posse
3332 4013 3455 4069 illos

1877 4116 2103 4179 peccata
2141 4108 2417 4164 dimittere
2442 4123 2539 4179 per
2568 4108 2743 4163 sancti
2774 4106 3010 4176 Spiritus
3045 4107 3323 4162 virtutem.
3357 4110 3456 4161 At-

1877 4215 1984 4270 que
2029 4199 2102 4253 ita
2158 4216 2224 4255 ex
2276 4200 2542 4255 ambobus
2574 4200 2921 4270 evangelistis
2965 4214 3109 4253 unus
3145 4200 3454 4256 communis

1877 4291 2192 4363 perﬁcietur
2224 4308 2441 4360 sermo;
2481 4291 2609 4346 dum
2642 4291 2787 4347 dicta
2815 4291 2957 4361 apud
2999 4290 3225 4358 Lucam,
3261 4299 3450 4347 tacen-

1878 4391 1968 4438 tur
2009 4383 2154 4454 apud
2204 4382 2506 4452 Joannem;
2542 4385 2897 4454 vicissimque
2939 4385 2995 4436 in
3040 4381 3268 4442 Joannis
3314 4382 3454 4438 scri-

169 4472 493 4547 ὃυνάμεως.
526 4475 636 4530 Καὶ
674 4473 847 4537 οὕτως
892 4472 952 4538 ἐξ
998 4473 1321 4543 ἀμφοτέρων
1352 4469 1460 4524 τῶν
1493 4469 1771 4539 εὐαγγελι-

1887 4485 2039 4544 ptura
2109 4475 2419 4539 traduntur,
2486 4491 2607 4545 quae
2666 4475 2886 4529 silentio
2949 4473 3126 4528 Lucas
3188 4473 3383 4543 premit
3432 4489 3447 4525 :

172 4569 335 4623 στῶν
383 4563 464 4631 είς
510 4564 764 4629 κοινωνὸς
806 4564 1273 4635 ἁπαρτισθήσεται
1312 4562 1488 4632 λόγος,
1520 4560 1628 4614 τῶν
1673 4562 1770 4633 μὲν

1887 4565 2057 4635 primo
2089 4567 2231 4631 loco,
2263 4577 2323 4619 ut
2344 4566 2605 4630 diximus,
2639 4581 2760 4636 quae
2787 4574 2914 4621 sunt
2943 4563 3102 4619 Luem
3135 4566 3449 4631 collocatis;

170 4661 346 4734 παρὰ
394 4658 474 4730 τῷ
510 4660 695 4730 Λουκᾷ
720 4658 1076 4728 λελεγμένων,
1106 4654 1486 4727 σιωπηθέντων
1512 4655 1663 4726 παρά
1694 4652 1772 4724 τῷ

183 4751 462 4823 Ἰωάννῃο
492 4749 598 4803 τῶν
620 4750 678 4803 δὲ
704 4749 808 4804 ὑπὸ
836 4748 929 4802 τοῦ
957 4748 1202 4802 Ἰωάννου
1225 4749 1408 4818 γραφῇ
1443 4745 1773 4818 παραδοθέν-

166 4862 319 4910 των,
350 4845 477 4915 σιγῇ
520 4841 920 4913 ταμιευθέντων
962 4838 1114 4911 παρὰ
1135 4837 1214 4909 τῷ
1245 4838 1456 4910 Λουκᾷ’
1493 4837 1586 4890 καὶ
1624 4834 1769 4909 πρώ·

1879 4651 2077 4707 deinde
2109 4667 2231 4722 qua!
2262 4649 2500 4706 Joannes
2529 4653 2626 4716 ait,
2670 4651 2931 4725 subnexis
2959 4667 2973 4716 ;
3018 4649 3262 4703 eamdem
3297 4665 3452 4704 men-

1881 4752 1988 4798 tem
2018 4755 2368 4813 sensumque,
2400 4758 2520 4812 qute
2554 4751 2683 4797 sunt
2714 4741 2855 4811 apud
2878 4751 3191 4809 utrumque,
3227 4756 3451 4795 servan-

1866 4835 2049 4909 tibus.
2075 4835 2253 4904 Atque
2281 4831 2498 4888 baac‘ita
2528 4850 2588 4890 se
2619 4836 2841 4888 habent.
3220 4828 3236 4835 ”

163 4960 294 4997 των
351 4938 452 5010 μὲν
497 4937 605 4990 τῶν
654 4935 804 5007 παρά
845 4935 923 5007 τῷ
968 4936 1148 5005 Λουκᾷ
1177 4933 1536 5003 λελεγμένων,
1563 4931 1688 5002 ἑξῆς
1720 4930 1777 4983 δὲ
1805 4929 2034 4992 ἐκείνοις
2095 4930 2513 5001 συναπτομένων
2553 4928 2661 4983 τῶν
2702 4925 2853 4998 παρᾶ
2885 4925 2964 4994 τῷ
3012 4925 3285 4995 Ἰωάννῃ(
3310 4922 3453 4976 οὕτω

163 5057 236 5093 τε
269 5036 376 5090 ἕνα
408 5034 531 5089 νοῦν
575 5035 670 5088 καὶ
715 5034 845 5103 μίαν
891 5031 1127 5086 διάνοιαν
1162 5028 1440 5093 σωζόντων
1484 5025 1591 5081 τῶν
1637 5028 1765 5097 παρ’
1803 5025 2152 5097 ἀμφοτέροις.
2180 5024 2361 5078 Ταῦτα
2397 5025 2494 5097 μὲν
2523 5025 2713 5098 ταύτῃ.

959 5148 1015 5205 l'.

251 5271 377 5345 (70)
419 5267 543 5333 Πῶς
589 5267 647 5323 δὲ
694 5265 844 5340 παρὰ
874 5265 970 5337 μὲν
999 5264 1369 5335 τῷτΜατθαίῳ
1398 5262 1628 5334 ἄγγελος
1677 5264 1773 5331 όφ-

163 5368 301 5433 οεὶς
333 5365 453 5426 ταῖς
478 5358 691 5431 γυναιξὶ
717 5357 1077 5429 παρήγγειλεν
1101 5355 1430 5424 ἀπαγγεῖλαι
1454 5356 1566 5417 τοῖς
1594 5352 1768 5425 μαθη-

159 5461 307 5522 ταῖς
327 5450 517 5519 αὗτοῦ,
534 5454 637 5517 ὅτι,
656 5449 893 5524 Ἠγέρθη
914 5448 1023 5504 ἀπὸ
1039 5448 1148 5501 τῶν
1168 5445 1397 5519 νεκρῶν,
1421 5446 1513 5499 καὶ
1536 5443 1767 5517 προάγει

161 5552 335 5624 ὑμᾶς
386 5549 468 5611 εἰς
507 5544 605 5618 τὴν
637 5542 946 5607 Γαλιλαίαν,
980 5543 1095 5595 ἐκεῖ
1120 5539 1280 5593 αὐτὸν
1303 5538 1530 5608 ὄψεσθε,
1569 5536 1767 5609 ὁμοίως

251 5723 376 5798 (69)
410 5719 1097 5798 Ninoris_ord_inis_Lucas
1131 5726 1186 5798 et
1219 5714 1457 5798 Marcus,
1490 5721 1761 5798 quatenus

161 5802 233 5857 hi
257 5784 375 5854 itan
403 5793 625 5849 fuerunt
645 5792 858 5847 Domini
879 5790 1005 5846 Jesu
1029 5796 1364 5859 spectatores
1385 5795 1438 5840 et
1461 5784 1758 5839 auditores.

437 5893 691 5953 ΡΑτιιοι
758 5889 877 5951 Gn.
964 5887 1172 5950 XXII.

2635 5140 2702 5195 Χ.

1951 5256 2236 5323 Quomodo
2273 5255 2418 5327 apud
2448 5253 2761 5309 Matthaaum
2792 5252 3009 5323 quidem
3042 5252 3268 5322 angelus
3297 5251 3448 5306 visus

1873 5351 2200 5406 mulieribus
2271 5349 2551 5404 mandavit
2606 5348 2863 5403 nuntiare
2914 5345 3202 5416 discipulis
3256 5341 3443 5399 Jesum

1873 5443 2278 5507 resurrexisse,
2321 5441 2556 5511 illosque
2592 5452 2989 5510 prsecessurum
3033 5437 3088 5490 in
3128 5434 3443 5499 Galilzeam,

1873 5536 2059 5606 ibique
2113 5533 2231 5590 fore
2274 5533 2670 5606 conspicuum,
2719 5530 2972 5587 similiter
3015 5526 3158 5599 apud
3203 5525 3446 5581 Marcum

1942 5712 2054 5786 (70)
2094 5711 2228 5768 Cod.
2263 5712 2327 5779 Α,
2360 5711 2399 5766 r.
2430 5710 2555 5779 sis,
2586 5712 2637 5765 b.
