3868 6264
267 317 414 375 1095

1006 436 1108 493 1Δ’.

341 525 455 596 (72)
495 525 630 598 Φαίη
661 526 706 579 δ’
729 526 924 593 ἀνστις,
951 529 1067 592 πῶς
1098 530 1126 584 ὀ
1153 531 1250 602 μὲν
1265 532 1538 598 Ματθαῖος
1565 535 1854 606 πορευθέν-

263 635 367 682 τας
393 619 520 683 τοὺς
547 619 737 672 ἕνδεκα
764 622 843 684 είς
871 619 931 674 τὸ
957 621 1081 694 ὅρος
1107 626 1206 694 τῆς
1237 623 1522 690 Γαλιλαίας
1549 629 1851 699 ἑωρακέναι

269 713 408 783 φησὶ
435 711 525 766 τὸν
565 711 790 783 Ἰησοῦν,
821 715 850 766 ὀ
897 714 952 767 δὲ
991 716 1241 787 Ἰωάννης
1280 719 1414 788 μετά
1444 719 1542 784 τάς
1568 720 1657 773 δύο
1684 721 1852 775 ὀπτα-

270 805 396 866 σίας
433 805 530 868 τὰς
560 807 618 858 ὲν
647 808 713 877 τῇ
753 807 1104 879 Ἰερουσαλὴμ
1147 810 1208 862 τὸ
1248 811 1430 882 τρίτον
1461 806 1639 881 ὦφθαι
1689 814 1850 868 αὑτὸν

266 899 371 950 οὐκ
399 899 456 951 ὲν
488 898 564 969 τῷ
589 885 705 969 ὄρει
734 899 831 970 τῆς
856 900 1165 965 Γαλιλαίας,
1187 902 1322 956 ἀλλά
1353 904 1501 976 παρά
1526 905 1623 976 τὴν
1653 906 1851 960 θάλασ-

268 1004 369 1041 σαν
391 985 492 1058 τῆς
517 985 806 1053 Γαλιλαίας
839 991 1071 1064 ίστορεῖ;

337 1077 534 1152 Τρίτον
569 1081 666 1152 μὲν
717 1083 933 1153 ἀληθῶς
961 1085 1117 1140 τοῦτο
1148 1086 1401 1159 σύμφημι
1433 1090 1527 1142 καὶ
1557 1089 1717 1156 αὐτὸς
1755 1090 1847 1146 τὸν

264 1169 500 1242 Σωτῆρα
549 1165 727 1242 ὦφθαι
774 1178 887 1238 τοῖς
923 1177 1209 1248 μαθηταῖς,
1245 1180 1307 1233 τὸ
1349 1181 1448 1252 μὲν
1483 1182 1697 1253 πρῶτον
1727 1187 1845 1239 κατ’

263 1263 436 1334 αὐτὴν
467 1265 564 1335 τὴν
587 1267 800 1337 ἡμέραν
825 1267 922 1339 τῆς
952 1270 1320 1335 ἀναστάσεως,
1349 1273 1468 1328 καθ’
1499 1277 1564 1346 ἢν
1595 1278 1782 1348 Μαρία
1811 1280 1844 1350 ἡ

261 1356 598 1428 Μαγδαληνὴ
649 1362 861 1431 πρωῖας
921 1363 1082 1417 αὐτὸν
1141 1363 1386 1436 ἑώρακε·
1413 1368 1614 1439 ταύτην
1657 1370 1712 1424 δὲ
1746 1373 1844 1442 τὴν

262 1446 489 1520 πρώτην
549 1449 814 1506 ὀπτασίαν
869 1454 964 1506 καὶ
1025 1454 1239 1520 Λουκᾶς
1307 1459 1525 1529 ἱστορεῖ.
1561 1460 1842 1534 οΔεύτερον

259 1540 322 1593 δὲ
353 1541 474 1612 μεθ’
499 1543 708 1614 ἡμέρας
728 1544 892 1609 ὀκτὼ,
911 1546 1108 1618 δηλαδὴ
1134 1551 1198 1618 τῇ
1238 1550 1396 1622 ἑτέρᾳ
1426 1552 1699 1624 κυριακῇ.
1720 1554 1840 1606 καθ’

259 1631 329 1701 ἦν
350 1627 505 1695 αὖθις
531 1635 813 1702 ἐπιφανεὶς
835 1638 863 1689 6
892 1637 1082 1710 Σωτὴρ
1110 1640 1200 1692 τὸν
1233 1641 1433 1711 Θωμᾶν
1457 1643 1558 1712 τῆς
1584 1645 1841 1709 ἀπιστίας

255 1723 574 1796 θεραπεύει,
609 1727 788 1792 δείξας
820 1729 969 1799 αὑτῷ
989 1731 1086 1800 τὴν
1113 1730 1350 1804 πλευρὰν
1383 1735 1476 1787 καὶ
1502 1734 1600 1798 τὰς
1626 1739 1834 1808 χεῖ-ρας.

268 1816 425 1871 Ἐπεὶ
451 1818 506 1871 δὲ
538 1819 954 1891 κεκελευσμένοι
975 1817 1114 1894 ἦσαν
1137 1808 1348 1895 ἐπὶτὴν
1382 1825 1668 1880 Γαλιλαίαν
1697 1829 1834 1899 ὀμοῦ

253 1910 524 1980 ἁπαντᾷν,
555 1910 821 1980 ἔπραττον
863 1930 920 1966 τε
952 1913 1088 1983 μετά
1118 1914 1226 1967 τῶν
1247 1915 1449 1969 λοιπῶν
1478 1919 1527 1971 οἱ
1561 1919 1749 1972 ἕνδεκα
1773 1920 1834 1974 τὸ

254 2001 564 2065 κελευσθὲν,
594 2003 688 2056 καὶ
719 2004 748 2056 ὀ
797 2004 982 2068 καθεῖς
1023 2006 1199 2060 αὐτῶν
1254 2010 1628 2080 ὲπισννήγετο,
1668 2012 1834 2082 μήπω

250 2095 363 2148 τῶν
395 2095 588 2148 ἕνδεκα
614 2096 1006 2168 ἡθροισμένων,
1028 2099 1142 2152 ἀλλ’
1163 2099 1242 2152 ἔτι
1281 2101 1601 2170 μελλόντων,
1629 2103 1690 2156 τὸ
1714 2105 1832 2176 τρίε-

246 2205 342 2240 τον
370 2189 522 2257 παρά
554 2189 651 2260 τὴν
687 2188 959 2242 θάλασσαν
989 2192 1088 2261 τῆς
1121 2191 1430 2256 Γαλιλαίας,
1459 2193 1520 2245 οὑ
1549 2197 1659 2258 τοῖς
1685 2195 1830 2250 ἕνδε-

250 2295 323 2332 κα
371 2278 644 2346 φαίνεται.
680 2277 816 2330 ἀλλά
871 2279 1051 2348 μόνοις
1104 2282 1243 2334 έπτά
1275 2285 1388 2346 τοῖς
1426 2283 1530 2336 ὑπὸ
1582 2285 1826 2339 Ἰωάννου

245 2371 640 2442 δεδηλωμένοις
660 2387 674 2402 ο
701 2365 844 2424 οὗτοι
883 2373 938 2425 δὲ
977 2368 1116 2444 ἦσαν
1155 2374 1358 2446 Πέτρος
1385 2377 1478 2429 καὶ
1508 2375 1709 2448 Θωμᾶς
1733 2379 1826 2432 καὶ

251 2462 565 2533 Ναθαναὴλ,
591 2463 682 2517 δύο
713 2481 770 2517 τε
796 2467 844 2517 οἱ
881 2467 985 2518 υἱοὶ
1006 2465 1315 2529 Ζεϐεδαίου,
1341 2469 1434 2520 καὶ
1455 2468 1602 2522 ἄλλοι
1627 2472 1689 2523 ἐκ
1718 2471 1825 2522 τῶν

249 2556 508 2628 μαθητῶν
540 2557 704 2611 αὐτοῦ
732 2557 850 2612 δύο’
872 2556 1029 2611 τοῦτο
1055 2558 1117 2629 δὴ
1148 2554 1241 2612 οὖν
1266 2561 1447 2631 τρίτον
1470 2561 1682 2626 τούτοις
1702 2564 1826 2634 ἀλη-

243 2647 354 2713 θῶς
375 2647 552 2719 ὤφθη,
571 2649 722 2704 οὖπω
749 2650 941 2704 ’ἐνδεκα
972 2653 1343 2722 συνηγμένων.
1361 2653 1560 2726 Διόπερ
1583 2657 1824 2728 ἀκριϐῶς

238 2743 345 2796 οὐκ
369 2743 674 2797 ἀποκλείων
702 2745 796 2796 καὶ
824 2745 951 2805 τοὺς
982 2745 1201 2810 λοιποὺς
1231 2748 1260 2799 ὀ
1311 2747 1562 2820 Ἰωάννης
1592 2751 1694 2820 τῆς
1724 2751 1820 2804 τοῦ

240 2833 500 2904 Σωτῆρος
530 2835 811 2899 ὀπτασίας,
855 2837 1260 2908 ἐπεσημήνατο,
1297 2839 1433 2910 μετά
1461 2839 1557 2910 τὴν
1599 2841 1821 2913 πρώτην

240 2925 337 2976 καὶ
371 2925 630 2994 δευτέραν
657 2926 939 2990 ὀπτασίαν,
973 2929 1068 2998 τὴν
1101 2930 1289 3001 τρίτην
1320 2931 1498 3000 μόνοις
1535 2935 1642 2995 τοῖς
1686 2950 1820 2986 κατ-

237 3017 649 3086 ωνομασμένοις
689 3018 1018 3088 πεποιῆσθαι
1061 3021 1222 3073 αὐτὸν
1269 3023 1362 3074 ἐπὶ
1398 3023 1494 3092 τῆς
1544 3023 1818 3094 Θαλάσσης

238 3109 338 3179 τῆς
371 3109 680 3173 Γαλιλαίας.
716 3111 828 3163 Οὐκ
861 3111 1087 3175 ἀπεικὸς
1119 3113 1174 3164 δὲ
1219 3113 1356 3184 μετά
1383 3114 1556 3168 ταῦτα
1599 3118 1692 3170 καὶ
1731 3119 1818 3170 τέ·
1845 3139 1887 3196 C

236 3217 437 3272 ταρτον
461 3203 556 3254 καὶ
585 3202 856 3272 πέμπτον,
887 3205 981 3256 καὶ
1014 3203 1199 3257 ἄλλοτε
1235 3207 1328 3258 κα)⁸
1359 3206 1613 3270 πολλάκις
1640 3203 1816 3277 ὦφθαι

237 3292 438 3344 αότόν·
489 3292 568 3345 διὸ
615 3294 734 3346 οὐδὲ
786 3296 1114 3366 περιγράφει
1159 3297 1187 3347 6
1231 3298 1483 3370 Ἰωάννης
1515 3301 1694 3364 πάσας
1721 3303 1816 3356 τοῦ

235 3381 490 3453 Σωτῆρος
516 3383 613 3446 τὰς
639 3382 885 3454 πράξεις·
919 3383 1120 3455 προῖὼν
1145 3386 1200 3439 δὲ
1227 3387 1352 3458 ἑξῆς
1377 3405 1528 3458 φησι,
1550 3391 1657 3444 Καὶ
1682 3391 1816 3446 ἄλλα

233 3475 409 3528 πολλά
439 3476 691 3547 ἐποίησεν
709 3479 737 3530 6
770 3475 975 3548 Ἰησοῦς
996 3495 1008 3508 ο
1037 3479 1174 3548 μετά
1195 3479 1326 3548 γοῦν
1355 3481 1417 3533 τὸ
1451 3475 1629 3550 ὦφθαι
1655 3485 1816 3539 αὑτὸν

231 3567 394 3622 τοῦτο
436 3569 618 3638 τρίτον
649 3573 758 3633 τοῖς
804 3571 1113 3642 εἰρημένοις
1148 3573 1305 3636 ἑπτὰ,
1351 3575 1615 3646 τετάρτην
1645 3579 1813 3631 ὀπτα-

232 3660 358 3714 σίαν
386 3660 485 3713 οὐκ
520 3660 585 3714 ἂν
616 3661 881 3734 ἁμάρτοις
913 3663 1011 3734 τὴν
1041 3663 1191 3735 παρά
1223 3663 1298 3734 τῷ
1326 3666 1590 3738 Ματθαίῳ
1635 3670 1816 3738 φήσας

227 3747 394 3812 εἶναι,
425 3753 491 3822 ἢν
521 3754 578 3804 ὲν
607 3752 683 3823 τῷ
705 3753 819 3825 ὄρει
847 3757 958 3818 τοῖς
997 3755 1187 3809 ’ἐνδεκα
1227 3757 1552 3828 πεποιῆσθαι
1577 3761 1812 3834 ἀνέγρα-

225 3844 322 3911 ψε.
372 3845 482 3897 Καὶ
532 3846 670 3915 μετὰ
708 3847 928 3912 τούτους
970 3850 1068 3902 οὐκ
1107 3848 1172 3902 ἂν
1212 3851 1472 3922 σφαλείης
1505 3853 1640 3923 ὁμοῦ
1671 3854 1812 3908 κατά

225 3937 428 3990 ταυτὸν
461 3939 820 4010 συνηγμένοις
865 3941 978 4011 ἅμα
1011 3946 1121 4006 τοῖς
1153 3943 1346 3998 ἕνδεκα
1383 3946 1476 3998 καὶ¹
1515 3950 1627 4010 τοῖς
1659 3947 1809 4000 e660-

231 4029 484 4098 μήκοντα
537 4031 696 4084 αὐτὸν
749 4027 927 4099 ὦφθαι
955 4032 1141 4086 εἰπών.
1178 4033 1236 4086 '0
1273 4034 1330 4087 δὲ
1363 4034 1573 4099 Παῦλος
1604 4039 1697 4090 καὶ
1731 4037 1809 4091 ἔτι

222 4121 436 4174 τούτων
459 4121 698 4175 πλείοσιν
727 4124 998 4195 ἑωρᾶσθαι
1027 4125 1117 4178 τὸν
1135 4126 1364 4197 Σωτῆρα
1394 4127 1532 4195 μετά
1553 4130 1653 4200 τὴν
1684 4131 1810 4184 ἀνά-

226 4228 420 4265 στασιν
466 4216 685 4284 ἱστορεῖ,
729 4214 885 4266 τοῦτο
919 4218 1047 4286 παρ’
1094 4216 1294 4288 ἑτέρων
1328 4217 1542 4286 μαθώνο
1579 4237 1596 4266 ι
1630 4219 1804 4290 Ὠφθη

222 4305 360 4376 γὰρ,
391 4305 542 4376 φησὶ,
568 4305 745 4376 Κεφᾷ,
780 4303 898 4358 εἶτα
930 4309 1042 4377 τοῖς
1071 4306 1276 4361 δώδεκα
1309 4308 1440 4378 (75),
1464 4308 1653 4362 ἔπειτα
1676 4327 1804 4362 πεν-

221 4395 519 4459 τακοσίοις,
563 4395 752 4451 ἔπειτα
807 4397 1067 4469 Ἰακώϐῳ,
1110 4399 1299 4452 ἔπειτα
1343 4403 1454 4462 τοῖς
1490 4400 1805 4464 ἀποστόλοις

1099 325 1604 382 δυρριεΜεΝτΑ
1643 324 2120 394 QU£STIONUM
2158 333 2249 387 AD
2291 336 2639 395 MARINUM.

3387 352 3523 408 1008

2695 452 2786 508 XI.

2029 533 2180 589 Dicet
2222 539 2385 592 etiam
2429 542 2662 612 aliquis,
2696 546 2972 614 quomodo
3016 548 3299 609 Mattheus
3342 555 3524 624 profe-

1955 630 2073 680 ctos
2104 627 2352 682 undecim
2385 629 2439 682 in
2471 629 2704 688 Galilaea:
2743 643 2982 690 montem
3029 638 3178 694 dicat
3209 642 3408 698 vidisse
3433 641 3524 698 Je-

1957 729 2117 781 sum,
2165 715 2407 774 Joannes
2455 731 2634 776 autem
2687 733 2811 795 post
2860 727 2997 784 duas
3035 729 3177 784 intra
3219 730 3518 788 Jerusalem

1953 809 2321 877 apparitioncs
2342 853 2356 877 ,
2390 815 2552 868 tertio
2578 817 2752 870 visum
2783 831 2904 875 esse
2933 818 3117 874 Jesum
3163 838 3271 877 non
3316 825 3370 878 in
3411 823 3520 878 Ga-

1951 898 2105 954 lilaza:
2132 910 2334 969 monte,
2365 905 2460 961 sed
2490 907 2632 977 apud
2661 923 2813 966 mare
2837 908 3071 966 Galilaza:
3096 915 3317 968 narret?

2019 1077 2205 1136 Tertio
2229 1081 2570 1141 Servatorem
2597 1089 2916 1158 apparuisse
2937 1105 3061 1144 vere
3083 1089 3386 1161 discipulis,
3420 1109 3519 1164 εἶθ

1949 1185 2160 1241 quoque
2193 1172 2524 1241 conﬁtebor;
2575 1178 2771 1246 primo,
2805 1177 2919 1247 ipsa
2949 1183 3369 1236 resurrectionis
3402 1181 3512 1243 die.

1947 1275 2070 1314 cum
2107 1277 2264 1316 mane
2294 1264 2443 1317 illum
2469 1263 2634 1318 Maria
2661 1265 2972 1336 Magdalcne
3001 1269 3154 1323 vidit.
3177 1271 3354 1340 Atque
3373 1271 3512 1326 hanc

1946 1353 2176 1422 primam
2210 1355 2475 1412 visionem
2519 1357 2695 1414 Lucas
2739 1374 2956 1429 quoque
2990 1371 3194 1414 narrat.
3225 1361 3476 1417 Secundo
3497 1404 3511 1426 ,

1945 1453 2069 1516 post
2095 1447 2210 1502 dies
2244 1456 2388 1507 octo.
2413 1449 2669 1504 nimirum
2706 1451 2890 1505 altera'
2919 1451 3007 1506 die
3046 1450 3323 1508 Dominica
3358 1495 3373 1519 ,
3406 1471 3512 1525 qua

1944 1540 2140 1593 iterum
2176 1553 2444 1610 apparens
2497 1540 2753 1597 Servator
2804 1545 3241 1600 incredulitatem
3291 1546 3513 1603 'l'homae

1943 1629 2189 1695 sanavit,
2242 1640 2464 1687 ostenso
2512 1633 2563 1688 ei
2596 1633 2765 1688 latere
2804 1649 2868 1688 ac
2903 1635 3172 1689 inanibus.
3201 1635 3338 1702 Quia
3383 1652 3514 1691 vero

1938 1726 2080 1794 jussi
2109 1725 2323 1782 fuerant
2353 1730 2406 1783 in
2430 1727 2704 1784 Galilazam
2733 1729 2894 1784 simul
2917 1729 3214 1800 proficisci,
3247 1730 3510 1786 fecerant-

1867 1803 2046 1887 Bque
2075 1819 2328 1889 discipuli
2384 1819 2634 1875 undecim
2687 1820 3004 1876 mandatum
3055 1837 3180 1876 cum
3241 1822 3508 1892 reliquis;

1935 1909 2064 1964 dum
2110 1911 2309 1983 singuli
2343 1913 2696 1985 colliguntur,
2729 1913 2970 1969 nondum
2999 1913 3251 1969 undecim
3281 1930 3510 1986 congre-

1934 2003 2096 2074 gatis,
2135 2005 2230 2060 sed
2289 2005 2468 2060 adhuc
2518 2007 2887 2076 exspectatis,
2946 2007 3108 2062 tertio
3159 2005 3318 2062 Jesus
3367 2008 3507 2078 apud

1933 2110 2087 2150 mare
2115 2094 2368 2156 Galilaeze.
2400 2097 2546 2151 haud
2595 2099 2812 2154 cunctis
2859 2097 3107 2152 undecim
3134 2139 3151 2163 ,
3189 2099 3281 2154 sed
3315 2097 3383 2154 iis
3423 2115 3507 2153 sc-

1931 2193 2076 2256 ptem
2110 2189 2488 2243 tantummodo
2518 2191 2770 2260 apparuit
2809 2205 2950 2260 quos
2995 2187 3235 2246 Joannes
3270 2206 3506 2247 commc-

1931 2287 2108 2332 morat
2131 2298 2143 2333 :
2165 2279 2326 2345 hique
2354 2289 2510 2335 erant
2541 2279 2736 2336 Petrus
2769 2295 2832 2335 ac
2862 2276 3121 2346 Thomas,
3147 2288 3200 2336 et
3228 2277 3504 2336 Nathana-

1928 2371 2016 2435 el,
2069 2381 2122 2426 et
2152 2371 2246 2425 filii
2275 2372 2382 2426 duo
2419 2371 2686 2437 Zebedazi,
2720 2373 2920 2443 aliique
2950 2383 3211 2443 prazterea
3251 2373 3505 2444 discipuli

1928 2461 2059 2516 duo.
2107 2461 2291 2518 Tertio
2333 2464 2518 2534 itaque
2555 2463 2642 2520 his
2686 2478 2875 2518 revera
2923 2465 3212 2535 apparuit,
3259 2464 3501 2519 nondum

1929 2555 2182 2609 undecim
2237 2557 2600 2627 congregatis.
2667 2555 3010 2630 Quapropter
3072 2554 3216 2610 haud
3282 2558 3504 2611 omnino

1925 2648 2221 2704 excludens
2263 2649 2502 2719 reliquos
2547 2663 2578 2702 a
2630 2648 2933 2705 Servatoris
2965 2651 3176 2706 visione
3223 2645 3502 2710 Joannes.

1926 2750 2046 2810 post
2078 2741 2308 2810 primam
2353 2742 2689 2812 alteramque
2740 2743 3030 2806 visionem,
3065 2741 3280 2797 tertiam
3333 2742 3503 2795 adno-

1925 2833 2057 2886 tavit
2118 2833 2391 2902 prtedictis
2447 2835 2824 2889 tantummodo
2872 2835 3110 2890 oblatam
3140 2835 3298 2903 juxta
3352 2849 3502 2888 mare

1923 2923 2175 2980 Galilazaa.
2199 2923 2453 2996 Nihilque
2475 2926 2657 2980 obstat
2680 2926 2972 2996 quominus
3003 2927 3281 2996 posthinc,
3307 2934 3502 2995 quanto

1921 3017 2083 3070 etiam
2105 3024 2158 3070 et
2178 3017 2390 3086 quinto,
2425 3025 2480 3073 et
2513 3019 2712 3087 saapius
2756 3025 2926 3073 semet
2955 3017 3308 3088 spectandum
3333 3017 3498 3071 dede-

1923 3108 1992 3160 rit
2017 3127 2030 3162 :
2058 3107 2287 3179 ideoque
2314 3107 2553 3164 Joannes
2579 3109 2730 3164 nullo
2758 3111 2990 3164 termino
3009 3107 3320 3164 Servatoris
3345 3119 3499 3165 actus

1923 3200 2323 3256 circumscribit
2355 3220 2367 3256 :
2399 3203 2508 3256 imo
2553 3217 2784 3274 pergens
2830 3215 2993 3274 porro
3023 3200 3099 3256 ait
3147 3202 3252 3256 alia
3282 3216 3500 3272 quoque

1920 3298 2086 3351 multa
2108 3295 2291 3354 Jesum
2330 3298 2545 3354 fecisse.
2578 3298 2712 3355 Post
2741 3300 2882 3354 hanc
2919 3315 3050 3369 ergo
3101 3297 3380 3371 praedictis
3409 3314 3496 3354 se-

1918 3397 2062 3460 ptem
2103 3391 2386 3460 discipulis
2407 3391 2622 3445 tertiam
2653 3392 3072 3461 apparitionem,
3109 3391 3256 3446 haud
3291 3407 3321 3445 a
3353 3392 3497 3446 veri-

1917 3490 2027 3538 tate
2051 3483 2276 3538 abludes
2305 3483 2350 3537 si
2381 3493 2630 3552 quartam
2675 3485 2827 3539 dicas
2868 3484 3013 3537 illam
3043 3499 3207 3552 quam
3235 3483 3490 3537 undecim

1917 3575 1982 3647 in
2022 3584 2207 3630 monte
2259 3574 2540 3645 praibitam
2589 3569 2874 3629 Matthaeus
2928 3575 3192 3643 scriptum
3247 3574 3489 3644 reliquit.

1913 3664 2045 3721 Post
2069 3666 2170 3722 hos
2193 3682 2340 3728 vero,
2358 3667 2564 3736 absque
2579 3681 2764 3722 errore
2784 3663 3077 3719 aﬂirmabis
3101 3679 3131 3718 a
3147 3664 3359 3719 cunctis
3381 3680 3486 3718 una

1913 3756 2280 3825 congregatis,
2314 3755 2562 3810 undecim
2593 3754 2842 3809 videlicet
2879 3761 2934 3809 et
2964 3754 3088 3808 aliis
3148 3753 3487 3823 septuaginta

1910 3845 2098 3902 Jesum
2125 3846 2294 3903 fuisse
2325 3854 2696 3915 conspectum.
2728 3846 2842 3900 lmo
2870 3840 3072 3899 Paulus
3108 3859 3136 3897 a
3172 3843 3343 3896 multo
3365 3845 3489 3914 plu»

1912 3939 2066 3994 ribus
2096 3938 2272 3992 visum
2306 3936 2650 3994 Servatorent
2707 3944 2833 4008 post
2864 3934 3326 3991 resurrectionem
3359 3949 3487 3986 nar-

1911 4040 2030 4092 rat,
2080 4047 2243 4101 quam
2272 4048 2384 4086 rem
2431 4032 2500 4086 ab
2533 4031 2656 4086 aliis
2695 4029 2884 4084 auditu
2917 4035 3220 4097 acceperat.
3261 4045 3282 4077 ‹
3322 4025 3485 4080 Visus

1910 4133 2012 4186 est,
2044 4125 2243 4194 inquit,
2274 4123 2490 4194 (Iephte,
2521 4123 2718 4179 deinde
2749 4122 3059 4183 duodecim,
3093 4129 3281 4191 postea
3331 4122 3486 4191 quin-

1908 4215 2107 4285 gentis,
2141 4223 2254 4270 tum
2285 4214 2512 4281 Jacobo,
2542 4217 2666 4270 exin
2713 4215 2974 4282 apostolis
3005 4214 3251 4272 cunctis.
3307 4215 3487 4268 novis-

1909 4304 2046 4359 sime
2089 4315 2266 4360 autem
2321 4307 2564 4360 omnium
2599 4304 2764 4359 ctiam
2801 4304 2930 4358 mihi
2962 4304 3028 4357 ⁸⁵.
3071 4323 3090 4354 ι
3127 4302 3322 4372 Viden,
3352 4314 3485 4374 quot

1907 4395 2218 4453 hominibus
2253 4409 2308 4452 et
2338 4399 2549 4468 quoties
2575 4406 2698 4467 post
2729 4398 3187 4452 resurrectionem
3218 4410 3483 4465 apparue-

223 4488 414 4549 πᾶσιν,
437 4486 660 4556 ἔσχατον
685 4487 741 4540 δὲ
773 4487 1009 4548 πάντων,
1038 4491 1188 4559 φησὶ,
1228 4489 1407 4558 κάμοί.
1439 4509 1455 4538 ι
1488 4489 1649 4560 Ὁρᾷς
1681 4490 1806 4542 ὀσά-
1837 4476 1840 4528 ί

1929 4489 2021 4542 'it?
2053 4487 2144 4543 Sic
2175 4490 2339 4544 etiam
2371 4490 2664 4545 latentibus
2693 4490 2837 4542 intra
2875 4487 3176 4542 Jerusalem
3202 4489 3478 4556 apparuit;

221 4596 316 4642 κις
344 4580 437 4632 καὶ
483 4579 628 4640 ὅσοις
659 4577 814 4649 ὤφθη
865 4579 998 4649 μετά
1028 4581 1126 4650 τὴν
1159 4581 1453 4633 ἀνάστασιν
1478 4597 1492 4644 ;
1522 4580 1677 4634 Οὕτω
1710 4580 1803 4634 καὶ

217 4673 338 4734 τοῖς
382 4671 440 4723 ὲν
497 4668 850 4742 Ἰερουσαλὴμ
898 4670 1292 4741 κρυπτομένοις
1339 4669 1528 4739 ὤφθηο
1573 4672 1666 4723 καὶ
1699 4671 1804 4740 πρὸ

220 4760 412 4815 αὐτῶν
459 4764 572 4824 τοῖς
615 4762 743 4832 περὶ
789 4761 1038 4813 Κλεόπαν
1069 4761 1320 4814 ἀπιοῦσιν
1353 4763 1444 4814 ἐπὶ
1489 4761 1796 4832 Ἐμμαοῦν-

221 4851 323 4904 καὶ
348 4852 455 4925 πρό
479 4869 543 4920 γε
567 4853 800 4914 πάντων,
823 4851 1030 4922 ἀνδρῶν
1067 4849 1164 4921 μὲν
1192 4851 1415 4921 Σίμωνι,
1445 4853 1718 4919 γυναικῶν
1743 4853 1800 4905 δὲ

218 4947 292 5015 τῇ
333 4943 685 5014 Μαγδαληνῇ.
722 4943 910 4996 Ἔνθεν
951 4945 978 4996 6
1019 4943 1231 5006 Λουκᾶς
1264 4946 1320 4996 ὲν
1355 4945 1474 5006 ταῖς
1509 4943 1798 5015 Πράξεσιν,

220 5037 351 5090 ἐπεὶ
384 5036 642 5099 πολλάκις
662 5034 851 5087 ἑαυτὸν
881 5034 1086 5088 ἐδείκνυ
1113 5038 1224 5098 τοῖς
1247 5033 1533 5105 μαθηταῖς,
1552 5037 1802 5106 ἐπιτηρεῖ

218 5126 420 5195 λέγων,
439 5127 515 5190 ὡς
537 5126 646 5198 ἄρα
677 5124 743 5178 δι’
770 5125 990 5196 ἡμερῶν
1011 5125 1412 5195 τεσσαράκοντα
1435 5124 1798 5194 ὀπτανόμενος

1910 4586 1964 4634 et
1986 4588 2113 4634 ante
2150 4580 2250 4634 hos
2271 4581 2486 4650 Cleopa:
2517 4581 2776 4648 socioque
2797 4581 3172 4634 Emmauntem
3202 4579 3478 4644 euntibus;

1909 4681 1961 4727 et
1992 4673 2166 4742 primo
2190 4671 2427 4725 virorum
2449 4671 2666 4740 quidem
2689 4669 2918 4732 Simoni,
2939 4668 3265 4724 feminarum
3297 4677 3476 4725 autem

1909 4765 2256 4836 Magdalcnae.
2283 4762 2417 4816 Hinc
2447 4762 2623 4816 Lucas
2649 4762 2704 4835 in
2743 4759 2993 4825 Actibus,
3046 4759 3304 4828 quoniam
3337 4773 3479 4828 saepe

1908 4853 2068 4909 Jesus
2109 4869 2166 4908 se
2200 4851 2485 4921 discipulis
2513 4848 2980 4912 manifestaverat,
3008 4846 3349 4903 considerate
3393 4845 3479 4900 die

1907 4947 2024 5000 cit:
2061 4965 2079 4993 ε
2118 4945 2220 4999 Pcr
2269 4944 2386 4998 dies
2434 4943 2792 5013 quadraginta
2842 4957 3112 5012 apparens
3175 4941 3256 4996 eis
3313 4953 3476 5010 atque

1905 5054 2257 5096 conversans.
2290 5039 2439 5108 regni
2482 5035 2574 5090 Dei
2632 5034 2974 5103 disciplinam
3012 5033 3297 5098 tradebat;
3353 5045 3478 5086 mo-

1907 5132 2131 5199 nuitque
2155 5139 2215 5183 ut
2243 5127 2542 5183 Jerusalem
2569 5134 2872 5196 pergerent,
2903 5125 3086 5194 ibique
3113 5123 3476 5196 pradicarent

215 5221 405 5282 αὐτοῖς
438 5220 532 5274 καὶ
575 5217 1045 5290 συναυλιζόμενος,
1089 5217 1156 5271 τά
1206 5217 1333 5285 περὶ⁸
1372 5216 1470 5286 τῆς
1521 5215 1796 5285 βασιλείας

1936 5221 2102 5276 udaeis
2148 5227 2272 5274 ante
2304 5233 2496 5274 omnes
2534 5217 2872 5281 doctrinam;
2907 5231 3082 5286 neque
3116 5216 3252 5271 urbe
3280 5216 3473 5270 absce-

210 5313 314 5366 τοῦ
349 5311 486 5366 Θεοῦ
518 5312 800 5385 παρεδίδου
831 5311 1151 5382 μαθήματα,
1169 5296 1400 5380 παρῄνει
1429 5326 1488 5362 τε
1509 5308 1685 5380 ὀρμᾷν
1716 5313 1796 5373 εἰς

1935 5322 2109 5375 erent,
2143 5311 2237 5367 sed
2268 5317 2649 5381 exspectarent
2681 5308 3094 5379 promissionem
3119 5305 3320 5370 Patris,
3345 5324 3367 5358 ι
3403 5307 3470 5360 dc

207 5410 315 5479 τὴν
351 5405 724 5478 Ἰερουσαλὴμ,
753 5406 912 5458 κάκεῖ
935 5400 1221 5474 κηρύττειν
1265 5401 1531 5465 Ἰουδαίοις
1559 5400 1796 5471 πρώτοις

1936 5418 2002 5456 ua
2039 5417 2137 5456 nos
2169 5401 2332 5472 paulo
2371 5408 2492 5470 post
2520 5399 2873 5454 disseremus.

204 5505 305 5556 τὸν
351 5501 536 5568 λόγον·
584 5499 718 5570 μηδὲ
765 5497 1024 5569 πρότερον
1076 5494 1374 5562 ἀναχωρεῖν
1416 5491 1514 5560 τῆς
1562 5491 1788 5556 πόλεως,
1832 5492 1966 5547 ἀλλά
2002 5495 2312 5565 περιμένειν
2351 5492 2448 5561 τὴν
2487 5489 2813 5556 ἐπαγγελίαν
2839 5487 2932 5542 τοῦ
2973 5488 3202 5560 Πατρὸς,
3236 5487 3364 5559 περὶ
3400 5482 3480 5559 ἦς,

211 5595 415 5666 μικρὸν
443 5592 666 5665 ὕστερον
698 5586 1066 5659 διαληψόμεθα
1096 5585 1226 5657 (74).

292 5685 337 5716 ’³
380 5683 398 5737 l
434 5685 562 5737 (lor.
601 5701 690 5745 κν,
723 5680 838 5735 5-8.

1965 5763 2076 5832 (74)
2116 5761 2318 5832 Nempe
2353 5760 2583 5816 inferius
2617 5777 2671 5814 n.
2713 5761 2767 5826 9,
2814 5761 2901 5823 10,
2949 5759 3040 5815 ubi
3093 5756 3294 5815 Christi
3344 5770 3467 5813 scr-

285 5782 400 5846 (τε)
439 5780 572 5834 Cod.
612 5780 673 5852 Α.
713 5777 749 5827 r.
784 5774 903 5827 δεῖ.

1965 5774 2076 5832 (Η)
2116 5774 2318 5852 nempe
2354 5774 2583 5816 interius
2617 5777 2671 5814 n.
2713 5774 2767 5843 ἓν,
2814 5774 2860 5814 Il

1895 5849 2084 5888 mones
2117 5840 2168 5886 et
2197 5833 2336 5885 dona
2368 5840 2490 5885 ante
2523 5835 2910 5887 ascensionem.

280 5853 396 5921 (75)
439 5853 512 5903 ita
549 5851 669 5902 cod.
