3868 6264
408 356 545 413 1007

435 525 1742 556 ____________________________.____

1092 339 1362 402 EUSEBII
1395 334 1870 396 CASSARIENSIS
1909 332 2058 389 OPP.
2102 326 2281 386 PARS
2320 328 2409 386 111.
2450 330 2533 371 -’
2557 326 2972 385 EXEGE’I‘ICA.

3516 323 3646 383 i308

1342 699 2215 801 SUPPLEMENTA
2270 697 2788 791 MINORA.

2015 943 2086 962 τὺ

1042 1110 1083 1166 ι.
1114 1108 1199 1165 Ea:
1230 1105 1492 1163 chronicis
1523 1100 1735 1157 ineditis
1772 1096 1982 1167 Georgii
2011 1092 2318 1148 Hamartoli
2344 1098 2395 1145 et
2423 1086 2655 1153 Joannis
2691 1082 2862 1142 Siculi
2890 1081 3025 1156 (75).

481 1304 533 1362 1.
573 1300 844 1359 Eusebius
878 1297 934 1352 in
970 1307 1134 1366 opere
1160 1290 1228 1344 ad
1260 1286 1530 1343 Marinum
1565 1281 1645 1338 sic
1667 1280 1782 1335 ait:
1818 1296 1839 1330 ι
1875 1276 1992 1331 Duo

2164 1269 2234 1325 α’.
2271 1267 2532 1331 Εὐσέϐιος
2566 1268 2627 1319 ὲν
2662 1266 2777 1328 τοῖς
2801 1261 2951 1332 πρὸς
2996 1259 3262 1330 Μαρῖνον
3285 1258 3468 1313 τοιάδε
3501 1253 3654 1329 φησί·

411 1394 710 1452 constituta
733 1398 863 1446 sunt
887 1388 945 1443 in
985 1384 1189 1441 Christi
1218 1378 1461 1434 Ecclesia
1487 1374 1722 1429 vitarum
1750 1383 1984 1441 genera;

412 1500 583 1541 unum
612 1482 831 1555 quidem
880 1476 1161 1538 eximium,
1197 1480 1251 1527 et
1302 1479 1647 1525 communem
1704 1459 1986 1517 hominum

413 1550 867 1633 consuetudinem
890 1565 1181 1627 excedens,
1212 1558 1358 1632 quod
1387 1570 1568 1627 neque
1585 1550 1793 1622 nuptiis
1814 1561 1990 1617 neque

412 1667 601 1724 liberis
634 1677 854 1735 operam
881 1660 997 1724 dat,
1029 1670 1205 1726 neque
1249 1665 1412 1723 opum
1450 1647 1651 1702 retinet
1684 1639 1991 1714 possessio-

413 1730 817 1827 nem,totoque,
850 1760 910 1807 ut
935 1752 1011 1806 ita
1038 1748 1243 1813 dicam,
1272 1743 1414 1799 coelo
1433 1756 1462 1794 a
1492 1734 1769 1794 communi
1796 1742 1849 1789 et
1871 1730 1995 1786 vul-

414 1849 532 1923 gari
566 1822 907 1907 saecularium
927 1842 1207 1898 hominum
1237 1850 1387 1891 more
1416 1831 1616 1894 diﬂ'ert,
1643 1838 1805 1898 atque
1831 1822 1993 1879 unice

413 1945 511 2003 Dei
542 1938 827 1998 famulatui
847 1941 1025 1999 vacat,
1043 1929 1242 1987 eximio
1269 1925 1572 1983 cwlestium
1597 1934 1779 1975 rerum
1810 1929 1993 1971 amore

416 2037 731 2109 impulsum.
769 2031 981 2099 Reapse
1028 2024 1122 2096 qui
1169 2022 1274 2076 hoc
1302 2019 1426 2075 vita:
1449 2030 1618 2087 genus
1672 2017 1951 2069 sectantur
1975 2046 1989 2071 ,

416 2131 565 2185 velut
611 2126 725 2197 jam
776 2120 1018 2184 mortui,
1077 2112 1458 2171 mortificatam
1495 2108 1660 2161 vitam
1690 2111 1746 2159 et
1779 2108 1993 2156 tantum

418 2193 648 2290 corpore
697 2213 977 2287 praeditam
1010 2210 1066 2265 in
1098 2216 1243 2263 terra
1270 2199 1719 2258 circumferentes
1744 2235 1759 2260 ,
1799 2193 1994 2264 spiritu

418 2284 599 2368 autem
633 2284 745 2377 jam
778 2305 833 2360 iu
855 2302 1056 2357 cmlum
1087 2296 1381 2357 translato,
1404 2288 1783 2346 caelicolarum
1821 2284 1998 2336 instar

418 2365 688 2451 humanas
716 2407 805 2447 res
835 2392 1114 2460 spectant,
1151 2396 1276 2438 cum
1306 2380 1418 2435 sint
1454 2376 1557 2447 ipsi
1589 2387 1689 2444 pro
1719 2365 1998 2427 communi

420 2489 596 2544 salute
638 2485 751 2540 Deo
779 2457 1089 2537 consecrati
1116 2516 1131 2540 ,
1163 2488 1342 2544 neque
1374 2467 1617 2525 cruentis
1642 2462 1881 2521 victimis
1913 2457 1998 2514 vel

420 2576 732 2634 libamentis
762 2580 857 2628 aut
882 2568 1137 2640 adipibus
1162 2606 1177 2631 ,
1221 2564 1317 2621 sed
1350 2562 1519 2617 rectis
1551 2555 1832 2627 religionis
1855 2565 1999 2608 vera:

2095 1384 2115 1418 ι
2146 1363 2259 1418 Καὶ
2288 1363 2397 1434 γὰρ
2423 1363 2457 1433 ἡ
2488 1359 2583 1414 τοῦ
2611 1358 2848 1432 Χριστοῦ
2885 1354 3180 1426 Ἐκκλησία
3209 1352 3302 1406 δύο
3338 1350 3488 1422 βίους
3515 1369 3660 1423 νομο-

2089 1459 2235 1513 θετεῖ
2269 1456 2363 1510 καὶ
2404 1453 2666 1526 τρόπους·
2692 1451 2784 1506 τὸν
2815 1451 2910 1522 μὲν
2939 1445 3196 1517 ὑπερφυῆ
3232 1446 3329 1499 καὶ
3358 1444 3459 1515 τῆς
3489 1444 3661 1514 κοινῆς

2090 1548 2435 1622 ἀνθρωπίνης
2466 1542 2742 1608 πολιτείας
2788 1542 3069 1603 ἐπέκεινα,
3100 1538 3162 1592 οὐ
3191 1538 3424 1608 γάμους,
3453 1536 3515 1588 οὐ
3548 1552 3662 1589 παι-

2088 1643 2351 1706 δοποιίαςν
2375 1640 2438 1695 οὐ
2464 1636 2781 1713 περιουσίας
2809 1633 3040 1706 ὕπαρξιν
3067 1629 3528 1703 παραδεχόμενον,

2091 1736 2208 1791 ὅλον
2235 1735 2299 1789 δι’
2327 1733 2447 1787 ὅλου
2474 1733 2574 1805 τῆς
2602 1731 2785 1800 κοινῆς
2829 1728 2923 1783 καὶ
2967 1725 3229 1797 συνήθους
3265 1723 3374 1777 τῶν
3406 1719 3665 1793 βιωτικῶν

2092 1825 2392 1899 ἀνθρώπων
2442 1824 2666 1895 ἀγωγῆς
2709 1817 3162 1893 παρηλλαγμένον
3203 1817 3298 1870 καὶ
3334 1815 3477 1887 μόνῃ
3499 1816 3563 1884 τῇ
3583 1811 3666 1866 τοῦ

2092 1920 2228 1975 Θεοῦ
2250 1918 2517 1990 θεραπείᾳ
2538 1914 3045 1988 προσῳκειωμένον,
3069 1911 3190 1965 καθ’
3218 1909 3529 1981 ὑπερϐολὴν
3547 1907 3667 1980 Epta-

2093 2031 2184 2077 τος
2206 2012 2477 2083 οὐρανίου.
2503 2011 2566 2063 Ol
2609 2008 2716 2082 γὰρ
2741 2007 2894 2061 τόνδε
2932 2004 3203 2077 μετιόντες
3230 2002 3323 2054 τὸν
3352 2000 3559 2071 τρόπον
3592 2016 3666 2052 τε·

2088 2105 2282 2159 θνάναι
2327 2101 2649 2166 δοκοῦντες,
2682 2100 2773 2153 τὸν
2817 2098 3009 2169 θνητὸν
3065 2097 3176 2167 βίον
3223 2096 3317 2149 καὶ
3356 2094 3492 2148 αὐτὸ
3528 2093 3670 2163 μόνον

2095 2196 2156 2249 τὸ
2204 2195 2362 2266 σῶμα
2416 2192 2802 2264 περιφέροντες
2833 2190 2927 2243 ἐπὶ
2965 2190 3088 2260 γῆς,
3124 2188 3436 2260 φρονήματι
3489 2187 3545 2239 δὲ
3582 2186 3670 2254 τὴν

2095 2288 2272 2359 ψυχὴν
2300 2289 2379 2351 εἰς
2416 2287 2679 2357 οὐρανοὺς
2715 2282 3188 2355 μετενηνεγμένοι,
3219 2276 3310 2333 οἷὰ
3347 2296 3495 2343 τινες
3521 2277 3665 2349 οὐρά-

2097 2399 2221 2445 νιοι,
2273 2381 2365 2434 τὸν
2416 2379 2525 2432 τῶν
2580 2377 2882 2450 ἀνθρώπων
2939 2376 3182 2447 ἐφορῶσι
3225 2375 3361 2444 βίον,
3397 2375 3541 2441 ὑπὲρ
3589 2371 3673 2424 τοῦ

2101 2474 2301 2536 παντὸς
2333 2472 2520 2542 γένους
2551 2470 2916 2542 ἀφιερωμένω
2975 2468 3052 2539 τῷ
3116 2468 3210 2519 ἐπὶ
3259 2467 3479 2519 πάντων
3531 2462 3669 2535 Θεῷ·

2102 2568 2162 2620 οὐ
2193 2564 2502 2637 βουθυσίαις
2529 2564 2623 2617 καὶ
2650 2563 2894 2632 αἴμασιν,
2913 2562 3032 2614 οὐδὲ
3062 2560 3315 2623 σπονδαῖς
3336 2558 3434 2612 καὶ
3454 2557 3673 2619 κνίσαις,

420 2669 769 2740 dogmatibus
814 2623 1090 2733 animi‘que
1120 2657 1310 2726 habitu
1343 2661 1397 2710 et
1425 2623 1685 2724 operibus
1711 2646 2000 2714 verbisque

2106 2623 2237 2710 ἀλλὰ
2265 2623 2530 2727 δόγμασιν
2574 2623 2755 2726 ὀρθοές
2802 2623 3032 2723 ἀληθοῦς
3064 2651 3345 2714 εὐσεϐείας
3384 2647 3675 2718 καὶ.ψυχῆς

421 2765 588 2821 rectis
613 2758 884 2834 purilicati
916 2779 928 2814 ;
960 2755 1161 2826 quibus
1185 2752 1351 2807 rebus
1380 2748 1551 2804 Deum
1580 2744 1681 2801 sibi
1709 2740 2002 2798 concilian-

422 2867 525 2920 tes,
552 2870 652 2926 pro
694 2868 753 2909 se
790 2857 845 2906 et
875 2847 1086 2904 caeteris
1120 2842 1429 2902 sacerdotio
1462 2838 1782 2909 funguntur.
1824 2834 2002 2902 Atque

424 2951 530 3004 hoc
555 2925 872 3017 perfectum
903 2939 1335 3013 primariumque
1373 2940 1459 2990 est
1498 2930 1827 2986 Christianae
1881 2925 2004 2979 vitae

430 3056 624 3113 genus.
662 3038 906 3091 Alterum
962 3046 1127 3103 porro
1187 3030 1311 3085 vitae
1365 3039 1537 3097 genus
1586 3020 1830 3077 deterius
1880 3025 2000 3082 est,

433 3110 597 3202 atque
625 3129 862 3184 humana
896 3126 1189 3197 fragilitate
1241 3121 1500 3175 laborans
1526 3158 1540 3183 ,
1589 3115 1753 3185 idque
1780 3110 2004 3168 omnino

434 3239 557 3277 cum
587 3221 868 3291 superiore
901 3214 1207 3286 comparari
1235 3212 1461 3283 nequit:
1495 3206 1761 3278 siquidem
1805 3211 1860 3260 et
1889 3216 2007 3256 mo-

432 3313 606 3369 destis
631 3310 873 3381 indulget
907 3307 1115 3378 nuptiis
1162 3304 1573 3370 liberorumque
1610 3294 2002 3368 procreationi,

432 3409 488 3456 et
520 3401 596 3455 rei
634 3399 921 3455 familiaris
958 3413 1083 3452 cum
1111 3394 1365 3465 aequitate
1394 3404 1581 3446 curam
1626 3388 1787 3459 gerit,
1819 3394 1874 3441 et
1904 3385 2008 3439 mi-

433 3493 620 3549 litibus
635 3490 809 3548 oﬂicia
831 3493 1081 3561 imperat,
1104 3495 1157 3542 et
1178 3485 1568 3557 agriculturam
1591 3521 1607 3546 ,
1635 3466 2003 3536 mercaturam

435 3601 499 3643 ac
518 3596 710 3642 caetera
740 3584 958 3656 publica
988 3582 1202 3654 negotia
1238 3594 1348 3633 non
1380 3580 1502 3632 sine
1533 3575 1731 3646 pietate
1768 3579 2003 3628 exercet.

432 3676 498 3732 lli
513 3677 843 3747 caeteroquin
858 3675 1109 3730 homines
1128 3679 1277 3728 certa
1290 3669 1494 3725 habent
1510 3666 1748 3738 religiosi
1763 3666 1944 3720 cultus
1955 3671 2008 3718 et

431 3772 757 3828 eruditionis
790 3778 1067 3841 tempora,
1104 3776 1160 3823 et
1206 3766 1516 3821 divinorum
1551 3760 1891 3831 eloquiorum
1921 3773 2011 3812 au-

433 3864 627 3919 ditioni
668 3868 867 3918 vacant
903 3880 918 3916 :
954 3868 1116 3932 atque
1172 3858 1259 3914 his
1300 3855 1575 3913 secundus
1604 3852 1903 3909 attributus
1926 3857 2010 3906 est

2099 2749 2338 2802 διαθέσει
2370 2746 2809 2817 κεκαθαρμένης,
2830 2746 2922 2799 καὶ
2947 2744 3172 2817 προσέτι
3202 2747 3316 2807 τοῖς
3340 2745 3461 2796 κατ’
3486 2741 3677 2813 ἀρετὴν

2101 2836 2279 2909 ἔργοις
2308 2848 2366 2890 τέ
2394 2837 2488 2890 καὶ
2519 2836 2697 2903 λόγοις
2715 2850 2728 2863 ⁶
2760 2831 2844 2898 οἷς
2868 2835 2930 2888 τὸ
2960 2835 3112 2889 Θεῖον
3161 2833 3546 2903 ὲξιλεούμενοι,
3589 2829 3680 2901 τὴν

2103 2930 2239 3001 ὑπὲρ
2279 2927 2457 2981 αὐτῶν
2510 2928 2605 2981 καὶ
2637 2926 2746 2979 τῶν
2777 2925 3052 2997 ὁμογενῶν
3080 2925 3436 2980 ἀποτελοῦσιν
3479 2925 3682 2995 ἱερουρ-

2102 3020 2246 3089 γίανο
2292 3020 2385 3072 καὶ
2414 3019 2443 3070 ὁ
2479 3017 2576 3088 μὲν
2605 3016 2817 3088 ἐντελὴς
2851 3018 2944 3070 καὶ
2994 3016 3209 3090 πρῶτος
3234 3016 3336 3085 τῆς
3369 3013 3514 3068 κατὰ
3548 3015 3677 3084 Χρι-

2104 3109 2419 3179 στιανισμὸν
2459 3106 2733 3169 πολιτείας
2765 3105 2985 3177 τρόπος,
3010 3104 3213 3157 τοιόσδε
3237 3103 3597 3173 καθέστηκεν.
3632 3101 3684 3154 '0

2103 3203 2159 3256 δὲ
2194 3201 2445 3272 δεύτερος
2505 3198 2599 3251 καὶ
2656 3196 3032 3266 ὑποϐεϐηκὼς,
3059 3195 3568 3269 ἀνθρωπινώτερος,
3600 3193 3682 3245 καὶ

2104 3291 2182 3362 τῷ
2215 3291 2416 3364 πρώτῳ
2456 3289 2575 3343 λίαν
2600 3288 2960 3360 ἀσύγκριτος·
2993 3286 3051 3351 ὃς
3099 3287 3192 3341 καὶ
3224 3287 3424 3357 γάμοις
3457 3300 3684 3353 συγκστ·

2108 3387 2247 3440 ιέναι
2302 3385 2542 3457 σώφροσι
2580 3386 2674 3439 καὶ
2724 3382 3105 3448 παιδοποιίαις,
3141 3382 3455 3452 οἰκονομίας
3496 3398 3557 3435 τε
3596 3379 3686 3449 τῆς

2107 3482 2250 3536 κατὰ
2276 3482 2336 3534 τὸ
2367 3480 2573 3534 δίκαιον
2632 3476 3030 3549 ἐπιμελεῖσθαι,
3068 3477 3158 3530 καὶ
3208 3475 3683 3546 στρατευομένους.

2109 3572 2288 3626 καὶτὰ
2312 3571 2561 3639 πρακτέα
2587 3571 2958 3636 ὑποτίθεσθαι,
2980 3569 3164 3643 ἀγρῶν
3183 3586 3245 3623 τε
3287 3569 3382 3621 καὶ
3402 3568 3684 3639 ἐμπορίας,

2108 3665 2202 3719 καλ⁵
2232 3665 2331 3735 τῆς
2358 3663 2524 3735 ἄλλης
2551 3663 2973 3736 πολιτικωτέρας
3003 3662 3248 3733 ἀγωγῆς,
3284 3660 3424 3732 μετὰ
3453 3659 3555 3713 τοῦ
3579 3659 3684 3712 θεο-

2112 3756 2303 3820 σεϐοῦς
2336 3755 2660 3826 φροντίζειν.
2706 3754 2800 3820 Οἷς
2835 3757 2930 3810 καὶ
2959 3756 3246 3826 ἀσκήσεων
3276 3753 3483 3825 καιροὶ,
3515 3750 3688 3820 μαθηο

2110 3850 2261 3913 τείας
2295 3867 2355 3903 τε
2411 3850 2505 3904 καὶ
2552 3849 2661 3903 τῶν
2693 3848 2851 3903 θείων
2894 3849 3090 3918 λογίων
3138 3847 3456 3918 ἀκροάσεως
3492 3845 3690 3916 ἡμέραι

432 3957 652 4028 pietatis
679 3955 904 4026 gradus,
932 3953 1028 4025 qui
1050 3963 1351 4024 congruam
1402 3946 1532 4004 huic
1568 3946 1694 4002 vitae
1717 3944 2002 3999 utilitatem

2114 3941 2525 4014 ἀφωρίσθησαν,
2587 3943 2682 3995 καὶ
2731 3940 2984 4014 δεύτερος
3043 3940 3328 4003 εὐσεϐείας
3381 3934 3688 4022 ἀπενεμήθη

436 4048 660 4118 praebet.
698 4067 718 4099 ι

2118 4033 2343 4106 βαθμὸς,
2390 4034 2723 4106 κατάλληλον
2760 4033 2838 4105 τῷ
2888 4033 3074 4105 τοιῷδε
3129 4032 3229 4105 βίῳ
3295 4032 3556 4106 παρέχων
3600 4030 3689 4102 τὴν

2116 4127 2384 4196 ὠφέλειαν
2416 4126 2550 4198 (76).
2586 4147 2605 4180 ο

431 4289 497 4348 ιι.
534 4289 620 4345 Ex
649 4288 830 4347 Graeco
862 4289 1141 4353 scholiaste
1165 4290 1234 4345 ad
1265 4289 1509 4345 Marcum
1541 4285 1680 4357 apud
1709 4279 1858 4341 Ricli.
1879 4283 2176 4409 Simoniucm
2202 4284 2259 4338 in
2291 4282 2533 4339 Historia
2563 4282 2756 4337 critica
2785 4283 3143 4354 interpretum
3168 4279 3306 4336 Novi
3335 4279 3687 4338 Tcstamentiv

1950 4370 2065 4409 can.
2143 4393 2158 4409 .

1950 4370 2065 4425 cap.
2104 4370 2158 4409 υ.

503 4548 558 4602 2.
597 4544 982 4616 Propheticum
1044 4542 1253 4598 dictum
1292 4541 1396 4598 hoc
1448 4539 1729 4595 Malachiae
1756 4546 1863 4602 est,
1898 4544 2032 4592 non'

437 4637 604 4693 Isaiae.
638 4636 890 4692 Mendum
924 4650 1054 4705 ergo
1106 4634 1318 4689 librarii
1349 4641 1454 4700 est,
1502 4640 1562 4687 ut
1607 4631 1684 4685 ait
1740 4628 2012 4685 Eusebius

435 4728 791 4786 Caesariensis
839 4727 893 4782 in
945 4727 1083 4781 libro
1102 4726 1185 4779 Ad
1232 4724 1508 4780 Marinum
1536 4725 1603 4780 de
1631 4731 1928 4795 apparente
1955 4722 2011 4776 in

438 4819 744 4891 Evangeliis
771 4817 1110 4874 dissonantia
1140 4808 1287 4872 circa
1316 4814 1798 4873 resurrectionem.

2194 4533 2259 4604 β’.
2302 4531 2472 4587 Τοῦτο
2514 4532 2573 4586 τὸ
2625 4535 2959 4608 προφητικὸν
3012 4534 3174 4606 ῥητὸν
3217 4534 3502 4606 Μαλαχίου
3533 4538 3686 4598 ἐστὶν.

2119 4626 2217 4697 οὐχ
2261 4626 2479 4678 Ἡσαΐου
2509 4625 2640 4698 (77)·
2670 4627 2923 4699 γραφέως
2964 4628 3141 4681 τοίνυν
3194 4628 3310 4682 ἐστὶ
3354 4630 3690 4702 σφάλμα,ὧς

2122 4731 2286 4787 φησιν
2328 4712 2586 4777 Εὐσέϐιος
2617 4715 2645 4767 ὁ
2676 4714 3012 4787 Καισαρείας
3042 4717 3100 4770 ὲν
3133 4714 3213 4786 τῷ
3243 4716 3404 4785 Πρὸς
3433 4718 3690 4788 Μαρῖνον

2119 4808 2249 4880 περὶ
2275 4806 2375 4879 τῆς
2397 4805 2656 4879 δοκούσης
2689 4808 2748 4863 ὲν
2769 4810 2881 4873 τοῖς
2912 4805 3259 4878 Εὐαγγελίοις
3290 4810 3419 4883 περὶ
3444 4810 3548 4883 τῆς
3570 4813 3685 4866 ἀνσ-

2123 4902 2364 4968 στάσεως
2392 4902 2703 4973 διαφωνίας.
3309 4937 3312 4940 .

436 5198 462 5254 f
500 5132 619 5214 ,(75)
660 5129 962 5214 Perpetuus
992 5128 1291 5211 admirator
1318 5125 1539 5184 Eusebii
1569 5126 1836 5209 Georgius
1858 5135 2010 5183 certe
2042 5135 2085 5190 D
2115 5147 2199 5195 ιιι,
2230 5139 2284 5187 et
2327 5130 2496 5188 Marc.
2543 5146 2586 5194 ι,
2633 5130 2835 5186 Parate
2877 5133 3015 5187 viam
3058 5129 3299 5195 Domini,
3331 5143 3505 5187 rectas
3540 5132 3686 5199 facile

461 5211 568 5254 ult:
604 5217 728 5254 nam
779 5210 834 5254 et
881 5218 1001 5254 eius
1042 5197 1339 5254 Cltromcon
1385 5214 1494 5254 non
1542 5199 1713 5254 semel
1755 5206 1909 5254 crtat.
1958 5207 2014 5252 et
2118 5205 2333 5254 semitas
2363 5203 2501 5254 eius.
2534 5202 2829 5254 Eusebium
2862 5218 2991 5254 vero
3011 5210 3261 5254 nostrum
3289 5205 3484 5254 legisse
3516 5218 3577 5254 se
3603 5204 3685 5254 de-

461 5197 568 5267 ‘uit;
599 5197 728 5256 'nam
764 5197 834 5258 ὀι
881 5197 1339 5274 οῇιιείᾷίινοηὶεοη
1385 5214 1494 5274 non
1542 5197 1734 5254 semel
1755 5198 1929 5274 citat_,_
1958 5207 2014 5252 et
2118 5203 2501 5274 semitagejus.
2534 5202 2829 5274 Eusebium
2862 5218 2991 5259 vero
3011 5210 3261 5259 nostrum
3288 5205 3484 5274 legisse
3516 5197 3577 5258 se
3603 5204 3685 5257 de-

434 5274 652 5340 quidem
679 5289 802 5327 cum
827 5268 1030 5343 insigni
1058 5271 1216 5343 laude
1243 5271 1508 5343 auctoris,
1530 5287 1583 5323 v.
1609 5284 1715 5343 δικ,
1741 5268 1863 5343 cod.
1887 5268 2009 5324 Vat.

512 5343 599 5404 l9,
644 5343 715 5397 40
758 5343 812 5408 b,
847 5339 1058 5397 124's:
1106 5342 1163 5394 '0
1200 5340 1516 5412 πολυμαθὴς
1557 5340 1660 5412 ﬁxa).
1707 5339 2013 5412 πολυῖστωρ

436 5410 693 5496 Εὐσέϐιος
712 5412 1161 5496 διακριϐεστάτην
1180 5410 1288 5496 τῶν
1306 5410 1524 5496 ’χρόνων
1544 5410 1866 5496 ἀναγραφὴν
1896 5425 2014 5461 ποια

408 5482 746 5560 κησιέιμενος.⁸
772 5481 903 5539 Item
939 5504 951 5539 :
984 5485 1013 5536 ὁ
1045 5481 1380 5553 πολυμαθής,
1412 5489 1545 5550 etc.,
1572 5482 1631 5534 ὲν
1664 5483 1776 5544 τοῖς
1802 5482 2010 5548 Χρονι-

437 5557 831 5627 “(siccam-

504 5619 643 5703 576').
662 5622 870 5703 Habent
873 5622 917 5703 If
919 5631 1256 5703 ragmentum
1277 5620 1634 5703 hochrevius
1648 5619 1848 5703 _Suidas
1885 5634 2007 5679 voc.

442 5687 745 5761 Εὐσέϐιος.
780 5702 835 5748 et
867 5687 1149 5761 Cedrenus
1167 5694 1255 5749 ed.
1284 5691 1460 5747 Paris.
1492 5707 1545 5761 p.
1568 5691 1694 5746 ‘201.

508 5753 623 5820 I77)
666 5753 855 5819 Sermo
885 5769 968 5819 cst
1011 5756 1079 5818 de
1122 5763 1442 5835 prophetico
1486 5753 1607 5820 loco
1638 5761 1780 5833 apud
1809 5758 1999 5817 Matth.

2116 5274 2290 5327 clarat
2314 5271 2680 5330 Hiéronvmus
2705 5275 2760 5327 in
2783 5271 2988 5327 Comm.
3018 5277 3087 5326 ad
3116 5273 3313 5330 Matth.
3340 5271 3361 5326 Ξ
3388 5273 3524 5329 Cum
3552 5272 3685 5327 testi-

2117 5346 2353 5414 monium
2382 5343 2446 5398 de
2477 5343 2536 5397 Μ
2539 5344 2749 5397 alae/tia
2784 5343 3033 5414 Isaiaque
3066 5354 3366 5399 contextum
3388 5346 3479 5410 sit,
3504 5343 3681 5414 quatit

2117 5413 2442 5485 Porphyrius
2483 5415 2742 5486 quomodo
2782 5414 2918 5486 velut
2950 5413 3024 5467 ab
3061 5430 3165 5486 uno
3208 5415 3359 5470 Isaia
3398 5413 3680 5486 exemplum

2114 5483 2357 5566 putemus
2409 5483 2787 5566 assumptum:
2826 5483 2927 5540 Cui
2962 5485 3307 5541 ecclesiastici
3350 5488 3445 5566 uiri
3491 5485 3679 5554 plenis-

2111 5556 2244 5610 sime
2288 5556 2685 5624 responderunt.
2735 5555 2848 5610 Nos
2898 5565 3074 5609 autem
3118 5573 3303 5611 nomen
3348 5556 3511 5611 Isaiae
3536 5564 3680 5625 puta—

2117 5642 2233 5680 mus
2275 5626 2518 5698 additum
2558 5629 2873 5696 scriptorum
2916 5625 3385 5698 vitio.f_¥Eamdem
3432 5625 3680 5698 quaestio-

2114 5712 2243 5775 nem'
2268 5710 2449 5755 versat
2479 5695 2840 5775 Hieronymus
2868 5699 3030 5768 epist.
3059 5695 3150 5762 57,
3180 5697 3233 5754 9.
