3868 6264
236 323 360 382 ωοι

1110 323 1613 381 SUPPLEMENTA
1647 322 2125 391 ΟυᾹΞΒἸῚΟΝυΜ
2157 320 2250 378 AD
2288 322 2629 381 MARINUM.

3334 330 3473 393 1010

571 460 660 518 ΠΙ.
696 462 777 519 Ea:
804 462 1018 519 Possini
1046 465 1250 522 Catena
1278 466 1333 520 in
1365 465 1632 535 Marcum,
1660 485 1712 538 p.
1737 468 1862 534 545,
1883 468 1971 523 ubi
1990 467 2053 524 de
2082 470 2333 540 Cyreuwo
2365 484 2569 523 crucem
2593 466 2806 523 Domini
2829 466 3115 539 bajulanle.

296 611 360 676 γ’.
400 600 473 657 Οὐ
505 599 611 672 γὰρ
640 596 707 671 ἦν
740 600 886 666 ἄξιός
919 618 1002 666 τις
1028 603 1085 655 ἐν
1105 605 1172 674 τῇ
1208 604 1358 657 πόλει
1401 603 1686 670 Ἰουδαίων,
1718 605 1793 670 ὥς

1970 605 2022 660 3.
2045 600 2233 674 Neque
2256 607 2400 660 enim
2430 603 2741 660 Judaaorum
2776 607 3063 676 quisquam
3117 606 3171 661 in
3227 608 3360 664 urbe
3386 609 3471 666 di-

232 711 383 769 ῳησιν
406 689 660 755 Εὐσέϐιος
694 691 969 762 κεφαλαίῳ
998 698 1065 761 ιγ’
1097 692 1208 762 (78)
1231 694 1383 761 Πρὸς
1409 694 1695 761 Milph-or,
1723 694 1785 747 τὸ

234 788 364 844 κατὰ
390 785 483 840 τοῦ
506 783 749 838 διαϐόλου
781 786 1059 858 τρόπαιον,
1077 786 1171 839 τὸν
1207 787 1438 856 σταυρὸν
1479 787 1747 858 βαστάσαι
1769 804 1786 821 α

1885 713 2025 768 gnus
2047 706 2183 761 erat,
2216 703 2275 750 ut
2307 697 2383 749 ait
2430 695 2698 752 Eusebius
2731 699 2910 767 capite
2963 698 3028 752 1⁸5
3058 697 3126 751 ad
3166 696 3461 767 Marinum,

1886 791 1979 860 qui
2011 788 2312 859 trophteum
2371 788 2436 843 de
2484 789 2718 847 diabolo.
2752 803 2970 844 crucem
3021 790 3249 856 scilicet,
3283 792 3465 849 ferret.

225 881 330 934 ἀλλ’
359 882 387 933 6
425 877 483 945 ἐξ
529 877 724 950 ἀγροῦ,
763 877 820 942 ὃς
864 879 1026 950 μηδὲν
1058 880 1511 952 ἐπικεκοινώνηκε
1545 883 1610 953 τῇ
1647 882 1789 938 κατὰ

1892 882 2071 948 Quare
2093 881 2339 935 delectus
2371 880 2460 934 ille
2498 887 2581 935 est
2614 880 2707 951 qui
2734 896 2800 935 ex
2830 873 2958 951 agro
2994 884 3263 953 veniebat,
3292 901 3467 958 neque

222 969 445 1045 Χριστοῦ
483 970 764 1041 μιαιφονίᾳ
795 970 931 1042 (79).

1895 972 2008 1026 ullo
2038 970 2199 1026 modo
2236 970 2292 1025 in
2321 968 2527 1025 Christi
2556 986 2746 1026 necem
2772 972 3206 1043 conspiraverat.

1098 1107 1183 1164 IV.
1223 1109 1302 1163 Ea:
1336 1109 1577 1166 Corderii
1606 1110 1809 1166 Catena
1837 1110 1893 1165 in
1917 1108 2206 1175 Joannem,
2234 1124 2354 1181 pag.
2378 1108 2507 1164 456.

280 1244 340 1298 δ’.
379 1243 639 1308 Εὐσέϐιος
668 1246 697 1299 6
740 1246 1071 1316 Καισαρεὺς,
1119 1249 1148 1300 6
1192 1247 1478 1316 Παμφίλου
1522 1264 1797 1318 προσαγοη

1963 1252 2018 1307 4.
2051 1250 2317 1307 Eusebius
2336 1251 2822 1322 Czrsariensis,qui
2847 1249 3112 1321 Pamphili
3143 1249 3460 1320 appellatur,

221 1334 520 1408 ρευόμενος,
548 1338 605 1389 ἐν
630 1336 758 1402 ταῖς
776 1337 926 1404 πρὸς
949 1337 1213 1405 Μαρῖνον
1228 1339 1319 1391 ἐπὶ
1342 1338 1436 1391 τοῦ
1469 1338 1580 1408 (80)
1609 1340 1794 1408 Σωτη-

1902 1340 1959 1396 in
1994 1340 2387 1406 Quwstionibus
2408 1339 2475 1393 ad
2494 1338 2765 1393 Marinum
2784 1336 2851 1393 de
2875 1336 3180 1393 Servatoris
3210 1335 3466 1405 passione

218 1430 325 1496 ρίου
358 1424 470 1496 (81)
503 1424 708 1489 πάθους
727 1427 821 1478 κα)⁹
849 1428 949 1497 τῆς
981 1428 1329 1492 ἀναστάσεως
1362 1428 1667 1495 Ζητήσεσι
1696 1433 1791 1484 καὶ

1894 1447 1958 1486 ac
1987 1431 2411 1494 resurrectione,
2441 1431 2543 1485 hoc
2574 1445 2790 1501 quoque
2830 1424 3269 1500 expendit,quod
3302 1424 3463 1480 divus

217 1515 504 1581 ὲπιλύσεσι,
531 1518 623 1570 καὶ
660 1517 831 1571 ταῦτα
861 1519 1167 1591 προῦθηκεν
1193 1523 1272 1585 εἰς
1311 1520 1575 1586 ἐξέτασιν,
1599 1522 1660 1576 τὸ
1697 1523 1791 1578 τὸν

1893 1522 2101 1578 scilicet
2123 1523 2453 1594 evangelista
2468 1520 2683 1577 Marcus
2712 1521 2809 1582 ait.
2837 1520 2971 1575 hora
2996 1518 3155 1573 tertia
3183 1516 3460 1571 Christum

216 1608 309 1680 μὲν
352 1607 496 1663 θεῖον
542 1611 937 1683 εὑαγγελιστὴν
984 1613 1211 1684 Μάρκον
1263 1617 1438 1668 εἰπεῖν
1468 1613 1616 1686 ὤραν
1648 1611 1788 1670 εἶναι

1893 1615 2062 1672 Deum
2087 1631 2150 1671 ac
2179 1618 2525 1672 Servatorem
2560 1616 2708 1671 cruci
2738 1614 2907 1670 fuisse
2937 1610 3220 1678 suliixum;
3252 1598 3463 1665 theolo-

209 1702 389 1774 τρίτην
412 1701 537 1756 καθ’
569 1703 636 1774 ἥν
657 1703 975 1775 ἐσταυρώθη
1004 1705 1234 1777 Χριστὸς
1261 1707 1290 1758 6
1318 1706 1450 1771 Θεὸς
1478 1709 1570 1761 κα)¹
1597 1706 1787 1779 Σωτὴρ

1892 1723 1991 1779 ςυε
2019 1715 2197 1764 autem
2227 1724 2475 1764 summus
2502 1706 2740 1763 Joannes
2765 1706 2899 1760 hora
2929 1712 3082 1759 sexta
3114 1704 3190 1756 ait
3226 1701 3461 1756 Pilatum

208 1793 391 1865 ἡμῶν·
447 1794 543 1847 τὸν
593 1794 650 1847 δὲ
699 1793 1150 1862 θεολογικὼτατον
1191 1796 1442 1868 Ἰωάννην
1493 1797 1635 1850 κατὰ
1686 1798 1787 1868 τὴν

1892 1801 2098 1856 sedisse
2128 1816 2225 1871 pro
2267 1801 2525 1855 tribunali
2574 1800 2783 1853 inloco
2845 1797 2938 1867 qui
2992 1794 3367 1866 appellabatur
3394 1792 3463 1848 li-

207 1886 363 1957 ἕκτην
388 1884 543 1957 ὥραν
581 1886 691 1957 (8'2)
721 1887 927 1957 γράψαι
970 1887 1408 1958 προκαθεσθῆναι
1437 1890 1529 1943 τὸν
1553 1889 1784 1944 Πιλᾶτον

1886 1894 2188 1950 thostrotos
2209 1894 2276 1948 ad
2307 1892 2591 1949 dicendam
2619 1892 2879 1948 adversus
2898 1888 3083 1945 Jesum
3112 1888 3461 1946 sententiam.

207 1978 292 2030 ἐπὶ
317 1976 411 2031 τοῦ
445 1976 693 2049 βήματος
728 1982 784 2033 ἐν
932 1979 1276 2052 λιθοστρώτῳ
1314 1982 1393 2052 τῷ
1439 1981 1776 2053 καλουμένῳ,

1892 1985 2053 2042 Porro
2096 1985 2366 2041 Eusebius
2407 1985 2706 2047 contendit,
2743 1982 3093 2037 amanuensis
3125 1980 3179 2035 id
3215 1994 3338 2034 esse
3374 1994 3464 2035 er-

205 2069 289 2124 καὶ
309 2070 626 2142 ἀνακρίνειν
658 2071 748 2124 τὸν
794 2071 999 2144 Ἰησοῦν
1019 2089 1031 2102 ·
1060 2071 1154 2126 καί
1184 2090 1316 2144 φησι
1345 2073 1613 2145 γραφικὸν
1642 2070 1779 2128 εἶναι

1892 2084 2080 2144 ratum,
2105 2076 2252 2148 quod
2279 2076 2316 2130 ii
2368 2075 2462 2140 qui
2508 2075 2779 2146 principio
2835 2071 3125 2143 Evangelia
3154 2071 3462 2140 exscripse-

199 2161 346 2216 τοῦτο
386 2163 637 2235 σφάλμα,
675 2163 984 2236 παροραθέν
1018 2164 1169 2237 παρὰ
1196 2165 1305 2219 τῶν
1343 2165 1401 2232 ἐξ
1445 2166 1615 2238 ἀρχῆς
1646 2167 1781 2220 ἁπο-

196 2252 563 2326 γραψαμένων
590 2254 661 2308 τά
688 2255 1011 2325 Εὐαγγέλια·
1034 2255 1129 2309 τοῦ
1160 2256 1257 2328 μὲν
1278 2257 1386 2329 γὰρ
1411 2256 1608 2327 γάμμα
1633 2274 1779 2310 στοι-

193 2345 327 2418 χείου
358 2346 458 2419 τὴν
482 2346 686 2419 τρίτην
714 2344 864 2418 ὥραν
896 2347 1271 2418 σημαίνοντος,
1298 2346 1391 2401 τοῦ
1419 2347 1476 2400 δὲ
1506 2350 1777 2419 ἐπισήμου

190 2437 280 2509 τὴν
314 2438 511 2512 ἕκτην,
547 2439 641 2492 καὶ
691 2438 889 2510 πολλὴν
928 2438 1224 2510 ἐμφέρειαν
1257 2439 1487 2509 ἐχόντων
1524 2438 1659 2509 πρὸς
1690 2439 1780 2493 ἁλ-

190 2529 370 2601 λήλους
407 2529 630 2584 τοῦτων
678 2530 784 2584 τῶν
831 2533 1192 2603 χαρακτήρων
1214 2570 1229 2593 ,
1287 2529 1429 2583 κατὰ
1469 2529 1675 2601 πλάνην
1719 2530 1778 2585 τὸ

189 2621 377 2691 γάμμα
406 2623 680 2692 στοιχεῖον
706 2621 767 2674 τὸ
800 2622 898 2693 τῆς
924 2621 1115 2694 τρίτης
1139 2621 1288 2694 ὥρας
1317 2620 1631 2692 δηλωτικὸν,
1651 2639 1781 2694 κυρ-

188 2712 446 2785 τωθείσης
474 2715 587 2786 τῆς
619 2714 1076 2786 άποτεταμμένης
1116 2716 1195 2777 είς
1239 2715 1412 2785 μῆκος
1435 2713 1671 2778 εὐθείας,
1700 2716 1779 2779 είς

188 2802 277 2873 τὴν
306 2804 399 2858 τοῦ
426 2805 719 2876 ἐπισήμου
767 2804 1153 2876 μταχωρῆσαι
1198 2803 1492 2875 σημασίαν,
1536 2803 1630 2856 τοῦ
1678 2803 1779 2874 τῆς

186 2895 341 2968 ἕκτης
362 2896 529 2969 ὥρας
547 2896 845 2968 δηλωτικοῦ
866 2914 879 2927 ·
908 2896 1015 2950 τῶν
1038 2896 1145 2969 γὰρ
1167 2896 1331 2968 τριῶν
1355 2895 1777 2965 εὐαγγελιστῶν,

186 2988 272 3042 τοῦ
302 3007 361 3043 τε
389 2989 690 3045 Ματθαίου
724 2990 817 3044 καὶ
848 2990 1096 3063 Μάρκου.
1117 2989 1210 3042 καὶ
1237 2987 1329 3041 τοῦ
1354 2989 1537 3041 Δουκᾶ
1562 2985 1782 3058 συμφώ-

185 3099 282 3146 νως
307 3082 611 3153 λεγόντων,
628 3083 702 3147 ὡς
724 3083 832 3156 άπὸ
854 3082 1021 3155 ’ἐκτης
1049 3082 1197 3154 ὧρας
1229 3083 1416 3147 σκότος
1447 3082 1661 3151 ἐγένετο
1682 3083 1748 3152 ἐφ
1765 3080 1779 3102 ’

186 3174 307 3245 ὃλην
336 3177 439 3248 τὴν
488 3177 609 3246 -γῆν
640 3176 745 3240 ἓως
779 3176 928 3248 ὥρας
959 3177 1154 3246 ἐνάτης
1199 3177 1332 3247 (85),
1370 3177 1631 3248 πρόδηλον
1657 3176 1731 3239 ὡς
1750 3176 1778 3228 6

184 3265 379 3341 Κύριος
425 3267 535 3321 καῒ
578 3268 711 3332 Θεὸς
752 3267 957 3339 Ἰησοῦς
988 3268 1093 3340 πρὸ
1126 3268 1225 3339 τῆς
1267 3268 1430 3339 ἕκτης
1453 3266 1602 3339 ὥρας
1642 3265 1775 3339 (84),

183 3360 282 3431 πρὸ
310 3361 403 3415 τοῦ
430 3359 699 3431 γενέσθαι
742 3360 802 3413 τὸ
836 3359 1045 3426 σκότος,
1078 3360 1408 3432 ἐσταύρωτο,
1443 3359 1643 3430 δηλαδὴ
1673 3377 1776 3413 κα-

180 3454 244 3504 τά
266 3450 367 3524 τὴν
398 3451 605 3524 τρίτην
626 3450 797 3523 ὥραν,
829 3450 903 3515 ὡς
927 3452 955 3504 6
982 3452 1206 3523 Μάρκος
1243 3452 1495 3522 ἱστόρησε
1513 3468 1525 3481 ’
1559 3450 1655 3510 κα).
1683 3449 1776 3504 τοῦ

195 3541 440 3597 Ἰωάννου
487 3544 589 3599 τὸν
641 3544 827 3615 ὅμοιον
873 3543 1071 3614 τρόπον
1112 3544 1210 3615 τὴν
1250 3542 1397 3615 ὥραν
1426 3543 1615 3614 τρίτην
1639 3538 1779 3599 εἶναι

187 3634 703 3709 ἐπισημηναμένου,
735 3637 829 3691 κα)⁸
855 3635 964 3689 τῶν
993 3635 1467 3708 ἀπογραψαμένων
1494 3634 1555 3687 τὸ
1580 3633 1780 3713 γάμμα

188 3727 536 3795 μεταθέντων
562 3730 643 3791 είς
670 3730 733 3781 τὸ
764 3726 1057 3799 ἐπίσημον.

1881 2178 2009 2224 runt
2039 2169 2184 2223 haud
2216 2168 2510 2224 senserint.
2540 2166 2676 2221 Nam
2706 2183 2834 2222 cum
2863 2167 3041 2220 littera
3100 2177 3315 2235 gamma
3373 2162 3458 2235 (Γ)

1882 2262 2094 2316 tertiam
2113 2260 2384 2333 signiticet
2421 2262 2648 2326 horam;
2677 2258 2958 2330 episemon
2988 2255 3089 2327 (ς)
3121 2263 3304 2311 autem
3332 2268 3459 2309 sea:-

1882 2362 2036 2420 tam;
2091 2369 2325 2423 cuiuque
2385 2352 2439 2407 hi
2472 2352 2818 2406 characteres
2871 2349 3193 2420 pcrmultam
3224 2347 3459 2403 habeant

1881 2448 2023 2501 inter
2052 2463 2111 2502 se
2140 2445 2583 2512 similitudinem,
2605 2442 2864 2499 mendose
2880 2444 3205 2499 elementum
3218 2455 3456 2512 gamma,

1879 2550 1989 2606 quo
2018 2537 2429 2592 demonstratur
2450 2536 2581 2590 hora
2603 2535 2764 2591 tertia
2815 2534 3086 2606 (curvata,
3115 2546 3236 2602 qua:
3280 2529 3459 2600 porri-

1879 2630 2108 2698 gebatur
2148 2630 2202 2683 in
2243 2638 2550 2691 extensum,
2600 2625 2793 2698 recta,)
2830 2627 2898 2681 ad
2947 2624 3174 2697 episemi
3228 2622 3457 2696 ﬁguram

1880 2722 2161 2775 redactum
2192 2720 2325 2786 fuit,
2350 2720 2494 2791 quod
2550 2728 2757 2775 sextam
2814 2718 3019 2773 indicat
3047 2717 3262 2775 horam.
3312 2713 3459 2771 Sane

1880 2829 2046 2883 quum
2090 2813 2435 2883 evangelista:
2488 2819 2621 2874 trcs,
2683 2810 2990 2873 Matthaeus,
3036 2808 3254 2867 Marcus
3290 2814 3458 2877 atque

1879 2903 2057 2960 Lucas
2085 2903 2427 2958 concorditer
2449 2901 2736 2965 afﬁrmem,
2769 2901 2839 2955 ab
2865 2900 2998 2953 hora
3024 2906 3180 2954 sexta
3204 2899 3457 2955 tenebras

1880 2995 2053 3051 factas
2073 3010 2195 3049 esse
2220 2994 2277 3048 in
2312 2994 2567 3049 universa
2598 3002 2743 3049 terra
2793 3008 2967 3062 usque
3002 2992 3070 3045 ad
3091 3004 3325 3058 nonam,
3356 3006 3452 3060 pa-

1879 3097 1956 3146 tet
1976 3089 2217 3152 omnino,
2251 3086 2537 3141 Dominum
2581 3100 2646 3139 ac
2684 3085 2852 3140 Deum
2890 3082 3075 3139 Jesum
3111 3090 3236 3137 ante
3263 3081 3456 3138 horam

1880 3189 2121 3248 sextam,
2154 3181 2471 3250 priusquam
2504 3178 2715 3233 scilicet
2744 3176 2935 3230 tierent
2966 3175 3224 3242 tenebrae,
3249 3173 3306 3228 in
3330 3188 3459 3230 cru-

1880 3288 1996 3329 cem
2022 3290 2144 3330 esse
2164 3274 2461 3338 sublatum,
2486 3286 2681 3342 nempe
2706 3271 2852 3325 circa
2894 3269 3087 3325 horam
3120 3270 3361 3333 tertiam,
3396 3275 3455 3324 ut

1878 3366 2093 3422 Marcus
2111 3372 2316 3420 narrat.
2337 3363 2517 3430 Quare
2536 3372 2590 3418 et
2607 3361 2847 3417 Joannes
2860 3377 3014 3431 aeque
3035 3361 3247 3417 tertiam
3262 3360 3454 3415 horam

1879 3457 2154 3530 prodidit;
2183 3470 2495 3527 quanquam
2536 3462 2725 3525 postea
2756 3467 3119 3508 amanuenses
3153 3465 3367 3523 gamma
3393 3450 3457 3508 in

1882 3550 2161 3621 episemon
2176 3553 2455 3603 commuta
2464 3552 2677 3601 verunt.

1186 3865 1254 3923 V.
1282 3866 1368 3925 Ex
1393 3866 1604 3923 Possini
1623 3867 1829 3923 Catena
1863 3866 1919 3921 in
1946 3862 2213 3932 Marcum,
2239 3877 2294 3933 p.
2327 3860 2450 3918 ὅθι.

243 4010 308 4060 ε’.
349 4006 564 4077 Ἐφάνη
609 4005 825 4076 πρῶτον
865 4005 1147 4079 Μαρίᾳλτῇ
1174 4006 1535 4080 Μαγδαληνῇ·
1567 4005 1770 4077 ταύτην

174 4094 215 4149 Ε
229 4093 442 4160 ἱσέὸιος
466 4098 527 4150 ἐν
560 4098 673 4159 τοῖς
696 4096 853 4165 Πρός
875 4096 1139 4166 Μαρῖνον
1164 4098 1357 4169 ἑτέραν
1376 4097 1525 4166 λέγει
1555 4097 1771 4169 Μαρίαν

174 4190 327 4261 παρά
359 4188 466 4261 τὴν
505 4188 853 4261 θεασαμένην
877 4190 968 4243 τὸν
1000 4191 1311 4247 νεανίσκον·
1345 4190 1377 4262 ἢ
1415 4191 1507 4243 καὶ
1530 4188 1772 4260 ἀμφότε-

175 4297 265 4350 ραι
293 4282 361 4335 ἐκ
389 4281 497 4352 τῆς
525 4280 887 4353 Μαγδαληνῆς
911 4277 1071 4353 ἦσαν.

1948 4006 2003 4061 5.
2026 4004 2289 4076 Apparuit
2338 4003 2514 4074 primo
2547 3999 2730 4056 Mariae
2779 3999 3126 4072 Magdalente.
3161 3997 3312 4054 lianc
3342 3996 3453 4052 Eu-

1879 4099 2064 4155 sebius
2099 4100 2153 4153 in
2176 4113 2339 4168 opere
2368 4096 2447 4151 Ad
2466 4094 2740 4150 Marinum
2768 4094 3040 4151 diversam
3071 4108 3194 4150 esse
3239 4092 3315 4147 ait
3338 4090 3453 4146 Ma-

1877 4191 2102 4247 riamab
2162 4191 2253 4245 illa
2286 4206 2407 4260 quae
2455 4188 2713 4259 juvenem
2738 4187 2893 4245 vidit.
2940 4186 3037 4243 Vel
3065 4187 3229 4243 etiam
3282 4182 3456 4240 ambae

1879 4280 2127 4354 Magdaio
2148 4280 2394 4337 oriundae
2426 4290 2603 4337 erant.

241 4461 360 4533 (78)
401 4460 700 4517 Notandus
722 4471 806 4518 est
830 4462 1122 4533 vigilanter
1147 4463 1338 4519 lectori
1368 4463 1459 4518 hic
1490 4477 1770 4528 numerus,
1804 4466 1850 4521 D
1951 4460 2060 4533 (79)
2102 4459 2321 4533 Eusebii
2354 4460 2501 4533 hunc
2542 4460 2730 4533 locum
2753 4459 3012 4533 exprimit
3038 4458 3359 4533 A_mbrosius
3394 4459 3450 4515 in

168 4546 279 4600 quo
299 4533 584 4593 docemur
603 4534 1006 4603 quodammodo
1036 4535 1164 4602 (nisi
1185 4544 1273 4588 est
1295 4534 1549 4590 mendum
1580 4533 1773 4603 κεφαλ.

169 4608 236 4674 t_‘,r_'
265 4619 371 4673 pro
402 4601 749 4673 Καισαρεύς)
778 4612 980 4672 quanta
1018 4601 1145 4674 pars
1176 4605 1359 4673 operis
1389 4601 1678 4661 Euschiani
1703 4603 1771 4658 ad

166 4669 462 4745 Marinum
498 4669 660 4745 nobis
694 4669 836 4729 desit
865 4683 991 4745 ante
1010 4669 1130 4745 illas
1160 4669 1466 4745 postremas
1495 4675 1562 4730 de
1589 4690 1773 4745 resur-f

167 4744 427 4814 rectione
454 4744 815 4814 quaestiones.
858 4744 1020 4800 Certe
1069 4742 1368 4799 Eusebium
1401 4748 1506 4801 hoc
1535 4745 1676 4800 libro
1702 4744 1773 4798 ad

166 4810 841 4896 Earinum'eomplexum
882 4814 1051 4876 fuisse
1083 4816 1415 4896 quaestiones
1448 4831 1557 4870 non
1591 4817 1771 4896 solum

164 4885 320 4938 circa
369 4885 871 4949 resurrectionem,
917 4900 1107 4941 verum
1153 4886 1318 4939 etiam
1365 4887 1513 4941 circa
1565 4886 1774 4955 passio-

160 4968 316 5017 nam,
351 4955 658 5026 perspicue
684 4956 1071 5026 cognoscimus
1099 4969 1171 5026 ex,
1196 4964 1459 5026 sequente
1483 4956 1773 5026 Corderia-

161 5041 250 5098 ne
274 5024 521 5098 Catenae
550 5026 690 5081 loco.
722 5024 838 5098 Nisi
863 5024 1003 5081 forte
1018 5024 1298 5098 suspicari
1324 5028 1521 5098 placet,
1554 5025 1771 5098 Eusebii

160 5094 315 5152 istud
342 5098 421 5153 de
446 5095 717 5167 Cyrenaeo
746 5095 952 5152 dictum
979 5094 1154 5167 obiter
1174 5094 1356 5166 potius
1381 5096 1690 5152 occurrisse
1716 5097 1770 5151 in

236 5176 462 5223 strema
498 5165 694 5235 quavis
721 5167 1050 5238 quaestione.
1076 5165 1262 5238 Neque
1301 5183 1434 5223 sane
1472 5167 1774 5238 intelligere

185 5238 296 5293 ieet
328 5252 402 5293 eo
434 5252 677 5308 numero
720 5237 887 5291 Marci
935 5237 1259 5307 capitulum,
1290 5238 1434 5308 quod
1465 5237 1682 5307 quidem
1716 5237 1773 5291 in

158 5316 356 5363 vetere
389 5306 787 5363 stichometria
812 5315 898 5363 est
918 5321 1105 5372 ccvut,
1139 5308 1195 5361 in
1222 5306 1361 5363 nova
1391 5306 1660 5363 divisione
1688 5313 1773 5361 est

158 5392 254 5433 xv.
289 5377 478 5433 Certe
514 5378 604 5431 ubi
642 5379 697 5432 in
726 5387 913 5433 nostra
950 5379 1053 5432 hac
1078 5377 1315 5434 editione
1338 5378 1472 5432 dicit
1508 5377 1773 5433 Eusebius

160 5447 217 5520 in
263 5448 402 5501 libri
447 5447 686 5520 exordio
715 5447 1023 5520 ἡρώταςᾼδὲ
1059 5448 1774 5520 πρῶτονχςθνειῄιλοιιηιο-

155 5518 297 5589 dum
329 5517 606 5589 eruditus
638 5517 808 5573 lector
848 5534 914 5589 ne
945 5517 1211 5587 intelligat
1244 5518 1473 5589 primam
1510 5518 1680 5572 fuisse
1703 5518 1772 5589 li-

160 5587 252 5642 bri
283 5586 364 5659 ag
392 5584 683 5659 Marinum
716 5588 1070 5659 quaestionem
1098 5584 1395 5659 il'lam'quaa
1423 5590 1669 5658 sequitur
1696 5588 1772 5642 De

157 5672 286 5713 sera
307 5656 712 5729 Sabbatorum.
734 5656 1023 5712 Breviator
1053 5656 1571 5729 quippefresecata,
1609 5666 1667 5729 ut
1693 5660 1772 5711 vi-

160 5730 363 5800 detur,
405 5728 624 5800 ingenti
655 5729 833 5797 priore
859 5735 1031 5799 parte,
1064 5728 1132 5784 ad
1169 5736 1442 5799 postrema
1473 5728 1655 5800 operis
1687 5744 1772 5785 ca-

162 5799 286 5870 pita
319 5798 675 5868 prepcravit.

1875 4527 2082 4593 Camn}.
2118 4531 2188 4585 ad
2219 4532 2348 4584 Luc.
2394 4531 2511 4601 lib.
2537 4528 2730 4601 x,7107
2764 4548 2777 4583 :
2815 4527 2939 4583 Non
2974 4527 3200 4585 Judwus
3239 4539 3317 4585 est
3361 4533 3450 4601 qui
3514 4549 3521 4555 '

1877 4619 2083 4661 crucem
2113 4611 2311 4669 portat,
2345 4598 2434 4653 sed
2460 4600 2754 4669 alienigena
2782 4601 3288 4669 atqueiperegrinus.

1948 4673 2061 4744 (80)
2094 4668 2235 4744 Iram
2284 4669 2473 4736 editio,
2518 4668 2683 4741 quam
2733 4670 2905 4724 codex
2944 4668 3318 4724 Vatﬁhabent
3356 4670 3451 4724 ἐπὶ

1872 4741 1993 4809 ταῖς
2025 4741 2140 4796 τοῦ.

1950 4816 2061 4886 (81)
2104 4810 2439 4886 Vocabulum
2490 4809 2765 4886 Σωτήριος
2816 4808 2959 4886 apud
3010 4809 3305 4886 Eusebium
3347 4826 3450 4886 no-

1875 4879 2052 4944 strum
2079 4898 2189 4937 non
2213 4890 2321 4936 tam
2347 4879 2616 4952 adjectivo
2633 4879 2802 4935 ’s‘ensu
2825 4879 3103 4945 salutaris,
3128 4897 3290 4952 quam
3320 4882 3450 4937 sub-

1875 4897 2047 4944 strum
2079 4898 2189 4937 non
2213 4897 2321 4936 tam
2347 4897 2616 5007 acgecuvo
2638 4897 2802 4935 sensu
2825 4897 3103 4945 saturam,
3128 4897 3290 4952 quam
3320 4897 3447 4937 suu-

1874 4956 2116 5014 stantivo
2140 4953 2361 5021 obliquo
2435 4951 2714 5015 ervatoris,
2744 4951 3065 5021 plerumque
3089 4967 3211 5007 esse
3241 4952 3447 5006 intelli-

1874 5026 2131 5101 gendum,
2164 5020 2419 5101 plurimis
2444 5022 2667 5101 indocis
2689 5028 2859 5101 patet,
2889 5020 2945 5101 Id
2978 5020 3113 5101 facit
3130 5021 3294 5101 etiam
3324 5023 3450 5101 Am-

1873 5090 2092 5165 brosius
2119 5090 2393 5165 apud‘nos
2425 5109 2476 5164 p.
2507 5092 2632 5157 306,
2664 5090 2759 5163 qui
2788 5095 2865 5146 ait
2899 5090 3113 5146 Domini
3151 5092 3444 5157 Saluiam,

1873 5162 1987 5239 pro,
2006 5161 2220 5239 Domini
2250 5161 2566 5239 salvat—oris.

1945 5237 2057 5311 (82)
2098 5235 2479 5311 Qua-stionem
2496 5235 2636 5288 hanc
2664 5232 2730 5311 de
2756 5232 2912 5311 tertia
2937 5240 2996 5311 _et
3023 5234 3337 5311 sexta__hora
3367 5232 3446 5311 le-

1908 5301 2064 5363 eham
2097 5301 2258 5362 etiam
2284 5307 2351 5364 in,
2362 5306 2549 5361 codice
2571 5303 2807 5373 quodam
2834 5301 3114 5369 Vaticano,
3137 5305 3266 5358 olim
3288 5303 3439 5358 card.

1920 5378 2092 5443 irleti;
2148 5375 2290 5432 unde
2353 5376 2593 5445 aliquam
2647 5373 3082 5445 emendationem
3141 5373 3441 5440 accersivi;

1914 5463 2189 5518 nanquaim
2217 5463 2284 5502 ne
2309 5448 2398 5502 hic
2424 5444 2540 5518 ipse
2566 5445 2785 5518 quidem
2815 5444 3135 5518 codfx'sine
3153 5446 3269 5518 ullo
3297 5458 3445 5499 meno

1914 5466 2189 5518 uanquam
2217 5466 2284 5502 ne
2310 5466 2398 5502 mc
2424 5466 2540 5516 ipse
2566 5466 2785 5516 qniuem
2815 5466 3135 5499 couex'sme
3158 5466 3269 5498 uno
3297 5466 3443 5499 uren-

1873 5466 1944 5572 do
1967 5529 2070 5573 est.
2103 5517 2304 5571 Eadem
2337 5517 2567 5588 quaestio
2599 5516 2793 5588 legitur
2823 5515 2876 5588 i_n
2903 5513 3443 5588 Parigsiakcisquoque

1872 5583 2375 5712 forgﬁibus,‘3;sté
2426 5583 2673 5643 Harlesio
2724 5585 2781 5639 in
2823 5583 3060 5643 Fabricii
3095 5583 3440 5652 Bibliotheca,

1903 5701 1914 5712 .
2047 5700 2061 5712 .
2098 5675 2150 5712 ι).
2297 5698 2311 5712 .

2098 5675 2413 5800 iiuna":de
2445 5727 2794 5800 ἀναστάσεως
2822 5741 2923 5799 pro
2952 5726 3166 5800 ἐνάτης.

1972 5800 2059 5871 84)
2104 5798 2260 5855 Deest
2283 5800 2337 5855 in
2372 5799 2493 5855 cod.
2525 5797 2692 5872 ὥρας.
