3868 6264
385 314 515 370 Mli

1136 310 1406 368 EUSEBII
1446 311 1922 371 CESARIENSIS
1943 315 2098 374 OPP.
2136 315 2315 372 PARS
2344 316 2431 373 ιιι.
2457 344 2526 360 -ι-
2564 314 2973 373 EXEGETICA.

3481 321 3595 376 1013

390 438 478 512 Vi.
516 459 600 514 iis:
632 458 757 512 Joh.
792 456 1061 525 Xiphilino
1086 454 1417 523 patriarcha,
1445 456 1502 509 in
1533 455 1753 511 humilia
1776 458 1978 525 inedita
2000 475 2158 525 quam
2184 459 2368 513 habuit
2397 459 2450 513 in
2474 454 2739 511 dominica
2763 453 2828 508 de
2849 452 3158 508 mulieribus
3185 462 3421 508 aromata
3449 453 3572 523 {mn

1649 525 1809 589 tibus.
1838 524 1969 583 Cod.

458 646 512 700 6.
552 643 819 699 Eusebius
834 657 964 734 vero
983 641 1340 734 Caesariensis
1365 643 1459 709 ait,
1494 642 1721 698 Mariam
1743 643 1962 715 quidem
1994 675 2041 734 Α

389 736 778 807 Magdalenem,
809 742 864 790 et
888 733 1111 788 Mariam
1142 731 1330 791 Jacobi
1360 742 1634 806 unguenta
1651 736 1964 805 paravisse;

388 846 565 900 neque
589 839 767 883 tamen
792 826 1012 882 easdem
1034 841 1159 883 esse
1186 841 1307 896 quae
1340 841 1503 882 mane
1547 836 1815 882 venerunt
1843 837 1966 884 orto

383 924 494 992 iam
513 922 649 984 sole,
664 920 759 976 sed
776 935 1078 990 anonymas
1100 920 1237 975 alias
1259 938 1272 975 :
1300 920 1484 979 multae
1500 920 1643 981 enim
1663 937 1728 977 ex
1746 919 1964 977 Galilaea

388 1032 512 1070 cum
541 1015 831 1070 Servatore
858 1013 1241 1069 ascenderant.
1274 1012 1639 1079 Quamobrem
1674 1014 1758 1069 bas
1788 1030 1966 1085 neque

391 1115 555 1161 noctu
594 1106 722 1160 illuc
750 1105 1065 1168 adfuerunt.
1095 1103 1191 1159 sed
1222 1118 1415 1172 mane;
1449 1104 1762 1175 eaedemque
1811 1122 1966 1161 man—

390 1200 518 1255 date
544 1197 731 1253 audito
760 1206 821 1251 ut
846 1197 1132 1266 discipulis
1160 1194 1431 1266 Petroque
1478 1212 1591 1251 rem
1622 1197 1962 1263 nuntiarent,

393 1290 648 1360 fugerunt
678 1290 878 1344 nemini
915 1289 1212 1361 quidquam
1241 1288 1488 1353 dictum,
1520 1289 1648 1358 quia
1690 1290 1963 1345 extimue-

393 1392 536 1438 rant.
564 1381 799 1438 Proinde
830 1382 992 1436 etiam
1047 1381 1177 1451 quia
1220 1379 1492 1450 postsolis
1524 1388 1708 1438 ortum
1737 1382 1970 1436 advene-

394 1483 537 1537 runt,
558 1475 742 1529 videre
766 1471 1107 1527 Servatorem
1138 1471 1283 1526 haud
1311 1472 1488 1543 digna:
1520 1471 1757 1529 fuerunt.
1784 1472 1969 1545 Neque

392 1567 609 1621 demum
639 1565 752 1621 ﬁeri
784 1565 980 1635 potuit,
1000 1572 1060 1622 ut
1091 1562 1406 1633 Magdalene
1437 1574 1559 1634 post
1579 1572 1658 1620 tot
1680 1572 1972 1637 tantasque

392 1662 674 1722 visiones,
734 1660 849 1715 sole
905 1668 1068 1723 orto,
1122 1657 1304 1713 adhuc
1359 1657 1658 1724 dubitaret,
1718 1658 1972 1715 nesciens

392 1752 645 1822 quisnam
669 1749 904 1820 lapidem
932 1748 1069 1806 foret
1091 1751 1461 1809 revolulurus.

2054 541 2129 584 at.
2166 544 2218 598 ρ.
2252 530 2378 587 160.

2142 647 2215 712 ς’.
2256 646 2516 711 Εὑσέὸιός
2548 662 2714 717 φησιν
2743 645 2773 698 ὁ
2810 641 3166 714 Καισαρείας,
3200 640 3274 705 ὡς
3305 642 3481 713 Μαρία
3519 646 3599 715 μὲν

2069 740 2103 809 ἡ
2153 736 2482 807 Μαγδαληνὴ
2530 736 2625 791 καὶ
2701 733 2889 806 Μαρία
2946 734 2980 804 ἡ
3026 729 3276 785 Ἰακώϐου
3331 731 3600 803 ἡτοίμασαν

2066 827 2364 905 ἀρώματα·
2400 829 2502 884 οὐκ
2526 826 2686 881 αὐταὶ
2711 824 2765 879 δέ
2793 826 2928 878 εἰσιν
2957 826 3013 877 at
3046 822 3192 896 πρωῒ
3227 822 3468 879 ἐλθοῦσαι
3494 826 3603 882 ἀνα-

2066 922 2341 986 τείλαντος
2385 920 2479 974 τοῦ
2531 920 2704 992 ἡλίου,
2749 918 2862 973 ἀλλ’
2890 919 3046 973 ἄλλαι
3097 916 3395 988 ἀνώνυμον
3440 918 3604 974 πολλαὶ

2067 1014 2175 1087 γὰρ
2196 1011 2336 1087 ἦσαν
2366 1015 2424 1068 αἱ
2460 1015 2828 1067 συνανασᾶσαι
2858 1011 2935 1082 τῷ
2963 1011 3176 1081 Σωτῆρι
3216 1011 3323 1064 ἀπὸ
3353 1010 3446 1082 τῆς
3473 1010 3604 1067 Γαλι-

2068 1106 2256 1170 λαίας·
2290 1106 2410 1161 ὅθεν
2459 1106 2579 1161 οὐδὲ
2611 1105 2779 1160 νύκτα
2828 1105 3238 1175 παραγίνονται,
3268 1102 3402 1156 ἀλλά
3451 1104 3603 1174 πρωῖο

2071 1199 2165 1253 καὶ
2193 1198 2498 1255 ἀκούσασαι
2520 1198 2852 1268 ἀπαγγεῖλαι
2880 1200 2992 1261 τοῖς
3022 1196 3287 1267 μαθηταῖς
3313 1195 3407 1250 καὶ
3430 1194 3501 1266 τῷ
3524 1196 3608 1250 Πέο

2067 1309 2199 1364 τρῳ,
2232 1291 2448 1361 ἔφυγον,
2478 1290 2573 1345 καὶ
2599 1290 2771 1345 οὐδενὶ
2801 1288 2951 1343 οὐδὲν
2984 1283 3156 1342 εἷπονο
3189 1286 3470 1357 ἐφοϐοῦντο
3491 1286 3606 1360 γάρ·

2069 1383 2145 1447 ὡς
2192 1383 2301 1456 γὰρ
2352 1383 2489 1455 μετά
2535 1383 2797 1453 ἀνατολὴν
2838 1382 2989 1454 ἡλίου
3040 1382 3332 1434 ἐπιστᾶσαι
3390 1379 3503 1434 οὐδὲ
3538 1380 3610 1434 τὸν

2073 1477 2302 1549 Σωτῆρα
2333 1475 2628 1531 θεάσασθαι
2653 1474 3060 1542 καταξιοῦνται·
3089 1473 3212 1527 οὐδὲ
3240 1469 3352 1527 οἷόν
3380 1490 3435 1526 τε
3456 1469 3611 1544 ἦντὴν

2073 1567 2437 1641 Μαγδαληνὴν
2474 1566 2612 1640 μετὰ
2656 1567 2924 1633 τοσαύτας
2970 1565 3116 1629 θέας,
3150 1565 3301 1636 ἡλίου
3336 1563 3613 1620 ἀνατείλαν-

2070 1678 2182 1728 τος,
2211 1661 2436 1733 ἀπορεῖν
2461 1661 2555 1716 καὶ
2576 1661 2792 1730 ἀγνοεῖν
2823 1660 2908 1723 τίς
2939 1657 3256 1715 ἀποκυλίσει
3289 1657 3380 1711 τὸν
3410 1655 3539 1713 λίθον

1422 1865 1536 1923 Vll.
1568 1868 1654 1922 Ea:
1671 1868 1959 1925 Anastasio
1985 1869 2218 1934 Sinaita,
2245 1878 2433 1941 quwst.
2456 1885 2609 1928 cun.

470 1986 518 2040 7.
549 1986 763 2041 Eusebii
791 2002 855 2040 ea:
880 2002 1032 2055 opere
1052 1985 1121 2040 ad
1148 1984 1442 2041 Marinum.
1469 1985 1606 2044 Tres
1657 1989 1820 2060 igitur
1856 2005 1967 2045 om.

2138 1989 2204 2053 ζ’.
2245 1990 2542 2044 Εὐσεϐίου
2582 1990 2651 2043 ἐκ
2692 1986 2812 2043 τῶν
2854 1986 3005 2056 πρὸς
3029 1986 3299 2056 Μαρῖνον
3328 1985 3454 2059 (85).
3486 1987 3618 2059 Τρεῖς

397 2080 527 2135 nino
568 2079 770 2135 Marias
799 2080 1042 2150 passioni
1073 2079 1279 2133 Christi
1308 2095 1432 2134 cum
1463 2080 1681 2138 feminis
1701 2082 1822 2138 aliis
1843 2098 1977 2154 pra:-

397 2179 583 2227 sentes
611 2171 1114 2243 deprehendimus;
1159 2171 1389 2242 primam
1420 2170 1729 2243 Deiparam,
1780 2191 1976 2231 secun-

396 2265 520 2318 dam
555 2263 718 2334 hujus
742 2278 987 2320 sororem
1009 2263 1234 2317 Mariam
1255 2262 1493 2334 Cleopae,
1517 2266 1732 2320 tertiam
1758 2266 1978 2338 Magda-

399 2357 595 2411 lenem.
628 2348 857 2423 Quidam
907 2374 1039 2415 vero
1091 2359 1418 2431 interpretes
1476 2362 1628 2415 aiunt
1670 2361 1808 2416 duas
1853 2375 1978 2416 esse

400 2447 747 2519 Magdalenas
783 2490 799 2513 ,
844 2466 1008 2505 unam
1052 2467 1174 2522 qua:
1230 2468 1355 2508 sero
1402 2453 1764 2509 Sabbatorum
1832 2453 1977 2524 apud

402 2541 736 2606 Matthreum,
761 2544 993 2599 alteram
1045 2562 1166 2617 quae
1223 2547 1367 2619 apud
1393 2546 1658 2602 Joannem
1693 2561 1854 2601 mane
1908 2547 1975 2601 ad

398 2645 809 2691 monumentum
838 2637 1020 2705 venit;
1068 2639 1315 2694 eamdem
1351 2638 1490 2693 hanc
1515 2655 1658 2703 esse,
1688 2638 1756 2695 de
1781 2655 1887 2709 qua
1923 2647 1977 2694 et

402 2725 614 2782 Marcus
637 2729 897 2799 loquitur,
920 2738 975 2782 et
998 2729 1066 2785 de
1099 2745 1204 2805 qua
1241 2729 1508 2786 daemonia
1557 2739 1763 2803 septem
1803 2733 1976 2801 ejecta

401 2819 636 2874 inerant.
661 2818 906 2891 Namque
938 2822 1120 2884 aliam,
1152 2822 1329 2892 inquit
1360 2821 1647 2887 Eusebius,
1678 2840 1787 2878 non
1812 2824 1974 2887 hanc,

402 2909 772 2981 Magdalenem
804 2928 916 2983 prae
955 2914 1132 2971 oculis
1158 2915 1367 2971 habens
1395 2915 1610 2973 Marcus
1636 2917 1710 2975 ait
1737 2935 1751 2973 :
1789 2935 1807 2962 σ
1837 2914 1975 2970 Cum

399 3011 581 3056 autern
607 3006 955 3070 surrexisset,
984 3021 1143 3063 inane
1175 3023 1282 3061 una
1311 3009 1674 3071 Sabbatorum
1721 3011 1976 3081 apparuit
2027 3057 2035 3067 .

401 3096 576 3162 primo
600 3094 781 3149 Mariae
825 3094 1181 3167 Magdalenen,
1225 3099 1293 3155 de
1343 3115 1449 3170 qua
1479 3111 1683 3170 septem
1708 3100 1975 3157 dremonia

398 3188 653 3252 eiecerat.
683 3208 703 3237 ι
734 3187 908 3258 Atque
955 3189 1068 3245 haec
1128 3190 1343 3246 videtur
1369 3207 1490 3262 quae
1540 3193 1733 3258 audiit,
1762 3192 1841 3248 Ne
1889 3210 1977 3250 me

386 3290 612 3349 tangas,
647 3295 755 3334 non
786 3295 906 3350 quae
935 3283 1077 3352 apud
1105 3281 1439 3341 Matthaeum.
1466 3282 1599 3337 Nam
1638 3292 1696 3339 ut
1752 3287 1974 3343 verissi-

2073 2081 2204 2151 γοῦν
2230 2081 2327 2145 τὰς
2353 2082 2535 2145 πάσας
2564 2081 2781 2153 Μαρίας
2818 2080 2897 2151 τῷ
2926 2080 3083 2134 πάθει
3112 2079 3206 2133 τοῦ
3231 2080 3464 2153 Χριστοῦ
3507 2079 3620 2152 μετά

2072 2174 2181 2228 τῶν
2214 2175 2385 2229 ἄλλων
2430 2173 2703 2243 γυναικῶν
2746 2173 3071 2246 εὑρίσκομεν
3091 2191 3104 2204 ο
3138 2172 3365 2244 πρώτην
3396 2173 3489 2244 μὲν
3512 2172 3617 2226 Θεο-

2075 2266 2253 2329 τόκον,
2279 2265 2542 2338 δευτέραν
2585 2266 2642 2319 δὲ
2687 2265 2783 2337 τὴν
2823 2264 3055 2335 ἀδελφὴν
3093 2264 3267 2335 αὐτῆς
3313 2264 3519 2335 Μαρίαν
3542 2263 3618 2336 τὴν

2074 2356 2166 2415 τοῦ
2197 2358 2455 2422 Κλεωπᾶ,
2494 2359 2588 2412 καὶ
2626 2357 2815 2429 τρίτην
2861 2357 2959 2430 τὴν
2996 2356 3367 2428 Μαγδαληνὴν
3388 2374 3401 2386 ’
3427 2357 3554 2419 τινὲς
3574 2355 3619 2409 δέ

2076 2465 2239 2519 φασιν
2284 2448 2341 2516 ἐξ
2385 2447 2565 2502 αὐτῶν
2610 2446 2702 2500 δύο
2748 2443 2887 2500 εἶναι
2930 2444 3329 2515 Μαγδαληνάς·
3371 2444 3492 2516 μίαν
3523 2442 3619 2515 μὲν,

2074 2543 2173 2615 τὴν
2205 2542 2304 2613 ὀψὲ
2338 2542 2626 2599 Σα66ἀτων
2647 2540 2799 2614 παρά
2825 2540 2903 2611 τῷ
2924 2539 3186 2610 Ματθαίῳ
3208 2580 3222 2605 ,
3256 2539 3454 2611 ἑτέραν
3474 2538 3525 2592 δὲ
3542 2535 3620 2609 τὴν

2076 2634 2229 2706 παρά
2259 2634 2340 2706 τῷ
2366 2633 2586 2706 Ἰωάννῃ
2612 2633 2825 2705 πρωίας
2860 2632 2951 2686 ἐπὶ
2978 2632 3037 2686 τὸ
3073 2634 3341 2703 μνημεῖον
3376 2629 3621 2693 ἐλθοῦσαν,

2074 2727 2279 2798 ταύτην
2314 2726 2373 2780 δὲ
2415 2721 2553 2781 εἶναι
2592 2724 2683 2797 τὴν
2724 2727 2817 2784 καὶ
2844 2723 3056 2797 Μάρκῳ
3086 2723 3445 2795 δηλουμένην,
3469 2717 3623 2794 ἀφ’ἡς

2077 2819 2397 2891 ἐκόεόλὴκει
2428 2818 2568 2872 ἑπτὰ
2595 2817 2844 2888 δαιμόνια
2864 2834 2876 2848 ·
2905 2816 2982 2882 ὡς
3001 2818 3108 2889 γὰρ
3133 2815 3306 2889 οὔσης
3328 2816 3420 2869 καὶ
3443 2815 3621 2886 ἐτέρας,

2078 2911 2262 2983 φησιν,
2295 2910 2357 2963 ού
2388 2910 2643 2982 τοιαύτης
2677 2909 3057 2981 Μαγδαληνῆς,
3093 2909 3364 2981 ἐτήρησεν
3384 2907 3624 2979 obiitpr

2075 3000 2232 3055 τοῦτο
2255 2998 2450 3054 εἰπών’
2485 3019 2504 3051 ‹
2527 2999 2787 3063 Ἀναστὰς
2816 2999 2874 3053 δὲ
2908 2998 3051 3070 πρωῒ
3071 3001 3137 3070 τῇ
3179 2999 3287 3069 μιᾷ
3309 2996 3415 3050 τῶν
3442 2994 3622 3049 Σαϐϐά-

2076 3110 2184 3148 των
2212 3093 2387 3163 ἐφάνη
2414 3093 2604 3166 Μαρία
2639 3091 2855 3164 πρῶτον
2876 3095 2940 3163 τῇ
2972 3090 3332 3164 Μαγδαληνῇ,
3368 3085 3533 3162 ἀφ’ἡς
3559 3091 3628 3142 ἐκ·

2078 3186 2329 3259 ϐεϐλήκει
2359 3185 2497 3240 ἐτττά
2520 3185 2791 3264 δαιμόνια.
2821 3205 2839 3238 ι
2861 3185 2972 3238 Καὶ
2998 3184 3207 3256 ταύτην
3229 3184 3365 3248 ἴσως
3395 3179 3523 3237 εἶναι
3545 3181 3625 3251 τὴν

2076 3282 2407 3345 ἀκούσασαν,
2434 3282 2523 3354 Μή
2556 3299 2656 3352 μου
2680 3282 2871 3346 ἅπτου,
2889 3280 3000 3334 ἀλλ’
3020 3281 3081 3334 οὐ
3109 3281 3210 3353 τὴν
3238 3281 3393 3353 παρά
3419 3278 3491 3351 τῷ
3510 3279 3631 3333 Ματ-

401 3387 547 3424 nium
577 3372 648 3427 sit
682 3373 829 3426 illam
885 3388 1103 3444 quoque
1145 3373 1393 3444 Magdalo
1447 3374 1618 3432 fuisse
1660 3377 1971 3443 oriundum,

2083 3375 2229 3448 θαίῳ.
2255 3377 2318 3430 El
2340 3375 2447 3448 γὰρ
2468 3353 2563 3430 καὶ
2580 3375 2646 3429 τὰ
2669 3374 2899 3446 μάλιστα
2927 3374 3157 3447 κάκείνη
3180 3375 3294 3429 ἀπὸ
3320 3374 3420 3444 τῆς
3434 3370 3627 3440 Μαγδα-

403 3460 553 3515 haud
577 3469 760 3517 tamen
798 3465 949 3534 paria
996 3465 1195 3535 probra
1233 3464 1301 3521 de
1351 3481 1415 3522 ea
1468 3474 1656 3521 narrat
1671 3466 1971 3539 Scriptura.

401 3553 556 3621 Quod
578 3554 623 3609 si
665 3570 827 3609 unam
859 3556 1214 3627 eamdemque
1242 3555 1611 3628 Magdalenem
1652 3560 1776 3629 quis
1805 3559 1974 3625 dicat,

402 3647 581 3707 adhuc
606 3657 785 3703 tamen
810 3648 1048 3704 veridica
1088 3658 1218 3707 sunt
1251 3665 1409 3708 sacra
1455 3649 1770 3722 Evangelia,
1801 3668 1979 3724 neque

404 3738 521 3795 ullo.
547 3739 709 3794 modo
740 3742 892 3794 inter
912 3755 971 3796 se
1020 3741 1374 3811 discrepant;
1427 3741 1698 3814 siquidem
1728 3742 1977 3800 eamdem

401 3833 659 3890 exhibent
696 3832 923 3889 Mariam
977 3833 1349 3906 Magdalenem
1403 3843 1459 3892 et
1521 3852 1631 3893 non
1667 3844 1976 3908 tangentem

404 3926 579 3995 primo
609 3924 795 3989 Iesum
821 3941 944 3981 cum
962 3934 1085 3989 erat,
1113 3927 1414 3991 incredula,
1437 3935 1492 3983 et
1523 3928 1720 3984 deinde
1750 3939 1982 4001 tangeri--

404 4026 510 4074 tom
546 4018 730 4073 statim
758 4033 823 4072 ac
876 4018 1034 4088 jussa
1077 4028 1163 4076 est
1207 4019 1445 4090 gaudere
1473 4035 1597 4075 eum
1646 4020 1754 4075 alia
1790 4019 1979 4077 Maria.

404 4107 782 4177 Quippeillum
822 4116 1102 4179 postremo
1138 4120 1196 4164 ut
1224 4096 1395 4175 Deum
1425 4109 1693 4173 adoravit.
1739 4127 1850 4166 non
1879 4111 1979 4171 ho—

407 4201 568 4256 minis
593 4201 768 4257 instar
793 4202 1006 4267 habuit,
1045 4202 1194 4257 velut
1219 4202 1373 4258 initio
1416 4219 1545 4266 cum
1574 4203 1734 4259 ﬂebat
1754 4211 1981 4284 eratque

403 4294 701 4355 incredula.

2080 3466 2245 3538 ληνῆς
2294 3466 2538 3537 ὡρμᾶτο,
2569 3463 2681 3518 ἀλλ’
2709 3465 2769 3518 οὐ
2816 3464 2884 3517 τὰ
2917 3464 3076 3535 ὅμοια
3110 3465 3205 3517 καὶ
3242 3464 3416 3534 αὐτῆς
3464 3463 3495 3533 ἡ
3533 3459 3630 3514 θεία

2084 3560 2379 3630 κατηγορεῖ
2408 3558 2598 3629 Γραφή
2619 3574 2632 3587 ·
2665 3558 2713 3609 εί
2746 3557 2802 3611 δὲ
2837 3556 2966 3629 μίαν
2993 3557 3089 3610 καὶ
3118 3556 3219 3627 τὴν
3241 3555 3414 3628 αὐτὴν
3439 3551 3631 3621 Μαγδαο

2086 3649 2250 3721 ληνὴν
2269 3649 2379 3722 (86)
2404 3648 2627 3721 φήσειέν
2652 3667 2757 3714 τις,
2783 3649 2876 3702 καὶ
2900 3646 3071 3712 οὕτως
3088 3647 3351 3720 ἀληθεύοι
3369 3646 3433 3702 ἂν
3449 3644 3513 3698 τά
3533 3642 3632 3715 ίερά

2085 3742 2412 3811 Εὑαγγέλια,
2443 3746 2560 3798 κατ’
2591 3741 2777 3796 οὐδένα
2814 3741 2968 3811 λόγον
2997 3739 3406 3811 διαφωνοῦνται
3439 3738 3529 3810 τὴν
3555 3734 3633 3788 αὺ-

2084 3835 2183 3906 τὴν
2211 3835 2268 3888 δὲ
2300 3836 2518 3908 Μαρίαν
2542 3834 2639 3907 τὴν
2666 3833 3032 3905 Μαγδαληνὴν
3062 3832 3379 3900 εἰσάγονται
3409 3830 3479 3902 μὴ
3503 3830 3620 3881 ἁπτο

2087 3926 2252 3997 μένην
2286 3927 2545 4000 πρότερον
2575 3926 2669 3980 τοῦ
2704 3925 2927 3998 Κυρίου,
2961 3924 3048 3978 ὅτε
3073 3923 3258 3977 ἔκλαιε
3293 3924 3390 3977 καὶ
3412 3919 3631 3990 ἡπίστει·

2083 4018 2178 4072 καὶ
2227 4017 2539 4090 ἁπτομένην
2585 4016 2773 4082 αὑτοῦ,
2802 4018 2890 4071 ὅτε
2935 4017 3147 4088 χαίρειν
3199 4015 3341 4086 μετά
3378 4014 3475 4083 τῆς
3496 4009 3636 4080 ἄλλης

2084 4109 2302 4182 Μαρίας
2352 4110 2445 4162 ὑπ’
2473 4109 2641 4164 αὐτοῦ
2692 4109 3004 4163 κελεύεται·
3053 4107 3242 4179 ἐπειδὴ
3278 4106 3390 4179 γὰρ
3428 4105 3499 4167 ὡς
3527 4098 3633 4154 Θεὸν

2084 4202 2244 4255 αὑτὸν
2280 4201 2684 4276 προσεκύνησεν
2717 4201 2962 4272 ἔσχατον,
2995 4200 3091 4254 καὶ
3111 4199 3209 4271 οὐχ
3259 4199 3339 4261 ὡς
3361 4196 3631 4265 ἄνθρωπον.

2084 4293 2160 4358 ὡς
2184 4295 2446 4366 πρότερον
2478 4294 2566 4349 ὅτε
2594 4292 2774 4347 ἔκλαιε
2800 4294 2893 4347 καὶ
2927 4293 3165 4363 ἠπίστει.

1661 4409 1794 4468 Vill.
1821 4411 1905 4467 Ex
1928 4411 2112 4475 eodem
2136 4412 2448 4469 Anastasio.

474 4529 530 4584 8.
559 4528 776 4584 Eusebii
806 4546 872 4585 ea;
912 4546 1063 4597 opere
1092 4530 1161 4584 ad
1193 4529 1487 4585 Marinum.
1532 4528 1651 4585 Jam
1684 4530 1829 4603 quod
1855 4544 1977 4584 am-

403 4620 626 4691 bigitur,
656 4622 931 4692 quomodo
954 4621 1237 4688 Mutthreus
1263 4621 1443 4676 visum
1481 4630 1667 4676 narret
1692 4605 1979 4692 discipulis

406 4709 693 4765 Dominum
729 4712 784 4765 in
819 4712 1052 4768 Galilatse
1080 4725 1298 4780 monte,
1322 4712 1562 4770 Joannes
1599 4721 1782 4767 autem
1832 4712 1980 4770 circa

402 4820 555 4859 mare
579 4804 886 4861 Tiberiadis
906 4849 920 4873 ,
955 4806 1042 4862 aio
1072 4806 1327 4877 equidem
1354 4847 1368 4872 ,
1402 4804 1548 4862 haud
1583 4805 1750 4861 semel
1782 4813 1836 4859 et
1884 4805 1983 4859 ite-

404 4911 548 4959 rum,
584 4896 679 4952 sed
713 4898 989 4960 multoties
1017 4896 1205 4961 Iesum
1245 4914 1368 4955 esse
1395 4907 1772 4969 conspectum.
1801 4894 1984 4962 Quare

407 4989 630 5044 minime
679 4988 891 5045 errabis
945 4990 992 5043 si
1041 4998 1295 5060 quartam
1350 4989 1618 5045 visionem
1665 5002 1788 5044 esse
1834 4987 1989 5041 illam

404 5069 706 5149 putaveris,
759 5096 880 5151 qua:
921 5081 1066 5151 apud
1109 5076 1421 5137 Matthatum
1452 5082 1529 5140 iit.
1584 5078 1737 5134 Hanc
1782 5079 1993 5150 quippe

403 5172 547 5228 haud
568 5175 715 5230 circa
746 5190 895 5235 mare
935 5173 1170 5229 Galilzeze
1216 5176 1589 5245 spectantibus
1619 5189 1764 5238 eum,
1787 5172 1883 5227 sed
1927 5172 1984 5226 in

406 5273 593 5320 monte
632 5265 923 5336 discipulis
970 5266 1223 5322 undecim
1276 5265 1581 5336 contigisse
1621 5265 1815 5323 scribit
1847 5262 1985 5318 Mat-

406 5357 583 5412 thzeus
617 5376 630 5410 :
660 5376 680 5409 ι
721 5356 984 5414 Undecim
1025 5367 1209 5413 autem
1247 5357 1503 5427 discipuli
1540 5364 1897 5427 perrexerunt
1925 5357 1982 5411 in

409 5455 670 5511 montem,
713 5462 873 5520 prout
919 5452 1244 5506 condixerat
1301 5451 1412 5505 illis
1439 5449 1632 5515 Jesus,
1688 5465 1848 5526 quem
1907 5450 1982 5504 ibi

406 5548 762 5609 conspectum
793 5544 1183 5603 adoraveruut.
1221 5564 1240 5598 ι
1277 5542 1409 5599 Post
1460 5544 1575 5598 haec
1625 5544 1745 5600 sine
1793 5558 1982 5607 errore

465 5689 593 5769 ’(85)
633 5692 782 5769 Hanc
838 5714 1058 5769 qtmque
1110 5700 1566 5769 quaestiunculam
1613 5714 1737 5754 cum
1787 5699 1978 5759 codice

410 5766 784 5832 Lolumnensi,
819 5766 1276 5837 nunc'Vaticano,
1317 5770 1521 5827 utiliter
1554 5770 1781 5827 contuli.

2156 4528 2228 4602 η’.
2270 4529 2568 4587 Εὑσεϐίου
2589 4529 2657 4582 ἐκ
2684 4525 2803 4582 τῶν
2827 4525 2974 4597 πρὸς
2995 4524 3263 4594 Μαρῒνον
3278 4564 3292 4576 .
3336 4522 3469 4594 Περὶ
3490 4519 3541 4574 δὲ
3557 4514 3634 4571 τιὸ

2089 4622 2385 4693 ἐπαπορεῖν
2415 4620 2596 4685 πάλιν,
2614 4618 2731 4685 πῶς
2754 4618 2901 4691 παρὰ
2931 4616 3008 4687 τῷ
3030 4615 3298 4687 Ματθαίῳ
3325 4616 3403 4679 είς
3434 4614 3526 4685 τὴν
3546 4609 3635 4664 Γα-

2014 4745 2061 4801 D
2089 4712 2301 4779 λιλαίαν
2328 4705 2506 4782 ὦφθαι
2538 4711 2628 4766 τὸν
2657 4711 2860 4783 Κύριον
2890 4712 3009 4801 τοῖς
3035 4707 3303 4779 μαθηταῖς
3330 4708 3387 4801 ἐν
3414 4701 3632 4801 ista},

2089 4805 2241 4877 παρά
2258 4803 2315 4858 δὲ
2341 4803 2420 4876 τῷ
2443 4804 2664 4877 Ἰωάννῃ
2690 4802 2841 4875 παρά
2865 4801 2965 4883 τὴν
2993 4800 3267 4883 θάλασσαν
3296 4798 3400 4869 τῆς
3414 4789 3635 4883 Τιϐεριά-

2085 4898 2194 4967 δος,
2223 4895 2453 4970 ἐροῦμεν
2480 4898 2562 4951 ὅτι
2587 4886 2657 4950 ού
2676 4896 2833 4967 μόνον
2866 4879 3126 4961 ἅπαξ-καὶ
3144 4892 3245 4957 δὶς,
3270 4890 3406 4945 ἀλλὰ
3431 4888 3520 4943 καὶ
3535 4882 3636 4939 πολ·

2087 4990 2244 5054 λάκις
2283 4984 2461 5059 ὦφθαι
2489 4988 2673 5044 αὐτόν.
2691 4989 2782 5042 Διὸ
2802 4987 3068 5059 τετάρτην
3087 4983 3354 5039 ὀπτασίαν
3372 4982 3467 5052 οὐχ
3485 4977 3635 5049 ἁμάρ-

2088 5101 2202 5148 τοις
2238 5084 2336 5155 τὴν
2370 5083 2520 5155 παρά
2556 5081 2633 5152 τῷ
2649 5079 2911 5152 Ματθαίῳ
2942 5082 3119 5152 φήσας
3151 5073 3313 5140 εἶναι,
3335 5076 3399 5148 ἢν
3427 5072 3484 5128 οὐ
3508 5068 3635 5140 παρὰ

2089 5173 2188 5249 τὴν
2223 5172 2496 5228 θάλασσαν
2520 5172 2619 5242 τῆς
2645 5161 2952 5236 Γαλιλαίας,
2970 5160 3096 5223 ὀὐδὲ
3114 5171 3226 5232 τοῖς
3252 5161 3631 5249 ὀπτανομένοιςς

2091 5244 2206 5331 ἀλλ’
2239 5266 2296 5318 ἐν
2321 5262 2399 5334 τῷ
2431 5264 2545 5335 ὃρει
2577 5265 2689 5327 τοῖς
2715 5262 2908 5316 ἕνδεκα
2940 5258 3265 5332 πεποιῆσθαι
3298 5244 3632 5326 ἀνέγραψενά

2090 5354 2386 5420 Ματθαῖος,
2421 5353 2587 5424 εἰπών
2607 5373 2621 5387 ·
2655 5374 2674 5406 ι
2706 5355 2768 5408 Οἱ
2795 5353 2851 5407 δὲ
2881 5353 3072 5409 ἕνδεκα
3096 5351 3335 5424 μαθηταὶ
3365 5338 3630 5417 ἐπορεύθη·

2090 5466 2190 5503 σαν
2240 5450 2320 5516 είς
2365 5450 2427 5518 τὸ
2475 5449 2619 5521 ὅρος,
2653 5443 2714 5502 οῦ
2749 5448 2973 5515 ἐτάξατο
3005 5447 3183 5511 αὐτοῖς
3220 5445 3251 5496 ὁ
3289 5438 3525 5513 Ἰησοῦς⁹
3552 5430 3627 5487 καὶ

2092 5540 2288 5604 ἰδόντες
2322 5540 2480 5609 αὑτὸν
2513 5527 2940 5612 προσεκύνησαν.
2980 5558 2999 5592 ι
3036 5536 3145 5591 Καὶ
3192 5533 3332 5605 μετά
3374 5529 3525 5587 τοῦτοί
3546 5521 3626 5587 οὐκ

2157 5699 2270 5775 (86)
2311 5698 2471 5762 Deest
2510 5703 2568 5767 in
2599 5684 2787 5763 codice
2816 5692 3166 5759 Columneusi
3198 5686 3563 5761 Μαγδαληνήν.
3655 5678 3662 5684 ’
