3868 6264
404 339 542 396 i015

1063 330 1332 390 EUSEBH
1384 325 1868 387 CESARIENSIS
1895 324 2045 383 OPP.
2063 326 2073 339 '
2091 322 2269 383 PARS
2294 321 2382 378 lli.
2403 320 2898 380 --EXEGETIC‘A.

3505 319 3618 378 {Old

408 459 658 526 idemque
689 452 959 523 Spiritus,
990 450 1240 505 dividens
1281 449 1512 520 singulis
1541 454 1700 518 prout
1723 447 1838 500 vult
1865 447 1967 504 θ’.»

2086 441 2205 514 γένη
2240 439 2498 510 γλωσσῶν
2523 458 2536 471 ·
2571 440 2748 495 πάντα
2775 440 2832 494 δὲ
2860 435 3032 492 ταῦτα
3059 437 3270 508 ἐνεργεῖ
3311 435 3372 488 ἐν
3419 435 3514 506 μὲν
3545 432 3623 495 καὶ

409 549 754 604 Demonstrat
781 545 926 598 enim
956 542 1250 612 Apostolus
1277 542 1443 596 unius
1473 538 1828 611 ejusdemque
1857 538 1979 608 Spi-

408 639 548 695 ritus
582 637 780 691 multas
807 650 930 690 esse
957 635 1212 698 virtutes,
1249 635 1597 689 diversorum
1623 639 1852 702 operum
1899 631 1979 685 ef-

409 729 681 786 fectrices.
712 726 900 797 Cogita
954 725 1138 797 igitur'
1167 734 1350 780 utrum
1396 741 1543 780 nunc
1581 724 1836 780 Christus
1863 725 1978 778 sin-

410 820 652 890 gularem
710 817 951 888 aliquam
1002 817 1235 887 gratiam
1285 817 1580 887 discipulis
1639 816 1975 885 contulerit,

408 909 551 964 haud
574 909 791 978 quidem
831 907 898 962 ad
942 915 1192 964 mortuos
1241 908 1590 964 suscitandas
1622 907 1979 979 prodigiaque

405 1001 710 1066 cﬂicienda,
749 1001 841 1056 sed
867 1001 934 1056 ad
965 1001 1290 1056 dimittenda
1338 1008 1581 1071 peccata.
1618 1001 1757 1056 Sunt
1801 1000 1977 1066 enim,

407 1099 468 1146 ut
516 1092 780 1157 diximus,
831 1092 1047 1148 diversa
1101 1091 1338 1163 Spiritus
1394 1094 1560 1149 dona.
1612 1093 1977 1160 Quamobrem

407 1201 554 1240 nunc
583 1168 792 1239 addidit
826 1203 840 1238 :
877 1201 896 1235 ι
933 1183 1178 1250 Quorum
1217 1185 1545 1241 remiseritis
1586 1192 1832 1254 peccata,
1887 1202 1977 1240 re-

408 1279 723 1343 mittuntur,
761 1296 781 1330 ι
825 1287 956 1342 etc.,
993 1277 1193 1347 quibus
1223 1277 1406 1333 verbis
1440 1277 1683 1332 ostendit
1716 1293 1746 1332 a
1789 1293 1849 1333 se
1874 1278 1978 1333 hoc

407 1385 581 1440 genus
626 1371 922 1441 gratiarum
974 1385 1121 1426 nunc
1176 1371 1285 1426 illis
1329 1386 1451 1426 esse
1504 1371 1788 1426 collatum.
1853 1369 1980 1437 Post

408 1463 654 1532 ejusdem
687 1480 818 1518 vero
861 1464 1258 1529 ascensionem,
1296 1462 1534 1533 Spiritus
1581 1465 1981 1535 superveniens

411 1556 798 1610 miraculorum
825 1572 1044 1626 quoque
1071 1563 1126 1610 et
1157 1556 1486 1611 omnimodae
1515 1556 1703 1627 gratiae
1727 1556 1836 1612 vim
1869 1559 1983 1610 vir-

410 1655 691 1717 tutemque
742 1649 876 1719 ipsis
910 1649 1110 1702 attulit.
1141 1648 1326 1714 Quare
1372 1665 1522 1704 nunc
1573 1650 1690 1706 sine
1746 1651 1980 1705 articulo

2082 537 2140 589 τὸ
2169 535 2300 588 αὐτὸ
2329 533 2571 604 Πνεῦμα,
2602 533 2839 604 διαιροῦν
2869 532 2972 604 ἰδίᾳ
3004 531 3215 603 ἑκάστῳ
3245 528 3427 594 καθὼς
3465 530 3623 600 βούλε-

2079 645 2188 681 ται.
2226 645 2244 677 ›
2279 625 2472 695 Σαφῶς
2515 626 2622 698 γάρ
2663 626 2749 678 διὰ
2779 625 2872 678 τοῦ
2901 626 3018 689 ἐνὸς
3045 625 3137 678 καὶ
3164 624 3258 678 τοῦ
3285 621 3454 676 αὑτοῦ
3487 623 3627 678 Πνεύ-

2083 735 2273 790 ματος,
2302 716 2501 779 πολλάς
2545 712 2681 770 εἶναι
2727 715 3036 786 παρέστησε
3077 715 3352 785 δυνάμεις,
3379 713 3629 786 διαφόρων

2083 812 2418 884 πραγμάτων
2445 811 2964 882 ἐνεργητικάς.”υρα
2992 809 3169 862 τοίνυν
3200 809 3399 880 μήπως
3421 808 3630 864 ἐνταῦθα

2082 905 2328 971 ἐξουσίαν
2357 903 2478 957 τινὰ
2513 902 2743 974 μερικὴν
2781 903 2875 955 καὶ
2912 902 3069 972 χάριν
3099 899 3476 972 πνευματικὴν
3499 900 3632 954 δέδω-

2082 1016 2174 1051 κεν
2202 997 2383 1059 αὐτοῖς
2407 1013 2418 1024 ·
2453 997 2550 1064 οὺχ
2575 995 2715 1048 ὥστε
2742 995 2966 1065 νεκροὺς
2991 993 3244 1064 ἐγείρειν,
3276 995 3372 1046 καὶ
3399 992 3633 1061 δυνάμεις

2084 1097 2274 1156 ποιεῖν,
2300 1093 2414 1146 ἀλλ’
2445 1093 2584 1146 ὥστε
2621 1093 2837 1161 ἀφιέναι
2862 1090 3230 1162 ἁμαρτήματα
3251 1105 3264 1117 ·
3291 1086 3528 1156 διάφορα
3546 1084 3635 1154 γὰρ

2080 1187 2147 1240 τὰ
2188 1187 2500 1258 χαρίσματα
2540 1185 2632 1238 τοῦ
2675 1185 3007 1256 ΙΙνεύματος.
3035 1183 3124 1235 Διὸ
3157 1181 3250 1235 καὶ
3283 1179 3542 1234 συνάπτει
3567 1178 3635 1230 λέ-

2083 1297 2212 1348 γων,
2253 1298 2271 1330 ι
2307 1282 2406 1332 Ἀν
2426 1281 2784 1348 τινωνοάφῆτε
2819 1276 2918 1340 τὰς
2946 1274 3237 1346 ἁμαρτίας,
3272 1273 3529 1343 ἀφίενται
3554 1273 3636 1324 αὺ-

2081 1375 2212 1435 τοῖς,
2239 1390 2256 1424 ι
2299 1373 2390 1425 καὶ
2420 1371 2490 1424 τὰ
2521 1371 2678 1442 ἑξῆς·
2715 1372 2927 1433 δεικνὺς
2959 1371 3040 1423 ὅτι
3074 1368 3232 1421 τοῦτο
3275 1367 3338 1420 τὸ
3383 1362 3526 1428 εἶδος
3550 1364 3638 1418 τῶν

2085 1464 2467 1534 πνευματικῶν
2487 1465 2839 1535 χαρισμάτων
2863 1463 3042 1525 αὐτοῖς
3066 1461 3396 1530 ἐδωρήσατο.
3428 1457 3580 1511 Μετὰ
3595 1456 3641 1510 δὲ

2083 1558 2180 1628 τὴν
2205 1557 2468 1628 ἀνάληψιν
2500 1557 2632 1610 αὺτό
2657 1558 2715 1610 τὸ
2745 1554 2972 1627 Πνεῦμα
2994 1553 3270 1617 κατελθὸν,
3305 1553 3397 1606 καὶ
3427 1551 3540 1604 τῶν
3561 1567 3641 1621 ση-

2087 1651 2254 1721 μείων
2303 1652 2398 1704 καὶ
2446 1649 2645 1712 παντὸς
2678 1649 2863 1722 ἐτέρου
2911 1648 3243 1720 χαρίσματος
3279 1646 3380 1709 τὰς
3404 1645 3646 1715 δυνάμεις

411 1739 659 1810 (Πνεῦμα
704 1755 801 1809 pro
831 1741 892 1793 τὸ
937 1740 1183 1812 Πνεῦμα)
1216 1742 1328 1797 ait:
1370 1762 1388 1794 ι
1418 1741 1665 1813 Accipite
1715 1742 1978 1814 Spiritum

2086 1742 2146 1812 δὴ
2183 1741 2291 1812 (92)
2339 1743 2432 1796 καὶ
2477 1743 2754 1815 ἐνεργείας
2790 1741 2971 1804 αὐτοῖς
3000 1741 3322 1812 ἐχορήγησε.
3365 1737 3466 1791 Διά
3509 1737 3646 1790 τοῦτο

411 1841 695 1900 sanctum;
734 1853 752 1886 ›
776 1833 1091 1904 signiﬁcans
1121 1845 1328 1905 partem
1353 1851 1410 1890 se
1431 1836 1721 1905 quamdam
1748 1835 1981 1892 ellicacis

2086 1831 2315 1884 ἐνταῦθα
2361 1832 2460 1902 μὲν
2509 1831 2634 1885 ἄνευ
2681 1830 2881 1904 ἄρθρου
2931 1826 3072 1895 εἷπε,
3127 1848 3146 1881 ι
3174 1829 3382 1883 Λάϐετε
3438 1827 3645 1898 Πνεῦμα

413 1923 649 1995 Spiritus
700 1927 1013 1981 attribuere.
1068 1923 1144 1980 De
1202 1927 1321 1996 ipso
1367 1935 1547 1982 autem
1607 1927 1811 2000 Spiritu
1861 1931 1979 1984 ait:

2088 1926 2258 1992 ἅγιον,
2282 1943 2301 1977 ι
2327 1923 2500 1996 δηλῶν
2529 1925 2610 1978 ὅτι
2647 1925 2876 1996 μερικήν
2903 1941 3024 1976 τινα
3051 1921 3144 1974 τοῦ
3172 1921 3490 1991 Πνεύματος
3514 1919 3648 1990 ἐνέρ-

415 2038 433 2066 σ
465 2017 759 2090 Accipietis
803 2019 1056 2073 virtutem
1089 2019 1522 2088 supervenientis
1564 2020 1620 2075 in
1663 2036 1761 2077 vos
1815 2021 1981 2092 Spiri-

2088 2033 2242 2084 γειαν
2289 2017 2502 2070 δίδωσιν
2551 2017 2763 2079 αὐτοῖς·
2812 2017 2941 2088 περὶ
2981 2014 3090 2086 (95)
3132 2014 3189 2067 δὲ
3232 2015 3442 2066 ἐκείνου
3490 2011 3646 2084 φησί·

410 2109 550 2164 tus‘.
577 2129 597 2162 ι
2096 2130 2113 2161 ι
2145 2109 2393 2180 Λήψεσθε
2426 2110 2652 2182 δύναμιν
2687 2109 3001 2173 ἐπελθόντος
3031 2109 3123 2163 τοῦ
3156 2107 3311 2178 ἁγίου
3350 2108 3649 2178 Πνεύματος

2086 2203 2172 2271 ἐφ’
2209 2203 2353 2273 ὑμᾶς
2389 2202 2520 2274 (94).
2555 2222 2574 2254 ι

413 2349 609 2409 Deinde
633 2353 962 2422 prosequitur
994 2351 1132 2418 apud
1178 2351 1508 2421 Xiplu'linum
1548 2354 1804 2411 Eusebius
1836 2357 2022 2411 iisdem
2054 2357 2222 2412 verbis
2277 2359 2461 2429 quibus
2493 2360 2548 2412 in
2585 2359 2906 2428 pracedente
2935 2361 3230 2431 fragmento
3262 2359 3404 2429 apud
3428 2360 3648 2414 Anasta-

743 2443 907 2504 sium;
940 2456 1118 2508 nempe
1155 2443 1260 2512 πρὸ
1288 2444 1397 2513 γάρ
1431 2446 1634 2518 ταύτης
1672 2448 1772 2519 τῆς
1796 2447 1981 2521 δυνάμι

2110 2461 2210 2507 etc.
2247 2467 2412 2521 usque
2450 2451 2518 2505 ad
2549 2454 2642 2506 καὶ
2670 2451 2980 2524 ὁμολογίαις
3009 2453 3326 2525 διέπρεψαν.

566 2623 585 2678 l
618 2621 744 2679 Cor.
782 2641 892 2690 xu,
925 2624 1082 2680 8-H.
1146 2625 1266 2681 Act.
1307 2643 1345 2690 ι,
1383 2626 1438 2682 8.

483 2777 595 2848 (92)
635 2777 796 2851 Deest
825 2780 888 2851 δή
921 2780 1062 2850 apud
1094 2779 1453 2850 Xiphilinum.

482 2845 592 2921 (95)
633 2845 1138 2921 ξςίρὴὶιὶιιύε”παρά.

483 2920 596 2989 (94)
638 2918 915 2975 Hactenus
949 2918 1324 2990 supplementa
1355 2924 1639 2990 posuimus
1671 2938 1736 2977 ex
1770 2923 1836 2976 iis
1868 2932 1986 2978 tan-

413 2990 693 3060 tummodo
732 2991 866 3046 locis
896 2991 950 3044 in
989 2994 1367 3060 quibus'opus
1399 2993 1622 3048 Eusebii
1660 2995 1985 3047 nominatim

412 3060 484 3133 ad
505 3059 776 3133 Marinum
814 3059 1088 3116 laudatur.
1118 3059 1461 3130 Caeteroquin
1490 3073 1694 3133 quanta
1724 3079 1848 3133 pars
1876 3064 1983 3118 Eu-

411 3132 759 3203 sebianarum
782 3134 1142 3202 quaestionum
1168 3133 1368 3203 tumqad
1397 3132 1755 3203 Stephanum,
1778 3144 1890 3188 tum
1917 3134 1984 3189 ad

413 3201 680 3255 Marinum
729 3201 1230 3257 in'Commentario
1277 3201 1334 3256 S.
1379 3201 1653 3260 Ambrosii
1707 3205 1775 3258 ad
1823 3205 1984 3259 Luca:

413 3271 1062 3346 Evangelium_supersit,
1095 3273 1222 3346 item
1249 3283 1453 3343 quanta
1484 3275 1536 3328 in
1571 3273 1886 3346 Hieronymi
1917 3277 1984 3330 ad

412 3341 724 3415 Matthzeum
757 3341 1478 3412 Commentario.occurrat,
1511 3347 1564 3400 in
1601 3341 1987 3415 subseQuenti-

412 3415 516 3468 bus
535 3414 782 3484 paginis,
826 3415 1020 3484 partim
1069 3415 1280 3474 saltem,
1325 3414 1846 3472 demonstrabimus.
1886 3417 1988 3472 Le—

411 3483 618 3554 gendus
641 3483 856 3559 quoque
886 3483 1226 3559 Augustin_us
1252 3485 1326 3540 De
1359 3504 1614 3542 consensu
1642 3487 1988 3559 evangelista-

412 3569 551 3623 rum,
566 3563 622 3608 et
640 3555 694 3608 in
722 3554 1115 3631 Questionibus
1137 3555 1491 3628 Evangelicis;
1511 3559 1638 3614 item
1656 3554 1988 3631 anonymum

2012 2789 2054 2846 C
2088 2798 2226 2853 opus
2256 2781 2618 2853 Quafstionum
2656 2780 2853 2835 Veteris
2882 2789 2930 2833 et
2963 2779 3500 2853 NoviJ'estamenti;
3537 2791 3651 2853 nec-

2090 2849 2198 2908 non
2233 2869 2329 2924 seu
2363 2851 2534 2907 falsus
2559 2853 2982 2924 glirysostomus
3001 2866 3097 2905 seu
3117 2849 3275 2924 Titu_s
3313 2850 3645 2924 Bostre_n_sis;

2091 2933 2206 2978 tum
2237 2923 2542 2993 Hesychius
2566 2919 3092 2991 Hierosolymitanus
3118 2937 3214 2993 ac_
3226 2920 3471 2993 Joannes
3492 2919 3646 2993 Thes:

2092 2989 2473 3056 salonicensis,
2495 2995 2550 3047 in
2573 2989 2964 3058 Questionibus
2985 3009 3137 3061 asque
3168 2990 3535 3060 Evangelicis;
3562 2989 3646 3060 qui

2094 3072 2343 3119 auctores
2377 3080 2567 3120 omnes
2607 3063 2915 3119 Eusebiano
2958 3081 2988 3116 a
3030 3066 3176 3118 l‘onte
3214 3062 3568 3116 multifariam
3601 3067 3648 3115 et

2093 3136 2294 3190 affatim
2326 3135 2580 3191 hausisse
2605 3135 2876 3190 videntur.
2907 3133 3012 3189 Sed
3033 3137 3176 3189 enim
3211 3149 3311 3188 nos
3343 3133 3514 3186 multo
3545 3132 3652 3200 plu-

2093 3223 2183 3262 res
2221 3205 2653 3262 Eusebianarum
2689 3205 3054 3275 quaestionum
3091 3203 3432 3259 credibiliter
3463 3203 3651 3275 expila-

2095 3289 2262 3343 tores,
2298 3279 2382 3333 vel
2411 3286 2560 3333 certe
2590 3272 2913 3340 imitatores,
2949 3277 3004 3330 in
3037 3277 3356 3345 prmiatione
3387 3272 3652 3345 recensuit

2095 3342 2254 3404 mus,
2286 3347 2460 3404 Porro
2501 3349 2572 3402 ab
2609 3348 2694 3403 his
2725 3355 2966 3402 veterum
2997 3342 3471 3400 lucubrationibus
3500 3342 3652 3398 medii

2095 3437 2314 3491 quoque
2361 3428 2415 3475 et
2463 3420 2633 3475 intimi
2682 3419 2781 3491 aevi
2830 3417 3153 3488 interpretes
3200 3417 3501 3474 solutiones
3531 3427 3656 3471 sua:

2098 3489 2256 3562 prout
2287 3491 2501 3548 libitum
2535 3491 2635 3545 fuit
2665 3489 3066 3547 derivaverunt.
