3868 6264
241 315 356 372 ΗΠ
950 309 1246 368 ECLOGA?
1286 311 1766 372 PROPHETICE.
1793 348 1864 358 —
1889 317 1978 372 DE
2009 317 2260 374 CODICE
2295 318 2406 374 MS.
2448 318 2718 377 VINDOB.
3311 325 3446 384 1018

326 529 446 542 -..ι-

447 525 2178 560 Μ

1949 534 3428 570 rm

611 818 618 825 ·
784 733 1641 922 EUSEBII
1803 736 2870 918 PAMPHILI

1349 1091 1705 1152 EPISCOPI
1769 1090 2298 1152 CESARIENSIS

889 1302 1554 1430 ECLOGfE
1649 1304 2740 1433 PROPHETICXE.

287 1565 340 1624 Ε
378 1561 586 1649 codice
617 1568 1048 1649 manuscripto
1076 1567 1465 1649 bibliotheca:
1493 1567 1788 1649 Casarece
1831 1567 2317 1649 Vindobonensis
2367 1587 2531 1630 nunc
2560 1571 2837 1649 primum
2868 1567 3065 1630 edidit
3105 1569 3369 1649 Thomas

398 1643 742 1719 Gnsuonn,
775 1646 839 1708 S.
879 1643 955 1709 TI
981 1647 1084 1724 P.,
1118 1647 1266 1708 tedis
1294 1648 1535 1709 Christi
1563 1646 1835 1708 decanus
1864 1666 2107 1708 necnon
2135 1647 2368 1728 lingua:
2396 1643 2624 1711 Greca:
2650 1650 2977 1736 professor
3005 1648 3240 1726 regius.

1181 1862 1374 1924 Oxonii,
1405 1875 1433 1912 e
1462 1863 1799 1926 typographeo
1826 1863 2136 1922 Academico,
2160 1861 2300 1924 1842,
2336 1864 2460 1913 in—8.

777 2180 1414 2246 ςΑιίΤΗοιοΜίΕο
1455 2184 1516 2242 Κ
1524 2182 1672 2245 0P1
1677 2183 1930 2245 TARIO
1976 2187 2089 2247 ΤΗ
2096 2185 2304 2248 ΟΜΑὲ

1318 2183 1414 2244 ΕΟ
1455 2184 1516 2242 Κ
1524 2182 1672 2245 0P1
1677 2183 1930 2245 TARIO
1976 2187 2089 2247 ΤΗ
2096 2185 2320 2248 OMAS
2356 2186 2775 2249 GAISFORD
2798 2189 2845 2250 S

276 2370 418 2427 Redit
446 2372 514 2426 ad
549 2380 618 2436 te,
652 2375 730 2428 vir
762 2375 983 2444 egregie,
1017 2390 1169 2443 quem
1203 2384 1250 2428 te
1299 2383 1617 2443 procurante
1644 2388 1707 2428 ea:
1734 2376 2094 2443 manuscripto
2127 2377 2338 2447 inclytte
2370 2376 2693 2433 bibliotheca
2715 2378 2974 2433 Caesareae
3013 2377 3188 2433 codice
3227 2377 3462 2448 ﬁdeliter

215 2457 510 2532 descriptum
543 2466 757 2534 accepi,
806 2466 1013 2521 libellus
1043 2467 1375 2522 Eusebianus
1403 2509 1417 2533 ,
1468 2469 1768 2522 litterarum
1820 2469 2067 2539 formulis
2096 2469 2395 2524 Academia:
2427 2479 2619 2525 nostra:
2650 2469 2938 2524 luculenter
2991 2471 3294 2540 impressus.
3348 2469 3457 2536 Qui

215 2573 319 2609 cum
353 2557 415 2610 ab
446 2560 794 2629 antiquarum
839 2579 1013 2616 rerum
1048 2580 1109 2616 ac
1165 2565 1461 2632 prtesertim
1511 2562 1785 2634 theologia:
1830 2563 2083 2618 studiosis
2123 2565 2216 2617 diu
2265 2568 2589 2634 multumque
2618 2561 2948 2617 desideratus
2983 2563 3177 2632 fuerit,
3212 2579 3314 2617 non
3348 2576 3456 2616 nte-

215 2649 368 2705 diocri
398 2653 591 2708 laetitia
620 2655 798 2723 e/I'erri
830 2672 909 2709 me
946 2657 1152 2725 fateor,
1213 2657 1298 2709 cui
1341 2671 1434 2724 per
1474 2655 1884 2710 benevolentiam
1923 2665 2069 2710 tuam
2104 2658 2381 2728 contigerit
2406 2673 2471 2711 ea:
2501 2657 2797 2725 pluteorum
2826 2655 3049 2710 tenebris
3093 2666 3202 2708 tam
3254 2656 3456 2726 insigne

215 2746 380 2798 reteri:
405 2748 500 2800 (eui
530 2757 923 2801 monumentum
950 2751 1253 2816 protrahere
1280 2764 1451 2817 posse.
1492 2747 1755 2804 therum
1790 2750 1844 2801 in
1877 2748 2074 2803 edendo
2105 2748 2240 2803 lianc
2299 2749 2424 2802 milii
2480 2749 2639 2819 legem
2684 2731 2985 2818 prwscripsi
3006 2788 3021 2812 ,
3070 2757 3129 2802 ut
3185 2748 3457 2802 lectionem

216 2836 482 2905 apograplti
509 2836 702 2907 ubique
730 2855 905 2906 presse
947 2856 1207 2909 sequerer,
1234 2841 1337 2894 nisi
1374 2841 1429 2893 in
1461 2841 1896 2908 interpunctione,
1933 2849 1982 2894 et
2028 2841 2084 2894 in
2115 2841 2384 2910 spiritibus
2407 2851 2454 2895 et
2484 2840 2804 2904 accentibus,
2843 2840 2932 2910 qui
2975 2838 3258 2893 admodum
3283 2839 3450 2910 negli-

213 2940 375 2996 genter
401 2931 565 2999 positi
591 2941 748 2994 sunt;
781 2948 940 3002 neque
963 2944 1146 3001 aperta
1171 2939 1415 3003 quwdam
1452 2932 1662 2986 librarii
1696 2933 1826 2987 vitia
1846 2973 1860 2997 ,
1897 2933 2059 2987 cuivis
2091 2933 2248 3002 facile
2289 2933 2598 3004 corrigenda
2617 2975 2632 3000 ,
2662 2930 2923 2987 servanda
2953 2931 3125 2986 duxi:
3153 2949 3378 3003 quorum
3408 2933 3457 2987 si

212 3033 386 3091 pauca,
420 3041 584 3095 eaque
616 3024 880 3078 levissima
899 3065 913 3090 ,
949 3026 1106 3079 tacite
1129 3025 1456 3088 sustulerint,
1489 3025 1542 3078 in
1569 3025 1830 3096 plerisque
1862 3023 2201 3079 emendandis
2228 3026 2308 3079 ita
2335 3034 2572 3080 versatus
2595 3041 2708 3078 sum
2727 3063 2741 3088 ,
2770 3033 2826 3076 ut
2850 3040 2965 3094 qua:
2991 3025 3275 3077 resecando
3306 3039 3458 3094 erang

215 3119 402 3174 uncinis
431 3118 713 3190 quadratis
747 3118 1152 3185 circamdarem,
1183 3107 1298 3188 qua
1349 3119 1591 3174 addenda
1623 3119 1700 3174 vel
1753 3116 2032 3183 mutanda,
2055 3118 2277 3174 lanulis.
2336 3116 2438 3173 Sed
2491 3133 2650 3188 neque
2699 3118 3180 3187 interpretationem
3211 3115 3459 3170 Latinam

214 3228 360 3282 neque
392 3212 758 3266 adnotationis
801 3211 927 3282 quid
981 3212 1164 3266 addidi
1199 3216 1322 3284 (a):
1368 3231 1470 3267 non
1519 3215 1656 3267 enim
1704 3213 1846 3266 volui
1899 3212 2120 3266 nimiam
2171 3213 2342 3283 operis
2384 3228 2590 3266 moram
2619 3211 2876 3281 injicere:
2911 3213 2966 3266 in
2999 3212 3236 3282 margine
3287 3219 3462 3264 tamen

216 3303 423 3372 (praeter
467 3323 716 3361 numeros
763 3305 1018 3376 foliorum
1067 3305 1261 3360 codicis
1307 3323 1408 3361 ms.
1446 3306 1516 3360 ad
1571 3308 1847 3362 sinistram
1889 3305 2205 3377 collocatos)
2258 3322 2426 3359 sacrae
2467 3304 2758 3373 Scriptum
2811 3320 3200 3375 paucorumque
3229 3303 3460 3357 aliorum

215 3399 514 3468 scriptorum
543 3401 611 3453 ab
639 3399 864 3456 Eusebio
888 3403 1171 3455 citatorum
1199 3401 1314 3454 loca
1348 3400 1588 3470 apposui,
1626 3417 1686 3455 ne
1720 3401 1773 3452 in
1803 3397 1989 3453 iisdem
2012 3397 2272 3452 rimandis
2293 3405 2343 3453 et
2365 3395 2698 3466 conferendis
2736 3397 2899 3451 lector
2933 3397 3201 3466 ingratum
3223 3394 3456 3450 laborem

215 3503 551 3558 consumeret,
581 3502 694 3558 aut,
723 3509 814 3562 per
851 3492 1109 3547 desidiam
1131 3491 1226 3545 hoc
1259 3493 1510 3563 neglecto,
1548 3500 1771 3545 mentem
1807 3488 2040 3546 auctoris
2071 3490 2242 3541 minus
2281 3497 2419 3542 recte
2449 3485 2724 3556 aliquoties
2753 3485 3053 3553 perciperet.
3106 3482 3256 3537 Vale.

344 3640 553 3704 Dabam
578 3664 643 3703 ex
677 3647 788 3703 aede
819 3649 1021 3703 Christi
1046 3650 1100 3702 d.
1131 3648 1265 3701 Maii
1295 3649 1356 3703 51
1415 3646 1569 3702 1842.

274 3816 348 3887 (o)
387 3819 894 3891 [interpretationem
932 3818 1155 3872 latinam
1190 3812 1563 3870 adornandum
1595 3812 1929 3874 curavimus,
1963 3808 2122 3863 Εωτ.
2156 3806 2331 3862 Pun.

2990 4005 3422 4023 -ι--ι--ῄ

307 4167 425 4229 EX
494 4169 572 4232 P.
632 4166 1072 4242 LAMBECII,
1124 4155 2545 4302 COMMEN'l‘AR23N%€rS?IBLIOTHECA
2606 4151 3006 4219 C/ESAREA
3079 4148 3359 4216 VINDO-

1868 4267 1889 4301 1.
2013 4289 2026 4302 ι

1868 4267 2026 4303 Πολ.

1347 4393 1476 4458 (Lib.
1507 4407 1575 4451 ιιι,
1607 4399 1640 4442 t.
1666 4407 1714 4455 p.
1740 4392 1825 4452 llI,
1855 4407 1904 4456 p.
1925 4393 2010 4442 201
2041 4393 2122 4442 ed.
2147 4391 2356 4449 Kollar.)

1808 4551 1878 4565 .‘

277 4655 456 4722 Codex
494 4677 584 4726 LV,
616 4661 862 4726 Graecus,
894 4664 1368 4729 membranaceus,
1400 4663 1820 4734 antiquissimus
1844 4702 1860 4727 ,
1898 4662 2116 4732 optimae
2164 4664 2328 4723 noue,
2357 4654 2613 4718 iii-folio,
2647 4657 2967 4720 constatque
2998 4646 3144 4702 foliis
3170 4641 3278 4699 249
3318 4645 3373 4696 et
3399 4638 3470 4695 ab

215 4749 275 4806 A.
313 4753 620 4814 Busbeckio
644 4758 775 4814 olim
805 4758 907 4814 iuit
935 4768 1284 4829 comparatus
1315 4759 1813 4828 Constantinopoli.
1850 4756 2220 4813 Continentur
2249 4767 2316 4808 eo
2343 4750 2459 4805 haec
2489 4768 2509 4803 :

278 4845 322 4900 Δ
355 4847 451 4903 fol.
482 4851 536 4918 1,
567 4866 742 4922 usque
772 4852 839 4906 ad
871 4851 964 4908 l'ol.
996 4851 1086 4906 61.
1116 4850 1336 4908 Eusebii
1362 4851 1628 4923 Pamphili
1657 4853 1921 4908 Caesareae
1951 4852 2005 4905 in
2039 4846 2330 4903 Palaestina
2363 4841 2609 4916 episcopi
2660 4838 2809 4894 Libri
2868 4846 3098 4909 quatuor
3146 4832 3468 4903 Eclogarum

215 4923 629 5006 propheticarum
652 4941 716 4998 de
739 4941 972 5006 Christo,
997 4943 1308 5000 Arianismo
1338 4942 1547 5008 iniecti,
1584 4951 1638 4999 et
1671 4944 1936 4999 hactenus
1983 4941 2194 4996 inediti.

284 5029 350 5087 In
381 5051 534 5103 quem
573 5037 744 5092 locum
771 5044 1157 5092 commentatus
1182 5037 1376 5093 esthoc
1401 5037 1554 5092 modo
1587 5035 1866 5092 Kollarias
1897 5051 1916 5090 :

281 5123 355 5182 De
382 5097 604 5184 ineditis
633 5127 900 5184 hactenus
929 5135 1166 5198 quatuor
1195 5128 1348 5184 hisce
1372 5127 1589 5184 Eusebii
1617 5127 1887 5198 Pamphili
1923 5097 2088 5182 librisl
2127 5123 2407 5196 copiosius
2436 5120 2566 5176 alibi
2597 5121 2708 5191 egit
2740 5115 3100 5179 Lambecius;
3135 5126 3256 5183 qua:
3284 5105 3469 5164 omnia

216 5231 354 5272 nunc
384 5220 664 5290 colligere,
698 5228 754 5275 et
782 5235 1062 5275 sacrarum
1084 5220 1387 5275 litterarum
1417 5220 1590 5290 gratia
1620 5221 1673 5274 in
1704 5235 1933 5276 examen
1958 5233 2158 5275 vocare
2182 5227 2452 5288 satagam.
2486 5209 2601 5266 Sub
2635 5209 2794 5264 linem
2830 5207 2960 5262 tomi
2993 5202 3139 5262 tertii
3167 5205 3470 5273 Apparatus

215 5309 297 5364 sui
329 5313 474 5376 sacri
501 5315 817 5385 vulgaverat
845 5315 976 5369 olim
1003 5313 1336 5370 Possevinus
1368 5314 1675 5385 catalogum
1720 5314 2085 5385 quorumdam
2129 5310 2634 5381 manuscriptorum
2684 5309 3020 5365 nostrorum,
3057 5300 3216 5368 cujus
3242 5301 3468 5352 exstan-

217 5403 350 5460 tiora
376 5415 559 5463 errata
585 5408 934 5465 emendatum
963 5408 1075 5464 ibat
1097 5405 1418 5464 Lambecius
1444 5407 1737 5464 Comment.
1777 5409 1873 5464 lib.
1908 5425 1948 5473 ι,
1975 5425 2029 5478 p.
2057 5406 2185 5462 2H.
2237 5423 2256 5457 ‹
2294 5403 2354 5458 In
2379 5403 2570 5460 eodem
2602 5395 2886 5454 Possevini
2911 5393 3159 5462 catalogo
3189 5390 3368 5444 littera
3388 5385 3458 5452 ὗ,

217 5495 355 5553 inter
392 5507 588 5556 caetera
617 5502 875 5572 leguntur
913 5500 1194 5572 sequentia
1229 5515 1242 5554 :
1287 5498 1502 5556 ercus
1549 5500 1711 5555 eodem
1751 5499 1968 5555 mutilus
2000 5508 2140 5554 lotus
2166 5496 2527 5553 enarrationes
2553 5491 2747 5545 habens
2778 5491 2833 5543 in
2855 5486 3056 5556 aliquot
3102 5483 3277 5552 capita
3306 5478 3471 5535 Gene-

215 5591 310 5644 sis.
350 5611 369 5645 ι
403 5593 538 5660 Quae
578 5594 903 5652 Lambecius
953 5595 1160 5668 virgula
1206 5595 1457 5652 censoria
1510 5594 1733 5657 feriens,
1765 5592 1954 5647 codice
1989 5591 2084 5646 illo
2109 5589 2334 5646 Eusebii
2375 5586 2646 5660 Pamphili
2695 5582 3017 5653 Eclogarum
3046 5575 3470 5648 propheticum»:

217 5681 382 5742 libros
416 5687 684 5744 contineri
714 5688 940 5758 pulchre
982 5690 1258 5746 ostendit:
1290 5690 1362 5746 ob
1388 5689 1532 5760 quod
1562 5687 1824 5745 indicium
1868 5686 2081 5742 laudem
2118 5685 2364 5757 proiecto
2392 5683 2748 5740 commeritus
2785 5677 2979 5734 fuisset
3021 5691 3133 5731 non
3165 5672 3465 5759 vulgarem.

222 5779 289 5854 si,
320 5783 482 5852 gnavi
517 5793 570 5842 et
593 5781 796 5846 eruditi
822 5782 1000 5840 critici
1029 5799 1256 5842 munere
1294 5783 1538 5853 iunctus,
1573 5781 1792 5841 invictis
1827 5781 2164 5851 argumentis
2192 5783 2463 5835 assertum
2499 5790 2671 5835 suum
2707 5770 3072 5835 astruxisset,
3110 5764 3310 5838 quibus
3352 5771 3465 5819 tum
