  <div class='ocr_page' id='page_1' title='image "/cluster/home/n/w/nwhite01/storage/ocr_20150623/22/mdp.39015078384388/527.png"; bbox 0 0 3868 6264; ppageno 0'>
   <div class='ocr_carea' id='block_1_1' title="bbox 440 284 3619 354">
    <p class='ocr_par' dir='ltr' id='par_1_1' title="bbox 440 284 3619 354">
     <span class='ocr_line' id='line_1_1' title="bbox 440 284 3619 354; baseline -0.002 -4"><span class='ocrx_word' id='word_1_1' title='bbox 440 297 578 354; x_wconf 68' lang='grc'><strong>1019</strong></span> <span class='ocrx_word' id='word_1_2' title='bbox 1109 288 1375 347; x_wconf 78' lang='lat' dir='ltr'><strong>EUSEBII</strong></span> <span class='ocrx_word' id='word_1_3' title='bbox 1411 287 1892 344; x_wconf 67' lang='lat' dir='ltr'><strong>CESARIENSIS</strong></span> <span class='ocrx_word' id='word_1_4' title='bbox 1929 287 2078 344; x_wconf 86' lang='lat' dir='ltr'><strong>OPP.</strong></span> <span class='ocrx_word' id='word_1_5' title='bbox 2118 287 2300 343; x_wconf 79' lang='lat' dir='ltr'><strong>PARS</strong></span> <span class='ocrx_word' id='word_1_6' title='bbox 2336 286 2426 343; x_wconf 90' lang='lat' dir='ltr'><strong>Ill.</strong></span> <span class='ocrx_word' id='word_1_7' title='bbox 2466 316 2534 326; x_wconf 89' lang='lat'><strong>—</strong></span> <span class='ocrx_word' id='word_1_8' title='bbox 2573 284 2981 342; x_wconf 77' lang='lat' dir='ltr'><strong>EXEGETICA.</strong></span> <span class='ocrx_word' id='word_1_9' title='bbox 3511 291 3619 346; x_wconf 61' lang='lat'><strong>{0‘30</strong></span> 
     </span>
    </p>
   </div>
   <div class='ocr_carea' id='block_1_2' title="bbox 441 408 3622 495">
    <p class='ocr_par' dir='ltr' id='par_1_2' title="bbox 441 408 3622 495">
     <span class='ocr_line' id='line_1_2' title="bbox 441 408 3622 495; baseline -0.002 -24"><span class='ocrx_word' id='word_1_10' title='bbox 441 421 672 474; x_wconf 66' lang='lat' dir='ltr'><strong>uraxime</strong></span> <span class='ocrx_word' id='word_1_11' title='bbox 697 434 832 488; x_wconf 86' lang='lat' dir='ltr'><strong>opus</strong></span> <span class='ocrx_word' id='word_1_12' title='bbox 859 427 960 480; x_wconf 90' lang='lat' dir='ltr'><strong>est,</strong></span> <span class='ocrx_word' id='word_1_13' title='bbox 993 432 1118 469; x_wconf 87' lang='lat' dir='ltr'><strong>cum</strong></span> <span class='ocrx_word' id='word_1_14' title='bbox 1155 415 1224 468; x_wconf 93' lang='lat' dir='ltr'><strong>de</strong></span> <span class='ocrx_word' id='word_1_15' title='bbox 1251 412 1636 482; x_wconf 88' lang='lat' dir='ltr'><strong>anepigraphis</strong></span> <span class='ocrx_word' id='word_1_16' title='bbox 1667 410 2002 490; x_wconf 82' lang='lat' dir='ltr'><strong>perditisque</strong></span> <span class='ocrx_word' id='word_1_17' title='bbox 2031 412 2308 495; x_wconf 83' lang='lat' dir='ltr'><strong>operibus.</strong></span> <span class='ocrx_word' id='word_1_18' title='bbox 2338 410 2636 482; x_wconf 86' lang='lat' dir='ltr'><strong>percelebri</strong></span> <span class='ocrx_word' id='word_1_19' title='bbox 2678 408 2892 464; x_wconf 85' lang='lat' dir='ltr'><strong>cuidam</strong></span> <span class='ocrx_word' id='word_1_20' title='bbox 2926 409 3178 477; x_wconf 86' lang='lat' dir='ltr'><strong>scriptort</strong></span> <span class='ocrx_word' id='word_1_21' title='bbox 3212 408 3510 474; x_wconf 71' lang='lat' dir='ltr'><strong>tribuendis,</strong></span> <span class='ocrx_word' id='word_1_22' title='bbox 3532 413 3622 481; x_wconf 74' lang='lat' dir='ltr'><strong>agi-</strong></span> 
     </span>
    </p>
   </div>
   <div class='ocr_carea' id='block_1_3' title="bbox 439 500 3618 572">
    <p class='ocr_par' dir='ltr' id='par_1_3' title="bbox 439 500 3618 572">
     <span class='ocr_line' id='line_1_3' title="bbox 439 500 3618 572; baseline -0.003 -10"><span class='ocrx_word' id='word_1_23' title='bbox 439 518 547 566; x_wconf 88' lang='lat' dir='ltr'><strong>tur.</strong></span> <span class='ocrx_word' id='word_1_24' title='bbox 590 509 790 565; x_wconf 84' lang='lat' dir='ltr'><strong>Verum</strong></span> <span class='ocrx_word' id='word_1_25' title='bbox 829 509 1104 564; x_wconf 81' lang='lat' dir='ltr'><strong>enimvero</strong></span> <span class='ocrx_word' id='word_1_26' title='bbox 1132 505 1454 560; x_wconf 80' lang='lat' dir='ltr'><strong>Lambecius</strong></span> <span class='ocrx_word' id='word_1_27' title='bbox 1490 503 1658 557; x_wconf 91' lang='lat' dir='ltr'><strong>libros</strong></span> <span class='ocrx_word' id='word_1_28' title='bbox 1688 502 1854 558; x_wconf 89' lang='lat' dir='ltr'><strong>hosce</strong></span> <span class='ocrx_word' id='word_1_29' title='bbox 1895 501 2113 557; x_wconf 80' lang='lat' dir='ltr'><strong>Eusebii</strong></span> <span class='ocrx_word' id='word_1_30' title='bbox 2143 500 2410 572; x_wconf 81' lang='lat' dir='ltr'><strong>Pamphili</strong></span> <span class='ocrx_word' id='word_1_31' title='bbox 2440 517 2562 556; x_wconf 89' lang='lat' dir='ltr'><strong>esse</strong></span> <span class='ocrx_word' id='word_1_32' title='bbox 2593 502 2669 555; x_wconf 91' lang='lat' dir='ltr'><strong>ait</strong></span> <span class='ocrx_word' id='word_1_33' title='bbox 2701 502 2770 558; x_wconf 93' lang='lat' dir='ltr'><strong>ob</strong></span> <span class='ocrx_word' id='word_1_34' title='bbox 2800 501 2998 572; x_wconf 79' lang='lat' dir='ltr'><strong>stylum</strong></span> <span class='ocrx_word' id='word_1_35' title='bbox 3029 509 3084 555; x_wconf 89' lang='lat' dir='ltr'><strong>et</strong></span> <span class='ocrx_word' id='word_1_36' title='bbox 3115 500 3413 554; x_wconf 88' lang='lat' dir='ltr'><strong>methodum</strong></span> <span class='ocrx_word' id='word_1_37' title='bbox 3443 505 3618 556; x_wconf 87' lang='lat' dir='ltr'><strong>tractati</strong></span> 
     </span>
    </p>
   </div>
   <div class='ocr_carea' id='block_1_4' title="bbox 440 592 3621 675">
    <p class='ocr_par' dir='ltr' id='par_1_4' title="bbox 440 592 3621 675">
     <span class='ocr_line' id='line_1_4' title="bbox 440 592 3621 675; baseline -0.004 -16"><span class='ocrx_word' id='word_1_38' title='bbox 440 603 744 675; x_wconf 74' lang='lat' dir='ltr'><strong>argumenti</strong></span> <span class='ocrx_word' id='word_1_39' title='bbox 778 621 791 656; x_wconf 92' lang='lat'><strong>:</strong></span> <span class='ocrx_word' id='word_1_40' title='bbox 834 601 1121 665; x_wconf 83' lang='lat' dir='ltr'><strong>familiare,</strong></span> <span class='ocrx_word' id='word_1_41' title='bbox 1151 606 1210 654; x_wconf 88' lang='lat' dir='ltr'><strong>ut</strong></span> <span class='ocrx_word' id='word_1_42' title='bbox 1237 599 1474 663; x_wconf 89' lang='lat' dir='ltr'><strong>videtur,</strong></span> <span class='ocrx_word' id='word_1_43' title='bbox 1496 595 1727 652; x_wconf 91' lang='lat' dir='ltr'><strong>eruditis</strong></span> <span class='ocrx_word' id='word_1_44' title='bbox 1757 594 1940 650; x_wconf 73' lang='lat' dir='ltr'><strong>szeculi</strong></span> <span class='ocrx_word' id='word_1_45' title='bbox 1963 594 2046 649; x_wconf 91' lang='lat' dir='ltr'><strong>sui</strong></span> <span class='ocrx_word' id='word_1_46' title='bbox 2079 603 2482 664; x_wconf 76' lang='lat' dir='ltr'><strong>argumentum,</strong></span> <span class='ocrx_word' id='word_1_47' title='bbox 2517 594 2662 664; x_wconf 84' lang='lat' dir='ltr'><strong>quod</strong></span> <span class='ocrx_word' id='word_1_48' title='bbox 2695 602 2875 648; x_wconf 88' lang='lat' dir='ltr'><strong>tamen</strong></span> <span class='ocrx_word' id='word_1_49' title='bbox 2903 593 3016 663; x_wconf 88' lang='lat' dir='ltr'><strong>jam</strong></span> <span class='ocrx_word' id='word_1_50' title='bbox 3045 592 3250 664; x_wconf 80' lang='lat' dir='ltr'><strong>pridem</strong></span> <span class='ocrx_word' id='word_1_51' title='bbox 3283 593 3621 653; x_wconf 78' lang='lat' dir='ltr'><strong>recentioribus</strong></span> 
     </span>
    </p>
   </div>
   <div class='ocr_carea' id='block_1_5' title="bbox 439 683 3622 766">
    <p class='ocr_par' dir='ltr' id='par_1_5' title="bbox 439 683 3622 766">
     <span class='ocr_line' id='line_1_5' title="bbox 439 683 3622 766; baseline -0.004 -14"><span class='ocrx_word' id='word_1_52' title='bbox 439 697 640 752; x_wconf 84' lang='lat' dir='ltr'><strong>nostris</strong></span> <span class='ocrx_word' id='word_1_53' title='bbox 673 696 841 766; x_wconf 73' lang='lat' dir='ltr'><strong>coepit</strong></span> <span class='ocrx_word' id='word_1_54' title='bbox 863 710 983 751; x_wconf 91' lang='lat' dir='ltr'><strong>esse</strong></span> <span class='ocrx_word' id='word_1_55' title='bbox 1011 700 1350 764; x_wconf 89' lang='lat' dir='ltr'><strong>suspectum,</strong></span> <span class='ocrx_word' id='word_1_56' title='bbox 1375 706 1483 762; x_wconf 90' lang='lat' dir='ltr'><strong>qua</strong></span> <span class='ocrx_word' id='word_1_57' title='bbox 1513 689 1580 747; x_wconf 90' lang='lat' dir='ltr'><strong>de</strong></span> <span class='ocrx_word' id='word_1_58' title='bbox 1613 705 1673 744; x_wconf 91' lang='lat' dir='ltr'><strong>re</strong></span> <span class='ocrx_word' id='word_1_59' title='bbox 1706 689 1808 759; x_wconf 90' lang='lat' dir='ltr'><strong>legi</strong></span> <span class='ocrx_word' id='word_1_60' title='bbox 1842 696 2081 742; x_wconf 78' lang='lat' dir='ltr'><strong>meretur</strong></span> <span class='ocrx_word' id='word_1_61' title='bbox 2108 687 2158 742; x_wconf 79' lang='lat' dir='ltr'><strong>.I.</strong></span> <span class='ocrx_word' id='word_1_62' title='bbox 2191 687 2251 742; x_wconf 91' lang='lat' dir='ltr'><strong>C.</strong></span> <span class='ocrx_word' id='word_1_63' title='bbox 2303 686 2503 758; x_wconf 86' lang='lat' dir='ltr'><strong>Mylius</strong></span> <span class='ocrx_word' id='word_1_64' title='bbox 2531 687 2584 740; x_wconf 90' lang='lat' dir='ltr'><strong>in</strong></span> <span class='ocrx_word' id='word_1_65' title='bbox 2618 686 2945 740; x_wconf 75' lang='lat' dir='ltr'><strong>Bibliotheca</strong></span> <span class='ocrx_word' id='word_1_66' title='bbox 2967 702 3128 740; x_wconf 86' lang='lat' dir='ltr'><strong>anon.</strong></span> <span class='ocrx_word' id='word_1_67' title='bbox 3150 694 3196 738; x_wconf 87' lang='lat' dir='ltr'><strong>et</strong></span> <span class='ocrx_word' id='word_1_68' title='bbox 3229 683 3484 754; x_wconf 65' lang='lat' dir='ltr'><strong>pseudom.</strong></span> <span class='ocrx_word' id='word_1_69' title='bbox 3504 695 3622 752; x_wconf 84' lang='lat' dir='ltr'><strong>parte</strong></span> 
     </span>
    </p>
   </div>
   <div class='ocr_carea' id='block_1_6' title="bbox 440 775 3620 860">
    <p class='ocr_par' dir='ltr' id='par_1_6' title="bbox 440 775 3620 860">
     <span class='ocr_line' id='line_1_6' title="bbox 440 775 3620 860; baseline -0.004 -17"><span class='ocrx_word' id='word_1_70' title='bbox 440 790 612 860; x_wconf 88' lang='lat' dir='ltr'><strong>prima</strong></span> <span class='ocrx_word' id='word_1_71' title='bbox 640 788 1076 852; x_wconf 87' lang='lat' dir='ltr'><strong>schediasmatis,</strong></span> <span class='ocrx_word' id='word_1_72' title='bbox 1113 802 1168 857; x_wconf 93' lang='lat' dir='ltr'><strong>p.</strong></span> <span class='ocrx_word' id='word_1_73' title='bbox 1205 785 1274 840; x_wconf 77' lang='lat'><strong>30</strong></span> <span class='ocrx_word' id='word_1_74' title='bbox 1295 794 1348 840; x_wconf 92' lang='lat' dir='ltr'><strong>et</strong></span> <span class='ocrx_word' id='word_1_75' title='bbox 1379 785 1468 840; x_wconf 84' lang='lat'><strong>58.</strong></span> <span class='ocrx_word' id='word_1_76' title='bbox 1491 814 1562 824; x_wconf 89' lang='lat'><strong><em>—</em></strong></span> <span class='ocrx_word' id='word_1_77' title='bbox 1599 781 1706 837; x_wconf 91' lang='lat' dir='ltr'><strong>Sed</strong></span> <span class='ocrx_word' id='word_1_78' title='bbox 1741 781 2046 850; x_wconf 84' lang='lat' dir='ltr'><strong>argumenti</strong></span> <span class='ocrx_word' id='word_1_79' title='bbox 2078 781 2246 850; x_wconf 84' lang='lat' dir='ltr'><strong>hujus</strong></span> <span class='ocrx_word' id='word_1_80' title='bbox 2272 781 2355 835; x_wconf 90' lang='lat' dir='ltr'><strong>sui</strong></span> <span class='ocrx_word' id='word_1_81' title='bbox 2381 779 2750 833; x_wconf 82' lang='lat' dir='ltr'><strong>infirmitatem</strong></span> <span class='ocrx_word' id='word_1_82' title='bbox 2785 778 3053 848; x_wconf 88' lang='lat' dir='ltr'><strong>persensit</strong></span> <span class='ocrx_word' id='word_1_83' title='bbox 3078 778 3301 847; x_wconf 85' lang='lat' dir='ltr'><strong>ipsemet</strong></span> <span class='ocrx_word' id='word_1_84' title='bbox 3329 775 3620 840; x_wconf 83' lang='lat' dir='ltr'><strong>Lambecius,</strong></span> 
     </span>
    </p>
   </div>
   <div class='ocr_carea' id='block_1_7' title="bbox 435 868 3624 952">
    <p class='ocr_par' dir='ltr' id='par_1_7' title="bbox 435 868 3624 952">
     <span class='ocr_line' id='line_1_7' title="bbox 435 868 3624 952; baseline -0.003 -17"><span class='ocrx_word' id='word_1_85' title='bbox 435 897 598 952; x_wconf 90' lang='lat' dir='ltr'><strong>quam</strong></span> <span class='ocrx_word' id='word_1_86' title='bbox 620 883 784 938; x_wconf 91' lang='lat' dir='ltr'><strong>etiam</strong></span> <span class='ocrx_word' id='word_1_87' title='bbox 817 883 886 936; x_wconf 92' lang='lat' dir='ltr'><strong>ob</strong></span> <span class='ocrx_word' id='word_1_88' title='bbox 915 897 1138 936; x_wconf 86' lang='lat' dir='ltr'><strong>causam</strong></span> <span class='ocrx_word' id='word_1_89' title='bbox 1171 880 1227 935; x_wconf 90' lang='lat' dir='ltr'><strong>in</strong></span> <span class='ocrx_word' id='word_1_90' title='bbox 1262 879 1492 950; x_wconf 86' lang='lat' dir='ltr'><strong>append.</strong></span> <span class='ocrx_word' id='word_1_91' title='bbox 1520 877 1615 933; x_wconf 89' lang='lat' dir='ltr'><strong>lib.</strong></span> <span class='ocrx_word' id='word_1_92' title='bbox 1647 893 1744 931; x_wconf 91' lang='lat' dir='ltr'><strong>vIII</strong></span> <span class='ocrx_word' id='word_1_93' title='bbox 1777 877 2228 940; x_wconf 84' lang='lat' dir='ltr'><strong>additamentum,</strong></span> <span class='ocrx_word' id='word_1_94' title='bbox 2257 875 2575 930; x_wconf 86' lang='lat' dir='ltr'><strong>melioribus</strong></span> <span class='ocrx_word' id='word_1_95' title='bbox 2608 874 2910 928; x_wconf 88' lang='lat' dir='ltr'><strong>rationibus</strong></span> <span class='ocrx_word' id='word_1_96' title='bbox 2939 871 3155 933; x_wconf 91' lang='lat' dir='ltr'><strong>fultum,</strong></span> <span class='ocrx_word' id='word_1_97' title='bbox 3177 868 3336 938; x_wconf 87' lang='lat' dir='ltr'><strong>hujus</strong></span> <span class='ocrx_word' id='word_1_98' title='bbox 3364 869 3458 922; x_wconf 88' lang='lat' dir='ltr'><strong>loci</strong></span> <span class='ocrx_word' id='word_1_99' title='bbox 3487 871 3624 939; x_wconf 79' lang='lat' dir='ltr'><strong>gratia</strong></span> 
     </span>
    </p>
   </div>
   <div class='ocr_carea' id='block_1_8' title="bbox 437 964 3625 1042">
    <p class='ocr_par' dir='ltr' id='par_1_8' title="bbox 437 964 3625 1042">
     <span class='ocr_line' id='line_1_8' title="bbox 437 964 3625 1042; baseline -0.004 -14"><span class='ocrx_word' id='word_1_100' title='bbox 437 974 678 1042; x_wconf 79' lang='lat' dir='ltr'><strong>scripsit.</strong></span> <span class='ocrx_word' id='word_1_101' title='bbox 709 971 766 1026; x_wconf 90' lang='lat' dir='ltr'><strong>In</strong></span> <span class='ocrx_word' id='word_1_102' title='bbox 794 973 960 1028; x_wconf 92' lang='lat' dir='ltr'><strong>hocce</strong></span> <span class='ocrx_word' id='word_1_103' title='bbox 996 973 1368 1027; x_wconf 79' lang='lat' dir='ltr'><strong>additamenta</strong></span> <span class='ocrx_word' id='word_1_104' title='bbox 1399 971 1612 1026; x_wconf 90' lang='lat' dir='ltr'><strong>duabus</strong></span> <span class='ocrx_word' id='word_1_105' title='bbox 1653 969 1810 1026; x_wconf 90' lang='lat' dir='ltr'><strong>novis</strong></span> <span class='ocrx_word' id='word_1_106' title='bbox 1849 969 2156 1024; x_wconf 89' lang='lat' dir='ltr'><strong>rationibus</strong></span> <span class='ocrx_word' id='word_1_107' title='bbox 2202 969 2527 1023; x_wconf 90' lang='lat' dir='ltr'><strong>sententiam</strong></span> <span class='ocrx_word' id='word_1_108' title='bbox 2557 982 2711 1023; x_wconf 90' lang='lat' dir='ltr'><strong>suam</strong></span> <span class='ocrx_word' id='word_1_109' title='bbox 2743 967 3100 1036; x_wconf 88' lang='lat' dir='ltr'><strong>comprobare</strong></span> <span class='ocrx_word' id='word_1_110' title='bbox 3156 964 3372 1025; x_wconf 87' lang='lat' dir='ltr'><strong>studet,</strong></span> <span class='ocrx_word' id='word_1_111' title='bbox 3415 970 3466 1017; x_wconf 86' lang='lat' dir='ltr'><strong>et</strong></span> <span class='ocrx_word' id='word_1_112' title='bbox 3489 964 3625 1033; x_wconf 85' lang='lat' dir='ltr'><strong>prima</strong></span> 
     </span>
    </p>
   </div>
   <div class='ocr_carea' id='block_1_9' title="bbox 436 1057 3626 1137">
    <p class='ocr_par' dir='ltr' id='par_1_9' title="bbox 436 1057 3626 1137">
     <span class='ocr_line' id='line_1_9' title="bbox 436 1057 3626 1137; baseline -0.003 -19"><span class='ocrx_word' id='word_1_113' title='bbox 436 1065 656 1136; x_wconf 83' lang='lat' dir='ltr'><strong>quidem</strong></span> <span class='ocrx_word' id='word_1_114' title='bbox 691 1066 768 1119; x_wconf 84' lang='lat' dir='ltr'><strong>illi</strong></span> <span class='ocrx_word' id='word_1_115' title='bbox 799 1068 866 1120; x_wconf 90' lang='lat' dir='ltr'><strong>ab</strong></span> <span class='ocrx_word' id='word_1_116' title='bbox 893 1067 1123 1137; x_wconf 92' lang='lat' dir='ltr'><strong>ipsomet</strong></span> <span class='ocrx_word' id='word_1_117' title='bbox 1153 1065 1387 1120; x_wconf 92' lang='lat' dir='ltr'><strong>Eusebio</strong></span> <span class='ocrx_word' id='word_1_118' title='bbox 1416 1066 1639 1136; x_wconf 87' lang='lat' dir='ltr'><strong>petitur,</strong></span> <span class='ocrx_word' id='word_1_119' title='bbox 1672 1063 1817 1136; x_wconf 91' lang='lat' dir='ltr'><strong>quod</strong></span> <span class='ocrx_word' id='word_1_120' title='bbox 1851 1064 2109 1118; x_wconf 87' lang='lat' dir='ltr'><strong>nimirum</strong></span> <span class='ocrx_word' id='word_1_121' title='bbox 2143 1064 2188 1119; x_wconf 91' lang='lat' dir='ltr'><strong>is</strong></span> <span class='ocrx_word' id='word_1_122' title='bbox 2241 1064 2410 1118; x_wconf 89' lang='lat' dir='ltr'><strong>libros</strong></span> <span class='ocrx_word' id='word_1_123' title='bbox 2440 1062 2761 1133; x_wconf 86' lang='lat' dir='ltr'><strong>Eclogarum</strong></span> <span class='ocrx_word' id='word_1_124' title='bbox 2791 1059 3210 1131; x_wconf 82' lang='lat' dir='ltr'><strong>propheticarum</strong></span> <span class='ocrx_word' id='word_1_125' title='bbox 3239 1060 3308 1113; x_wconf 86' lang='lat' dir='ltr'><strong>de</strong></span> <span class='ocrx_word' id='word_1_126' title='bbox 3332 1057 3528 1112; x_wconf 84' lang='lat' dir='ltr'><strong>Christo</strong></span> <span class='ocrx_word' id='word_1_127' title='bbox 3553 1073 3626 1126; x_wconf 90' lang='lat' dir='ltr'><strong>pro</strong></span> 
     </span>
    </p>
   </div>
   <div class='ocr_carea' id='block_1_10' title="bbox 437 1150 3626 1228">
    <p class='ocr_par' dir='ltr' id='par_1_10' title="bbox 437 1150 3626 1228">
     <span class='ocr_line' id='line_1_10' title="bbox 437 1150 3626 1228; baseline -0.003 -16"><span class='ocrx_word' id='word_1_128' title='bbox 437 1172 600 1226; x_wconf 92' lang='lat' dir='ltr'><strong>opere</strong></span> <span class='ocrx_word' id='word_1_129' title='bbox 635 1172 734 1212; x_wconf 90' lang='lat' dir='ltr'><strong>suo</strong></span> <span class='ocrx_word' id='word_1_130' title='bbox 771 1158 1139 1228; x_wconf 84' lang='lat' dir='ltr'><strong>designaverit</strong></span> <span class='ocrx_word' id='word_1_131' title='bbox 1171 1157 1313 1211; x_wconf 83' lang='lat' dir='ltr'><strong>Hist.</strong></span> <span class='ocrx_word' id='word_1_132' title='bbox 1356 1157 1539 1212; x_wconf 78' lang='lat' dir='ltr'><strong>eccles.</strong></span> <span class='ocrx_word' id='word_1_133' title='bbox 1571 1173 1611 1220; x_wconf 93' lang='lat' dir='ltr'><strong>I,</strong></span> <span class='ocrx_word' id='word_1_134' title='bbox 1644 1173 1696 1212; x_wconf 92' lang='lat' dir='ltr'><strong>c.</strong></span> <span class='ocrx_word' id='word_1_135' title='bbox 1739 1157 1794 1222; x_wconf 74' lang='lat'><strong>2,</strong></span> <span class='ocrx_word' id='word_1_136' title='bbox 1830 1157 1884 1210; x_wconf 89' lang='lat' dir='ltr'><strong>in</strong></span> <span class='ocrx_word' id='word_1_137' title='bbox 1916 1172 2074 1224; x_wconf 84' lang='lat' dir='ltr'><strong>quem</strong></span> <span class='ocrx_word' id='word_1_138' title='bbox 2123 1157 2301 1210; x_wconf 83' lang='lat' dir='ltr'><strong>locum</strong></span> <span class='ocrx_word' id='word_1_139' title='bbox 2335 1155 2468 1209; x_wconf 86' lang='lat' dir='ltr'><strong>satis</strong></span> <span class='ocrx_word' id='word_1_140' title='bbox 2497 1154 2726 1209; x_wconf 80' lang='lat' dir='ltr'><strong>feliciter</strong></span> <span class='ocrx_word' id='word_1_141' title='bbox 2759 1152 3015 1207; x_wconf 87' lang='lat' dir='ltr'><strong>incidisse</strong></span> <span class='ocrx_word' id='word_1_142' title='bbox 3055 1151 3394 1205; x_wconf 87' lang='lat' dir='ltr'><strong>Lambecium</strong></span> <span class='ocrx_word' id='word_1_143' title='bbox 3422 1165 3500 1204; x_wconf 88' lang='lat' dir='ltr'><strong>res</strong></span> <span class='ocrx_word' id='word_1_144' title='bbox 3538 1150 3626 1218; x_wconf 81' lang='lat' dir='ltr'><strong>ipsa</strong></span> 
     </span>
    </p>
   </div>
   <div class='ocr_carea' id='block_1_11' title="bbox 440 1243 3625 1319">
    <p class='ocr_par' dir='ltr' id='par_1_11' title="bbox 440 1243 3625 1319">
     <span class='ocr_line' id='line_1_11' title="bbox 440 1243 3625 1319; baseline -0.001 -19"><span class='ocrx_word' id='word_1_145' title='bbox 440 1247 660 1312; x_wconf 80' lang='lat' dir='ltr'><strong>fatetur,</strong></span> <span class='ocrx_word' id='word_1_146' title='bbox 685 1251 776 1319; x_wconf 90' lang='lat' dir='ltr'><strong>qui</strong></span> <span class='ocrx_word' id='word_1_147' title='bbox 811 1257 989 1303; x_wconf 85' lang='lat' dir='ltr'><strong>tamen</strong></span> <span class='ocrx_word' id='word_1_148' title='bbox 1026 1250 1444 1319; x_wconf 83' lang='lat' dir='ltr'><strong>haudquaquam</strong></span> <span class='ocrx_word' id='word_1_149' title='bbox 1469 1249 1708 1304; x_wconf 89' lang='lat' dir='ltr'><strong>evicerat</strong></span> <span class='ocrx_word' id='word_1_150' title='bbox 1742 1249 1968 1319; x_wconf 76' lang='lat' dir='ltr'><strong>Eatogas</strong></span> <span class='ocrx_word' id='word_1_151' title='bbox 2005 1248 2224 1304; x_wconf 87' lang='lat' dir='ltr'><strong>Eusebii</strong></span> <span class='ocrx_word' id='word_1_152' title='bbox 2254 1248 2580 1316; x_wconf 72' lang='lat' dir='ltr'><strong>prophetica:</strong></span> <span class='ocrx_word' id='word_1_153' title='bbox 2617 1247 2680 1300; x_wconf 88' lang='lat' dir='ltr'><strong>de</strong></span> <span class='ocrx_word' id='word_1_154' title='bbox 2709 1246 2916 1301; x_wconf 82' lang='lat' dir='ltr'><strong>Christo</strong></span> <span class='ocrx_word' id='word_1_155' title='bbox 2960 1248 3014 1300; x_wconf 90' lang='lat' dir='ltr'><strong>in</strong></span> <span class='ocrx_word' id='word_1_156' title='bbox 3057 1246 3182 1308; x_wconf 88' lang='lat' dir='ltr'><strong>hoc,</strong></span> <span class='ocrx_word' id='word_1_157' title='bbox 3225 1243 3291 1298; x_wconf 91' lang='lat' dir='ltr'><strong>de</strong></span> <span class='ocrx_word' id='word_1_158' title='bbox 3322 1258 3424 1312; x_wconf 92' lang='lat' dir='ltr'><strong>quo</strong></span> <span class='ocrx_word' id='word_1_159' title='bbox 3452 1243 3625 1312; x_wconf 84' lang='lat' dir='ltr'><strong>agitur,</strong></span> 
     </span>
    </p>
   </div>
   <div class='ocr_carea' id='block_1_12' title="bbox 437 1338 3628 1405">
    <p class='ocr_par' dir='ltr' id='par_1_12' title="bbox 437 1338 3628 1405">
     <span class='ocr_line' id='line_1_12' title="bbox 437 1338 3628 1405; baseline -0.002 -6"><span class='ocrx_word' id='word_1_160' title='bbox 437 1343 750 1399; x_wconf 68' lang='lat' dir='ltr'><strong>Caesariano</strong></span> <span class='ocrx_word' id='word_1_161' title='bbox 785 1344 971 1398; x_wconf 89' lang='lat' dir='ltr'><strong>codice</strong></span> <span class='ocrx_word' id='word_1_162' title='bbox 997 1343 1185 1398; x_wconf 91' lang='lat' dir='ltr'><strong>haberi</strong></span> <span class='ocrx_word' id='word_1_163' title='bbox 1220 1363 1233 1398; x_wconf 92' lang='lat'>:</span> <span class='ocrx_word' id='word_1_164' title='bbox 1264 1361 1387 1399; x_wconf 89' lang='lat' dir='ltr'><strong>cum</strong></span> <span class='ocrx_word' id='word_1_165' title='bbox 1424 1345 1657 1400; x_wconf 88' lang='lat' dir='ltr'><strong>testibus</strong></span> <span class='ocrx_word' id='word_1_166' title='bbox 1684 1359 1830 1398; x_wconf 77' lang='lat' dir='ltr'><strong>vau</strong></span> <span class='ocrx_word' id='word_1_167' title='bbox 1859 1350 1912 1398; x_wconf 89' lang='lat' dir='ltr'><strong>et</strong></span> <span class='ocrx_word' id='word_1_168' title='bbox 1944 1358 2112 1396; x_wconf 80' lang='lat' dir='ltr'><strong>vaIII</strong></span> <span class='ocrx_word' id='word_1_169' title='bbox 2141 1344 2422 1398; x_wconf 89' lang='lat' dir='ltr'><strong>codicibus</strong></span> <span class='ocrx_word' id='word_1_170' title='bbox 2455 1359 2563 1398; x_wconf 91' lang='lat' dir='ltr'><strong>non</strong></span> <span class='ocrx_word' id='word_1_171' title='bbox 2597 1345 2770 1398; x_wconf 91' lang='lat' dir='ltr'><strong>solum</strong></span> <span class='ocrx_word' id='word_1_172' title='bbox 2806 1342 3098 1398; x_wconf 83' lang='lat' dir='ltr'><strong>Eusebium</strong></span> <span class='ocrx_word' id='word_1_173' title='bbox 3141 1338 3479 1405; x_wconf 80' lang='grc' dir='ltr'><strong>Ἀποδείξεις</strong></span> <span class='ocrx_word' id='word_1_174' title='bbox 3509 1355 3628 1392; x_wconf 74' lang='lat' dir='ltr'><strong>etan-</strong></span> 
     </span>
    </p>
   </div>
   <div class='ocr_carea' id='block_1_13' title="bbox 437 1431 3629 1505">
    <p class='ocr_par' dir='ltr' id='par_1_13' title="bbox 437 1431 3629 1505">
     <span class='ocr_line' id='line_1_13' title="bbox 437 1431 3629 1505; baseline -0.001 -16"><span class='ocrx_word' id='word_1_175' title='bbox 437 1435 632 1504; x_wconf 80' lang='lat' dir='ltr'><strong>gelicas</strong></span> <span class='ocrx_word' id='word_1_176' title='bbox 657 1435 757 1488; x_wconf 91' lang='lat' dir='ltr'><strong>hac</strong></span> <span class='ocrx_word' id='word_1_177' title='bbox 780 1435 1036 1489; x_wconf 90' lang='lat' dir='ltr'><strong>melhodo</strong></span> <span class='ocrx_word' id='word_1_178' title='bbox 1060 1435 1350 1505; x_wconf 88' lang='lat' dir='ltr'><strong>scripsisse</strong></span> <span class='ocrx_word' id='word_1_179' title='bbox 1383 1443 1619 1489; x_wconf 90' lang='lat' dir='ltr'><strong>constet.</strong></span> <span class='ocrx_word' id='word_1_180' title='bbox 1643 1434 1729 1488; x_wconf 83' lang='lat' dir='ltr'><strong>Ad</strong></span> <span class='ocrx_word' id='word_1_181' title='bbox 1757 1435 1982 1486; x_wconf 84' lang='lat' dir='ltr'><strong>alteram</strong></span> <span class='ocrx_word' id='word_1_182' title='bbox 2007 1434 2273 1487; x_wconf 90' lang='lat' dir='ltr'><strong>rationem</strong></span> <span class='ocrx_word' id='word_1_183' title='bbox 2306 1435 2453 1504; x_wconf 93' lang='lat' dir='ltr'><strong>quod</strong></span> <span class='ocrx_word' id='word_1_184' title='bbox 2486 1435 2710 1497; x_wconf 91' lang='lat' dir='ltr'><strong>attinet,</strong></span> <span class='ocrx_word' id='word_1_185' title='bbox 2759 1449 2823 1487; x_wconf 88' lang='lat' dir='ltr'><strong>ea</strong></span> <span class='ocrx_word' id='word_1_186' title='bbox 2871 1433 3111 1504; x_wconf 86' lang='lat' dir='ltr'><strong>profecto</strong></span> <span class='ocrx_word' id='word_1_187' title='bbox 3139 1431 3309 1502; x_wconf 88' lang='lat' dir='ltr'><strong>priori</strong></span> <span class='ocrx_word' id='word_1_188' title='bbox 3337 1432 3486 1486; x_wconf 89' lang='lat' dir='ltr'><strong>etiam</strong></span> <span class='ocrx_word' id='word_1_189' title='bbox 3515 1431 3629 1486; x_wconf 87' lang='lat' dir='ltr'><strong>intir-</strong></span> 
     </span>
    </p>
   </div>
   <div class='ocr_carea' id='block_1_14' title="bbox 440 1523 3629 1597">
    <p class='ocr_par' dir='ltr' id='par_1_14' title="bbox 440 1523 3629 1597">
     <span class='ocr_line' id='line_1_14' title="bbox 440 1523 3629 1597; baseline -0.001 -17"><span class='ocrx_word' id='word_1_190' title='bbox 440 1529 579 1582; x_wconf 88' lang='lat' dir='ltr'><strong>mior</strong></span> <span class='ocrx_word' id='word_1_191' title='bbox 611 1534 693 1580; x_wconf 90' lang='lat' dir='ltr'><strong>est</strong></span> <span class='ocrx_word' id='word_1_192' title='bbox 719 1543 733 1592; x_wconf 90' lang='lat'><strong>;</strong></span> <span class='ocrx_word' id='word_1_193' title='bbox 766 1541 831 1580; x_wconf 88' lang='lat' dir='ltr'><strong>ex</strong></span> <span class='ocrx_word' id='word_1_194' title='bbox 854 1527 961 1587; x_wconf 83' lang='lat' dir='ltr'><strong>illis</strong></span> <span class='ocrx_word' id='word_1_195' title='bbox 983 1527 1149 1593; x_wconf 90' lang='lat' dir='ltr'><strong>enim,</strong></span> <span class='ocrx_word' id='word_1_196' title='bbox 1183 1542 1305 1597; x_wconf 72' lang='lat' dir='ltr'><strong>qua:</strong></span> <span class='ocrx_word' id='word_1_197' title='bbox 1329 1528 1512 1596; x_wconf 84' lang='lat' dir='ltr'><strong>Operis</strong></span> <span class='ocrx_word' id='word_1_198' title='bbox 1545 1526 1774 1597; x_wconf 87' lang='lat' dir='ltr'><strong>hujusce</strong></span> <span class='ocrx_word' id='word_1_199' title='bbox 1802 1525 2054 1596; x_wconf 88' lang='lat' dir='ltr'><strong>producit</strong></span> <span class='ocrx_word' id='word_1_200' title='bbox 2076 1526 2282 1590; x_wconf 83' lang='lat' dir='ltr'><strong>verbis,</strong></span> <span class='ocrx_word' id='word_1_201' title='bbox 2316 1525 2449 1580; x_wconf 90' lang='lat' dir='ltr'><strong>nihil</strong></span> <span class='ocrx_word' id='word_1_202' title='bbox 2474 1526 2620 1580; x_wconf 89' lang='lat' dir='ltr'><strong>aliud</strong></span> <span class='ocrx_word' id='word_1_203' title='bbox 2647 1527 2925 1596; x_wconf 89' lang='lat' dir='ltr'><strong>conjicias,</strong></span> <span class='ocrx_word' id='word_1_204' title='bbox 2950 1540 3111 1595; x_wconf 91' lang='lat' dir='ltr'><strong>quam</strong></span> <span class='ocrx_word' id='word_1_205' title='bbox 3131 1538 3348 1593; x_wconf 78' lang='lat' dir='ltr'><strong>gravem</strong></span> <span class='ocrx_word' id='word_1_206' title='bbox 3369 1523 3629 1594; x_wconf 82' lang='lat' dir='ltr'><strong>quampiam</strong></span> 
     </span>
    </p>
   </div>
   <div class='ocr_carea' id='block_1_15' title="bbox 439 1616 3632 1691">
    <p class='ocr_par' dir='ltr' id='par_1_15' title="bbox 439 1616 3632 1691">
     <span class='ocr_line' id='line_1_15' title="bbox 439 1616 3632 1691; baseline -0.001 -17"><span class='ocrx_word' id='word_1_207' title='bbox 439 1619 680 1674; x_wconf 84' lang='lat' dir='ltr'><strong>auctoris</strong></span> <span class='ocrx_word' id='word_1_208' title='bbox 712 1634 826 1673; x_wconf 81' lang='lat' dir='ltr'><strong>aevo</strong></span> <span class='ocrx_word' id='word_1_209' title='bbox 847 1621 1138 1675; x_wconf 85' lang='lat' dir='ltr'><strong>excitatam</strong></span> <span class='ocrx_word' id='word_1_210' title='bbox 1168 1623 1628 1691; x_wconf 88' lang='lat' dir='ltr'><strong>persecutionem,</strong></span> <span class='ocrx_word' id='word_1_211' title='bbox 1658 1634 2001 1690; x_wconf 89' lang='lat' dir='ltr'><strong>nequaquam</strong></span> <span class='ocrx_word' id='word_1_212' title='bbox 2029 1634 2161 1674; x_wconf 89' lang='lat' dir='ltr'><strong>vero</strong></span> <span class='ocrx_word' id='word_1_213' title='bbox 2194 1619 2339 1672; x_wconf 88' lang='lat' dir='ltr'><strong>illam</strong></span> <span class='ocrx_word' id='word_1_214' title='bbox 2373 1634 2493 1690; x_wconf 70' lang='lat' dir='ltr'><strong>quae</strong></span> <span class='ocrx_word' id='word_1_215' title='bbox 2529 1636 2620 1675; x_wconf 90' lang='lat' dir='ltr'><strong>an.</strong></span> <span class='ocrx_word' id='word_1_216' title='bbox 2655 1619 2760 1674; x_wconf 76' lang='lat'><strong>50?.</strong></span> <span class='ocrx_word' id='word_1_217' title='bbox 2789 1619 2894 1674; x_wconf 93' lang='lat' dir='ltr'><strong>sub</strong></span> <span class='ocrx_word' id='word_1_218' title='bbox 2925 1619 3092 1689; x_wconf 88' lang='lat' dir='ltr'><strong>impp.</strong></span> <span class='ocrx_word' id='word_1_219' title='bbox 3125 1617 3452 1673; x_wconf 77' lang='lat' dir='ltr'><strong>Diocletiano</strong></span> <span class='ocrx_word' id='word_1_220' title='bbox 3473 1625 3520 1670; x_wconf 90' lang='lat' dir='ltr'><strong>et</strong></span> <span class='ocrx_word' id='word_1_221' title='bbox 3548 1616 3632 1670; x_wconf 78' lang='lat' dir='ltr'><strong>Ma-</strong></span> 
     </span>
    </p>
   </div>
   <div class='ocr_carea' id='block_1_16' title="bbox 447 1709 3633 1783">
    <p class='ocr_par' dir='ltr' id='par_1_16' title="bbox 447 1709 3633 1783">
     <span class='ocr_line' id='line_1_16' title="bbox 447 1709 3633 1783; baseline 0.001 -19"><span class='ocrx_word' id='word_1_222' title='bbox 447 1711 688 1764; x_wconf 81' lang='lat' dir='ltr'><strong>ximiano</strong></span> <span class='ocrx_word' id='word_1_223' title='bbox 721 1710 975 1766; x_wconf 86' lang='lat' dir='ltr'><strong>Herculio</strong></span> <span class='ocrx_word' id='word_1_224' title='bbox 1007 1714 1062 1767; x_wconf 91' lang='lat' dir='ltr'><strong>in</strong></span> <span class='ocrx_word' id='word_1_225' title='bbox 1093 1713 1439 1770; x_wconf 88' lang='lat' dir='ltr'><strong>Christianos</strong></span> <span class='ocrx_word' id='word_1_226' title='bbox 1498 1714 1778 1779; x_wconf 89' lang='lat' dir='ltr'><strong>detonuit,</strong></span> <span class='ocrx_word' id='word_1_227' title='bbox 1831 1713 2066 1767; x_wconf 91' lang='lat' dir='ltr'><strong>Eusebio</strong></span> <span class='ocrx_word' id='word_1_228' title='bbox 2099 1726 2335 1765; x_wconf 68' lang='lat' dir='ltr'><strong>coaavam</strong></span> <span class='ocrx_word' id='word_1_229' title='bbox 2367 1731 2377 1764; x_wconf 94' lang='lat'><strong>:</strong></span> <span class='ocrx_word' id='word_1_230' title='bbox 2413 1728 2550 1783; x_wconf 87' lang='lat' dir='ltr'><strong>quas</strong></span> <span class='ocrx_word' id='word_1_231' title='bbox 2577 1712 2739 1767; x_wconf 90' lang='lat' dir='ltr'><strong>etiam</strong></span> <span class='ocrx_word' id='word_1_232' title='bbox 2789 1712 3029 1782; x_wconf 88' lang='lat' dir='ltr'><strong>aliasque</strong></span> <span class='ocrx_word' id='word_1_233' title='bbox 3062 1711 3370 1781; x_wconf 89' lang='lat' dir='ltr'><strong>persimiles</strong></span> <span class='ocrx_word' id='word_1_234' title='bbox 3390 1709 3455 1764; x_wconf 87' lang='lat' dir='ltr'><strong>ob</strong></span> <span class='ocrx_word' id='word_1_235' title='bbox 3479 1724 3633 1766; x_wconf 82' lang='lat' dir='ltr'><strong>causas</strong></span> 
     </span>
    </p>
   </div>
   <div class='ocr_carea' id='block_1_17' title="bbox 415 1801 3631 1882">
    <p class='ocr_par' dir='ltr' id='par_1_17' title="bbox 415 1801 3631 1882">
     <span class='ocr_line' id='line_1_17' title="bbox 415 1801 3631 1882; baseline -0.002 -22"><span class='ocrx_word' id='word_1_236' title='bbox 415 1822 550 1880; x_wconf 49' lang='lat' dir='ltr'><strong>lnon</strong></span> <span class='ocrx_word' id='word_1_237' title='bbox 581 1807 870 1862; x_wconf 85' lang='lat' dir='ltr'><strong>defuerunt</strong></span> <span class='ocrx_word' id='word_1_238' title='bbox 901 1810 1000 1863; x_wconf 90' lang='lat' dir='ltr'><strong>viri</strong></span> <span class='ocrx_word' id='word_1_239' title='bbox 1031 1810 1199 1874; x_wconf 90' lang='lat' dir='ltr'><strong>docti,</strong></span> <span class='ocrx_word' id='word_1_240' title='bbox 1233 1813 1324 1880; x_wconf 91' lang='lat' dir='ltr'><strong>qui</strong></span> <span class='ocrx_word' id='word_1_241' title='bbox 1370 1827 1508 1882; x_wconf 92' lang='lat' dir='ltr'><strong>opus</strong></span> <span class='ocrx_word' id='word_1_242' title='bbox 1552 1813 1655 1866; x_wconf 92' lang='lat' dir='ltr'><strong>hoc</strong></span> <span class='ocrx_word' id='word_1_243' title='bbox 1711 1821 1960 1868; x_wconf 90' lang='lat' dir='ltr'><strong>nostrum</strong></span> <span class='ocrx_word' id='word_1_244' title='bbox 2014 1809 2252 1863; x_wconf 90' lang='lat' dir='ltr'><strong>Eusebio</strong></span> <span class='ocrx_word' id='word_1_245' title='bbox 2291 1807 2557 1877; x_wconf 88' lang='lat' dir='ltr'><strong>Pamphili</strong></span> <span class='ocrx_word' id='word_1_246' title='bbox 2606 1808 2678 1863; x_wconf 94' lang='lat' dir='ltr'><strong>ob</strong></span> <span class='ocrx_word' id='word_1_247' title='bbox 2708 1807 2944 1864; x_wconf 90' lang='lat' dir='ltr'><strong>nominis</strong></span> <span class='ocrx_word' id='word_1_248' title='bbox 2987 1805 3354 1861; x_wconf 87' lang='lat' dir='ltr'><strong>celebritatem</strong></span> <span class='ocrx_word' id='word_1_249' title='bbox 3403 1801 3631 1857; x_wconf 88' lang='lat' dir='ltr'><strong>subditum</strong></span> 
     </span>
    </p>
   </div>
   <div class='ocr_carea' id='block_1_18' title="bbox 439 1895 3629 1974">
    <p class='ocr_par' dir='ltr' id='par_1_18' title="bbox 439 1895 3629 1974">
     <span class='ocr_line' id='line_1_18' title="bbox 439 1895 3629 1974; baseline -0.002 -20"><span class='ocrx_word' id='word_1_250' title='bbox 439 1901 904 1974; x_wconf 85' lang='lat' dir='ltr'><strong>substitutumque</strong></span> <span class='ocrx_word' id='word_1_251' title='bbox 931 1920 1052 1959; x_wconf 90' lang='lat' dir='ltr'><strong>esse</strong></span> <span class='ocrx_word' id='word_1_252' title='bbox 1083 1905 1347 1960; x_wconf 90' lang='lat' dir='ltr'><strong>dicerent.</strong></span> <span class='ocrx_word' id='word_1_253' title='bbox 1374 1905 1626 1962; x_wconf 91' lang='lat' dir='ltr'><strong>Oudinus</strong></span> <span class='ocrx_word' id='word_1_254' title='bbox 1659 1916 1808 1962; x_wconf 92' lang='lat' dir='ltr'><strong>certe</strong></span> <span class='ocrx_word' id='word_1_255' title='bbox 1831 1905 2212 1961; x_wconf 81' lang='lat' dir='ltr'><strong>Commentarii</strong></span> <span class='ocrx_word' id='word_1_256' title='bbox 2243 1903 2327 1960; x_wconf 90' lang='lat' dir='ltr'><strong>sui</strong></span> <span class='ocrx_word' id='word_1_257' title='bbox 2361 1911 2400 1956; x_wconf 92' lang='lat' dir='ltr'><strong>t.</strong></span> <span class='ocrx_word' id='word_1_258' title='bbox 2427 1903 2467 1969; x_wconf 92' lang='lat' dir='ltr'><strong>I,</strong></span> <span class='ocrx_word' id='word_1_259' title='bbox 2499 1904 2602 1958; x_wconf 91' lang='lat' dir='ltr'><strong>col.</strong></span> <span class='ocrx_word' id='word_1_260' title='bbox 2627 1903 2750 1967; x_wconf 74' lang='lat'><strong>314,</strong></span> <span class='ocrx_word' id='word_1_261' title='bbox 2783 1902 3023 1958; x_wconf 89' lang='lat' dir='ltr'><strong>scribere</strong></span> <span class='ocrx_word' id='word_1_262' title='bbox 3051 1915 3157 1954; x_wconf 90' lang='lat' dir='ltr'><strong>non</strong></span> <span class='ocrx_word' id='word_1_263' title='bbox 3195 1897 3486 1952; x_wconf 85' lang='lat' dir='ltr'><strong>dubitavit:</strong></span> <span class='ocrx_word' id='word_1_264' title='bbox 3519 1915 3535 1948; x_wconf 73' lang='grc' dir='ltr'>ι</span> <span class='ocrx_word' id='word_1_265' title='bbox 3563 1895 3629 1958; x_wconf 78' lang='lat' dir='ltr'><strong>At,</strong></span> 
     </span>
    </p>
   </div>
   <div class='ocr_carea' id='block_1_19' title="bbox 441 1992 3628 2067">
    <p class='ocr_par' dir='ltr' id='par_1_19' title="bbox 441 1992 3628 2067">
     <span class='ocr_line' id='line_1_19' title="bbox 441 1992 3628 2067; baseline -0.001 -21"><span class='ocrx_word' id='word_1_266' title='bbox 441 1993 638 2064; x_wconf 89' lang='lat' dir='ltr'><strong>inquit,</strong></span> <span class='ocrx_word' id='word_1_267' title='bbox 668 1997 850 2050; x_wconf 91' lang='lat' dir='ltr'><strong>nullus</strong></span> <span class='ocrx_word' id='word_1_268' title='bbox 885 1995 1096 2060; x_wconf 89' lang='lat' dir='ltr'><strong>dubito,</strong></span> <span class='ocrx_word' id='word_1_269' title='bbox 1129 1999 1261 2067; x_wconf 90' lang='lat' dir='ltr'><strong>quin</strong></span> <span class='ocrx_word' id='word_1_270' title='bbox 1284 2014 1452 2067; x_wconf 85' lang='lat' dir='ltr'><strong>opera</strong></span> <span class='ocrx_word' id='word_1_271' title='bbox 1482 2001 1586 2054; x_wconf 91' lang='lat' dir='ltr'><strong>ista</strong></span> <span class='ocrx_word' id='word_1_272' title='bbox 1617 1999 1873 2064; x_wconf 92' lang='lat' dir='ltr'><strong>Eusebio,</strong></span> <span class='ocrx_word' id='word_1_273' title='bbox 1899 2000 1970 2054; x_wconf 91' lang='lat' dir='ltr'><strong>ob</strong></span> <span class='ocrx_word' id='word_1_274' title='bbox 1997 1997 2236 2054; x_wconf 89' lang='lat' dir='ltr'><strong>nominis</strong></span> <span class='ocrx_word' id='word_1_275' title='bbox 2286 1998 2484 2052; x_wconf 89' lang='lat' dir='ltr'><strong>famam</strong></span> <span class='ocrx_word' id='word_1_276' title='bbox 2531 1996 2911 2067; x_wconf 80' lang='lat' dir='ltr'><strong>celeberrimo,</strong></span> <span class='ocrx_word' id='word_1_277' title='bbox 2950 1993 3248 2050; x_wconf 88' lang='lat' dir='ltr'><strong>substituta</strong></span> <span class='ocrx_word' id='word_1_278' title='bbox 3282 1992 3428 2046; x_wconf 86' lang='lat' dir='ltr'><strong>sint:</strong></span> <span class='ocrx_word' id='word_1_279' title='bbox 3475 2005 3628 2059; x_wconf 87' lang='lat' dir='ltr'><strong>neque,</strong></span> 
     </span>
    </p>
   </div>
   <div class='ocr_carea' id='block_1_20' title="bbox 439 2081 3628 2160">
    <p class='ocr_par' dir='ltr' id='par_1_20' title="bbox 439 2081 3628 2160">
     <span class='ocr_line' id='line_1_20' title="bbox 439 2081 3628 2160; baseline -0.002 -22"><span class='ocrx_word' id='word_1_280' title='bbox 439 2083 488 2138; x_wconf 92' lang='lat' dir='ltr'><strong>si</strong></span> <span class='ocrx_word' id='word_1_281' title='bbox 517 2099 642 2139; x_wconf 89' lang='lat' dir='ltr'><strong>vera</strong></span> <span class='ocrx_word' id='word_1_282' title='bbox 692 2085 944 2151; x_wconf 84' lang='lat' dir='ltr'><strong>fuissent,</strong></span> <span class='ocrx_word' id='word_1_283' title='bbox 977 2085 1300 2142; x_wconf 89' lang='lat' dir='ltr'><strong>Lambecius</strong></span> <span class='ocrx_word' id='word_1_284' title='bbox 1330 2091 1398 2144; x_wconf 91' lang='lat' dir='ltr'><strong>ab</strong></span> <span class='ocrx_word' id='word_1_285' title='bbox 1427 2090 1746 2160; x_wconf 87' lang='lat' dir='ltr'><strong>evulgandis</strong></span> <span class='ocrx_word' id='word_1_286' title='bbox 1773 2091 2152 2152; x_wconf 89' lang='lat' dir='ltr'><strong>abstinuisset,</strong></span> <span class='ocrx_word' id='word_1_287' title='bbox 2176 2093 2268 2159; x_wconf 89' lang='lat' dir='ltr'><strong>qui</strong></span> <span class='ocrx_word' id='word_1_288' title='bbox 2300 2088 2529 2142; x_wconf 89' lang='lat' dir='ltr'><strong>minoris</strong></span> <span class='ocrx_word' id='word_1_289' title='bbox 2567 2088 2722 2157; x_wconf 83' lang='lat' dir='ltr'><strong>longe</strong></span> <span class='ocrx_word' id='word_1_290' title='bbox 2756 2085 3014 2140; x_wconf 88' lang='lat' dir='ltr'><strong>momenti</strong></span> <span class='ocrx_word' id='word_1_291' title='bbox 3063 2085 3365 2154; x_wconf 89' lang='lat' dir='ltr'><strong>fragmenta</strong></span> <span class='ocrx_word' id='word_1_292' title='bbox 3403 2081 3507 2137; x_wconf 88' lang='lat' dir='ltr'><strong>suis</strong></span> <span class='ocrx_word' id='word_1_293' title='bbox 3533 2095 3628 2135; x_wconf 76' lang='lat' dir='ltr'><strong>cum</strong></span> 
     </span>
    </p>
   </div>
   <div class='ocr_carea' id='block_1_21' title="bbox 417 2172 3632 2256">
    <p class='ocr_par' dir='ltr' id='par_1_21' title="bbox 417 2172 3632 2256">
     <span class='ocr_line' id='line_1_21' title="bbox 417 2172 3632 2256; baseline -0 -26"><span class='ocrx_word' id='word_1_294' title='bbox 417 2179 696 2247; x_wconf 84' lang='lat' dir='ltr'><strong>&#39;scrupulo</strong></span> <span class='ocrx_word' id='word_1_295' title='bbox 723 2179 971 2235; x_wconf 89' lang='lat' dir='ltr'><strong>inseruit.</strong></span> <span class='ocrx_word' id='word_1_296' title='bbox 1016 2201 1034 2233; x_wconf 88' lang='grc'><strong>›</strong></span> <span class='ocrx_word' id='word_1_297' title='bbox 1070 2180 1196 2236; x_wconf 71' lang='lat' dir='ltr'><strong>Ilaec</strong></span> <span class='ocrx_word' id='word_1_298' title='bbox 1222 2183 1345 2238; x_wconf 89' lang='lat' dir='ltr'><strong>ille:</strong></span> <span class='ocrx_word' id='word_1_299' title='bbox 1384 2184 1438 2237; x_wconf 92' lang='lat' dir='ltr'><strong>in</strong></span> <span class='ocrx_word' id='word_1_300' title='bbox 1469 2186 1628 2254; x_wconf 85' lang='lat' dir='ltr'><strong>cujus</strong></span> <span class='ocrx_word' id='word_1_301' title='bbox 1649 2201 1833 2240; x_wconf 91' lang='lat' dir='ltr'><strong>errore</strong></span> <span class='ocrx_word' id='word_1_302' title='bbox 1871 2201 1958 2241; x_wconf 92' lang='lat' dir='ltr'><strong>me</strong></span> <span class='ocrx_word' id='word_1_303' title='bbox 1987 2200 2206 2256; x_wconf 90' lang='lat' dir='ltr'><strong>quoque</strong></span> <span class='ocrx_word' id='word_1_304' title='bbox 2229 2181 2616 2252; x_wconf 89' lang='lat' dir='ltr'><strong>complusculis</strong></span> <span class='ocrx_word' id='word_1_305' title='bbox 2645 2181 2806 2235; x_wconf 88' lang='lat' dir='ltr'><strong>annis</strong></span> <span class='ocrx_word' id='word_1_306' title='bbox 2837 2179 3058 2234; x_wconf 71' lang='lat' dir='ltr'><strong>haesisse</strong></span> <span class='ocrx_word' id='word_1_307' title='bbox 3086 2180 3320 2249; x_wconf 83' lang='lat' dir='ltr'><strong>ingenue</strong></span> <span class='ocrx_word' id='word_1_308' title='bbox 3347 2176 3521 2230; x_wconf 87' lang='lat' dir='ltr'><strong>fateor.</strong></span> <span class='ocrx_word' id='word_1_309' title='bbox 3551 2172 3632 2227; x_wconf 77' lang='lat' dir='ltr'><strong>Sed</strong></span> 
     </span>
    </p>
   </div>
   <div class='ocr_carea' id='block_1_22' title="bbox 437 2269 1862 2345">
    <p class='ocr_par' dir='ltr' id='par_1_22' title="bbox 437 2269 1862 2345">
     <span class='ocr_line' id='line_1_22' title="bbox 437 2269 1862 2345; baseline 0.004 -19"><span class='ocrx_word' id='word_1_310' title='bbox 437 2269 584 2328; x_wconf 88' lang='lat' dir='ltr'><strong>enim</strong></span> <span class='ocrx_word' id='word_1_311' title='bbox 614 2273 894 2329; x_wconf 88' lang='lat' dir='ltr'><strong>verissima</strong></span> <span class='ocrx_word' id='word_1_312' title='bbox 930 2283 1014 2330; x_wconf 93' lang='lat' dir='ltr'><strong>est</strong></span> <span class='ocrx_word' id='word_1_313' title='bbox 1048 2274 1137 2328; x_wconf 91' lang='lat' dir='ltr'><strong>illa</strong></span> <span class='ocrx_word' id='word_1_314' title='bbox 1163 2273 1516 2345; x_wconf 80' lang='lat' dir='ltr'><strong>Xenophanis</strong></span> <span class='ocrx_word' id='word_1_315' title='bbox 1556 2281 1823 2333; x_wconf 89' lang='lat' dir='ltr'><strong>sententia</strong></span> <span class='ocrx_word' id='word_1_316' title='bbox 1847 2318 1862 2344; x_wconf 93' lang='lat'><strong>,</strong></span> 
     </span>
    </p>
   </div>
   <div class='ocr_carea' id='block_1_23' title="bbox 1311 2386 2875 2458">
    <p class='ocr_par' dir='ltr' id='par_1_23' title="bbox 1311 2386 2875 2458">
     <span class='ocr_line' id='line_1_23' title="bbox 1311 2386 2875 2458; baseline -0.001 -18"><span class='ocrx_word' id='word_1_317' title='bbox 1311 2389 1392 2442; x_wconf 83' lang='grc' dir='ltr'><strong>Οὔ</strong></span> <span class='ocrx_word' id='word_1_318' title='bbox 1423 2406 1510 2442; x_wconf 81' lang='grc' dir='ltr'><strong>τοι</strong></span> <span class='ocrx_word' id='word_1_319' title='bbox 1541 2389 1638 2442; x_wconf 78' lang='grc' dir='ltr'><strong>ἀπ’</strong></span> <span class='ocrx_word' id='word_1_320' title='bbox 1673 2389 1864 2458; x_wconf 80' lang='grc' dir='ltr'><strong>ἀρχῆς</strong></span> <span class='ocrx_word' id='word_1_321' title='bbox 1893 2390 2089 2443; x_wconf 74' lang='grc' dir='ltr'><em>πάντα</em></span> <span class='ocrx_word' id='word_1_322' title='bbox 2123 2389 2239 2443; x_wconf 82' lang='grc' dir='ltr'><strong>θεοὶ</strong></span> <span class='ocrx_word' id='word_1_323' title='bbox 2266 2388 2502 2454; x_wconf 77' lang='grc' dir='ltr'><strong>θνητοῖς</strong></span> <span class='ocrx_word' id='word_1_324' title='bbox 2539 2386 2875 2450; x_wconf 78' lang='grc' dir='ltr'><strong>ἀπέδειξαν,</strong></span> 
     </span>
    </p>
   </div>
   <div class='ocr_carea' id='block_1_24' title="bbox 1332 2458 2868 2528">
    <p class='ocr_par' dir='ltr' id='par_1_24' title="bbox 1332 2458 2868 2528">
     <span class='ocr_line' id='line_1_24' title="bbox 1332 2458 2868 2528; baseline -0.001 -16"><span class='ocrx_word' id='word_1_325' title='bbox 1332 2459 1519 2512; x_wconf 77' lang='grc' dir='ltr'><strong>Ἀλλὰ</strong></span> <span class='ocrx_word' id='word_1_326' title='bbox 1548 2463 1743 2528; x_wconf 77' lang='grc' dir='ltr'><strong>χρόνῳ</strong></span> <span class='ocrx_word' id='word_1_327' title='bbox 1775 2460 2088 2527; x_wconf 42' lang='lat' dir='ltr'><strong>(moi/Irae</strong></span> <span class='ocrx_word' id='word_1_328' title='bbox 2112 2460 2580 2528; x_wconf 64' lang='grc' dir='ltr'><strong>ἐφειζρίσκουσιν</strong></span> <span class='ocrx_word' id='word_1_329' title='bbox 2608 2458 2868 2526; x_wconf 69' lang='grc' dir='ltr'><strong>ἄμεινον.</strong></span> 
     </span>
    </p>
   </div>
   <div class='ocr_carea' id='block_1_25' title="bbox 442 2568 3628 2644">
    <p class='ocr_par' dir='ltr' id='par_1_25' title="bbox 442 2568 3628 2644">
     <span class='ocr_line' id='line_1_25' title="bbox 442 2568 3628 2644; baseline 0 -21"><span class='ocrx_word' id='word_1_330' title='bbox 442 2568 572 2625; x_wconf 82' lang='lat' dir='ltr'><strong>Nam</strong></span> <span class='ocrx_word' id='word_1_331' title='bbox 598 2585 720 2625; x_wconf 90' lang='lat' dir='ltr'><strong>cum</strong></span> <span class='ocrx_word' id='word_1_332' title='bbox 749 2571 837 2626; x_wconf 91' lang='lat' dir='ltr'><strong>die</strong></span> <span class='ocrx_word' id='word_1_333' title='bbox 874 2572 1106 2643; x_wconf 88' lang='lat' dir='ltr'><strong>quadam</strong></span> <span class='ocrx_word' id='word_1_334' title='bbox 1143 2573 1387 2627; x_wconf 88' lang='lat' dir='ltr'><strong>codicem</strong></span> <span class='ocrx_word' id='word_1_335' title='bbox 1422 2572 1568 2626; x_wconf 90' lang='lat' dir='ltr'><strong>hunc</strong></span> <span class='ocrx_word' id='word_1_336' title='bbox 1595 2573 1758 2628; x_wconf 90' lang='lat' dir='ltr'><strong>volvo</strong></span> <span class='ocrx_word' id='word_1_337' title='bbox 1786 2574 1980 2628; x_wconf 91' lang='lat' dir='ltr'><strong>iterum</strong></span> <span class='ocrx_word' id='word_1_338' title='bbox 2012 2574 2363 2644; x_wconf 83' lang='lat' dir='ltr'><strong>revolvoque,</strong></span> <span class='ocrx_word' id='word_1_339' title='bbox 2395 2589 2459 2627; x_wconf 89' lang='lat' dir='ltr'><strong>ex</strong></span> <span class='ocrx_word' id='word_1_340' title='bbox 2487 2572 2577 2626; x_wconf 88' lang='lat' dir='ltr'><strong>vili</strong></span> <span class='ocrx_word' id='word_1_341' title='bbox 2608 2571 2826 2642; x_wconf 83' lang='lat' dir='ltr'><strong>palliolo</strong></span> <span class='ocrx_word' id='word_1_342' title='bbox 2850 2587 3102 2642; x_wconf 85' lang='lat' dir='ltr'><strong>magnum</strong></span> <span class='ocrx_word' id='word_1_343' title='bbox 3135 2571 3331 2641; x_wconf 81' lang='lat' dir='ltr'><strong>agnovi</strong></span> <span class='ocrx_word' id='word_1_344' title='bbox 3361 2569 3628 2625; x_wconf 79' lang='lat' dir='ltr'><strong>Eusebium.</strong></span> 
     </span>
    </p>
   </div>
   <div class='ocr_carea' id='block_1_26' title="bbox 440 2664 3629 2738">
    <p class='ocr_par' dir='ltr' id='par_1_26' title="bbox 440 2664 3629 2738">
     <span class='ocr_line' id='line_1_26' title="bbox 440 2664 3629 2738; baseline -0 -16"><span class='ocrx_word' id='word_1_345' title='bbox 440 2668 546 2722; x_wconf 80' lang='lat' dir='ltr'><strong>Res</strong></span> <span class='ocrx_word' id='word_1_346' title='bbox 579 2669 652 2722; x_wconf 91' lang='lat' dir='ltr'><strong>ita</strong></span> <span class='ocrx_word' id='word_1_347' title='bbox 681 2668 900 2722; x_wconf 91' lang='lat' dir='ltr'><strong>accidit.</strong></span> <span class='ocrx_word' id='word_1_348' title='bbox 933 2669 1114 2734; x_wconf 82' lang='lat' dir='ltr'><strong>Codex</strong></span> <span class='ocrx_word' id='word_1_349' title='bbox 1141 2668 1208 2722; x_wconf 90' lang='lat' dir='ltr'><strong>de</strong></span> <span class='ocrx_word' id='word_1_350' title='bbox 1248 2683 1356 2738; x_wconf 90' lang='lat' dir='ltr'><strong>quo</strong></span> <span class='ocrx_word' id='word_1_351' title='bbox 1389 2683 1536 2722; x_wconf 91' lang='lat' dir='ltr'><strong>nunc</strong></span> <span class='ocrx_word' id='word_1_352' title='bbox 1564 2667 1796 2737; x_wconf 83' lang='lat' dir='ltr'><strong>agimus,</strong></span> <span class='ocrx_word' id='word_1_353' title='bbox 1822 2669 1977 2722; x_wconf 87' lang='lat' dir='ltr'><strong>theca</strong></span> <span class='ocrx_word' id='word_1_354' title='bbox 2023 2669 2150 2722; x_wconf 92' lang='lat' dir='ltr'><strong>olim</strong></span> <span class='ocrx_word' id='word_1_355' title='bbox 2183 2685 2398 2730; x_wconf 79' lang='lat' dir='ltr'><strong>carens,</strong></span> <span class='ocrx_word' id='word_1_356' title='bbox 2438 2666 2582 2721; x_wconf 89' lang='lat' dir='ltr'><strong>foliis</strong></span> <span class='ocrx_word' id='word_1_357' title='bbox 2629 2667 2885 2736; x_wconf 88' lang='lat' dir='ltr'><strong>utrinque</strong></span> <span class='ocrx_word' id='word_1_358' title='bbox 2917 2668 3031 2722; x_wconf 91' lang='lat' dir='ltr'><strong>suis</strong></span> <span class='ocrx_word' id='word_1_359' title='bbox 3074 2668 3374 2736; x_wconf 85' lang='lat' dir='ltr'><strong>tegebatur.</strong></span> <span class='ocrx_word' id='word_1_360' title='bbox 3406 2664 3629 2726; x_wconf 87' lang='lat' dir='ltr'><strong>Primum.</strong></span> 
     </span>
    </p>
   </div>
   <div class='ocr_carea' id='block_1_27' title="bbox 439 2760 3633 2832">
    <p class='ocr_par' dir='ltr' id='par_1_27' title="bbox 439 2760 3633 2832">
     <span class='ocr_line' id='line_1_27' title="bbox 439 2760 3633 2832; baseline 0 -18"><span class='ocrx_word' id='word_1_361' title='bbox 439 2760 507 2816; x_wconf 90' lang='lat' dir='ltr'><strong>ab</strong></span> <span class='ocrx_word' id='word_1_362' title='bbox 539 2761 690 2815; x_wconf 91' lang='lat' dir='ltr'><strong>edaci</strong></span> <span class='ocrx_word' id='word_1_363' title='bbox 722 2769 963 2830; x_wconf 90' lang='lat' dir='ltr'><strong>tempore</strong></span> <span class='ocrx_word' id='word_1_364' title='bbox 986 2761 1264 2831; x_wconf 87' lang='lat' dir='ltr'><strong>multoque</strong></span> <span class='ocrx_word' id='word_1_365' title='bbox 1289 2778 1389 2816; x_wconf 90' lang='lat' dir='ltr'><strong>usu</strong></span> <span class='ocrx_word' id='word_1_366' title='bbox 1424 2763 1663 2816; x_wconf 88' lang='lat' dir='ltr'><strong>lacerum</strong></span> <span class='ocrx_word' id='word_1_367' title='bbox 1695 2778 1760 2817; x_wconf 89' lang='lat' dir='ltr'><strong>ac</strong></span> <span class='ocrx_word' id='word_1_368' title='bbox 1795 2779 1931 2832; x_wconf 90' lang='lat' dir='ltr'><strong>pene</strong></span> <span class='ocrx_word' id='word_1_369' title='bbox 1964 2763 2226 2824; x_wconf 89' lang='lat' dir='ltr'><strong>deletum,</strong></span> <span class='ocrx_word' id='word_1_370' title='bbox 2257 2778 2357 2831; x_wconf 89' lang='lat' dir='ltr'><strong>pro</strong></span> <span class='ocrx_word' id='word_1_371' title='bbox 2381 2763 2534 2815; x_wconf 89' lang='lat' dir='ltr'><strong>theca</strong></span> <span class='ocrx_word' id='word_1_372' title='bbox 2567 2761 2772 2816; x_wconf 84' lang='lat' dir='ltr'><strong>codicis</strong></span> <span class='ocrx_word' id='word_1_373' title='bbox 2803 2777 2830 2814; x_wconf 85' lang='lat' dir='ltr'><strong>a</strong></span> <span class='ocrx_word' id='word_1_374' title='bbox 2865 2761 3154 2816; x_wconf 88' lang='lat' dir='ltr'><strong>Lambecio</strong></span> <span class='ocrx_word' id='word_1_375' title='bbox 3179 2761 3284 2814; x_wconf 88' lang='lat' dir='ltr'><strong>fuit</strong></span> <span class='ocrx_word' id='word_1_376' title='bbox 3316 2762 3564 2823; x_wconf 84' lang='lat' dir='ltr'><strong>habitum,</strong></span> <span class='ocrx_word' id='word_1_377' title='bbox 3591 2771 3633 2815; x_wconf 86' lang='lat' dir='ltr'><strong>et</strong></span> 
     </span>
    </p>
   </div>
   <div class='ocr_carea' id='block_1_28' title="bbox 439 2849 3632 2924">
    <p class='ocr_par' dir='ltr' id='par_1_28' title="bbox 439 2849 3632 2924">
     <span class='ocr_line' id='line_1_28' title="bbox 439 2849 3632 2924; baseline -0.001 -14"><span class='ocrx_word' id='word_1_378' title='bbox 439 2870 557 2910; x_wconf 87' lang='lat' dir='ltr'><strong>eam</strong></span> <span class='ocrx_word' id='word_1_379' title='bbox 587 2854 753 2907; x_wconf 89' lang='lat' dir='ltr'><strong>etiam</strong></span> <span class='ocrx_word' id='word_1_380' title='bbox 777 2854 846 2907; x_wconf 90' lang='lat' dir='ltr'><strong>ob</strong></span> <span class='ocrx_word' id='word_1_381' title='bbox 873 2869 1092 2908; x_wconf 90' lang='lat' dir='ltr'><strong>causam</strong></span> <span class='ocrx_word' id='word_1_382' title='bbox 1131 2854 1188 2906; x_wconf 88' lang='lat' dir='ltr'><strong>in</strong></span> <span class='ocrx_word' id='word_1_383' title='bbox 1233 2854 1552 2909; x_wconf 90' lang='lat' dir='ltr'><strong>recensione</strong></span> <span class='ocrx_word' id='word_1_384' title='bbox 1584 2855 1848 2908; x_wconf 90' lang='lat' dir='ltr'><strong>omissum</strong></span> <span class='ocrx_word' id='word_1_385' title='bbox 1882 2855 2336 2924; x_wconf 82' lang='lat' dir='ltr'><strong>neglectumque:</strong></span> <span class='ocrx_word' id='word_1_386' title='bbox 2378 2853 2542 2922; x_wconf 83' lang='lat' dir='ltr'><strong>igitur</strong></span> <span class='ocrx_word' id='word_1_387' title='bbox 2582 2867 2704 2905; x_wconf 90' lang='lat' dir='ltr'><strong>cum</strong></span> <span class='ocrx_word' id='word_1_388' title='bbox 2767 2849 3061 2921; x_wconf 83' lang='grc' dir='ltr'><strong>ἀμηχανῶν</strong></span> <span class='ocrx_word' id='word_1_389' title='bbox 3096 2851 3389 2908; x_wconf 83' lang='lat' dir='ltr'><strong>Eusebium</strong></span> <span class='ocrx_word' id='word_1_390' title='bbox 3422 2853 3471 2906; x_wconf 91' lang='lat' dir='ltr'><strong>in</strong></span> <span class='ocrx_word' id='word_1_391' title='bbox 3499 2851 3632 2908; x_wconf 85' lang='lat' dir='ltr'><strong>Euse-</strong></span> 
     </span>
    </p>
   </div>
   <div class='ocr_carea' id='block_1_29' title="bbox 437 2944 3634 3016">
    <p class='ocr_par' dir='ltr' id='par_1_29' title="bbox 437 2944 3634 3016">
     <span class='ocr_line' id='line_1_29' title="bbox 437 2944 3634 3016; baseline -0.002 -15"><span class='ocrx_word' id='word_1_392' title='bbox 437 2947 526 3002; x_wconf 90' lang='lat' dir='ltr'><strong>bio</strong></span> <span class='ocrx_word' id='word_1_393' title='bbox 556 2960 761 3015; x_wconf 64' lang='lat' dir='ltr'><strong>quaero,</strong></span> <span class='ocrx_word' id='word_1_394' title='bbox 793 2944 1200 2998; x_wconf 81' lang='lat' dir='ltr'><strong>similitudinem</strong></span> <span class='ocrx_word' id='word_1_395' title='bbox 1230 2959 1447 3008; x_wconf 89' lang='lat' dir='ltr'><strong>manus,</strong></span> <span class='ocrx_word' id='word_1_396' title='bbox 1482 2960 1588 3016; x_wconf 92' lang='lat' dir='ltr'><strong>qua</strong></span> <span class='ocrx_word' id='word_1_397' title='bbox 1621 2947 1867 3016; x_wconf 90' lang='lat' dir='ltr'><strong>reliquus</strong></span> <span class='ocrx_word' id='word_1_398' title='bbox 1903 2945 2077 3000; x_wconf 81' lang='lat' dir='ltr'><strong>codex</strong></span> <span class='ocrx_word' id='word_1_399' title='bbox 2129 2947 2368 3015; x_wconf 87' lang='lat' dir='ltr'><strong>scriptus</strong></span> <span class='ocrx_word' id='word_1_400' title='bbox 2410 2954 2527 3010; x_wconf 89' lang='lat' dir='ltr'><strong>est,</strong></span> <span class='ocrx_word' id='word_1_401' title='bbox 2564 2944 2618 2996; x_wconf 89' lang='lat' dir='ltr'><strong>in</strong></span> <span class='ocrx_word' id='word_1_402' title='bbox 2652 2944 2828 3014; x_wconf 89' lang='lat' dir='ltr'><strong>primo</strong></span> <span class='ocrx_word' id='word_1_403' title='bbox 2855 2946 2948 2998; x_wconf 93' lang='lat' dir='ltr'><strong>illo</strong></span> <span class='ocrx_word' id='word_1_404' title='bbox 3000 2944 3125 2999; x_wconf 87' lang='lat' dir='ltr'><strong>folio</strong></span> <span class='ocrx_word' id='word_1_405' title='bbox 3155 2945 3544 3009; x_wconf 85' lang='lat' dir='ltr'><strong>animadverto,</strong></span> <span class='ocrx_word' id='word_1_406' title='bbox 3571 2944 3634 2997; x_wconf 89' lang='lat' dir='ltr'><strong>fu-</strong></span> 
     </span>
    </p>
   </div>
   <div class='ocr_carea' id='block_1_30' title="bbox 437 3035 3635 3109">
    <p class='ocr_par' dir='ltr' id='par_1_30' title="bbox 437 3035 3635 3109">
     <span class='ocr_line' id='line_1_30' title="bbox 437 3035 3635 3109; baseline 0.001 -20"><span class='ocrx_word' id='word_1_407' title='bbox 437 3036 695 3106; x_wconf 80' lang='lat' dir='ltr'><strong>gientium</strong></span> <span class='ocrx_word' id='word_1_408' title='bbox 731 3035 1037 3087; x_wconf 88' lang='lat' dir='ltr'><strong>litterarum</strong></span> <span class='ocrx_word' id='word_1_409' title='bbox 1070 3035 1300 3104; x_wconf 86' lang='lat' dir='ltr'><strong>vestigia</strong></span> <span class='ocrx_word' id='word_1_410' title='bbox 1335 3035 1475 3104; x_wconf 86' lang='lat' dir='ltr'><strong>lego,</strong></span> <span class='ocrx_word' id='word_1_411' title='bbox 1509 3050 1573 3089; x_wconf 89' lang='lat' dir='ltr'><strong>ac</strong></span> <span class='ocrx_word' id='word_1_412' title='bbox 1607 3035 1841 3107; x_wconf 90' lang='lat' dir='ltr'><strong>denique</strong></span> <span class='ocrx_word' id='word_1_413' title='bbox 1872 3036 2149 3106; x_wconf 82' lang='lat' dir='ltr'><strong>comperio</strong></span> <span class='ocrx_word' id='word_1_414' title='bbox 2179 3039 2501 3107; x_wconf 75' lang='lat' dir='ltr'><strong>prommium</strong></span> <span class='ocrx_word' id='word_1_415' title='bbox 2553 3035 2866 3105; x_wconf 84' lang='lat' dir='ltr'><strong>Eclogarum</strong></span> <span class='ocrx_word' id='word_1_416' title='bbox 2901 3036 3155 3099; x_wconf 88' lang='lat' dir='ltr'><strong>Eusebii,</strong></span> <span class='ocrx_word' id='word_1_417' title='bbox 3199 3038 3461 3109; x_wconf 83' lang='lat' dir='ltr'><strong>principio</strong></span> <span class='ocrx_word' id='word_1_418' title='bbox 3486 3046 3532 3093; x_wconf 88' lang='lat' dir='ltr'><strong>et</strong></span> <span class='ocrx_word' id='word_1_419' title='bbox 3554 3037 3635 3092; x_wconf 89' lang='lat' dir='ltr'><strong>line</strong></span> 
     </span>
    </p>
   </div>
   <div class='ocr_carea' id='block_1_31' title="bbox 440 3124 1967 3201">
    <p class='ocr_par' dir='ltr' id='par_1_31' title="bbox 440 3124 1967 3190">
     <span class='ocr_line' id='line_1_31' title="bbox 440 3124 1967 3190; baseline 0.003 -11"><span class='ocrx_word' id='word_1_420' title='bbox 440 3127 720 3190; x_wconf 89' lang='lat' dir='ltr'><strong>mutilum,</strong></span> <span class='ocrx_word' id='word_1_421' title='bbox 761 3125 950 3179; x_wconf 92' lang='lat' dir='ltr'><strong>eodem</strong></span> <span class='ocrx_word' id='word_1_422' title='bbox 983 3124 1112 3179; x_wconf 86' lang='lat' dir='ltr'><strong>folio</strong></span> <span class='ocrx_word' id='word_1_423' title='bbox 1143 3125 1430 3180; x_wconf 88' lang='lat' dir='ltr'><strong>contineri.</strong></span> <span class='ocrx_word' id='word_1_424' title='bbox 1460 3126 1552 3181; x_wconf 91' lang='lat' dir='ltr'><strong>Sic</strong></span> <span class='ocrx_word' id='word_1_425' title='bbox 1585 3129 1730 3183; x_wconf 88' lang='lat' dir='ltr'><strong>enim</strong></span> <span class='ocrx_word' id='word_1_426' title='bbox 1762 3129 1834 3183; x_wconf 90' lang='lat' dir='ltr'><strong>ibi</strong></span> <span class='ocrx_word' id='word_1_427' title='bbox 1869 3129 1967 3183; x_wconf 72' lang='lat' dir='ltr'><strong>intt</strong></span> 
     </span>
    </p>
   </div>
   <div class='ocr_carea' id='block_1_32' title="bbox 2101 3124 3628 3201">
    <p class='ocr_par' dir='ltr' id='par_1_32' title="bbox 2101 3127 3628 3201">
     <span class='ocr_line' id='line_1_32' title="bbox 2101 3127 3628 3201; baseline 0 -20"><span class='ocrx_word' id='word_1_428' title='bbox 2101 3138 2222 3184; x_wconf 72' lang='lat' dir='ltr'><strong>rtera</strong></span> <span class='ocrx_word' id='word_1_429' title='bbox 2256 3130 2485 3200; x_wconf 86' lang='lat' dir='ltr'><strong>ipsemet</strong></span> <span class='ocrx_word' id='word_1_430' title='bbox 2507 3127 2791 3192; x_wconf 79' lang='lat' dir='ltr'><strong>Eusebius,</strong></span> <span class='ocrx_word' id='word_1_431' title='bbox 2829 3128 3022 3180; x_wconf 74' lang='grc' dir='ltr'><strong>’ἰστέον</strong></span> <span class='ocrx_word' id='word_1_432' title='bbox 3043 3128 3084 3180; x_wconf 84' lang='grc' dir='ltr'><strong>δ’</strong></span> <span class='ocrx_word' id='word_1_433' title='bbox 3117 3129 3193 3194; x_wconf 82' lang='grc' dir='ltr'><strong>ὡς</strong></span> <span class='ocrx_word' id='word_1_434' title='bbox 3241 3130 3628 3201; x_wconf 78' lang='grc' dir='ltr'><strong>πρὸ-ἡγοῦμαι.</strong></span> 
     </span>
    </p>
   </div>
   <div class='ocr_carea' id='block_1_33' title="bbox 438 3217 3636 3294">
    <p class='ocr_par' dir='ltr' id='par_1_33' title="bbox 438 3217 3636 3294">
     <span class='ocr_line' id='line_1_33' title="bbox 438 3217 3636 3294; baseline 0.001 -18"><span class='ocrx_word' id='word_1_435' title='bbox 438 3220 587 3287; x_wconf 75' lang='grc' dir='ltr'><strong>(νεά.</strong></span> <span class='ocrx_word' id='word_1_436' title='bbox 620 3219 774 3290; x_wconf 82' lang='lat' dir='ltr'><strong>hujus</strong></span> <span class='ocrx_word' id='word_1_437' title='bbox 798 3217 879 3272; x_wconf 86' lang='lat' dir='ltr'><strong>ed.</strong></span> <span class='ocrx_word' id='word_1_438' title='bbox 910 3219 1010 3272; x_wconf 80' lang='lat' dir='ltr'><strong>col.</strong></span> <span class='ocrx_word' id='word_1_439' title='bbox 1037 3219 1197 3273; x_wconf 69' lang='grc'><strong>1024.</strong></span> <span class='ocrx_word' id='word_1_440' title='bbox 1234 3218 1411 3290; x_wconf 71' lang='lat' dir='ltr'><strong>Pergit</strong></span> <span class='ocrx_word' id='word_1_441' title='bbox 1446 3219 1724 3276; x_wconf 83' lang='lat' dir='ltr'><strong>Kollarius</strong></span> <span class='ocrx_word' id='word_1_442' title='bbox 1749 3223 1803 3294; x_wconf 89' lang='lat'><strong>:)</strong></span> <span class='ocrx_word' id='word_1_443' title='bbox 1835 3221 2111 3278; x_wconf 83' lang='lat' dir='ltr'><strong>Hactenus</strong></span> <span class='ocrx_word' id='word_1_444' title='bbox 2163 3223 2410 3294; x_wconf 63' lang='lat' dir='ltr'><strong>prooemii</strong></span> <span class='ocrx_word' id='word_1_445' title='bbox 2437 3224 2689 3292; x_wconf 90' lang='lat' dir='ltr'><strong>pericope</strong></span> <span class='ocrx_word' id='word_1_446' title='bbox 2711 3240 2734 3276; x_wconf 86' lang='lat'><strong>:.</strong></span> <span class='ocrx_word' id='word_1_447' title='bbox 2759 3237 2824 3274; x_wconf 91' lang='lat' dir='ltr'><strong>ex</strong></span> <span class='ocrx_word' id='word_1_448' title='bbox 2855 3222 3056 3291; x_wconf 91' lang='lat' dir='ltr'><strong>quibus</strong></span> <span class='ocrx_word' id='word_1_449' title='bbox 3085 3238 3212 3276; x_wconf 90' lang='lat' dir='ltr'><strong>cum</strong></span> <span class='ocrx_word' id='word_1_450' title='bbox 3248 3225 3382 3289; x_wconf 87' lang='lat' dir='ltr'><strong>alia,</strong></span> <span class='ocrx_word' id='word_1_451' title='bbox 3428 3231 3532 3278; x_wconf 90' lang='lat' dir='ltr'><strong>tum</strong></span> <span class='ocrx_word' id='word_1_452' title='bbox 3572 3223 3636 3278; x_wconf 78' lang='lat' dir='ltr'><strong>vel</strong></span> 
     </span>
    </p>
   </div>
   <div class='ocr_carea' id='block_1_34' title="bbox 439 3310 3640 3388">
    <p class='ocr_par' dir='ltr' id='par_1_34' title="bbox 439 3310 3640 3388">
     <span class='ocr_line' id='line_1_34' title="bbox 439 3310 3640 3388; baseline 0.001 -20"><span class='ocrx_word' id='word_1_453' title='bbox 439 3313 670 3368; x_wconf 77' lang='lat' dir='ltr'><strong>maxime</strong></span> <span class='ocrx_word' id='word_1_454' title='bbox 708 3313 816 3368; x_wconf 94' lang='lat' dir='ltr'><strong>duo</strong></span> <span class='ocrx_word' id='word_1_455' title='bbox 849 3310 1108 3366; x_wconf 88' lang='lat' dir='ltr'><strong>facillime</strong></span> <span class='ocrx_word' id='word_1_456' title='bbox 1135 3311 1480 3367; x_wconf 90' lang='lat' dir='ltr'><strong>deducuntur</strong></span> <span class='ocrx_word' id='word_1_457' title='bbox 1509 3333 1522 3368; x_wconf 88' lang='lat'>:</span> <span class='ocrx_word' id='word_1_458' title='bbox 1560 3315 1818 3369; x_wconf 90' lang='lat' dir='ltr'><strong>nimirum</strong></span> <span class='ocrx_word' id='word_1_459' title='bbox 1839 3357 1854 3382; x_wconf 88' lang='lat'><strong>,</strong></span> <span class='ocrx_word' id='word_1_460' title='bbox 1885 3323 1938 3370; x_wconf 91' lang='lat' dir='ltr'><strong>et</strong></span> <span class='ocrx_word' id='word_1_461' title='bbox 1980 3315 2275 3371; x_wconf 87' lang='lat' dir='ltr'><strong>Eusebium</strong></span> <span class='ocrx_word' id='word_1_462' title='bbox 2306 3314 2575 3384; x_wconf 87' lang='lat' dir='ltr'><strong>Pamphili</strong></span> <span class='ocrx_word' id='word_1_463' title='bbox 2603 3324 2880 3368; x_wconf 89' lang='lat' dir='ltr'><strong>auctorem</strong></span> <span class='ocrx_word' id='word_1_464' title='bbox 2917 3315 3148 3386; x_wconf 86' lang='lat' dir='ltr'><strong>hujusce</strong></span> <span class='ocrx_word' id='word_1_465' title='bbox 3177 3319 3429 3388; x_wconf 75' lang='lat' dir='ltr'><strong>prooemii</strong></span> <span class='ocrx_word' id='word_1_466' title='bbox 3461 3333 3579 3379; x_wconf 86' lang='lat' dir='ltr'><strong>esse.</strong></span> <span class='ocrx_word' id='word_1_467' title='bbox 3599 3329 3640 3372; x_wconf 85' lang='lat' dir='ltr'><strong>et</strong></span> 
     </span>
    </p>
   </div>
   <div class='ocr_carea' id='block_1_35' title="bbox 442 3403 3639 3476">
    <p class='ocr_par' dir='ltr' id='par_1_35' title="bbox 442 3403 3639 3476">
     <span class='ocr_line' id='line_1_35' title="bbox 442 3403 3639 3476; baseline 0.001 -17"><span class='ocrx_word' id='word_1_468' title='bbox 442 3404 665 3475; x_wconf 79' lang='lat' dir='ltr'><strong>Eclogas</strong></span> <span class='ocrx_word' id='word_1_469' title='bbox 699 3404 766 3459; x_wconf 92' lang='lat' dir='ltr'><strong>de</strong></span> <span class='ocrx_word' id='word_1_470' title='bbox 803 3403 1056 3469; x_wconf 87' lang='lat' dir='ltr'><strong>Christo,</strong></span> <span class='ocrx_word' id='word_1_471' title='bbox 1097 3404 1349 3471; x_wconf 62' lang='lat' dir='ltr'><strong>praesenti</strong></span> <span class='ocrx_word' id='word_1_472' title='bbox 1385 3405 1573 3460; x_wconf 91' lang='lat' dir='ltr'><strong>codice</strong></span> <span class='ocrx_word' id='word_1_473' title='bbox 1607 3414 1912 3470; x_wconf 88' lang='lat' dir='ltr'><strong>contentas,</strong></span> <span class='ocrx_word' id='word_1_474' title='bbox 1943 3407 2145 3461; x_wconf 86' lang='lat' dir='ltr'><strong>nemini</strong></span> <span class='ocrx_word' id='word_1_475' title='bbox 2179 3406 2270 3460; x_wconf 91' lang='lat' dir='ltr'><strong>alii</strong></span> <span class='ocrx_word' id='word_1_476' title='bbox 2306 3421 2466 3475; x_wconf 90' lang='lat' dir='ltr'><strong>quam</strong></span> <span class='ocrx_word' id='word_1_477' title='bbox 2497 3406 2668 3459; x_wconf 89' lang='lat' dir='ltr'><strong>eidem</strong></span> <span class='ocrx_word' id='word_1_478' title='bbox 2700 3404 2958 3470; x_wconf 85' lang='lat' dir='ltr'><strong>Eusebio,</strong></span> <span class='ocrx_word' id='word_1_479' title='bbox 2988 3423 3148 3476; x_wconf 88' lang='lat' dir='ltr'><strong>posse</strong></span> <span class='ocrx_word' id='word_1_480' title='bbox 3173 3409 3367 3464; x_wconf 89' lang='lat' dir='ltr'><strong>tribui.</strong></span> <span class='ocrx_word' id='word_1_481' title='bbox 3400 3408 3639 3464; x_wconf 73' lang='lat' dir='ltr'><strong>Enimvero</strong></span> 
     </span>
    </p>
   </div>
   <div class='ocr_carea' id='block_1_36' title="bbox 437 3499 3635 3571">
    <p class='ocr_par' dir='ltr' id='par_1_36' title="bbox 437 3499 3635 3571">
     <span class='ocr_line' id='line_1_36' title="bbox 437 3499 3635 3571; baseline 0 -18"><span class='ocrx_word' id='word_1_482' title='bbox 437 3500 727 3555; x_wconf 90' lang='lat' dir='ltr'><strong>Eusebium</strong></span> <span class='ocrx_word' id='word_1_483' title='bbox 758 3499 1004 3569; x_wconf 71' lang='lat' dir='ltr'><strong>prooemii</strong></span> <span class='ocrx_word' id='word_1_484' title='bbox 1039 3506 1314 3553; x_wconf 89' lang='lat' dir='ltr'><strong>auctorem</strong></span> <span class='ocrx_word' id='word_1_485' title='bbox 1338 3516 1490 3566; x_wconf 91' lang='lat' dir='ltr'><strong>esse,</strong></span> <span class='ocrx_word' id='word_1_486' title='bbox 1533 3502 1680 3555; x_wconf 89' lang='lat' dir='ltr'><strong>clare</strong></span> <span class='ocrx_word' id='word_1_487' title='bbox 1709 3502 1887 3556; x_wconf 87' lang='lat' dir='ltr'><strong>elucet</strong></span> <span class='ocrx_word' id='word_1_488' title='bbox 1917 3516 1982 3555; x_wconf 86' lang='lat' dir='ltr'><strong>ex</strong></span> <span class='ocrx_word' id='word_1_489' title='bbox 2015 3502 2123 3556; x_wconf 87' lang='lat' dir='ltr'><strong>illis</strong></span> <span class='ocrx_word' id='word_1_490' title='bbox 2171 3541 2186 3565; x_wconf 94' lang='lat'><strong>,</strong></span> <span class='ocrx_word' id='word_1_491' title='bbox 2221 3502 2420 3570; x_wconf 87' lang='lat' dir='ltr'><strong>quibus</strong></span> <span class='ocrx_word' id='word_1_492' title='bbox 2451 3501 2675 3565; x_wconf 83' lang='lat' dir='ltr'><strong>indicat,</strong></span> <span class='ocrx_word' id='word_1_493' title='bbox 2707 3502 2857 3571; x_wconf 80' lang='lat' dir='ltr'><strong>prius</strong></span> <span class='ocrx_word' id='word_1_494' title='bbox 2894 3517 2951 3556; x_wconf 90' lang='lat' dir='ltr'><strong>se</strong></span> <span class='ocrx_word' id='word_1_495' title='bbox 2975 3541 2988 3565; x_wconf 91' lang='lat'><strong>,</strong></span> <span class='ocrx_word' id='word_1_496' title='bbox 3037 3517 3200 3571; x_wconf 88' lang='lat' dir='ltr'><strong>quam</strong></span> <span class='ocrx_word' id='word_1_497' title='bbox 3239 3504 3305 3557; x_wconf 87' lang='lat' dir='ltr'><strong>ad</strong></span> <span class='ocrx_word' id='word_1_498' title='bbox 3337 3503 3635 3558; x_wconf 64' lang='lat' dir='ltr'><strong>scribendum:</strong></span> 
     </span>
    </p>
   </div>
   <div class='ocr_carea' id='block_1_37' title="bbox 437 3592 3638 3666">
    <p class='ocr_par' dir='ltr' id='par_1_37' title="bbox 437 3592 3638 3666">
     <span class='ocr_line' id='line_1_37' title="bbox 437 3592 3638 3666; baseline 0.001 -20"><span class='ocrx_word' id='word_1_499' title='bbox 437 3607 673 3661; x_wconf 83' lang='lat' dir='ltr'><strong>praesens</strong></span> <span class='ocrx_word' id='word_1_500' title='bbox 705 3607 842 3661; x_wconf 88' lang='lat' dir='ltr'><strong>opus</strong></span> <span class='ocrx_word' id='word_1_501' title='bbox 867 3592 1106 3645; x_wconf 89' lang='lat' dir='ltr'><strong>animum</strong></span> <span class='ocrx_word' id='word_1_502' title='bbox 1141 3593 1383 3660; x_wconf 91' lang='lat' dir='ltr'><strong>appulit,</strong></span> <span class='ocrx_word' id='word_1_503' title='bbox 1422 3594 1752 3661; x_wconf 81' lang='grc' dir='ltr'><strong>Χρονικοὺς</strong></span> <span class='ocrx_word' id='word_1_504' title='bbox 1787 3595 2062 3658; x_wconf 73' lang='grc' dir='ltr'><strong>Κανόνας</strong></span> <span class='ocrx_word' id='word_1_505' title='bbox 2094 3593 2416 3662; x_wconf 89' lang='lat' dir='ltr'><strong>scripsisse,</strong></span> <span class='ocrx_word' id='word_1_506' title='bbox 2473 3600 2527 3646; x_wconf 92' lang='lat' dir='ltr'><strong>et</strong></span> <span class='ocrx_word' id='word_1_507' title='bbox 2575 3608 2638 3646; x_wconf 87' lang='lat' dir='ltr'><strong>ea</strong></span> <span class='ocrx_word' id='word_1_508' title='bbox 2673 3593 2892 3663; x_wconf 91' lang='lat' dir='ltr'><strong>quidem</strong></span> <span class='ocrx_word' id='word_1_509' title='bbox 2925 3603 3104 3648; x_wconf 86' lang='lat' dir='ltr'><strong>mente</strong></span> <span class='ocrx_word' id='word_1_510' title='bbox 3128 3633 3142 3661; x_wconf 94' lang='lat'><strong>,</strong></span> <span class='ocrx_word' id='word_1_511' title='bbox 3188 3604 3254 3649; x_wconf 91' lang='lat' dir='ltr'><strong>ut</strong></span> <span class='ocrx_word' id='word_1_512' title='bbox 3283 3594 3488 3666; x_wconf 80' lang='lat' dir='ltr'><strong>Moysis.</strong></span> <span class='ocrx_word' id='word_1_513' title='bbox 3519 3611 3638 3664; x_wconf 64' lang='lat' dir='ltr'><strong>aeque</strong></span> 
     </span>
    </p>
   </div>
   <div class='ocr_carea' id='block_1_38' title="bbox 435 3686 3639 3759">
    <p class='ocr_par' dir='ltr' id='par_1_38' title="bbox 435 3686 3639 3759">
     <span class='ocr_line' id='line_1_38' title="bbox 435 3686 3639 3759; baseline 0 -20"><span class='ocrx_word' id='word_1_514' title='bbox 435 3693 599 3756; x_wconf 87' lang='lat' dir='ltr'><strong>atque</strong></span> <span class='ocrx_word' id='word_1_515' title='bbox 629 3687 883 3752; x_wconf 89' lang='lat' dir='ltr'><strong>aliorum,</strong></span> <span class='ocrx_word' id='word_1_516' title='bbox 914 3689 1006 3757; x_wconf 91' lang='lat' dir='ltr'><strong>qui</strong></span> <span class='ocrx_word' id='word_1_517' title='bbox 1037 3697 1160 3759; x_wconf 89' lang='lat' dir='ltr'><strong>post</strong></span> <span class='ocrx_word' id='word_1_518' title='bbox 1194 3703 1318 3744; x_wconf 90' lang='lat' dir='ltr'><strong>eum</strong></span> <span class='ocrx_word' id='word_1_519' title='bbox 1356 3686 1529 3752; x_wconf 90' lang='lat' dir='ltr'><strong>fuere,</strong></span> <span class='ocrx_word' id='word_1_520' title='bbox 1567 3687 1953 3758; x_wconf 86' lang='lat' dir='ltr'><strong>prophetarum</strong></span> <span class='ocrx_word' id='word_1_521' title='bbox 1981 3694 2306 3744; x_wconf 85' lang='lat' dir='ltr'><strong>vetustatem</strong></span> <span class='ocrx_word' id='word_1_522' title='bbox 2333 3687 2657 3742; x_wconf 88' lang='lat' dir='ltr'><strong>vindicaret.</strong></span> <span class='ocrx_word' id='word_1_523' title='bbox 2689 3686 2918 3752; x_wconf 87' lang='lat' dir='ltr'><strong>Quinam</strong></span> <span class='ocrx_word' id='word_1_524' title='bbox 2951 3704 3078 3742; x_wconf 89' lang='lat' dir='ltr'><strong>vero</strong></span> <span class='ocrx_word' id='word_1_525' title='bbox 3107 3688 3162 3742; x_wconf 92' lang='lat' dir='ltr'><strong>hi</strong></span> <span class='ocrx_word' id='word_1_526' title='bbox 3188 3690 3460 3758; x_wconf 84' lang='grc' dir='ltr'><strong>Χρονικοὶ</strong></span> <span class='ocrx_word' id='word_1_527' title='bbox 3490 3689 3639 3742; x_wconf 74' lang='grc' dir='ltr'><strong>Κανό-</strong></span> 
     </span>
    </p>
   </div>
   <div class='ocr_carea' id='block_1_39' title="bbox 433 3777 3642 3852">
    <p class='ocr_par' dir='ltr' id='par_1_39' title="bbox 433 3777 3642 3852">
     <span class='ocr_line' id='line_1_39' title="bbox 433 3777 3642 3852; baseline -0.002 -19"><span class='ocrx_word' id='word_1_528' title='bbox 433 3793 538 3846; x_wconf 67' lang='lat' dir='ltr'><strong>rec</strong></span> <span class='ocrx_word' id='word_1_529' title='bbox 565 3779 714 3847; x_wconf 88' lang='lat' dir='ltr'><strong>sint,</strong></span> <span class='ocrx_word' id='word_1_530' title='bbox 764 3779 923 3835; x_wconf 83' lang='lat' dir='ltr'><strong>facile</strong></span> <span class='ocrx_word' id='word_1_531' title='bbox 957 3781 1318 3852; x_wconf 83' lang='lat' dir='ltr'><strong>intelligitur:</strong></span> <span class='ocrx_word' id='word_1_532' title='bbox 1357 3778 1617 3833; x_wconf 90' lang='lat' dir='ltr'><strong>nimirum</strong></span> <span class='ocrx_word' id='word_1_533' title='bbox 1649 3779 1726 3832; x_wconf 91' lang='lat' dir='ltr'><strong>illi</strong></span> <span class='ocrx_word' id='word_1_534' title='bbox 1759 3779 1884 3849; x_wconf 91' lang='lat' dir='ltr'><strong>ipsi,</strong></span> <span class='ocrx_word' id='word_1_535' title='bbox 1915 3793 2054 3848; x_wconf 92' lang='lat' dir='ltr'><strong>quos</strong></span> <span class='ocrx_word' id='word_1_536' title='bbox 2093 3779 2338 3847; x_wconf 82' lang='lat' dir='ltr'><strong>Scaliger</strong></span> <span class='ocrx_word' id='word_1_537' title='bbox 2369 3779 2422 3831; x_wconf 93' lang='lat' dir='ltr'><strong>in</strong></span> <span class='ocrx_word' id='word_1_538' title='bbox 2452 3777 2718 3832; x_wconf 78' lang='lat' dir='ltr'><strong>Thesauro</strong></span> <span class='ocrx_word' id='word_1_539' title='bbox 2749 3788 3037 3848; x_wconf 85' lang='lat' dir='ltr'><strong>temporum</strong></span> <span class='ocrx_word' id='word_1_540' title='bbox 3065 3787 3214 3834; x_wconf 89' lang='lat' dir='ltr'><strong>tomo</strong></span> <span class='ocrx_word' id='word_1_541' title='bbox 3237 3781 3410 3850; x_wconf 89' lang='lat' dir='ltr'><strong>primo</strong></span> <span class='ocrx_word' id='word_1_542' title='bbox 3447 3779 3642 3851; x_wconf 73' lang='lat' dir='ltr'><strong>vulgavit</strong></span> 
     </span>
    </p>
   </div>
   <div class='ocr_carea' id='block_1_40' title="bbox 437 3867 3636 3942">
    <p class='ocr_par' dir='ltr' id='par_1_40' title="bbox 437 3867 3636 3942">
     <span class='ocr_line' id='line_1_40' title="bbox 437 3867 3636 3942; baseline -0.001 -16"><span class='ocrx_word' id='word_1_543' title='bbox 437 3872 826 3926; x_wconf 78' lang='lat' dir='ltr'><strong>Amstelodami</strong></span> <span class='ocrx_word' id='word_1_544' title='bbox 864 3887 951 3926; x_wconf 90' lang='lat' dir='ltr'><strong>an.</strong></span> <span class='ocrx_word' id='word_1_545' title='bbox 991 3871 1130 3926; x_wconf 76' lang='grc'><strong>1658</strong></span> <span class='ocrx_word' id='word_1_546' title='bbox 1162 3891 1175 3926; x_wconf 89' lang='lat'><strong>:</strong></span> <span class='ocrx_word' id='word_1_547' title='bbox 1208 3872 1408 3942; x_wconf 88' lang='lat' dir='ltr'><strong>quippe</strong></span> <span class='ocrx_word' id='word_1_548' title='bbox 1442 3871 1496 3924; x_wconf 93' lang='lat' dir='ltr'><strong>in</strong></span> <span class='ocrx_word' id='word_1_549' title='bbox 1528 3871 1881 3940; x_wconf 72' lang='lat' dir='ltr'><strong>illiusoperis</strong></span> <span class='ocrx_word' id='word_1_550' title='bbox 1925 3871 2191 3939; x_wconf 82' lang='lat' dir='ltr'><strong>prommio</strong></span> <span class='ocrx_word' id='word_1_551' title='bbox 2230 3870 2370 3934; x_wconf 84' lang='lat' dir='ltr'><strong>idem</strong></span> <span class='ocrx_word' id='word_1_552' title='bbox 2408 3869 2511 3922; x_wconf 89' lang='lat' dir='ltr'><strong>hoc</strong></span> <span class='ocrx_word' id='word_1_553' title='bbox 2549 3867 2766 3924; x_wconf 87' lang='lat' dir='ltr'><strong>Eusebii</strong></span> <span class='ocrx_word' id='word_1_554' title='bbox 2820 3871 3159 3940; x_wconf 90' lang='lat' dir='ltr'><strong>propositum</strong></span> <span class='ocrx_word' id='word_1_555' title='bbox 3195 3871 3423 3942; x_wconf 82' lang='lat' dir='ltr'><strong>legitur;</strong></span> <span class='ocrx_word' id='word_1_556' title='bbox 3462 3888 3519 3927; x_wconf 81' lang='lat' dir='ltr'><strong>ex</strong></span> <span class='ocrx_word' id='word_1_557' title='bbox 3554 3885 3636 3940; x_wconf 91' lang='lat' dir='ltr'><strong>quo</strong></span> 
     </span>
    </p>
   </div>
   <div class='ocr_carea' id='block_1_41' title="bbox 439 3960 3638 4034">
    <p class='ocr_par' dir='ltr' id='par_1_41' title="bbox 439 3960 3638 4034">
     <span class='ocr_line' id='line_1_41' title="bbox 439 3960 3638 4034; baseline 0 -16"><span class='ocrx_word' id='word_1_558' title='bbox 439 3966 658 4020; x_wconf 90' lang='lat' dir='ltr'><strong>lectoris</strong></span> <span class='ocrx_word' id='word_1_559' title='bbox 710 3964 884 4034; x_wconf 65' lang='lat' dir='ltr'><strong>Gratia</strong></span> <span class='ocrx_word' id='word_1_560' title='bbox 943 3965 1190 4034; x_wconf 91' lang='lat' dir='ltr'><strong>pluscula</strong></span> <span class='ocrx_word' id='word_1_561' title='bbox 1243 3965 1352 4019; x_wconf 92' lang='lat' dir='ltr'><strong>huc</strong></span> <span class='ocrx_word' id='word_1_562' title='bbox 1394 3963 1766 4026; x_wconf 85' lang='lat' dir='ltr'><strong>transcribere</strong></span> <span class='ocrx_word' id='word_1_563' title='bbox 1811 3964 2022 4032; x_wconf 86' lang='lat' dir='ltr'><strong>placet,</strong></span> <span class='ocrx_word' id='word_1_564' title='bbox 2085 3961 2178 4017; x_wconf 86' lang='lat' dir='ltr'><strong>sed</strong></span> <span class='ocrx_word' id='word_1_565' title='bbox 2208 3960 2400 4015; x_wconf 88' lang='lat' dir='ltr'><strong>Latine</strong></span> <span class='ocrx_word' id='word_1_566' title='bbox 2431 3968 2663 4026; x_wconf 87' lang='lat' dir='ltr'><strong>tantum,</strong></span> <span class='ocrx_word' id='word_1_567' title='bbox 2699 3962 2826 4031; x_wconf 89' lang='lat' dir='ltr'><strong>quia</strong></span> <span class='ocrx_word' id='word_1_568' title='bbox 2882 3961 3216 4033; x_wconf 85' lang='lat' dir='ltr'><strong>Hieronymo</strong></span> <span class='ocrx_word' id='word_1_569' title='bbox 3248 3965 3560 4034; x_wconf 88' lang='lat' dir='ltr'><strong>interprete:</strong></span> <span class='ocrx_word' id='word_1_570' title='bbox 3588 3991 3638 4006; x_wconf 87' lang='lat'><strong>-</strong></span> 
     </span>
    </p>
   </div>
   <div class='ocr_carea' id='block_1_42' title="bbox 443 4053 3636 4126">
    <p class='ocr_par' dir='ltr' id='par_1_42' title="bbox 443 4053 3636 4126">
     <span class='ocr_line' id='line_1_42' title="bbox 443 4053 3636 4126; baseline 0 -19"><span class='ocrx_word' id='word_1_571' title='bbox 443 4077 461 4107; x_wconf 75' lang='grc' dir='ltr'>ι</span> <span class='ocrx_word' id='word_1_572' title='bbox 494 4056 755 4126; x_wconf 87' lang='lat' dir='ltr'><strong>Moysem,</strong></span> <span class='ocrx_word' id='word_1_573' title='bbox 788 4055 984 4124; x_wconf 87' lang='lat' dir='ltr'><strong>inquit,</strong></span> <span class='ocrx_word' id='word_1_574' title='bbox 1017 4056 1195 4124; x_wconf 81' lang='lat' dir='ltr'><strong>gentis</strong></span> <span class='ocrx_word' id='word_1_575' title='bbox 1242 4055 1512 4120; x_wconf 79' lang='lat' dir='ltr'><strong>Hebraeae,</strong></span> <span class='ocrx_word' id='word_1_576' title='bbox 1545 4056 1637 4125; x_wconf 91' lang='lat' dir='ltr'><strong>qui</strong></span> <span class='ocrx_word' id='word_1_577' title='bbox 1675 4054 1886 4125; x_wconf 90' lang='lat' dir='ltr'><strong>primus</strong></span> <span class='ocrx_word' id='word_1_578' title='bbox 1933 4054 2174 4108; x_wconf 92' lang='lat' dir='ltr'><strong>omnium</strong></span> <span class='ocrx_word' id='word_1_579' title='bbox 2220 4054 2608 4123; x_wconf 84' lang='lat' dir='ltr'><strong>prophetarum</strong></span> <span class='ocrx_word' id='word_1_580' title='bbox 2657 4063 2781 4108; x_wconf 88' lang='lat' dir='ltr'><strong>ante</strong></span> <span class='ocrx_word' id='word_1_581' title='bbox 2813 4053 3104 4109; x_wconf 90' lang='lat' dir='ltr'><strong>adventum</strong></span> <span class='ocrx_word' id='word_1_582' title='bbox 3139 4053 3353 4110; x_wconf 88' lang='lat' dir='ltr'><strong>Domini</strong></span> <span class='ocrx_word' id='word_1_583' title='bbox 3387 4055 3636 4110; x_wconf 88' lang='lat' dir='ltr'><strong>Salvatoris</strong></span> 
     </span>
    </p>
   </div>
   <div class='ocr_carea' id='block_1_43' title="bbox 436 4147 3635 4221">
    <p class='ocr_par' dir='ltr' id='par_1_43' title="bbox 436 4147 3635 4221">
     <span class='ocr_line' id='line_1_43' title="bbox 436 4147 3635 4221; baseline 0 -18"><span class='ocrx_word' id='word_1_584' title='bbox 436 4151 647 4205; x_wconf 91' lang='lat' dir='ltr'><strong>divinas</strong></span> <span class='ocrx_word' id='word_1_585' title='bbox 681 4150 823 4219; x_wconf 88' lang='lat' dir='ltr'><strong>leges</strong></span> <span class='ocrx_word' id='word_1_586' title='bbox 857 4149 1055 4205; x_wconf 87' lang='lat' dir='ltr'><strong>litteris</strong></span> <span class='ocrx_word' id='word_1_587' title='bbox 1085 4151 1394 4221; x_wconf 81' lang='lat' dir='ltr'><strong>explicavit,</strong></span> <span class='ocrx_word' id='word_1_588' title='bbox 1422 4148 1603 4202; x_wconf 91' lang='lat' dir='ltr'><strong>Inachi</strong></span> <span class='ocrx_word' id='word_1_589' title='bbox 1640 4147 1810 4202; x_wconf 90' lang='lat' dir='ltr'><strong>fuisse</strong></span> <span class='ocrx_word' id='word_1_590' title='bbox 1842 4148 2176 4216; x_wconf 73' lang='lat' dir='ltr'><strong>temporibus</strong></span> <span class='ocrx_word' id='word_1_591' title='bbox 2202 4149 2556 4205; x_wconf 86' lang='lat' dir='ltr'><strong>eruditissimi</strong></span> <span class='ocrx_word' id='word_1_592' title='bbox 2582 4151 2682 4204; x_wconf 88' lang='lat' dir='ltr'><strong>viri</strong></span> <span class='ocrx_word' id='word_1_593' title='bbox 2708 4150 3070 4214; x_wconf 88' lang='lat' dir='ltr'><strong>tradiderunt,</strong></span> <span class='ocrx_word' id='word_1_594' title='bbox 3100 4166 3167 4204; x_wconf 85' lang='lat' dir='ltr'><strong>ex</strong></span> <span class='ocrx_word' id='word_1_595' title='bbox 3201 4152 3407 4206; x_wconf 89' lang='lat' dir='ltr'><strong>nostris</strong></span> <span class='ocrx_word' id='word_1_596' title='bbox 3429 4150 3635 4206; x_wconf 86' lang='lat' dir='ltr'><strong>Clemens</strong></span> 
     </span>
    </p>
   </div>
   <div class='ocr_carea' id='block_1_44' title="bbox 434 4237 3634 4314">
    <p class='ocr_par' dir='ltr' id='par_1_44' title="bbox 434 4237 3634 4314">
     <span class='ocr_line' id='line_1_44' title="bbox 434 4237 3634 4314; baseline 0 -19"><span class='ocrx_word' id='word_1_597' title='bbox 434 4249 488 4295; x_wconf 92' lang='lat' dir='ltr'><strong>et</strong></span> <span class='ocrx_word' id='word_1_598' title='bbox 519 4239 830 4306; x_wconf 88' lang='lat' dir='ltr'><strong>Africanus,</strong></span> <span class='ocrx_word' id='word_1_599' title='bbox 860 4247 915 4294; x_wconf 90' lang='lat' dir='ltr'><strong>et</strong></span> <span class='ocrx_word' id='word_1_600' title='bbox 944 4239 1238 4306; x_wconf 89' lang='lat' dir='ltr'><strong>Tatianus;</strong></span> <span class='ocrx_word' id='word_1_601' title='bbox 1271 4257 1335 4296; x_wconf 86' lang='lat' dir='ltr'><strong>ex</strong></span> <span class='ocrx_word' id='word_1_602' title='bbox 1361 4239 1562 4294; x_wconf 64' lang='lat' dir='ltr'><strong>Iudaeis</strong></span> <span class='ocrx_word' id='word_1_603' title='bbox 1594 4237 1863 4307; x_wconf 85' lang='lat' dir='ltr'><strong>Josephus</strong></span> <span class='ocrx_word' id='word_1_604' title='bbox 1909 4249 1961 4292; x_wconf 89' lang='lat' dir='ltr'><strong>et</strong></span> <span class='ocrx_word' id='word_1_605' title='bbox 1995 4237 2206 4303; x_wconf 87' lang='lat' dir='ltr'><strong>Justus,</strong></span> <span class='ocrx_word' id='word_1_606' title='bbox 2242 4242 2439 4295; x_wconf 84' lang='lat' dir='ltr'><strong>veteris</strong></span> <span class='ocrx_word' id='word_1_607' title='bbox 2466 4242 2707 4297; x_wconf 67' lang='lat' dir='ltr'><strong>historia:</strong></span> <span class='ocrx_word' id='word_1_608' title='bbox 2752 4253 3100 4299; x_wconf 88' lang='lat' dir='ltr'><strong>monumenta</strong></span> <span class='ocrx_word' id='word_1_609' title='bbox 3131 4245 3471 4314; x_wconf 87' lang='lat' dir='ltr'><strong>replicantes.</strong></span> <span class='ocrx_word' id='word_1_610' title='bbox 3503 4245 3634 4299; x_wconf 88' lang='lat' dir='ltr'><strong>Porro</strong></span> 
     </span>
    </p>
   </div>
   <div class='ocr_carea' id='block_1_45' title="bbox 436 4332 3643 4412">
    <p class='ocr_par' dir='ltr' id='par_1_45' title="bbox 436 4332 3643 4412">
     <span class='ocr_line' id='line_1_45' title="bbox 436 4332 3643 4412; baseline 0.001 -24"><span class='ocrx_word' id='word_1_611' title='bbox 436 4333 668 4388; x_wconf 91' lang='lat' dir='ltr'><strong>Inachus</strong></span> <span class='ocrx_word' id='word_1_612' title='bbox 698 4333 1009 4404; x_wconf 88' lang='lat' dir='ltr'><strong>quingentis</strong></span> <span class='ocrx_word' id='word_1_613' title='bbox 1047 4334 1205 4389; x_wconf 89' lang='lat' dir='ltr'><strong>annis</strong></span> <span class='ocrx_word' id='word_1_614' title='bbox 1237 4333 1533 4403; x_wconf 83' lang='lat' dir='ltr'><strong>Trojanum</strong></span> <span class='ocrx_word' id='word_1_615' title='bbox 1564 4333 1763 4388; x_wconf 91' lang='lat' dir='ltr'><strong>bellum</strong></span> <span class='ocrx_word' id='word_1_616' title='bbox 1814 4332 2101 4387; x_wconf 85' lang='lat' dir='ltr'><strong>antecedit.</strong></span> <span class='ocrx_word' id='word_1_617' title='bbox 2145 4334 2223 4388; x_wconf 89' lang='lat' dir='ltr'><strong>Ex</strong></span> <span class='ocrx_word' id='word_1_618' title='bbox 2250 4336 2483 4392; x_wconf 88' lang='lat' dir='ltr'><strong>ethnicis</strong></span> <span class='ocrx_word' id='word_1_619' title='bbox 2522 4353 2649 4393; x_wconf 89' lang='lat' dir='ltr'><strong>vero</strong></span> <span class='ocrx_word' id='word_1_620' title='bbox 2678 4339 2878 4409; x_wconf 91' lang='lat' dir='ltr'><strong>impius</strong></span> <span class='ocrx_word' id='word_1_621' title='bbox 2915 4341 3004 4396; x_wconf 93' lang='lat' dir='ltr'><strong>ille</strong></span> <span class='ocrx_word' id='word_1_622' title='bbox 3035 4339 3372 4412; x_wconf 83' lang='lat' dir='ltr'><strong>Porphyrius</strong></span> <span class='ocrx_word' id='word_1_623' title='bbox 3401 4343 3451 4395; x_wconf 90' lang='lat' dir='ltr'><strong>in</strong></span> <span class='ocrx_word' id='word_1_624' title='bbox 3481 4350 3643 4412; x_wconf 30' lang='lat' dir='ltr'><strong>quarto.</strong></span> 
     </span>
    </p>
   </div>
   <div class='ocr_carea' id='block_1_46' title="bbox 435 4425 3634 4504">
    <p class='ocr_par' dir='ltr' id='par_1_46' title="bbox 435 4425 3634 4504">
     <span class='ocr_line' id='line_1_46' title="bbox 435 4425 3634 4504; baseline 0.003 -24"><span class='ocrx_word' id='word_1_625' title='bbox 435 4427 615 4497; x_wconf 89' lang='lat' dir='ltr'><strong>operis</strong></span> <span class='ocrx_word' id='word_1_626' title='bbox 640 4428 723 4482; x_wconf 91' lang='lat' dir='ltr'><strong>sui</strong></span> <span class='ocrx_word' id='word_1_627' title='bbox 753 4427 910 4491; x_wconf 90' lang='lat' dir='ltr'><strong>libro,</strong></span> <span class='ocrx_word' id='word_1_628' title='bbox 936 4425 1080 4496; x_wconf 91' lang='lat' dir='ltr'><strong>quod</strong></span> <span class='ocrx_word' id='word_1_629' title='bbox 1113 4427 1402 4482; x_wconf 90' lang='lat' dir='ltr'><strong>adversum</strong></span> <span class='ocrx_word' id='word_1_630' title='bbox 1435 4441 1536 4480; x_wconf 92' lang='lat' dir='ltr'><strong>nos</strong></span> <span class='ocrx_word' id='word_1_631' title='bbox 1572 4440 1732 4480; x_wconf 89' lang='lat' dir='ltr'><strong>casso</strong></span> <span class='ocrx_word' id='word_1_632' title='bbox 1755 4425 1939 4479; x_wconf 89' lang='lat' dir='ltr'><strong>labore</strong></span> <span class='ocrx_word' id='word_1_633' title='bbox 1972 4429 2271 4490; x_wconf 86' lang='lat' dir='ltr'><strong>contexuit,</strong></span> <span class='ocrx_word' id='word_1_634' title='bbox 2297 4437 2420 4498; x_wconf 88' lang='lat' dir='ltr'><strong>post</strong></span> <span class='ocrx_word' id='word_1_635' title='bbox 2452 4429 2691 4502; x_wconf 80' lang='lat' dir='ltr'><strong>Moysem</strong></span> <span class='ocrx_word' id='word_1_636' title='bbox 2721 4431 3063 4488; x_wconf 89' lang='lat' dir='ltr'><strong>Semiramim</strong></span> <span class='ocrx_word' id='word_1_637' title='bbox 3091 4435 3260 4492; x_wconf 88' lang='lat' dir='ltr'><strong>fuisse</strong></span> <span class='ocrx_word' id='word_1_638' title='bbox 3289 4438 3634 4504; x_wconf 51' lang='lat' dir='ltr'><strong>adiuuantium</strong></span> 
     </span>
    </p>
   </div>
   <div class='ocr_carea' id='block_1_47' title="bbox 434 4515 3632 4599">
    <p class='ocr_par' dir='ltr' id='par_1_47' title="bbox 434 4515 3632 4599">
     <span class='ocr_line' id='line_1_47' title="bbox 434 4515 3632 4599; baseline 0.002 -28"><span class='ocrx_word' id='word_1_639' title='bbox 434 4517 577 4586; x_wconf 89' lang='lat' dir='ltr'><strong>apud</strong></span> <span class='ocrx_word' id='word_1_640' title='bbox 617 4517 872 4588; x_wconf 85' lang='lat' dir='ltr'><strong>Assyrios</strong></span> <span class='ocrx_word' id='word_1_641' title='bbox 903 4531 966 4569; x_wconf 87' lang='lat' dir='ltr'><strong>CL</strong></span> <span class='ocrx_word' id='word_1_642' title='bbox 1007 4523 1132 4570; x_wconf 91' lang='lat' dir='ltr'><strong>ante</strong></span> <span class='ocrx_word' id='word_1_643' title='bbox 1163 4516 1426 4570; x_wconf 90' lang='lat' dir='ltr'><strong>Inachum</strong></span> <span class='ocrx_word' id='word_1_644' title='bbox 1457 4517 1702 4586; x_wconf 84' lang='lat' dir='ltr'><strong>regnavit</strong></span> <span class='ocrx_word' id='word_1_645' title='bbox 1731 4530 1924 4570; x_wconf 90' lang='lat' dir='ltr'><strong>annos.</strong></span> <span class='ocrx_word' id='word_1_646' title='bbox 1958 4515 2148 4588; x_wconf 91' lang='lat' dir='ltr'><strong>Itaque</strong></span> <span class='ocrx_word' id='word_1_647' title='bbox 2199 4520 2354 4587; x_wconf 85' lang='lat' dir='ltr'><strong>juxta</strong></span> <span class='ocrx_word' id='word_1_648' title='bbox 2407 4536 2528 4574; x_wconf 89' lang='lat' dir='ltr'><strong>cum</strong></span> <span class='ocrx_word' id='word_1_649' title='bbox 2563 4537 2690 4576; x_wconf 82' lang='lat' dir='ltr'><strong>nccc</strong></span> <span class='ocrx_word' id='word_1_650' title='bbox 2717 4540 2852 4594; x_wconf 91' lang='lat' dir='ltr'><strong>pene</strong></span> <span class='ocrx_word' id='word_1_651' title='bbox 2883 4534 2937 4581; x_wconf 89' lang='lat' dir='ltr'><strong>et</strong></span> <span class='ocrx_word' id='word_1_652' title='bbox 2972 4543 3001 4580; x_wconf 87' lang='lat' dir='ltr'><strong>L</strong></span> <span class='ocrx_word' id='word_1_653' title='bbox 3058 4529 3218 4584; x_wconf 88' lang='lat' dir='ltr'><strong>annis</strong></span> <span class='ocrx_word' id='word_1_654' title='bbox 3271 4529 3496 4599; x_wconf 87' lang='lat' dir='ltr'><strong>Trojano</strong></span> <span class='ocrx_word' id='word_1_655' title='bbox 3522 4525 3632 4582; x_wconf 90' lang='lat' dir='ltr'><strong>bello</strong></span> 
     </span>
    </p>
   </div>
   <div class='ocr_carea' id='block_1_48' title="bbox 435 4609 3630 4694">
    <p class='ocr_par' dir='ltr' id='par_1_48' title="bbox 435 4609 3630 4694">
     <span class='ocr_line' id='line_1_48' title="bbox 435 4609 3630 4694; baseline 0.002 -28"><span class='ocrx_word' id='word_1_656' title='bbox 435 4609 645 4682; x_wconf 75' lang='lat' dir='ltr'><strong>Moyses</strong></span> <span class='ocrx_word' id='word_1_657' title='bbox 675 4609 859 4664; x_wconf 91' lang='lat' dir='ltr'><strong>senior</strong></span> <span class='ocrx_word' id='word_1_658' title='bbox 890 4610 1183 4664; x_wconf 87' lang='lat' dir='ltr'><strong>invenitur.</strong></span> <span class='ocrx_word' id='word_1_659' title='bbox 1214 4609 1351 4664; x_wconf 90' lang='lat' dir='ltr'><strong>Cum</strong></span> <span class='ocrx_word' id='word_1_660' title='bbox 1378 4609 1493 4663; x_wconf 64' lang='lat' dir='ltr'><strong>hmo</strong></span> <span class='ocrx_word' id='word_1_661' title='bbox 1518 4611 1593 4663; x_wconf 88' lang='lat' dir='ltr'><strong>ita</strong></span> <span class='ocrx_word' id='word_1_662' title='bbox 1621 4625 1680 4665; x_wconf 88' lang='lat' dir='ltr'><strong>se</strong></span> <span class='ocrx_word' id='word_1_663' title='bbox 1706 4610 1961 4674; x_wconf 89' lang='lat' dir='ltr'><strong>habeant,</strong></span> <span class='ocrx_word' id='word_1_664' title='bbox 1984 4615 2352 4667; x_wconf 88' lang='lat' dir='ltr'><strong>necessarium</strong></span> <span class='ocrx_word' id='word_1_665' title='bbox 2377 4613 2506 4668; x_wconf 90' lang='lat' dir='ltr'><strong>duxi</strong></span> <span class='ocrx_word' id='word_1_666' title='bbox 2540 4618 2824 4674; x_wconf 90' lang='lat' dir='ltr'><strong>veritatem</strong></span> <span class='ocrx_word' id='word_1_667' title='bbox 2849 4621 3163 4692; x_wconf 75' lang='lat' dir='ltr'><strong>diligentius</strong></span> <span class='ocrx_word' id='word_1_668' title='bbox 3186 4625 3434 4694; x_wconf 89' lang='lat' dir='ltr'><strong>persequi</strong></span> <span class='ocrx_word' id='word_1_669' title='bbox 3462 4643 3473 4678; x_wconf 91' lang='lat'><strong>:</strong></span> <span class='ocrx_word' id='word_1_670' title='bbox 3509 4631 3553 4677; x_wconf 90' lang='lat' dir='ltr'><strong>et</strong></span> <span class='ocrx_word' id='word_1_671' title='bbox 3577 4621 3630 4674; x_wconf 89' lang='lat' dir='ltr'><strong>ob</strong></span> 
     </span>
    </p>
   </div>
   <div class='ocr_carea' id='block_1_49' title="bbox 435 4701 3630 4786">
    <p class='ocr_par' dir='ltr' id='par_1_49' title="bbox 435 4701 3630 4786">
     <span class='ocr_line' id='line_1_49' title="bbox 435 4701 3630 4786; baseline 0.004 -31"><span class='ocrx_word' id='word_1_672' title='bbox 435 4701 487 4757; x_wconf 93' lang='lat' dir='ltr'><strong>id</strong></span> <span class='ocrx_word' id='word_1_673' title='bbox 511 4703 566 4756; x_wconf 91' lang='lat' dir='ltr'><strong>in</strong></span> <span class='ocrx_word' id='word_1_674' title='bbox 592 4702 756 4773; x_wconf 91' lang='lat' dir='ltr'><strong>priori</strong></span> <span class='ocrx_word' id='word_1_675' title='bbox 781 4702 920 4756; x_wconf 88' lang='lat' dir='ltr'><strong>libro</strong></span> <span class='ocrx_word' id='word_1_676' title='bbox 943 4701 1098 4771; x_wconf 90' lang='lat' dir='ltr'><strong>quasi</strong></span> <span class='ocrx_word' id='word_1_677' title='bbox 1119 4701 1409 4772; x_wconf 90' lang='lat' dir='ltr'><strong>quamdam</strong></span> <span class='ocrx_word' id='word_1_678' title='bbox 1441 4702 1723 4756; x_wconf 90' lang='lat' dir='ltr'><strong>materiam</strong></span> <span class='ocrx_word' id='word_1_679' title='bbox 1755 4702 1941 4757; x_wconf 85' lang='lat' dir='ltr'><strong>futuro</strong></span> <span class='ocrx_word' id='word_1_680' title='bbox 1972 4705 2124 4778; x_wconf 80' lang='lat' dir='ltr'><strong>Operi</strong></span> <span class='ocrx_word' id='word_1_681' title='bbox 2156 4705 2398 4759; x_wconf 92' lang='lat' dir='ltr'><strong>omnium</strong></span> <span class='ocrx_word' id='word_1_682' title='bbox 2433 4723 2617 4778; x_wconf 88' lang='lat' dir='ltr'><strong>regum</strong></span> <span class='ocrx_word' id='word_1_683' title='bbox 2669 4711 2800 4764; x_wconf 91' lang='lat' dir='ltr'><strong>mihi</strong></span> <span class='ocrx_word' id='word_1_684' title='bbox 2836 4720 3082 4783; x_wconf 91' lang='lat' dir='ltr'><strong>tempora</strong></span> <span class='ocrx_word' id='word_1_685' title='bbox 3135 4719 3428 4786; x_wconf 71' lang='lat' dir='ltr'><strong>pmootavi</strong></span> <span class='ocrx_word' id='word_1_686' title='bbox 3454 4757 3468 4781; x_wconf 92' lang='lat'><strong>,</strong></span> <span class='ocrx_word' id='word_1_687' title='bbox 3503 4715 3630 4770; x_wconf 86' lang='lat' dir='ltr'><strong>Chal-</strong></span> 
     </span>
    </p>
   </div>
   <div class='ocr_carea' id='block_1_50' title="bbox 433 4793 3629 4876">
    <p class='ocr_par' dir='ltr' id='par_1_50' title="bbox 433 4793 3629 4876">
     <span class='ocr_line' id='line_1_50' title="bbox 433 4793 3629 4876; baseline 0.004 -26"><span class='ocrx_word' id='word_1_688' title='bbox 433 4797 695 4860; x_wconf 65' lang='lat' dir='ltr'><strong>daeorum,</strong></span> <span class='ocrx_word' id='word_1_689' title='bbox 725 4794 1096 4865; x_wconf 80' lang='lat' dir='ltr'><strong>Assyriorum,</strong></span> <span class='ocrx_word' id='word_1_690' title='bbox 1131 4793 1433 4859; x_wconf 85' lang='lat' dir='ltr'><strong>Medorum,</strong></span> <span class='ocrx_word' id='word_1_691' title='bbox 1470 4793 1786 4858; x_wconf 89' lang='lat' dir='ltr'><strong>Persarum,</strong></span> <span class='ocrx_word' id='word_1_692' title='bbox 1818 4795 2116 4866; x_wconf 84' lang='lat' dir='ltr'><strong>Lydorum,</strong></span> <span class='ocrx_word' id='word_1_693' title='bbox 2168 4798 2543 4865; x_wconf 81' lang='lat' dir='ltr'><strong>Hebraeorum,</strong></span> <span class='ocrx_word' id='word_1_694' title='bbox 2581 4800 2984 4874; x_wconf 65' lang='lat' dir='ltr'><strong>Egyptiorum,</strong></span> <span class='ocrx_word' id='word_1_695' title='bbox 3009 4807 3396 4876; x_wconf 80' lang='lat' dir='ltr'><strong>Macedonum,</strong></span> <span class='ocrx_word' id='word_1_696' title='bbox 3450 4810 3629 4866; x_wconf 84' lang='lat' dir='ltr'><strong>Latino-</strong></span> 
     </span>
    </p>
   </div>
   <div class='ocr_carea' id='block_1_51' title="bbox 434 4885 3628 4972">
    <p class='ocr_par' dir='ltr' id='par_1_51' title="bbox 434 4885 3628 4972">
     <span class='ocr_line' id='line_1_51' title="bbox 434 4885 3628 4972; baseline 0.004 -30"><span class='ocrx_word' id='word_1_697' title='bbox 434 4903 578 4955; x_wconf 85' lang='lat' dir='ltr'><strong>rum,</strong></span> <span class='ocrx_word' id='word_1_698' title='bbox 611 4888 702 4957; x_wconf 89' lang='lat' dir='ltr'><strong>qui</strong></span> <span class='ocrx_word' id='word_1_699' title='bbox 727 4893 915 4957; x_wconf 85' lang='lat' dir='ltr'><strong>postea</strong></span> <span class='ocrx_word' id='word_1_700' title='bbox 938 4885 1170 4942; x_wconf 85' lang='lat' dir='ltr'><strong>Romani</strong></span> <span class='ocrx_word' id='word_1_701' title='bbox 1195 4887 1497 4956; x_wconf 90' lang='lat' dir='ltr'><strong>nuncupati</strong></span> <span class='ocrx_word' id='word_1_702' title='bbox 1535 4895 1697 4952; x_wconf 91' lang='lat' dir='ltr'><strong>sunt;</strong></span> <span class='ocrx_word' id='word_1_703' title='bbox 1728 4889 1780 4942; x_wconf 93' lang='lat' dir='ltr'><strong>in</strong></span> <span class='ocrx_word' id='word_1_704' title='bbox 1806 4891 2058 4958; x_wconf 69' lang='lat' dir='ltr'><strong>prmsenti</strong></span> <span class='ocrx_word' id='word_1_705' title='bbox 2092 4900 2295 4957; x_wconf 89' lang='lat' dir='ltr'><strong>autem,</strong></span> <span class='ocrx_word' id='word_1_706' title='bbox 2332 4894 2472 4962; x_wconf 84' lang='lat' dir='ltr'><strong>stylo</strong></span> <span class='ocrx_word' id='word_1_707' title='bbox 2503 4895 2690 4949; x_wconf 89' lang='lat' dir='ltr'><strong>eadem</strong></span> <span class='ocrx_word' id='word_1_708' title='bbox 2725 4905 2966 4967; x_wconf 91' lang='lat' dir='ltr'><strong>tempora</strong></span> <span class='ocrx_word' id='word_1_709' title='bbox 2994 4908 3184 4955; x_wconf 89' lang='lat' dir='ltr'><strong>contra</strong></span> <span class='ocrx_word' id='word_1_710' title='bbox 3214 4919 3274 4957; x_wconf 89' lang='lat' dir='ltr'><strong>se</strong></span> <span class='ocrx_word' id='word_1_711' title='bbox 3319 4904 3530 4958; x_wconf 88' lang='lat' dir='ltr'><strong>invicem</strong></span> <span class='ocrx_word' id='word_1_712' title='bbox 3552 4917 3628 4972; x_wconf 88' lang='lat' dir='ltr'><strong>po-</strong></span> 
     </span>
    </p>
   </div>
   <div class='ocr_carea' id='block_1_52' title="bbox 436 4979 3626 5060">
    <p class='ocr_par' dir='ltr' id='par_1_52' title="bbox 436 4979 3626 5060">
     <span class='ocr_line' id='line_1_52' title="bbox 436 4979 3626 5060; baseline 0.003 -24"><span class='ocrx_word' id='word_1_713' title='bbox 436 4997 592 5046; x_wconf 86' lang='lat' dir='ltr'><strong>nens,</strong></span> <span class='ocrx_word' id='word_1_714' title='bbox 626 4990 679 5035; x_wconf 89' lang='lat' dir='ltr'><strong>et</strong></span> <span class='ocrx_word' id='word_1_715' title='bbox 713 4979 1052 5048; x_wconf 88' lang='lat' dir='ltr'><strong>singularum</strong></span> <span class='ocrx_word' id='word_1_716' title='bbox 1085 4979 1328 5049; x_wconf 88' lang='lat' dir='ltr'><strong>gentium</strong></span> <span class='ocrx_word' id='word_1_717' title='bbox 1382 4993 1554 5032; x_wconf 90' lang='lat' dir='ltr'><strong>annos</strong></span> <span class='ocrx_word' id='word_1_718' title='bbox 1599 4980 1979 5047; x_wconf 88' lang='lat' dir='ltr'><strong>dinumerans,</strong></span> <span class='ocrx_word' id='word_1_719' title='bbox 2017 4983 2232 5053; x_wconf 89' lang='lat' dir='ltr'><strong>utquid</strong></span> <span class='ocrx_word' id='word_1_720' title='bbox 2288 4993 2620 5041; x_wconf 58' lang='lat' dir='ltr'><strong>coaetaneum</strong></span> <span class='ocrx_word' id='word_1_721' title='bbox 2667 4989 2865 5060; x_wconf 89' lang='lat' dir='ltr'><strong>cuique</strong></span> <span class='ocrx_word' id='word_1_722' title='bbox 2911 4991 3046 5058; x_wconf 91' lang='lat' dir='ltr'><strong>fuit,</strong></span> <span class='ocrx_word' id='word_1_723' title='bbox 3108 4995 3181 5048; x_wconf 90' lang='lat' dir='ltr'><strong>ita</strong></span> <span class='ocrx_word' id='word_1_724' title='bbox 3215 4997 3430 5052; x_wconf 90' lang='lat' dir='ltr'><strong>curioso</strong></span> <span class='ocrx_word' id='word_1_725' title='bbox 3472 4994 3626 5050; x_wconf 89' lang='lat' dir='ltr'><strong>ordine</strong></span> 
     </span>
    </p>
   </div>
   <div class='ocr_carea' id='block_1_53' title="bbox 434 5071 3624 5158">
    <p class='ocr_par' dir='ltr' id='par_1_53' title="bbox 434 5071 3624 5158">
     <span class='ocr_line' id='line_1_53' title="bbox 434 5071 3624 5158; baseline 0.003 -29"><span class='ocrx_word' id='word_1_726' title='bbox 434 5075 700 5144; x_wconf 89' lang='lat' dir='ltr'><strong>coaptavi.</strong></span> <span class='ocrx_word' id='word_1_727' title='bbox 736 5071 922 5143; x_wconf 87' lang='lat' dir='ltr'><strong>Neque</strong></span> <span class='ocrx_word' id='word_1_728' title='bbox 953 5088 1039 5127; x_wconf 92' lang='lat' dir='ltr'><strong>me</strong></span> <span class='ocrx_word' id='word_1_729' title='bbox 1069 5072 1205 5142; x_wconf 81' lang='lat' dir='ltr'><strong>fugit</strong></span> <span class='ocrx_word' id='word_1_730' title='bbox 1245 5073 1301 5126; x_wconf 91' lang='lat' dir='ltr'><strong>in</strong></span> <span class='ocrx_word' id='word_1_731' title='bbox 1327 5071 1567 5128; x_wconf 74' lang='lat' dir='ltr'><strong>Hebraeis</strong></span> <span class='ocrx_word' id='word_1_732' title='bbox 1593 5074 1875 5130; x_wconf 89' lang='lat' dir='ltr'><strong>codicibus</strong></span> <span class='ocrx_word' id='word_1_733' title='bbox 1921 5077 2267 5133; x_wconf 85' lang='lat' dir='ltr'><strong>dissonantes</strong></span> <span class='ocrx_word' id='word_1_734' title='bbox 2296 5089 2510 5134; x_wconf 57' lang='lat' dir='ltr'><strong>aetatum</strong></span> <span class='ocrx_word' id='word_1_735' title='bbox 2547 5096 2720 5136; x_wconf 90' lang='lat' dir='ltr'><strong>annos</strong></span> <span class='ocrx_word' id='word_1_736' title='bbox 2770 5083 3021 5148; x_wconf 84' lang='lat' dir='ltr'><strong>inveniri,</strong></span> <span class='ocrx_word' id='word_1_737' title='bbox 3054 5087 3284 5158; x_wconf 92' lang='lat' dir='ltr'><strong>plusque</strong></span> <span class='ocrx_word' id='word_1_738' title='bbox 3333 5089 3412 5143; x_wconf 85' lang='lat' dir='ltr'><strong>vel</strong></span> <span class='ocrx_word' id='word_1_739' title='bbox 3453 5088 3624 5146; x_wconf 86' lang='lat' dir='ltr'><strong>minus.</strong></span> 
     </span>
    </p>
   </div>
   <div class='ocr_carea' id='block_1_54' title="bbox 437 5167 3624 5251">
    <p class='ocr_par' dir='ltr' id='par_1_54' title="bbox 437 5167 3624 5251">
     <span class='ocr_line' id='line_1_54' title="bbox 437 5167 3624 5251; baseline 0.003 -28"><span class='ocrx_word' id='word_1_740' title='bbox 437 5176 593 5238; x_wconf 89' lang='lat' dir='ltr'><strong>prout</strong></span> <span class='ocrx_word' id='word_1_741' title='bbox 627 5167 1015 5238; x_wconf 89' lang='lat' dir='ltr'><strong>interpretibus</strong></span> <span class='ocrx_word' id='word_1_742' title='bbox 1043 5168 1220 5222; x_wconf 89' lang='lat' dir='ltr'><strong>visum</strong></span> <span class='ocrx_word' id='word_1_743' title='bbox 1264 5174 1367 5232; x_wconf 89' lang='lat' dir='ltr'><strong>est,</strong></span> <span class='ocrx_word' id='word_1_744' title='bbox 1396 5169 1670 5223; x_wconf 86' lang='lat' dir='ltr'><strong>lectitari:</strong></span> <span class='ocrx_word' id='word_1_745' title='bbox 1707 5173 2155 5243; x_wconf 88' lang='lat' dir='ltr'><strong>sequendumque</strong></span> <span class='ocrx_word' id='word_1_746' title='bbox 2204 5174 2334 5227; x_wconf 88' lang='lat' dir='ltr'><strong>illud</strong></span> <span class='ocrx_word' id='word_1_747' title='bbox 2373 5178 2572 5244; x_wconf 89' lang='lat' dir='ltr'><strong>potius,</strong></span> <span class='ocrx_word' id='word_1_748' title='bbox 2611 5179 2755 5247; x_wconf 92' lang='lat' dir='ltr'><strong>quod</strong></span> <span class='ocrx_word' id='word_1_749' title='bbox 2786 5182 3240 5251; x_wconf 76' lang='lat' dir='ltr'><strong>exemplariorum</strong></span> <span class='ocrx_word' id='word_1_750' title='bbox 3280 5181 3546 5237; x_wconf 88' lang='lat' dir='ltr'><strong>multitudo</strong></span> <span class='ocrx_word' id='word_1_751' title='bbox 3584 5177 3624 5228; x_wconf 88' lang='lat' dir='ltr'><strong>in</strong></span> 
     </span>
    </p>
   </div>
   <div class='ocr_carea' id='block_1_55' title="bbox 434 5259 3625 5346">
    <p class='ocr_par' dir='ltr' id='par_1_55' title="bbox 434 5259 3625 5346">
     <span class='ocr_line' id='line_1_55' title="bbox 434 5259 3625 5346; baseline 0.003 -32"><span class='ocrx_word' id='word_1_752' title='bbox 434 5262 592 5316; x_wconf 83' lang='lat' dir='ltr'><strong>fidem</strong></span> <span class='ocrx_word' id='word_1_753' title='bbox 627 5262 811 5316; x_wconf 86' lang='lat' dir='ltr'><strong>traxit.</strong></span> <span class='ocrx_word' id='word_1_754' title='bbox 847 5259 1049 5317; x_wconf 79' lang='lat' dir='ltr'><strong>Verum</strong></span> <span class='ocrx_word' id='word_1_755' title='bbox 1080 5270 1358 5332; x_wconf 90' lang='lat' dir='ltr'><strong>utcunque</strong></span> <span class='ocrx_word' id='word_1_756' title='bbox 1387 5262 1512 5333; x_wconf 89' lang='lat' dir='ltr'><strong>quis</strong></span> <span class='ocrx_word' id='word_1_757' title='bbox 1543 5265 1688 5319; x_wconf 89' lang='lat' dir='ltr'><strong>volet</strong></span> <span class='ocrx_word' id='word_1_758' title='bbox 1736 5275 2036 5335; x_wconf 87' lang='lat' dir='ltr'><strong>computet,</strong></span> <span class='ocrx_word' id='word_1_759' title='bbox 2069 5277 2123 5321; x_wconf 90' lang='lat' dir='ltr'><strong>et</strong></span> <span class='ocrx_word' id='word_1_760' title='bbox 2161 5271 2393 5338; x_wconf 86' lang='lat' dir='ltr'><strong>reperiet</strong></span> <span class='ocrx_word' id='word_1_761' title='bbox 2427 5268 2610 5325; x_wconf 90' lang='lat' dir='ltr'><strong>Inachi</strong></span> <span class='ocrx_word' id='word_1_762' title='bbox 2662 5274 3019 5343; x_wconf 90' lang='lat' dir='ltr'><strong>temporibus,</strong></span> <span class='ocrx_word' id='word_1_763' title='bbox 3048 5291 3207 5345; x_wconf 90' lang='lat' dir='ltr'><strong>quem</strong></span> <span class='ocrx_word' id='word_1_764' title='bbox 3245 5277 3468 5346; x_wconf 85' lang='lat' dir='ltr'><strong>primum</strong></span> <span class='ocrx_word' id='word_1_765' title='bbox 3499 5271 3625 5338; x_wconf 75' lang='lat' dir='ltr'><strong>Argis</strong></span> 
     </span>
    </p>
   </div>
   <div class='ocr_carea' id='block_1_56' title="bbox 431 5353 3623 5430">
    <p class='ocr_par' dir='ltr' id='par_1_56' title="bbox 431 5353 3623 5430">
     <span class='ocr_line' id='line_1_56' title="bbox 431 5353 3623 5430; baseline 0.003 -23"><span class='ocrx_word' id='word_1_766' title='bbox 431 5368 688 5424; x_wconf 84' lang='lat' dir='ltr'><strong>regnasse</strong></span> <span class='ocrx_word' id='word_1_767' title='bbox 711 5355 882 5419; x_wconf 89' lang='lat' dir='ltr'><strong>aiunt,</strong></span> <span class='ocrx_word' id='word_1_768' title='bbox 912 5354 1278 5424; x_wconf 88' lang='lat' dir='ltr'><strong>patriarcham</strong></span> <span class='ocrx_word' id='word_1_769' title='bbox 1310 5353 1659 5410; x_wconf 72' lang='lat' dir='ltr'><strong>Hebraeorum</strong></span> <span class='ocrx_word' id='word_1_770' title='bbox 1689 5355 1859 5412; x_wconf 85' lang='lat' dir='ltr'><strong>fuisse</strong></span> <span class='ocrx_word' id='word_1_771' title='bbox 1891 5356 2140 5414; x_wconf 89' lang='lat' dir='ltr'><strong>Israelem</strong></span> <span class='ocrx_word' id='word_1_772' title='bbox 2175 5378 2188 5413; x_wconf 90' lang='lat'><strong>:</strong></span> <span class='ocrx_word' id='word_1_773' title='bbox 2225 5376 2254 5413; x_wconf 90' lang='lat' dir='ltr'><strong>a</strong></span> <span class='ocrx_word' id='word_1_774' title='bbox 2282 5376 2391 5430; x_wconf 92' lang='lat' dir='ltr'><strong>quo</strong></span> <span class='ocrx_word' id='word_1_775' title='bbox 2439 5362 2727 5418; x_wconf 92' lang='lat' dir='ltr'><strong>duodecim</strong></span> <span class='ocrx_word' id='word_1_776' title='bbox 2770 5364 3084 5421; x_wconf 62' lang='lat' dir='ltr'><strong>Judmorum</strong></span> <span class='ocrx_word' id='word_1_777' title='bbox 3125 5369 3299 5423; x_wconf 91' lang='lat' dir='ltr'><strong>tribus</strong></span> <span class='ocrx_word' id='word_1_778' title='bbox 3334 5365 3529 5422; x_wconf 87' lang='lat' dir='ltr'><strong>Israelis</strong></span> <span class='ocrx_word' id='word_1_779' title='bbox 3551 5377 3623 5416; x_wconf 68' lang='lat' dir='ltr'><strong>Io-</strong></span> 
     </span>
    </p>
   </div>
   <div class='ocr_carea' id='block_1_57' title="bbox 428 5443 3622 5523">
    <p class='ocr_par' dir='ltr' id='par_1_57' title="bbox 428 5443 3622 5523">
     <span class='ocr_line' id='line_1_57' title="bbox 428 5443 3622 5523; baseline 0.004 -26"><span class='ocrx_word' id='word_1_780' title='bbox 428 5443 686 5497; x_wconf 88' lang='lat' dir='ltr'><strong>cabulum</strong></span> <span class='ocrx_word' id='word_1_781' title='bbox 729 5447 933 5501; x_wconf 85' lang='lat' dir='ltr'><strong>sortitae</strong></span> <span class='ocrx_word' id='word_1_782' title='bbox 960 5453 1129 5501; x_wconf 89' lang='lat' dir='ltr'><strong>sunt:</strong></span> <span class='ocrx_word' id='word_1_783' title='bbox 1165 5444 1508 5502; x_wconf 90' lang='lat' dir='ltr'><strong>Semiramim</strong></span> <span class='ocrx_word' id='word_1_784' title='bbox 1555 5456 1735 5504; x_wconf 85' lang='lat' dir='ltr'><strong>autem</strong></span> <span class='ocrx_word' id='word_1_785' title='bbox 1775 5457 1828 5504; x_wconf 89' lang='lat' dir='ltr'><strong>et</strong></span> <span class='ocrx_word' id='word_1_786' title='bbox 1870 5451 2140 5505; x_wconf 89' lang='lat' dir='ltr'><strong>Abraham</strong></span> <span class='ocrx_word' id='word_1_787' title='bbox 2175 5457 2605 5523; x_wconf 90' lang='lat' dir='ltr'><strong>contemporalcs</strong></span> <span class='ocrx_word' id='word_1_788' title='bbox 2660 5457 2824 5513; x_wconf 84' lang='lat' dir='ltr'><strong>fuisse</strong></span> <span class='ocrx_word' id='word_1_789' title='bbox 2875 5459 3224 5514; x_wconf 89' lang='lat' dir='ltr'><strong>manifestum</strong></span> <span class='ocrx_word' id='word_1_790' title='bbox 3267 5467 3369 5515; x_wconf 91' lang='lat' dir='ltr'><strong>est.</strong></span> <span class='ocrx_word' id='word_1_791' title='bbox 3423 5457 3622 5523; x_wconf 82' lang='lat' dir='ltr'><strong>Namque</strong></span> 
     </span>
    </p>
   </div>
   <div class='ocr_carea' id='block_1_58' title="bbox 430 5533 3621 5620">
    <p class='ocr_par' dir='ltr' id='par_1_58' title="bbox 430 5533 3621 5620">
     <span class='ocr_line' id='line_1_58' title="bbox 430 5533 3621 5620; baseline 0.004 -32"><span class='ocrx_word' id='word_1_792' title='bbox 430 5533 665 5620; x_wconf 80' lang='lat' dir='ltr'><strong>Moyses,</strong></span> <span class='ocrx_word' id='word_1_793' title='bbox 686 5534 868 5602; x_wconf 87' lang='lat' dir='ltr'><strong>junior</strong></span> <span class='ocrx_word' id='word_1_794' title='bbox 904 5537 1030 5592; x_wconf 90' lang='lat' dir='ltr'><strong>licet</strong></span> <span class='ocrx_word' id='word_1_795' title='bbox 1063 5551 1224 5607; x_wconf 87' lang='lat' dir='ltr'><strong>supra</strong></span> <span class='ocrx_word' id='word_1_796' title='bbox 1258 5537 1418 5593; x_wconf 90' lang='lat' dir='ltr'><strong>dictis</strong></span> <span class='ocrx_word' id='word_1_797' title='bbox 1445 5539 1537 5602; x_wconf 91' lang='lat' dir='ltr'><strong>sit,</strong></span> <span class='ocrx_word' id='word_1_798' title='bbox 1580 5540 1649 5595; x_wconf 90' lang='lat' dir='ltr'><strong>ab</strong></span> <span class='ocrx_word' id='word_1_799' title='bbox 1680 5541 1935 5596; x_wconf 88' lang='lat' dir='ltr'><strong>omnibus</strong></span> <span class='ocrx_word' id='word_1_800' title='bbox 1964 5550 2165 5607; x_wconf 90' lang='lat' dir='ltr'><strong>tamen,</strong></span> <span class='ocrx_word' id='word_1_801' title='bbox 2199 5560 2339 5615; x_wconf 89' lang='lat' dir='ltr'><strong>quos</strong></span> <span class='ocrx_word' id='word_1_802' title='bbox 2378 5545 2548 5602; x_wconf 83' lang='lat' dir='ltr'><strong>Graeci</strong></span> <span class='ocrx_word' id='word_1_803' title='bbox 2580 5549 2993 5619; x_wconf 89' lang='lat' dir='ltr'><strong>antiquissimos</strong></span> <span class='ocrx_word' id='word_1_804' title='bbox 3023 5560 3233 5620; x_wconf 87' lang='lat' dir='ltr'><strong>putant,</strong></span> <span class='ocrx_word' id='word_1_805' title='bbox 3269 5550 3445 5606; x_wconf 90' lang='lat' dir='ltr'><strong>senior</strong></span> <span class='ocrx_word' id='word_1_806' title='bbox 3467 5549 3621 5615; x_wconf 79' lang='lat' dir='ltr'><strong>depre-</strong></span> 
     </span>
    </p>
   </div>
   <div class='ocr_carea' id='block_1_59' title="bbox 431 5619 3616 5713">
    <p class='ocr_par' dir='ltr' id='par_1_59' title="bbox 431 5619 3616 5713">
     <span class='ocr_line' id='line_1_59' title="bbox 431 5619 3616 5713; baseline 0.003 -31"><span class='ocrx_word' id='word_1_807' title='bbox 431 5619 690 5713; x_wconf 63' lang='lat' dir='ltr'><strong>bendilur</strong></span> <span class='ocrx_word' id='word_1_808' title='bbox 718 5642 736 5713; x_wconf 12' lang='grc' dir='ltr'><strong>εν</strong></span> <span class='ocrx_word' id='word_1_809' title='bbox 767 5625 1000 5683; x_wconf 91' lang='lat' dir='ltr'><strong>Homero</strong></span> <span class='ocrx_word' id='word_1_810' title='bbox 1032 5627 1240 5685; x_wconf 86' lang='lat' dir='ltr'><strong>scilicet</strong></span> <span class='ocrx_word' id='word_1_811' title='bbox 1298 5638 1352 5686; x_wconf 88' lang='lat' dir='ltr'><strong>et</strong></span> <span class='ocrx_word' id='word_1_812' title='bbox 1383 5631 1621 5705; x_wconf 82' lang='lat' dir='ltr'><strong>Hesiodo</strong></span> <span class='ocrx_word' id='word_1_813' title='bbox 1646 5673 1662 5697; x_wconf 92' lang='lat'><strong>,</strong></span> <span class='ocrx_word' id='word_1_814' title='bbox 1708 5632 2053 5706; x_wconf 88' lang='lat' dir='ltr'><strong>Trojanoque</strong></span> <span class='ocrx_word' id='word_1_815' title='bbox 2086 5638 2246 5700; x_wconf 91' lang='lat' dir='ltr'><strong>bello,</strong></span> <span class='ocrx_word' id='word_1_816' title='bbox 2292 5654 2354 5693; x_wconf 89' lang='lat' dir='ltr'><strong>ac</strong></span> <span class='ocrx_word' id='word_1_817' title='bbox 2402 5641 2574 5697; x_wconf 89' lang='lat' dir='ltr'><strong>multo</strong></span> <span class='ocrx_word' id='word_1_818' title='bbox 2623 5643 2876 5713; x_wconf 88' lang='lat' dir='ltr'><strong>superius</strong></span> <span class='ocrx_word' id='word_1_819' title='bbox 2912 5619 3161 5709; x_wconf 82' lang='lat' dir='ltr'><strong>Hercule,</strong></span> <span class='ocrx_word' id='word_1_820' title='bbox 3200 5643 3432 5704; x_wconf 62' lang='lat' dir='ltr'><strong>Musaeo,</strong></span> <span class='ocrx_word' id='word_1_821' title='bbox 3480 5639 3616 5697; x_wconf 83' lang='lat' dir='ltr'><strong>Lino,</strong></span> 
     </span>
    </p>
   </div>
   <div class='ocr_carea' id='block_1_60' title="bbox 422 5710 3618 5806">
    <p class='ocr_par' dir='ltr' id='par_1_60' title="bbox 422 5710 3618 5806">
     <span class='ocr_line' id='line_1_60' title="bbox 422 5710 3618 5806; baseline 0.007 -41"><span class='ocrx_word' id='word_1_822' title='bbox 422 5710 692 5773; x_wconf 83' lang='lat' dir='ltr'><strong>Chirone,</strong></span> <span class='ocrx_word' id='word_1_823' title='bbox 712 5712 944 5786; x_wconf 86' lang='lat' dir='ltr'><strong>Orpheo,</strong></span> <span class='ocrx_word' id='word_1_824' title='bbox 982 5718 1227 5788; x_wconf 86' lang='lat' dir='ltr'><strong>Castore,</strong></span> <span class='ocrx_word' id='word_1_825' title='bbox 1259 5721 1503 5793; x_wconf 86' lang='lat' dir='ltr'><strong>Polluce,</strong></span> <span class='ocrx_word' id='word_1_826' title='bbox 1529 5723 1863 5798; x_wconf 56' lang='lat' dir='ltr'><strong>(Esculapio,</strong></span> <span class='ocrx_word' id='word_1_827' title='bbox 1896 5727 2110 5798; x_wconf 82' lang='lat' dir='ltr'><strong>Libero,</strong></span> <span class='ocrx_word' id='word_1_828' title='bbox 2148 5730 2437 5805; x_wconf 78' lang='lat' dir='ltr'><strong>Mercurio,</strong></span> <span class='ocrx_word' id='word_1_829' title='bbox 2466 5710 2745 5805; x_wconf 72' lang='lat' dir='ltr'><strong>Apolline,</strong></span> <span class='ocrx_word' id='word_1_830' title='bbox 2778 5736 3096 5806; x_wconf 61' lang='lat' dir='ltr'><strong>ueterisque</strong></span> <span class='ocrx_word' id='word_1_831' title='bbox 3129 5736 3231 5792; x_wconf 89' lang='lat' dir='ltr'><strong>diis</strong></span> <span class='ocrx_word' id='word_1_832' title='bbox 3265 5735 3517 5806; x_wconf 62' lang='lat' dir='ltr'><strong>gentium,</strong></span> <span class='ocrx_word' id='word_1_833' title='bbox 3542 5738 3618 5784; x_wconf 56' lang='lat' dir='ltr'><strong>Sa!</strong></span> 
     </span>
    </p>
   </div>
  </div>
