3868 6264
230 293 351 350 10%|
1244 281 1544 375 EC.me
1579 278 1757 340 PROP

1948 282 2065 338 31E.
2110 310 2177 321 --
2215 279 2343 336 LIB.
2387 270 2464 335 Ι.’
3341 274 3475 336 ΙΟἨ

229 408 437 476 erisque
471 404 558 460 vel
583 404 820 473 vatibus,
852 404 1026 474 ipsius
1056 414 1277 473 quoque
1303 398 1455 454 Jovis
1483 398 1676 470 gestis,
1701 412 1865 468 quem
1897 395 2107 452 Gracia
2138 396 2193 451 in
2220 411 2349 452 arce
2373 393 2699 466 {divinitatis
2724 393 3034 478 collocarit.
3063 393 3196 460 Hos,
3228 391 3477 465 inquam,

229 512 430 564 omnes,
465 512 606 569 quos
631 499 1096 563 enumeravimus,
1126 497 1288 552 etiam
1317 503 1444 567 post
1469 492 1767 564 Cecropem
1818 490 2107 565 Diphyem,
2138 492 2375 563 primum
2415 490 2611 546 Atticae
2634 505 2836 561 regem,
2865 486 3036 549 fuisse
3061 489 3439 548 convincimus
3457 509 3475 545 .-

227 592 519 660 Cecropem
545 598 724 645 autem
755 604 995 662 praesens
1024 588 1256 645 historia
1289 585 1464 656 Moysi
1501 593 1840 640 coataneum
1870 584 2158 648 ostendet,
2197 590 2253 639 et
2270 581 2605 638 antecedere
2620 580 2920 653 Troianum
2948 582 3151 638 bellum
3185 579 3343 636 annis
3365 586 3478 635 tre-

228 680 401 736 centis
431 678 847 750 quinquaginta.
872 677 1030 746 Quod
1057 694 1126 734 ne
1153 677 1243 733 cui
1265 676 1491 732 dubium
1520 675 1789 739 videatur,
1812 672 2068 745 Frequens
2104 673 2245 728 ratio
2267 673 2348 728 sic
2377 672 2652 743 probabit,
2691 694 2710 727 ι
2736 682 2843 730 etc.
2873 673 3148 731 Hactenus
3167 674 3470 742 Eusebius;

226 788 287 827 ex
315 771 514 843 quibus
544 770 897 827 manifestum
927 771 1130 836 evadit,
1158 769 1409 826 eumdem
1448 767 1602 822 illum
1633 776 1686 823 et
1718 767 1976 838 prooemii
2013 767 2215 833 nostri,
2253 765 2467 836 Eclogis
2490 767 2802 836 propheticis
2836 767 3064 839 praeﬁxi,
3092 775 3147 824 et
3172 764 3474 837 Χρονικῶν

230 868 504 921 Karer
535 872 813 920 auctorem
851 880 1013 921 esse:
1045 864 1189 936 quod
1212 861 1537 934 procemium
1566 876 1692 916 cum
1721 876 1822 932 pro
1850 860 2063 933 Eclogis
2090 903 2105 928 ,
2156 869 2209 937 et
2237 874 2347 915 una
2385 860 2686 931 eademque
2723 876 2910 929 manu,
2933 877 3040 933 qua
3068 862 3174 918 illae
3204 865 3257 917 in
3284 861 3473 917 codice

227 964 479 1033 scriptum
504 961 599 1027 sit,
625 976 736 1017 non
767 961 981 1028 dubito,
1012 961 1146 1033 quin
1182 962 1417 1015 lectores
1451 958 1558 1013 mei
1587 972 1698 1013 una
1721 972 1939 1014 mecum
1967 972 2068 1029 pro
2096 971 2227 1012 vero
2246 945 2649 1026 compertoque
2694 955 2931 1010 habituri
2964 956 3093 1021 sint,
3124 955 3224 1012 has
3253 972 3473 1028 quoque

226 1055 439 1125 Ecloga’s
475 1061 694 1109 nostras
743 1053 988 1123 ejusdem
1038 1052 1259 1109 Eusebii
1288 1051 1555 1122 Pamphili
1590 1052 1885 1123 genuinum
1934 1066 2075 1122 opus
2105 1065 2250 1107 esse.
2290 1047 2464 1104 Porro
2493 1059 2672 1104 autem
2702 1048 3093 1121 κριτικώτατος
3127 1049 3369 1123 Scaliger
3412 1053 3469 1108 in

226 1143 481 1220 prowmio
512 1145 578 1199 ad
612 1143 940 1199 Thesaurum
968 1130 1128 1200 suum
1155 1143 1297 1199 ridet
1321 1141 1922 1216 Hieronymum,quod,
1949 1142 2147 1214 inquit,
2180 1141 2370 1216 Graeca
2407 1141 2628 1198 Eusebii
2658 1156 2766 1196 non
2795 1151 3081 1199 assecutus
3107 1184 3122 1210 ,
3174 1141 3467 1200 Eusebium

224 1239 596 1296 Chronicorum
627 1250 852 1292 suorum
896 1236 1163 1308 ἐπιτομήν
1196 1236 1597 1307 conscripsisse
1636 1236 1938 1291 arbitratus
1990 1234 2081 1290 sit.
2129 1233 2182 1290 ls
2217 1235 2369 1290 locus
2410 1235 2611 1306 legitur
2652 1236 2708 1289 in
2751 1235 2979 1306 prologo
3019 1234 3274 1292 Historia:
3302 1240 3468 1294 eccle—

223 1335 441 1392 siastica:
473 1331 698 1389 Eusebii
727 1351 740 1387 :
777 1332 916 1404 Ἤδη
951 1332 1050 1404 μὲν
1081 1328 1173 1386 οῦν
1195 1332 1400 1386 τούτων
1433 1333 1528 1386 καὶ
1558 1334 1845 1404 πρότερον,
1876 1333 1934 1385 ὲν
1959 1328 2042 1395 οἷς
2066 1329 2479 1402 διετυπώσαμεν
2513 1330 2824 1401 Χρονικοῖς
2850 1332 3148 1398 Κανόσιν,
3203 1335 3469 1409 ἐπιτομὴν

223 1429 634 1501 κατεστησάμην
658 1442 674 1458 ο
731 1428 1111 1501 πληρεστάτην
1162 1427 1205 1480 δ’
1253 1424 1345 1484 οὖν
1383 1430 1531 1499 ὅμως
1578 1426 1760 1482 αὐτῶν
1812 1428 1905 1480 ἐπὶ
1964 1426 2058 1480 τοῦ
2109 1427 2375 1498 παρόντος
2427 1424 2691 1499 ὡρμήθην
2728 1427 2827 1498 τὴν
2858 1428 3136 1498 ἀφήγησιν
3174 1430 3464 1485 ποιεῖσθαι.

220 1533 339 1592 Quae
368 1521 602 1579 Ruﬁnus
627 1521 820 1578 Latine
848 1524 1120 1577 convertit
1145 1523 1226 1579 sic
1256 1542 1270 1578 :
1308 1522 1560 1590 Quamvis
1583 1521 1701 1591 jam
1723 1520 1787 1575 de
1815 1522 1897 1576 his
1931 1521 2057 1590 ipsis
2090 1519 2346 1575 nonnulla
2367 1520 2529 1574 etiam
2550 1520 2604 1573 in
2630 1519 2917 1575 Chronicis
2945 1519 3020 1589 (id
3048 1529 3125 1574 est
3151 1520 3206 1573 in
3231 1537 3290 1574 eo
3316 1537 3470 1590 opere

219 1616 344 1689 quod
368 1617 432 1672 de
461 1627 754 1686 temporum
807 1617 1012 1670 ratione
1034 1616 1481 1687 conscripsimus)
1513 1615 1734 1670 breviter
1776 1615 2136 1686 succincteque
2181 1613 2609 1683 perstrinxerim,
2656 1611 2861 1682 plenius
2906 1622 3079 1668 tamen
3121 1614 3175 1667 in
3218 1615 3466 1683 prwsenti

220 1725 354 1779 opere
381 1708 713 1780 singulorum
746 1709 1106 1763 narrationem
1137 1709 1342 1777 aperire
1380 1707 1721 1762 tentabimus.
1749 1707 1829 1762 Ad
1859 1722 1982 1777 quae
2017 1705 2260 1776 Scaliger
2289 1724 2300 1759 :
2340 1725 2359 1758 ι
2400 1703 2602 1770 Recte,
2638 1705 2837 1776 inquit,
2872 1703 3105 1762 Ruﬁnus
3138 1726 3151 1761 :
3185 1707 3293 1761 nisi
3317 1707 3464 1777 quod

218 1802 301 1855 ἐπὶ
334 1799 425 1855 τοῦ
465 1800 735 1873 παρόντος
768 1801 1086 1856 vertendum
1113 1809 1230 1855 erat
1255 1802 1760 1870 impraesentiarum,
1798 1799 1881 1854 vel
1915 1814 2073 1853 nunc.
2112 1818 2131 1851 ι
2166 1797 2293 1853 Haec
2323 1797 2452 1852 ille:
2486 1803 2543 1850 at
2561 1812 2681 1853 mea
2701 1799 2919 1865 quidem
2943 1798 3236 1863 sententia,
3258 1799 3463 1854 rectius

219 1892 386 1948 Graeca
418 1890 642 1948 Eusebii
680 1900 968 1948 assecutus
993 1902 1077 1949 est
1111 1891 1510 1966 Hieronymus,
1556 1909 1720 1963 quam
1775 1893 1862 1948 vel
1909 1891 2171 1957 Ruﬁnus,
2216 1891 2302 1945 vel
2339 1892 2368 1943 ὁ
2408 1891 2549 1944 πάνυ
2591 1889 2874 1961 Scaliger:
2928 1907 3054 1946 nam
3088 1892 3144 1946 in
3196 1894 3462 1962 prooemio

219 1992 393 2040 nostro
420 1985 570 2040 clare
603 1984 920 2055 diserteque
952 1985 1027 2039 ait
1057 1982 1326 2040 Eusebius
1350 2027 1366 2053 ,
1424 1983 1746 2054 Χρονικοὺς

1935 1982 2163 2048 άξαντες
2200 1982 2471 2048 Κανόνας
2494 2022 2510 2046 ,
2552 1983 2819 2053 ἐπιτομήν
2854 1998 2916 2035 τε
2952 1983 3161 2047 τούτοις
3199 1983 3460 2038 παντοδα-

219 2076 314 2147 πῆς
340 2074 579 2146 ἱστορίας
627 2075 895 2148 Ἑλλήνων
927 2093 989 2130 τε
1026 2076 1121 2130 καὶ
1166 2077 1459 2150 βαρϐάρων
1487 2078 1746 2149 ἀντιπαρα

1932 2094 1971 2141 ς,
2015 2094 2071 2132 κ.
2111 2093 2162 2129 τ.
2194 2075 2270 2140 λ.,
2307 2090 2368 2131 se
2405 2072 2693 2131 Chronicos
2720 2076 2962 2132 Canones
2991 2077 3317 2147 scripsisse,
3349 2082 3459 2135 eis-

217 2169 432 2240 demque
459 2170 849 2241 compendium
900 2170 1063 2226 variae
1122 2170 1367 2227 historia:
1414 2178 1525 2226 tam
1581 2170 1893 2227 Graecorum
1927 2185 2091 2242 quam
2137 2177 2191 2225 et
2221 2169 2455 2224 aliarum
2489 2169 2731 2239 gentium
2765 2184 2833 2224 ex
2866 2168 3095 2224 adverso
3149 2169 3400 2239 posuisse
3439 2189 3457 2224 :

219 2266 365 2316 trium
401 2263 547 2318 enim
585 2264 675 2318 hic
712 2263 1054 2319 diversorum
1093 2278 1323 2335 operum
1350 2279 1576 2320 suorum
1607 2280 1746 2321 mem

1932 2264 2154 2319 usehius
2188 2282 2200 2317 :
2242 2261 2426 2333 primi,
2461 2262 2863 2331 Παντοδαπῆς
2892 2262 3162 2331 ἱστορίας
3184 2277 3199 2293 ’
3230 2254 3457 2319 alterius

217 2356 503 2427 Χρονικῶν
528 2361 819 2415 Kairer
842 2375 856 2389 '
899 2361 1065 2425 tertii,
1113 2359 1744 2433 ’Emtoyﬁgamrz'odar

1930 2363 2160 2430 'toplaq.
2190 2360 2433 2419 Primum
2465 2360 2756 2433 separatim
2785 2359 2958 2415 edidit
2996 2359 3299 2425 Eusebius,
3348 2362 3457 2416 duo

219 2448 404 2520 reliqua
435 2447 798 2519 conjunctim,
825 2457 886 2504 ut
910 2450 997 2505 vel
1027 2449 1190 2505 hodie
1222 2453 1403 2513 solent
1426 2430 1647 2522 vulgari
1682 2471 1695 2506 :
1738 2430 1901 2523 quam
1935 2451 2099 2507 etiam
2131 2452 2202 2506 ob
2230 2468 2454 2511 causam
2488 2430 2846 2508 emendandae
2876 2451 3009 2506 mihi
3038 2452 3297 2506 videntur
3340 2452 3457 2522 epi-

215 2540 414 2610 graphae
439 2554 469 2593 a
506 2538 790 2611 Scaligero
819 2541 998 2611 editae,
1032 2556 1098 2596 ac
1136 2542 1371 2613 primum
1407 2542 1629 2613 quidem
1668 2542 1890 2600 Eusebii
1921 2559 2061 2614 opus
2085 2543 2328 2613 titulum,
2360 2553 2421 2600 ut
2455 2545 2690 2609 videtur,
2723 2542 2866 2598 ferre
2904 2544 3165 2612 deberet,
3223 2547 3453 2598 Παντο-

215 2630 394 2700 δαπῆς
429 2632 703 2701 ἱστορίας
740 2631 954 2705 (cujus,
1017 2641 1111 2688 aut
1157 2636 1456 2705 persimilis
1502 2635 1827 2707 epigraphes
1863 2637 2070 2694 Gellius
2116 2653 2334 2709 quoque
2378 2638 2626 2695 meminit
2672 2638 2727 2692 in
2777 2637 3093 2707 praefatione
3146 2639 3214 2693 ad
3256 2638 3452 2695 Noctes

214 2723 448 2794 Atticas.)
472 2731 592 2789 aut,
628 2732 685 2780 ut
718 2726 774 2780 in
826 2727 1125 2798 exemplari
1159 2742 1259 2783 suo
1291 2728 1422 2801 legit
1462 2728 1741 2801 Hieronyrr

1922 2732 2192 2786 ῖὺσεόἰου
2230 2730 2337 2786 τοῦ
2370 2732 2685 2802 Παμφίλου
2732 2730 3164 2801 Χρονογραεοία.
3205 2731 3449 2786 Altertrn

214 2833 355 2885 vero,
392 2818 666 2886 Χρονικοὶ
688 2821 954 2888 Κανόνες
991 2820 1115 2876 σὺν
1141 2821 1397 2892 ἐπιτομῇ
1437 2823 1741 2878 παντοδαπ

1922 2826 2145 2894 τομίας.
2191 2823 2298 2881 Sed
2339 2825 2455 2881 hac
2483 2824 2563 2879 illi
2588 2823 2933 2882 discutienda
2963 2825 3319 2897 relinquimus
3355 2825 3449 2897 qui

214 2919 270 2965 au
297 2906 496 2964 edenda
528 2908 754 2968 Eusebii
791 2927 956 2982 opera
990 2914 1233 2968 animum
1269 2915 1561 2986 appulerit.

974 3285 1145 3401 EC
1165 3283 1579 3402 LOG/E
1658 3281 2662 3399 PROPHETIC/E.

1346 3524 1710 3613 LIBER
1782 3520 2271 3614 PRIMUS.

204 3869 497 3993 (⁸.1)λόγοῦ
524 3941 587 3977 τε
605 3924 700 3977 καὶ
723 3869 836 3995 βίου
859 3871 1368 3997 διεξοδευθεῖσαοτὰς
1384 3871 1512 3996 περὶ
1531 3874 1623 3978 τοῦ
1637 3873 1731 3978 ’Κυ

1912 3938 2127 3978 srmone
2173 3932 2229 3981 et
2257 3924 2367 3978 vita
2412 3932 2671 3982 accurate
2713 3924 2965 3983 discussa
3000 3925 3068 3982 de
3117 3926 3348 3986 Domino
3384 3939 3439 3989 et

206 4013 308 4083 [ζου
335 4015 425 4070 καὶ
456 4017 712 4089 Σωτῆρος
751 4017 912 4089 ἡμῶν
957 4016 1129 4087 Ἰησοῦ
1163 4016 1398 4091 Χριστοῦ
1432 4016 1733 4088 μαρτυρίας

1915 4017 2147 4072 ιινοῑοιιε
2176 4025 2369 4072 nostro
2407 4013 2536 4072 Jesu
2568 4017 2789 4075 Christo
2823 4020 3163 4088 testimonia,
3206 4038 3302 4094 per
3335 4024 3442 4080 cla-

201 4102 260 4155 bi‘
281 4108 514 4178 ἐναργῶν
539 4109 635 4162 καὶ
657 4107 884 4174 πιστῶν,
904 4108 997 4160 καὶ
1010 4107 1223 4181 ἀληθῶν
1243 4105 1566 4173 ἀποδείξεών
1583 4125 1641 4161 τε
1665 4125 1728 4162 κα

1914 4124 1972 4172 ιε,
2016 4106 2316 4179 ﬁdelesque
2360 4116 2416 4164 et
2450 4123 2609 4165 veras
2642 4108 3145 4168 demonstrationes
3172 4120 3228 4167 ct
3271 4116 3441 4170 ratio-

204 4196 556 4272 συλλογισμῶν
590 4199 897 4265 ὲπιστοῦτο,
929 4199 1209 4274 βραχείαις
1253 4201 1448 4272 κομιδῇ
1492 4203 1613 4263 ταῖς
1653 4200 1731 4253 ἀπ

1916 4201 2169 4257 nationes
2207 4201 2656 4267 conﬁrmabatur,
2676 4201 2934 4258 brevibus
2949 4201 3238 4274 diligenter
3292 4203 3439 4259 Scri-

201 4289 297 4341 τῶν
321 4293 467 4365 παρά
485 4310 546 4347 τε
563 4293 835 4357 Ἰουδαίοις
862 4293 956 4348 καὶ
980 4295 1111 4365 ἡμῖν
1132 4293 1578 4365 πεπιστευμένων
1600 4291 1727 4345 θείω

1910 4308 2143 4352 Lurarum
2173 4296 2506 4361 divinarum,
2529 4311 2651 4368 quae
2675 4296 2818 4367 apud
2848 4294 3065 4353 Judaeos
3097 4308 3149 4353 et
3172 4298 3315 4369 apud
3336 4314 3437 4355 nos

201 4378 414 4452 Γραφῶν
454 4385 549 4439 ἐπὶ
582 4384 725 4439 τέλει
757 4386 1076 4459 χρησαμένη
1127 4387 1487 4458 μαρτυρίαις
1524 4386 1645 4445 ἐπεὶ
1684 4404 1728 4457 μ⁴

1909 4388 2181 4452 reduntur,
2230 4395 2506 4458 postremo
2558 4403 2659 4444 usa
2709 4387 3072 4455 testimoniis;
3136 4403 3259 4443 cum
3316 4391 3436 4460 qui-

200 4470 250 4523 δὲ
272 4467 425 4540 ’ἄλλος
465 4477 589 4550 ᾕρει
623 4477 779 4548 λόγος
808 4479 921 4541 τοῖς
964 4477 1044 4531 ἔτι
1069 4479 1247 4549 πάντη
1275 4481 1393 4544 ταῖς
1426 4477 1598 4542 θείαις
1631 4479 1727 4533 ὰπι

1909 4496 1985 4536 em
2020 4495 2129 4535 non
2161 4479 2266 4534 alia
2321 4488 2468 4535 esset
2509 4480 2672 4541 ratio,
2733 4478 3043 4534 divinarum
3092 4480 3271 4537 adhuc
3319 4497 3436 4536 om-

206 4562 402 4618 στοῦσιν
444 4567 687 4639 Γραφαῖς
739 4567 982 4638 δαψιλεῖς
1028 4567 1087 4635 ἐξ
1132 4568 1309 4623 αὐτῶν
1364 4569 1733 4642 παρατίθεσθα

1909 4573 1995 4628 lno
2028 4570 2435 4642 Scripturarum
2476 4569 2777 4625 incredulis
2812 4570 3019 4641 largam
3065 4586 3131 4627 cx
3166 4572 3235 4629 iis
3266 4579 3436 4628 mate-

201 4653 288 4719 τὰς
341 4660 646 4724 συστάσεις.
693 4660 776 4714 Τά
818 4677 882 4728 γε
923 4660 1029 4733 μὴν
1068 4661 1125 4712 ἐν
1163 4661 1348 4733 χερσὶν
1388 4664 1501 4726 τοῖς
1547 4664 1612 4716 ὲκ
1660 4662 1726 4733 τῆ

1912 4679 1998 4718 am
2056 4661 2394 4718 conferendi.
2451 4661 2583 4728 Quae
2641 4661 2809 4733 igitur
2856 4662 2912 4716 in
2943 4678 3111 4718 manu
3142 4674 3324 4731 erant,
3368 4665 3434 4720 iis

201 4745 408 4807 ἐκείνων
447 4751 774 4820 ἀποδείξεως
804 4746 892 4806 οἷα
921 4751 986 4825 δὴ
1033 4751 1206 4816 θείαις
1234 4752 1463 4825 ἡδηκαὶ
1500 4752 1724 4808 θεοπνεύ

1909 4757 1952 4811 ui
2013 4762 2236 4827 prepter
2301 4754 2495 4809 horum
2562 4753 3083 4810 demonstrationem
3158 4757 3244 4811 vel
3296 4756 3436 4812 divi-

201 4853 335 4904 στοις
379 4830 653 4898 πιστεύειν
703 4844 980 4913 ὀφείλουσι
1021 4845 1141 4909 ταῖς
1189 4844 1359 4916 ἱεραῖς
1408 4844 1651 4916 Γραφαῖς
1696 4864 1727 4899 τ

1906 4849 1970 4915 is,
2025 4848 2114 4903 vel
2158 4847 2423 4903 divinitus
2475 4845 2672 4902 alllatis
2717 4846 2943 4904 credere
2985 4847 3184 4905 debent
3227 4851 3433 4907 sanctis

199 4922 366 4993 λεῖπον
386 4933 620 4998 ἐκείναις
641 4932 1060 5006 ἀποπληροῦντα
1080 4933 1404 5006 ἐπεπόνητο,
1428 4934 1723 5008 Συναγωγὴ

1907 4939 2186 5011 cripturis,
2215 4954 2337 5010 qua:
2368 4938 2477 4994 illis
2510 4937 2724 4994 desunt
2762 4941 3114 5012 complentia,
3156 4943 3434 5000 elaborata

199 5020 503 5092 περιέχοντα
542 5022 842 5096 συλλήϐδην
919 5060 933 5078 .
1013 5062 1027 5085 ε
1108 5061 1126 5078 .
1204 5060 1221 5080 .
1300 5063 1316 5078 .
1396 5064 1409 5076 .
1486 5025 1616 5098 περὶ
1659 5042 1726 5079 το

1902 5039 2037 5099 rant,
2064 5030 2405 5105 Synagogam
2439 5046 2549 5086 uno
2586 5031 2756 5087 verbo
2801 5034 3315 5105 comprehendentia
3357 5078 3370 5092 .
3418 5081 3429 5094 .

198 5106 387 5183 Κυρίου
417 5117 511 5168 καὶ
552 5116 804 5189 Σωτῆρος
851 5116 1005 5190 ἡμῶν
1045 5116 1218 5189 Ἰησοῦ
1260 5115 1496 5188 Χριστοῦ
1544 5134 1725 5190 προφη

1924 5141 1938 5181 ι
1982 5163 1997 5178 .
2043 5164 2059 5180 .
2104 5166 2118 5180 .
2163 5167 2177 5186 .
2223 5162 2238 5177 .
2283 5163 2298 5176 .
2345 5166 2359 5179 .
2404 5162 2419 5177 .
2463 5165 2477 5178 .
2519 5122 2587 5177 de
2610 5120 2845 5178 Domino
2869 5131 2923 5179 et
2947 5124 3433 5184 Salvatorenostro

195 5197 700 5266 τεέαν,ἃςάπὺπ.
780 5247 794 5260 .
873 5244 890 5261 .
968 5248 981 5261 .
1062 5247 1075 5261 .
1150 5224 1181 5260 τ
1258 5248 1271 5261 .
1351 5210 1474 5261 σ“.
1550 5208 1722 5270 παλαις

1903 5230 1987 5270 :su
2018 5213 2239 5272 Christo
2282 5214 2642 5285 prophetiam,
2686 5229 2825 5284 quas
2867 5231 2899 5270 a
2941 5258 2956 5271 .
2999 5260 3012 5273 .
3059 5256 3071 5271 .
3119 5261 3132 5274 .
3177 5261 3192 5275 .
3238 5262 3252 5276 .
3296 5262 3309 5275 .
3355 5259 3370 5275 .
3415 5261 3430 5277 .

199 5291 452 5366 Διαθήκης
481 5298 569 5368 ὑφ’
598 5299 657 5353 ἓν
692 5304 1017 5371 συναγαγεῖν
1045 5301 1219 5367 ἔδοξεν
1240 5320 1255 5333 ο
1281 5302 1311 5357 δ
1351 5341 1365 5356 .
1446 5344 1459 5358 .
1541 5347 1554 5360 .
1638 5345 1653 5358 .

1925 5347 1938 5371 ε
1985 5350 1997 5363 .
2045 5350 2060 5363 .
2102 5318 2285 5365 vetera
2324 5306 2659 5364 Testamenti
2690 5307 2746 5361 in
2783 5314 2967 5364 unum
2994 5314 3319 5370 contrahere
3352 5315 3431 5370 vi-

197 5394 364 5451 τερον·
396 5387 473 5457 πῆ
502 5389 558 5442 δὲ
591 5392 684 5445 καὶ
706 5392 771 5445 δι’
806 5393 1068 5449 ὑπονοιῶν
1103 5394 1174 5448 τὰ
1202 5396 1329 5467 περ)⁹
1360 5396 1524 5450 αὐτοῦ
1555 5415 1724 5470 προειί

1896 5402 1974 5454 um
2003 5411 2123 5467 est;
2168 5442 2182 5455 .
2227 5442 2245 5458 .
2289 5441 2302 5455 .
2350 5444 2361 5455 .
2407 5441 2423 5456 .
2470 5444 2483 5458 .
2532 5448 2544 5457 .
2590 5443 2604 5457 .
2648 5406 2939 5477 allegorice
2979 5406 3046 5463 de
3078 5409 3171 5462 illo
3194 5425 3304 5479 pra:
3346 5450 3359 5461 .
3409 5454 3423 5466 .

200 5507 213 5520 -
246 5560 257 5577 ο
282 5514 298 5540 τ
373 5518 387 5531 .
465 5519 481 5534 .
555 5500 612 5536 ον
638 5484 799 5537 αὐτὸν
830 5487 924 5539 καὶ
952 5486 1047 5550 τὰς
1075 5488 1196 5540 κατ’
1226 5487 1389 5542 αὑτὸν
1416 5489 1726 5560 οίκονομίας

1916 5533 1928 5545 .
1974 5532 1989 5548 .
2034 5534 2045 5545 .
2093 5535 2107 5550 .
2152 5533 2167 5549 .
2214 5537 2227 5549 .
2261 5537 2273 5550 .
2307 5510 2429 5550 eum
2456 5503 2619 5568 atque
2635 5513 2865 5569 pereum
2882 5500 3289 5573 dispositiones.
3308 5503 3426 5561 Non

197 5561 320 5664 υόχὶ
346 5566 523 5664 eam
565 5574 649 5625 εἰσ
726 5614 740 5628 .
820 5615 833 5629 .
916 5615 928 5627 .
1009 5616 1021 5629 .
1101 5577 1571 5651 μόζομεᾶπέρας
1604 5579 1724 5651 είλη-

1871 5594 2034 5641 mtem
2057 5587 2188 5642 etin
2232 5629 2245 5642 .
2291 5628 2306 5642 .
2353 5627 2367 5641 .
2408 5630 2420 5643 .
2465 5629 2480 5643 .
2525 5631 2538 5644 .
2579 5605 2701 5660 quae
2721 5594 2997 5664 accepisse
3018 5607 3222 5650 emtum
3243 5606 3398 5654 oeten

199 5650 629 5718 φάτσρδείκνυται.
676 5664 1109 5730 Τὰςδὲτοιαύτα
1162 5710 1176 5723 .
1257 5712 1270 5724 .
1352 5712 1366 5725 .
1448 5650 1481 5727 ,ν
1540 5712 1554 5725 .
1638 5712 1651 5725 .
1708 5650 1715 5651 7

1891 5688 2073 5736 untur.
2101 5678 2253 5735 Talia
2285 5697 2412 5736 vero
2454 5719 2468 5734 .
2516 5724 2528 5735 .
2688 5721 2705 5737 .
2753 5725 2766 5739 .
2932 5727 2945 5740 .
2982 5650 3005 5742 γ.
3046 5728 3059 5739 .
3100 5650 3418 5761 dirigentes.

286 5783 298 5797 .
369 5749 670 5824 ἀρχούσᾳς’
716 5759 806 5814 καὶ
840 5761 1113 5835 σποράδην
1152 5764 1210 5819 οὐ
1249 5764 1405 5837 μόνον
1447 5765 1748 5839 προφητεία

1889 5780 2015 5850 tque
2046 5772 2152 5828 huc
2195 5778 2248 5831 et
2290 5772 2418 5830 illuc
2462 5789 2570 5831 non
2604 5780 2810 5834 tantum
2841 5779 3125 5851 prophetia
3172 5749 3243 5842 ,ἶ
3286 5823 3297 5836 .
3347 5821 3361 5835 .
