3868 6264
450 294 589 351 1025
1087 295 1355 353 EUSEBII
1395 293 1881 352 CAESARIENSIS
1933 294 2005 356 ΜΡ

2110 293 2290 348 PARS
2327 293 2414 350 ΙΙΙ.
2453 325 2523 338 --
2562 296 2973 354 EXEGETICA.
3523 312 3631 370 ιοει

448 453 468 473 .
513 457 528 472 .
572 457 588 472 .
633 459 646 472 .
695 460 707 473 .
752 459 764 472 .
805 435 924 490 quae
956 418 1008 472 in
1046 418 1293 474 historiis
1332 419 1704 472 continentur.
1735 416 1852 472 Non
1888 433 2005 488 pau-

2127 455 2142 470 .
2225 457 2238 471 .
2317 456 2332 471 .
2411 457 2424 470 .
2489 435 2622 472 ουσα
2664 460 2677 473 .
2755 458 2772 474 .
2815 421 3076 492 ἱστορίαις
3110 422 3631 496 ἐναποκειμέναςοοὺκ

448 510 530 566 cis
570 553 584 566 .
628 552 643 563 .
683 554 696 565 .
740 552 754 564 .
795 553 807 566 .
853 553 865 564 .
907 553 922 566 .
965 522 1084 566 acta
1130 511 1247 565 fore
1298 510 1495 574 utiles;
1524 525 1648 564 cum
1694 524 1802 563 non
1842 509 2005 563 facile

2125 509 2322 578 ὀλίγοις
2399 550 2410 563 .
2492 552 2504 565 .
2585 551 2599 564 .
2679 511 2902 582 αχθεῖσα
2935 510 3152 565 ἔσεσθαι
3198 517 3504 586 χρησίμους·
3536 524 3631 579 ἐπεὶ

446 603 544 659 sed
583 603 739 671 quasi
785 618 850 657 ex
895 641 910 657 .
957 642 970 655 .
1016 641 1030 657 .
1076 646 1088 658 .
1135 645 1147 656 .
1195 644 1209 656 .
1257 643 1268 653 .
1318 644 1330 656 .
1377 600 1784 670 Scripturarum
1838 615 2005 655 coran

2127 601 2202 672 μὴ
2233 603 2412 674 ῥᾴδιον
2435 603 2548 655 ἀλλ’
2581 604 2655 667 ὼς
2679 606 2742 656 ὲκ
2771 604 2871 674 τῆς
2949 643 2962 656 .
3041 645 3052 656 .
3130 605 3290 677 τάδην
3316 607 3415 660 τῶν
3445 611 3631 684 Γραφῶν

446 693 701 747 omnibus
748 693 1088 748 recitationis
1132 708 1324 749 omnes
1372 688 1658 764 subjacere
1690 693 1746 748 in
1781 709 1843 748 os
1876 702 1930 748 et
1968 694 2022 749 in

444 784 763 837 memoriam
795 784 938 840 ferre
969 786 1298 840 volentibus.

519 873 813 930 Sciendum
861 887 947 932 est
994 895 1117 941 nos,
1157 879 1477 948 priusquam
1533 877 1636 932 hoc
1680 878 2020 948 propositum

444 968 891 1037 aggrederemur,
920 970 1209 1025 Chronico:
1234 971 1472 1026 Canones
1497 971 1809 1041 scripsisse,
1831 970 2021 1041 eisque

445 1061 831 1128 compendium
868 1064 1034 1117 variae
1076 1063 1323 1118 historiae
1354 1073 1461 1117 tam
1506 1061 1821 1117 Graecorum
1855 1078 2017 1133 quam

444 1161 498 1206 et
519 1152 751 1206 aliarum
784 1154 1028 1223 gentium
1058 1170 1122 1208 ex
1159 1155 1389 1210 adverso
1417 1155 1689 1225 posuisse,
1719 1154 1786 1208 ad
1818 1154 2018 1226 Moysis

446 1252 609 1314 atque
655 1246 910 1310 aliorum,
959 1246 1052 1316 qni
1084 1256 1207 1316 post
1254 1265 1378 1302 eum
1423 1248 1593 1316 fuere,
1629 1249 2018 1318 prophetarum

446 1344 769 1390 vetustatem
815 1339 1220 1393 vindicandam.
1255 1339 1351 1396 llis
1382 1343 1538 1412 quasi
1585 1341 2017 1410 supplementum

443 1445 563 1500 quae
594 1430 752 1485 nobis
787 1431 840 1485 in
861 1447 1024 1500 manu
1049 1444 1207 1488 erant
1239 1436 1439 1504 passim
1473 1435 1810 1504 colligentes,
1837 1434 2019 1503 priore

444 1520 697 1576 absoluto
741 1521 807 1574 ad
860 1537 1100 1590 praesens
1149 1539 1286 1594 opus
1333 1541 1513 1579 rerum
1556 1537 1751 1578 natura
1797 1523 2016 1578 adducti

444 1627 656 1667 sumus.
689 1611 845 1677 Quod
889 1615 1014 1684 quis
1063 1615 1169 1670 cite
1212 1616 1474 1685 sapientis
1504 1616 1622 1686 apis
1654 1617 1889 1670 naturali
1928 1617 2014 1670 in-

441 1704 666 1758 dustriae
708 1707 1124 1774 comparaverit,
1173 1707 1240 1760 ad
1273 1723 1434 1776 quam
1483 1724 1584 1762 nos
1634 1708 1860 1762 remittit
1921 1723 2014 1762 sa-

2125 694 2576 764 συναναγνώσεως
2597 696 2694 760 τὰς
2715 696 2892 760 πάσας
2916 697 3238 750 ὑποπίπτειν
3258 701 3366 763 τοῖς
3385 702 3478 756 ἀνὰ
3495 705 3632 778 στόμα

2123 787 2216 841 καὶ
2247 787 2335 841 διά
2365 789 2583 859 μνήμης
2611 789 2795 859 φέρειν
2832 791 3000 855 αὑτάς
3027 790 3383 862 βουλομένοις.

2206 879 2401 932 ’ἰστέον
2432 879 2479 931 δ’
2508 878 2584 943 ὼς
2617 881 2722 951 πρὸ
2755 882 2850 952 τῆς
2891 882 3170 953 παρούσης
3203 882 3490 949 ὑποθέσεως
3521 889 3633 956 Χρο-

2120 971 2329 1038 νικοὺς
2369 972 2723 1037 συντάξαντες
2763 974 3054 1041 Κανόνας,
3087 976 3349 1045 ἐπιτομήν
3377 992 3433 1028 τε
3466 977 3632 1043 τούτοις

2121 1062 2462 1134 παντοδαπῆς
2492 1063 2730 1134 ἱστορίας
2775 1063 3036 1135 Ἑλλήνων
3066 1080 3125 1116 τε
3157 1066 3249 1118 καὶ
3283 1064 3545 1138 βαρϐάρων
3562 1068 3634 1124 ἀι-

2120 1152 2534 1223 τιπαραθέντες,
2563 1153 2664 1224 τὴν
2694 1153 2972 1216 Μωῦσέως
3001 1155 3093 1206 καὶ
3118 1153 3226 1206 τῶν
3259 1155 3316 1221 ἐξ
3359 1155 3504 1210 αὑτοῦ
3531 1175 3634 1230 προ-

2121 1243 2305 1315 φητῶν
2339 1244 2671 1317 ἀρχαιότητα
2699 1245 2763 1298 δι’
2793 1245 2972 1298 αὑτῶν
2997 1247 3439 1317 παρεστήσαμεν·
3471 1245 3540 1312 οἷς
3559 1251 3632 1322 τὴν

2123 1334 2258 1405 μετά
2300 1339 2488 1408 χεῖρας
2533 1337 2805 1408 σποράδην
2857 1334 3147 1390 ἀκόλουθον
3194 1336 3632 1407 ὑπολαμὸάνοντες,

2119 1427 2344 1490 εἰκότως
2389 1428 2506 1498 μετ’
2534 1427 2746 1498 ἐκείνην
2780 1426 2872 1479 ἐπὶ
2909 1425 3005 1496 τὴν
3031 1425 3308 1495 παροῦσαν
3351 1427 3633 1499 ἐληλύθαμεν

2119 1520 2496 1591 πραγματείαν
2519 1537 2533 1552 ·
2562 1522 2627 1590 ἣν
2648 1520 2740 1574 καὶ
2763 1521 3059 1592 χαριέντως
3087 1523 3150 1576 ἄν
3178 1539 3261 1583 τις
3285 1521 3361 1591 τῷ
3387 1521 3476 1590 τῆς
3502 1522 3633 1592 σοφῆς

2121 1611 2373 1682 μελίττης
2399 1613 2746 1666 ἀπεικάσειεν
2787 1613 2996 1684 φυσικῷ
3031 1614 3420 1684 σπουδάσματι,
3451 1614 3564 1684 πρὸς
3585 1615 3634 1685 ἢν

2118 1704 2455 1775 ἀναπέμπων
2489 1706 2637 1775 ἡμᾶς
2678 1707 2705 1758 ὁ
2747 1706 2805 1758 ἐν
2835 1707 3160 1777 Παροιμίαις
3206 1706 3349 1778 ἱερὸς
3390 1705 3526 1774 λόγος
3554 1723 3632 1778 837,-

439 1809 532 1850 cer
570 1811 751 1851 sermo
801 1797 856 1850 in
899 1796 1211 1854 Proverbiis
1259 1798 1446 1854 dicens
1478 1819 1489 1852 :
1523 1817 1539 1850 ι
1572 1797 1718 1854 Vade
1740 1800 1805 1853 ad
1829 1815 2005 1870 apem,

2121 1799 2223 1863 σίν,
2265 1817 2282 1849 ι
2329 1799 2397 1851 Ἢ
2423 1797 2715 1870 πορεύθητι
2746 1797 2879 1868 πρὸς
2911 1799 3006 1870 τὴν
3038 1799 3310 1870 μέλιτταν,
3341 1799 3430 1851 καὶ
3457 1797 3522 1850 ἴδε
3548 1798 3634 1861 πᾶς

437 1895 493 1942 et
517 1887 638 1942 vide
659 1903 821 1958 quam
851 1905 1081 1959 operosa
1109 1891 1201 1952 sit.
1233 1905 1506 1960 quamque
1535 1893 1810 1961 egregium
1843 1893 2014 1945 conﬁ-

438 1980 548 2032 ciat
571 1995 749 2049 opus;
780 1981 900 2050 ejus
929 1983 1169 2036 laborem
1206 1999 1360 2052 rcges
1403 1994 1455 2038 et
1492 1985 1687 2052 privati
1716 1985 1780 2038 ad
1815 1986 2016 2039 sanita-

439 2082 544 2128 tem
578 2074 906 2141 comedunt;
938 2083 1091 2145 grata
1135 2082 1220 2130 est
1270 2077 1546 2143 omnibus,
1581 2086 1748 2148 atque
1782 2077 2010 2149 inclyta,

435 2164 542 2220 etsi
592 2165 803 2222 viribus
855 2167 1087 2230 debilis,
1144 2168 1467 2238 sapientiam
1518 2169 1698 2224 colere
1750 2170 2014 2240 praedica-

435 2258 590 2313 tur‘.
624 2279 641 2307 ›
687 2259 1154 2326 Quemadmodum
1212 2259 1359 2315 enim
1405 2261 1520 2316 haac
1565 2261 1751 2331 opifex
1788 2263 2012 2333 sapien-

433 2354 564 2408 tiam
618 2354 799 2408 colere
871 2353 1064 2416 fertur,
1119 2353 1425 2410 ﬂorentium
1489 2354 1799 2424 germinum
1864 2357 2013 2409 colli-

433 2460 567 2514 gens
603 2445 776 2510 utilia,
811 2453 865 2499 et
898 2444 984 2498 his
1015 2446 1273 2500 omnibus
1303 2446 1550 2500 collectis
1575 2455 1736 2515 atque
1765 2447 2015 2501 elabora-

439 2537 532 2598 tis,
564 2535 784 2605 regibus
813 2542 865 2589 et
899 2534 1126 2605 privatis
1169 2536 1464 2600 salutares,
1493 2545 1550 2590 ut
1579 2537 1654 2589 ait
1706 2535 2009 2606 Scriptura,

433 2637 652 2699 praestat
685 2627 896 2681 labores
937 2643 1088 2688 suos,
1121 2627 1262 2682 idem
1299 2629 1462 2681 etiam
1511 2628 1646 2683 istas
1687 2627 1754 2682 de
1792 2627 2013 2682 Christo

433 2719 779 2788 propheticas
806 2720 963 2774 nobis
994 2719 1246 2788 Eclogas,
1286 2735 1407 2789 qua:
1446 2727 1575 2775 sunt
1618 2719 1947 2790 ﬂorilegium
1984 2737 2015 2776 e

433 2812 602 2880 pratis
625 2811 718 2864 Dei
739 2811 1097 2882 spiritalibus,
1133 2813 1629 2882 comprehensnras
1671 2827 1794 2868 esse
1825 2813 2014 2867 existi-

431 2917 541 2966 mo,
605 2905 804 2974 quippe
850 2920 988 2959 cera:
1037 2903 1339 2972 opiﬁcium,
1392 2904 1620 2973 pulchre
1672 2905 2013 2960 elaboratum

431 2994 660 3049 sinceris
727 2994 904 3049 verbis
955 2993 1232 3049 tradentes
1293 2996 1596 3050 sententias
1656 3011 1786 3052 vero
1831 2998 1886 3051 in
1944 2999 2012 3053 iis

429 3087 740 3142 reconditas
771 3087 913 3142 sicut
950 3086 1164 3142 dulcem
1208 3103 1272 3142 ae
1308 3088 1731 3142 saluberrimum
1771 3091 1891 3161 apis
1923 3107 2010 3146 sa-
2039 3126 2077 3181 Ο

432 3179 630 3247 pientis
668 3178 900 3232 fructum
943 3179 997 3231 in
1038 3186 1250 3234 secreto
1288 3179 1549 3235 interiore
1580 3180 1702 3235 loco
1739 3181 2004 3239 condens.

429 3270 564 3336 Quis
601 3272 743 3324 enim
791 3270 1026 3324 ﬁdelium
1066 3286 1174 3324 non
1204 3270 1465 3326 fateretur
1498 3273 1565 3326 ab
1593 3273 1738 3327 omni
1759 3276 2005 3345 corporis

426 3363 702 3433 voluptate
742 3371 795 3417 et
821 3363 1052 3418 utilitate
1087 3363 1498 3433 incomparabili
1539 3363 1756 3421 diﬂ‘erre
1784 3369 2004 3436 praecel-

429 3456 592 3509 lentia
624 3455 890 3510 salutares
915 3454 981 3509 de
1012 3453 1193 3510 Verbo
1225 3455 1319 3511 Dei
1343 3456 1686 3522 collationes,
1713 3458 1780 3512 ad
1807 3459 2005 3514 intelli—

426 3548 662 3616 gentiam
689 3547 1023 3600 orthodoxiae
1058 3546 1302 3612 idoneas,
1329 3547 1384 3601 in
1430 3549 1497 3604 iis
1519 3565 1641 3620 qua:
1684 3566 1810 3606 vere
1848 3551 2002 3606 utilia

426 3645 479 3688 ct
517 3635 758 3690 salubria
806 3637 969 3691 sunt!
1005 3635 1156 3692 lianc
1206 3639 1458 3708 amplecti
1501 3655 1727 3696 necesse
1765 3649 1850 3696 est
1893 3657 2003 3698 non

427 3736 636 3781 tantum
707 3727 973 3798 dignitate
1045 3731 1461 3799 praecellentes,
1531 3733 1624 3802 qui
1682 3749 1838 3804 reges
1904 3751 2003 3789 vo-

423 3825 640 3882 cantur,
695 3817 791 3872 sed
841 3825 895 3874 et
943 3820 1242 3891 subjectos,
1290 3827 1344 3876 et
1375 3822 1612 3890 primum
1639 3839 1785 3879 nunc
1815 3824 2000 3880 divino

425 3911 768 3966 attendentes
831 3912 1017 3967 verbo.
1072 3913 1282 3977 Quibus
1319 3914 1535 3970 diverse
1585 3916 1841 3972 idoneum
1887 3919 2002 3975 fore

423 4001 680 4057 existimo
724 4001 922 4056 mentis
961 4001 1244 4068 habitum,
1298 4011 1359 4057 ut
1407 4020 1732 4075 pernoscere
1789 4008 2000 4078 possint

422 4092 710 4146 veritatem
759 4105 950 4145 eorum
1008 4092 1301 4146 verborum
1336 4132 1351 4159 ,
1415 4094 1482 4150 de
1547 4095 1748 4165 quibus
1798 4097 1999 4152 eruditi

421 4181 620 4245 sunt”;
672 4186 803 4234 tunc
839 4179 1073 4236 maxime
1114 4182 1347 4251 simplici
1405 4185 1731 4256 sinceraque
1765 4186 1868 4242 ﬁde
1907 4187 1999 4243 ﬁr-

423 4286 567 4325 mam
626 4282 995 4342 consequente
1046 4275 1342 4342 ﬁduciam,
1388 4293 1513 4332 cum
1579 4279 2000 4336 ratiocinatione

421 4373 476 4419 et
513 4364 978 4425 demonstratione
1015 4366 1373 4423 fundamenta
1403 4371 1646 4426 stabilita
1691 4373 1823 4438 sint,
1877 4389 1997 4428 cer-

422 4456 688 4512 tissimam
719 4473 901 4513 rerum
931 4459 1267 4514 creditarum
1294 4461 1707 4532 intelligentiam
1730 4471 1785 4518 et
1815 4463 1995 4520 scien-

421 4549 550 4603 tiam
611 4549 679 4604 ad
718 4588 734 4605 .
778 4588 793 4603 .
836 4589 854 4608 .
897 4591 912 4605 .
971 4590 987 4605 .
1032 4593 1046 4607 .
1091 4590 1106 4606 .
1159 4591 1175 4606 .
1219 4591 1238 4609 .
1281 4596 1294 4609 .
1343 4595 1358 4609 .
1400 4553 1564 4625 igitur
1613 4569 1816 4622 causa,
1869 4555 1995 4612 dico

421 4645 602 4694 autem
642 4679 658 4694 .
698 4678 712 4694 .
758 4678 773 4692 .
821 4680 835 4695 .
878 4680 892 4695 .
942 4683 954 4696 .
1001 4683 1016 4697 .
1063 4683 1076 4698 .
1119 4681 1132 4695 .
1172 4658 1401 4700 necesse
1441 4660 1562 4701 esse
1595 4646 1819 4716 prodest
1856 4689 1870 4704 .
1916 4687 1931 4704 .
1976 4690 1991 4707 .

420 4746 438 4763 σ
481 4769 498 4786 .
542 4772 556 4788 .
599 4771 615 4787 .
662 4772 677 4787 .
722 4773 736 4789 .
782 4771 796 4786 .
842 4772 857 4788 .
900 4775 915 4790 .
960 4743 1058 4804 ,ιιι
1093 4735 1149 4789 in
1185 4740 1438 4808 prommii
1470 4741 1632 4795 modo
1661 4741 1994 4813 interpreta-

419 4823 622 4881 tionem
651 4821 801 4878 brevi
843 4861 861 4878 .
906 4865 921 4878 .
961 4865 977 4883 .
1023 4865 1041 4882 .
1083 4867 1097 4879 .
1142 4864 1158 4880 .
1207 4867 1222 4881 .
1267 4866 1280 4880 .
1325 4866 1341 4881 .
1383 4869 1399 4884 .
1446 4870 1461 4884 .
1504 4830 1742 4884 maxime
1780 4831 1992 4889 brevis-

417 4915 613 4971 simam
659 4931 964 4987 proponere
1009 4917 1078 4974 de
1119 4957 1152 4996 .I
1180 4959 1194 4974 .
1242 4960 1257 4975 .
1300 4961 1314 4973 .
1360 4958 1374 4973 .
1434 4921 1656 4991 quidem
1703 4938 1992 4996 argumen-

416 5016 532 5064 tum
562 5008 671 5064 illis
692 5009 782 5079 qui
811 5008 1034 5066 credere
1063 4985 1223 5081 quasi
1245 5010 1448 5067 divinis
1491 5051 1506 5067 .
1551 5053 1564 5067 .
1611 5054 1624 5068 .
1668 5057 1681 5068 .
1735 5053 1750 5069 .
1795 5056 1809 5069 .
1857 5059 1870 5071 .
1915 5059 1928 5074 .
1975 5056 1990 5072 .

417 5101 716 5168 praedicant
759 5099 1098 5173 Seripturis;
1144 5116 1256 5157 non
1288 5103 1454 5174 igitur
1497 5145 1511 5159 .
1557 5144 1570 5157 .
1617 5147 1630 5161 .
1680 5146 1692 5161 .
1737 5146 1752 5160 .
1794 5147 1808 5161 .
1853 5147 1866 5162 .
1913 5151 1926 5165 .
1974 5148 1988 5162 .

415 5190 599 5248 Jesum
633 5193 793 5264 quasi
823 5194 1003 5264 ipsum
1051 5210 1213 5265 quem
1253 5195 1739 5266 prophetaverunt.
1783 5196 1843 5254 In
1889 5199 1992 5254 du-

416 5284 504 5338 bio
543 5325 558 5340 .
603 5327 618 5340 .
665 5328 678 5340 .
724 5329 738 5342 .
782 5327 798 5344 .
842 5327 858 5340 .
906 5330 918 5343 .
965 5330 979 5344 .
1025 5328 1040 5343 .
1083 5304 1197 5356 eos,
1243 5290 1452 5345 scilicet
1498 5289 1735 5360 Judaaos,
1773 5309 1989 5350 necnon

414 5379 618 5432 electos
662 5417 675 5432 .
719 5417 734 5433 .
778 5419 792 5433 .
834 5417 850 5434 .
893 5420 911 5437 .
955 5419 970 5436 .
1016 5419 1030 5434 .
1075 5421 1090 5445 ,
1131 5388 1185 5435 et
1223 5379 1582 5438 refutationes
1629 5399 1820 5440 eorum
1867 5403 1988 5458 quae

415 5470 589 5537 magis
617 5469 777 5524 etiam
818 5473 1052 5542 mythica
1085 5485 1312 5543 possent
1340 5475 1544 5539 dicere,
1573 5479 1857 5536 exsolvere
1887 5495 1984 5535 co-

411 5557 522 5611 nati
551 5555 763 5615 divinas
797 5579 978 5620 voces.
1009 5562 1128 5619 Erit
1157 5581 1378 5637 quoque
1415 5569 1596 5627 brevis
1623 5578 1676 5628 et
1707 5571 1984 5628 moderata

479 5729 493 5762 ί
538 5726 703 5784 Prov.
740 5751 812 5805 vl,
847 5741 902 5794 8.
981 5740 1000 5769 ²
1040 5738 1174 5795 Luc.
1215 5741 1365 5810 1,.4.

2116 1891 2336 1962 ἐργάτις
2365 1891 2502 1956 ἐστὶ,
2533 1894 2632 1962 τήν
2663 1907 2722 1942 τε
2753 1890 3011 1962 ἐργασίαν
3038 1890 3112 1954 ὡς
3158 1889 3360 1959 σεμνὴν
3388 1885 3630 1961 ἐμπορεύε-

2115 2001 2232 2038 ται·
2257 1980 2325 2056 ἦς
2348 1985 2473 2047 τοὺς
2495 1984 2690 2048 πόνους
2719 1984 2954 2054 βασιλεῖς
2978 1983 3072 2035 καὶ
3109 1981 3314 2034 ἰδιῶται
3341 1981 3467 2051 πρὸς
3489 1980 3634 2047 ὑγείαν

2115 2077 2512 2148 προσφέρονται
2539 2092 2551 2104 ·
2591 2075 2808 2144 ποθεινὴ
2845 2092 2902 2127 τε
2931 2075 3073 2128 ἐστὶν
3099 2075 3264 2126 πᾶσιν
3300 2074 3389 2125 καὶ
3420 2069 3633 2136 ἐπίδοξος,

2116 2168 2314 2238 καίπερ
2341 2163 2473 2220 οὖσα
2500 2169 2564 2237 τῇ
2601 2165 2758 2240 ῥώμῃ
2782 2163 3032 2234 ἀσθενὴς,
3067 2164 3163 2234 τὴν
3190 2163 3381 2232 σοφίαν
3409 2163 3637 2232 τιμήσασα

2116 2261 2384 2334 προήχθη.
2425 2279 2442 2311 ι
2483 2262 2577 2313 Ὃν
2611 2259 2719 2329 γάρ
2768 2262 2800 2330 ἡ
2839 2260 3061 2332 ἐργάτις
3108 2257 3294 2326 ἐκείνη
3340 2258 3526 2327 τρόπον
3564 2256 3636 2325 τὴν

2117 2354 2302 2421 σοψίαν
2334 2353 2561 2424 τιμῆσαι
2591 2351 3029 2424 μαρτυρουμένη,
3050 2349 3156 2402 τῶν
3179 2348 3418 2402 εὑοαλῶν
3439 2348 3636 2418 βλαστῶν

2114 2446 2482 2517 ἁναλεγομένη
2511 2444 2580 2499 τὰ
2620 2445 2922 2516 πρόσφορα,
2958 2445 3020 2496 ὲκ
3044 2442 3143 2511 τῆς
3180 2442 3433 2494 ἁπάντων
3459 2443 3636 2493 ἐπισυν-

2115 2539 2336 2609 αγωγῆς
2394 2555 2453 2590 τε
2508 2537 2602 2590 καὶ
2647 2538 2907 2608 ἐργασίας
2971 2533 3247 2606 βασιλεῦσι
3308 2535 3398 2587 καὶ
3450 2532 3637 2594 ἰδιώταις

2115 2631 2401 2700 ὑγιεινοὺς,
2496 2646 2658 2700 φησιν
2689 2630 2722 2699 ὴ
2747 2626 2960 2698 Γραςρὴ,
2989 2626 3294 2698 παρέχεται
3328 2626 3448 2688 τοὺς
3481 2623 3637 2692 ἑαυτῆς

2117 2725 2329 2788 πόνους,
2359 2721 2550 2775 ταυτόν
2575 2738 2626 2773 τι
2653 2721 2744 2774 καὶ
2776 2721 2872 2780 τὰς
2904 2721 3033 2790 περὶ
3059 2718 3150 2771 τοῦ
3183 2715 3421 2790 Χριστοῦ
3444 2720 3638 2784 Προμη-

2113 2818 2279 2882 τικὰς
2311 2817 2442 2886 ἡμῖν
2484 2813 2785 2883 Ἐκλοτὰς,
2833 2812 3148 2882 ἀπάνθισμα
3175 2811 3291 2863 τῶν
3322 2810 3412 2863 τοῦ
3437 2806 3552 2869 Θεοῦ
3573 2806 3637 2860 λο-

2113 2907 2284 2975 γικῶν
2329 2903 2608 2976 λειμώνων
2651 2903 3042 2973 τυγχανούσας,
3099 2901 3374 2973 περιέξειν
3421 2897 3636 2970 ἠγοῦμαι.

2112 3002 2211 3070 τὴν
2247 2998 2344 3070 μὲν
2367 2997 2475 3052 τῶν
2509 2997 2691 3069 κηρῶν
2720 2994 3018 3049 εὔπλαστον
3046 2993 3406 3066 δημιουργίαν
3426 2992 3478 3044 ὲν
3494 2988 3637 3059 ψιλαῖς

2113 3093 2230 3154 ταῖς
2257 3090 2461 3154 λέξεσιν
2494 3087 2902 3152 ἁποσωζούσας,
2951 3084 3020 3138 τὰ
3063 3085 3105 3138 δ’
3151 3087 3209 3138 έν
3243 3084 3391 3156 αὑτῷ
3419 3083 3640 3144 τεθησαυ-

2114 3181 2346 3254 ρισμένα
2378 3182 2624 3252 νοήματα
2655 3178 2969 3249 καταλλήλῳ
2999 3175 3075 3247 τῷ
3102 3175 3295 3245 γλυκεῖ
3324 3177 3414 3230 καὶ
3451 3177 3638 3244 ὑγιεινο-

2111 3275 2257 3345 τάτῳ
2288 3275 2387 3344 τῆς
2419 3272 2588 3342 σοφῆς
2637 3273 2694 3324 ὲν
2728 3269 2938 3342 ἐκείνης
2969 3271 3270 3340 γεννήματι
3311 3270 3436 3322 εἴσω
3481 3284 3568 3321 που
3593 3268 3636 3319 ἐν

2111 3365 2441 3434 ἀπορρήτοις
2479 3363 2886 3432 ταμιευόμενος.
2918 3359 3026 3422 ·Τίς
3065 3360 3172 3427 γάρ
3222 3358 3288 3429 δὴ
3328 3359 3432 3411 τῶν
3471 3354 3634 3410 πιστῶν

2111 3455 2210 3507 οὑκ
2263 3455 2328 3508 ἂν
2360 3454 2685 3526 ὁμολογήσαι
2728 3455 2906 3524 πάσης
2951 3452 3038 3504 διὰ
3082 3451 3352 3521 σωμάτων
3392 3449 3560 3519 ἡδονῆς

2111 3549 2205 3600 καὶ
2227 3547 2490 3617 ὠφελείας
2521 3546 2835 3617 ἀσυγκρίτῳ
2867 3545 3140 3614 διαφέρειν
3171 3545 3411 3614 ὑπεροχῇ
3442 3540 3530 3603 τὰς
3556 3556 3634 3591 σω-

2109 3639 2326 3710 τηρίους
2354 3638 2480 3710 περὶ
2512 3636 2606 3690 τοῦ
2641 3638 2813 3707 ,Λόγου
2847 3635 2939 3688 τοῦ
2971 3634 3106 3687 Θεοῦ
3149 3632 3490 3705 παραθέσεις,
3523 3627 3634 3698 (1³.2)

2110 3732 2443 3804 ἐπιτηδείους
2488 3731 2624 3801 πρὸς
2675 3728 2938 3799 ἀνάληψιν
2990 3725 3342 3799 ὑπαρχούσας
3399 3723 3492 3792 τῆς
3528 3717 3636 3773 κατὰ

2109 3825 2365 3896 ἀλήθειαν
2417 3821 2690 3894 ὠφελίμου
2735 3822 2828 3875 καὶ
2882 3821 3124 3889 ὑγιεινῆς
3181 3816 3512 3889 ὀρθοδοξίαςς
3558 3812 3637 3868 Ἢν

2110 3917 2388 3988 περιέπειν
2421 3916 2715 3984 ἀναγκαῖον
2744 3914 2804 3966 οὑ
2842 3912 3032 3983 μόνους
3056 3911 3182 3972 τοὺς
3211 3909 3310 3980 τὴν
3345 3909 3451 3972 ’ἑξιν
3474 3903 3635 3976 προθε-

2109 4005 2344 4076 6ηκότας
2376 4004 2614 4075 βασιλεῖς
2639 3999 3086 4074 όνομαζομένορς,
3115 3997 3252 4051 ἀλλὰ
3279 3996 3373 4050 καὶ
3397 3996 3512 4056 τοὺς
3537 3993 3638 4045 ὑπο-

2107 4098 2406 4169 ϐεϐηκότας
2431 4097 2525 4151 καὶ
2551 4095 2766 4167 πρῶτον
2786 4090 2998 4164 ἀρτιτῷ
3020 4091 3147 4160 θείῳ
3165 4087 3484 4160 προσιόντας
3505 4082 3631 4149 λόγῳ·

2105 4189 2186 4256 οἷς
2228 4191 2321 4245 καὶ
2352 4188 2710 4261 διαφερόντως
2742 4185 3052 4255 ἐπιτηδείαν
3081 4180 3299 4234 ἔσεσθαι
3348 4175 3534 4249 νομίζω

2107 4283 2382 4346 ὑπόθεσιν,
2425 4282 2500 4344 ὡς
2548 4279 2614 4334 ἂν
2662 4277 2920 4350 ἀκριϐοῦν
2962 4276 3018 4343 ἐξ
3063 4276 3232 4345 αὑτῆς
3286 4273 3519 4328 δύναιντο
3557 4266 3632 4338 τὴν

2106 4375 2234 4447 περὶ
2271 4369 2344 4427 ὧν
2385 4369 2772 4443 κατηχήθησαν
2805 4369 2978 4437 λόγων
3011 4365 3345 4436 ἀσφάλειαν⁸
3381 4362 3493 4416 τότε
3524 4356 3632 4431 μᾶλ-

2105 4465 2193 4517 λον
2220 4465 2318 4534 τῆς
2346 4459 2524 4531 ἁπλῆς
2550 4459 2644 4511 καὶ
2673 4457 2931 4528 ἀκεραίου
2958 4456 3192 4518 πίστεως
3221 4456 3429 4523 πεῖσμα
3455 4448 3632 4520 βέϐαιον

2105 4553 2380 4626 ίσχούσης,
2421 4550 2638 4604 ἐπειδάν
2678 4549 2755 4620 τῷ
2795 4547 3036 4618 λογισμῷ
3089 4548 3213 4610 τοὺς
3248 4546 3317 4599 δι’
3354 4539 3633 4605 ἀποδείξεως

2101 4641 2596 4719 προεγκαταϐαλών
2620 4659 2702 4705 τις
2723 4640 2998 4712 θεμελίους
3024 4639 3123 4710 τὴν
3145 4637 3348 4708 ἀκριϐῆ
3379 4635 3479 4688 τῶν
3503 4646 3631 4684 πεπιο

2103 4735 2410 4807 στευμένων
2460 4732 2761 4803 κατάληψίν
2803 4749 2863 4784 τε
2915 4731 3008 4784 καὶ
3058 4729 3260 4799 γνῶσιν
3294 4727 3426 4798 πρὸς
3467 4727 3626 4790 ὲπικτη

2104 4867 2118 4882 .
2195 4867 2210 4882 .
2291 4867 2305 4882 .
2383 4866 2398 4879 .
2469 4866 2483 4880 .
2523 4843 2552 4879 ν
2575 4823 2704 4894 γοῦν
2737 4823 2920 4877 ἕνεκεν
2949 4822 3091 4893 φημὶ
3118 4821 3174 4874 δὲ
3202 4821 3311 4876 τῶν
3343 4821 3400 4872 ὲτ
3437 4857 3452 4876 ρ
3491 4855 3505 4870 .
3538 4830 3625 4867 τοι·

2099 4920 2295 4993 χειώσε
2372 4961 2384 4974 .
2467 4959 2480 4973 .
2563 4958 2576 4971 .
2656 4956 2671 4972 .
2751 4955 2766 4970 .
2845 4953 2861 4970 .
2937 4916 3225 4983 ἀναγκαῖον
3255 4908 3390 4966 εἶναι
3419 4906 3624 4982 παρέστη

2104 5012 2242 5084 μετά
2283 5012 2381 5084 τὴν
2420 5009 2656 5081 ὲκάσττις
2709 5025 2817 5080 προ
2888 5045 2903 5060 .
2983 5046 2996 5060 .
3076 5045 3088 5058 .
3171 5047 3185 5060 .
3265 5021 3333 5069 ιν,
3363 5002 3434 5064 ὡς
3461 5002 3512 5051 ἐν
3535 4997 3623 5085 εισ-

2099 5107 2321 5178 αγωγῆς
2351 5105 2538 5178 τρόπῳ
2565 5104 2814 5176 διήγησιν
2847 5103 3018 5175 βραχυ
3060 5140 3076 5154 .
3155 5141 3168 5152 .
3245 5137 3260 5151 .
3341 5137 3356 5152 .
3429 5093 3502 5147 ενι
3543 5085 3624 5162 Mr

2097 5198 2252 5251 λιστα
2285 5195 2703 5268 συντομωτάτην
2731 5193 3069 5265 παραθέσθαι
3101 5191 3225 5261 περὶ
3268 5231 3282 5244 .
3359 5228 3372 5241 .
3449 5225 3462 5239 .
3532 5223 3546 5238 .
3609 5215 3620 5232 ο

2101 5291 2197 5362 μὲν
2223 5289 2441 5360 ἔλεγχον
2463 5288 2573 5342 τῶν
2606 5285 2882 5341 πιστεύειν
2917 5286 3012 5358 μὲν
3044 5285 3119 5346 ὡς
3151 5282 3322 5346 θείαις
3363 5320 3376 5335 .
3449 5319 3462 5333 .
3532 5313 3546 5329 .
3607 5311 3618 5323 -

2099 5386 2216 5452 ραῖς
2235 5382 2545 5454 αὐχούντων
2566 5382 2835 5454 Γραφαῖς’
2865 5379 2939 5452 μὴ
2963 5377 3066 5450 μὴν
3087 5390 3380 5448 προσιεμεν
3403 5413 3416 5426 .
3442 5409 3456 5423 .
3473 5381 3588 5420 ora.
3604 5399 3616 5414 .

2096 5518 2110 5532 .
2194 5517 2209 5533 .
2289 5515 2303 5529 .
2385 5518 2398 5532 .
2475 5474 2552 5530 ὦν
2595 5472 2799 5544 Ἰησοῦν
2831 5472 2906 5537 ὡς
2947 5471 3012 5525 ἂν
3055 5470 3213 5525 αὑτὸν
3237 5467 3366 5520 ὄντα
3407 5463 3490 5516 τὸν
3510 5469 3616 5544 προξ

2095 5570 2488 5643 φητευόμενον·
2525 5542 2868 5640 ἐπαπόρησιν
2901 5582 2939 5617 π
2969 5604 2981 5618 .
3026 5604 3039 5618 .
3083 5602 3096 5616 .
3141 5602 3152 5616 .
3194 5557 3406 5621 αὑτοὺς,
3433 5550 3555 5619 λέγω
3575 5542 3617 5597 δὲ
