3868 6264
222 353 345 412 {025
1257 340 1557 398 ECLOGE
1597 327 2076 397 PROPHETICE.
2114 366 2185 379 —-
2223 333 2351 391 LIB.
2387 330 2432 393 I.
3304 338 3441 393 1028

214 468 330 529 τοὺς
352 465 413 516 εκ
438 457 753 531 περιτομῆς,
781 455 1021 520 καὶτοὺς
1045 455 1154 510 ἀπὸ
1178 453 1285 509 τῶν
1304 455 1513 529 αίρέσε.
1547 494 1563 509 .
1602 495 1617 511 .
1663 455 1765 527 p.06

1883 463 2057 510 nostra
2085 452 2417 523 explanatio,
2451 450 2572 507 sive
2616 465 2740 507 cum
2773 453 3005 524 probare
3031 452 3318 509 conabitur
3342 469 3439 528 per

217 551 279 615 δι’
308 555 396 611 καὶ
436 549 741 622 ἀνατροπὰς
789 541 865 602 ὧν
906 547 971 602 ἂν
998 547 1202 601 εἴποιεν
1231 546 1600 620 μυθικώτερον
1642 548 1764 600 ὲιιιιὁ

1883 547 2051 602 solum
2092 544 2429 601 Salvator-em
2482 552 2730 601 nostrum
2759 545 3012 618 impletas
3041 546 3217 602 fuisse
3255 561 3444 603 sacras

217 651 349 706 λύειν
374 642 697 717 πειρώμενοι
727 640 826 705 τὰς
849 641 996 704 Θείας
1021 639 1222 709 φωνάς.
1253 641 1443 694 Ἔσται
1467 638 1523 693 δὲ
1559 639 1656 694 καὶ
1678 638 1766 693 διὰ

1883 637 1967 695 Dei
1995 636 2399 710 praedictiones,
2436 638 2552 694 sive
2584 653 2709 693 cum
2739 647 2986 696 nostram
3016 638 3170 696 deiis
3193 655 3315 712 quae
3342 655 3444 697 ex-

220 738 444 815 βραχέων
475 732 667 806 μετρία
695 749 781 796 τις
807 731 964 803 ἡμῶν
990 729 1266 802 ὲίξήγησις,
1300 730 1389 783 ὁτὲ
1419 731 1516 801 μιν
1547 729 1764 784 67:66:1-

1883 747 2138 804 ponemus
2166 731 2491 787 sententiam
2521 731 2934 803 explicabimus.

218 834 288 899 ξιν
316 825 630 899 περιέξουσα
653 820 748 876 :06
770 820 913 876 κατὰ
947 820 1104 892 μόνον
1125 818 1217 873 τὸν
1241 817 1508 889 ἡμέτερον
1537 817 1765 890 Σωτῆρα
2359 873 2362 876 ,

217 918 586 994 πεπληρῶσθαι
617 916 716 981 τὰς
744 916 895 989 ίερὰς
924 914 1018 969 τοῦ
1045 913 1181 969 Θεοῦ
1208 913 1563 986 προρρήσεις,
1590 912 1681 966 ὁτὲ
1708 913 1764 967 δὲ
1802 914 1901 987 τὴν
1926 915 2199 989 ἡμετέραν
2221 912 2447 986 γνώμην
2469 913 2538 986 ἢν
2576 912 2771 985 ἔχομεν
2805 915 2932 987 περί
2993 915 3101 971 τῶν
3136 912 3443 984 οὲκτεθησο-

216 1020 378 1095 μένων
410 1012 769 1087 σημαίνουσα.
1644 1031 1652 1039 -

287 1107 437 1163 Ἀλλὰ
466 1106 573 1178 γὰρ
615 1104 822 1160 τούτων
866 1101 1204 1173 ἐφάπτεσθαι
1256 1099 1569 1172 μέλλοντας,
1603 1101 1768 1170 ἀναγ-

1943 1095 2148 1152 Verum
2178 1101 2468 1165 antequam
2489 1091 2753 1163 quidquid
2775 1091 2948 1148 dehis
2976 1093 3326 1164 attingamus,
3344 1109 3444 1165 pro

213 1203 368 1265 καίως
394 1195 896 1273 προδιαστείλασθαι
923 1196 998 1261 ὡς
1020 1195 1097 1266 πῆ
1132 1195 1231 1266 μὲν
1259 1195 1493 1266 προόντα
1523 1192 1584 1246 οὐ
1611 1191 1768 1264 μόνον

1883 1196 2022 1246 certo
2035 1188 2236 1244 habere
2249 1199 2474 1241 necesse
2484 1192 2586 1249 est,
2599 1182 2744 1254 quod
2760 1183 2953 1253 partim
2970 1183 3322 1253 praeeristens
3335 1199 3444 1239 non

212 1295 300 1365 τῆς
338 1290 796 1362 ὲνανθρωπήσεως
832 1286 969 1341 ἀλλὰ
1019 1287 1113 1340 καὶ
1144 1288 1326 1358 πάσης
1364 1284 1589 1356 γενετῆς
1637 1284 1769 1337 ὐπο-

213 1386 437 1449 στάσεως
468 1380 564 1435 τοῦ
591 1381 727 1435 Θεοῦ
757 1381 930 1451 Λόγον
968 1379 1310 1434 διδάσκουσιν
1341 1380 1390 1432 οἱ
1428 1378 1562 1449 ἱεροὶ
1593 1375 1763 1444 λόγοι,

210 1477 332 1532 Θεὸν
358 1518 372 1534 .
415 1516 431 1529 .
474 1514 488 1529 .
520 1474 684 1529 αὐτὸν
713 1472 850 1545 μετὰ
879 1472 969 1526 τὸν
1001 1473 1221 1543 Πατέρα
1248 1471 1343 1525 καὶ
1374 1469 1577 1541 Κύριον
1601 1483 1770 1539 προσ-

1871 1282 2050 1338 solum
2083 1277 2473 1342 incarnationi,
2504 1280 2599 1333 sed
2635 1283 2690 1331 et
2723 1275 2903 1331 omnis
2936 1274 3258 1330 substantia:
3300 1290 3446 1331 crea-

1871 1377 2009 1433 tioni
2031 1369 2388 1431 DeiVerbum
2408 1373 2585 1430 sancti
2604 1369 3147 1434 libridocent,Denm
3191 1411 3205 1425 .
3250 1408 3266 1423 .
3309 1409 3326 1425 .
3369 1412 3386 1427 .
3429 1409 3444 1423 .

1872 1485 1994 1524 eum
2028 1476 2152 1540 post
2192 1467 2411 1523 Patrem
2440 1475 2496 1523 et
2539 1464 2826 1519 Dominum
2865 1463 3241 1533 designantes,
3290 1473 3351 1516 ιιι
3393 1472 3447 1518 ct

211 1569 571 1643 αγορεύοντες,
594 1562 682 1622 οἶα
709 1567 772 1638 δὴ
805 1567 899 1620 καὶ
924 1565 985 1619 τὸ
1017 1567 1278 1636 κήρυγμα
1307 1562 1368 1617 :6
1391 1562 1770 1631 ἐκκλησιαστι-

1883 1561 2248 1617 ecclesiastica
2292 1559 2398 1615 fert
2428 1556 2744 1630 praedicatio
2772 1569 3015 1625 congrue
3058 1568 3182 1611 cum
3212 1568 3448 1623 evange-

211 1637 317 1716 κόν-
340 1659 582 1732 περιέχει
635 1637 942 1720 ἀκολούθως
991 1659 1057 1728 τῇ
1106 1654 1434 1725 εὐαγγελικῇ
1496 1651 1768 1725 μαρτυρία

1883 1654 1983 1709 |ico
2025 1652 2345 1709 testimonio
2384 1650 2643 1706 dicente:
2677 1666 2696 1700 ι
2726 1647 2787 1701 ln
2834 1646 3104 1717 principio
3148 1656 3269 1700 erat
3311 1637 3445 1702 Ver-

209 1753 489 1826 (είπ)ούσῃ,
531 1771 549 1803 ι
593 1752 681 1805 Ἑν
733 1752 874 1822 ἀρχῇ
910 1744 980 1820 ἦν
1008 1750 1037 1801 6
1065 1748 1269 1817 Λόγος·
1312 1747 1407 1801 καὶ
1434 1749 1462 1800 ό
1506 1747 1677 1813 Λόγος
1700 1739 1768 1815 ἦν

1883 1741 2026 1811 tium,
2062 1752 2117 1799 et
2164 1742 2402 1799 Verbum
2449 1748 2568 1798 erat
2612 1739 2755 1811 apud
2809 1737 3004 1801 Deum,
3039 1745 3094 1792 et
3144 1736 3290 1791 Deus
3329 1744 3447 1791 erat

209 1846 332 1919 πρὸς
352 1847 441 1900 τὸν
459 1845 615 1910 Θεὸν,
649 1844 745 1898 καὶ
764 1843 896 1907 Θεὸς
921 1838 990 1915 ἦν
1010 1845 1038 1897 6
1064 1841 1236 1910 Λόγος
1252 1859 1266 1872 ·
1301 1840 1476 1894 πάντα
1507 1838 1573 1892 δι’
1603 1835 1767 1891 αὐτοῦ

1883 1837 2137 1894 Verbum.
2171 1835 2365 1891 Omnia
2398 1850 2492 1904 per
2524 1836 2702 1905 ipsum
2735 1831 2875 1886 facta
2905 1838 3052 1898 sunt,
3085 1837 3139 1885 et
3165 1829 3285 1885 sine
3325 1830 3447 1899 ipso

209 1938 433 2008 ἐγένετο·
470 1937 571 1991 καὶ
602 1935 770 2008 χωρὶς
799 1933 962 1988 αὑτοῦ
998 1934 1211 2003 ἐγένετο
1252 1932 1374 1985 οὐδὲ
1402 1930 1461 1984 ἓν
1484 1947 1497 1961 ·
1537 1949 1554 1981 ›
1599 1929 1675 2001 πῆ
1710 1928 1766 1983 δὲ

1883 1928 2073 1984 iactum
2127 1935 2211 1984 est
2265 1926 2404 1981 nihil
2426 1926 2467 1991 ³,
2502 1945 2520 1978 ι
2549 1924 2749 1996 partim
2793 1922 3161 1993 praenuntiant
3184 1920 3292 1975 duo
3327 1919 3447 1988 ejus

207 2033 296 2097 τὰς
337 2031 427 2085 δύο
473 2030 779 2103 παρουσίας
827 2028 992 2085 αὐτοῦ
1044 2023 1522 2099 προαναφωνοῖωισ
1577 2024 1674 2094 τήν
1710 2039 1770 2076 τε

208 2112 488 2198 προτέραν,
521 2125 581 2177 ὲν
673 2125 809 2195 μήτε
837 2116 975 2185 εἶδος
1014 2120 1177 2174 αὐτὸν
1218 2119 1354 2188 μήτε
1402 2115 1595 2179 κάλλος
1629 2114 1771 2179 ’ἐξειν

208 2218 599 2291 προύθέσπιζον
643 2216 941 2289 διαρρήδην
988 2213 1063 2278 ὡς
1105 2212 1376 2284 πρόϐατον
1422 2211 1513 2263 ἐπὶ
1557 2208 1771 2280 σφαγὴν

206 2311 550 2386 ἀχθήσεσθαι,
598 2311 689 2364 καὶ
717 2308 903 2378 σαφῶς
932 2307 1103 2370 οὕτως
1134 2305 1243 2360 ἀπὸ
1270 2304 1377 2357 τῶν
1411 2302 1649 2373 ἀνομιῶν
1677 2300 1770 2354 τοῦ

206 2405 456 2478 προτέρου
494 2405 631 2458 λαοῦ
675 2404 773 2477 τὴν
813 2403 906 2455 ἐπὶ
952 2402 1165 2471 θανάτῳ
1208 2394 1772 2467 καταδικασθήσεσθαι

206 2496 467 2568 λέγοντες·
505 2491 598 2550 οἷα
641 2496 705 2567 δὴ
753 2494 849 2549 καὶ
896 2492 1312 2547 ἀποδείκνυνται
1355 2491 1455 2561 τῆς
1502 2486 1773 2559 προτέρας

207 2586 360 2643 αὐτοῦ
390 2586 702 2659 παρουσίας
727 2587 783 2638 αί
826 2583 968 2637 κατὰ
993 2583 1118 2646 τοὺς
1154 2579 1406 2653 Τιϐερίου
1445 2579 1668 2651 χρόνους
1696 2579 1774 2631 0i-

208 2680 467 2753 κονομίαι’
512 2680 611 2734 καὶ
636 2678 735 2750 τὴν
777 2676 1051 2747 δευτέραν,
1096 2673 1273 2727 οὐκέθ’
1307 2672 1495 2743 ὁμοίαν
1527 2673 1593 2742 τῇ
1638 2688 1772 2741 προο

206 2771 349 2843 τέρᾳ,
379 2770 661 2839 θειοτέραν
691 2767 749 2820 δὲ
779 2768 875 2820 καὶ
921 2766 1054 2819 πολὺ
1088 2766 1155 2835 τῇ
1197 2761 1323 2835 δόξῃ
1366 2759 1772 2832 παραλλάττου-

210 2880 319 2929 σαν,
362 2862 477 2933 μετ’
509 2858 813 2929 άγγελικῆς
842 2854 1169 2929 δορυφορίας
1212 2852 1307 2906 καὶ
1344 2850 1445 2921 τῆς
1474 2850 1566 2903 ἀπ’
1607 2850 1773 2924 ούρα-

208 2952 305 3008 νῶν
336 2949 698 3024 παρατάξεως
734 2945 1133 3019 γενησομένην
1170 2937 1251 3005 οἷς
1295 2941 1652 3012 εὐγνωμόνως
1682 2938 1774 2993 τὸν

206 3043 595 3113 ἐντυγχάνοντα
639 3036 814 3111 χρεὼν
861 3037 1059 3090 κανόνα
1107 3033 1295 3105 ὥσπερ
1338 3032 1433 3086 καὶ
1475 3030 1675 3084 σκοπὸν
1715 3028 1776 3083 :6

207 3137 456 3207 κήρυγμα
496 3132 756 3203 κατέχειν
784 3130 844 3183 τὸ
872 3126 1228 3182 άποστολικὸν
1255 3124 1436 3177 τέλεια
1465 3123 1560 3177 καὶ
1594 3123 1773 3196 ἀπαρ-

206 3229 488 3301 εγχείρητα
525 3226 599 3280 τὰ
627 3225 726 3296 τῆς
764 3221 1018 3294 ἀληθείας
1057 3219 1301 3289 δόγματα
1329 3215 1773 3285 διαφυλάττοντα,

1873 2022 2139 2076 adventus
2197 2038 2210 2074 :
2264 2019 2523 2091 priorem,
2570 2019 2624 2073 in
2653 2030 2762 2088 quo
2796 2029 2973 2085 neque
3020 2011 3293 2085 speciem,
3350 2026 3450 2066 ne-

1875 2130 1983 2186 que
2043 2112 2294 2169 decorem
2357 2111 2645 2166 habiturus
2697 2107 3006 2163 ostenditur
3030 2105 3072 2171 δ,
3129 2103 3443 2166 manifeste,

1872 2207 2015 2262 sicut
2076 2220 2248 2277 agnus
2300 2205 2366 2259 ad
2417 2202 2752 2259 occisionem
2796 2197 3102 2262 ducendus,
3153 2209 3317 2268 atque
3371 2195 3447 2249 ita

1874 2306 2098 2370 propter
2124 2297 2324 2368 prioris
2356 2297 2541 2367 populi
2573 2292 2891 2364 iniquitates
2920 2290 2989 2346 ad
3026 2297 3259 2346 mortem
3296 2287 3449 2343 dam—

1872 2391 2130 2459 nandns;
2162 2388 2540 2459 quae’quidem
2592 2387 2648 2441 in
2680 2384 2844 2456 primi
2877 2383 2995 2453 ejus
3024 2382 3314 2446 adventus,
3348 2377 3445 2434 Ti-

1872 2483 2009 2540 berii
2032 2491 2299 2553 tempore,
2319 2480 2575 2553 passione
2605 2478 2818 2548 expleta
2839 2485 2998 2544 sunt;
3037 2475 3265 2531 alterum
3294 2487 3451 2539 vero,

1872 2577 2045 2649 priori
2087 2577 2248 2647 longe
2279 2573 2600 2630 dissimilem
2622 2612 2637 2638 ,
2662 2571 2989 2627 diviniorem
3020 2568 3301 2637 multoque
3333 2566 3450 2620 cla-

1873 2650 2096 2733 riorem,
2114 2665 2374 2737 angelicis
2390 2661 2996 2730 cohortibus,omnique
3010 2659 3274 2714 cmlornm
3293 2672 3449 2712 exer—

1875 2761 1988 2815 citu
2017 2757 2434 2814 circumdatum.
2470 2754 2681 2822 Quibus
2738 2753 2842 2807 rite
2887 2751 3451 2821 respondeatnecesse

1874 2858 1958 2907 est
1974 2849 2181 2921 regula,
2198 2848 2355 2919 quasi
2373 2847 2710 2918 propositum
2728 2844 2925 2899 habeat
2947 2841 3300 2913 apostolicam
3322 2855 3455 2910 pra:-

1876 2942 2227 3006 dicationem,
2250 2954 2370 3010 quae
2391 2938 2630 3010 perfecta
2659 2936 3064 3008 purissimaque
3085 2933 3331 2988 veritatis
3354 2935 3453 2986 do-

1874 3044 2054 3108 gmata
2116 3040 2439 3096 conservet,
2491 3031 2702 3086 scilicet
2752 3028 2819 3084 de
2879 3028 3053 3099 prima
3107 3036 3163 3080 et
3208 3025 3451 3080 increata

1877 3129 2263 3183 universorum
2313 3123 2407 3180 Dei
2455 3129 2671 3188 natura,
2715 3129 2770 3176 et
2813 3117 2985 3174 divini
3031 3116 3196 3172 V'erbi
3248 3130 3455 3186 praeex-

1883 3219 2103 3276 istentia
2154 3226 2320 3288 atque
2370 3214 2701 3276 substantia,
2752 3225 2916 3281 quam
2975 3209 3034 3266 in
3079 3214 3454 3263 creaturarum

205 3319 468 3372 τουτέστιν
498 3315 571 3370 τὰ
605 3316 733 3386 περὶ
759 3314 857 3384 τῆς
886 3309 1107 3384 πρώτης
1131 3308 1226 3362 καὶ
1254 3308 1517 3377 ἀγενήτου
1543 3305 1636 3358 :06
1668 3305 1776 3358 τῶν

1883 3310 2123 3366 omnium
2163 3307 2461 3370 creatione,
2508 3305 2654 3361 sicut
2687 3304 2912 3358 verbum
2959 3342 2971 3354 .
3015 3343 3029 3356 .
3132 3324 3157 3352 υ.
3202 3337 3216 3351 .
3260 3338 3276 3352 .
3319 3338 3335 3354 .
3378 3337 3394 3353 .
3438 3335 3453 3350 .

205 3410 332 3464 ὅλων
362 3410 499 3464 Θεοῦ
530 3408 770 3480 φύσεως,
807 3405 900 3459 καὶ
931 3404 1000 3457 τὰ
1024 3402 1122 3472 τῆς
1146 3399 1239 3453 τοῦ
1274 3398 1416 3452 θείου
1442 3397 1617 3466 Λόγου
1645 3413 1777 3467 προσ

206 3504 553 3568 υποστάσεώς
578 3520 639 3556 τε
682 3501 778 3554 καὶ
812 3497 1134 3569 ὑπουργίας,
1164 3493 1232 3566 ἢν
1257 3491 1350 3546 ἐπὶ
1386 3494 1453 3564 τῇ
1486 3491 1594 3545 τῶν
1619 3507 1778 3562 γενη-

204 3600 307 3656 τῶν
333 3601 596 3656 ἁπάντων
623 3594 976 3668 δημιουργία,
1000 3586 1087 3645 οἷα
1118 3589 1181 3662 δὴ
1215 3587 1390 3657 λόγος.

205 3692 1014 3764 (ι.ε›.......

1882 3426 3454 3457 eooeoo-oceCI-e-00000000....

1881 3518 3455 3547 σοοσοοοοοοοιοοσιοσιοοοοοοοο

1880 3682 2077 3751 praeter
2118 3679 2355 3744 quatuor
2400 3669 2615 3724 litteras
2669 3666 2812 3737 apud
2858 3664 3114 3720 Hebraeos
3169 3662 3455 3728 infandas,

1762 3804 1779 3822 .
1881 3782 2114 3841 quarum
2171 3761 2564 3834 conjunctione
2611 3755 2884 3813 inell‘abile
2941 3763 3162 3811 constat
3212 3770 3457 3819 nomen,

204 3974 366 4045 χωρίς
410 3972 525 4026 τῶν
573 3966 855 4039 τεσσάρων
892 3961 1171 4033 στοιχείων
1207 3958 1316 4012 τῶν
1342 3960 1472 4030 παρ’
1510 3954 1782 4027 Ἑϐραίοις

201 4065 627 4135 άνεκφωνήτων,
659 4052 733 4114 ὧν
777 4057 864 4111 διὰ
891 4056 990 4127 τῆς
1024 4051 1323 4115 συνθέσεως
1355 4050 1415 4104 τὸ
1444 4046 1782 4121 σημαινόμε-

202 4173 287 4211 νον
322 4157 499 4227 ὅνομα
536 4155 776 4226 ἄρρητον
818 4149 1080 4219 ὑπάρχον,
1116 4139 1692 4215 καταχρηστικώτερον
1725 4136 1784 4190 δὲ

208 4268 225 4300 ι
253 4249 462 4321 Κύριος
495 4267 515 4300 ι
550 4243 1000 4314 ἐπικαλούμενον,
1040 4239 1250 4292 οὐδέπω
1280 4235 1410 4289 ποτὲ
1438 4234 1531 4287 ἐπὶ
1562 4232 1783 4304 ἀγγελι-

203 4342 300 4414 κῆς
319 4341 701 4414 παρείληπται
726 4336 1029 4407 δυνάμεως,
1063 4332 1139 4397 ὡς
1166 4328 1481 4399 ἐπιστήσεις
1508 4325 1626 4379 καθ’
1658 4326 1786 4396 ὅλης

200 4432 299 4502 τῆς
330 4429 699 4486 θεοπνεύστου
731 4426 975 4502 Γραφῆς,
1006 4424 1133 4479 ἔνθα
1170 4427 1200 4479 6
1233 4423 1389 4488 Θεὸς,
1425 4421 1459 4493 ἢ
1499 4423 1528 4473 6
1563 4417 1650 4473 διὰ
1689 4416 1785 4471 :06

200 4529 636 4602 τετραγράμμου
663 4523 988 4595 δηλούμενος
1018 4520 1223 4592 Κύριος
1262 4519 1673 4590 ἀναγέγραπται
1695 4528 1787 4565 κε-

199 4589 627 4695 χρηκέναίτισί
650 4636 663 4649 ·
707 4589 934 4688 πότε-ρον
966 4613 1058 4668 ὲπί
1104 4589 1205 4682 τὴν
1232 4611 1494 4682 ἀγένητον
1540 4607 1633 4661 :06
1678 4603 1779 4658 τῶν

1893 4596 2196 4656 secundum
2241 4589 2403 4646 inen‘a

197 4713 335 4768 ὅλων
358 4711 505 4767 Θεοῦ
534 4710 696 4782 φύσιν
718 4706 1035 4763 ἁνενεκτέον
1066 4704 1134 4759 τὰ
1157 4702 1482 4775 δηλούμενα,
1509 4701 1543 4772 ἢ
1574 4698 1667 4753 ἐπὶ
1695 4697 1786 4751 τὸν

197 4806 393 4861 τούτου
423 4806 628 4875 Λόγον,
653 4803 712 4857 ὃν
739 4800 989 4872 δεύτερον
1030 4795 1367 4867 τυγχάνοντα
1397 4792 1505 4846 τῶν
1536 4790 1672 4846 ὅλων
1704 4788 1788 4842 αί-

197 4915 312 4953 τιον
339 4899 439 4953 καὶ
471 4896 612 4951 Θεὸν
653 4896 746 4949 καὶ
787 4893 990 4957 Κύριον
1019 4888 1162 4943 κατὰ
1189 4887 1251 4940 τὸ
1301 4883 1694 4957 σημαινόμενον
1724 4883 1788 4935 ὲκ

195 4990 289 5045 :06
324 4992 464 5063 παρ’
498 4987 773 5060 Ἑϐραίοις
806 4985 1047 5056 ἀρρήτου
1079 4980 1340 5051 ὀνόματος
1363 4972 1786 5049 προσαγορεύειν

197 5081 392 5137 εἴωθεν
426 5084 464 5154 ἡ
515 5080 638 5135 θεία
678 5078 891 5151 Γραφή.
936 5074 1048 5129 Καὶ
1089 5073 1225 5144 δῆτα
1257 5071 1349 5124 ἐπὶ
1383 5067 1476 5122 :06
1522 5066 1789 5139 παρόντος

198 5176 482 5247 φήσαντος
514 5171 613 5226 :06
642 5171 824 5240 λόγου,
852 5170 934 5222 ὅτι
955 5166 1039 5238 δή·
1067 5185 1086 5218 ι
1120 5162 1339 5234 Κατέϐη
1373 5160 1596 5232 Κύριος,
1621 5178 1638 5210 ι
1675 5157 1792 5222 καὶ,

201 5283 223 5318 ε
256 5263 434 5321 Εἶπεν
474 5263 705 5336 Κύριος,
755 5281 773 5310 ι
804 5259 876 5313 τὰ
919 5254 1402 5328 ἀναγεγραμμένα,
1451 5251 1681 5323 ζητήσαι
1724 5248 1791 5303 ἄν

196 5376 280 5423 τις
314 5359 569 5426 εὐλόγως
599 5356 708 5409 εἴτε
745 5354 837 5406 ὲπί
868 5368 989 5404 τινα
1024 5348 1132 5402 τῶν
1164 5345 1434 5415 ἀγγέλων,
1470 5341 1579 5396 εἴτε
1611 5343 1703 5395 ἐπὶ
1729 5340 1791 5392 τὸ

196 5451 420 5524 πρῶτον
467 5448 648 5502 αἴτιον
696 5446 795 5517 τὴν
841 5440 1118 5513 ἀναφορὰν
1166 5438 1279 5509 ἔχει
1326 5436 1387 5490 τὸ
1443 5433 1787 5506 δηλούμενον.

207 5544 350 5598 Ἀλλ’
388 5542 492 5597 ἐπὶ
542 5542 638 5611 μὲν
664 5537 909 5609 ἀγγέλων
947 5534 1045 5603 οὺχ
1081 5527 1190 5586 οἶόν
1238 5546 1326 5583 τε·
1356 5526 1514 5582 τοῦτο
1559 5527 1678 5597 μὲν,
1710 5525 1791 5577 ὅτι

197 5635 489 5691 κάνταῦθα
520 5634 583 5686 :6
621 5653 640 5685 ι
668 5631 869 5702 Κύριος
897 5648 916 5680 ι
946 5626 1034 5681 διὰ
1065 5628 1164 5697 τῆς
1195 5622 1576 5693 άνεκφωνήτου
1602 5616 1795 5689 παρεί-

1882 3859 2165 3916 abusivius
2194 3871 2323 3912 vero
2357 3873 2376 3905 ι
2407 3852 2672 3908 Dominus
2704 3870 2722 3903 ι
2756 3848 3138 3916 nominatum;
3167 3861 3455 3918 nunquam

1883 3955 1952 4010 de
1981 3951 2227 4022 angelica
2264 3952 2533 4018 potestate
2580 3949 2907 4013 usurpatum
2946 3946 3054 4003 est,
3099 3948 3158 3993 ut
3206 3937 3460 3993 attendas

1884 4047 1942 4102 in
1969 4044 2117 4100 omni
2150 4040 2413 4097 divinitus
2443 4034 2713 4106 inspirata
2737 4031 3046 4103 Scriptura,
3081 4031 3173 4087 ubi
3199 4029 3342 4087 Deus
3369 4028 3456 4084 vel

1884 4155 1982 4210 per
2033 4138 2520 4206 tetragrammaton
2571 4127 2890 4199 designatus
2939 4123 3205 4180 Dominus
3258 4121 3462 4178 inscri-

1886 4239 2013 4304 ptus
2060 4237 2165 4293 est,
2216 4241 2341 4281 cum
2383 4219 2711 4294 quibusdam
2766 4218 3093 4273 collocutus.
3144 4214 3341 4270 Utrum
3392 4214 3460 4268 ad

1888 4327 2184 4379 increatam
2208 4317 2451 4374 omnium
2480 4312 2576 4369 Dei
2599 4318 2850 4366 naturam
2875 4305 3159 4363 referenda
3182 4313 3311 4362 sunt
3338 4320 3464 4375 quae

1890 4412 2277 4473 ostenduntur,
2327 4406 2414 4462 rel
2444 4404 2513 4459 ad
2561 4400 2727 4470 hujus
2756 4397 3021 4462 Verbum,
3068 4393 3215 4467 quod
3264 4409 3463 4449 secun-

1890 4508 2014 4563 dam
2052 4503 2434 4559 universorum
2471 4507 2717 4556 causam,
2759 4496 2814 4545 et
2844 4488 3034 4555 Deum,
3064 4494 3118 4542 et
3148 4484 3461 4546 Dominum,

2406 4586 2534 4642 bilis
2577 4581 2723 4655 apud
2762 4579 3023 4636 Hebraeos
3074 4578 3312 4633 nominis
3340 4592 3465 4632 sen-

1894 4706 2016 4748 sum
2063 4686 2339 4761 appellare
2368 4686 2511 4741 solet
2554 4683 2740 4738 divina
2779 4676 3087 4745 Scriptura.
3122 4670 3184 4724 Et
3220 4667 3468 4741 profecto

1894 4785 1952 4839 in
1990 4759 2114 4837 boc—
2142 4786 2294 4835 textu
2349 4792 2458 4849 quo
2517 4774 2792 4841 scribitur,
2828 4789 2841 4825 :
2898 4784 2917 4818 ι
2947 4761 3240 4821 Descendit
3280 4759 3465 4815 Domi-

1894 4877 2071 4941 nus“;
2105 4893 2123 4926 ι
2170 4881 2224 4928 et
2270 4891 2282 4925 :
2317 4889 2334 4921 ι
2367 4867 2517 4923 Dixit
2574 4862 2921 4927 Dominus“;
2958 4878 2976 4911 ι
3027 4855 3225 4911 merito
3265 4851 3467 4924 aliquis

1895 4976 2084 5043 posset
2122 4965 2401 5037 inquirere
2444 4976 2513 5016 an
2558 4961 2675 5014 haec
2721 4953 2989 5012 vocabula
3034 4949 3102 5004 ad
3146 4947 3465 5018 angelorum

1894 5036 2206 5133 quemdam,
2234 5055 2320 5111 vel
2365 5053 2433 5109 ad
2458 5053 2688 5123 primam
2736 5046 2979 5103 omnium
3015 5055 3237 5097 causam
3272 5036 3466 5093 referri

1899 5130 2152 5209 debeant.
2195 5147 2397 5202 Verum
2439 5145 2506 5199 de
2553 5141 2760 5213 angelis
2791 5137 2925 5193 illud
2960 5134 3181 5190 minime
3222 5130 3328 5185 dici
3369 5146 3468 5200 po—

1896 5251 2038 5306 test;
2064 5240 2305 5312 primum
2370 5234 2589 5306 quidem
2622 5229 2768 5302 quod
2807 5244 2912 5283 vox
2958 5226 3049 5280 illa
3097 5242 3117 5276 ι
3150 5221 3412 5276 Dominus
3443 5239 3461 5271 ι

1897 5333 2156 5390 ineﬂ‘abili
2189 5330 2548 5403 appellatione
2573 5325 2920 5395 designetur;
2946 5318 3141 5374 deinde
3168 5313 3314 5387 quod
3345 5313 3468 5367 aliis

1899 5429 2003 5485 sibi
2034 5425 2303 5495 subjectis
2327 5420 2494 5478 verba
2526 5418 2708 5473 facere
2742 5415 3007 5470 videatur.
3041 5408 3259 5463 Rursus
3287 5414 3469 5459 autem

1898 5519 1965 5573 de
1983 5517 2147 5572 Patre
2179 5524 2234 5570 et
2254 5512 2497 5569 omnium
2534 5508 2641 5564 Deo
2664 5503 2965 5575 impropria
2994 5506 3139 5556 esset
3162 5496 3468 5559 sententia;

1901 5614 2048 5668 hunc
2089 5609 2234 5666 enim
2277 5620 2387 5662 non
2433 5602 2652 5660 deceret
2690 5598 2912 5654 dicere:
2946 5612 2965 5646 ι
3000 5590 3210 5656 Venite,
3241 5587 3469 5645 descenv

269 5818 290 5847 ³
328 5800 501 5870 Joan.
546 5828 600 5880 ι,
644 5812 693 5869 1.
774 5809 792 5841 ⁵
832 5808 914 5862 lsa
973 5821 1104 5874 ι.ιιι,
1140 5805 1194 5860 2.
1271 5804 1291 5834 ⁵
1330 5800 1465 5857 Gen.
1502 5816 1592 5864 xu,
1627 5796 1680 5853 5.
1759 5797 1779 5828 '

1883 5793 1951 5851 id.
1986 5793 2042 5848 ϐ.
