3868 6264
495 337 513 389 l
527 337 629 392 027
1214 327 1483 385 EUSEBII
1522 324 1999 382 (LESARIENSIS

2118 324 2185 379 Ῥ.
2228 322 2406 379 PARS
2445 323 2607 380 lll.-—
2647 323 3055 381 ωερε-[πει.
3307 341 3322 358 -
3547 339 3645 396 nas

484 452 680 509 damus
712 457 768 506 et
796 445 1200 503 confundamus
1244 432 1490 515 linguam
1535 458 1726 498 eorum
1750 443 1792 508 ⁷,
1823 462 1843 494 ι
1875 458 2011 510 nequ

2119 478 2129 503 ι
2156 442 2356 513 ληπται
2380 444 2771 515 προσηγορίας,
2796 443 2954 496 τοῦτο
2979 443 3055 507 δὲ,
3081 446 3161 497 ὅτι
3185 445 3378 518 ἑτέροις
3400 454 3507 523 παρ’
3529 456 3646 513 αὑτὸν

482 541 618 599 illud
644 560 659 596 :
687 557 708 591 ι
737 537 1030 594 Descendit
1058 536 1322 590 Dominus
1348 542 1405 589 ut
1428 534 1641 590 videret
1666 532 1947 588 civitatem
1961 532 2006 597 ⁸,

2165 534 2560 608 ὁποϐεϐηκόσιν
2588 535 2840 605 ἐμφαίνει
2875 536 3204 607 πεποιῆσθαι
3230 539 3348 604 τοὺς
3370 541 3544 611 λόγους.
3569 547 3647 607 Πά.

482 650 609 691 cum
636 632 962 687 auctoritate
987 629 1262 699 congruit.
1294 627 1584 699 Reliquum
1627 635 1715 684 est
1742 627 1846 682 hoc
1872 625 1941 681 de
1971 627 2006 681 d

2162 627 2243 681 λιν
2279 627 2323 681 δ’
2353 624 2421 682 αὖ
2452 628 2544 682 ἐπὶ
2588 628 2682 682 τοῦ
2721 628 2934 701 Πατρὸς
2966 631 3059 683 καὶ
3088 629 3225 683 Θεοῦ
3252 630 3352 686 τῶν
3388 633 3503 691 ὅλων
3539 640 3647 693 ἀγοί.

481 726 608 787 vino
633 722 809 780 Verbo
834 721 1207 792 interpretari,
1243 720 1390 791 quod
1422 720 1641 791 quidem
1671 729 2007 791 consequent

2163 737 2308 782 κειος
2337 721 2371 791 ἡ
2404 720 2611 774 διάνοια
2637 738 2649 749 ·
2684 722 2746 774 ού
2777 721 2886 792 γὰρ
2919 720 2983 792 δὴ
3024 720 3172 791 αὐτῷ
3217 723 3403 795 πρέποι
3442 725 3497 779 ἂν
3519 727 3649 799 λέγειν

478 818 583 873 bus
624 816 1052 871 demonstratur.
1108 812 1208 868 Hic
1252 813 1423 884 igitur
1468 813 1710 868 omnium
1756 813 2005 884 praescier

2156 812 2239 877 τὸ,
2270 830 2288 862 ι
2320 811 2509 877 Δεῦτε,
2543 814 2636 867 καὶ
2664 812 2997 876 καταϐάντες
3025 814 3337 885 συγχέωμεν
3352 815 3439 887 τὴν
3462 817 3650 886 γλῶσσαν

476 909 608 964 tiam
641 915 696 964 et
724 907 1125 963 ordinationem
1164 920 1290 961 cum
1319 920 1349 959 a
1376 904 1536 961 Patre
1577 906 1872 976 acceperit,
1910 920 2003 959 ιιιιι

2159 901 2357 968 αὐτῶν,
2384 921 2401 953 ι
2423 902 2610 969 καὶτὸ,
2635 922 2653 954 ι
2677 904 2897 975 Κατέϐη
2920 904 3122 976 Κύριος
3139 903 3263 957 ἰδεῖν
3274 905 3366 975 τὴν
3379 906 3528 971 πόλιν,
3549 926 3564 959 ι
3587 913 3650 964 οὑ-

476 1017 643 1073 quam
703 1002 941 1057 cessavit
987 1016 1136 1055 nunc
1180 997 1399 1071 quidem
1448 1013 1545 1069 per
1597 998 1860 1069 seipsum,
1904 1014 2003 1053 nur

2157 991 2342 1063 δαμῶς
2390 992 2454 1045 ἂν
2500 992 2758 1065 άρμὸττοι
2803 996 2931 1065 περὶ
2976 995 3074 1065 τῆς
3111 994 3411 1058 αύθεντείας
3442 995 3649 1064 λέγεσθαι.

475 1107 608 1150 vero
630 1107 728 1164 per
754 1092 1134 1148 ministrantes
1160 1090 1403 1161 angelos,
1444 1105 1566 1160 qua:
1602 1089 1670 1145 ad
1701 1089 1930 1160 patriam
1954 1104 2002 1141 νι

2156 1084 2417 1139 Δείπεται
2449 1084 2513 1155 δὴ
2547 1087 2686 1137 νοεῖν
2720 1084 2813 1138 τὸν
2842 1085 2984 1139 θεῖον
3014 1086 3184 1155 Λόγον
3211 1088 3305 1139 καὶ
3334 1087 3415 1141 διὰ
3437 1089 3530 1143 τῶν
3561 1109 3654 1162 πρ)-

475 1186 742 1241 luntatem
806 1182 1216 1254 exsequendam
1273 1181 1343 1237 de
1391 1180 1635 1235 omnium
1691 1179 1932 1234 utilitate
1986 1192 2002 1231 ι

2158 1174 2425 1245 κειμένων
2444 1174 2755 1246 δηλοῦσθαι.
2782 1169 2949 1241 Οὗτος
2974 1176 3038 1247 δὴ
3066 1175 3163 1247 τὴν
3188 1177 3295 1229 τῶν
3322 1178 3540 1233 ἁπάντων
3561 1183 3654 1253 πρό-

474 1276 655 1333 Salute
694 1275 1039 1346 spectabant,
1074 1272 1320 1343 implere.
1354 1270 1487 1337 Quae
1524 1278 1704 1325 autem
1748 1270 1817 1324 ad
1858 1276 2000 1340 myst

2154 1268 2303 1321 νοιάν
2327 1284 2384 1321 τε
2420 1268 2515 1322 καὶ
2536 1269 2847 1339 οἰκονομίαν
2873 1269 3008 1340 πρὸς
3037 1268 3131 1322 τοῦ
3155 1269 3365 1339 Πατρὸς
3394 1270 3656 1345 ἐπιτετραμ-

472 1378 595 1420 cam
637 1371 691 1418 et
730 1361 1060 1418 ineffabilem
1112 1360 1542 1431 speculationem
1577 1359 1872 1430 pertinent,
1901 1374 1999 1414 nur

2156 1361 2317 1432 μένος
2348 1362 2409 1415 οὐ
2438 1361 2661 1416 πώποτε
2680 1362 2944 1417 διέλειπεν
2979 1363 3103 1417 τοτὲ
3140 1365 3239 1435 μὲν
3271 1363 3336 1418 δι’
3363 1367 3548 1433 ἑαυτοῦ,
3568 1371 3655 1424 τοτὲ

472 1463 779 1527 Opportune
807 1453 1114 1525 explicandi
1141 1453 1293 1508 locus
1316 1467 1426 1507 non
1447 1459 1550 1509 est.

2155 1452 2211 1506 δὲ
2248 1452 2315 1506 δι’
2348 1453 2636 1526 ὑπηρετῶν
2661 1454 2908 1523 ἀγγέλων
2933 1453 3011 1526 τῷ
3040 1454 3294 1527 πατρικῷ
3327 1454 3583 1529 βουλήματι
3610 1461 3656 1512 τὰ

473 1547 817 1602 συντείνοντα
856 1546 948 1599 ἐπὶ
987 1548 1053 1617 τῇ
1098 1544 1208 1599 τῶν
1248 1545 1385 1598 ὅλων
1421 1543 1657 1615 ὠφελείᾳ
1702 1561 1762 1597 τε
1807 1544 1902 1599 καὶ
1947 1545 2191 1617 σωτηρίᾳ
2240 1544 2671 1616 διακονούμενος.
2713 1547 2996 1617 Μυστικῆς
3043 1545 3099 1599 δὲ
3129 1547 3222 1600 καὶ
3245 1547 3532 1619 ἀπορρήτου
3562 1547 3658 1605 θεω-

471 1641 597 1712 ρίας
625 1640 860 1712 ἐχόμενα
881 1639 949 1693 τὰ
980 1639 1121 1693 κατὰ
1149 1639 1241 1693 τὸν
1269 1638 1434 1692 τόπον
1459 1640 1521 1692 ού
1552 1631 1645 1693 νῦν
1673 1638 2039 1692 ἀναπτύσσειν
2074 1638 2283 1709 καιρός.

1067 1751 1297 1809 CAPUT
1354 1752 1441 1810 Ill.
2079 1812 2123 1865 Β

2079 1812 2123 1865 Β
2692 1731 3198 1808 ΚΕΦΑΛΑΙΟΝΤἎ

536 1866 723 1925 Prima
760 1876 941 1924 autem
998 1869 1261 1924 revelatio
1303 1866 1446 1923 facta
1471 1868 1708 1924 traditur
1738 1868 2050 1925 Abrahamo

2221 1868 2444 1942 Πρῶτος
2473 1868 2888 1941 ἀναγέγραπται
2920 1871 3210 1942 γενόμενος
3238 1873 3583 1945 χρηματισμὸς
3603 1873 3656 1945 τῷ

466 1974 593 2016 cum
616 1961 666 2016 ei
685 1960 823 2016 dixit
840 1959 1102 2015 Dominus
1125 1979 1139 2015 :
1164 1978 1183 2011 ι
1207 1959 1477 2031 Egredere
1506 1960 1573 2015 de
1590 1968 1741 2016 terra
1765 1971 1860 2016 tua
1886 1971 1941 2017 et
1981 1979 1993 2017 ι

2162 1961 2415 2034 Ἀϐραὰμ
2439 1962 2528 2014 ὅτε
2566 1956 2719 2015 εἶπεν
2761 1961 2911 2032 αὐτῷ
2949 1961 3180 2034 Κύριος·
3225 1982 3245 2013 ι
3278 1964 3485 2031 Ἔξελθε
3509 1969 3562 2021 ἐκ
3589 1967 3657 2039 τῆς

468 2044 933 2123 cognationetua,
950 2060 1003 2106 et
1028 2051 1095 2105 de
1115 2050 1277 2105 domo
1296 2049 1467 2121 patris
1490 2050 1594 2116 tui,
1624 2057 1679 2105 et
1699 2050 1823 2107 veni
1851 2050 1909 2105 in
1939 2057 1993 2105 te

2148 2053 2251 2122 γῆς
2281 2068 2374 2104 σου
2403 2052 2498 2104 καὶ
2521 2054 2586 2105 ὲκ
2615 2053 2714 2123 τῆς
2740 2054 3059 2122 συγγενείας
3091 2072 3208 2117 σου,
3239 2056 3338 2110 καὶ
3361 2057 3425 2111 ἐκ
3450 2057 3531 2113 τοῦ
3549 2059 3658 2113 οἴκου

470 2156 590 2195 ram
627 2157 793 2212 quam
825 2141 1145 2197 monstrabo
1184 2142 1314 2209 tibi;
1346 2141 1653 2212 faciamque
1675 2149 1729 2198 te
1753 2145 1809 2195 in
1830 2150 1997 2213 gente!

2147 2142 2242 2196 τοῦ
2285 2145 2492 2215 πατρός
2535 2162 2628 2199 σου
2674 2146 2753 2208 εἰς
2781 2145 2883 2216 τὴν
2924 2147 3030 2217 γῆν
3057 2147 3125 2218 ῆν
3164 2148 3232 2203 ἄν
3267 2164 3353 2202 σοι
3384 2150 3554 2216 δείξωο
3592 2151 3658 2206 ul

464 2246 743 2303 magnam,
771 2239 825 2287 et
852 2231 1173 2286 benedicam
1200 2230 1323 2297 tibi,
1346 2241 1400 2287 et
1450 2232 1809 2302 magniﬁcabo
1845 2246 1991 2286 nom:

2148 2238 2360 2309 ποιήσω
2388 2254 2447 2290 σε
2474 2240 2553 2302 εἰς
2586 2237 2736 2301 ἔθνος
2770 2237 2932 2309 μέγα,
2967 2239 3059 2291 καὶ
3086 2238 3366 2312 εὐλογήσω
3399 2258 3473 2309 σε,
3499 2242 3574 2295 καὶ
3599 2260 3660 2312 με·

463 2332 646 2389 tuum,
676 2326 897 2393 erisque
929 2323 1289 2389 benedictus;
1339 2330 1395 2378 et
1445 2323 1764 2380 benedicam
1817 2323 1990 2379 bened

2146 2326 2363 2396 γαλυνῶ
2390 2327 2451 2380 τὸ
2479 2327 2651 2398 ὄνομά
2690 2345 2804 2393 σου,
2846 2329 2939 2382 καὶ
2967 2327 3064 2402 ἔσῃ
3090 2329 3409 2401 εὐλογητός·
3442 2330 3527 2385 καὶ⁵
3547 2332 3657 2387 εὐλο-

465 2417 719 2472 centibus
765 2416 868 2470 tibi
901 2415 947 2481 ’,
986 2434 1007 2467 ι
1047 2424 1102 2470 et
1146 2424 1364 2471 caetera.
1405 2415 1682 2483 Secunda,
1712 2432 1836 2472 cum
1890 2418 1992 2471 vim

2145 2422 2301 2492 γὴσω
2333 2421 2458 2484 τοὺς
2486 2421 2842 2490 εὐλογοῦντάς
2890 2421 2955 2490 (l‘.
2989 2421 3041 2493 4)
3090 2439 3172 2486 σε,
3213 2444 3232 2476 ι
3287 2423 3380 2477 καὶ
3412 2423 3475 2476 τὰ
3507 2424 3661 2488 τούτοις

465 2514 556 2562 est
599 2507 652 2561 ei
684 2504 973 2571 Dominus,
1021 2506 1270 2577 dixitque
1323 2508 1372 2561 ei
1420 2526 1435 2562 :
1480 2527 1498 2560 ι
1542 2506 1749 2562 Semini
1781 2517 1873 2562 tuo
1902 2508 1992 2564 dal

2145 2510 2292 2582 ἑξῆς.
2343 2511 2623 2582 Δεύτερος,
2654 2512 2742 2564 ὅτε
2782 2511 2938 2582 ὤφθη
2984 2512 3134 2583 αὐτῷ
3180 2514 3387 2585 Κύριος
3425 2514 3508 2569 καὶ
3546 2511 3658 2568 εἴπεν

465 2606 670 2653 terram
718 2597 863 2652 hanc
904 2599 968 2651 ιο.
1009 2618 1026 2649 ι
1062 2597 1269 2664 Tertia,
1315 2614 1439 2654 cum
1476 2619 1494 2651 ι
1542 2599 1854 2654 Abrahamo
1905 2600 1992 2655 dix

2144 2601 2291 2673 αὐτῷ
2312 2620 2324 2631 ·
2368 2622 2386 2652 ι
2427 2602 2517 2672 Τῷ
2551 2601 2825 2674 σπέρματί
2860 2619 2952 2655 σου
2983 2601 3137 2656 δώσω
3170 2605 3274 2675 τὴν
3305 2608 3404 2674 γῆν
3428 2605 3612 2675 ταύτην.
3642 2623 3655 2656 ι

466 2686 751 2757 Dominus,
789 2697 1072 2761 postquam
1100 2689 1310 2746 divisus
1338 2702 1420 2746 est
1452 2692 1520 2747 ab
1554 2707 1619 2747 eo
1642 2690 1826 2759 Lot“,
1858 2711 1878 2744 ι
1921 2708 1992 2764 qu

2144 2692 2256 2744 Καὶ
2300 2691 2500 2764 τρίτος,
2531 2692 2618 2745 ὅτε
2657 2710 2673 2742 ι
2714 2693 2742 2744 ὀ
2769 2691 2971 2760 Κύριος
3001 2688 3149 2745 εἶπεν
3186 2693 3271 2764 τῷ
3307 2694 3536 2766 Ἀϐραὰμ
3564 2696 3662 2766 μετὰ

461 2779 796 2838 referuntur.
839 2782 1065 2848 Quarta,
1112 2782 1168 2836 in
1201 2798 1307 2853 qua
1351 2782 1552 2837 dicitur
1592 2802 1606 2839 :
1660 2801 1679 2835 ι
1716 2783 1814 2839 llis
1858 2786 1988 2853 itaqi

2153 2783 2214 2836 τὸ
2253 2783 2672 2854 διαχωρισθῆναι
2716 2782 2806 2834 τὸν
2846 2781 2971 2836 Λὼτ
3011 2783 3105 2837 ἀπ’
3149 2785 3318 2838 αὑτοῦ
3355 2804 3374 2838 ι
3418 2785 3480 2839 τὰ
3513 2786 3661 2852 ἀνιιγε⁶

461 2874 795 2938 transactis,
839 2873 1018 2929 factus
1059 2882 1145 2929 est
1199 2890 1379 2930 sermo
1416 2874 1633 2929 Domini
1680 2876 1748 2929 ad
1796 2875 1988 2930 Abrah:

2140 2876 2453 2947 γραμμένα.
2472 2876 2758 2946 Τέταρτος,
2782 2876 2841 2929 ὲν
2949 2876 3183 2948 εἴρηται,
3214 2896 3232 2926 ι
3258 2876 3413 2931 Μετὰ
3445 2877 3496 2931 δὲ
3524 2876 3659 2945 τὰρή.

461 2977 630 3031 mum,
657 2981 753 3035 per
776 2966 1041 3020 visionem
1073 2967 1261 3022 dicens
1294 2986 1307 3019 :
1338 2965 1462 3020 Noli
1487 2968 1702 3032 timere,
1741 2968 1988 3023 Abrahan

2145 2983 2289 3038 ματα
2328 2965 2500 3020 ταῦτα
2548 2967 2776 3038 ἐγενήθη
2822 2970 2972 3038 ῥῆμα
3018 2968 3226 3038 Κυρίου
3293 2969 3424 3040 πρὸς
3464 2966 3658 3039 Ἀϐραὰμ

459 3073 563 3129 ego
589 3065 866 3128 protector
908 3065 1036 3112 tuus
1085 3073 1208 3113 sum
1248 3059 1321 3126 “;
1363 3081 1381 3110 ι
1420 3068 1474 3114 et
1506 3067 1628 3129 post
1673 3061 1779 3114 alia
1815 3079 1828 3115 :
1863 3080 1882 3113 ι
1925 3060 1986 3133 Εε

2141 3063 2198 3114 ὲν
2240 3060 2473 3130 ὁράματι
2524 3062 2622 3130 τῆς
2655 3059 2845 3122 νυκτὸς
2893 3058 3086 3127 λέγων,
3123 3059 3219 3131 Μὴ
3254 3060 3441 3126 φοϐοῦ,
3467 3058 3658 3130 Ἀϐραμ.

459 3149 747 3217 Dominus,
779 3150 874 3221 qui
908 3149 1071 3206 eduxi
1101 3162 1153 3204 te
1194 3149 1262 3205 de
1315 3158 1461 3205 terra
1487 3149 1866 3205 Chaldaeorum
1901 3151 1966 3204 ⁸³.

2140 3149 2250 3219 ἐγὼ
2274 3150 2632 3222 ὑπερασπίζω
2660 3166 2752 3202 σου
2774 3167 2786 3180 ·
2826 3172 2843 3200 ρ
2880 3152 2974 3202 καὶ
3008 3150 3126 3222 μεθ’
3158 3151 3356 3224 ἕτερα.
3384 3173 3402 3204 ί
3441 3150 3562 3220 Ἐγὼ
3586 3149 3662 3203 κύ,

464 3242 688 3308 Quinta,
715 3256 839 3296 cum
865 3241 1021 3297 visus
1049 3249 1134 3297 est
1167 3240 1432 3297 Dominus
1463 3241 1775 3297 Abrahamo
1815 3249 1870 3298 et
1895 3242 1986 3297 dix

2143 3260 2254 3314 ριος
2287 3243 2315 3294 ὁ
2350 3240 2632 3310 ἐξαγαγών
2665 3258 2724 3293 σε
2756 3242 2819 3294 ὲκ
2854 3240 3036 3313 χώρας
3058 3242 3357 3297 Χαλδαίων.
3397 3262 3413 3295 ι
3440 3243 3660 3314 Πέμπτος.

456 3332 510 3388 ei
542 3351 557 3389 :
593 3350 613 3383 ι
650 3331 764 3403 Ego
796 3348 919 3389 sum
961 3333 1107 3390 Deus
1137 3341 1289 3399 tuus,
1320 3334 1539 3388 ambula
1567 3348 1753 3389 coram
1785 3350 1871 3388 me
1901 3336 1966 3399 ιδ,

2137 3335 2226 3387 ὅτε
2276 3331 2432 3405 ὤφθη
2488 3333 2690 3405 Κύριος
2753 3332 2832 3403 τῷ
2891 3333 3141 3404 Ἀϐραὰμ
3194 3337 3290 3389 καὶ
3343 3331 3485 3388 εἵην
3534 3330 3658 3401 αὐτῷ.

459 3433 516 3479 et
580 3431 799 3480 caetera.
851 3423 1038 3493 Sexta,
1095 3426 1153 3481 in
1184 3441 1293 3496 qua
1340 3441 1538 3481 rursus
1601 3445 1619 3478 ι
1673 3429 1938 3499 Apparuit

2145 3444 2164 3477 ι
2211 3424 2351 3494 Ἐγώ
2383 3426 2496 3495 εἰμι
2523 3425 2552 3476 ὁ
2583 3423 2714 3486 Θεὸς
2746 3441 2838 3477 σου
2863 3441 2875 3453 ·
2922 3425 3205 3496 εὐαρέστει
3252 3426 3473 3478 ἐνώπιον
3499 3421 3656 3495 ὲμοῡ,ι

460 3515 727 3573 Dominus
765 3519 820 3571 in
861 3518 1109 3574 convalle
1156 3518 1396 3573 Mambre
1429 3518 1639 3575 sedenti
1674 3521 1729 3573 in
1769 3522 1913 3576 ostio
1962 3530 1987 3576 t

2138 3518 2232 3571 καὶ
2282 3516 2351 3570 τὰ
2397 3516 2577 3569 λοιπά.
2631 3515 2848 3579 Ἕκτος,
2900 3516 2958 3569 ὲν
3007 3509 3052 3583 ᾧ
3100 3516 3264 3570 πάλιν
3311 3538 3331 3569 ‹
3366 3514 3529 3586 Ὠφθη
3551 3513 3661 3580 αὐτῷ

457 3606 744 3662 bernaculi
773 3608 860 3663 sui
890 3608 947 3662 in
982 3609 1103 3678 ipso
1132 3607 1344 3663 fervore
1377 3609 1485 3664 diei
1513 3627 1527 3663 :
1562 3625 1800 3681 cumque
1828 3612 1984 3667 elcva:

2138 3610 2343 3683 Κύριος
2379 3609 2515 3681 πρὸς
2540 3612 2608 3680 τῇ
2649 3609 2770 3681 δρυῒ
2805 3611 2871 3681 τῇ
2917 3610 3184 3682 Μαμϐρῇ,
3217 3610 3518 3682 καθημένου
3540 3603 3660 3661 αὑτιῦ

459 3707 547 3755 set
597 3701 809 3765 oculos,
847 3709 1218 3771 apparuerunt
1260 3702 1312 3757 ei
1342 3712 1454 3756 tres
1488 3702 1590 3756 viri
1631 3710 1840 3759 stantes
1871 3719 1986 3775 pm]

2139 3703 2231 3755 ἐπὶ
2255 3702 2352 3773 τῆς
2392 3701 2561 3773 θύρας
2586 3701 2687 3771 τῆς
2719 3700 2926 3772 σκηνῆς
2956 3702 3121 3755 αὐτοῦ
3159 3701 3526 3773 μεσημϐρίας·
3562 3700 3654 3751 ἀνα·

458 3807 631 3846 eum:
672 3807 812 3862 quos
870 3807 995 3846 cum
1050 3793 1301 3855 vidisset,
1353 3797 1597 3847 cucurrit
1630 3795 1686 3848 in
1740 3810 1985 3850 occursu]

2139 3793 2340 3863 ϐλέψας
2368 3793 2562 3857 δὲ’τοῖς
2592 3792 2885 3865 ὀφθαλμοῖς
2908 3794 3072 3848 αὐτοῦ
3103 3791 3263 3858 εἶδεν,
3306 3796 3399 3848 καὶ
3428 3792 3523 3846 ίδοὺ
3550 3792 3659 3864 τρεῖς

457 3899 649 3938 eorum
686 3884 753 3938 de
783 3884 925 3938 ostio
954 3885 1322 3953 tabernaculi,
1353 3893 1408 3941 et
1433 3887 1681 3941 adoravit
1722 3889 1776 3942 in
1806 3895 1984 3943 terran

2139 3885 2328 3957 ἄνδρες
2353 3885 2700 3955 εἱστήκεισαν
2726 3885 2910 3939 ἐπάνω
2930 3886 3091 3939 αὑτοῦ
3113 3905 3126 3919 ·
3152 3886 3247 3940 καὶ
3278 3886 3400 3939 ἰδὼν
3422 3881 3663 3956 προσέδρα-

459 3985 514 4030 et
544 3977 681 4031 dixit
709 3995 722 4031 :
756 3975 1011 4040 Domine,
1045 3978 1092 4031 si
1144 3979 1325 4035 inveni
1352 3982 1587 4051 gratiam
1618 3982 1673 4036 in
1707 3983 1882 4038 oculis
1905 3984 1978 4037 tui

2141 3995 2239 4049 μεν
2266 3979 2347 4041 είς
2382 3978 2702 4050 συνάντησιν
2732 3980 2911 4043 αὐτοῖς
2944 3979 3050 4032 ἀπὸ
3080 3978 3181 4048 τῆς
3236 3978 3407 4051 θύρας
3433 3977 3523 4046 τῆς
3557 3987 3656 4040 σκη-

459 4082 536 4122 ne
575 4074 825 4123 transeas
847 4085 1065 4124 servum
1098 4077 1274 4136 tuum,
1324 4073 1418 4126 sed
1454 4073 1712 4127 ali'eratur
1736 4076 1986 4145 pauxillu;

2138 4070 2234 4142 νῆς
2260 4069 2420 4123 αὐτοῦ
2441 4088 2456 4102 ·
2491 4072 2586 4125 καὶ
2614 4071 3021 4142 προσεκύνησεν
3041 4072 3134 4123 ἐπὶ
3155 4071 3257 4142 τὴν
3287 4070 3392 4139 γῆν
3421 4069 3507 4122 καὶ
3525 4061 3657 4118 εἶπεν·

382 4210 385 4213 Α
460 4174 637 4228 aquai,
662 4167 717 4214 et
741 4161 923 4215 lavent
953 4162 1118 4231 pedes
1151 4172 1362 4219 vestros
1391 4166 1455 4218 ¹⁸.
1506 4185 1525 4218 ι
1562 4166 1695 4221 Dein
1724 4168 1886 4237 paulo

2138 4163 2332 4234 Κύριε,
2359 4164 2407 4216 εί
2436 4158 2593 4236 εὗρον
2618 4163 2776 4235 χάριν
2804 4164 3042 4216 ἐναντίον
3068 4180 3182 4225 σου,
3206 4164 3283 4234 μὴ
3317 4161 3571 4234 παρέλθῃς
3595 4155 3662 4209 τὸν

459 4250 614 4303 addit
647 4268 660 4304 :
692 4268 712 4301 ι
749 4251 884 4305 Cum
915 4261 1094 4307 autem
1124 4256 1493 4311 surrexissent
1529 4259 1676 4324 inde,
1704 4259 1986 4315 direxcrun

2139 4253 2303 4307 παῖδά
2339 4271 2452 4317 σου,
2483 4253 2743 4325 ληφθήτω
2770 4253 2833 4324 δὴ
2865 4255 3056 4327 μικρὸν
3091 4254 3255 4327 ὕδωρ,
3286 4256 3381 4308 καὶ
3407 4253 3661 4323 νιψάτωσαν

459 4355 650 4419 oculos
677 4368 867 4411 contra
913 4355 1248 4414 Sodomam:
1299 4368 1353 4415 et
1379 4362 1653 4416 Abraham
1696 4364 1858 4419 simul
1900 4382 1986 4437 grn

2136 4349 2261 4409 τοὺς
2307 4347 2475 4410 πόδας
2522 4346 2693 4418 ὑμῶν.
2748 4366 2766 4398 ι
2823 4343 2959 4400 Εἶτα
3009 4347 3145 4417 μετά
3197 4364 3322 4401 τινα
3373 4344 3657 4415 ἐπιφέρεται.

468 4460 743 4525 diebatur,
786 4460 1066 4518 deducens
1097 4478 1212 4519 eos.
1250 4463 1505 4536 Dixitque
1552 4467 1815 4527 Dominus
1844 4490 1858 4527 :
1890 4469 1995 4527 Nu:

2144 4457 2165 4491 ι
2202 4440 2324 4492 ’Ότι
2367 4437 2757 4503 ἐξαναστάντες
2800 4438 3007 4492 ἐκεῖθεν
3048 4439 3358 4509 ἐπέϐλεψαν
3406 4437 3492 4491 ἐπὶ
3532 4433 3660 4506 πρόσ-

456 4552 637 4608 celare
689 4561 881 4623 potero
932 4555 1204 4611 Abraham
1235 4573 1356 4628 qua:
1387 4526 1642 4629 gesturus
1689 4565 1850 4618 sum?
1891 4564 1983 4618 Cui

2135 4549 2282 4586 ωπον
2315 4531 2591 4602 Σοδόμων·
2638 4531 2891 4603 Ἀϐραὰμ
2929 4532 2986 4586 δὲ
3022 4532 3417 4604 συνεπορεύετο
3455 4530 3556 4602 μετ’
3590 4526 3662 4579 αὑ·

2180 4620 2204 4633 ’⁸
2553 4620 2565 4638 1
2807 4623 2820 4638 9
2907 4621 2919 4636 1
3028 4623 3040 4638 ι
3081 4622 3121 4638 δι
3159 4623 3201 4638 ιι
3227 4624 3239 4638 ο
3428 4618 3447 4638 τ’
3496 4637 3504 4638 κ
3532 4635 3564 4638 κ-
3590 4616 3658 4638 ιη.

458 4644 680 4701 futurus
709 4646 781 4700 sit
814 4648 870 4701 in
897 4654 1113 4717 gentem
1149 4665 1403 4720 magnam
1438 4667 1503 4706 ac
1558 4654 1985 4710 robustissiman

2139 4620 2247 4674 τῶν
2279 4620 2732 4693 συμπροπέμπων
2761 4621 2956 4686 αὐτούς
2978 4638 2992 4653 ·
3018 4623 3047 4675 ὁ
3076 4622 3133 4675 δὲ
3159 4623 3369 4694 Κύριος
3400 4618 3565 4675 εἶπεν·
3590 4616 3657 4681 Mi:

457 4746 513 4793 et
534 4739 920 4796 benedicendaz
945 4742 1055 4795 sint
1099 4742 1156 4796 in
1205 4742 1300 4796 illo
1345 4758 1534 4799 omnes
1568 4746 1820 4801 nationes
1849 4758 1984 4802 terra

2136 4711 2327 4784 κρύψω
2366 4710 2475 4781 ἐγὼ
2522 4713 2631 4766 ἀπὸ
2671 4712 2923 4785 Ἀϐραὰμ
2973 4712 3067 4765 τοῦ
3119 4714 3312 4778 παιδός
3365 4728 3463 4783 μου
3507 4709 3541 4764 ἃ
3574 4708 3657 4774 ἐγὼ

459 4831 709 4888 Sciebam
738 4833 881 4887 enim
907 4832 1049 4903 quod
1084 4841 1454 4904 praecepturus
1485 4836 1555 4890 sit
1572 4835 1698 4892 ﬁliis
1727 4840 1842 4915 suis
1858 4800 1914 4892 et
1936 4800 1986 4892 di

2136 4804 2309 4869 ποιῶ;
2356 4804 2603 4877 Ἃϐραὰμ
2639 4804 2694 4857 δὲ
2738 4805 3018 4876 γινόμενος
3066 4805 3217 4859 ἔσται
3262 4807 3346 4870 είς
3376 4805 3519 4866 ἔθνος
3551 4800 3659 4900 phil

456 4926 572 4980 mni
593 4941 707 4981 suae
721 4934 844 4995 post
860 4941 939 4991 se,
964 4933 1023 4980 ut
1047 4926 1484 4984 custodiantvias
1500 4910 1809 4995 Domini,et
1831 4930 1983 4986 faciat

2136 4898 2228 4951 καὶ
2268 4897 2424 4959 πολὺ,
2459 4898 2553 4951 κοιλ⁴
2598 4898 3081 4969 ἑνευλογηθήσεται
3121 4901 3178 4951 ὲν
3219 4898 3374 4970 αὐτῷ
3418 4897 3576 4951 πάντα
3608 4897 3657 4940 τά

2137 4988 2222 5008 un,
2244 5006 2252 5008 Α
2329 4989 2387 5008 ~,,
2448 4990 2485 5008 ,,~
2511 5007 2519 5008 ,
2596 4989 2661 5008 ,μ
2792 5007 2795 5008 ,
2830 4989 2843 5008 ς
2920 4992 2943 5006 σο
3169 4992 3217 5008 ορ
3365 4993 3390 5008 υ
3480 4990 3564 5008 ’,9-
3587 4982 3635 5008 ...⁸.

452 4989 736 5087 ῇιιάίοίιιηί
758 5023 814 5071 et
849 4989 1121 5086 justitiam
1155 5038 1168 5073 :
1201 5027 1262 5074 ut
1310 5020 1545 5076 adducat
1592 4989 1860 5078 Dominus
1898 5039 1979 5093 prt

2135 4989 2263 5061 ἔθνη
2294 4989 2395 5060 τῆς
2420 4990 2522 5059 γῆς
2542 5008 2555 5020 ·
2592 4989 2743 5060 ᾔδειν
2785 4989 2893 5063 γὰρ
2916 4992 2998 5044 ὅτι
3025 4992 3272 5058 συντάξει
3305 4993 3415 5055 τοῖς
3445 4990 3565 5049 υἱοῖς
3584 4989 3657 5039 αἰ·-

2137 5081 2224 5101 ,--
2271 5081 2357 5101 ___\
2407 5081 2471 5101 ,ρ
2682 5081 2835 5101 νδῇ-
2920 5100 2927 5101 ,
2970 5083 2985 5101 ν
3067 5085 3080 5101 .
3134 5084 3159 5095 -
3329 5085 3343 5101 ε
3390 5100 3411 5101 η
3442 5078 3657 5101 ut“-..

456 5115 579 5177 pter
608 5106 881 5163 Abraham
913 5110 1097 5164 omnia
1135 5127 1256 5181 quae
1277 5112 1493 5168 locutus
1518 5121 1603 5169 est
1624 5115 1694 5169 ad
1714 5130 1861 5170 eum.
1884 5078 1983 5171 Dix

2131 5081 2227 5134 τοῦ
2269 5081 2364 5135 καὶ
2403 5081 2480 5153 τῷ
2511 5081 2647 5152 οἴκῳ
2671 5081 2836 5136 αὑτοῦ
2870 5083 2985 5153 μετ’
3022 5084 3218 5143 αὐτῶν,
3256 5085 3353 5138 καὶ
3384 5078 3657 5153 φυλάξουσιν

458 5208 639 5255 autem
662 5199 960 5257 Dominus:
993 5203 1212 5259 Clamor
1247 5202 1606 5261 Sodomorum
1627 5214 1682 5263 et
1711 5203 1985 5264 Gomorrh:

2133 5173 2231 5237 τὰς
2273 5174 2426 5239 ὁδοὺς
2473 5174 2699 5246 Κυρίου,
2741 5178 2913 5228 ποιεῖν
2966 5175 3314 5248 δικαιοσύνην
3361 5177 3453 5229 καὶ
3494 5170 3653 5243 κρίσιν.

2135 5268 2191 5285 01,,
2268 5283 2276 5285 Α
2327 5266 2350 5284 ιι
2426 5266 2649 5285 ικνμεέημ
2709 5266 2819 5285 Ili,
2960 5268 2973 5285 ς
3026 5269 3039 5285 ι
3090 5269 3181 5285 οι,
3269 5268 3281 5285 Ὁ
3381 5266 3409 5285 ι
3445 5262 3653 5285 εὶΔῚ-ρριι

457 5305 853 5375 multiplicatus
871 5310 1045 5364 est".
1085 5329 1104 5362 ι
1158 5309 1225 5364 Et
1269 5311 1432 5381 paulo
1477 5319 1639 5382 post:
1676 5332 1694 5364 ι
1725 5313 1984 5371 Converte

2133 5268 2278 5330 ὅπως
2324 5266 2389 5320 ἂν
2422 5266 2675 5338 ἐπαγάγῃ
2709 5266 2910 5339 Κύριος
2957 5268 3049 5322 ἐπὶ
3090 5268 3340 5340 Ἀϐραάμ
3378 5266 3414 5321 ἃ
3441 5262 3655 5330 ἐλάλησεν

2133 5357 2267 5395 ’πηλι-
2295 5357 2455 5395 rn'urr'm
2511 5353 2675 5395 ητηηυ
2707 5357 2762 5395 λδ
2806 5358 3029 5395 mmm-
3061 5358 3291 5395 ιιηηηνι.
3326 5356 3554 5395 νηκάηων
3586 5347 3655 5395 καὶ

486 5356 851 5375 μένην-ηπ--
875 5356 956 5364 η-
1031 5356 1045 5364 .
1085 5356 1101 5362 ,
1159 5356 1225 5364 ..-
1269 5356 1428 5381 ,μων
1478 5356 1639 5382 νη-.
1679 5356 1694 5364 -
1728 5356 1931 5370 πων.

408 5462 411 5463 ν
459 5414 698 5474 runtque
758 5423 818 5464 se
865 5409 991 5464 inde
1037 5417 1150 5465 tres
1173 5412 1300 5477 viri,
1345 5419 1400 5467 et
1427 5412 1684 5468 abierunt
1708 5412 1935 5470 Sodoma

2133 5357 2267 5426 πρὸς
2295 5357 2474 5410 αὐτόν.
2511 5356 2675 5411 Εἶπεν
2707 5357 2764 5410 δὲ
2805 5358 3029 5429 Κύριος·
3061 5358 3291 5431 Κραυγὴ
3326 5356 3554 5426 Σοδόμων
3586 5356 3653 5402 καὶ

2131 5450 2412 5524 Γομόρρας
2459 5450 2851 5520 πεπλήθυνται.
2889 5472 2905 5502 ι
2960 5452 3069 5506 Καὶ
3133 5453 3249 5522 μετ’
3300 5450 3476 5519 ὀλίγα·
3523 5464 3540 5495 ι
3570 5437 3653 5495 Καὶ

461 5509 734 5567 Abraham
764 5532 894 5571 vero
924 5517 1104 5573 adhuc
1133 5520 1314 5574 stabat
1349 5535 1533 5574 coram
1564 5519 1816 5576 Domino.
1847 5521 1913 5577 Et
1935 5539 1988 5593 οι

2132 5466 2412 5524 ιομορρας
2459 5466 2851 5520 πεπληυυνται.
2889 5472 2905 5502 ι
2961 5466 3069 5506 ttat
3133 5466 3248 5522 μετ’
3300 5466 3476 5519 ολιγα·
3523 5466 3540 5495 ι
3571 5466 3648 5495 M-

2131 5543 2574 5614 ἀποστρέψαντες
2608 5542 2814 5597 ἐκεῖθεν
2845 5546 2894 5597 οἱ
2928 5543 3118 5613 ἄνδρες
3154 5539 3320 5613 ἦλθον
3356 5543 3432 5604 είς
3456 5536 3648 5602 Σόδομα’

460 5613 837 5685 propinquans
860 5623 971 5676 ait:
1010 5622 1280 5695 Numquid
1314 5627 1506 5695 perdes
1526 5625 1734 5696 justum
1770 5644 1890 5682 cum
1925 5630 1987 5683 im

2144 5613 2393 5705 Ἀϐραὰμ
2416 5633 2473 5687 δὲ
2513 5629 2581 5704 ἦν
2608 5631 2854 5703 έστηκὼς
2885 5633 3121 5687 ἐναντίον
3146 5632 3354 5704 Κυρίου
3372 5649 3385 5661 ’
3418 5627 3502 5684 καὶ
3529 5619 3648 5690 έΥΥί’

564 5719 840 5819 χρεων,
880 5733 929 5793 7.
1029 5735 1050 5763 κ
1091 5736 1219 5789 ibid.
1257 5738 1308 5796 δ.
1420 5739 1437 5768 ο
1478 5739 1611 5793 Gen.
1651 5756 1757 5803 xu,
1796 5741 1909 5796 1-5.
1993 5743 2032 5772 ιο
2076 5744 2087 5793 i

672 5792 800 5846 Gell-
842 5818 950 5846 ῐῑίι
1015 5806 1061 5846 ί-
1142 5808 1183 5836 η
1225 5805 1333 5846 Cn"
1400 5823 1526 5846 τνιιι
1604 5810 1694 5846 4-1
1793 5813 1835 5842 η
1875 5813 1981 5846 διιῖσι
2042 5814 2091 5846 ιι

2116 5743 2205 5846 ’ἓῖς
2243 5745 2295 5799 7'
2375 5748 2413 5779 ’τ
2457 5746 2588 5800 GC".
2629 5763 2759 5813 xm,
2799 5746 2882 5799 14.
2962 5747 3003 5777 ¹²
3043 5743 3171 5799 Gen.
3217 5761 3307 5811 xv,
3352 5745 3396 5799 Ι.
3470 5741 3508 5772 ³³
3540 5732 3643 5789 ibid.

718 5814 800 5853 cu.
842 5818 974 5871 xvii,
1015 5806 1061 5856 1.
1142 5808 1183 5836 ’⁵
1225 5805 1356 5861 Gen.
1400 5823 1564 5874 xvnt,
1604 5810 1712 5863 1-4.
1793 5813 1835 5842 ¹⁶
1875 5813 2001 5868 ibid.
2042 5813 2216 5870 16-90.
