3868 6264
284 294 426 353 1029
1308 303 1611 372 ,Εοιοσλε
1646 306 2127 363 ΡΒΟΡΗΕἸῚΟΑΞ.
2167 339 2235 347 -
2275 308 2400 365 LIB.
2436 310 2477 364 1.
3383 316 3520 373 Ιίνῦο

281 437 383 487 σας
420 423 670 497 Ἀϐραὰμ
705 421 878 493 εἶπεν,
927 427 1018 499 Μὴ
1065 429 1427 503 συναπολέσῃς
1464 432 1669 488 δίκαιον
1712 452 1804 505 μετ

1904 445 1921 496 ι
1952 434 2074 504 pio?
2096 432 2243 488 Sitve
2258 433 2442 499 justus
2467 434 2779 505 utimpius?
2807 430 2862 489 Si
2894 433 3096 490 fuerint
3122 435 3516 508 quinquaginta

277 514 511 581 ἀσεϐοῦς
531 533 545 546 ·
577 518 671 571 καὶ
701 516 850 573 ἔσται
878 521 907 573 6
945 519 1149 586 δίκαιος
1179 521 1255 586 ὡς
1295 525 1325 577 6
1367 524 1593 598 ἀσεϐής·
1624 526 1719 580 ἐὰν
1746 521 1804 579 ὧ<

1948 525 2082 593 justi
2107 524 2161 579 in
2178 524 2415 591 civitate,
2447 526 2915 595 peribuntsimul?
2966 525 3157 582 Nonne
3182 542 3373 597 parces
3394 528 3515 583 loco

277 608 618 679 πεντήκοντα
659 610 853 665 δίκαιοι
901 614 959 666 ὲν
996 616 1063 685 τῇ
1100 615 1272 680 πόλει,
1303 616 1588 681 ἀπολέσεις
1616 618 1804 681 αὐτούς

1952 617 2029 671 illi
2069 627 2288 688 pr0pter
2325 619 2715 691 quinquaginla
2754 620 2957 690 justos,
3004 622 3049 676 si
3095 621 3299 677 fuerint
3325 624 3383 678 in
3414 624 3514 679 eo?

278 699 395 752 οὐκ
424 700 644 771 ἀνήσεις
661 701 837 756 πάντα
865 703 954 756 τὸν
977 705 1142 760 τόπον
1171 706 1354 761 ἕνεκεν
1379 707 1486 760 τῶν
1512 709 1804 779 πεντήκοντ

1952 708 2112 764 Absit
2134 724 2164 763 a
2208 715 2264 763 te
2291 720 2491 766 utrem
2522 712 2664 766 hanc
2695 711 2886 777 facias,
2936 720 2991 767 et
3031 714 3253 786 occidas
3295 714 3506 784 justum

274 788 519 856 δικαίων,
542 793 638 848 ὲάν
667 788 798 849 ὦσιν
827 797 884 849 ὲν
912 798 1083 869 cura;
1111 798 1390 871 Μηδαμῶς
1415 800 1478 852 σὺ
1509 801 1751 871 ποιήσεις
1771 800 1804 852 ἁ

1950 815 2072 854 cum
2103 800 2293 871 impio,
2326 800 2524 872 fiatque
2548 802 2732 872 justus
2754 804 2898 858 sicut
2918 804 3141 874 impius;
3160 821 3270 861 non
3297 815 3381 862 est
3403 808 3507 862 hoc

272 884 336 936 τὸ
367 883 519 955 ῥῆμα
543 885 699 940 τοῦτο
718 887 811 941 τοῦ
844 889 1159 944 ἀποκτεῖναι
1183 890 1389 944 δίκαιον
1415 891 1550 962 μετά
1581 890 1804 956 ἀσεϐοῦς

1948 900 2121 957 tuum,
2154 893 2247 963 qui
2266 893 2483 963 judicas
2510 910 2725 953 omnem
2766 904 2968 951 terram
3004 914 3019 963 ;
3050 913 3392 970 nequaquam
3424 900 3506 956 fa-

273 979 371 1031 καὶ
401 977 553 1034 ἔσται
584 981 614 1033 ὀ
644 982 846 1045 δίκαιος
877 981 952 1046 ὼς
987 984 1016 1036 6
1051 983 1283 1055 ἀσεϐής·
1318 982 1579 1054 μηδαμῶς
1600 1000 1615 1014 ·
1649 985 1677 1037 ὀ
1721 986 1804 1056 κρ1

1943 985 2342 1055 ciesjudicium
2403 986 2507 1041 hoc
2543 988 2612 1041 ".
2644 1006 2663 1039 ι
2698 986 2764 1041 Et
2809 995 2933 1059 post
2964 1004 3137 1059 pauca
3182 991 3317 1046 dicit
3356 990 3505 1048 Scri-

272 1086 382 1123 νων
403 1073 580 1125 πᾶσαν
611 1072 709 1141 τὴν
736 1073 840 1143 γῆν
869 1073 929 1126 οὐ
976 1074 1223 1144 ποιήσεις
1262 1074 1474 1145 κρίσινς
1517 1094 1535 1127 ι
1579 1074 1686 1127 Καὶ
1718 1073 1804 1145 μεε

1940 1081 2097 1143 ptura
2114 1094 2127 1129 :
2142 1094 2159 1126 ι
2170 1075 2315 1129 Abiit
2330 1084 2507 1131 autem
2525 1075 3100 1149 Dominus,postquam
3114 1084 3501 1154 cessavitloqui

269 1160 438 1233 ἕτερά
469 1178 631 1232 φησιν
679 1165 712 1234 ἡ
763 1164 987 1235 Γραφή’
1053 1185 1072 1218 ι
1115 1164 1375 1235 Ἀπῆλθεν
1417 1165 1471 1218 δὲ
1514 1167 1716 1237 Κύριος
1760 1167 1804 1219 ὡ

1940 1165 2006 1218 ad
2022 1165 2295 1220 Abraham
2315 1167 2386 1232 13;
2416 1176 2787 1239 veneruntQue
2815 1170 2923 1224 duo
2945 1171 3120 1242 angeli
3138 1173 3190 1226 in
3211 1171 3500 1230 Sodomam

266 1251 547 1306 ἐπαύσατο
564 1252 748 1306 λαλῶν
772 1254 848 1325 τῷ
883 1255 1146 1327 Ἀϐραάμ.
1181 1256 1439 1327 Είσῆλθον
1465 1257 1521 1311 δὲ
1553 1258 1646 1311 καὶ
1673 1259 1719 1309 οἱ
1743 1256 1802 1309 δύ

1941 1272 2184 1327 vespere,
2217 1266 2273 1313 et
2301 1259 2524 1316 sedente
2552 1260 2654 1316 Lot
2683 1262 2741 1316 in
2770 1261 2978 1318 foribus
2998 1263 3234 1320 civitatis
3260 1266 3324 1321 ¹⁹.
3361 1285 3381 1318 ι

266 1345 487 1415 ἄγγελοι
506 1348 587 1409 είς
618 1347 824 1419 Σόδομα
854 1350 1120 1419 ἐπέρας’
1157 1349 1279 1405 Λὼτ
1312 1352 1367 1405 δὲ
1405 1352 1640 1420 ἐκάθητο
1682 1351 1832 1422 παρὰ
1866 1351 1965 1423 τὴν
1998 1352 2170 1425 πύλην
2197 1355 2461 1426 Σοδόμων.
2493 1376 2512 1408 ι

349 1441 668 1513 Ἐπιστῆσαι
702 1443 851 1509 ἄξιον
896 1445 1123 1517 πότερον
1166 1446 1392 1516 ἄγγελος
1426 1450 1455 1501 ὀ
1481 1446 1656 1518 τυχὼν
1694 1464 1804 1501 κατι

2011 1445 2166 1504 Scire
2195 1456 2277 1505 est
2299 1465 2478 1521 operae
2522 1451 2781 1522 pretium,
2832 1462 3016 1507 utrum
3054 1454 3126 1509 sit
3156 1453 3380 1525 angelus
3401 1456 3493 1526 qui

263 1535 394 1598 τοὺς
414 1534 612 1600 τόπους
644 1536 896 1607 δηλοῦται
929 1542 957 1592 ὀ
983 1540 1107 1603 τοὺς
1140 1542 1552 1612 χρηματισμοὺς
1580 1542 1714 1614 πρὸς
1741 1541 1804 1595 τὸ

1935 1536 2020 1592 his
2070 1540 2126 1592 in
2185 1537 2481 1611 Scriptura:
2526 1543 2664 1598 locis
2707 1543 3021 1601 Abrahamo
3059 1546 3380 1616 apparuisse
3410 1561 3497 1604 os-

272 1625 528 1699 ⁹Δϐραὰμ
556 1629 941 1714 πεποιημένος,
981 1632 1014 1702 ἢ
1044 1632 1203 1696 αὐτὸς
1240 1633 1269 1685 6
1312 1632 1422 1686 τῶν
1450 1633 1584 1687 ὅλων
1609 1633 1762 1697 Θεὸς,
1792 1636 1804 1686 1'

1929 1630 2190 1695 tenditur,
2221 1646 2289 1686 an
2319 1632 2434 1703 ipse
2462 1634 2704 1688 omnium
2734 1634 2899 1700 Deus,
2933 1638 3019 1690 vel
3047 1637 3239 1691 tertius
3271 1637 3491 1707 aliquis,

261 1719 445 1790 τρίτος
475 1737 559 1785 τις
590 1720 740 1792 παρὰ
775 1721 995 1788 τούτους
1031 1726 1059 1777 6
1090 1724 1182 1778 τοῦ
1225 1723 1360 1778 Θεοῦ
1386 1726 1575 1795 Λόγος,
1599 1725 1658 1779 ὃν
1689 1725 1804 1797 μετέ

1927 1717 2020 1774 Dei
2047 1720 2256 1775 scilicet
2273 1719 2527 1788 Verbum,
2554 1739 2714 1792 quem
2740 1730 2863 1794 post
2892 1724 3218 1780 altissimum
3238 1723 3481 1790 Patrem,

257 1810 354 1866 τὸν
385 1812 641 1865 ἀνωτάτω
674 1813 891 1885 Πατέρα
917 1814 1011 1868 καὶ
1034 1814 1164 1868 Θεὸν
1201 1815 1308 1869 τῶν
1339 1816 1473 1869 ὅλων
1501 1815 1701 1888 Κύριον
1730 1818 1804 1870 κα

1924 1816 1979 1864 et
2006 1808 2171 1865 Deum
2195 1812 2434 1866 omnium
2451 1812 2760 1879 Dominum,
2784 1822 2838 1870 et
2860 1814 3025 1870 Deum
3043 1831 3241 1870 vocare
3256 1817 3310 1870 in
3333 1831 3488 1872 sacra

256 1901 393 1955 Θεὸν
424 1903 717 1968 ἀποκαλεῖν
741 1903 861 1969 ἔθος
883 1908 947 1977 τῇ
980 1907 1097 1977 ἱερᾷ
1121 1907 1340 1981 Γραφῇ·
1372 1907 1450 1961 ἔτι
1481 1924 1540 1961 τε
1570 1907 1800 1978 ζητῆσαι

1928 1897 2212 1971 Scriptura
2290 1903 2496 1969 solent;
2546 1919 2758 1960 necnon
2819 1905 3100 1975 inquirere
3145 1907 3269 1978 quis
3342 1914 3489 1963 esset
3539 1952 3547 1958 .

255 1993 346 2058 τίς
376 1987 444 2064 ἦν
481 1996 511 2048 6
540 1994 649 2049 τῶν
676 1997 842 2067 τριῶν
878 1996 986 2050 τῶν
1032 1998 1299 2066 ὀφθέντων
1332 1998 1410 2068 τῷ
1452 1998 1699 2071 Ἀϐραάμ
1733 2000 1824 2054 ἀν-

258 2084 423 2157 δρῶν,
461 2087 596 2158 πρὸς
622 2086 679 2141 ὃν
707 2088 867 2152 αύτός
897 2106 954 2142 τε
979 2085 1148 2153 εἶπεν,
1185 2109 1203 2140 ι
1235 2091 1428 2164 Κύριε,
1452 2094 1500 2146 εί
1526 2087 1681 2160 εὗρον
1724 2095 1823 2165 χά-

261 2192 346 2245 ριν
380 2177 619 2230 ἐναντίον
649 2195 741 2230 σου
766 2195 780 2208 ’
824 2198 843 2231 ι
878 2180 970 2233 καὶ
997 2180 1178 2249 πάλιν,
1226 2200 1244 2234 ι
1284 2184 1561 2255 Μηδαμῶς
1585 2203 1599 2216 ⁸
1635 2188 1664 2239 6
1704 2185 1821 2257 κρί-

252 2284 361 2321 νων
406 2270 585 2323 πᾶσαν
621 2269 719 2342 τὴν
760 2271 863 2341 γῆν
896 2273 957 2326 οὐ
993 2275 1236 2345 ποιήσεις
1283 2277 1492 2348 κρίσιν⁹
1530 2297 1550 2328 ι
1586 2279 1714 2351 περὶ
1757 2270 1820 2333 οὗ

252 2359 402 2430 καὶὴ
432 2358 551 2413 θεία
583 2361 770 2433 Γραφὴ
810 2364 872 2415 ού
907 2363 1063 2435 μόνον
1094 2365 1327 2436 πρῶτον,
1354 2367 1485 2421 ἀλλά
1512 2369 1604 2423 καὶ
1640 2370 1820 2425 δεύτε-

256 2464 349 2520 ρον
388 2449 485 2502 καὶ
530 2450 708 2518 τρίτον
760 2452 1040 2523 ίστορικῶς
1082 2472 1266 2526 φησιν,
1301 2475 1320 2507 ι
1359 2458 1529 2531 Ὠφθη
1574 2459 1631 2512 δὲ
1673 2460 1819 2532 αὐτῷ

250 2538 479 2612 Κύριος,
512 2561 532 2595 ι
581 2543 672 2596 ἐπὶ
700 2547 765 2616 τῇ
797 2544 859 2613 (f.
899 2545 954 2613 5)
991 2565 1009 2597 ι
1044 2546 1246 2618 Κύριος
1277 2567 1298 2600 ι
1342 2551 1681 2623 προσηγορίᾳ
1721 2538 1823 2605 τοῦ

249 2633 633 2706 ἀνεκφωνήτου
666 2637 723 2690 ὲν
755 2637 833 2708 τῷ
872 2638 1143 2709 Ἐϐραῖκῷ
1170 2642 1500 2711 τεταγμένου
1534 2643 1813 2715 ὀνόματος,

245 2724 388 2796 ὅπερ
413 2725 754 2781 οὐδεπώποτε
795 2730 887 2783 ἐπὶ
920 2730 1213 2802 ἀγγελικῆς
1240 2730 1518 2803 δυνάμεως
1556 2735 1817 2806 παρείλη-

245 2833 405 2870 πται.
442 2818 574 2874 ’Ὀτε
602 2819 733 2888 γοῦν
761 2822 789 2873 6
826 2821 949 2875 Λὼτ
971 2827 1083 2887 τοῖς
1124 2824 1203 2887 είς
1228 2823 1432 2895 Σόδομα
1460 2824 1702 2881 ἐλθοῦσιν
1725 2829 1815 2896 ἀγ-

244 2909 428 2979 γέλοις
459 2911 870 2985 ἀναγέγραπται
892 2913 1084 2982 λέγων,
1118 2932 1136 2965 ι
1166 2914 1386 2985 Δέομαι,
1411 2916 1598 2988 Κύριε,
1627 2918 1812 2990 ἐπειδὴ

245 2998 408 3072 εὗρεν
439 3004 466 3055 ό
496 3007 624 3068 παῖς
668 3022 759 3058 σου
783 3004 928 3069 ἔλεος
960 3005 1187 3061 ἐνώπιόν
1223 3025 1335 3073 σου,
1369 3028 1388 3060 ι
1421 3012 1594 3062 κεῖται
1623 3010 1721 3081 μὲν
1755 3012 1812 3064 έν

241 3092 323 3164 τῷ
350 3092 623 3165 Ἐϐραῖκῷ
655 3094 737 3160 τὸ,
765 3114 782 3146 ‹
808 3095 1000 3167 Κύριε,
1027 3117 1043 3148 ι
1068 3096 1182 3150 ἀλλ’
1211 3099 1270 3150 οὐ
1290 3098 1376 3150 διὰ
1399 3098 1504 3152 τῶν
1535 3101 1811 3172 τεσσάρων
1837 3124 1880 3181 c

244 3185 525 3257 στοιχείων
563 3185 670 3239 τῶν
702 3188 830 3258 παρ’
869 3187 1139 3259 Ἑϐραίοις
1167 3188 1260 3241 ἐπὶ
1299 3189 1392 3242 τοῦ
1425 3190 1661 3261 ἀρρήτου
1690 3193 1808 3244 ὀνό-

244 3294 418 3348 ματος
447 3277 543 3331 τοῦ
588 3277 723 3331 Θεοῦ
766 3278 1358 3350 παραλαμϐανομένων,
1398 3281 1465 3333 δι’
1506 3282 1708 3353 ἑτέρων
1751 3283 1807 3336 δὲ

241 3362 523 3424 συλλαϐῶν
550 3369 617 3424 δι’
647 3365 720 3424 ὧν
748 3372 842 3424 καὶ
860 3373 894 3447 6
918 3370 1048 3441 παρ’
1080 3370 1382 3443 ἀνθρώποις
1412 3373 1807 3444 ὀνομαζόμενος

235 3460 430 3533 κύριος
484 3460 592 3515 τῶν
624 3461 759 3534 πρός
780 3479 833 3516 τι
875 3462 1175 3532 τυγχάνων,
1202 3457 1312 3516 οἷον
1351 3465 1559 3517 οἰκέτου
1597 3464 1803 3536 κύριος,

232 3553 374 3624 παρ’
414 3553 685 3625 Ἑϐραίοις
717 3554 1112 3624 ἐγγέγραπται·
1148 3552 1261 3607 ἀλλ’
1307 3554 1458 3608 οὐδέν
1507 3572 1568 3624 γε
1596 3555 1804 3619 τούτοις

232 3643 361 3715 ἔχον
391 3645 767 3717 παραπλήσιον
804 3647 866 3699 τὸ
911 3648 1003 3700 ἐπὶ
1047 3651 1146 3719 τῆς
1183 3646 1276 3700 τοῦ
1318 3645 1450 3699 Θεοῦ
1493 3645 1804 3709 αύθεντείας

229 3736 327 3791 διὰ
355 3737 464 3790 τῶν
504 3740 782 3810 τεσσάρων
827 3740 1099 3810 στοιχείων
1145 3739 1701 3811 παραλαμϐανόμενον
1745 3739 1802 3792 ἓν

228 3843 295 3880 τε
325 3830 444 3892 ταῖς
467 3828 979 3900 ἀναγεγραμμέναις
1006 3829 1098 3882 τοῦ
1120 3829 1253 3883 Θεοῦ
1278 3831 1410 3901 πρὸς
1442 3830 1530 3883 τὸν
1558 3829 1802 3902 Ἀϐραὰμ

229 3919 522 3985 ὀπτασίαις
576 3922 943 3994 ἐμφερόμενον
998 3923 1181 3990 σαφῶς
1231 3923 1554 3994 παρίστησιν
1588 3964 1602 3987 ,
1667 3923 1800 3993 μηδὲ

230 4012 487 4083 ἄγγελον,
560 4013 693 4085 μηδὲ
737 4015 900 4086 ὀλίγῳ
942 4014 1128 4068 τοῦτον
1174 4015 1641 4087 έπαναϐεϐηκυῖάν
1681 4032 1801 4069 τινα

228 4104 387 4157 θείαν
429 4105 657 4176 δύναμιν
685 4105 831 4176 αὐτῷ
862 4106 1345 4177 κεχρηματικέναι,
1376 4106 1489 4159 ἀλλ’
1517 4106 1677 4160 αὐτὸν
1706 4106 1798 4159 τὸν

225 4196 390 4263 Θεὸν,
422 4191 482 4252 οὗ
508 4198 605 4269 τὴν
655 4199 889 4269 ἄρρητον
922 4180 1246 4270 ὲκφὼνηῖτιν,
1292 4198 1473 4266 αὐτὴν.
1505 4197 1568 4269 δὴ
1595 4197 1797 4268 ταύτην

223 4289 377 4344 κατά
396 4290 522 4353 τοὺς
547 4290 743 4353 τόπους
772 4290 859 4343 διὰ
885 4289 991 4342 τῶν
1024 4291 1297 4362 τεσσάρων
1335 4288 1608 4360 στοιχείων
1631 4291 1797 4360 ἐμφε-

230 4381 491 4453 ρομένην,
519 4381 678 4451 μόνος
711 4382 737 4434 6
764 4382 1057 4452 ἀρχιερεὺς
1091 4382 1183 4434 ἐπὶ
1217 4380 1310 4434 τοῦ
1360 4379 1608 4450 μετώπου
1645 4397 1796 4450 περι-

1922 1991 2090 2046 trium
2119 1993 2382 2061 virorum,
2412 1995 2506 2065 qui
2539 1995 2849 2050 Abrahamo
2892 1997 2996 2051 visi
3042 2005 3191 2060 sunt,
3225 1995 3294 2051 ad
3324 2011 3483 2066 quem

1922 2081 2013 2138 ille
2043 2083 2242 2139 dixerit
2272 2103 2285 2139 :
2322 2104 2341 2137 ι
2380 2085 2626 2153 Domine,
2662 2087 2709 2142 si
2754 2088 2936 2143 inveni
2970 2087 3200 2159 gratiam
3225 2089 3281 2143 in
3310 2087 3489 2144 oculis

1920 2173 2030 2229 tuis
2056 2174 2141 2243 ²⁰;
2180 2194 2200 2227 ›
2235 2186 2289 2231 et
2308 2192 2502 2234 rursus
2541 2198 2555 2233 :
2585 2197 2603 2230 ι
2641 2177 2760 2233 Non
2798 2188 2882 2234 est
2906 2179 3012 2234 hoc
3042 2190 3195 2235 tuum
3229 2199 3243 2235 :
3276 2180 3370 2250 qui
3390 2178 3484 2249 ju—

1920 2264 2072 2321 dicas
2109 2281 2325 2321 omnem
2356 2275 2577 2332 terram,
2606 2284 2950 2341 nequaquam
3005 2270 3174 2326 facies
3214 2270 3480 2341 judicium

1918 2353 2022 2409 hoc
2051 2356 2117 2410 “.
2155 2375 2176 2407 ι
2219 2353 2296 2409 De
2324 2371 2434 2427 quo
2464 2366 2517 2413 et
2565 2357 2748 2414 divina
2807 2358 3083 2429 Scriptura
3127 2375 3236 2415 non
3266 2368 3479 2414 tantum

1920 2446 2107 2513 semel,
2138 2447 2232 2503 sed
2264 2464 2458 2504 rursus
2491 2456 2545 2504 et
2595 2452 2755 2505 tertio
2809 2466 3003 2521 reapse
3047 2451 3183 2505 dixit
3211 2468 3226 2505 :
3260 2469 3280 2502 ι
3314 2450 3478 2505 Visus

1918 2549 2096 2597 autem
2139 2543 2188 2599 ei
2233 2542 2583 2610 Dominus",
2628 2566 2648 2598 ι
2680 2547 2769 2602 ubi
2804 2565 2823 2597 σ
2863 2546 3124 2604 Dominus
3163 2567 3182 2599 ι
3222 2528 3477 2603 ineffabili

1916 2635 2277 2704 appellatione
2330 2638 2387 2690 in
2435 2637 2710 2693 Hebraico
2762 2645 2915 2693 textu
2961 2638 3300 2709 designatur,
3357 2655 3479 2710 qua:

1916 2726 2123 2780 scilicet
2164 2743 2433 2798 nusquam
2467 2730 2534 2783 de
2571 2730 2814 2800 angelica
2858 2738 3125 2799 potestate
3157 2739 3473 2802 usurpatur.

1913 2816 2049 2872 Cum
2082 2818 2246 2889 igitur
2287 2820 2386 2876 Lot
2431 2822 2774 2878 venientibus
2825 2824 2880 2877 in
2934 2821 3225 2878 Sodomam
3261 2822 3471 2894 augeiis

1913 2908 2115 2965 dixisse
2145 2910 2349 2966 fertur:
2382 2932 2401 2964 ι
2436 2911 2651 2981 Quaeso,
2698 2914 2921 2970 Domine
2961 2916 3055 2978 mi,
3088 2918 3218 2986 quia
3258 2916 3463 2971 invenit

1914 3012 2105 3055 servus
2133 3010 2260 3058 tuus
2286 3003 2512 3073 gratiam
2545 3020 2729 3059 coram
2776 3014 2831 3060 te
2876 3006 2945 3070 ’³,
3010 3026 3029 3059 ι
3090 3008 3365 3061 invenitur
3413 3007 3471 3062 in

1914 3089 2181 3148 Hebraico
2208 3102 2380 3160 textu,
2410 3115 2429 3146 ι
2464 3095 2711 3160 Domine,
2747 3116 2764 3148 ι
2799 3098 2893 3151 sed
2927 3114 3037 3152 non
3068 3109 3301 3168 quatuor
3333 3099 3473 3154 litte-

1913 3183 1990 3239 ris
2023 3184 2342 3256 desiguatus
2394 3203 2515 3257 qua:
2565 3189 2706 3258 apud
2750 3188 3008 3245 Hebraeos
3058 3189 3328 3246 inelfabile
3374 3191 3468 3245 Dei

1909 3292 2107 3331 nomen
2136 3282 2470 3348 exprimunt,
2530 3281 2625 3337 sed
2680 3283 2785 3335 alia
2843 3283 3305 3348 denominatione,
3350 3300 3473 3355 qua:

1907 3367 2067 3436 vu-lgo
2089 3370 2233 3440 apud
2265 3369 2517 3426 Hebraeos
2549 3372 2616 3427 de
2640 3373 2873 3441 alicujus
2909 3373 3051 3429 inter
3086 3375 3331 3430 homines
3366 3374 3467 3430 do-

1906 3460 2078 3526 mino,
2107 3462 2274 3516 veluti
2299 3461 2368 3517 de
2399 3465 2539 3517 servi
2564 3463 2804 3526 domino,
2832 3475 3144 3534 usurpatur.
3168 3464 3312 3519 Nihil
3341 3481 3471 3519 vero

1906 3551 2013 3606 tale
2043 3553 2286 3607 invenias
2311 3553 2366 3607 in
2396 3553 2838 3607 denominatione
2866 3569 2987 3623 quae
3010 3553 3077 3607 ad
3107 3553 3203 3609 Dei
3226 3556 3465 3609 auctori-

1904 3654 2067 3700 tatem
2099 3652 2329 3715 spectat,
2366 3645 2422 3699 in
2450 3653 2898 3714 tetragrammato
2950 3644 3177 3708 scilicet,
3223 3645 3366 3715 quod
3408 3646 3463 3700 in

1903 3735 2088 3791 relatis
2134 3734 2227 3789 Dei
2257 3736 2325 3789 ad
2350 3735 2719 3789 Ahrahamitm
2765 3734 3199 3805 apparitionibus
3232 3751 3464 3806 usurpa-

1902 3836 2011 3883 tur.
2040 3827 2152 3882 llnc
2188 3828 2372 3898 itaque
2395 3843 2497 3883 nec
2528 3828 2775 3898 angelus,
2822 3841 2923 3881 nec
2954 3827 3146 3895 angelo
3178 3828 3342 3897 paulo
3369 3843 3463 3883 su-

1902 3922 2082 3991 perior
2105 3922 2288 3990 allqua
2316 3920 2499 3974 divina
2527 3928 2770 3991 potestas
2804 3919 3147 3990 dcsignatur,
3179 3920 3273 3975 sed
3319 3919 3462 3977 Deus

1899 4011 2035 4080 ipse,
2065 4013 2222 4080 cujus
2251 4009 2518 4065 ineffabile
2551 4026 2773 4075 nomen,
2829 4018 3015 4080 utpote
3041 4011 3299 4067 distincte
3326 4027 3463 4082 qua-

1897 4111 2021 4158 tuor
2068 4102 2268 4158 litteris
2307 4112 2609 4166 exaratum,
2665 4102 2814 4157 solus
2881 4117 3126 4158 summus
3193 4102 3457 4173 pontifex,

1896 4194 2075 4249 fronte
2132 4194 2379 4265 gestabat
2417 4195 2475 4248 in
2508 4195 2708 4248 lamina
2753 4209 2917 4250 aurea
2973 4210 3092 4264 quae
3149 4195 3458 4265 appellaba-

1895 4296 1983 4340 tur
2023 4304 2037 4340 :
2076 4304 2095 4337 ι
2154 4286 2412 4341 Caelatum
2461 4286 2721 4356 sigillum,
2763 4294 3011 4342 sanctum
3060 4284 3290 4340 Domino
3327 4286 3391 4342 “.
3433 4304 3455 4340 ν

1894 4378 2240 4434 Manifestum
2272 4387 2355 4433 est
2390 4385 2569 4432 autem
2598 4378 2839 4432 divinam
2861 4376 3198 4445 Scripturam
3229 4392 3336 4431 nou
3371 4377 3455 4431 in-

223 4475 411 4527 ἑκειτο
458 4473 636 4544 φέρων
678 4471 771 4526 ἐπὶ
799 4471 890 4525 τοῦ
919 4471 1119 4543 χρυσοῦ
1154 4472 1384 4526 πετάλου
1428 4472 1486 4524 τὸ
1510 4472 1796 4542 λεγόμενον

1904 4471 2317 4526 discriminatim
2359 4469 2501 4524 hanc
2539 4469 2745 4539 angelis
2786 4468 3103 4523 attribuisse
3131 4468 3455 4523 denomina-

228 4583 251 4613 c
279 4562 611 4633 Ἑκτύπωμα
643 4564 949 4635 σφραγίδος,
979 4561 1362 4633 ἀγιάσμα[τος]
1391 4564 1613 4634 Κυρίου.
1646 4582 1662 4613 ι
1690 4563 1800 4616 Καὶ

220 4656 313 4708 ὅτι
346 4670 410 4723 γε
435 4654 535 4709 οὐκ
572 4654 860 4726 ἀδιάφορόν
897 4657 1013 4708 ἐστι
1044 4657 1109 4726 τῇ
1134 4654 1253 4725 θείᾳ
1289 4654 1477 4726 Γραφῇ
1514 4656 1601 4708 ἐπ’
1637 4656 1799 4723 ἀγγέ-

220 4746 340 4799 λων
382 4745 615 4817 χρῆσθαι
658 4749 724 4817 τῇ
765 4745 989 4819 τοιαύτῃ
1033 4745 1393 4817 προσηγορίᾳ,
1424 4746 1685 4817 πρόδηλον
1732 4747 1796 4799 ἐκ

220 4836 327 4891 τοῦ
358 4837 559 4909 σφόδρα
601 4837 1134 4909 παρατετηρημένως
1181 4834 1309 4888 ποτὲ
1353 4837 1451 4906 μὲν
1496 4836 1657 4888 αὑτὸν
1705 4835 1795 4889 τὸν

220 4928 365 4984 Θεὸν
383 4928 420 5001 ἢ
445 4928 537 4982 τὸν
557 4928 645 4982 διὰ
668 4927 764 4981 τοῦ
789 4928 1212 4999 τετραγράμμου
1239 4925 1562 4998 δηλούμενον
1592 4927 1793 4999 Κύριον

221 5015 411 5091 ὦφθαι
433 5038 494 5077 τε
516 5023 609 5077 καὶ
630 5020 955 5095 κεχρηκέναι
983 5023 1094 5084 τοῖς
1118 5019 1345 5083 δικαίοις
1384 5020 1634 5089 ἱστορεῖν,
1663 5017 1792 5071 ποτὲ

216 5110 287 5165 δὲ
336 5109 597 5180 ἀγγέλους
642 5109 975 5181 ἀναγράφειν
1016 5110 1140 5170 τοὺς
1187 5108 1550 5182 έωραμένους.
1602 5107 1792 5177 Σαφῶς

217 5198 321 5257 οὖν
348 5202 380 5256 6
404 5203 474 5273 τῇ
499 5202 679 5274 ’Ἅγαρ
702 5201 959 5275 ἀλωμένη
990 5200 1275 5270 ἐπιφανεὶς
1306 5199 1534 5269 ἄγγελος
1564 5195 1631 5271 ἦν
1650 5214 1664 5227 ·
1700 5201 1792 5253 καὶ

216 5292 337 5363 γὰρ
366 5294 534 5367 ἐχρῆν
560 5294 742 5367 ἐκείνῃ
774 5293 894 5365 μὲν,
927 5293 1021 5347 ἆτε
1055 5292 1301 5345 πλεῖστον
1329 5292 1451 5345 ὅσον
1498 5289 1785 5344 ἀπολειπο-

221 5384 366 5458 μένῃ
395 5384 489 5439 τοῦ
539 5384 806 5457 Ἀϐραὰμ,
855 5385 948 5438 καὶ
992 5383 1142 5437 οὐδέν
1178 5401 1230 5436 τι
1279 5382 1440 5435 πλέον
1491 5380 1782 5451 ἀγγελικῆς

219 5478 487 5542 ὀπτασίας
519 5477 742 5547 θεωρεῖν
782 5475 1071 5547 δυναμένῃ,
1106 5475 1434 5547 κατάλληλον
1472 5473 1567 5545 τὴν
1615 5476 1784 5527 ὀπτα-

230 5643 270 5658 ..
297 5594 340 5624 ¹⁷
357 5592 490 5650 Gen.
520 5593 885 5660 xvm,22-25.
982 5597 1026 5627 “
1046 5596 1180 5651 ibid.
1198 5596 1284 5651 '55.

220 5663 423 5730 £8.19.
515 5667 559 5698 "
574 5664 740 5718 Exod.
759 5679 949 5727 ιινιιι,
966 5665 1054 5722 56.

1380 5598 1420 5629 ³ο
1441 5593 1778 5662 Gen.x1x,i.

1857 5593 1903 5624 ³⁰
1916 5594 2053 5650 Gen.
2072 5608 2224 5662 xvul,
2242 5594 2293 5648 5.

1896 4562 2117 4625 tionem,
2143 4561 2447 4631 praesertim
2476 4574 2600 4613 cum
2636 4558 3047 4613 accuratissime
3079 4573 3225 4613 nunc
3273 4561 3452 4630 ipsum

1894 4653 2090 4716 Deum,
2124 4653 2205 4706 vel
2251 4658 2697 4721 tetragrammato
2726 4649 3134 4705 denominatum
3166 4649 3452 4706 Dominum

1895 4744 2215 4815 apparuisse
2236 4752 2436 4797 etcum
2455 4741 2623 4812 justis
2646 4747 3030 4796 conversatum
3059 4739 3229 4795 fuisse
3258 4741 3444 4795 memi-

1892 4836 2058 4900 nerit,
2090 4849 2235 4900 nunc
2259 4849 2390 4889 vero
2435 4835 2657 4905 angelos
2710 4833 2858 4888 visos
2912 4830 3102 4887 fuisse.
3166 4830 3451 4887 Manifesta

1892 4927 2060 4996 igitur
2089 4926 2313 4996 angelus
2344 4933 2481 4988 erat,
2522 4925 2617 4994 qui
2649 4924 2795 4993 Agar
2822 4922 3031 4978 erranti
3078 4922 3250 4977 visus.
3286 4921 3450 4979 Dece-

1891 5017 1985 5071 bat
2011 5018 2156 5072 enim
2188 5017 2316 5071 huic
2340 5014 2579 5086 quidem,
2609 5021 2773 5086 prout
2804 5014 2873 5068 ab
2892 5014 3204 5068 Abrahamo
3232 5014 3449 5083 penitus

1887 5106 2178 5169 derelictae,
2214 5119 2316 5158 nec
2342 5103 2618 5175 quidpiam
2659 5103 2903 5173 angelica
2928 5102 3141 5158 visione
3157 5103 3334 5171 majus
3364 5104 3447 5160 in-

1887 5199 2025 5254 tueri
2054 5197 2278 5261 valenti,
2317 5198 2530 5252 obviam
2561 5195 2677 5252 fieri
2709 5210 2807 5267 per
2844 5203 3162 5265 prasentcm
3198 5194 3447 5264 angelum

1885 5290 2174 5354 visionem,
2206 5288 2334 5344 dum
2375 5287 2686 5343 Abrahamo
2716 5285 2940 5349 clarior,
2974 5284 3069 5340 Dei
3112 5286 3322 5340 scilicet
3365 5285 3445 5355 ip-

1889 5381 2024 5441 sius,
2075 5380 2444 5437 m‘anifestatio
2497 5380 2672 5434 fleret.
2722 5376 2934 5446 Quippe
2983 5385 3176 5431 caetera
3221 5375 3341 5446 ipsa
3374 5373 3443 5428 ad

1888 5487 2013 5527 eum
2036 5470 2129 5527 Dei
2159 5473 2322 5529 verba
2351 5486 2542 5543 parum
2572 5484 2811 5541 congrua
2830 5476 3038 5534 essent,
3068 5468 3117 5523 si
3144 5468 3270 5538 quis
3289 5481 3353 5523 ea
3374 5469 3442 5522 ad

2373 5587 2672 5648 “ibid.25.
2748 5585 3015 5643 "ibidJ.
3092 5585 3137 5622 ³³
3164 5583 3297 5641 Gen.
3327 5598 3441 5639 xix.
