3868 6264
471 319 603 377 1051

1173 313 1440 369 EUSEBII
1475 313 1945 370 CESARIENSIS
1981 313 2131 370 OPP.
2173 313 2351 369 PARS
2388 313 2478 369 lll.
2516 344 2585 358 -—
2625 311 3034 370 EXEGETICA.

3521 324 3631 382 ιοδι

468 440 693 508 angelos
721 435 926 492 referre
973 438 1293 498 conaretur;
1344 434 1508 489 unius
1557 434 1704 488 enim
1761 432 1854 488 Dei
1912 441 2029 487 erat

2137 432 2255 487 σίαν
2285 432 2534 501 γενέσθαι
2562 431 2648 486 διὰ
2671 433 2770 502 τῆς
2804 431 2896 484 τοῦ
2928 431 3157 500 ἀγγέλου
3183 433 3475 504 παρουσίας,
3501 439 3565 508 τῷ
3589 441 3631 494 ἃ

472 530 590 586 haec
637 529 838 593 dicere,
871 524 1080 580 scilicet
1118 541 1131 578 :
1180 541 1198 573 σ
1243 521 1460 578 Faciam
1493 530 1546 577 te
1590 523 1644 576 in
1679 533 1890 592 gentem
1919 537 2034 576 ma—

470 637 656 694 gnam,
705 628 759 673 et
799 614 1118 671 benedicam
1161 613 1258 668 tibi
1278 614 1347 679 ",
1387 634 1405 667 ι
1454 621 1507 669 et
1537 615 1854 684 sequentia;
1894 615 2036 669 haec-

471 731 579 784 que
607 709 906 781 praasertim
932 726 944 759 :
977 725 994 758 ι
1035 706 1146 777 Ego
1176 705 1439 761 Dominus
1460 706 1552 776 qui
1577 705 1738 761 eduxi
1764 712 1816 759 te
1835 721 1865 760 e
1888 712 2034 760 terra

471 800 849 856 Chaldaaorum
891 797 966 863 ¹⁶;
1022 815 1041 848 ι
1071 804 1127 850 et
1156 796 1247 850 illa
1297 815 1311 851 :
1355 815 1373 848 ι
1414 794 1526 866 Ego
1557 812 1677 851 sum
1714 794 1855 851 Deus
1885 805 2034 858 tuus,

484 891 703 947 ambula
739 904 925 945 coram
969 904 1054 943 me
1106 889 1183 954 "’;
1249 907 1267 939 ι
1320 894 1375 942 et
1404 889 1633 958 reliqua.
1670 887 1863 943 Nullus
1891 888 2034 942 enim

471 995 582 1040 tam
613 983 768 1038 rudis
792 980 993 1051 ingenii
1035 987 1202 1043 esset,
1234 979 1326 1048 qui
1372 979 1486 1034 haec
1527 979 1594 1033 ab
1648 979 1841 1049 angelo
1892 979 2036 1032 dicta

469 1077 766 1132 existimet.
818 1074 954 1130 Cum
1003 1073 1170 1144 igitur
1215 1071 1527 1126 Abrahamo
1589 1071 1694 1125 sub
1723 1070 1916 1126 arbore
1950 1086 2036 1125 se-

469 1168 618 1226 denti
648 1178 759 1224 tres
783 1168 883 1222 viri
906 1174 1300 1237 apparuerunt,
1325 1165 1417 1219 uni
1443 1164 1822 1218 tantummodo
1845 1179 2034 1219 eorum

469 1264 642 1318 dixit:
670 1283 688 1312 ι
720 1261 969 1323 Domine,
999 1260 1045 1314 si
1078 1258 1260 1313 inveni
1290 1257 1520 1328 gratiam
1541 1257 1596 1312 in
1614 1257 1787 1312 oculis
1811 1257 1917 1311 tuis
1933 1257 2058 1306 ".i.

473 1356 539 1410 Et
569 1363 890 1410 caeterorum
942 1352 1127 1408 nullus
1176 1367 1300 1404 cum
1355 1349 1668 1404 Abrahamo
1731 1349 2036 1405 collocutus

470 1447 765 1513 inducitur,
792 1444 1055 1514 siquidem
1089 1459 1195 1500 non
1221 1442 1467 1508 decebat,
1515 1441 1746 1496 famulos
1766 1441 2036 1512 appellare

465 1539 739 1602 dominos,
759 1537 855 1594 sed
885 1537 976 1592 ille
1008 1537 1161 1591 solus
1188 1535 1450 1590 Dominus
1483 1542 1730 1597 vocatur,
1756 1535 1846 1605 qui
1872 1534 2034 1588 etiam

465 1631 598 1686 dicit
649 1646 664 1683 :
723 1648 742 1681 ι
799 1628 939 1683 Num
995 1628 1399 1698 celare‘potero
1449 1625 1817 1682 Abrahamum
1867 1625 2034 1680 ﬁlium

465 1739 645 1780 meum
669 1725 714 1756 "
763 1742 782 1775 ι
835 1732 889 1778 et
929 1729 1141 1776 caetera.
1181 1719 1382 1776 Deinde
1409 1722 1509 1776 viri
1540 1719 1826 1776 Dominum
1866 1719 2036 1774 comi-

2146 523 2394 596 Ἀϐραὰμ
2431 523 2520 578 διὰ
2563 526 2659 595 τῆς
2695 525 2938 597 μείζονος
2983 523 3146 578 αὑτοῦ
3192 524 3282 577 τοῦ
3314 525 3439 580 Θεοῦ
3479 529 3633 600 ὲπιφαο

2133 614 2299 678 νείας.
2351 616 2462 670 Καὶ
2511 617 2559 668 οἱ
2597 616 2772 669 λοιποὶ
2816 615 2872 668 δὲ
2907 615 3059 669 αὐτοὶ
3086 615 3192 669 τῶν
3224 617 3354 686 πρὸς
3393 619 3530 671 αὐτὸν
3558 622 3628 674 τοῦ

2133 708 2268 762 Θεοῦ
2309 707 2479 776 λόγων
2530 707 2628 761 οὐκ
2669 708 2735 762 ἂν
2769 708 2865 780 μὲν
2902 707 3210 780 ἀρμόσειεν,
3242 709 3287 760 εἰ
3317 708 3401 761 ἑπὶ
3422 711 3634 778 ἀγγέλους

2133 818 2215 864 τις
2237 801 2430 863 αὐτοὺς
2459 799 2679 868 ἀνάγειν
2707 798 2964 870 πειρῷτο,
2999 799 3143 870 μόνῳ
3173 799 3228 852 δὲ
3262 798 3372 869 Θεῷ
3399 801 3566 870 πρέποι
3587 803 3635 855 ἂν

2136 893 2330 956 αὐτοὺς
2369 891 2567 960 λέγειν,
2614 886 2723 946 οἷον
2760 892 2840 957 τὸ,
2883 911 2900 942 ι
2937 891 3046 945 Καὶ
3094 891 3302 962 ποιήσω
3341 907 3394 944 σε
3425 893 3494 955 είς
3523 892 3638 956 ἔθνος

2137 984 2298 1054 μέγα,
2321 986 2414 1038 καὶ
2442 985 2716 1056 εὐλογήσω
2742 1001 2820 1049 σε,
2846 1004 2863 1035 ι
2880 985 2972 1038 καὶ
2996 983 3063 1037 τά
3087 983 3292 1046 τούτοις
3319 984 3634 1054 παραπλήσια

2138 1078 2368 1148 μάλιστα
2399 1078 2456 1132 δὲ
2484 1078 2564 1142 :6,
2603 1097 2621 1130 ι
2673 1079 2812 1146 Ἐγὼ
2838 1075 3041 1149 Κύριος
3070 1077 3098 1128 6
3123 1073 3392 1144 ἐξαγαγών
3420 1093 3471 1127 σε
3495 1079 3548 1128 ἑκ
3568 1077 3641 1146 χὼ-

2136 1186 2236 1240 ρας
2268 1169 2546 1222 Χαλδαίων
2565 1186 2578 1199 °
2620 1190 2638 1222 ι
2685 1171 2779 1223 καὶ
2804 1169 2884 1232 :6,
2921 1189 2940 1220 ι
2976 1167 3114 1235 Ἐγώ
3139 1169 3252 1238 είμι
3279 1167 3306 1218 6
3331 1167 3468 1230 Θεὸς,
3490 1168 3641 1238 εὐαρέ-

2137 1275 2250 1311 στει
2279 1260 2518 1313 ἐναντίον
2546 1259 2701 1330 ἐμοῦ,
2740 1280 2758 1311 ι
2808 1261 2902 1314 καὶ
2927 1259 2994 1312 τὰ
3034 1258 3160 1328 ἑξῆς
3185 1275 3198 1287 '
3229 1257 3318 1311 καὶ
3347 1258 3503 1321 οὐδεὶς
3535 1259 3642 1312 οὕτω

2134 1349 2325 1418 γένοιτ’
2374 1351 2438 1404 ἄν
2488 1353 2605 1404 ποτ’
2659 1351 2863 1422 ἠλίθιος
2901 1351 2974 1415 ὡς
3016 1350 3244 1419 ἄγγελον
3275 1348 3407 1403 αύτά
3447 1349 3642 1402 ὑπονοεῖν

2137 1439 2438 1512 εἰρηκέναι.
2472 1441 2581 1495 Καὶ
2622 1442 2711 1494 ὅτε
2753 1442 2882 1510 γοῦν
2931 1441 3067 1513 πρὸς
3097 1444 3163 1511 τῇ
3193 1439 3312 1511 δρυῒ
3351 1440 3645 1513 καθεζομένῳ

2134 1533 2210 1604 τῷ
2253 1533 2502 1607 Ἀϐραὰμ
2547 1537 2598 1588 οἱ
2645 1538 2794 1606 τρεῖς
2838 1535 3028 1606 ἀνδρες
3075 1534 3396 1604 ἐπέστησαν,
3444 1535 3643 1604 πρόσεισι

2137 1625 2234 1694 μὲν
2267 1627 2447 1690 αὐτοῖς
2471 1630 2498 1680 6
2536 1626 2805 1697 Ἀϐραάμ,
2854 1625 2968 1680 ἀλλ’
3021 1626 3080 1678 οὐ
3136 1628 3248 1689 τοῖς
3295 1624 3480 1696 τρισὶν,
3510 1627 3574 1677 ἑνὶ
3605 1626 3645 1678 δὲ

2138 1715 2297 1786 μόνον
2341 1717 2420 1780 :6,
2463 1737 2480 1766 ι
2530 1717 2722 1789 Κύριε,
2753 1719 2801 1770 εί
2846 1711 3002 1788 εὗρον
3049 1717 3204 1787 χάριν
3249 1715 3476 1768 ἐναντίον
3504 1732 3640 1769 σου.»

463 1821 663 1878 tantes,
686 1818 865 1886 'prout
904 1814 1078 1884 angeli
1119 1813 1348 1882 (scilicet
1394 1813 1593 1884 missi),
1620 1813 1904 1871 abeuntes.
1933 1811 2029 1865 soli

2138 1807 2246 1859 Καὶ
2274 1805 2381 1860 τῶν
2429 1807 2524 1878 μὲν
2561 1807 2733 1861 ἄλλων
2780 1807 2888 1860 οὐδ’
2922 1804 3000 1869 εἷς
3027 1807 3105 1876 τῷ
3146 1804 3394 1876 Ἀϐραὰμ
3419 1805 3645 1873 εἰσάγεται

462 1915 729 1960 venerunt
767 1906 822 1960 in
851 1905 1036 1960 urbem
1068 1904 1380 1969 Sodomam,
1402 1911 1456 1958 et
1488 1904 1746 1958 Dominus
1777 1919 1885 1958 non
1919 1902 2032 1973 jam

463 2012 589 2051 cum
640 1997 706 2051 iis
749 2011 988 2066 praesens
1033 2004 1166 2050 erat.
1204 1994 1343 2065 (Quo
1393 1995 1535 2048 enim
1579 1994 1742 2049 mode
1772 1993 1885 2049 ﬁeri
1940 2007 2036 2062 po-

464 2091 661 2146 tuisset
701 2100 1041 2144 mansuetum
1112 2087 1629 2158 misericordemque
1689 2087 1856 2143 Deum
1891 2086 2033 2156 apud

464 2183 662 2254 impios
704 2183 1090 2250 commorari?)
1137 2179 1234 2237 llic
1275 2197 1402 2236 vero
1443 2182 1498 2235 in
1530 2181 1942 2236 conversatione
1970 2195 2033 2234 ac

462 2277 735 2346 colloquio
765 2274 1001 2346 religiosi
1027 2274 1267 2344 justique
1295 2274 1398 2328 viri
1429 2289 1772 2343 permanens,
1805 2273 2034 2342 ejusque

461 2364 856 2421 mnsuetudine
873 2363 1089 2434 gaudet,
1113 2378 1174 2417 ac
1192 2364 1422 2433 benigne
1446 2363 1564 2433 ejus
1587 2362 2032 2416 bumanissimam

462 2455 909 2526 supplicationem
969 2454 1188 2522 accipit,
1222 2453 1277 2507 in
1310 2469 1417 2523 qua
1456 2469 1579 2507 cum
1616 2472 1634 2503 ‹
1668 2451 1770 2518 Qui
1820 2452 2034 2520 judicas

461 2561 674 2602 omnem
693 2555 914 2610 terram,
937 2561 1278 2616 nequaquam
1306 2545 1472 2600 facies
1497 2545 1762 2615 judicium
1785 2547 1889 2602 hoc
1919 2546 1982 2611 ’°,
2009 2565 2029 2597 ι

459 2635 803 2689 Abrahamus
835 2635 1062 2698 diceret,
1109 2635 1515 2692 evidentissime
1544 2637 2032 2708 ostenditseipsum

462 2724 682 2794 pulchre
710 2741 871 2781 nosse
898 2726 1042 2796 quod
1078 2732 1177 2781 nec
1211 2728 1421 2797 angelo,
1447 2742 1547 2782 nec
1580 2729 1744 2784 alicui
1777 2731 2035 2799 subjectre

459 2817 656 2871 divinae
685 2819 960 2887 potestati,
991 2817 1086 2872 sed
1116 2818 1219 2888 ipsi
1253 2819 1361 2873 Deo
1393 2820 1734 2890 loquebatur.
1766 2821 2031 2875 Caeterum

458 2911 608 2966 brevi
638 2927 872 2980 sequens
911 2927 1095 2966 rerum
1135 2913 1376 2966 narratio
1413 2914 1700 2983 perspicue
1727 2915 1946 2984 angelos
1979 2915 2031 2968 in

461 2999 752 3056 Sodomam
803 3003 1209 3072 proficiscentes
1249 2998 1621 3070 demonstrat,
1686 3006 2025 3076 subjiciens:

465 3115 485 3148 ι
522 3093 800 3150 Venerunt
829 3097 938 3151 duo
981 3096 1154 3166 angeli
1196 3097 1251 3152 in
1293 3095 1588 3151 Sodomam
1641 3114 1867 3168 vespere
1896 3102 1960 3154 ³¹.
2005 3120 2023 3152 ι

459 3185 663 3240 Deinde
701 3202 876 3256 neque
927 3187 1234 3250 Dominum.
1281 3185 1470 3259 neque'
1503 3187 1670 3244 Deum
1718 3190 1820 3246 Lot
1847 3195 2023 3248 visum
2053 3232 2092 3276 ε.

459 3283 554 3330 aut
612 3277 850 3331 locutum
897 3277 1088 3340 fuisse,
1133 3279 1227 3333 sed
1287 3280 1507 3349 angelos
1553 3281 1763 3336 scribit.
1813 3282 1888 3336 Ex
1941 3285 2023 3340 his

458 3364 626 3435 igitur
682 3366 942 3420 omnibus
992 3374 1238 3435 apertum
1294 3375 1381 3422 est
1453 3365 1740 3422 Dominum
1797 3385 1919 3424 esse
1961 3385 2025 3422 ac

457 3453 650 3519 Deum,
669 3472 777 3510 non
798 3473 926 3512 vero
953 3473 1278 3527 quemquam
1303 3459 1637 3528 angelorum,
1660 3477 1819 3530 quem
1857 3462 2025 3516 Abra-

456 3547 620 3603 hamo
649 3551 826 3603 visum
859 3550 1028 3606 fuisse
1065 3548 1349 3618 Scriptura
1380 3559 1634 3606 testatur.

2135 1897 2363 1966 ὁμιλῶν·
2393 1899 2516 1950 ἐπεὶ
2553 1899 2687 1969 μηδὲ
2717 1899 2837 1970 ᾕρει
2868 1898 3025 1968 λόγος
3055 1899 3179 1961 τοὺς
3232 1897 3440 1960 οἰκέτας
3470 1899 3548 1949 ἑπὶ
3575 1897 3644 1950 τοῦ

2136 1988 2340 2058 Κυρίου
2384 1988 2734 2058 φθέγγεσθαι,
2774 1988 2932 2059 μόνος
2965 1988 3020 2040 δὲ
3056 1988 3084 2039 6
3117 1985 3322 2056 Κύριος
3351 1986 3644 2056 χρηματίζει,

2133 2081 2192 2144 ὃς
2240 2083 2331 2134 καί
2367 2099 2548 2151 φησιν,
2586 2101 2604 2131 ι
2645 2081 2735 2152 Μὴ
2772 2081 2964 2154 κρύψω
3012 2081 3122 2144 ἐγὼ
3165 2083 3275 2135 ἀπὸ
3315 2081 3543 2153 Ἀϐραὰμ
3577 2081 3645 2133 τοῦ

2141 2175 2328 2238 παιδός
2366 2192 2490 2246 μου,
2533 2194 2550 2226 ι
2586 2176 2678 2228 καὶ
2709 2174 2777 2226 τά
2806 2175 2986 2229 λοιπά.
3032 2172 3162 2228 Εἶτα
3189 2177 3240 2227 οἱ
3274 2176 3368 2245 μὲν
3409 2175 3501 2229 ἄνα
3527 2174 3646 2243 (ἃμα)

2239 2267 2427 2337 Κυρίῳ
2461 2266 2673 2337 ἄνδρες,
2707 2266 2863 2337 δῆλον
2896 2267 2938 2319 δ’
2971 2268 3051 2320 ὅτι
3089 2271 3135 2320 oi
3165 2268 3404 2336 ἄγγελοι,
3433 2265 3648 2336 ἀποστρέ-

2137 2357 2357 2427 ψαντες,
2407 2356 2554 2427 μόνοι
2583 2357 2846 2428 κατῆλθον
2883 2359 2960 2419 είς
2987 2357 3218 2428 Σόδομα,
3250 2356 3343 2409 τοῦ
3385 2356 3565 2426 Κυρίου
3595 2354 3648 2424 μὴ

2141 2449 2517 2521 συμπαρόντος
2563 2451 2743 2514 αὐτοῖς
2763 2466 2774 2478 °
2825 2449 2963 2519 (πῶς
2996 2450 3103 2521 γάρ
3131 2451 3225 2503 καὶ
3267 2443 3376 2502 οἶόν
3402 2467 3456 2502 τε
3493 2445 3549 2520 ἦν
3583 2447 3648 2500 τον

2134 2541 2339 2611 εὐμενῆ
2374 2542 2466 2594 καὶ
2513 2540 2640 2593 ἵλεω
2669 2541 2800 2594 Θεὸν
2838 2544 2947 2603 τοῖς
2999 2541 3252 2594 ἀσεϐέσιν
3287 2539 3648 2609 ἑνεπιδημεῖν;)

2133 2635 2160 2684 6
2185 2632 2241 2684 δὲ
2268 2633 2540 2702 ἐπιμένων
2568 2636 2636 2703 τῇ
2667 2633 2802 2704 πρὸς
2828 2631 2918 2684 τὸν
2953 2633 3173 2703 θεοφιλῆ
3210 2635 3306 2686 καὶ
3341 2633 3530 2685 δίκαιον
3557 2647 3649 2682 συνο

2132 2724 2289 2796 ουσία
2321 2742 2378 2777 τε
2417 2725 2509 2779 καὶ
2537 2725 2807 2797 διατριϐῇ,
2839 2725 3015 2797 χαίρει
3059 2725 3158 2796 μὲν
3191 2725 3358 2778 αὑτοῦ
3398 2728 3460 2796 τῇ
3488 2722 3647 2795 ὁμιλίᾳ,

2133 2815 2560 2886 ὑπερασπίζεται
2604 2817 2659 2870 δὲ
2695 2819 2787 2872 καὶ
2830 2817 2927 2887 τὴν
2969 2817 3478 2891 φιλανθρωποτάτην
3507 2815 3646 2885 εὐχὴν,

2133 2906 2196 2974 (l'.
2230 2908 2282 2977 6)
2320 2910 2377 2960 ἐν
2495 2909 2588 2962 καὶ
2617 2909 2676 2962 :6
2721 2929 2738 2960 ι
2775 2909 3046 2989 Μηδαμῶς
3076 2913 3104 2964 6
3143 2913 3351 2983 κρίνων
3387 2914 3546 2965 πᾶσαν
3579 2909 3651 2978 τὴν

2131 3000 2254 3069 γῆν,
2293 3019 2310 3050 ³
2347 2999 2584 3070 εἰρηκὼς
2615 3003 2642 3053 ὁ
2683 3001 2930 3073 Ἀϐραάμ
2973 3003 3348 3074 ἐναργέστατα
3383 3003 3651 3072 παρίστησιν

2130 3091 2317 3144 ἑαυτὸν
2345 3089 2401 3146 εὖ
2434 3094 2525 3146 καὶ
2555 3093 2794 3164 ἀκριϐῶς
2826 3095 3040 3159 εἰδέναι,
3071 3096 3151 3148 ὅτι
3200 3096 3276 3167 μὴ
3311 3095 3530 3166 ἀγγέλῳ,
3561 3093 3650 3164 μηδ’

2131 3182 2503 3254 ὑποϐεϐηκυία
2555 3185 2672 3256 θεία
2723 3186 2967 3256 δυνάμει,
3024 3188 3135 3240 ἀλλ’
3181 3189 3333 3259 αύτῷ
3367 3189 3478 3257 Θεῷ
3517 3186 3651 3240 διαλέ-

2130 3294 2297 3346 γοιτο.
2324 3274 2436 3329 Εἶθ’
2461 3277 2586 3348 ἑξῆς
2622 3277 2862 3349 ἀκριϐῶς
2887 3278 2953 3331 τά
2977 3281 3282 3351 πράγματα
3311 3281 3518 3352 διαιρῶν
3542 3278 3654 3333 6-1.6—

2129 3386 2224 3438 γος
2267 3372 2392 3434 τοὺς
2425 3372 2517 3425 ἐπὶ
2569 3372 2778 3442 Σόδομα
2831 3373 3147 3437 ἀνελθόντας
3203 3375 3392 3442 σαφῶς
3438 3373 3653 3442 ἀγγέλους

2130 3464 2544 3535 προσαγορεύει,
2589 3465 2876 3533 ἐπιλέγων,
2921 3466 2999 3518 ὅτι
3044 3466 3106 3537 δὴ
3146 3485 3163 3516 ‹
3201 3462 3366 3535 ⁴ἦλθον
3403 3469 3447 3519 oi
3477 3465 3557 3518 δύο
3584 3465 3654 3530 ἆγ-

2127 3557 2273 3624 γελοι
2314 3559 2392 3620 είς
2423 3557 2629 3628 Σόδομα
2672 3557 2944 3628 ἑσπέρας·
2984 3577 3001 3608 ι
3049 3558 3141 3611 καὶ
3171 3561 3231 3612 ἐν
3276 3558 3386 3623 τοῖς
3427 3558 3540 3626 ἑξῆς
3562 3553 3652 3607 οὔτε

455 3639 657 3711 Κύριον
689 3640 811 3694 οὔτε
857 3641 988 3695 Θεὸν
1044 3643 1375 3714 ὀφθῆναιτῴ
1404 3643 1546 3703 Λὼτ,
1592 3645 1624 3715 ἢ
1671 3645 1778 3698 ’καὶ
1835 3646 2205 3717 λελαληκέναι,
2271 3649 2405 3703 ἀλλὰ
2442 3653 2566 3715 τοὺς
2609 3650 2870 3718 ἀγγέλους
2909 3651 3252 3722 ἀναγράφει·
3291 3651 3417 3704 ὥστ’
3458 3653 3515 3704 ἑκ
3551 3664 3653 3700 παν-

453 3731 544 3796 τὸς
587 3732 871 3805 πρόδηλον,
919 3735 1001 3786 ὅτι
1046 3733 1249 3808 Κύριος
1315 3732 1382 3806 ἦν
1426 3737 1520 3788 καὶ
1552 3736 1702 3803 Θεὸς,
1732 3737 1845 3790 ἀλλ’
1890 3737 1948 3792 οὗ
2016 3757 2100 3805 τις
2137 3743 2402 3811 ἀγγέλων,
2447 3744 2476 3795 6
2521 3742 2596 3814 τῷ
2633 3742 2881 3814 Ἀϐραάμ
2931 3736 3107 3812 ὦφθαι
3163 3743 3305 3814 πρὸς
3351 3746 3444 3814 τῆς
3479 3738 3653 3811 Γραφῆς

456 3839 634 3895 μαρτυ
643 3823 732 3895 ρού
741 3840 914 3895 μενος.

524 3914 726 3974 Omnes
761 3920 924 3990 igitur
942 3920 1151 3977 Veteris
1183 3937 1306 3976 cum
1334 3923 1484 3980 Novo
1514 3924 1862 3982 Testamento
1883 3942 2016 3980 cons

453 4007 698 4062 cordiam
731 4009 1006 4064 discutere
1033 4012 1296 4077 volentes,
1351 4014 1454 4069 hoc
1491 4031 1588 4085 pro
1614 4018 1768 4071 lucro
1799 4019 2018 4080 habent,

453 4097 583 4152 dum
638 4098 1011 4155 demonstrare
1066 4104 1382 4158 existimant
1429 4106 1596 4160 alium
1645 4124 1768 4164 esse
1816 4109 2020 4163 Christi

453 4186 691 4252 Patrem,
749 4205 909 4260 quem
972 4192 1356 4250 invisibilem"
1412 4200 1758 4268 evangelista
1817 4202 2015 4271 praedi-

453 4288 601 4346 cant,
636 4282 799 4336 alium
833 4281 998 4339 Mosis
1026 4292 1080 4339 et
1131 4287 1523 4358 prophetarum
1551 4289 1741 4356 Deum,
1795 4293 2009 4350 diverse

451 4375 654 4438 visum,
687 4391 832 4430 nunc
858 4375 1188 4442 Abrahamo,
1218 4395 1363 4434 nunc
1390 4379 1575 4436 lsaaco
1607 4384 1714 4450 (cui
1747 4391 1800 4437 et
1825 4383 2015 4439 eadem

453 4461 623 4518 ferme
647 4480 766 4534 quae
788 4463 1101 4520 Abrahamo
1125 4468 1390 4539 praadixit)
1408 4509 1422 4532 ,
1443 4469 1688 4526 similiter
1715 4482 1770 4526 et
1789 4470 2014 4537 Jacobo,

452 4571 665 4612 necnon
744 4556 894 4612 Isaiae
962 4559 1162 4614 dicenti
1220 4580 1232 4616 :

453 4638 618 4703 baoth
635 4649 702 4710 ⁸³,
745 4668 764 4700 ι
799 4651 1120 4721 casterisque
1159 4654 1474 4723 prophetis;
1522 4670 1621 4710 nos
1679 4671 1827 4722 vero,
1877 4659 2022 4724 (cum

2197 3923 2404 3984 Πάντες
2450 3921 2546 3992 μὲν
2590 3917 2682 3974 οῦν
2723 3923 2769 3974 οἱ
2802 3921 3108 3974 διακόπτειν
3157 3921 3436 3986 ἐθέλοντες
3472 3919 3555 3992 τὴν
3581 3917 3654 3988 τῆς

2129 4015 2368 4078 Παλαιᾶς
2405 4013 2540 4085 πρὸς
2566 4013 2662 4084 τὴν
2693 4013 2896 4084 Καινὴν
2930 4013 3204 4085 Διαθήκην
3240 4015 3545 4085 σύμπνοιαν,
3573 4011 3654 4064 ὦσ-

2127 4122 2232 4177 περ
2263 4107 2472 4176 ἑρμαίῳ
2509 4107 2616 4167 τοῖς
2645 4105 2830 4167 τόποις
2868 4105 3238 4167 ἐπιϐαίνοντες
3280 4105 3462 4174 σαφῶς
3487 4105 3543 4156 ὲκ
3565 4100 3653 4155 τού-

2126 4215 2234 4251 των
2282 4197 2607 4268 παριστάναι
2648 4195 2894 4249 δοκοῦσιν
2936 4196 3117 4267 ἑτέρον
3168 4197 3438 4270 ὑπάρχειν
3477 4194 3553 4248 τὶν
3583 4191 3651 4245 τοῦ

2126 4287 2358 4359 Χριστοῦ
2384 4289 2620 4359 Πατέρα,
2649 4287 2706 4340 ὂν
2730 4288 2821 4341 καὶ
2851 4287 3077 4356 ἀόρατον
3094 4289 3200 4342 ὑπὸ
3223 4291 3324 4360 τῆς
3345 4288 3653 4358 εὐαγγελικῆς

2127 4381 2306 4450 φωνῆς
2331 4379 2725 4450 ὁμολογεῖσθαι,
2745 4379 2895 4450 παρά
2913 4379 3001 4431 τὸν
3023 4381 3304 4445 Μωῡσέως
3332 4382 3424 4435 καὶ
3441 4381 3536 4434 τῶν
3550 4393 3652 4448 προ-

2128 4473 2308 4544 φητῶν
2335 4471 2466 4526 Θεὸν
2495 4472 2765 4544 διαφόρως
2793 4472 3044 4541 ὀφθέντα.
3063 4475 3180 4526 τοτὲ
3201 4475 3300 4546 μὲν
3327 4475 3402 4545 τῷ
3428 4471 3648 4544 Ἀϐραὰμ.

1297 4580 1316 4612 ι
1358 4561 1486 4616 Vidi
1565 4562 1852 4618 Dominum
1918 4563 2018 4618 Sa-

2134 4564 2242 4616 τοτὲ
2267 4563 2322 4615 δὲ
2352 4561 2428 4632 τῷ
2471 4563 2655 4615 Ἰσαὰκ
2689 4555 2765 4630 (ᾧ
2807 4563 2898 4614 καὶ
2930 4561 3076 4632 αύτῷ
3114 4564 3464 4635 χρηματίζων
3491 4561 3552 4614 τὰ
3575 4574 3650 4612 πα-

2128 4654 2396 4725 ραπλήσια
2425 4657 2532 4718 τοῖς
2551 4653 2640 4706 ἐπὶ
2665 4653 2756 4706 τοῦ
2799 4653 3047 4724 Ἃϐραάμ
3076 4649 3470 4725 προθεσπίζει),
3493 4651 3651 4720 ὁμοίως

451 4747 508 4796 et
536 4741 590 4795 in
622 4741 758 4811 ipsis
783 4743 1058 4799 veteribus
1087 4743 1178 4799 Dei
1195 4746 1472 4815 prophetis
1496 4746 1772 4800 inducitur
1805 4747 2022 4818 aliquod

2134 4747 2177 4799 Ξὲ
2232 4746 2326 4798 καὶ
2383 4743 2460 4815 τῷ
2506 4744 2731 4808 Ἰακὼϐ,
2770 4745 2906 4815 τάχα
2953 4745 3009 4798 δὲ
3067 4745 3159 4797 καὶ
3193 4746 3394 4817 Ἡσαΐᾳ
3441 4746 3648 4815 φήσαντι.

451 4833 696 4888 divinum
727 4835 1007 4888 oraculum
1066 4851 1097 4890 e
1154 4851 1386 4905 persona
1437 4836 1532 4892 Dei
1572 4838 1761 4892 dicens
1810 4855 1822 4890 :
1875 4838 2024 4908 «Ego

2134 4856 2145 4888 ι
2183 4832 2333 4890 Εἶδον
2361 4835 2452 4888 τὸν
2485 4836 2686 4906 Κύριον
2721 4835 2968 4902 Σαϐαὼθ,
3003 4857 3020 4889 ι
3060 4839 3290 4902 καὶτοῖς
3321 4839 3516 4900 λοιποῖς
3547 4851 3648 4905 προο

451 4925 596 4979 enim
651 4923 914 4980 Dominus
969 4931 1025 4979 et
1073 4941 1184 4979 non
1231 4927 1508 4995 mutor“;
1540 4948 1558 4980 ι
1594 4937 1681 4982 et:
1727 4926 2021 4998 «Nunquid

2134 4929 2320 5000 ρήταις
2361 4928 2772 5000 παραπλησίως·
2809 4930 2968 5000 ἡμεῖς
3010 4929 3066 4984 δὲ
3097 4932 3241 4999 (ἐπεὶ
3280 4931 3373 4986 καὶ
3415 4933 3469 4983 ἐν
3507 4928 3648 4988 αὐτοῖς

453 5032 565 5072 non
616 5017 818 5071 cmlum
867 5024 920 5070 et
975 5024 1178 5072 terram
1230 5034 1331 5090 ego
1381 5019 1602 5090 impleo,
1653 5021 1787 5077 dicit
1838 5021 2021 5075 Domi-

2134 5024 2231 5085 τοῖς
2277 5021 2442 5074 πάλαι
2471 5020 2565 5072 τοῦ
2603 5019 2736 5074 Θεοῦ
2779 5023 3083 5091 προφήταις
3127 5022 3426 5094 ἐμφέρεταέ
3457 5039 3503 5074 τι
3542 5020 3650 5072 θεῖον

452 5107 687 5170 11,118⁸⁸τ›
729 5106 863 5163 Mosi
897 5107 1061 5162 etiam
1094 5107 1261 5162 dicit:
1319 5129 1336 5160 ι
1358 5108 1472 5163 Non
1507 5111 1652 5164 enim
1697 5110 1900 5165 videbit
1932 5126 2018 5166 me

2134 5114 2296 5182 λόγιον
2325 5115 2388 5164 ἑκ
2416 5111 2719 5183 προσώπου,
2752 5112 2844 5165 τοῦ
2893 5112 3025 5165 Θεοῦ
3057 5113 3264 5182 φάσκον
3284 5132 3297 5144 ο
3359 5133 3376 5165 ι
3412 5112 3542 5166 Διότι
3570 5106 3651 5177 ἐγὼ

455 5199 615 5255 homo
629 5206 684 5256 et
705 5199 844 5256 vivet
859 5199 936 5268 ³⁶;
959 5199 1004 5270 ι)
1023 5199 1088 5254 ad
1105 5201 1390 5272 praedictos
1414 5201 1682 5268 homines,
1698 5203 1858 5258 simul
1875 5211 1929 5256 et
1949 5201 2015 5255 ad

2134 5201 2321 5274 Κύριος
2348 5203 2376 5254 6
2399 5202 2528 5264 Θεὸς
2546 5201 2698 5272 ὑμῶν
2727 5202 2819 5254 καὶ
2850 5202 2950 5254 οὐκ
2969 5201 3295 5274 ὴλλοέωμαι.
3319 5222 3338 5254 ι
3369 5203 3502 5270 Καί·
3521 5196 3650 5266 «Οὐχὶ

453 5285 694 5351 Judaeos,
721 5287 960 5342 nondum
986 5289 1278 5344 secundam
1307 5300 1501 5360 praeter
1529 5292 1824 5347 increatam
1857 5302 2016 5347 natu-

2134 5292 2204 5345 τὸν
2234 5289 2458 5362 οὐρανὸν
2490 5291 2584 5344 καὶ
2612 5291 2706 5361 τὴν
2731 5290 2833 5360 γῆν
2859 5289 2968 5358 ἑγὼ
2984 5292 3199 5364 πληρῶς
3237 5292 3383 5362 λέγει
3421 5292 3644 5363 Κύριος»

457 5392 570 5430 tam
596 5380 978 5448 praaexsistere
1011 5379 1348 5435 divinitatem
1389 5381 1511 5437 Filii
1545 5383 2016 5453 comprehenden-

2134 5385 2208 5436 ια).
2233 5382 2312 5454 τῷ
2337 5384 2558 5436 Μωῦσεῐ
2580 5383 2635 5435 δὲ
2655 5384 3005 5455 χρηματίζων
3034 5387 3193 5455 φησίν
3215 5402 3227 5412 ·
3255 5405 3274 5437 ι
3295 5387 3474 5447 Οὐδεὶς
3498 5372 3647 5449 ἀρεταί

454 5475 556 5530 tes,
577 5467 689 5523 haec
706 5471 957 5540 ambigua
979 5472 1429 5540 examinabimus,
1446 5488 1551 5544 qua
1570 5475 1778 5530 scilicet
1802 5475 2010 5531 ratione

2134 5493 2216 5528 ιου
2243 5475 2302 5528 τὸ
2329 5477 2634 5546 πρόσωπον,
2667 5477 2758 5528 καὶ
2779 5473 3019 5548 ζήσεται’
3043 5479 3176 5549 ›)ὡς
3203 5481 3343 5550 πρὸς
3370 5479 3488 5539 τοῦς
3504 5484 3646 5544 προει-

529 5601 723 5683 "Gcn.
764 5611 952 5683 σιω-2.
1030 5613 1220 5670 "Gen.
1259 5633 1349 5680 xv,
1383 5616 1433 5670 7.
1510 5618 1556 5650 ⁸⁷
1593 5615 1729 5673 Gen.
1760 5634 1894 5680 xm,
1935 5619 1986 5671 1.
2061 5619 2105 5650 ³⁸
2144 5618 2279 5673 Gen.
2316 5635 2479 5683 xvm,
2514 5621 2566 5674 5.
2645 5619 2689 5649 ²⁹
2728 5619 2856 5675 ibid.
2898 5620 2984 5673 l7.
3061 5621 3105 5652 ⁸ο
3146 5621 3254 5675 ibid
3314 5621 3400 5676 25.
3471 5612 3638 5683 "96'?-

453 5683 576 5729 xtx,
635 5675 683 5725 t.
791 5681 832 5711 ³³
872 5679 1031 5735 Joan.
1073 5699 1125 5749 ι,
1162 5687 1270 5752 l8;
1314 5675 1400 5752 vt,
1435 5686 1521 5740 46.
1635 5687 1680 5719 ³³
1719 5686 1825 5743 lsa.
1860 5675 1912 5742 vt
1942 5727 1955 5752 ,
1992 5689 2024 5743 5

454 5752 642 5801 xum,
676 5745 762 5800 ~20,

2156 5689 2200 5721 ³⁵
2241 5675 2476 5745 Μειεοιιί
2507 5706 2600 5752 ιιι,
2641 5688 2692 5742 6.
2786 5691 2840 5752 ,³⁵
2880 5689 2989 5744 Jcr.
3029 5707 3199 5755 χχιιι,
3237 5690 3327 5744 24.
3362 5675 3366 5676 ί
3429 5688 3469 5721 ³⁸
3504 5681 3637 5739 Exod.
