3868 6264
224 291 248 344 1
259 290 368 344 055

1251 287 1546 345 ECLOGJE
1582 286 2056 344 PliOPliliTlC/E.
2096 316 2164 325 —-
2201 287 2327 342 LIB.
2368 290 2410 342 Ι.

3333 295 3469 351 1051

225 404 496 475 ρημένους
527 404 662 474 ὁμοῦ
691 405 781 459 καὶ
812 407 933 468 τοὺς
960 406 1023 458 ὲκ
1053 409 1373 479 περιτομῆς,
1395 408 1472 460 ἔτι
1500 426 1559 460 τε
1584 410 1710 471 τοὺς
1730 408 1798 478 μὴ

1909 405 2005 474 qui
2053 404 2350 458 secundum
2392 405 2512 459 illas
2560 405 2876 476 prophetia:
2919 407 3274 464 immutabilis
3293 419 3346 465 et
3387 413 3472 465 in-

225 497 617 568 προσιεμένους
629 497 883 571 δευτέραν
902 497 1037 570 μετά
1047 499 1143 568 τὴν
1159 501 1416 571 ἀγένητον
1428 501 1586 570 φύσιν
1603 506 1803 575 προῦπ-

225 588 416 668 ἀρχειν
445 587 671 661 θεότητα
696 591 787 643 τοῦ
825 591 974 652 Υίοῦ,
1007 592 1176 645 ταῦτα
1213 595 1651 667 ἐπαπορήσομεν,
1686 596 1801 659 πῶς

222 684 254 734 ό
301 689 395 734 καὶ
438 679 645 752 (κατὰ)
692 681 894 744 ταύτας
926 681 1023 746 τὰς
1053 684 1387 754 προφητείας
1427 684 1799 748 ἀναλλοίωτος,

224 785 323 826 και
355 774 640 843 ἄτρεπτος,
667 775 760 826 καὶ
792 774 952 830 πάλιν
983 775 1073 828 τὸν
1094 776 1318 847 οὐρανὸν
1343 777 1433 830 καὶ
1461 777 1559 847 τὴν
1586 782 1688 849 γῆν
1717 778 1802 830 λέ-

224 884 337 939 γων
354 865 590 936 πληροῦν
625 867 785 936 μόνος
813 866 962 932 Θεὸς,
979 867 1163 936 σαφῶς
1186 885 1244 921 τε
1266 869 1360 921 καὶ
1387 873 1507 924 κατ’
1537 871 1694 925 αὑτὸν
1711 873 1802 925 τὸν

223 958 390 1029 νόμον
416 957 599 1027 σχεδὸν
615 958 841 1030 ἀόρατος
863 955 1002 1013 εἶναι
1027 960 1373 1034 δηλούμενος,
1397 962 1537 1017 κατὰ
1556 964 1638 1017 τό·
1659 984 1676 1016 ι
1699 968 1802 1018 Οὐ-

222 1049 337 1112 δεὶς
358 1049 546 1118 ὄψεταί
571 1067 671 1120 μου
707 1049 768 1102 τὸ
801 1050 1092 1121 πρόσωπον
1129 1053 1222 1107 καὶ
1251 1052 1528 1125 (ﬁcetum
1563 1055 1803 1110 ἀλλοιού-

225 1158 390 1210 μενος
437 1141 616 1206 πάλιν,
662 1145 755 1196 καὶ
795 1143 870 1208 ὡς
902 1144 1248 1216 περιτρέπων
1274 1145 1372 1218 τὴν
1405 1147 1564 1212 αὐτὸς
1607 1150 1799 1202 ἑαυτοῦ

222 1233 412 1286 οὐσίαν
451 1234 530 1296 είς
559 1233 659 1304 (ἐν)
692 1238 906 1306 μικροῖς
936 1253 1043 1289 τισι
1071 1237 1283 1310 μορίοις
1307 1241 1407 1309 τῆς
1431 1238 1534 1310 γῆς
1555 1241 1800 1310 χωρητὸς

223 1325 490 1393 ἐγίγνετο,
529 1326 623 1379 καὶ
657 1328 865 1398 ἑωρᾶτο
894 1328 1013 1381 τοτὲ
1045 1328 1144 1399 μὲν
1174 1329 1252 1400 τῷ
1293 1330 1560 1402 Ἁϐραάμ,
1591 1333 1711 1386 τοτὲ
1742 1333 1800 1386 δὲ

220 1420 338 1482 τοῖς
371 1418 548 1482 ἄλλοις
594 1421 938 1492 προφήταις;
987 1421 1156 1476 Ταυτὶ
1203 1422 1311 1494 γὰρ
1350 1425 1397 1476 εί
1437 1425 1530 1476 ἐπὶ
1568 1425 1657 1478 τὸν
1694 1425 1799 1479 τῶν

221 1511 362 1564 ὅλων
391 1511 712 1583 ἀναφέροιτο
732 1512 883 1576 Θεὸν,
921 1515 980 1566 οὐ
1009 1515 1168 1585 μόνον
1198 1517 1262 1587 τῇ
1295 1515 1618 1587 εύαγγελικῇ
1647 1521 1796 1589 φωνῇ

221 1604 371 1672 δόξαι
395 1604 460 1658 ἂν
487 1604 790 1674 διαφωνεῖν,
819 1605 954 1659 ἀλλά
980 1609 1074 1660 καὶ
1099 1611 1218 1673 ταῖς
1250 1612 1629 1681 προφητικαῖς,
1655 1609 1798 1680 ἀχώ-

224 1715 388 1771 ρητον
423 1699 514 1752 καί
543 1698 895 1754 ἀναλλοίωτον
922 1701 1082 1755 αὐτὸν
1113 1701 1207 1755 καὶ
1230 1702 1457 1773 ἀόρατον
1491 1703 1798 1773 ἀνθρώποις

1913 496 2189 561 ﬂexibilis,
2219 498 2425 568 quique
2457 513 2650 552 rursus
2680 499 2878 553 coelum
2914 507 2966 554 et
3013 508 3215 555 terram
3271 502 3474 560 dicitur

1911 589 2136 661 implere
2166 591 2316 644 solus
2341 588 2506 654 Deus,
2536 589 2820 647 manifeste
2863 591 3080 662 quidem
3099 603 3153 648 et
3175 595 3477 654 secundum

1910 682 2078 752 legem
2098 683 2351 736 cominus
2378 682 2666 737 invisibilis
2682 681 3112 750 demonstratur,
3135 686 3220 742 his
3247 689 3429 744 verbis
3457 705 3470 738 :

1906 773 2078 828 Nemo
2111 773 2304 828 faciem
2360 789 2536 828 meam
2579 774 2782 830 videbit
2837 781 2890 830 et
2924 776 3118 843 vivet,»
3167 794 3314 833 nunc
3340 795 3473 834 vero

1907 871 2150 919 mutatus
2211 871 2264 918 et
2330 863 2487 934 quasi
2556 865 2673 934 ipse
2715 879 2868 920 suam
2915 859 3188 921 inverten's
3219 869 3475 925 substan-

1911 957 2064 1020 tiam,
2119 956 2174 1010 in
2222 956 2548 1026 quibusdam
2583 957 2766 1027 parvis
2815 964 2972 1014 terra:
3005 961 3284 1030 particulis
3337 978 3464 1018 con-

1909 1050 2068 1103 tineri
2122 1058 2355 1120 poterat,
2413 1049 2697 1118 fueratque
2743 1052 2894 1106 visus
2942 1067 3087 1106 nunc
3143 1053 3472 1119 Abrahamo.

1906 1157 2054 1196 nunc
2095 1143 2216 1196 aliis
2244 1142 2562 1212 prophetis?
2606 1141 2735 1208 Qua!
2763 1144 2982 1214 quidem
3017 1145 3061 1199 si
3101 1146 3225 1215 quis
3251 1147 3318 1201 ad
3353 1150 3476 1203 uni-

1905 1250 2188 1290 versorum
2220 1233 2390 1288 Deum
2406 1233 2628 1300 referat,
2659 1251 2768 1290 non
2799 1242 3008 1290 tantum
3043 1235 3316 1308 Evangelii
3351 1253 3476 1293 ver-

1905 1327 1987 1381 bis
2036 1326 2283 1382 videatur
2339 1326 2642 1390 dissonare,
2702 1327 2797 1381 sed
2843 1335 2898 1381 et
2931 1327 3340 1397 prophetarum,
3375 1329 3478 1385 im-

1914 1433 2162 1474 mensum
2219 1418 2387 1482 hunc,
2437 1428 2490 1472 et
2541 1418 2957 1484 immutabilem,
2995 1433 3094 1472 nec
3160 1418 3475 1475 hominibus

1906 1510 2262 1581 conspicuum
2331 1509 2763 1580 praedicantium.
2824 1510 2879 1565 Si
2929 1524 3057 1566 vero
3107 1525 3215 1565 non
3295 1512 3473 1566 visum

1908 1600 2077 1656 fuisse
2111 1601 2235 1671 quis
2259 1601 2404 1656 dicat
2450 1602 2628 1672 ipsum
2671 1602 2837 1656 Deum
2881 1603 2948 1658 iis
3001 1603 3094 1672 qui
3134 1603 3470 1670 referuntur,

1902 1708 2106 1762 eosque
2170 1693 2546 1748 tantummodo
2614 1693 2958 1750 existimasse
3037 1711 3096 1750 se
3154 1695 3339 1752 videre
3422 1706 3477 1751 ct

219 1788 687 1860 ἀποφηναμέναιςο
725 1790 772 1842 εί
795 1791 868 1861 μὴ
901 1790 1008 1862 ἄρα
1039 1791 1176 1863 μηδὲ
1213 1791 1398 1861 ωφθαί
1428 1810 1510 1864 τις
1538 1793 1678 1846 εἴποι
1699 1795 1796 1846 a5-

1903 1785 2104 1846 audire,
2156 1783 2283 1838 dum
2334 1785 2512 1855 reipsa
2565 1785 2700 1840 nihil
2760 1802 2948 1841 eorum
2986 1803 3105 1858 quae
3134 1787 3317 1844 videre
3367 1804 3470 1858 pu-

218 1880 314 1933 τὸν
344 1880 434 1933 τὸν
464 1869 595 1933 Θεὸν
619 1883 730 1944 τοῖς
767 1882 1294 1954 ἀναγεγραμμένοις,
1337 1883 1709 1953 φαντασιῶσαι
1742 1885 1796 1938 δὲ

219 1973 419 2036 αὐτοὺς
455 1972 586 2026 αὐτὸ
621 1973 800 2043 μόνον,
833 1972 909 2036 ὡς
934 1974 1111 2027 δοκεῖν
1139 1975 1237 2046 μὲν
1259 1977 1390 2047 όρᾷν
1428 1977 1521 2032 καὶ
1553 1976 1793 2040 ἀκούειν,

219 2060 282 2111 οὐ
309 2058 415 2129 μὴν
432 2059 526 2116 καλ⁵
551 2059 766 2132 ἀληθῶς
778 2077 830 2114 τι
846 2061 953 2116 τῶν
981 2063 1352 2135 νομιζομένων
1373 2066 1654 2135 φαίνεσθαι
1673 2066 1799 2120 θεω-

223 2153 357 2221 ρεῖν,
385 2151 507 2204 οὐδὲ
538 2150 642 2223 μὴν
685 2152 902 2206 ἀκούειν
933 2155 1052 2208 κατ’
1092 2155 1370 2227 ἀλήθειαν,
1405 2157 1798 2230 ἀπατωμένους

218 2243 278 2295 δὲ
312 2243 406 2296 καὶ
435 2245 491 2296 ὲν
520 2244 729 2308 τούτοις
751 2244 991 2316 νομίζειν
1014 2289 1028 2312 ,
1056 2247 1148 2300 καὶ
1175 2247 1350 2300 δοκεῖν
1374 2248 1591 2302 ἀκούειν
1609 2291 1622 2314 ,
1660 2251 1798 2322 ὅπερ

218 2333 484 2388 ἀνοίκειόν
499 2353 557 2388 τε
581 2337 673 2389 καὶ
699 2335 974 2407 ἀλλότριον
997 2339 1228 2411 ὑπάρχει
1253 2343 1350 2410 τῆς
1373 2340 1433 2411 (f.
1461 2341 1514 2408 7)
1537 2342 1799 2410 ἀψευδοῦς

219 2422 314 2475 καὶ
344 2424 618 2488 ἀπλανοῦς
649 2425 744 2478 τοῦ
767 2425 874 2479 τῶν
901 2427 1036 2481 ὅλων
1065 2428 1198 2482 Θεοῦ
1236 2429 1451 2499 φύσεως
1471 2450 1482 2460 ·
1516 2432 1597 2486 ἔτι
1624 2433 1680 2486 δὲ
1705 2436 1798 2488 καὶ

217 2514 522 2570 ἀσύστατον
546 2517 605 2570 ὃν
632 2517 904 2573 δείκνυται
935 2522 998 2574 ἐκ
1028 2520 1122 2574 τοῦ
1149 2522 1326 2591 λέγειν
1346 2525 1671 2597 ἱστορεῖσθαι
1699 2529 1796 2581 αύ-

214 2608 311 2663 τὸν
336 2610 429 2664 τὸν
458 2611 590 2666 Θεὸν
629 2614 758 2685 περὶ
798 2612 892 2666 τοῦ
928 2614 1174 2687 Ἀϐραὰμ
1206 2616 1285 2670 τόο
1309 2635 1329 2669 ι
1365 2617 1548 2690 ᾜδειν
1582 2619 1690 2691 γὰρ
1717 2622 1798 2674 ὅτι

220 2702 474 2768 συντάξει
489 2707 601 2768 τοῖς
625 2707 761 2768 υἱοῖς
781 2705 945 2759 αὑτοῦ
961 2709 1051 2760 καὶ
1076 2707 1153 2776 τῷ
1173 2707 1306 2778 οῐκῳ
1327 2710 1490 2763 αὐτοῦ
1507 2712 1622 2782 μετ’
1638 2711 1798 2766 αὑτὸν
1831 2771 1833 2774 ς

215 2793 312 2845 καὶ
329 2793 652 2861 φυλάξουσιν
664 2793 762 2858 τὰς
771 2795 922 2858 ὁδοὺς
937 2796 1140 2867 Κυρίου
1156 2799 1327 2848 ποιεῖν
1339 2797 1682 2868 δικαιοσύνην
1707 2801 1798 2852 καὶ

218 2884 424 2952 κρίσιν,
443 2886 590 2949 ὅπως
611 2885 677 2939 ἂν
705 2886 960 2958 ἐπαγάγῃ
987 2888 1192 2959 Κύριος
1219 2889 1309 2942 ἐπὶ
1343 2889 1589 2961 ’Λόραάμ
1608 2891 1644 2946 ἃ
1673 2892 1798 2946 ἐλά-

217 2975 350 3047 λησε
408 2977 545 3048 πρὸς
578 2979 757 3033 αὐτόν.
803 2999 821 3031 ι
873 2980 1311 3052 Ἀναμφιλέκτως
1346 2981 1477 3051 γοῦν
1520 2983 1692 3038 ταῦτα
1724 2986 1798 3049 ὡς

219 3067 349 3139 περὶ
373 3069 558 3140 ἑτέρου
596 3071 799 3142 Κυρίου
835 3073 995 3138 αὐτὸς
1025 3077 1054 3128 ὀ
1087 3075 1285 3147 Κύριος
1319 3076 1651 3146 διαλέγεται·
1683 3078 1796 3142 πῶς

215 3159 312 3216 οὖν
350 3165 466 3217 ἐστι
506 3159 617 3217 οἷόν
653 3183 710 3219 τε
742 3167 831 3219 τὸν
862 3167 969 3221 τῶν
1005 3171 1142 3224 ὅλων
1175 3174 1420 3226 ὑπονοεῖν
1455 3172 1587 3226 Θεὸν
1625 3173 1792 3227 ταῦτα

217 3255 522 3324 εἰρηκέναι;
557 3256 692 3330 Περὶ
726 3258 877 3311 ποίου
899 3259 1006 3332 γὰρ
1039 3263 1224 3334 ἑτέρου
1261 3264 1388 3334 παρ’
1413 3264 1574 3318 αὑτὸν
1591 3265 1795 3336 Κυρίου

214 3347 440 3402 δύναται
473 3348 721 3417 λέγεσθαι
763 3351 830 3404 τά
862 3353 1186 3422 ὲγκείμενα;
1236 3355 1395 3408 Ἀλλά
1420 3358 1527 3428 γάρ
1555 3358 1700 3428 σαφῆ
1735 3361 1797 3411 ἐκ

219 3440 428 3495 τούτων
458 3442 538 3495 ὅτι
574 3443 708 3513 μηδὲ
740 3444 817 3514 τῷ
851 3445 958 3497 τῶν
998 3446 1133 3499 ὅλων
1162 3446 1282 3517 Θεῷ
1327 3450 1623 3520 προσήκειν
1655 3449 1797 3502 ἔοικε

205 3531 292 3584 -τά
323 3530 642 3603 δηλούμενα·
677 3534 938 3588 δέδεικται
955 3535 1010 3587 δὲ
1045 3537 1124 3588 ὅτι
1152 3537 1284 3608 μηδὲ
1317 3541 1381 3608 τῇ
1411 3536 1521 3590 τῶν
1553 3539 1798 3607 ἀγγέλων

215 3613 546 3690 φύσειδοῖδε
591 3625 742 3692 γοῦν,
778 3625 853 3690 ὼς
885 3627 1040 3696 ἔφην,
1077 3631 1105 3680 ό
1137 3628 1292 3698 λόγος
1315 3629 1675 3699 ἐπαληθεύειν
1705 3634 1798 3685 ἐπὶ

211 3721 288 3790 τῇ
325 3719 435 3773 τῶν
471 3719 716 3788 ἀγγέλων
746 3721 1055 3793 ἐπιφανείᾳ,
1095 3722 1280 3790 σαφῶς
1309 3725 1799 3796 ὲπισημαινόμενος

210 3811 321 3874 τὰς
343 3812 411 3864 δι’
443 3811 618 3866 αὐτῶν
644 3813 927 3877 ὀπτασίας.
959 3815 1021 3867 Ei
1049 3813 1111 3886 δὴ
1137 3811 1230 3868 οῦν
1253 3817 1377 3887 μήτ’
1407 3818 1670 3889 ἀγγελικῇ
1700 3820 1800 3888 φύ-

212 3916 308 3952 σει
344 3901 480 3971 μήτε.
499 3904 565 3972 τῇ
596 3903 856 3956 ἀνωτάτω
876 3904 968 3956 καὶ
997 3903 1244 3976 ἀγενήτῳ
1269 3905 1362 3958 τοῦ
1384 3906 1492 3958 τῶν
1511 3907 1646 3960 ὅλων
1661 3908 1797 3961 Θεοῦ

207 3989 395 4044 ταῦτα
429 3990 602 4045 ἔοικεν
632 3993 942 4064 ἁρμόττειν,
966 3993 1190 4048 λείποιτ’
1214 3995 1280 4049 ἂν
1309 3996 1514 4050 τούτων
1539 3998 1639 4068 μία
1662 3999 1796 4069 μόνη

209 4081 396 4147 λύσις,
424 4085 472 4136 εί
508 4083 568 4136 τὸ
601 4083 699 4154 μὲν
731 4082 1084 4138 ἀναλλοίωτον
1105 4087 1197 4139 καὶ
1219 4087 1484 4158 ἄτρεπτον
1517 4089 1610 4141 καὶ
1635 4090 1798 4160 atde

207 4193 315 4230 τον
342 4175 437 4229 ἐπὶ
462 4175 558 4248 τὴν
591 4176 849 4247 ἀγένητον
873 4176 1324 4250 διαφυλάττωμεν
1363 4181 1572 4243 οὐσίαν,
1602 4183 1724 4246 τοὺς
1754 4183 1797 4234 δ’

209 4257 744 4339 ἀναγεγραμμένους
777 4270 851 4332 ὼς
874 4271 937 4322 ἐκ
964 4268 1099 4323 Θεοῦ
1133 4274 1550 4343 χρηματισμοὺς
1587 4274 1680 4326 ἐπὶ
1709 4276 1798 4326 τὸν

211 4361 317 4416 τοῦ
359 4360 493 4414 Θεοῦ
525 4362 694 4429 Λόγον
729 4361 1260 4434 μεταλαμὸἁνοιμεν,
1293 4365 1354 4418 ὃν
1397 4366 1667 4438 διαφόρως
1707 4369 1798 4422 καὶ

1902 1875 2112 1937 tabam,
2158 1890 2286 1930 vere
2333 1875 2666 1952 aspicerent,
2697 1876 2834 1932 nihil
2877 1892 3006 1932 vere
3047 1879 3321 1944 audirent,
3371 1880 3473 1933 fal-

1902 1980 1962 2019 sa
2019 1965 2278 2035 opinione
2347 1966 2628 2044 deceptos,
2687 1966 2816 2022 dum
2876 1970 3067 2026 audire
3128 1971 3468 2037 viderentur.

1905 2057 2038 2127 quid
2083 2057 2469 2115 abhorrentius
2512 2060 2798 2131 magisque
2840 2063 3075 2117 alienum
3107 2064 3176 2117 ab
3225 2065 3468 2119 omnium

1900 2147 1996 2204 Dei
2018 2159 2236 2215 natura,
2259 2151 2528 2207 mendacii
2550 2165 2616 2206 ac
2644 2153 2850 2208 erroris
2873 2153 3165 2208 admodum
3198 2155 3426 2210 immuni
3450 2156 3472 2211 ἓ

1898 2237 2015 2293 Hoc
2044 2241 2209 2295 etiam
2239 2257 2305 2296 eo
2337 2243 2635 2299 absurdum
2687 2247 3116 2310 demonstratur,
3149 2248 3295 2317 quod
3331 2249 3470 2319 legi-

1899 2348 2024 2386 mus
2062 2333 2128 2388 de
2150 2334 2459 2390 Ahrahamo
2501 2335 2672 2391 Deum
2720 2340 2894 2407 ipsum
2934 2338 3192 2394 dicere“
3219 2339 3468 2396 Sciebam

1899 2424 2041 2479 enim
2075 2425 2218 2495 quod
2244 2437 2617 2498 praecepturus
2644 2430 2718 2485 sit
2743 2429 2872 2484 ﬁliis
2904 2432 3019 2486 suis
3049 2440 3104 2486 et
3145 2431 3333 2486 domui
3357 2448 3470 2488 suae

1900 2523 2024 2584 post
2051 2531 2109 2571 se
2140 2525 2200 2570 ut
2227 2517 2541 2573 custodiant
2587 2522 2728 2573 viam
2781 2519 2995 2574 Domini
3051 2529 3105 2575 et
3137 2520 3342 2576 faciant
3374 2521 3464 2594 iu-

1901 2606 2103 2661 dicium
2135 2615 2190 2662 et
2213 2607 2489 2679 justitiam
2519 2627 2534 2675 ;
2588 2617 2648 2664 ut
2687 2609 2926 2665 adducat
2952 2609 3216 2668 Dominus
3244 2619 3471 2683 prapter

1899 2697 2176 2753 Abraham
2214 2700 2397 2754 omnia
2421 2716 2542 2771 quae
2575 2702 2790 2757 loeutus
2821 2710 2905 2758 est
2932 2703 2998 2758 ad
3038 2718 3162 2760 eum
3187 2704 3287 2758 ³⁷.»
3332 2703 3468 2759 Pro-

1901 2791 1990 2846 cul
2020 2791 2188 2847 dubio
2235 2793 2350 2847 haec
2394 2796 2552 2862 quasi
2595 2794 2663 2849 de
2718 2795 2828 2851 alio
2877 2795 3108 2850 Domino
3135 2797 3253 2868 ipse
3285 2797 3472 2853 Domi-

1902 2899 2017 2940 nus
2050 2885 2346 2956 eloquitur.
2391 2885 2677 2952 Quomodo
2737 2888 2902 2958 igitur
2929 2888 3237 2944 existimari
3281 2871 3472 2961 potest

1903 2977 2148 3036 omnium
2200 2976 2368 3032 Deum
2424 2979 2538 3032 hate
2589 2978 2834 3034 dixisse?
2881 2979 2956 3034 De
3009 2995 3118 3052 quo
3166 2981 3312 3035 enim
3361 2982 3470 3036 alio

1905 3078 2104 3141 praeter
2145 3085 2270 3125 eum
2309 3069 2536 3128 Domino
2581 3072 2861 3142 przecitata
2893 3073 3062 3128 verba
3093 3073 3241 3129 dicta
3292 3073 3466 3131 fuisse

1901 3160 2170 3230 possunt?
2209 3159 2406 3216 Verum
2439 3160 2729 3217 manifeste
2763 3170 2916 3233 patet
2947 3179 3014 3218 ex
3055 3165 3124 3220 iis
3161 3165 3322 3220 verba
3357 3166 3471 3220 haec

1898 3252 2145 3306 omnium
2206 3251 2377 3308 Deum
2430 3269 2541 3307 non
2600 3253 2818 3310 decere.
2897 3253 3338 3312 Demonstratum
3386 3264 3472 3313 est

1909 3354 2090 3398 autem
2123 3358 2234 3398 non
2285 3346 2602 3416 angelorum
2655 3357 2864 3402 natura?
2908 3349 3224 3404 convenire.
3269 3349 3471 3419 Aperte

1903 3434 2073 3496 enim,
2104 3441 2164 3485 ut
2192 3433 2326 3498 dixi,
2358 3435 2426 3488 de
2452 3435 2769 3504 angelorum
2801 3437 3242 3493 manifestatione
3271 3453 3470 3494 narra-

1901 3527 1978 3580 t‘io
2011 3525 2311 3596 eloquitur,
2363 3543 2551 3582 eorum
2603 3529 3034 3599 apparitionibus
3089 3531 3325 3587 dilucide
3375 3533 3470 3586 de-

1900 3619 2141 3689 scriptis.
2195 3617 2252 3672 Si
2283 3621 2449 3690 igitur
2478 3636 2654 3690 neque
2686 3622 3026 3692 angelorum,
3081 3635 3259 3694 neque
3311 3625 3466 3679 altis-

1899 3714 2023 3767 simi
2054 3722 2106 3768 et
2135 3712 2363 3767 increati
2399 3713 2642 3766 omnium
2682 3712 2778 3769 Dei
2823 3722 3035 3770 naturae
3065 3715 3179 3770 haec
3212 3716 3469 3772 videntur

1900 3814 2292 3869 consentanea,
2329 3822 2437 3860 una
2467 3823 2658 3864 eorum
2699 3815 2950 3877 superest
2995 3809 3217 3872 solutio,
3253 3810 3298 3864 si
3344 3811 3469 3882 qui-

1900 3900 2024 3955 dem
2078 3900 2604 3963 immutabilitatem.
2659 3907 2713 3956 et
2761 3897 3236 3964 inﬂexibilitatem,
3279 3910 3335 3956 et
3383 3903 3469 3960 ih-

1899 3991 2273 4046 visibililatem
2353 3993 2607 4048 increataa
2701 4006 3043 4048 reservemus
3126 3993 3468 4057 substantiae,

1899 4088 2102 4140 relatas
2132 4100 2263 4139 vero
2295 4083 2386 4138 Dei
2420 4085 2890 4142 manifestaliones
2925 4085 3016 4140 Dei
3052 4085 3232 4141 Verbo
3262 4086 3472 4143 tribua-

1902 4195 2045 4241 mus,
2094 4181 2236 4249 quod
2302 4179 2572 4234 interdum
2617 4187 2669 4234 et
2714 4189 2837 4234 ante
2886 4180 3319 4235 incarnationem
3371 4197 3471 4251 pro

1902 4269 2186 4324 hominum
2218 4271 2396 4325 salute
2441 4270 2619 4325 visum
2647 4285 2790 4331 esse.
2829 4269 3216 4341 descriptaque
3268 4271 3323 4326 in
3381 4287 3471 4326 sa-

1901 4362 2012 4416 cris
2058 4359 2356 4433 Scripturis
2413 4361 2599 4416 munia
2643 4371 2961 4416 exsecutum
2995 4361 3352 4416 credidimus.
3394 4360 3471 4414 De

213 4455 334 4527 πρὸ
383 4457 481 4524 τῆς
530 4455 990 4526 ἐνανθρωπήσεως
1026 4458 1165 4529 ὑπὲρ
1204 4461 1303 4529 τῆς
1344 4458 1449 4512 τῶν
1496 4457 1798 4532 ἀνθρώπων

1905 4455 2010 4510 hoc
2058 4455 2200 4508 enim
2251 4455 2369 4509 solo
2413 4463 2535 4524 post
2564 4454 2806 4507 omnium
2842 4451 3013 4508 Deum
3055 4460 3468 4524 tetragramma-

214 4546 500 4617 σωτηρίας
519 4546 747 4617 ὀφθῆναί
773 4563 829 4598 τε
864 4548 958 4600 καὶ
995 4547 1092 4612 τὰς
1121 4549 1178 4599 ἐν
1208 4552 1326 4611 ταῖς
1351 4547 1522 4612 θείαις
1558 4549 1798 4620 Γραφαῖς

211 4637 604 4709 ἑμφερομένας
643 4636 950 4706 οἰκονομίας
993 4638 1271 4692 ἐκτελέσαι
1324 4639 1794 4711 πεπιστεύκαμεν⁸

212 4733 322 4786 ἐπὶ
351 4729 512 4800 μόνου
536 4729 593 4782 δὲ
626 4729 814 4782 τούτου
847 4730 985 4800 μετά
1015 4731 1104 4783 τὸν
1133 4731 1240 4784 τῶν
1273 4731 1408 4784 ὅλων
1427 4733 1556 4787 Θεὸν
1581 4734 1673 4787 καὶ
1701 4733 1797 4804 τὴν

208 4824 652 4896 τετράγραμμον
681 4825 1045 4898 προσηγορίαν
1088 4825 1346 4896 κειμένην
1390 4825 1654 4897 εὕρομεν,
1702 4828 1796 4880 ἃτε

209 4920 527 4986 Move-rever
547 4921 639 4972 xci.
673 4919 988 4990 κληρονόμῳ
1032 4917 1124 4972 τοῦ
1160 4919 1374 4989 Πατρὸς
1422 4919 1799 4991 ἁρμοττούσης

208 5012 324 5066 καὶ
360 5011 562 5082 ταύτης
601 5015 700 5084 τῆς
743 5011 928 5083 θεῖκῆς
972 5013 1230 5076 ἐπινοίας.
1272 5008 1346 5067 Εὖ
1395 5012 1526 5080 γοῦν
1570 5013 1724 5077 είδὼς
1773 5015 1801 5066 ό

224 5101 515 5173 Ἀϐραὰμ,
531 5103 626 5157 ἆτε
649 5103 810 5172 σοφὸς
831 5102 906 5156 ὢν
929 5104 1180 5175 καὶπρὸς
1206 5102 1372 5158 αὑτοῦ
1397 5103 1490 5156 τοῦ
1508 5103 1643 5158 Θεοῦ
1669 5122 1804 5175 προ-

209 5200 409 5265 φήτης
443 5191 582 5248 εἶναι
619 5195 1080 5268 μαρτυρούμενος,
1104 5196 1179 5259 ὼς
1228 5197 1308 5249 ὅτι
1337 5198 1516 5251 πᾶσαν
1541 5197 1639 5268 τὴν
1681 5197 1800 5269 κρί-

211 5307 315 5342 σιν
346 5287 546 5340 ἔδωκεν
579 5287 655 5358 τῷ
687 5287 828 5357 Υίῷ,
865 5290 1159 5358 προσκυνεῖ
1194 5305 1252 5340 τε
1276 5289 1469 5352 αὑτὸν,
1514 5290 1608 5342 καὶ
1655 5290 1800 5360 μόνῳ

208 5378 381 5432 παρὰ
408 5379 535 5442 τοὺς
557 5377 746 5441 ἄλλους
779 5379 941 5450 φησὶν
967 5379 1048 5430 τό⁹
1079 5398 1098 5430 ι
1114 5379 1391 5450 Μηδαμῶς
1417 5381 1446 5431 ὁ
1472 5381 1671 5452 κρίνων
1697 5384 1800 5435 πᾶ-

211 5487 332 5524 σαν
354 5473 454 5540 τήν
480 5469 583 5540 γῆν
610 5470 671 5522 οὐ
701 5471 951 5539 ποιήσεις,
981 5470 1181 5540 κρίσιν.
1214 5490 1232 5520 ι
1266 5470 1441 5540 Ὅπερ
1472 5469 1689 5540 ἀγγέλῳ
1712 5471 1801 5523 τὸν

209 5563 376 5615 θεῖον
404 5562 574 5632 Λόγον
605 5562 965 5632 ὑποὸεὸηκότι
995 5562 1243 5630 λέγεσθαι
1266 5563 1503 5633 νομίζειν
1540 5562 1801 5616 ἀνοίκειόν

1907 4556 2000 4602 tor.
2060 4546 2556 4602 denominatiunem
2612 4546 2944 4609 invenimus,
2995 4553 3055 4599 ut
3087 4543 3378 4617 Unigenito
3407 4555 3463 4600 et

1907 4639 2106 4696 haeredi
2139 4637 2317 4692 Patris
2347 4637 2582 4690 maxime
2624 4641 3070 4691 consentaneam.
3125 4633 3337 4705 Optime
3366 4635 3469 4706 igi—

1903 4737 1996 4783 tur
2031 4737 2257 4784 noverat
2284 4725 2628 4780 Abrahamus
2662 4742 2785 4796 quae
2827 4727 3064 4797 sapiens,
3105 4735 3159 4780 et
3205 4725 3467 4797 propheta

1906 4821 1972 4877 de
2019 4821 2210 4877 eodem
2261 4819 2372 4874 Deo
2429 4828 2660 4874 testatus
2709 4829 2818 4885 est,
2869 4835 3032 4874 omne
3083 4818 3293 4873 scilicet
3320 4817 3466 4888 quod

1900 4917 2171 4986 judicium
2215 4914 2363 4971 dedit
2413 4914 2553 4968 Filio
2613 4915 2797 4976 suo”,
2833 4913 3026 4968 adorat
3077 4928 3202 4968 eum
3254 4921 3310 4966 et
3365 4911 3465 4965 soli

1905 5017 2102 5080 prater
2143 5009 2280 5064 alios
2325 5008 2458 5064 dicit
2489 5027 2503 5061 :
2539 5026 2560 5060 ι
2584 5007 2690 5074 Qui
2725 5007 2942 5077 judicas
2995 5021 3207 5061 omnem
3241 5013 3467 5067 terram,

1903 5117 2248 5173 nequaquam
2287 5101 2458 5158 facies
2496 5101 2766 5170 judicium
2799 5100 2960 5155 hoc”
2986 5119 3034 5166 ;›
3072 5097 3219 5170 quod
3246 5096 3466 5166 quidem

1903 5196 1968 5249 ad
1994 5195 2243 5266 angelum
2277 5194 2464 5249 divino
2496 5191 2679 5249 Verbo
2725 5191 3033 5262 subjectum
3088 5190 3296 5244 dictum
3344 5182 3468 5242 esse

1902 5288 2114 5356 opinari
2143 5286 2367 5342 minime
2393 5287 2602 5354 justum
2630 5293 2726 5339 aut
2756 5283 3084 5347 verisimile;
3110 5282 3275 5337 unius
3321 5281 3467 5336 enim

1903 5379 2070 5432 divini
2127 5377 2293 5432 Verbi
2347 5377 2583 5431 maxime
2639 5375 2920 5447 proprium
2955 5382 3092 5437 erat,
3139 5373 3281 5427 inter
3338 5369 3468 5438 alia,

1905 5468 2019 5522 haec
2049 5468 2269 5524 dicere:
2324 5466 2504 5521 «Num
2538 5467 2716 5521 celare
2767 5474 2954 5536 potero
2984 5463 3258 5518 Abraham
3297 5461 3468 5516 filium

1904 5576 2084 5616 meum
2127 5576 2249 5631 qua:
2293 5568 2548 5632 gesturus
2578 5573 2698 5616 sum
2712 5558 2798 5612 “‘3
2825 5577 2843 5610 ι
2901 5564 3063 5627 atque
3092 5555 3257 5626 illud:
3299 5573 3318 5606 ι
3340 5552 3470 5608 Scio

256 5741 311 5774 ³⁷
352 5739 489 5798 Gen.
523 5756 693 5804 xvm,
729 5741 814 5795 i9.
890 5740 934 5774 ⁸³
969 5739 1126 5795 Joan.
1164 5759 1214 5807 ν,
1249 5741 1336 5796 2-2.
1415 5742 1458 5774 ³³
1499 5739 1633 5794 Gen.
1668 5753 1798 5793 xvm

1904 5737 1958 5794 5.
2032 5737 2078 5773 ⁸⁸
2115 5737 2243 5794 ibid.
2284 5738 2366 5793 i7.

514 5837 784 5898 ΡΔτιιοι.
815 5838 932 5900 Gn.
963 5836 1164 5898 XXII.

3144 5834 3223 5890 33
