3868 6264
437 340 578 398 1035

1174 327 1441 384 EUSEBII
1481 325 1959 384 CESARIENSIS
1993 323 2142 383 OPP.
2185 324 2370 381 PARS
2406 324 2980 384 Ill.—EXEGETICA.

3544 333 3682 387 1056

436 461 582 515 enim
629 455 770 528 quod
829 459 1198 524 pracepturus
1230 448 1302 504 sit
1347 447 1473 503 ﬁliis
1519 447 1656 510 suis,
1709 454 1763 501 et
1810 447 1994 500 domui

2102 462 2162 498 τε
2191 447 2282 499 καὶ
2312 443 2744 510 ἀπιθανώτατον,
2780 446 2924 518 μόνῳ
2946 446 3002 499 δὲ
3032 445 3108 518 τῷ
3135 447 3264 520 θείῳ
3293 448 3452 520 Λόγῳ
3475 451 3682 504 οἰκειό-

439 567 551 607 suae
580 556 703 620 post
728 561 807 611 se,
844 552 903 598 ιιι
933 541 1248 598 custodiant
1281 541 1424 594 viam
1454 538 1690 603 Domini,
1719 547 1772 592 et
1801 537 2002 594 faciant

433 641 700 712 judicium
755 645 810 690 et
853 635 1157 705 justitiam:
1213 640 1272 686 ut
1307 632 1542 687 adducat
1580 631 1842 687 Dominus
1871 646 1998 700 pro-

437 745 556 803 pter
585 729 858 786 Abraham
891 743 1011 798 quae
1037 727 1252 782 locutus
1280 733 1364 780 est
1393 725 1461 779 ad
1491 723 1695 779 eum“.
1723 742 1742 775 ι
1791 722 2002 794 Quippe

436 828 614 892 ipsum
650 823 764 876 haec
793 821 1022 876 decebat
1052 819 1257 884 dicere,
1293 817 1581 872 docentem
1622 815 1772 885 quod
1813 815 1998 870 omnia

434 919 502 970 ab
549 913 860 970 hominibus
897 912 1150 982 religiose
1199 910 1341 964 facta
1398 908 1465 963 ad
1519 909 1691 962 solam
1738 907 1792 961 in
1831 905 1998 961 Deum

433 1008 757 1077 Patremque
806 1005 1047 1060 omnium
1079 1003 1283 1059 referre
1309 1003 1517 1072 justum
1565 1007 1682 1055 erat
1719 1001 1996 1071 pietatem,

435 1115 530 1170 per
587 1113 746 1168 quem
796 1097 851 1150 in
896 1104 1042 1151 terra
1085 1100 1513 1148 commorantem
1558 1089 1821 1161 quidquid
1871 1089 1999 1143 boni

434 1192 539 1260 piis
595 1192 649 1246 in
710 1191 998 1244 utilitatem
1037 1195 1200 1257 atque
1234 1186 1466 1240 salutem
1533 1182 1794 1254 procedit.
1873 1179 2000 1235 Haec

435 1291 616 1338 autem
648 1280 894 1335 divinum
935 1279 1176 1350 loquitur
1204 1275 1442 1332 Verbum
1470 1276 1619 1330 velut
1645 1274 1712 1329 de
1749 1273 1855 1327 alio
1884 1270 1998 1326 Do-

437 1374 602 1436 mino,
638 1372 809 1440 ipsius
851 1370 1058 1424 scilicet
1090 1367 1249 1422 Patre
1281 1367 1534 1422 edocens.
1585 1363 1756 1430 Quem
1792 1369 1846 1417 et
1883 1361 2000 1416 sui-

435 1471 545 1517 mct
572 1462 860 1517 Dominum
897 1461 1059 1517 simul
1091 1468 1146 1514 et
1174 1459 1342 1513 Deum
1375 1457 1664 1526 discipulis
1716 1455 1834 1512 suis
1865 1469 1998 1509 con-

433 1559 636 1620 titetur,
675 1554 903 1609 dicens:
955 1551 1248 1607 «Ascendo
1309 1549 1376 1604 ad
1427 1548 1645 1604 Patrem
1691 1563 1896 1611 meum,
1944 1554 1998 1602 et

431 1647 646 1702 Patrem
662 1655 924 1712 vestrum,
947 1643 1118 1699 Deum
1142 1656 1342 1702 meum.
1361 1651 1414 1696 et
1431 1640 1598 1696 Deum
1617 1649 1860 1695 vestrum
1879 1639 1945 1690 ι’.
1973 1658 1990 1690 ι

429 1735 596 1790 Plena
625 1745 707 1792 est
734 1745 914 1790 autem
945 1735 1052 1801 lex,
1085 1734 1372 1803 omnisque
1421 1731 1713 1803 Scriptura
1764 1731 1996 1802 hujusce

2107 553 2266 589 τατον
2306 536 2371 590 ἂν
2392 535 2475 606 εἴη
2510 536 2648 607 μετὰ
2675 536 2784 589 τῶν
2816 537 2990 591 ἄλλων
3025 538 3247 607 φάσκειν
3279 541 3375 594 καὶ
3401 543 3466 594 τό
3485 559 3500 573 ο
3543 560 3562 592 ι
3591 543 3682 613 Μὴ

2108 628 2300 699 κρύψω
2321 627 2429 697 ἐγὼ
2454 628 2560 681 ἀπὸ
2587 627 2836 700 Ἀϐραὰμ
2859 628 2954 682 τοῦ
2985 629 3168 694 παιδός
3189 648 3291 701 μου
3311 629 3469 699 ἂὲγὼ
3487 633 3646 694 noui);
3661 653 3678 683 ι

2107 722 2201 776 καὶ
2261 722 2322 774 τό
2349 737 2362 750 ’
2398 740 2416 773 ι
2457 721 2641 793 ’ῌδειν
2685 721 2794 794 γὰρ
2823 722 2905 774 ὃτι
2935 722 3179 789 συντάξει
3203 725 3316 787 τοῖς
3351 725 3486 787 υἱοῖς
3518 724 3683 777 αὐτοῦ

2107 814 2199 867 καὶ
2245 813 2324 885 τῷ
2365 814 2496 884 οἴκῳ
2541 813 2705 866 αὑτοῦ
2752 813 2867 885 μετ’
2899 813 3081 878 αὑτὸν,
3128 815 3219 867 καὶ
3259 813 3554 884 φυλάξουσι
3586 815 3685 877 τὰς

2105 905 2258 968 ὁδοὺς
2284 905 2489 976 Κυρίου
2517 907 2690 957 ποιεῖν
2718 904 3058 974 δικαιοσύνην
3083 906 3172 959 καὶ
3198 906 3400 978 κρίσιν,
3437 907 3586 968 ὅπως
3618 905 3681 957 ἂν

2107 996 2358 1068 ἐπαγάγῃ
2385 997 2586 1069 Κύριος
2613 997 2705 1049 ἐπὶ
2732 996 2982 1068 Ἀϐραὰμ
3001 997 3036 1050 ἃ
3061 997 3286 1068 ὲλάλησε
3313 998 3451 1068 πρὸς
3463 997 3645 1051 αὐτόν.
3661 1016 3678 1047 ι

2111 1092 2216 1146 Kal
2249 1092 2447 1164 πρέπει
2474 1110 2538 1162 γε
2571 1091 2717 1164 αὐτῷ
2739 1091 2911 1146 ταῦτα
2948 1093 3125 1162 λέγειν
3158 1093 3483 1156 παιδεύοντι,
3509 1093 3591 1144 ὅτι
3620 1092 3684 1162 δὴ

2106 1187 2282 1240 πάντα
2302 1185 2372 1238 τὰ
2396 1185 2454 1251 ἐξ
2481 1185 2781 1257 ἀνθρώπων
2808 1187 2968 1250 ὁσίως
2991 1185 3239 1258 δρώμενα
3267 1188 3346 1248 είς
3384 1186 3552 1256 μόνην
3585 1185 3686 1254 τὴν

2103 1275 2196 1330 τοῦ
2229 1275 2363 1330 Θεοῦ
2393 1277 2486 1330 καὶ
2511 1277 2722 1349 Πατρὸς
2743 1277 2849 1331 τῶν
2875 1278 3010 1331 ὅλων
3035 1276 3323 1348 ἀναφέρειν
3341 1276 3498 1347 θέμις
3521 1275 3686 1328 εὗσέ-

2106 1370 2278 1434 6ειαν,
2313 1372 2441 1441 παρ’
2485 1363 2545 1424 οὗ
2575 1371 2667 1422 ἐπὶ
2699 1370 2802 1440 γῆς
2821 1369 2970 1431 ὄντος
2993 1367 3102 1421 τῶν
3131 1366 3350 1436 ἀγαθῶν
3381 1367 3451 1420 τὰ
3499 1368 3688 1420 πάντα

2102 1461 2215 1522 τοῖς
2237 1459 2511 1513 εὐσεϐέσιν
2535 1461 2614 1523 είς
2635 1459 2898 1528 ὠφέλειάν
2914 1476 2974 1511 τε
3009 1459 3102 1512 καὶ
3125 1458 3394 1530 σωτηρίαν
3423 1460 3686 1528 χορηγεῖ·

2102 1567 2190 1602 ται
2216 1567 2229 1580 ο
2262 1549 2436 1603 ταῦτα
2454 1550 2511 1603 δὲ
2529 1552 2557 1604 6
2592 1550 2732 1614 θεῖός
2762 1568 2894 1623 φησι
2916 1551 3084 1618 Λόγος
3103 1550 3178 1614 ὠς
3196 1551 3323 1620 περὶ
3344 1550 3528 1617 ἑτέρου
3564 1551 3688 1602 Κυ-

2105 1641 2220 1712 ρίου
2254 1640 2346 1694 τοῦ
2386 1641 2578 1695 ἑαυτοῦ
2613 1641 2824 1714 Πατρός
2846 1640 3132 1694 διδάσκων·
3162 1641 3255 1694 καὶ
3281 1640 3387 1713 γὰρ
3415 1641 3507 1692 καὶ
3555 1642 3689 1693 ἐαυ-

2101 1733 2195 1786 τοῦ
2230 1731 2432 1804 Κύριόν
2474 1749 2535 1785 τε
2568 1733 2661 1786 καὶ
2703 1732 2834 1786 Θεὸν
2871 1732 3032 1786 αὑτὸν
3073 1732 3321 1802 ὁμολογεῖ
3357 1732 3490 1803 πρὸς
3554 1734 3690 1796 τοὺς

432 1827 645 1882 Domini
678 1845 696 1878 ι
724 1826 1112 1890 οιιιιῖδοιετίερ
1150 1824 1392 1886 scilicet.
1417 1823 1587 1877 divini
1618 1822 1799 1890 Verbi,
1827 1823 1989 1890 quasi

2101 1824 2259 1887 ἰδίους
2299 1823 2567 1894 μαθητὰς,
2592 1843 2610 1875 ‹
2633 1824 2975 1896 Ἀνέρχομαι,
3007 1824 3247 1893 φάσκων,
3287 1825 3418 1897 πρὸς
3442 1825 3533 1879 τὸν
3567 1827 3689 1879 Πα-

431 1922 499 1976 de
536 1919 903 1976 alioDomino
925 1919 1223 1989 loquentis,
1247 1918 1340 1988 qui
1371 1916 1532 1972 Pater
1559 1915 1679 1987 ejus
1710 1914 1994 1970 manifeste

2103 1917 2234 1988 τέρα
2254 1933 2354 1987 μου
2393 1917 2485 1969 καὶ
2521 1915 2741 1987 Πατέρα
2769 1914 2942 1986 ὑμῶν,
2977 1917 3072 1969 καὶ
3099 1916 3229 1969 Θεόν
3263 1933 3362 1988 μου
3399 1919 3493 1971 καὶ
3522 1917 3674 1970 Θεὸν

429 2021 533 2069 cst.
563 2012 695 2080 Quae
725 2012 944 2084 quidem
980 2027 1105 2066 cum
1133 2012 1302 2065 multa
1329 2016 1384 2064 et
1425 2009 1858 2080 profundissima
1889 2008 1994 2065 sint

2105 2011 2276 2080 ὑμῶν.
2313 2029 2331 2062 ι
2365 2011 2727 2081 Πεπλήρωται
2750 2009 2796 2062 δ’
2828 2011 2856 2064 ὅ
2887 2026 2944 2062 τε
2977 2009 3138 2080 νόμος
3168 2011 3261 2064 καὶ
3297 2011 3443 2065 πᾶσα
3476 2012 3686 2084 Γραφὴ

429 2106 782 2162 meditatione
839 2105 1024 2176 digna,
1072 2104 1140 2159 ad
1185 2118 1425 2175 praesens
1473 2103 1812 2174 propositum
1862 2102 1994 2158 satis

2105 2104 2198 2157 τοῦ
2241 2104 2444 2158 τοιοῦδε
2486 2105 2830 2176 χαρακτῆρος
2857 2104 2950 2158 τοῦ
2984 2103 3210 2176 Κυρίου,
3236 2104 3376 2156 τοῦτ’
3399 2104 3547 2157 ἐστιν
3591 2104 3691 2156 τοῦ

429 2213 553 2254 esse
579 2198 793 2267 opinor.

2107 2194 2250 2248 θείου
2285 2195 2477 2263 Λόγου,
2523 2196 2599 2258 ὼς
2639 2195 2766 2266 περὶ
2801 2195 2985 2266 ἑτέρου
3026 2194 3227 2267 Κυρίου
3268 2194 3688 2265 διαλεγομένου,

431 2294 492 2365 (f.
525 2293 580 2366 8)
606 2293 763 2364 δῆλον
786 2293 832 2346 δ’
861 2292 943 2346 ὅτι
963 2290 1056 2343 τοῦ
1086 2289 1318 2362 Πατρός.
1343 2289 1549 2360 Πολλῆς
1577 2290 1633 2342 δὲ
1653 2288 1748 2342 καὶ
1767 2287 2070 2359 βαθυτάτης
2095 2289 2362 2362 δεομένων
2393 2290 2621 2362 θεωρίας
2684 2289 2790 2342 τῶν
2813 2289 2951 2343 κατὰ
3012 2290 3103 2342 τὸν
3159 2289 3339 2356 τόπον,
3370 2288 3526 2341 ἱκανά
3593 2297 3691 2346 καὶ

426 2385 600 2439 ταῦτα
633 2384 768 2455 πρὸς
793 2383 889 2456 τὴν
921 2381 1198 2453 παροῦσαν
1234 2380 1509 2434 ὑπόθεσιν.

1029 2493 1257 2551 CAPUT
1314 2494 1404 2551 ιν.

506 2614 523 2647 ι
555 2594 621 2648 Et
652 2593 788 2664 fugit
842 2593 986 2664 Agar
1019 2607 1050 2645 a
1088 2590 1226 2646 facie
1275 2591 1394 2660 ejus
1421 2591 1488 2656 “,
1527 2609 1546 2643 ι
1583 2589 1739 2645 Sarai
1772 2589 2001 2652 scilicet,

427 2694 488 2740 ut
519 2683 867 2740 manifestum
919 2691 1024 2748 est,
1072 2699 1091 2733 ι
1129 2696 1365 2750 cumque
1395 2680 1696 2736 invenisset
1755 2693 1873 2734 eam
1904 2693 2004 2733 an-

426 2779 578 2846 gelu:
627 2775 838 2830 Domini
885 2774 1042 2844 juxta
1099 2775 1302 2829 fontem
1352 2787 1506 2841 aquae
1529 2772 1595 2825 “.
1635 2793 1652 2823 ι
1691 2769 2001 2826 Secundum

405 2869 657 2937 legimus
691 2869 746 2921 in
771 2868 838 2922 iis
864 2882 984 2936 quas
1014 2873 1353 2936 sequuntur:
1391 2881 1410 2915 ι
1434 2863 1580 2917 Dixit
1607 2863 1672 2916 ad
1725 2863 1873 2916 illam
1906 2877 2002 2915 an-

2631 2491 3022 2544 ΚΕΦΑΛΛΙΟΝ
3076 2490 3147 2544 A'.

2183 2602 2200 2634 ι
2243 2585 2352 2636 Καὶ
2374 2583 2582 2655 ἀπέδρα
2610 2584 2787 2655 Ἀγαρ
2814 2585 2922 2637 ἀπὸ
2945 2581 3231 2655 προσώπου
3256 2584 3440 2655 αὐτῆς,
3473 2602 3492 2636 ι
3517 2584 3691 2655 δῆλον

2104 2674 2184 2726 ὅτι
2217 2675 2316 2745 τῆς
2345 2674 2588 2747 Σάρρας⁹
2637 2694 2654 2726 ι
2679 2667 2806 2748 εὗρε
2837 2675 2893 2728 δὲ
2914 2675 3082 2748 αὐτὴν
3105 2675 3328 2746 ἄγγελος
3349 2676 3562 2748 Κυρίου
3599 2676 3693 2728 ἐπὶ

2105 2766 2202 2836 τῆς
2236 2767 2419 2838 πηγῆς
2463 2766 2559 2820 τοῦ
2595 2766 2816 2830 ὓδατος·
2855 2786 2874 2818 ι
2919 2768 3012 2821 καὶ
3043 2769 3099 2822 ὲν
3132 2772 3243 2832 τοῖς
3277 2767 3399 2838 ὲξῆς
3425 2767 3693 2841 δεύτερον

2104 2855 2341 2928 εἴρηται·
2377 2877 2396 2910 ι
2420 2854 2586 2912 Εἶπεν
2642 2859 2700 2912 δὲ
2728 2859 2864 2931 αὐτῇ
2904 2861 2933 2913 6
2975 2861 3200 2930 ἄγγελος
3245 2862 3469 2932 Κυρίου⁶
3499 2879 3519 2913 ι
3592 2863 3694 2914 καὶ

407 2961 582 3029 .gelus
610 2958 832 3012 Domini
863 2957 912 2989 “
938 2977 954 3024 ;
995 2975 1013 3008 ι
1044 2965 1098 3012 et
1155 2957 1375 3012 tertium
1405 2973 1419 3010 :
1457 2973 1476 3006 ι
1504 2953 1650 3008 Dixit
1691 2955 1742 3009 ei
1773 2953 1994 3024 angelus

2101 2952 2284 3026 τρίτον
2310 2952 2386 3005 δέ·
2417 2972 2435 3004 ι
2454 2947 2620 3006 Εἶπεν
2653 2951 2787 3023 αὐτῇ
2813 2952 2842 3004 6
2875 2951 3100 3021 ἄγγελος
3121 2943 3345 3024 Κυρίου*
3376 2952 3689 3024 [[ληθύνων

409 3051 685 3106 ιλῡοωίηἰι
718 3049 1084 3120 Multiplicans
1161 3046 1536 3117 multiplicabo
1574 3061 1759 3101 semen
1817 3053 1994 3110 tuum,

404 3153 480 3198 ι-ει
511 3157 619 3198 non
647 3142 1023 3196 numerabitur
1069 3155 1187 3212 pm
1215 3137 1564 3195 multitudine
1586 3138 1652 3194 “.
1699 3157 1717 3190 ι
1771 3136 1836 3191 Ει
1868 3153 1997 3192 rur-

413 3245 552 3286 sum
582 3245 597 3282 :
629 3249 647 3282 ι
683 3229 827 3284 Dixit
852 3229 901 3285 ei
934 3229 1159 3300 angelus
1217 3227 1433 3283 Domini
1464 3243 1478 3279 :
1507 3227 1645 3283 Ecce
1697 3227 1995 3297 concepisti

409 3332 480 3374 «ει
508 3321 684 3390 paries
715 3319 884 3373 ﬁlium
919 3333 932 3370 :
965 3319 1294 3386 vocabisque
1319 3333 1514 3372 nomen
1535 3316 1654 3387 ejus
1685 3315 1896 3380 lsmael,
1931 3331 1997 3371 eo

419 3409 574 3479 quod
617 3407 850 3463 audierit
909 3406 1172 3462 Dominus
1237 3406 1585 3461 aﬂlictionem
1606 3414 1755 3460 tuam
1779 3407 1845 3460 δ’.
1877 3425 1895 3458 ι
1932 3405 1998 3460 Et

411 3515 677 3564 sermone
717 3499 967 3555 absoluto
1005 3499 1244 3554 dicitur:
1283 3518 1301 3549 ι
1333 3497 1555 3554 Vocavit
1593 3509 1774 3553 autem
1798 3514 1996 3555 nomen

417 3591 666 3656 Domini,
701 3590 796 3661 qui
833 3590 1156 3660 loquebatur
1206 3589 1271 3644 ad
1310 3604 1468 3645 eam:
1496 3589 1578 3644 Tu
1608 3588 1752 3645 Deus
1790 3589 1883 3660 qui
1922 3590 1999 3644 vi-

427 3682 553 3738 disti
595 3697 680 3737 me
709 3682 775 3735 ⁸⁸.
808 3701 826 3733 ι
870 3680 1098 3736 Etiamsi
1157 3695 1260 3736 nec
1321 3681 1376 3735 in
1418 3687 1622 3736 sanctae
1664 3679 1994 3736 narrationis

427 3775 584 3829 initio
634 3774 893 3829 Dominus
942 3774 1256 3828 nominatus
1301 3771 1498 3828 fuisset
1528 3773 1672 3845 Agar
1701 3773 1857 3828 visus
1909 3788 1996 3828 er-

427 3868 594 3930 ranti,
622 3884 640 3917 ‹
674 3866 881 3921 vocavit
919 3875 1100 3922 autem
1131 3883 1329 3922 nomen
1359 3864 1573 3921 Domini
1612 3867 1706 3936 qui
1734 3866 1997 3936 loqueba-

425 3965 518 4012 tur
550 3956 616 4011 ad
637 3972 778 4023 eam,
807 3975 829 4006 ο
865 3955 910 4012 si
932 3957 1056 4026 quis
1080 3956 1406 4012 contendere
1446 3957 1572 4010 velit
1617 3957 1688 4011 ab
1724 3957 1866 4028 Agar
1896 3971 1994 4009 an-

425 4050 604 4120 gelum
629 4047 765 4103 falso
796 4049 952 4117 quasi
978 4048 1146 4104 Deum
1179 4049 1418 4103 habitum
1448 4064 1602 4115 esse;
1638 4063 1784 4103 nunc
1812 4055 1994 4103 autem

428 4150 658 4196 testatur
723 4139 1007 4210 Scriptura
1072 4139 1361 4195 Dominum
1398 4156 1541 4205 esse,
1577 4142 1669 4211 qui
1718 4155 1814 4210 per
1856 4154 1995 4211 prae-

427 4233 632 4288 dictum
656 4233 903 4303 angelum
936 4233 1086 4288 visus
1137 4240 1274 4296 erat,
1315 4247 1410 4303 per
1449 4249 1609 4303 quem
1641 4240 1701 4284 ut
1733 4231 1992 4287 Dominus

2099 3043 2354 3115 πληθυνῶ
2379 3043 2439 3096 τὸ
2469 3043 2690 3114 σπέρμα
2713 3059 2827 3108 σου,
2858 3043 2950 3096 καὶ
2975 3043 3075 3096 οὐκ
3111 3042 3542 3116 ἀριθμηθήσετεςι
3565 3047 3688 3100 ἀπὸ

2097 3135 2189 3190 τοῦ
2220 3135 2473 3208 πλήθουςο
2500 3155 2518 3188 ι
2550 3137 2644 3188 καὶ
2673 3131 2848 3200 αὖθις·
2881 3131 3075 3188 ιΕῖπεν
3093 3136 3226 3208 αὐτῇ
3249 3139 3276 3190 6
3297 3137 3526 3205 ἄγγελος
3560 3140 3689 3191 Fu—

2099 3230 2238 3302 ρίουο
2274 3229 2404 3284 Ἰδοὺ
2441 3229 2504 3282 σὺ
2533 3231 2590 3282 ὲν
2617 3229 2814 3300 γαστρὶ
2833 3228 2994 3294 ἕξεις,
3020 3228 3114 3282 καὶ
3145 3228 3273 3302 τέξῃ
3296 3229 3426 3293 υἱὸν,
3461 3229 3563 3283 καὶ
3581 3249 3691 3285 κα-

2096 3321 2278 3384 λέσεις
2303 3319 2364 3373 τὸ
2386 3320 2554 3392 ὄνομα
2592 3319 2756 3372 αὐτοῦ
2789 3319 3030 3390 Ἰσ-μαήλ·
3052 3319 3132 3372 ὅτι
3164 3321 3427 3390 ἐπήκουσε
3462 3323 3682 3395 Κύριος·

2095 3416 2165 3485 τῇ
2204 3411 2528 3466 ταπεινώσει
2559 3429 2676 3465 σουο
2711 3431 2728 3464 ι
2763 3411 2856 3464 καὶ
2894 3409 3029 3481 μετὰ
3063 3411 3268 3474 πάντας
3306 3412 3432 3475 τοὺς
3471 3411 3679 3480 Myos;

2097 3506 2331 3577 εἴρηταιο
2368 3523 2388 3556 ι
2415 3506 2523 3558 Καὶ
2543 3504 2800 3558 ἐκάλεσεν
2824 3504 2885 3556 τὸ
2911 3503 3080 3574 ὄνομα
3105 3503 3304 3575 Κυρίου
3327 3503 3420 3556 τοῦ
3449 3504 3684 3559 λαλοῦν-

2091 3613 2187 3659 τος
2218 3595 2354 3669 πρός
2389 3597 2575 3668 αὑτήν·
2611 3596 2683 3649 Σὺ
2707 3595 2840 3659 Θεὸς
2882 3597 2909 3648 6
2958 3595 3153 3648 ἐπιδών
3192 3611 3277 3666 με.
3322 3614 3341 3645 ι
3363 3594 3426 3647 Εἰ
3465 3596 3539 3666 μὴ
3573 3599 3675 3650 καὶ

2095 3690 2204 3743 ἀπὸ
2250 3686 2540 3760 προσώπου
2583 3688 2680 3758 τῆς
2715 3689 2865 3758 ἱερᾶς
2907 3688 3125 3759 Γραφῆς
3150 3687 3351 3758 Κύριος
3387 3687 3691 3757 ὠνόμαστο

2100 3783 2166 3851 τῇ
2209 3779 2384 3850 Ἀγαρ
2410 3778 2696 3848 ἐπιφανεὶς
2724 3778 2975 3852 ἀλωμένῃ
3012 3781 3068 3832 ὲν
3103 3778 3198 3849 τῷο
3237 3797 3255 3830 ι
3281 3779 3390 3831 Καὶ
3415 3779 3687 3834 ἐκάλεσεν

2095 3873 2156 3923 τὸ
2170 3871 2339 3942 ὄνομα
2355 3869 2556 3942 Κυρίου
2580 3869 2674 3923 τοῦ
2693 3869 2974 3932 λαλοῦντος
2999 3870 3131 3942 πρὸς
3153 3870 3340 3942 αὐτὴν,
3370 3889 3389 3921 ι
3437 3871 3540 3924 κᾶν
3568 3873 3685 3925 ὑπ-

2095 3961 2253 4014 έλαϐε
2270 3980 2354 4025 τις
2376 3962 2473 4032 τὴν
2497 3961 2814 4033 ἈγαρΘεὺν
2837 3961 3180 4033 ὲσφαλμένως
3209 3961 3565 4034 ὑπειληφέναι
3586 3964 3689 4018 τὸν

2093 4052 2342 4122 ἄγγελον·
2378 4053 2494 4106 νυνὶ
2521 4053 2578 4106 δὲ
2606 4055 2640 4124 ἡ
2675 4052 2864 4124 Γραφὴ
2903 4058 3185 4126 μαρτυρεῖ,
3209 4055 3291 4107 ὅτι
3309 4055 3513 4126 Κύριος
3541 4051 3624 4128 ἦν
3657 4061 3690 4111 ὁ

2093 4142 2180 4196 διὰ
2201 4142 2295 4195 τοῦ
2323 4144 2814 4215 προωνομασμένου
2849 4144 3198 4217 χρηματίζων
3233 4148 3491 4215 ἀγγέλου,
3511 4148 3585 4200 δι’
3617 4143 3688 4203 οὗ

2095 4232 2190 4286 ἆτε
2222 4233 2425 4306 Κύριος
2454 4236 2550 4290 καὶ
2579 4235 2710 4300 Θεὸς
2745 4236 2820 4288 ὢν
2851 4237 3164 4308 πρεπόντως
3192 4238 3368 4310 ἐαυτῷ
3403 4239 3556 4309 ἔλεγε
3589 4241 3683 4294 τό·

425 4336 479 4381 et
529 4324 692 4391 Deus,
727 4335 786 4379 ut
839 4327 1017 4394 ipsum
1069 4325 1312 4389 decebat,
1355 4325 1530 4379 dixit:
1569 4343 1586 4372 ε
1617 4321 1992 4394 Μυιιίριὶοειηε

2101 4345 2118 4376 ι
2158 4325 2448 4396 Πληθύνων
2497 4326 2751 4397 πληθυνῶ
2783 4328 2843 4381 τὸ
2880 4307 3098 4402 σπέρμα
3135 4346 3247 4384 σου·
3301 4349 3320 4384 ι
3342 4307 3530 4385 τοῦτο
3560 4334 3687 4402 γὰρ

425 4417 800 4487 multiplicabo
846 4432 1028 4472 semen
1076 4425 1248 4470 tuum.
1282 4435 1300 4466 ι
1357 4414 1471 4471 Hoc
1525 4415 1669 4470 enim
1703 4414 1796 4469 Dei
1829 4416 1992 4470 unius

427 4518 574 4564 esset
619 4510 822 4574 dicere,
866 4524 975 4563 non
1019 4509 1130 4579 jam
1184 4510 1380 4580 angeli.
1429 4509 1546 4575 Qua
1583 4509 1803 4580 quidem
1858 4522 1990 4563 voce

427 4601 621 4657 edocta
649 4602 793 4673 Agar
839 4601 940 4657 sibi
997 4617 1122 4656 cum
1162 4600 1272 4657 Deo
1332 4602 1449 4658 solo
1483 4602 1602 4656 .tale
1655 4599 1986 4671 colloquium

425 4707 567 4757 esse,
596 4710 616 4744 ι
652 4690 734 4746 Tu
760 4691 923 4757 Deus,
970 4694 1066 4759 ait,
1119 4693 1211 4764 qui
1226 4693 1414 4748 vidisti
1446 4707 1553 4747 me.
1590 4691 1745 4746 iSed
1778 4699 1832 4747 et
1861 4707 1987 4745 rur-

427 4799 543 4848 sus,
569 4797 692 4838 cum
747 4781 886 4854 fugit
917 4798 1102 4838 secum
1141 4783 1346 4838 habens
1373 4783 1541 4837 ﬁlium
1567 4781 1832 4851 scriptum
1857 4789 1942 4835 est
1973 4800 1988 4832 :

431 4895 450 4926 ι
485 4874 815 4946 Vocavitque
847 4875 1071 4946 angelus
1117 4873 1212 4929 Dei
1241 4873 1384 4945 Agar
1415 4873 1486 4928 de
1507 4873 1648 4928 caelo
1669 4872 1735 4938 ‘9,
1767 4891 1793 4923 ι»
1821 4871 1988 4925 dixit-

424 4986 532 5042 que
558 4971 607 5026 ei
636 4985 755 5043 qua:
777 4968 1106 5033 referuntur,
1134 4969 1187 5022 in
1205 4967 1404 5038 quibus
1432 4978 1485 5022 et
1508 4965 1685 5020 illud:
1717 4985 1736 5015 ‹
1773 4963 1832 5019 In
1858 4979 1988 5034 gen-

427 5069 534 5116 tem
567 5075 817 5131 magnam
851 5059 1043 5114 faciam
1079 5075 1201 5114 eum
1238 5059 1322 5126 l'°;
1358 5080 1376 5112 ιι
1405 5066 1651 5129 apertum
1668 5066 1752 5112 est
1781 5059 1895 5112 haec
1920 5058 1987 5112 de

424 5168 595 5222 puero
620 5151 804 5208 dicere
825 5136 1014 5223 {quod
1043 5152 1113 5205 ab
1142 5152 1332 5222 angelo
1379 5149 1586 5205 dictum
1617 5150 1841 5204 minime
1872 5163 1989 5203 cre-

426 5243 683 5308 dendum,
713 5243 804 5298 Dei
828 5245 970 5297 enim
1005 5243 1222 5313 propria
1279 5241 1621 5297 denuntiatio
1676 5247 1782 5295 est.
1815 5238 1988 5308 Cujus

425 5335 590 5405 igitur
620 5335 833 5392 Domini
853 5351 1053 5390 nomen
1084 5335 1298 5390 vocavit
1344 5337 1524 5406 Agar:
1561 5354 1580 5386 ‹
1615 5334 1696 5388 Tu
1726 5333 1868 5387 Deus
1896 5332 1989 5401 qui

425 5424 607 5480 vidisti
635 5440 740 5491 me,
764 5445 780 5476 ι
803 5439 924 5479 cum
954 5431 1006 5479 et
1031 5424 1102 5478 ibi
1126 5421 1472 5478 Hebraeorum
1502 5427 1988 5492 tetragrammaton

428 5515 706 5585 Scriptura
758 5515 960 5572 referat
1001 5516 1233 5570 nomen?
1281 5514 1560 5569 Praedictis
1584 5515 1782 5585 quippe
1813 5511 1989 5567 mani-

491 5689 541 5764 ‘_‘_
576 5690 894 5764 tienLXVItt.
930 5691 1021 5764 19.
1096 5691 1140 5724 “
1177 5690 1334 5764 Joan.
1375 5707 1464 5764 xit,
1502 5692 1610 5764 f7.
1661 5689 1876 5764 ‘f_Gen.
1906 5709 2017 5764 xw,
2043 5697 2096 5754 6.
2174 5697 2218 5729 ⁵⁸
2251 5697 2384 5752 ibid.
2421 5698 2471 5752 7.
2547 5700 2592 5731 “
2628 5699 2758 5755 ibid.
2793 5699 2847 5756 9.
2925 5701 2970 5734 “
2999 5701 3235 5759 ibidJO.

425 5754 469 5790 “
506 5757 636 5816 ibid.
673 5761 758 5816 15.
835 5761 880 5793 ⁶⁹
919 5758 1054 5815 Gen.
1094 5777 1216 5827 nt,
1253 5761 1337 5815 l7.
1416 5762 1462 5792 '°
1504 5761 1634 5816 ibid.
1675 5761 1762 5816 l8.

2095 4416 2212 4486 Θεῷ
2240 4417 2382 4488 μόνῳ
2409 4417 2634 4488 ἁρμόζοι
2661 4417 2726 4471 ἂν
2753 4418 2949 4488 λέγειν,
2981 4421 3161 4473 οὐκέτι
3189 4421 3244 4474 δὲ
3282 4423 3376 4475 καὶ⁵
3417 4424 3648 4495 ἀγγέλῳ
3668 4441 3683 4452 ·

2091 4505 2265 4578 τούτῳ
2291 4508 2335 4560 δ’
2366 4504 2431 4560 αὖ
2464 4507 2541 4579 τῷ
2572 4509 2776 4580 ῥήματι
2801 4511 2894 4563 καὶ
2921 4512 3019 4581 τὴν
3048 4509 3226 4583 Ἀγαρ
3268 4512 3413 4578 εἰκός
3444 4518 3682 4586 ἐπιστήο

2093 4618 2283 4665 σασαν,
2315 4601 2562 4655 συνεῖσάν
2581 4620 2640 4656 τε
2666 4604 2746 4657 ὅτι
2771 4604 2931 4674 μόνου
2949 4604 3082 4658 Θεοῦ
3103 4606 3296 4674 γένοιτ’
3313 4607 3425 4679 ἂνή
3442 4609 3678 4678 τοιαύτη

2091 4688 2260 4760 φωνὴ,
2298 4692 2592 4763 εἰρηκέναι·
2631 4694 2780 4747 «Ὅτι
2809 4695 2872 4746 σὺ
2903 4694 3034 4758 Θεὸς
3062 4698 3090 4748 6
3118 4696 3314 4750 ἐπιδών
3351 4716 3441 4768 με·
3480 4717 3498 4750 ι
3530 4699 3680 4752 ἀλλὰ

2089 4783 2182 4834 καὶ
2208 4781 2485 4854 δεύτερον.
2518 4785 2606 4837 ὅτε
2636 4786 3019 4857 ἀποδιδράσκει
3065 4787 3183 4858 μεθ’
3219 4789 3421 4858 ἑαυτῆς
3469 4791 3680 4860 ἔχουσα

2093 4872 2182 4925 τὸν
2216 4872 2347 4936 υἱὸν,
2377 4874 2702 4945 γέγραπται’
2727 4895 2744 4926 ι
2787 4877 3070 4932 Ἑκάλεσεν
3087 4878 3142 4931 δὲ
3161 4879 3390 4948 ἄγγελος
3407 4881 3501 4934 τοῦ
3522 4881 3674 4934 Θεοῦ

2092 4966 2188 5036 τὴν
2223 4969 2397 5040 Ἀγαρ
2425 4973 2488 5022 ἐκ
2515 4970 2607 5023 τοῦ
2639 4970 2891 5040 οὐρανοῦ,
2923 4991 2940 5022 ι
2984 4973 3076 5026 καὶ
3104 4966 3256 5026 εἶπεν
3282 4974 3420 5046 αὐτῇ
3443 4974 3508 5027 τά
3531 4974 3681 5028 ἁνα-

2093 5062 2470 5132 γεγραμμένα,
2507 5063 2564 5119 ἐν
2607 5056 2688 5125 οἷς
2738 5065 2883 5116 ἐστιν
2922 5064 3015 5117 καὶ
3059 5064 3140 5117 τόο
3191 5084 3210 5117 ‹
3258 5067 3352 5130 Εἰς
3378 5067 3485 5138 γὰρ
3509 5065 3678 5130 ea»;

2096 5152 2304 5220 ποιήσω
2334 5151 2484 5205 αὐτόο
2514 5173 2532 5204 ι
2571 5155 2728 5226 δῆλαι·
2760 5156 2806 5209 δ’
2833 5157 2914 5210 ὅτι
2955 5158 3014 5210 τὸ
3045 5159 3274 5212 παιδίον·
3309 5161 3445 5232 ὅπερ
3475 5160 3674 5212 οὐκέτι

2094 5240 2184 5294 τὸν
2217 5241 2443 5309 ἄγγελον
2475 5243 2785 5311 άξιόπισττυ
2815 5246 2880 5302 ἂν
2920 5247 3005 5318 εἴη
3030 5247 3235 5316 λέγειν,
3257 5249 3392 5303 Θεοῦ
3420 5250 3520 5319 γάρ
3549 5253 3676 5301 πά-

2093 5332 2176 5384 λιν
2200 5336 2231 5404 ἡ
2255 5336 2571 5404 ἐπαγγελία.
2605 5339 2761 5402 Τίνος
2791 5335 2883 5393 οὖν
2912 5341 3114 5412 Κυρίου
3139 5340 3449 5412 ἐκάλεσενή
3481 5344 3676 5411 Ἅγαρ

2093 5422 2347 5495 τοῦνομα·
2394 5447 2411 5477 ι
2451 5429 2519 5480 Σὺ
2548 5431 2575 5480 6
2602 5429 2732 5493 Θεὸς
2777 5433 2804 5484 6
2849 5430 3044 5484 ἐπιδών
3069 5449 3159 5502 με,
3197 5453 3214 5484 ι
3259 5432 3520 5488 κάνταῦθα
3550 5434 3674 5500 τῇς

2096 5515 2134 5566 Γ
2141 5518 2316 5587 ραφῆς
2349 5519 2441 5571 ἐπὶ
2499 5521 2590 5573 τοῦ
2653 5524 2855 5594 Κυρίου
2915 5523 2976 5576 τὸ
3034 5528 3452 5597 τετράγραμμον
3514 5531 3674 5598 παρ’

3314 5704 3354 5738 ⁵⁷
3394 5699 3509 5756 ibid.
3557 5701 3672 5757 ‘ll.
