3868 6264
265 310 406 370 ΙθὸΊ

1297 303 1592 362 εει]ιοοΕ
1636 302 2122 360 ΡΒΟΡΗΕΤῘΟᾸΞ.
2166 335 2232 341 ——
2272 298 2401 354 [ΑΒ.
2445 298 2485 355 ι.

3395 281 3527 363 ιόῑε

264 428 743 504 Ἐῦραιοίςθὸτογωι
794 425 1185 499 περιεχούσης;
1228 427 1259 496 ἢ
1294 426 1450 497 δῆλον
1489 428 1552 479 ὲκ
1576 424 1685 479 τῶν
1718 442 1847 498 προ⁴

1955 423 2155 480 festum
2178 431 2263 479 est
2293 424 2439 478 hunc
2470 436 2594 479 esse
2649 420 2913 489 Verbum,
2966 422 3021 477 in
3071 423 3345 495 principio
3383 428 3525 496 apud

253 521 686 593 αποδεδομένων,
715 520 883 591 ὁτιδὴ
908 517 999 573 τοῦ
1032 520 1089 571 ὲν
1120 520 1260 590 ἀρχῇ
1292 518 1427 590 πρὸς
1446 518 1539 571 τὸν
1576 517 1706 570 Θεὸν
1736 516 1839 569 Λό-

253 628 379 681 γου,
413 611 471 677 ὃς
504 610 917 683 ὲπιπαρὼν,κα“ι
945 609 1014 663 τά
1047 610 1167 663 κατ’
1214 608 1535 680 ἀνθρώπους
1564 607 1622 673 ἐξ
1665 606 1842 680 ἀρχῆς

253 706 473 779 ἐφορῶν
491 723 552 759 τε
573 706 668 759 καὶ
684 703 1003 776 οἰκονομῶν,
1022 705 1133 765 τοῖς
1161 702 1261 773 μὲν
1285 699 1724 771 ὲπαναϐεϐηκόσι
1746 698 1840 752 καὶ

252 798 485 861 τελείοις
511 798 789 868 ἀνδράσιν,
824 794 935 860 οἶος
970 791 1037 867 ἦν
1075 795 1103 847 ὃ
1135 811 1195 847 τε
1240 791 1489 865 ’Δϐραάμ
1517 791 1611 845 καὶ
1656 789 1842 844 Ἰσαάκ

254 888 352 941 καὶ
386 886 600 952 Ἰακὼϐ,
631 886 794 950 αὐτὸς
816 886 882 939 δι’
904 884 1105 941 ἑαυτοῦ
1124 885 1412 958 παρείχετο
1437 884 1533 947 τὰς
1556 884 1838 946 ὀπτασίας·

253 984 367 1045 τοῖς
390 979 443 1033 δὲ
470 979 571 1050 τῆς
600 979 804 1034 τούτων
833 980 1037 1051 ἀρετῆς
1061 979 1399 1041 ἀποδέουσιν,
1422 971 1534 1040 οἷος
1550 972 1628 1048 ,ἦν
1650 978 1679 1030 ὁ
1694 975 1838 1039 Λὼτ,

253 1070 349 1124 καὶ
377 1071 428 1123 ni
457 1071 516 1123 ὲν
540 1072 652 1134 τοῖς
672 1070 904 1139 Κριταῖς
926 1068 1131 1124 Γεδεών
1155 1086 1215 1122 τε
1245 1068 1336 1121 καὶ
1356 1066 1576 1129 Μανωὲ,
1610 1065 1705 1119 καὶ¹
1727 1066 1841 1118 ὅσοι

253 1161 467 1226 τούτοις
488 1161 815 1233 ὲμφέρονται
848 1160 1242 1233 παραπλήσιοι,
1273 1160 1599 1230 λειτουργοῖς
1615 1159 1709 1217 καὶ
1729 1157 1844 1211 δια-

254 1251 437 1314 κόνοις
466 1254 579 1315 τοῖς
606 1249 697 1303 ὑπ’
724 1250 885 1304 αὐτὸν
913 1249 1076 1313 θείοις
1099 1248 1349 1318 ἀγγέλοις
1367 1246 1649 1318 χρώμενος
1679 1246 1842 1298 πολυ-

256 1343 444 1416 μερῶς
477 1343 574 1397 καὶ
622 1342 976 1414 πολυτρόπως
1036 1342 1329 1414 παρείχετο
1394 1340 1460 1394 δι’
1511 1340 1689 1395 αὐτῶν
1746 1340 1845 1402 τὰς

253 1435 608 1505 ἐπαγγελίας.
643 1435 827 1507 Ταύτῃ
860 1433 991 1504 γοῦν
1028 1436 1123 1488 καὶ
1150 1437 1217 1505 τῇ
1259 1435 1442 1504 ’Λγαρ
1462 1475 1475 1498 ,
1507 1432 1601 1486 ἅτε
1649 1431 1723 1502 μὴ
1756 1432 1844 1502 οἵᾳ

253 1543 316 1579 τε
343 1524 479 1599 οὔσῃ
515 1544 601 1579 πω
627 1522 727 1597 τὴν
754 1523 917 1577 αὐτοῦ
947 1523 1042 1577 τοῦ
1075 1524 1221 1576 θείου
1255 1523 1427 1592 Λόγου
1458 1524 1657 1593 χωρεῖν
1677 1524 1845 1575 ὀπτα-

250 1619 402 1683 σίαν,
437 1618 526 1671 διά
554 1617 648 1672 τοῦ
694 1617 925 1687 ἀγγέλου
964 1616 1031 1670 τὰ
1070 1615 1537 1687 ἀναγεγραμμένα
1567 1612 1840 1679 θεσπίζει·

250 1712 307 1764 εί
341 1708 465 1780 (ἔτι)
494 1708 551 1762 δὲ
596 1709 691 1762 καὶ
732 1708 812 1775 τῷ
846 1706 1039 1763 Ἰακὼϐ
1069 1707 1137 1760 δι’
1183 1706 1429 1776 ἀγγέλων
1468 1706 1839 1775 ὲπιφαίνεται’

1945 516 2139 580 Deum,
2174 516 2320 586 quod
2382 514 2698 581 adveniens,
2738 531 2934 586 resque
2990 515 3270 571 hominum
3311 534 3341 572 a
3386 521 3530 589 prin-

1945 610 2089 681 cipio
2125 609 2423 680 inspiciens
2486 617 2648 679 atque
2702 610 3037 681 gubernans,
3097 611 3528 682 praecellentibus

1946 702 2476 774 perfectioribusque
2519 702 2677 766 viris,
2721 702 2915 773 quales
2954 713 3110 757 erant
3164 702 3527 771 Abrahamus,

1944 794 2165 851 lsaacus
2196 802 2359 864 atque
2378 791 2641 858 lacubus,
2692 810 2789 863 per
2829 794 3070 864 seipsum
3120 795 3527 851 manifestatum

1944 891 2051 940 est.
2083 884 2156 939 lis
2187 898 2317 939 vero
2332 884 2426 953 qui
2478 891 2640 937 tantae
2675 883 2861 936 virtuti
2920 885 3158 953 impares
3179 892 3356 948 erant,
3390 885 3531 938 sicut

1943 984 2062 1032 erat
2086 975 2211 1040 Lot,
2260 985 2316 1031 et
2343 976 2400 1030 in
2447 973 2736 1031 Iudicibus
2770 973 2991 1031 Gedeon
3023 984 3077 1031 et
3107 973 3321 1042 Manoe,
3376 983 3534 1030 caste-

1945 1068 2133 1138 risque
2153 1081 2339 1124 eorum
2380 1067 2673 1128 similibus,
2728 1066 3003 1120 ministris
3027 1067 3339 1136 legatisque
3372 1081 3531 1136 ange-

1947 1162 2015 1218 lis
2043 1161 2139 1232 qui
2171 1160 2277 1215 sibi
2309 1160 2540 1230 subjecti
2572 1165 2730 1213 erant
2791 1173 2947 1220 usus,
2977 1158 3212 1214 diversis
3247 1159 3530 1230 variisque

1948 1254 2124 1309 modis
2147 1269 2243 1323 per
2268 1268 2364 1307 eos
2394 1250 2652 1305 mandata
2683 1265 2783 1304 sua
2815 1248 3197 1305 denuntiabat.
3232 1249 3372 1306 lluic
3428 1251 3529 1323 igi-

1948 1356 2037 1401 tur
2069 1346 2235 1418 Agar,
2264 1361 2390 1400 eum
2437 1344 2612 1416 ipsius
2657 1343 2829 1398 divini
2887 1341 3051 1398 Verbi
3101 1341 3364 1398 visionem
3392 1344 3533 1399 ferre

1949 1438 2222 1508 nequiret,
2250 1453 2345 1505 per
2395 1438 2648 1508 angelum
2707 1451 2828 1506 quae
2851 1436 3021 1489 relata
3069 1444 3199 1491 sunt
3231 1435 3526 1506 significat.

1944 1530 2151 1586 Jacobo
2205 1530 2370 1585 etiam
2422 1545 2521 1600 per
2574 1530 2799 1600 angelos
2859 1527 3275 1593 manifestatur;
3340 1518 3566 1582 verum:

1946 1623 2322 1678 animadverte
2349 1623 2495 1693 quod
2527 1622 2621 1676 tali
2674 1622 2835 1678 modo
2868 1622 2994 1676 huic
3041 1622 3192 1676 visus
3222 1629 3326 1685 est,
3356 1621 3533 1676 adhuc

1951 1714 2271 1771 infirmioris
2304 1714 2569 1781 virtutis;
2622 1730 2749 1769 cum
2795 1721 2977 1770 autem
3017 1713 3312 1785 profecerit
3358 1722 3413 1770 et
3463 1716 3533 1768 ad

254 1778 373 1856 ἀλλ’
397 1778 501 1875 ὅρα
528 1802 609 1855 ὅτι
637 1802 729 1855 καὶ
754 1800 912 1854 τοῦτο
936 1803 1055 1854 κατ’
1077 1800 1252 1872 ἀρχὰς
1283 1801 1382 1871 μὲν
1418 1790 1496 1863 ὥς
1530 1799 1595 1853 ἂν
1630 1798 1709 1851 ἔτι
1738 1802 1847 1851 είσ-

1955 1808 2340 1878 perfectionem
2399 1808 2742 1877 pervenerit,
2800 1808 2944 1861 nuda
2996 1817 3051 1862 et
3105 1814 3292 1876 aperta
3334 1806 3538 1865 Suimet

254 1893 513 1965 αγομένῳ
539 1891 725 1947 τοῦτον
740 1891 1067 1964 χρηματίζει
1087 1892 1178 1945 τὸν
1204 1891 1424 1963 τρόπον,
1444 1889 1778 1963 προκόψαντι
1793 1889 1849 1942 δὲ

257 1988 356 2043 καὶ
389 1988 470 2051 είς
512 1986 828 2056 τελειότητα
862 1984 1098 2039 ἐπιδόντι
1131 1984 1346 2055 γυμνῆς
1376 1983 1471 2037 καὶ
1522 1982 1849 2036 ἀνεπικαλύ-

252 2095 394 2134 πτου
416 2076 517 2148 τῆς
543 2077 680 2141 ίδίας
708 2076 1058 2148 μεταδίδωσιν
1082 2075 1319 2145 ὁμιλίας,
1336 2072 1518 2126 οὐκέτι
1542 2071 1640 2143 μὲν
1660 2071 1727 2125 δι’
1752 2072 1849 2140 ἀγ-

255 2171 435 2242 γέλων
456 2172 551 2225 καὶ
576 2171 644 2225 δι’
677 2169 981 2243 ἑρμηνέων,
1013 2168 1173 2231 αὐτὸς
1192 2167 1250 2221 δὲ
1277 2167 1340 2220 δι’
1368 2164 1563 2220 ἑαυτοῦ
1588 2167 1617 2219 ό
1645 2165 1850 2238 Κύριος

252 2264 358 2321 καὶ
375 2263 511 2327 Θεὸς
541 2262 737 2331 Λόγος,
766 2263 795 2315 ὀ
820 2261 889 2316 τὰ
920 2261 1199 2333 δευτερεῖα
1213 2259 1313 2329 τῆς
1344 2257 1617 2331 πατρικῆς
1639 2256 1851 2327 ἐπέχων

257 2353 553 2425 θεότητος,
572 2352 673 2422 τῆς
710 2351 845 2416 ἰδίας
873 2350 1036 2404 αὑτὸν
1068 2347 1342 2413 καταξιῶν
1376 2346 1661 2411 ὀπτασίας.

704 2464 1105 2523 ΚΕΦΔΛΛΙΟΝ
1142 2463 1201 2518 E'
1232 2462 1299 2534 υ.
1332 2462 1408 2534 9).

332 2584 355 2616 ι
375 2564 436 2617 '0
449 2562 600 2634 ἥλιος
623 2560 843 2632 ἐξῆλθεν
871 2561 964 2613 ἐπὶ
990 2558 1224 2629 τὴνγῆν,
1240 2558 1335 2610 καὶ
1357 2556 1479 2610 Λὼτ
1505 2553 1750 2625 εἰσῆλθεν
1772 2555 1850 2615 εἰς

255 2654 476 2726 Σηγὼρ.
505 2655 617 2708 Καὶ
643 2652 847 2725 Κύριος
872 2649 1090 2721 ἔϐρεξεν
1116 2650 1209 2702 ἐπὶ
1235 2649 1441 2719 Σόδομα
1480 2648 1573 2700 καὶ
1600 2646 1850 2717 Γόμορρα

253 2748 400 2801 θεῖον
442 2747 535 2800 καὶ
568 2744 680 2817 πῦρ
708 2744 860 2815 παρά
899 2741 1104 2813 Κυρίου
1154 2741 1220 2795 ὲκ
1255 2739 1347 2793 τοῦ
1395 2736 1648 2810 ούρανοῦ.
1689 2757 1707 2788 ι
1738 2737 1851 2789 Οὐκ

253 2835 413 2910 οἶμαί
445 2855 567 2892 τινα
598 2836 707 2890 τῶν
740 2833 890 2899 ἅπαξ
920 2832 1365 2888 πεπιστευκότων
1396 2830 1552 2903 ἱερὰς
1598 2829 1694 2895 καὶ
1735 2828 1851 2880 θεο-

255 2928 561 2993 πνεύστους
602 2927 869 2999 ὑπάρχειν
896 2926 998 2990 τάς
1030 2925 1192 2995 ἁγίας
1230 2923 1451 2995 Γραφάς
1482 2923 1851 2995 εύρεσιλογεῖν

256 3040 314 3077 τι
350 3024 431 3087 είς
452 3024 578 3086 τοὺς
613 3022 833 3084 τόπους,
866 3016 1168 3088 ἀντιλέγειν
1206 3014 1545 3088 πειρώμενον
1581 3018 1693 3078 τοῖς
1722 3014 1849 3085 περὶ

257 3115 360 3170 τοῦ
381 3115 555 3184 Λόγου
575 3112 669 3168 τοῦ
690 3112 828 3168 Θεοῦ
846 3110 1326 3185 παραδεδομένοις,
1344 3110 1426 3163 ὅτι
1452 3126 1512 3162 τε
1532 3109 1705 3181 προῆν
1727 3107 1851 3161 ὑπό-
1876 3128 1920 3187 C

258 3223 455 3262 στασιν
501 3205 635 3259 ἰδίαν
674 3204 834 3276 ἔχων,
855 3205 949 3258 καὶ
986 3205 1069 3257 ὃτι
1100 3204 1207 3274 πρὸ
1242 3201 1343 3271 τῆς
1381 3200 1846 3271 ὲνανθρωπήσεως

254 3297 362 3362 τὰς
402 3298 482 3360 εἰς
514 3293 835 3368 ἀνθρώπους
868 3293 1180 3365 οἰκονομίας
1212 3290 1411 3344 ἐτέλειο
1455 3289 1548 3343 δύο
1581 3288 1691 3361 γάρ
1733 3289 1846 3341 Κυ-

258 3378 412 3461 ρίους
439 3384 672 3440 ἐνταῦθα
694 3382 878 3454 σαφῶς
902 3386 937 3454 ή
962 3381 1150 3454 Γραφὴ
1169 3380 1517 3452 παρίστησιν,
1547 3377 1602 3431 ετ
1618 3395 1684 3446 γε
1707 3377 1849 3430 «Κύ-

262 3494 383 3551 ριος
407 3475 625 3549 ἔϐρεξεν
647 3475 796 3547 παρά
825 3474 1052 3547 Κυρίου.
1091 3492 1111 3525 ι
1136 3473 1209 3525 Τδ
1235 3471 1279 3525 δ’
1304 3472 1488 3543 ὅμοιον
1502 3469 1646 3523 ἔστιν
1668 3470 1849 3540 εὑρεῖν

261 3568 421 3640 παρά
451 3568 527 3640 τῷ
571 3567 701 3639 ἱερῷ
733 3564 1040 3637 Ἀποστόλῳ
1080 3565 1347 3637 φήσαντι·
1380 3581 1399 3614 ι
1433 3561 1554 3633 Δῴη
1575 3563 1619 3616 ,ὁ
1646 3560 1850 3634 Κύριος

257 3663 411 3728 ἔλεος
436 3663 515 3734 τῷ
554 3659 905 3731 Ὀνησιφόρου
929 3658 1083 3729 οίκῳ·
1113 3674 1132 3706 ι
1167 3656 1281 3709 καί·
1316 3652 1465 3726 «Δῲη
1498 3652 1646 3724 αὐτῷ
1670 3654 1849 3724 εὑρεῖν

257 3757 413 3820 ιλεος
434 3753 584 3827 παρά
604 3752 808 3824 Κυρίου
832 3754 889 3806 ἐν
924 3749 1106 3821 ἐκείνῃ
1135 3750 1204 3820 τῇ
1246 3746 1450 3820 ἡμέρᾳ.
1483 3765 1503 3799 ι
1549 3743 1707 3798 Ἀλλά
1739 3743 1848 3814 γὰρ

256 3852 322 3906 ἰν
346 3849 558 3913 τούτοις
589 3846 719 3919 περὶ
760 3846 972 3916 Πατρὸς
1001 3844 1094 3897 καὶ
1136 3841 1269 3895 Υἱοῦ
1307 3838 1597 3911 διαρθροῦν
1635 3837 1846 3906 λόγους,

257 3940 344 4013 τῷ
375 3941 473 4013 μὲν
500 3941 748 4011 ἀγενήτῳ
776 3939 871 3991 καὶ
900 3937 1074 4008 Πατρὶ
1100 3934 1208 3988 τῶν
1241 3934 1377 3987 ὅλων
1405 3932 1504 4003 τὴν
1534 3928 1676 3985 κατά
1711 3929 1849 3981 πάν-
1892 3924 1895 3929 ’

257 4046 376 4084 των
396 4030 491 4083 καὶ
510 4032 631 4082 κατ’
646 4027 811 4083 αὑτοῦ
839 4026 932 4081 τοῦ
960 4025 1091 4079 Υίοῦ
1120 4025 1311 4096 κυρίαν
1328 4040 1385 4076 τε
1414 4022 1508 4076 καὶ
1535 4020 1849 4075 αύθεντείαν

258 4120 652 4188 ἀνατιθέντας,
682 4119 761 4192 τῷ
795 4120 853 4173 δὲ
881 4119 958 4189 τῷ
996 4118 1153 4187 Λόγῳ
1186 4115 1254 4169 τὰ
1282 4114 1560 4184 δευτερεῖα
1596 4111 1733 4183 μετὰ
1762 4112 1849 4165 τὸν

258 4213 489 4285 Πατέρα
512 4214 610 4283 τῆς
643 4212 784 4267 κατά
815 4212 1031 4265 πάντων
1053 4208 1161 4261 τῶν
1188 4206 1566 4279 γεγενημένων
1587 4206 1761 4276 ἀρχῆς
1790 4221 1849 4257 τε

259 4304 363 4357 καὶ
386 4302 701 4368 δεσποτείας
720 4303 1109 4374 ἀπονέμοντας.
1137 4300 1227 4364 Δὶς
1250 4297 1307 4353 δὲ
1330 4298 1566 4353 ἐνταῦθα
1597 4294 1853 4368 ὀνομαζο-

263 4395 431 4468 μένου
462 4395 557 4449 τοῦ
588 4393 814 4466 Κυρίου,
841 4393 982 4447 κατά
1007 4393 1067 4447 τό
1086 4407 1099 4421 ⁸
1139 4390 1418 4460 Ἕόρεξεν
1438 4390 1653 4458 Κύριος
1692 4388 1852 4457 παρὰ

1954 1896 2373 1953 conversatione
2404 1896 2661 1968 dignatur
2690 1912 2838 1961 eum,
2897 1911 2999 1953 nec
3040 1896 3152 1966 jam
3186 1912 3283 1966 per
3310 1897 3535 1968 angelos

1955 1998 2119 2062 atque
2143 1990 2493 2059 interpretes,
2531 1988 2628 2045 sed
2669 1989 2785 2059 ipse
2839 2005 2936 2059 per
2975 1990 3220 2060 seipsum
3270 1988 3536 2045 Dominus

1954 2091 2009 2138 et
2039 2081 2185 2140 Deus
2236 2079 2499 2147 Verbum,
2557 2081 2832 2138 secundas
2884 2083 2939 2138 in
2983 2091 3211 2153 paterna
3251 2083 3538 2140 divinitate

1954 2178 2141 2240 partes
2195 2171 2425 2236 habens,
2463 2172 2742 2243 propriam
2783 2172 2853 2227 ad
2905 2188 3029 2227 eum
3064 2173 3329 2230 visionem
3360 2190 3537 2231 mant-

1954 2257 2135 2315 festat.

2568 2454 2799 2511 CAPUT
2830 2456 2892 2512 ν.

2038 2571 2055 2602 ι
2101 2549 2192 2606 Sol
2222 2566 2477 2622 egressus
2509 2560 2594 2609 cst
2626 2567 2793 2623 super
2808 2560 3013 2608 terram
3046 2564 3101 2609 et
3131 2553 3233 2610 Lot
3253 2558 3538 2629 ingressus

1953 2653 2039 2700 est
2062 2643 2250 2716 Segor.
2280 2644 2450 2715 igitur
2480 2642 2742 2702 Dominus
2775 2646 2914 2716 pluit
2968 2662 3134 2716 super
3159 2646 3452 2705 Sodomam
3476 2660 3537 2706 et

1954 2734 2317 2791 Gomorrham
2394 2736 2628 2807 sulphur
2691 2745 2748 2792 et
2816 2738 2994 2809 ignem
3065 2755 3096 2793 a
3163 2739 3400 2799 Domino
3464 2744 3534 2799 de

1953 2828 2095 2883 caelo
2129 2827 2194 2881 “.
2231 2847 2250 2880 ι
2283 2824 2404 2882 Non
2451 2829 2650 2899 opinor
2681 2830 2917 2900 aliquem
2948 2845 3136 2886 eorum
3159 2874 3173 2900 ,
3241 2833 3336 2903 qui
3366 2834 3537 2890 semel

1954 2916 2307 2973 crediderunt
2332 2933 2521 2975 sacras
2549 2928 2604 2975 et
2636 2919 2901 2978 divinitus
2933 2923 3233 2994 inspiratas
3256 2941 3380 2982 esse
3405 2942 3538 2983 san—

1954 3018 2074 3066 ctas
2101 3007 2440 3081 Scripturas,
2463 3012 2648 3067 verbis
2670 3013 2926 3069 haesitare
2944 3015 3033 3071 his
3049 3015 3105 3070 in
3130 3017 3287 3084 locis,
3310 3034 3511 3090 respon
3535 3058 3541 3063 ο

1953 3101 2084 3157 dere
2121 3112 2453 3173 quaerentem
2485 3105 2552 3160 iis
2584 3121 2706 3175 quae
2752 3106 2820 3161 de
2845 3105 3024 3163 Verbo
3054 3106 3165 3164 Deo
3182 3120 3538 3181 asseruntur,

1953 3195 2099 3264 quod
2126 3198 2541 3267 praeexsistebat
2575 3200 2940 3255 substantiam
2972 3202 3248 3273 propriam
3306 3203 3535 3272 habens,

1951 3298 2006 3343 et
2038 3296 2166 3344 ante
2198 3289 2632 3345 incarnationem
2668 3294 2831 3348 rebus
2868 3294 3151 3349 hominum
3183 3295 3537 3352 moderandis

1951 3390 2203 3451 praeerat.
2234 3379 2336 3435 Hic
2355 3381 2502 3436 enim
2541 3381 2682 3437 duos
2717 3391 2906 3452 aperte
2957 3382 3218 3439 Dominos
3254 3383 3537 3456 Scriptura

1951 3471 2242 3543 designat:
2283 3491 2302 3523 ι
2340 3471 2486 3527 Pluit
2512 3473 2844 3532 Dominus...
2878 3491 2907 3529 a
2956 3475 3207 3534 Domino.
3240 3503 3262 3533 ι
3325 3481 3537 3536 Similia

1952 3565 2192 3634 reperire
2240 3573 2327 3620 est
2360 3564 2504 3636 apud
2559 3573 2810 3621 sanctum
2863 3568 3189 3638 Apostolum
3220 3573 3530 3631 dicentem:

1958 3674 1976 3707 ι
2004 3655 2099 3711 Det
2127 3654 2393 3731 Dominus
2411 3657 2843 3712 misericordiam
2869 3658 3198 3732 Onesiphori
3220 3661 3405 3719 domui
3430 3665 3532 3732 ⁸³ςο

1949 3756 2002 3802 et
2032 3764 2044 3801 :
2082 3764 2099 3795 ι
2139 3744 2235 3801 Det
2264 3747 2341 3801 illi
2361 3745 2621 3802 Dominus
2649 3747 2893 3802 invenire
2909 3747 3339 3806 misericordiam
3366 3766 3398 3806 a
3423 3749 3536 3810 Do-

1954 3838 2104 3893 mino
2127 3838 2181 3891 in
2210 3826 2301 3892 illa
2332 3837 2421 3893 die
2448 3835 2515 3890 ⁸³.
2548 3858 2567 3889 ι
2598 3836 2889 3893 Enimvero
2914 3838 3073 3895 facile
3099 3850 3181 3897 est
3202 3842 3258 3896 in
3289 3841 3398 3898 illis
3414 3859 3537 3915 quae

1952 3931 2020 3985 ad
2041 3929 2280 3994 Patrem,
2306 3946 2429 4002 quae
2461 3930 2528 3985 ad
2545 3930 2740 3987 Filium
2763 3939 3034 4002 spectant,
3054 3934 3343 4005 perspicue
3362 3951 3538 3993 secer-

1952 4038 2083 4078 nere
2106 4023 2287 4089 verba,
2311 4039 2432 4094 quae
2453 4023 2696 4080 increato
2712 4023 2968 4096 Patrique
2994 4026 3234 4082 omnium
3262 4029 3319 4084 in
3346 4044 3537 4085 omnes

1954 4117 2191 4186 atquein
2219 4116 2398 4188 ipsum
2451 4116 2648 4171 Filium
2700 4117 3133 4177 dominationem
3159 4130 3212 4177 et
3243 4122 3537 4180 auctorita-

1955 4216 2061 4264 tem
2117 4210 2389 4273 tribuunt,
2452 4208 2626 4265 Verbo
2680 4218 2860 4267 autem
2920 4213 3192 4269 secundas
3248 4223 3371 4286 post
3433 4213 3537 4269 Pa—

1953 4309 2093 4356 trem
2162 4310 2346 4373 partes
2405 4302 2690 4373 assignant
2745 4305 2799 4359 in
2854 4306 3097 4361 omnium
3156 4314 3533 4362 creaturarum

1959 4392 2268 4464 principatu
2305 4399 2467 4463 atque
2513 4393 2766 4464 imperio.
2797 4393 2897 4449 Hic
2919 4404 3101 4451 autem
3131 4397 3217 4451 bis
3258 4397 3536 4451 nominato

258 4490 545 4559 Kvplov,»
567 4488 649 4553 δὶς
665 4487 805 4541 κατὰ
827 4488 887 4540 τὸ
915 4485 1201 4557 Ἐϐραῖκὸν
1217 4486 1311 4537 καὶ
1338 4482 1397 4536 τὸ
1427 4481 1847 4553 τετράγραμμον

1962 4486 2212 4550 Domino,
2243 4487 2544 4543 secundum
2573 4488 2704 4543 illud
2736 4508 2748 4542 :
2783 4507 2801 4539 ι
2831 4488 2975 4543 Pluit
3025 4488 3359 4545 Dominus...
3387 4506 3417 4543 a
3441 4488 3538 4542 Do-

259 4580 589 4652 ἐμφέρεται,
621 4579 696 4643 ὼς
722 4579 1037 4648 σαφέστατα
1069 4571 1516 4647 ἀνομολογεῖσθαι
1540 4572 1602 4625 τὸ
1631 4570 1723 4623 ἐπὶ
1760 4570 1852 4622 δύο

257 4670 597 4748 προσώπων,
634 4670 793 4742 δῆλον
835 4670 879 4724 δ’
915 4670 997 4723 ὅτι
1037 4667 1129 4722 τοῦ
1177 4667 1311 4720 Θεοῦ
1354 4666 1448 4719 καὶ
1486 4664 1700 4737 Πατρδς
1744 4662 1854 4717 τῶν

259 4766 408 4821 ὅλων
428 4765 524 4818 καὶ
552 4764 646 4819 τοῦ
680 4764 852 4833 Λόγου
890 4757 1079 4822 αὑτοῦ,
1108 4762 1208 4832 τὴν
1242 4759 1481 4832 ἄρρητον
1509 4757 1714 4828 ταύτην
1750 4773 1853 4810 πα-

265 4856 714 4930 ραλαμϐάνεσθαι
760 4855 1091 4927 σημείωσιν·
1155 4852 1229 4915 ὡς
1282 4849 1471 4923 μηκέτ’
1537 4848 1852 4920 ἀμφιϐόλως

259 4950 435 5023 ἔχειν,
467 4949 520 5004 εῖ
539 4966 641 5003 που
669 4948 736 5002 ἂν
756 4949 972 5019 φέροιτο
989 4949 1022 5017 ή
1042 4944 1265 5016 τοιαύτη
1292 4944 1383 4996 ἐπὶ
1399 4941 1495 4995 τοῦ
1525 4941 1660 4994 Θεοῦ
1681 4958 1847 5013 προσ-

258 5040 489 5114 ηγορία,
532 5040 609 5113 μὴ
650 5039 808 5109 μόνον
854 5038 947 5092 ἐπὶ
985 5038 1083 5108 τῆς
1115 5036 1379 5104 ἀγενήτου
1432 5030 1645 5098 φύσεως
1678 5030 1848 5101 αὐτὴν

262 5128 818 5203 παραλαμϐάνεσθαι,
861 5127 995 5181 ἀλλά
1035 5127 1129 5181 καὶ
1172 5126 1263 5182 ἐπὶ
1303 5121 1397 5176 τοῦ
1435 5124 1492 5174 ὲν
1531 5123 1669 5193 ἀρχῇ
1716 5121 1848 5193 πρὸς

259 5224 360 5278 τὸν
392 5222 706 5286 Θεὸνσόντος
727 5221 919 5291 Λόγου.
1520 5254 1532 5263 .

803 5421 1200 5497 ΚΕΦΛΛΛῘΟᾘ
1242 5421 1296 5487 ς,-
1299 5428 1332 5472 ⁸.

352 5518 442 5573 Ἐν
499 5519 566 5589 τῇ
610 5516 747 5589 πρὸς
791 5516 882 5567 τὸν
927 5512 1119 5568 Ἰακὼϐ
1164 5511 1384 5580 εὐλογίᾳ
1415 5509 1442 5561 ό
1488 5508 1671 5561 Ἰσαάκ
1721 5524 1851 5577 φησι

264 5608 413 5683 μετά
435 5614 558 5660 ’τινα
584 5607 679 5660 καὶ
704 5604 875 5660 ταῦτα
894 5623 906 5634 ·
942 5624 959 5657 ι
990 5603 1098 5658 Καὶ
1121 5599 1560 5655 ὼυλευσάτωσάν
1587 5615 1667 5652 σοι
1693 5598 1821 5669 ἔθνη
1837 5616 1850 5629 ⁸

339 5768 387 5802 ⁸⁸
428 5768 564 5824 Gen.
602 5781 715 5834 ιιι,
748 5766 837 5821 ἳὸ.
913 5764 956 5797 ⁸¹
999 5760 1041 5817 ll
1080 5760 1219 5817 Tim.
1256 5777 1305 5828 ι,
1347 5760 1426 5813 lli.
1505 5758 1550 5790 ⁸⁸
1593 5754 1721 5809 ibid.
1766 5753 1853 5809 18.

1958 4579 2127 4645 mino,
2168 4598 2184 4630 ι
2219 4578 2305 4633 bis
2347 4577 2649 4633 secundum
2695 4578 3025 4633 Hebraicum
3050 4586 3537 4648 ettetragramma-

1956 4678 2050 4725 ton
2075 4669 2333 4736 refertur,
2365 4670 2432 4724 ad
2484 4686 2843 4740 personarum
2888 4671 3208 4728 dualitatem
3239 4673 3537 4729 evidentis-

1958 4763 2095 4816 sime
2119 4761 2595 4831 distinguendam;
2640 4761 2989 4816 manifestum
3033 4772 3118 4818 est
3150 4771 3332 4820 autem
3362 4762 3457 4818 Dei
3484 4774 3537 4818 et

1955 4854 2199 4907 omnium
2231 4852 2435 4915 Patris,
2475 4861 2639 4922 atque
2696 4853 2817 4923 ejus
2874 4853 3039 4909 Verbi
3078 4856 3375 4912 discrimen
3434 4856 3535 4911 hac

1958 4945 2217 5003 ineffabili
2246 4946 2690 5002 denominatioue
2706 4948 3002 5018 designari,
3036 4956 3095 5003 ut
3116 4964 3184 5003 ne
3209 4948 3295 5005 cui
3328 4951 3399 5004 sit
3429 4964 3537 5003 am-

1958 5041 2205 5112 biguum,
2240 5038 2288 5094 si
2324 5036 2462 5093 forte
2496 5037 2608 5091 lucc
2641 5039 2854 5108 uspiam
2885 5038 2953 5094 de
2976 5038 3086 5096 Deo
3117 5039 3408 5111 appellatio
3440 5039 3537 5091 ad-

1957 5133 2229 5196 hibeatur,
2289 5146 2397 5186 non
2440 5138 2649 5185 tantum
2701 5129 2769 5186 de
2815 5131 3056 5186 increata
3111 5139 3306 5186 natura
3342 5130 3537 5186 intelli-

1958 5227 2190 5296 gendum
2213 5239 2355 5285 esse,
2385 5222 2481 5278 sed
2515 5221 2677 5275 etiam
2703 5221 2771 5276 de
2821 5219 3000 5278 Verbo
3024 5223 3168 5293 quod
3199 5233 3281 5279 est
3306 5225 3359 5277 in
3390 5224 3535 5293 prin-

1959 5319 2103 5388 cipio
2126 5315 2269 5387 apud
2305 5315 2497 5372 Deum.
2989 5354 3000 5366 .

2569 5408 2799 5467 CAPUT
2837 5408 2865 5462 ι
2883 5408 2923 5463 1.

2033 5501 2092 5556 1η
2119 5499 2307 5557 Jacobi
2336 5500 2715 5556 benedictione
2739 5500 2853 5554 hzec
2886 5499 3028 5552 inter
3057 5497 3161 5551 alia
3191 5495 3415 5555 Isaaeus
3444 5492 3533 5546 di-

1964 5599 2037 5654 cit
2075 5618 2087 5652 :
2130 5618 2148 5651 ι
2191 5597 2254 5652 Et
2290 5600 2531 5656 serviant
2552 5598 2648 5653 tibi
2683 5597 2868 5669 populi
2891 5606 2945 5652 et
2980 5596 3209 5652 adorent
3241 5602 3293 5650 te
3317 5591 3531 5651 tribus:
