3868 6264
430 331 568 386 1059

1173 322 1445 380 EUSEBII
1488 322 1969 378 C/ESARIENSIS
1998 321 2149 378 OPP.
2193 321 2374 377 PARS
2408 321 2492 378 Ill.
2529 353 2599 362 —
2633 321 3040 378 EXEGETICA.

3547 325 3689 386 ιοὲῡ

405 457 538 502 esto
554 447 808 502 dominus
831 445 1060 498 fratrum
1087 449 1329 505 tuorum,
1345 449 1399 496 ct
1425 442 1784 496 incurventur
1809 451 1934 496 ante
1958 451 1986 494 ιι

2111 448 2204 500 καὶ
2238 444 2703 518 προσκυνήσουσίν
2747 461 2827 497 σοι
2869 444 3125 517 ἄρχοντες
3145 462 3157 474 ’
3190 447 3282 498 καὶ
3320 444 3472 515 γίνου
3503 447 3690 520 κύριος

423 541 515 593 lilii
538 540 708 610 patris
735 539 812 592 tui
829 537 892 591 ⁵⁵.
917 555 934 587 ι
956 534 1078 589 llazc
1097 535 1255 604 quasi
1268 533 1335 588 ad
1350 531 1608 589 Iacobum
1626 533 1773 588 dicta
1792 533 2015 616 minime

409 647 581 701 posse
599 630 852 684 videnlur
872 628 939 682 ad
961 642 1085 682 eum
1099 625 1497 695 referri,neque
1515 625 1578 680 ad
1593 626 1850 696 populum
1869 641 1932 681 ex
1947 641 2013 680 eo

418 734 602 776 natum
621 765 635 788 ,
657 721 914 792 populum
948 719 1682 785 circumcisionis.Quienim
1705 718 1890 790 populi
1919 735 2013 774 un-

413 829 576 883 quam
593 814 640 868 ei
659 813 968 868 servierunt
991 811 1129 865 ?Aut
1147 827 1268 881 qua:
1288 812 1461 866 tribus
1473 826 1597 867 eum
1611 810 2012 866 adoraverunt?

401 922 574 976 quem
618 906 966 961 adorabant?
1003 903 1222 976 quando
1252 919 1492 974 unquam
1518 904 1574 958 in
1604 903 1826 959 fratrem
1848 919 2007 960 suum

411 997 848 1053 dominationem
883 998 1168 1053 exercuit?
1193 996 1296 1063 Qui
1323 1005 1504 1051 autem
1529 996 1887 1067 patrisipsius
1911 995 2006 1050 filii

410 1089 502 1158 qui
532 1105 656 1144 eum
691 1090 972 1145 adoraturi
997 1089 1302 1144 dicuntur?
1353 1089 1563 1158 Quippe
1609 1089 1776 1143 alium
1809 1103 2003 1158 quem-

411 1183 536 1236 dam
571 1190 766 1253 praeter
809 1181 1079 1236 Iacobum
1111 1181 1280 1236 filium
1333 1181 1593 1236 habuisse
1648 1179 1868 1236 lsaacus
1894 1196 2003 1235 non

409 1276 730 1341 invenitur,
794 1277 900 1333 nisi
953 1277 1173 1331 Esaum.
1225 1276 1507 1342 Quomodo
1560 1276 1726 1348 igitur
1777 1276 2003 1346 plurali-

407 1373 491 1419 ter
541 1366 782 1421 dicitur:
817 1385 834 1418 ι
876 1367 1235 1421 lncurventur
1261 1375 1387 1421 ante
1423 1377 1474 1422 te
1504 1366 1600 1420 filii
1635 1367 1808 1438 patris
1832 1366 1952 1420 tui?
1975 1385 1994 1418 ι

410 1458 534 1512 Haac
565 1467 748 1515 autem
808 1459 1120 1514 notavimus
1177 1466 1466 1529 propterea
1507 1457 1654 1528 quod
1687 1459 1891 1528 saepius
1942 1459 2000 1513 in

407 1553 708 1623 prophetiis
733 1568 830 1624 per
849 1552 1113 1608 Iacobum
1141 1553 1392 1608 Christus
1410 1551 1768 1623 significatur,
1795 1561 1853 1607 ut
1875 1568 2000 1623 pro-

411 1646 542 1714 priis
565 1647 882 1702 ostendetur
923 1646 1080 1709 Iouis,
1121 1647 1471 1716 suspicantes
1505 1661 1691 1700 annon
1723 1645 1865 1700 forte
1891 1647 1995 1702 ista

409 1736 462 1788 in
496 1737 616 1805 ejus
645 1737 1016 1793 testimonium
1055 1738 1306 1808 adaptari
1336 1745 1582 1807 possent.
1620 1735 1793 1791 Simili
1850 1737 1994 1793 enim

2119 537 2210 592 τοῦ
2254 537 2481 607 ἀδελφοῦ
2519 555 2630 600 σου,
2679 538 2773 592 καὶ
2811 537 3269 609 προσκυνήσουσίν
3322 555 3404 592 σοι
3451 539 3558 593 υίοὶ
3591 539 3690 595 τεοῦ

2119 630 2322 702 πατρός
2358 647 2469 682 σου.
2514 649 2533 682 ι
2572 628 2652 682 Τὰ
2681 629 2944 700 λεγόμενα
2976 629 3051 691 ὡς
3091 629 3225 700 πρὸς
3269 629 3359 684 τὸν
3404 630 3599 684 Ἰακὼϐ
3629 635 3688 684 οὐ

2119 723 2260 776 πάνυ
2285 738 2336 774 τι
2364 721 2608 790 φαίνεται
2640 718 2897 773 δύνασθαι
2926 721 3012 774 ἐπ’
3037 720 3197 774 αὐτὸν
3225 721 3546 790 ἀνάγεσθαι,
3571 724 3690 776 οὐδὲ

2119 813 2223 886 μὴν
2253 815 2345 867 ἐπὶ
2387 813 2478 866 τὸν
2524 813 2580 880 ἐξ
2625 811 2788 867 αὐτοῦ
2820 813 3105 885 γενόμενον
3142 813 3266 868 λαὸν
3309 814 3402 867 τὸν
3439 816 3504 868 ἐκ
3538 832 3692 886 περι⁸

2113 907 2284 976 τομῆς
2307 921 2322 934 ⁸
2356 906 2482 957 ποῖα
2513 902 2621 976 γὰρ
2660 903 2784 975 ἔθνη
2837 904 2929 958 καὶ
2974 903 3104 957 πότε
3155 903 3466 958 ἐδούλευσεν
3506 906 3688 975 αὐτῷ;

2111 997 2145 1068 ἢ
2184 997 2325 1060 τίνες
2370 996 2627 1068 ἄρχοντες
2681 995 2831 1066 αὐτῷ
2875 996 3320 1069 προσεκύνησαν;
3353 998 3430 1060 ὡς
3465 997 3589 1050 τίνα
3637 997 3692 1050 δὲ

2110 1090 2203 1142 καὶ
2233 1090 2622 1160 προσεκύνουν;
2671 1089 2800 1143 πότε
2845 1090 2903 1144 δὲ
2943 1091 3036 1143 καὶ
3081 1090 3365 1162 ἐκυρίευσε
3398 1090 3494 1144 τοῦ
3537 1090 3693 1145 ἀδελ-

2109 1181 2212 1253 φοῦ
2245 1182 2442 1248 αὐτοῦ;
2473 1183 2507 1254 ἢ
2541 1182 2682 1246 τίνες
2710 1183 2760 1236 οἱ
2812 1181 2904 1235 τοῦ
2934 1184 3139 1256 πατρὸς
3180 1183 3343 1236 αὑτοῦ
3380 1185 3486 1237 υἱοὶ
3517 1186 3563 1237 οξ
3601 1183 3693 1236 λε-

2108 1273 2324 1344 γόμενοι
2359 1273 2756 1344 προσκυνήσειν
2802 1272 2980 1343 αὑτῷ;
3019 1275 3128 1327 Καὶ
3168 1275 3272 1346 μήν
3305 1274 3402 1344 οὐχ
3434 1274 3693 1345 cupim-

2105 1365 2195 1418 ταί
2225 1382 2287 1434 γε
2315 1366 2344 1417 ὁ
2383 1364 2568 1418 Ἰσαὰκ
2597 1363 2782 1438 ἕτερόν
2809 1383 2926 1419 τινα
2971 1365 3122 1437 παρὰ
3165 1367 3253 1419 τὸν
3297 1365 3489 1420 Ἰακὼϐ
3521 1367 3694 1438 ἐσχη-

2105 1455 2216 1520 κὼς
2241 1458 2274 1529 ἢ
2310 1457 2468 1528 μόνον
2493 1457 2584 1511 τὸν
2629 1457 2796 1512 Ἠσαῦ
2817 1471 2830 1486 ‘
2865 1458 2981 1521 πῶς
3005 1454 3098 1512 οὖν
3129 1458 3500 1530 πληθυντικῶς
3525 1459 3692 1530 εἴρη-

2103 1567 2192 1604 ται
2213 1551 2294 1615 τὸ,
2317 1570 2336 1602 ι
2361 1551 2800 1622 Προσκυνήσουσί
2830 1568 2910 1604 σοι
2935 1553 2984 1604 οί
3015 1550 3120 1604 υἱοὶ
3144 1551 3237 1604 τοῦ
3265 1552 3467 1623 πατρός
3495 1568 3633 1617 sou;
3669 1571 3688 1602 ι

2103 1641 2288 1695 Ταῦτα
2321 1641 2364 1694 δ’
2401 1641 2855 1713 ὲσημειωσάμεθα
2888 1641 2975 1695 διὰ
3023 1643 3082 1696 τὸ
3136 1641 3394 1706 πολλάκις
3437 1644 3530 1696 καὶ
3580 1645 3694 1695 ’Ῑαο

2103 1731 2218 1786 κὼϐ
2246 1734 2336 1786 τὸν
2379 1733 2613 1802 Χριστὸν
2645 1733 2701 1786 ὲν
2740 1735 2860 1795 ταῖς
2904 1732 3258 1802 προφητείαις
3302 1729 3692 1802 χρηματίζειν,

409 1827 618 1882 ratione
676 1843 774 1898 per
824 1827 1068 1883 lsaacum
1115 1828 1402 1883 Christum
1437 1835 1664 1885 sanctus
1712 1828 1986 1899 Apostolu:

2106 1825 2180 1888 ὡς
2222 1827 2280 1878 ὲν
2317 1827 2429 1888 τοῖς
2470 1824 2692 1888 οἰκείοις
2731 1823 3069 1896 δειχθήσεται
3095 1825 3299 1888 τόποις,
3330 1823 3693 1886 ὑπονοοῦντες

412 1917 613 1982 innuit,
633 1920 850 1975 dicens:
873 1939 891 1972 ι
923 1921 1234 1975 Abrahamo
1271 1921 1429 1976 dictae
1451 1930 1578 1977 sunt
1602 1925 1995 1994 promissiones

405 2019 457 2064 et
475 2012 668 2066 semini
690 2014 830 2082 ejus.
851 2013 968 2068 Non
993 2014 1196 2068 dicitet
1214 2015 1534 2082 seminibus,
1564 2017 1720 2086 quasi
1747 2017 1803 2070 in
1843 2017 1987 2071 mul-

405 2102 477 2157 tis
509 2105 642 2158 :sed
675 2106 834 2174 quasi
864 2106 920 2160 in
950 2121 1060 2160 uno
1092 2127 1104 2161 :
1136 2115 1191 2162 et
1220 2109 1416 2163 semini
1447 2116 1565 2173 tuo,
1593 2110 1688 2179 qui
1722 2117 1807 2164 est
1841 2109 2001 2164 Chri-

407 2205 526 2252 stus
549 2197 616 2252 ⁸⁵.
641 2219 659 2250 ι
679 2197 816 2254 Vide
839 2199 1005 2270 igitur
1028 2200 1074 2254 si
1093 2200 1161 2255 ad
1187 2201 1437 2256 eumdem
1453 2201 1674 2256 modum
1697 2210 1750 2258 et
1774 2218 1895 2272 qua:
1911 2203 1998 2257 hic

404 2286 663 2343 (Kcuntur
686 2288 976 2358 de_Jacobo
1003 2306 1112 2344 non
1137 2290 1333 2346 melius
1355 2291 1577 2346 Christo
1602 2293 1990 2356 convenirent;

404 2394 527 2447 qua:
559 2380 779 2450 quidem
815 2379 862 2435 si
897 2381 969 2434 ita
1030 2381 1226 2436 habeat
1250 2383 1332 2436 vir
1379 2382 1681 2448 studiosus,
1713 2399 1988 2454 quamque

403 2469 690 2526 lectionem
719 2472 993 2542 allegoriae
1025 2472 1239 2543 legibus
1271 2474 1524 2544 Conferre
1563 2476 1792 2531 noverit.

2102 1919 2173 1988 μή
2205 1936 2280 1990 πη
2321 1918 2415 1972 καὶ
2458 1917 2630 1972 ταῦτα
2667 1916 2890 1971 δύναται
2923 1920 3040 1980 ταῖς
3090 1915 3219 1989 περὶ¹
3262 1916 3422 1970 αὑτοῦ
3466 1933 3691 1986 μαρτυ-

2103 2011 2243 2084 ρίαις
2273 2009 2552 2082 ἁρμόζειν.
2583 2010 2794 2082 Ὥσπερ
2817 2009 2948 2078 γοῦν
2982 2011 3076 2063 καὶ
3105 2011 3173 2062 τὰ
3201 2009 3339 2076 κατὰ
3366 2010 3453 2063 τὸν
3489 2008 3694 2062 Ἰσαὰκ

2098 2105 2178 2168 εἰς
2202 2104 2292 2157 τὸν
2324 2103 2556 2175 Χριστὸν
2599 2102 2920 2173 μετείληφεν
2961 2105 2990 2156 ὁ
3041 2102 3184 2173 ἱερὸς
3215 2101 3526 2165 Ἀπόστολος
3573 2103 3692 2173 φή·

2102 2212 2220 2260 σας·
2258 2212 2278 2246 ι
2313 2195 2401 2266 Τῷ
2430 2195 2486 2248 δὲ
2527 2194 2777 2267 Ἀϐραὰμ
2819 2194 3077 2266 ἐδόθησαν
3115 2197 3170 2248 ai.
3213 2195 3529 2263 ἐπαγγελίαι
3589 2197 3694 2248 καὶ

2098 2287 2176 2356 τῷ
2209 2286 2478 2357 σπέρματι
2502 2285 2665 2339 αὑτοῦ
2683 2300 2696 2314 ·
2723 2287 2782 2340 οὐ
2807 2286 2953 2356 λέγει
2981 2286 3075 2340 καὶ
3103 2289 3213 2350 τοῖς
3243 2287 3576 2358 σπέρμασιν,
3611 2287 3694 2350 ὡς

2092 2380 2184 2432 ἐπὶ
2218 2377 2447 2442 πολλῶν,
2475 2378 2588 2431 ἀλλ’
2616 2378 2689 2442 ὡς
2722 2378 2806 2446 ἐφ’
2835 2377 2974 2443 ἐνὸς,
3008 2371 3102 2432 καὶ
3135 2377 3212 2449 τῷ
3251 2378 3519 2450 σπέρματί
3561 2395 3688 2443 σου,

2084 2473 2143 2534 ὃς
2177 2473 2292 2524 ἐστι
2317 2471 2567 2542 Χριστός·
2603 2490 2621 2521 ι
2653 2472 2754 2542 ὅρα
2775 2471 2823 2523 εί
2851 2471 2925 2542 μὴ
2945 2470 3036 2525 τὸν
3067 2471 3228 2525 αὑτὸν
3253 2471 3448 2542 τρόπον
3479 2472 3584 2525 καὶ
3621 2473 3691 2525 τὰ

401 2561 636 2615 ινταῦθα
658 2561 733 2626 ὼς
759 2563 888 2634 περὶ
912 2561 1007 2616 τοῦ
1051 2562 1244 2616 Ἰακὼϐ
1271 2566 1535 2638 είρημένα
1562 2565 1762 2638 μᾶλλον
1791 2566 2018 2638 ἁρμόζοι
2057 2566 2121 2618 ἂν
2147 2563 2226 2633 τῷ
2294 2563 2354 2630 (f.
2387 2562 2473 2633 10)
2503 2562 2740 2634 Χριστῷ,
2781 2563 2925 2634 ἅπερ
2955 2565 3004 2616 εί
3037 2562 3209 2628 οὕτως
3240 2563 3349 2634 ἔχοι
3378 2565 3406 2616 ὁ
3437 2564 3688 2636 φιλομα,

391 2654 498 2726 ’θὴς
542 2655 776 2726 ἑκάστην
815 2655 956 2719 λέξιν
992 2655 1172 2727 νόμοις
1217 2657 1542 2728 ἀλληγορίας
1582 2659 1839 2723 ἐξετάσας
1874 2659 2094 2712 εἵσεται.

1001 2771 1232 2828 CAPUT
1266 2773 1376 2829 VII.

477 2881 496 2915 ι
540 2863 739 2921 Mansit
787 2873 969 2920 autem
999 2864 1172 2921 Jacob
1202 2868 1355 2923 solus
1393 2887 1404 2922 :
1432 2877 1487 2924 ct
1537 2884 1666 2925 ecce
1697 2871 1777 2925 vir
1809 2873 1980 2928 lucta-

2608 2775 3004 2830 ΚΕΦΔΛΑΙΟΝ
3056 2779 3129 2832 Z'.

2157 2887 2174 2919 ι
2208 2866 2536 2939 ’Υπελείφθη
2557 2867 2614 2920 δὲ
2640 2866 2833 2920 Ἰακὼϐ
2862 2867 3047 2938 μόνος·
3072 2869 3444 2926 καὶ’ὲπάλαιεν
3463 2873 3685 2947 ἄνθρω-

402 2958 564 3012 batur
587 2971 713 3011 cum
760 2972 827 3012 eo
883 2973 1057 3028 usque
1109 2974 1270 3015 mane
1292 2951 1368 3013 ³⁸.
1413 2979 1432 3013 ι
1471 2959 1606 3017 Dein
1650 2971 1775 3032 post
1807 2979 1979 3036 pauca

2093 2976 2183 3023 πος
2217 2961 2332 3030 μετ’
2367 2957 2532 3012 αὐτοῦ
2577 2959 2682 3023 ’ἐως
2721 2960 2886 3031 πρωί.
2932 2979 2952 3013 ι
2990 2956 3122 3018 Εἶτα
3159 2964 3297 3034 μετὰ
3354 2963 3567 3037 βραχέα
3606 2971 3686 3020 elo

342 3123 352 3136 ‘
401 3047 607 3101 Jacobo
637 3047 855 3102 dicente
885 3064 899 3101 :
942 3065 960 3097 ι
997 3045 1114 3102 Non
1140 3047 1416 3104 dimittam
1443 3057 1498 3106 te
1530 3051 1639 3106 nisi
1689 3052 1982 3111 benedixe-

2093 3049 2274 3111 πόντος
2319 3047 2411 3100 τοῦ
2451 3048 2660 3111 Ἰακὼϐ,
2703 3067 2721 3100 ι
2763 3051 2837 3102 Οὐ
2883 3052 2955 3122 μή
3003 3067 3064 3104 σε
3094 3054 3397 3109 ἀποστείλω
3439 3057 3539 3110 ἐὰν
3601 3062 3679 3131 μή

405 3138 484 3191 ris
521 3139 655 3192 mihi
679 3179 695 3205 ,
717 3137 855 3192 dixit
881 3138 946 3192 ad
975 3153 1100 3193 eum
1133 3158 1145 3193 :
1191 3138 1347 3205 Quod
1376 3155 1575 3198 nomen
1597 3152 1680 3199 est
1709 3145 1850 3200 tibi?
1875 3144 1982 3202 Re-

2093 3159 2152 3212 με
2179 3141 2481 3213 εὐλογήσῃς
2498 3182 2512 3207 ,
2540 3161 2557 3194 ι
2591 3143 2752 3213 φησὶν
2783 3144 2919 3216 πρὸς
2945 3147 3125 3200 αὐτόν·
3150 3165 3170 3200 ι
3198 3148 3264 3201 Τί
3289 3149 3460 3220 όνομά
3477 3167 3562 3205 σοι
3585 3171 3602 3218 ;
3624 3155 3683 3208 '0

404 3229 628 3299 spondit
653 3247 666 3280 :
701 3228 892 3285 Iacob.
918 3230 1140 3286 Atille:
1165 3230 1543 3303 Nequaquam,
1589 3236 1788 3307 inquit,
1811 3237 1980 3294 Jacob

2093 3233 2139 3286 δὲ
2161 3227 2334 3296 εἶπεν,
2366 3233 2577 3286 Ἰακώϐ.
2611 3229 2778 3288 Εἶπεν
2806 3237 2861 3290 δὲ
2893 3239 3058 3310 αὐτῷ·
3089 3240 3282 3294 Οὐκέτι
3313 3241 3507 3296 Ἰακὼϐ
3534 3245 3681 3318 κλη-

403 3318 768 3388 appellabitur
799 3333 1000 3374 nomen
1031 3327 1209 3388 tuum,
1243 3322 1340 3376 sed
1399 3319 1568 3378 Israel
1603 3345 1615 3380 :
1648 3327 1905 3397 quoniam
1938 3329 1986 3385 si

2093 3323 2309 3394 θήσεται
2351 3325 2410 3376 τὸ
2443 3325 2612 3396 ὄνομά
2644 3343 2758 3391 σου,
2793 3327 2908 3381 ἀλλ’
2947 3331 3161 3403 Ἰσραὴλ
3197 3332 3347 3387 ἔσται
3400 3335 3463 3388 τὸ
3495 3337 3679 3408 ὄνομά

395 3413 594 3460 contra
615 3405 784 3462 Deum
812 3407 972 3466 fortis
1009 3408 1182 3475 fuisti,
1209 3419 1417 3481 quanto
1461 3415 1635 3487 magis
1666 3423 1857 3470 contra
1887 3417 1986 3471 ho-

2093 3431 2204 3477 σου,
2236 3415 2317 3467 ὅτι
2347 3416 2635 3486 ὲνίσχυσας
2666 3419 2802 3489 μετὰ
2847 3421 3013 3487 Θεοῦ,
3057 3425 3151 3478 καὶ
3183 3427 3320 3497 μετὰ
3362 3405 3675 3500 ἀνθρώπων

403 3499 581 3554 mines
604 3501 1014 3570 praevalebis"!
1063 3523 1080 3554 ι
1104 3502 1170 3556 Et
1202 3513 1326 3574 post
1352 3519 1565 3574 pauca:
1597 3524 1615 3558 ι
1645 3505 1869 3562 Vocavit
1893 3507 1986 3562 Ja-

2093 3508 2321 3572 δυνατός.
2344 3529 2361 3561 ι
2390 3511 2498 3563 Καὶ
2530 3507 2684 3576 αὖθις
2713 3514 2830 3584 μετ’
2855 3515 3060 3584 όλίγα·‹
3083 3518 3367 3574 Ἐκάλεσεν
3383 3499 3582 3575 Ἰακὼϐ
3613 3526 3675 3577 τὸ

403 3591 508 3644 cob
543 3606 740 3646 nomen
766 3593 870 3647 loci
926 3594 1075 3649 illius
1104 3593 1348 3652 Phanuel
1383 3597 1559 3669 (visus
1601 3597 1718 3670 Dei)
1747 3598 1938 3657 dicens
1967 3617 1980 3652 :

404 3678 524 3734 Vidi
558 3679 847 3736 Dominum
893 3683 1032 3739 facie
1074 3686 1139 3739 ad
1169 3686 1364 3743 faciem
1399 3697 1454 3742 et
1515 3690 1664 3744 salva
1715 3690 1857 3745 facta
1902 3703 1986 3748 est

400 3772 581 3824 anima
611 3775 814 3828 mea“.
851 3793 869 3825 ι
901 3773 1110 3840 Quibus
1137 3776 1288 3831 addit
1316 3776 1638 3849 Scriptura:
1664 3798 1682 3831 ‹
1710 3778 1986 3850 Ortusque

402 3869 488 3915 est
516 3862 566 3916 ei
602 3865 792 3918 statim
818 3865 921 3930 sol,
953 3874 1240 3936 postquam
1308 3877 1694 3940 transgressus
1723 3880 1808 3926 est
1844 3871 1985 3926 Pha-

400 3954 530 4008 nuel
567 3953 741 4025 (visus
766 3953 886 4026 Dei)
917 3956 982 4008 ⁸⁸.
1021 3977 1039 4008 ι
1097 3959 1412 4014 Abrahamo
1473 3963 1690 4031 quidem
1748 3967 1980 4033 primum

402 4045 615 4098 somnio
645 4044 912 4102 Dominus
947 4049 1356 4120 manifestatur,
1381 4061 1435 4107 et
1465 4055 1664 4124 saepius
1719 4056 1983 4126 colloqui-

402 4141 532 4199 tur;
567 4142 650 4188 ter
678 4134 801 4189 dein
837 4137 885 4191 ei
923 4139 1074 4194 visus
1130 4141 1386 4208 refertur,
1435 4159 1544 4199 non
1577 4147 1632 4198 in
1664 4157 1842 4211 nocte,
1888 4150 1980 4203 sed

405 4239 503 4294 per
559 4226 842 4281 meridiem
901 4231 1091 4297 visus;
1139 4233 1194 4287 in
1229 4237 1390 4290 tertia
1436 4238 1584 4293 enim
1644 4242 1980 4309 apparitione

400 4316 520 4384 ipso
543 4315 848 4373 meridiano
885 4326 1129 4390 tempore
1161 4324 1280 4393 ejus
1311 4326 1609 4397 hospitium
1637 4331 1855 4400 excipit.
1889 4331 1982 4386 Ja-

399 4405 539 4460 cobo
573 4413 753 4460 autem
786 4409 1022 4476 primum
1079 4413 1297 4482 quidem
1364 4424 1487 4486 post
1535 4417 1668 4474 solis
1721 4436 1976 4476 occasum

399 4495 578 4552 media
605 4505 770 4553 nocte
793 4499 848 4553 in
874 4503 1106 4558 somniis
1130 4515 1376 4576 apparet,
1437 4508 1494 4563 in
1529 4509 1973 4581 Mesopotamiam

398 4586 774 4653 descendenti,
811 4605 935 4644 cum
988 4609 1083 4662 per
1115 4574 1368 4651 somnum
1425 4601 1640 4670 aspexit
1681 4574 1971 4661 -cmlestem
2006 4574 2050 4626 θ

398 4677 626 4746 scalam,
677 4681 1006 4751 angelosque
1047 4685 1101 4738 in
1135 4687 1252 4755 ipsa
1280 4692 1640 4748 ascendentes
1669 4703 1722 4749 et
1750 4696 1978 4753 descen-

396 4768 610 4833 dentes,
648 4771 966 4843 audivitque
1019 4775 1309 4834 Dominum
1367 4783 1616 4840 innixum
1665 4791 1827 4844 scalae
1869 4792 1974 4847 sibi

395 4859 667 4914 dicentem
699 4881 712 4916 :
753 4881 769 4912 ι
809 4863 922 4934 Ego
951 4882 1076 4922 sum
1105 4869 1368 4928 Dominus
1399 4874 1542 4932 Deus
1581 4878 1854 4935 Abraham
1877 4898 1974 4954 pa-

393 4954 498 5009 tris
522 4955 602 5007 tui
628 4955 696 5018 °°,
737 4975 756 5007 ι
793 4965 846 5010 et
872 4960 1106 5029 reliqua,
1153 4979 1273 5032 quae
1297 4969 1656 5035 sequentibus
1687 4987 1784 5041 per
1810 4987 1976 5044 ange-

394 5044 504 5098 lum
536 5045 585 5099 ei
614 5044 760 5099 dicta
793 5046 964 5104 fuisse
995 5050 1473 5124 demonstrantur;
1530 5062 1767 5116 secunda
1791 5065 1970 5118 mani-

387 5133 612 5190 festatio
639 5137 693 5192 in
732 5138 1118 5210 Mesopotamia
1171 5146 1309 5200 facta
1359 5158 1464 5214 est,
1513 5166 1637 5206 cum
1690 5153 1740 5208 ei
1793 5155 1966 5210 adfuit

394 5226 638 5298 dixitque
695 5227 982 5296 Dominus,
1022 5242 1080 5287 ut
1140 5243 1624 5308 tetragrammaton
1673 5245 1960 5300 ostendit:

399 5333 417 5364 ι
452 5316 741 5376 Revertere
773 5323 829 5376 in
853 5333 1054 5379 terram
1089 5336 1304 5398 patrum
1349 5339 1592 5399 tuorum,
1623 5344 1677 5392 et
1706 5339 1772 5392 ad
1800 5355 1938 5410 gene

394 5409 660 5466 rationem
684 5422 854 5477 tuam,
884 5425 938 5470 ct
958 5433 1054 5472 ero
1085 5428 1264 5474 tecum
1298 5423 1364 5475 ⁸⁸.
1401 5443 1418 5474 ι
1455 5424 1512 5479 1η
1539 5431 1747 5484 somnis
1777 5409 1824 5485 ei
1851 5431 1963 5486 haec

394 5501 446 5546 et
473 5511 568 5564 per
593 5503 844 5572 angelum
879 5506 1126 5563 elocutus
1160 5519 1265 5565 est.
1303 5511 1372 5566 Ut
1397 5522 1450 5568 et
1479 5517 1593 5585 ipse
1610 5519 1768 5574 docet
1798 5519 1960 5576 Jaco-

466 5669 510 5699 "‘
547 5673 681 5752 Cen:
715 5695 901 5743 xxvu,
939 5682 1027 5737 29.
1105 5687 1150 5718 ³⁵
1189 5686 1365 5742 Galat.
1401 5705 1497 5752 ιιι,
1554 5692 1640 5747 16.

394 5735 482 5789 δι.
557 5745 599 5774 σο
639 5747 772 5804 Gen.
813 5735 1138 5817 χχι-ιιιζιδ.
1199 5735 1640 5829 π’ἆῖιηῖᾫκὲἷξ
1671 5766 1722 5819 3.

1749 5697 1793 5726 “°
1833 5696 1965 5755 Gen.
2007 5716 2178 5766 xxx”,
2236 5703 2324 5758 ‘24.

2085 3600 2253 3671 ὄνομα
2277 3601 2370 3654 τοῦ
2409 3604 2572 3657 τόπου
2604 3605 2813 3658 ἐκείνου
2846 3602 2996 3673 Εἶδος
3023 3609 3157 3662 Θεοῦ
3179 3628 3193 3642 ο
3221 3607 3358 3666 εἶδον
3387 3613 3496 3686 γὰρ
3529 3617 3671 3668 Θεὸν

2087 3692 2373 3762 πρόσωπον
2409 3695 2540 3766 πρὸς
2577 3695 2883 3768 πρόσωπον,
2915 3699 3008 3752 καὶ
3037 3699 3211 3772 ἐσώθη
3241 3703 3273 3773 ἡ
3304 3703 3447 3775 ψυχή
3484 3723 3610 3775 μου.
3645 3727 3663 3757 ι

2085 3779 2179 3846 Οἷς
2231 3785 2481 3857 ἐπιφέρει
2535 3787 2816 3854 φάσκουσα
2875 3793 2908 3862 ἡ
2962 3792 3182 3862 Γραφὴ,
3214 3811 3230 3843 ι
3281 3795 3541 3848 Ἀνέτειλε
3608 3799 3665 3850 δὲ

2083 3870 2230 3941 αὐτῷ
2263 3872 2412 3942 ἥλιος
2442 3876 2602 3944 ήνίκα
2649 3879 2890 3949 παρῆλθε
2923 3881 2981 3934 τὸ
3013 3878 3150 3944 εἶδος
3179 3884 3270 3936 τοῦ
3314 3885 3471 3939 Θεοῦ.
3514 3908 3532 3938 ι
3573 3889 3666 3958 Τῷ

2087 3962 2183 4030 μὲν
2231 3964 2477 4035 Ἀϐραὰμ
2516 3968 2752 4038 ἀρχῆθεν
2791 3969 2940 4042 ῦπαρ
2984 3973 3012 4023 ό
3052 3975 3252 4045 Κύριος
3302 3977 3660 4048 χρηματίζει,

2082 4056 2174 4108 καὶ
2198 4057 2453 4134 πολλάκις
2485 4060 2583 4130 μὲν
2605 4061 2928 4130 διαλέγεται,
2955 4067 3074 4136 τρὶς
3103 4067 3158 4119 δὲ
3181 4069 3328 4139 αὐτῷ
3356 4072 3448 4123 καὶ
3473 4073 3660 4140 ὀφθεὶς

2081 4148 2511 4221 ἀναγέγραπται,
2543 4155 2636 4206 καὶ
2665 4154 2762 4207 οὐκ
2789 4157 2845 4208 ἐν
2873 4159 3043 4220 νυκτὶ,
3074 4157 3190 4213 ἀλλ’
3218 4163 3275 4213 ὲν
3305 4163 3493 4235 ἡμέρα
3518 4167 3660 4237 μέσῃ

2080 4240 2262 4308 ὀφθείς
2283 4260 2294 4271 ·
2327 4243 2387 4294 τὸ
2418 4244 2546 4311 γοῦν
2571 4245 2750 4317 τρίτον
2777 4249 2870 4301 καὶ
2900 4251 2958 4302 ὲν
2989 4251 3123 4321 αὐτῇ
3160 4253 3478 4326 μεσημϐρίᾳ
3510 4257 3661 4326 αὐτῷ

2080 4332 2449 4398 ἐπιξενοῦται·
2494 4335 2571 4406 τῷ
2622 4337 2676 4391 δὲ
2735 4339 2925 4393 Ἰακὼϐ
2977 4341 3189 4412 πρῶτον
3256 4345 3354 4415 μὲν
3404 4345 3659 4411 δύναντος

2079 4423 2230 4494 ἡλίου
2263 4427 2320 4478 ἐν
2357 4426 2496 4499 μέσῃ
2531 4431 2686 4482 νυκτὶ
2728 4431 2849 4484 καθ’
2896 4432 3096 4497 ὕπνους
3149 4436 3397 4505 φαίνεται
3438 4441 3556 4492 κατ’
3605 4444 3658 4493 εἰ

2081 4514 2188 4585 γὰρ
2218 4517 2498 4590 (κατιόντι)
2534 4522 2612 4585 είς
2645 4523 3092 4596 Μεσοποταμίαν,
3113 4527 3200 4581 ὅτε
3228 4529 3286 4581 ἐν
3317 4529 3398 4600 τῷ
3419 4532 3651 4602 ὁράματι

2078 4606 2358 4680 θεωρήσας
2386 4612 2482 4682 τήν
2514 4613 2949 4686 οὕρανοκλίμακα
2990 4620 3082 4670 καὶ
3114 4621 3239 4684 τοὺς
3269 4623 3651 4687 ἀναϐαίνοντας

2077 4703 2169 4754 καὶ
2207 4705 2331 4766 τοὺς
2375 4707 2795 4770 καταϐαίνοντας
2846 4710 2902 4761 ὲν
2951 4712 3086 4783 αὐτῇ
3130 4714 3416 4781 ἀγγέλους,
3462 4717 3548 4769 τὸν
3589 4717 3647 4769 δὲ

2077 4795 2275 4866 Κύριον
2320 4799 2779 4870 ἐπεστηριγμένον
2821 4805 2905 4855 ἐπ’
2938 4805 3139 4874 αὐτῆς,
3179 4807 3366 4860 ἀκούει
3405 4809 3645 4879 λέγοντος

2076 4889 2221 4959 αὐτῷ
2253 4891 2345 4942 τοῦ
2381 4893 2606 4961 Κυρίου,
2649 4913 2666 4944 ‹
2714 4894 2851 4963 Ἐγὼ
2899 4897 3100 4968 Κύριος
3140 4900 3170 4950 ὁ
3217 4900 3350 4964 Θεὸς
3403 4897 3641 4973 ’Λϐραᾶ;ι

2075 4978 2167 5031 τοῦ
2195 4983 2398 5052 πατρός
2433 5000 2546 5046 σου,
2588 5002 2606 5034 ι
2637 4986 2730 5037 καὶ
2755 4985 2819 5038 τὰ
2846 4987 3024 5052 λοιπὰ,
3061 4989 3095 5042 ἂ
3124 4991 3217 5043 καὶ
3246 4991 3357 5044 ἀπὸ
3386 4993 3493 5046 τῶν
3521 4993 3638 5059 ὲξξς

2076 5072 2397 5141 παρίσταται
2422 5074 2487 5127 δι’
2518 5077 2746 5145 ἀγγέλου
2781 5078 2927 5148 αὑτῷ
2961 5080 3196 5149 εἰρηκώς
3217 5100 3230 5112 ο
3266 5084 3358 5136 καὶ
3400 5085 3636 5156 δεύτερον

2068 5161 2123 5213 δὲ
2146 5164 2201 5213 ἐν
2227 5166 2291 5233 τῇ
2328 5167 2740 5239 Μεσοποταμίᾳ,
2769 5171 2854 5223 ὅτε
2903 5174 3127 5238 ἐπιστὰς
3166 5171 3322 5240 αὖθις
3365 5180 3394 5230 ό
3432 5178 3514 5230 διὰ
3545 5177 3633 5229 τοῦ

2069 5255 2486 5324 τετραγράμμου
2511 5258 2832 5329 δηλούμενος
2858 5263 3059 5333 Κύριος
3085 5265 3233 5319 εἶπεν
3254 5269 3425 5340 αὐτῷ’
3449 5290 3466 5321 ι
3490 5271 3634 5320 Ἀπο-

2069 5348 2297 5417 στρέφου
2338 5351 2417 5412 εἰς
2448 5352 2547 5422 τὴν
2577 5353 2678 5422 γῆν
2717 5355 2823 5407 τῶν
2861 5357 3112 5428 πατέρων
3161 5377 3255 5413 σου
3299 5366 3393 5416 καὶ
3433 5368 3507 5427 είς
3537 5362 3631 5431 τὴν

2067 5439 2258 5503 γενεάν
2290 5443 2508 5504 σου,κα“ι
2534 5443 2725 5515 ἔσομαι
2759 5449 2893 5518 μετὰ
2930 5451 3041 5504 σοῦ.
3076 5470 3094 5502 ι
3123 5453 3262 5507 Καθ’
3297 5454 3460 5511 ὕπνον
3489 5454 3630 5524 αὐτῷ

2065 5525 2236 5580 ταῦτα
2260 5529 2352 5582 καὶ
2375 5530 2440 5582 δι’
2465 5532 2696 5601 ἀγγέλου
2722 5536 2938 5608 εἴρηκεν
2959 5558 2969 5568 ’
2999 5539 3075 5605 ὡς
3115 5543 3172 5597 δὲ
3199 5546 3362 5606 αὐτὸς
3383 5549 3411 5599 ό
3446 5544 3624 5600 Ἰακὼϐ

2438 5708 2481 5738 ⁸⁷
2525 5708 2652 5764 ibid.
2714 5711 2893 5769 26-28.
3001 5718 3045 5749 ⁸⁸
3087 5720 3216 5774 ibid.
3268 5723 3353 5780 50.
3414 5726 3455 5759 "
3489 5723 3618 5779 ibid.
