3868 6264
227 365 360 419 1041

1251 357 1550 414 ECLOGA]
1592 355 2073 414 PROPHETICIE.
2117 388 2182 396 ——
2223 355 2348 410 LIB.
2383 355 2422 411 1.

3344 354 3486 409 ιοιρ.

222 483 465 538 διδάσκει
496 483 596 537 ἀνα
628 483 784 552 (ἅμα)
818 479 949 551 γοῦν
975 483 1041 552 τῇ
1069 481 1189 550 θείᾳ
1217 483 1366 552 φωνῇ
1396 480 1492 552 τὴν
1528 481 1690 534 Λείαν
1719 483 1803 534 καὶ

1917 481 2040 546 bus,
2077 478 2284 531 vocalis
2313 475 2418 530 Deo
2444 475 2670 544 jubente
2695 471 2899 526 Rachel
2927 480 2981 527 et
3033 470 3150 533 Lia,
3175 469 3363 540 eisque
3396 471 3483 524 in.-

219 575 323 646 τὴν
366 573 566 645 Ῥαχὴλ
609 573 977 637 ἀνακαλέσας,
1028 573 1145 644 μεθ’
1176 573 1339 645 ἕτερα
1378 573 1470 626 τὸν
1518 573 1810 644 γενόμενον

221 666 375 738 αὐτῷ
409 667 789 737 χρηματισμὸν
837 665 1142 720 ἀνατίθεται
1191 666 1378 729 αὐταῖς
1414 664 1609 734 λέγων,
1640 685 1658 716 1
1702 666 1810 719 Καὶ

218 754 348 815 εἷπε
378 774 469 830 μοι
511 761 539 813 6
574 758 804 827 ἄγγελος
833 757 926 812 τοῦ
956 756 1091 811 Θεοῦ
1139 757 1258 811 καθ’
1298 756 1485 822 ῦπνον,
1531 756 1744 817 Ἰακὼϐ,
1785 777 1803 808 ι

223 854 319 909 καὶ
368 853 438 908 τά
483 853 628 926 ἑξῆς,
683 855 742 908 ἐν
790 847 870 918 οἷς
924 869 1107 924 φησιν·
1151 871 1169 903 1
1213 852 1354 921 Ἐγὼ
1385 855 1500 923 εἰμι
1546 853 1575 904 6
1620 852 1752 916 Θεὸς
1781 855 1810 906 ὁ

219 944 410 1015 ὀφθείς
436 961 516 997 σοι
539 945 596 998 ὲν
622 943 772 1014 τόπῳ
791 945 924 997 Θεοῦ
943 961 956 975 ο
983 936 1044 996 οῦ
1070 942 1296 1014 ἧλειψάς
1325 959 1412 1014 μοι
1441 944 1558 996 ἐκεῖ
1585 944 1808 1014 στήλην,

220 1037 317 1091 καὶ
345 1035 495 1107 ηῦξω
521 1053 611 1106 μοι
637 1039 756 1090 ἐκεῖ
795 1037 958 1107 εὐχήν
978 1054 994 1069 ·
1022 1035 1117 1091 νῦν
1158 1031 1250 1090 οὖν
1282 1034 1565 1106 ἀνάστηθι,
1601 1036 1695 1089 καὶ
1725 1035 1812 1102 ἔξ-

217 1127 344 1183 ελθε
375 1129 440 1182 ὲκ
463 1129 565 1200 τῆς
595 1128 700 1200 γῆς
732 1129 958 1200 ταύτης,
991 1130 1084 1184 καὶ
1115 1128 1314 1184 ἄπελθε
1342 1131 1422 1193 είς
1449 1129 1546 1200 τήν
1580 1130 1682 1200 γῆν
1710 1130 1809 1200 τῆς

216 1219 485 1290 γενέσεώς
525 1238 637 1274 σου.
679 1239 699 1274 ι
731 1221 884 1275 Μετά
913 1222 971 1274 δὲ
1019 1221 1190 1275 ταῦτα
1227 1221 1621 1291 ὑποστρέψαντι
1662 1221 1810 1291 αύτῷ

214 1314 329 1369 ἀπὸ
365 1315 464 1386 τῆς
493 1315 916 1386 Μεσοποταμίας
957 1316 1170 1387 πρῶτον
1202 1315 1299 1385 μὲν
1331 1315 1432 1386 ήδη
1471 1315 1679 1386 πρωῒας
1719 1311 1810 1366 οῦ-

217 1422 320 1476 σης
356 1406 691 1477 συνήντησαν
734 1407 783 1459 οἱ
833 1406 1051 1474 ἄγγελοι
1101 1406 1195 1460 τοῦ
1223 1407 1380 1470 Θεοῦ,
1415 1407 1542 1479 περὶ
1594 1400 1669 1460 ὧν
1713 1405 1810 1458 καὶ

212 1489 359 1551 εἶπε·
390 1517 407 1549 1
438 1497 767 1570 Παρεμϐολὴ
789 1497 924 1551 Θεοῦ
951 1497 1115 1568 αῦτη-
1151 1519 1168 1550 ι
1197 1501 1290 1552 καὶ
1320 1500 1464 1562 εἰκός
1490 1517 1552 1568 γε
1587 1497 1807 1562 τούτους

211 1590 462 1653 ἐκείνους
488 1585 650 1654 εῖναι,
679 1589 773 1654 οὓς
803 1591 1065 1662 πρότερον
1099 1592 1190 1644 ἐπὶ
1219 1591 1316 1661 τῆς
1343 1591 1605 1662 κλίμακος
1631 1592 1806 1662 έωρά-

211 1695 334 1731 κει’
379 1673 498 1731 εἶτα
534 1679 591 1731 δὲ
637 1681 734 1732 καὶ
779 1679 1056 1733 ἀνατέλλει
1099 1680 1246 1751 αὐτῷ
1287 1683 1314 1734 ὁ
1357 1680 1614 1752 ἀνωτέρω
1644 1680 1808 1744 δύνας

125 1817 131 1823 .
211 1769 367 1839 ἥλιος
399 1769 537 1842 μετά
565 1770 662 1842 τὴν
704 1771 1124 1843 προεκτεθεῖσαν
1168 1774 1492 1845 περικοπὴν,
1525 1775 1582 1825 ἐν
1681 1773 1806 1842 φαί-

1916 580 1995 626 ter
2065 571 2170 623 alia
2234 567 2576 638 apparitione
2628 581 2749 636 quae
2807 565 2911 620 sibi
2968 573 3225 626 evenerat
3290 561 3482 616 relata.

1920 681 1937 712 1
1978 661 2231 731 Dixitque
2263 660 2489 730 angelus
2523 657 2760 720 Domini,
2815 656 3012 725 inquit,
3038 656 3103 709 ad
3130 667 3215 708 me
3256 651 3492 707 in.som-'

1912 757 2015 820 nis,
2046 755 2236 810 dicens
2269 752 2475 808 :Jacob
2505 753 2574 818 ⁶²;
2612 769 2631 804 ι
2665 758 2720 805 et
2768 756 2985 812 caetera,
3033 746 3086 800 in
3131 745 3330 816 quibus
3364 745 3439 797 ait
3469 761 3482 795 :

1917 867 1934 899 1
1974 846 2086 918 Ego
2117 862 2236 902 sum
2265 844 2409 900 Deus
2439 844 2591 899 visus
2619 842 2713 897 tibi
2757 841 2812 895 in
2845 843 2962 895 loco
3016 839 3132 902 Dei,
3160 837 3252 892 ubi
3280 835 3484 891 tinxisti

1911 939 2168 1011 lapidem,
2200 947 2253 992 et
2277 947 2461 992 votum
2488 936 2684 992 vovisti
2716 935 2869 990 mihi.
2898 933 3055 988 Nune
3078 950 3208 1004 ergo
3238 948 3399 1004 surge
3429 940 3483 988 et

1909 1030 2168 1102 egredere
2191 1029 2258 1085 de
2283 1037 2428 1085 terra
2462 1029 2596 1091 hac,
2628 1036 2899 1083 revertere
2935 1027 2989 1080 in
3025 1036 3222 1081 terram
3285 1026 3485 1080 nativi-

1911 1123 2041 1180 tatis
2073 1132 2179 1178 tuae
2207 1122 2274 1176 °'.
2313 1143 2331 1175 ι
2370 1121 2501 1178 Post
2531 1122 2648 1177 haec
2675 1137 2806 1176 vero
2839 1121 3134 1175 revertenti
3167 1135 3196 1173 e
3232 1119 3484 1188 Mesopo-

1909 1216 2076 1270 tamia
2105 1215 2281 1286 primo
2304 1229 2463 1270 mane
2483 1214 2698 1269 obviam
2727 1211 2948 1267 fuerunt
2978 1211 3152 1280 angeli
3177 1208 3391 1264 Domini
3419 1209 3485 1264 de

1909 1307 2110 1377 quibus
2135 1315 2190 1361 et
2219 1305 2357 1360 dixit
2392 1322 2406 1357 :
2444 1323 2463 1356 1
2496 1304 2690 1360 Castra
2718 1303 2815 1359 Dei
2858 1311 2987 1358 sunt
3017 1302 3131 1357 haec
3163 1301 3228 1355 “.
3268 1320 3287 1352 ι
3332 1299 3485 1355 Veri-

1911 1399 2200 1458 simile.est
2227 1397 2329 1454 hos
2352 1413 2496 1463 esse,
2529 1412 2668 1467 quos
2696 1397 2850 1466 prius
2903 1409 3068 1464 super
3101 1393 3304 1449 scalam
3335 1391 3484 1446 vide-

1910 1500 2014 1549 rat.
2043 1493 2245 1548 Deinde
2274 1493 2450 1547 oritur
2471 1492 2548 1545 illi
2575 1491 2656 1547 sol
2687 1506 2752 1545 ex
2793 1490 2902 1544 alto
2954 1495 3078 1559 post
3107 1485 3484 1557 supradictiun

1909 1587 2112 1650 locum,
2141 1587 2198 1639 in
2231 1600 2340 1656 quo
2364 1583 2580 1640 videtur
2607 1598 2730 1639 cum
2754 1597 2820 1638 eo
2844 1583 3088 1637 luctatus
3115 1595 3212 1651 per
3230 1593 3484 1634 somnum

1908 1678 2002 1748 qui
2031 1677 2096 1731 ad
2128 1693 2251 1732 eum
2277 1676 2414 1731 dixit
2445 1692 2457 1728 :
2502 1694 2519 1726 1
2555 1674 2910 1745 Nequaquam
2958 1670 3127 1726 Jacob
3180 1669 3483 1742 appellabi-

1910 1778 2000 1822 tur
2040 1784 2240 1824 nomen
2275 1775 2453 1830 tuum,
2506 1766 2602 1822 sed
2651 1765 2841 1829 Israel,
2895 1764 3156 1836 quoniam
3207 1763 3253 1816 si
3287 1769 3481 1816 contra

209 1877 364 1914 νεται
385 1860 630 1916 παλαίων
656 1862 806 1933 αὐτῷ
832 1863 953 1916 καθ’
980 1863 1181 1928 ὕπνους
1203 1867 1230 1918 6
1258 1867 1432 1937 φήσας
1461 1865 1597 1936 πρὸς
1622 1865 1802 1919 αὐτόν·

1909 1861 2078 1916 Deum
2104 1861 2264 1916 fortis
2300 1859 2479 1924 fuisti,
2505 1865 2712 1929 quanto
2766 1856 2942 1926 magis
2997 1862 3184 1909 contra
3230 1851 3482 1908 homines

213 1969 234 2003 1
268 1952 469 2006 Οὐκέτι
506 1953 834 2026 κληθήσεται
875 1955 935 2008 τὸ
970 1954 1142 2027 ὅνομά
1180 1974 1271 2009 σου
1307 1957 1520 2022 Ἰακὼϐ,
1543 1957 1660 2012 ἀλλ’
1695 1959 1794 2012 Ἰσ-

208 2043 352 2115 ραὴλ
383 2043 536 2097 ἔσται
579 2045 641 2098 τὸ
681 2045 855 2118 ὄνομά
894 2063 1008 2112 σου,
1052 2049 1133 2101 ὅτι
1165 2049 1451 2121 ὲνίσχυσας
1489 2049 1627 2120 μετά
1666 2049 1802 2106 Θεοῦ

207 2134 304 2188 καὶ
337 2133 478 2206 μετά
505 2134 806 2207 ἀνθρώπων
834 2136 1076 2201 δυνατός.
1112 2156 1131 2189 ι
1159 2136 1311 2191 Μετά
1336 2137 1468 2207 γοῦν
1499 2138 1598 2209 τὴν
1635 2139 1806 2193 ὀπτα-

208 2227 332 2279 σίαν
357 2227 629 2281 ἀνέτειλεν
666 2227 816 2300 αὐτῷ
847 2231 876 2282 6
902 2229 1084 2300 ἥλιος⁵
1120 2230 1221 2302 ήδη
1249 2230 1306 2283 δὲ
1341 2229 1672 2302 προκόψαντι
1711 2231 1804 2284 καὶ

206 2319 548 2399 τελειωθέντι
579 2321 760 2375 οὐκέτι
805 2321 928 2376 καθ’
960 2321 1181 2386 ὕπνους,
1214 2321 1312 2376 ἀλλ
1327 2308 1485 2375 ”οὐδὲ
1524 2323 1581 2375 ὲν
1621 2321 1798 2388 νυκτὶ,

205 2412 328 2467 οὐδὲ
358 2414 425 2468 δι’
453 2414 708 2484 ἀγγέλου,
731 2415 850 2468 οὐδὲ
890 2415 996 2488 μὴν
1035 2414 1104 2468 δι’
1136 2414 1478 2486 ἀνθρωπίνου
1520 2414 1713 2479 εἴδους,
1741 2414 1801 2466 ἐν

209 2501 352 2574 μέσῃ
381 2503 438 2556 δὲ
471 2504 656 2578 ἡμέρᾳ
699 2505 793 2558 καὶ
839 2505 978 2574 φωτὶ
1025 2505 1378 2577 χρηματίζων
1425 2505 1575 2576 αὐτῷ
1609 2507 1637 2559 ὁ
1667 2505 1802 2570 Θεός

205 2605 399 2665 φησιν’
442 2612 461 2646 1
513 2595 796 2662 Ἀναστὰς,
831 2595 1063 2669 ἀνάϐηθι
1110 2599 1192 2662 είς
1235 2597 1329 2652 τὸν
1365 2598 1533 2652 τόπον
1575 2596 1800 2679 Βαιθὴλ,

204 2687 301 2739 καὶ
333 2684 474 2740 οἴκει
503 2688 648 2740 ἐκεῖο
686 2707 707 2741 ι
743 2689 836 2742 καὶ
870 2689 964 2744 ἐπὶ
994 2688 1206 2754 τούτοις
1250 2690 1384 2744 πᾶσι
1421 2690 1543 2745 τότε
1585 2689 1800 2762 πρῶτον

200 2781 234 2850 ή
272 2779 395 2833 θεία
423 2779 616 2853 Γραφὴ
661 2786 933 2855 μαρτυρεῖ
976 2783 1057 2836 ὅτι
1098 2782 1254 2855 ὤφθη
1301 2782 1450 2854 αὐτῷ
1493 2784 1522 2836 6
1567 2782 1699 2847 Θεὸς
1739 2784 1802 2836 ὲν

199 2873 407 2939 Λουζᾶ,
436 2875 534 2928 καλ⁸
578 2872 870 2946 εὐλόγησεν
913 2875 1074 2929 αὐτὸν
1116 2875 1292 2944 λέγων
1333 2875 1404 2929 τὰ
1445 2875 1801 2946 ἀναγεγραμ-

202 2964 372 3034 μένα.
408 2961 471 3037 (f.
487 2964 576 3036 ii)
594 2966 909 3037 Ζητήσομεν
928 2965 972 3019 δ’
993 2966 1085 3020 ἐπὶ
1105 2966 1297 3039 σχολῆς
1320 2966 1438 3031 πῶς
1466 2967 1602 3039 μετὰ
1627 2967 1800 3022 ταῦτα

202 3055 457 3126 μέλλοντι
485 3057 632 3128 αὐτῷ
665 3057 910 3111 κατιέναι
953 3059 1034 3122 είς
1072 3059 1346 3127 Αἴγυπτον
1379 3058 1540 3112 πάλιν
1580 3061 1639 3113 ὲν
1667 3059 1799 3132 όρά-

202 3166 342 3220 ματι
373 3151 468 3203 καὶ
495 3149 581 3203 διὰ
609 3148 802 3213 νυκτὸς
837 3152 865 3204 6
902 3149 1035 3215 Θεὸς
1067 3146 1238 3203 εἷπενσ
1267 3170 1285 3202 1
1316 3152 1408 3220 Μὴ
1442 3149 1607 3222 φοϐοῦ
1633 3169 1800 3205 κατα-

199 3240 372 3313 ϐῆναι
400 3243 481 3306 είς
511 3241 805 3311 Αἴγυπτον.
849 3263 868 3295 ι
895 3242 1082 3298 Ταῦτα
1112 3244 1168 3296 δὲ
1196 3247 1326 3316 ἡμῖν
1357 3245 1668 3313 ἀναγκαίως
1702 3263 1805 3298 πα-
1831 3248 1874 3305 C

201 3333 549 3405 ρατέθειται·
586 3329 856 3389 δείκνυσιν
882 3337 988 3406 γὰρ
1017 3337 1098 3389 ὅτι
1152 3338 1226 3408 μὴ
1255 3336 1495 3408 εὐχερῶς
1555 3337 1675 3408 μηδ’
1711 3337 1804 3391 ἐπὶ

195 3425 316 3482 τῶν
343 3427 616 3498 τυχόντων
643 3427 854 3499 ἀνδρῶν
885 3430 918 3499 ή
957 3427 1076 3481 θεία
1108 3428 1298 3499 Γραφὴ
1334 3427 1424 3481 τὸν
1454 3428 1586 3481 Θεὸν
1622 3423 1803 3497 ὦφθαι

201 3517 449 3590 ιστορεῖο
486 3517 598 3573 οὐτ’
631 3514 724 3573 οὖν
758 3504 853 3573 ὲπῖ
890 3518 983 3572 τοῦ
1023 3519 1213 3590 Ἀδὰμ,
1245 3518 1355 3573 οὔτ’
1384 3520 1476 3573 ἐπὶ
1516 3519 1611 3573 τοῦ
1641 3538 1808 3592 μετα-

196 3610 460 3675 τεθέντος
496 3610 684 3682 Ἑνὼχ,
725 3612 840 3667 ἀλλ’
866 3612 976 3665 οὐδ’
1011 3612 1104 3665 ἐπὶ
1141 3612 1238 3666 τοῦ
1279 3611 1424 3677 Νῶε,
1456 3612 1562 3665 οὐδ’
1592 3613 1678 3665 ἐπ’
1708 3613 1805 3665 αὐ-

194 3701 304 3757 τοῦ
330 3702 611 3766 Μωῦσέως
636 3705 930 3776 τετήρηται
956 3705 1038 3757 ὅτι
1060 3701 1217 3776 ὤφθη
1231 3706 1338 3758 τινὶ
1353 3704 1558 3759 τούτων
1588 3705 1616 3758 6
1647 3705 1801 3770 Θεὸς,

196 3794 455 3864 καίτοιγε
501 3795 762 3859 πολλάκις
817 3797 998 3860 αὐτοῖς
1039 3795 1327 3866 διειλέχθαι
1375 3798 1805 3870 ἀναγεγραμμέ-

197 3903 298 3951 νος
318 3903 332 3918 ο
365 3887 479 3941 ἀλλ’
506 3887 616 3942 οὐδ’
668 3888 759 3942 ἐπὶ
801 3889 920 3952 ἑνός
963 3905 1029 3957 γε
1067 3889 1226 3944 ἄλλου
1260 3893 1288 3944 6
1322 3891 1464 3953 θεῖος
1507 3891 1679 3960 Λόγος
1713 3891 1806 3945 τὸν

196 3979 344 4035 Θεὸν
385 3973 566 4049 ὦφθαι
618 3980 848 4049 εἰσάγει,
882 3981 1036 4052 ἦὲπὶ
1086 3983 1245 4053 μόνου
1289 3983 1384 4036 τοῦ
1427 3983 1676 4055 ’Ᾱϐραάμ
1708 3983 1804 4037 καὶ¹

196 4070 304 4126 τοῦ
336 4073 522 4127 Ἰσαὰκ
548 4073 642 4126 καὶ
671 4073 763 4127 τοῦ
797 4073 988 4127 Ἰακώϐ
1009 4089 1023 4103 °
1055 4075 1149 4128 καὶ
1175 4073 1268 4128 ἐπὶ
1297 4075 1396 4146 μὲν
1425 4074 1519 4129 τσῦ
1554 4075 1804 4148 Ἀϐραὰμ

197 4167 269 4220 οὐ
301 4164 446 4218 κατά
486 4165 577 4219 τὸν
621 4165 836 4239 πρῶτον
868 4167 1017 4239 αὐτῷ
1041 4168 1630 4242 χρηματισμὸνηῶφθη,
1666 4171 1803 4228 ἀλλά

198 4257 355 4313 κατά
382 4255 474 4311 τὸν
500 4257 749 4331 δεύτερον
794 4261 888 4313 καὶ
917 4258 1059 4314 κατὰ
1090 4261 1181 4314 τὸν
1212 4262 1457 4333 πέμπτον
1488 4262 1583 4316 καὶ
1610 4263 1767 4317 ἓκτον
1785 4282 1799 4295 ·

200 4349 307 4404 ἐπὶ
343 4348 404 4403 δὲ
440 4350 533 4404 τοῦ
584 4349 777 4406 Ἰακὼϐ
809 4351 946 4422 μετά
981 4352 1049 4406 τὰ
1086 4353 1552 4427 ἀναγεγραμμένα
1591 4359 1798 4413 πάντα·

200 4440 290 4513 τῷ
327 4440 440 4511 γὰρ
473 4442 661 4497 Ἰσαὰκ
699 4443 780 4508 δὶς
832 4444 990 4515 μόνος
1033 4447 1377 4518 χρηματίσας
1420 4450 1448 4501 6
1488 4448 1692 4522 Κύριος
1739 4450 1801 4504 τὸ

197 4535 294 4597 δἰς
324 4527 504 4604 ὦφθαι
536 4533 688 4606 αὐτῷ
712 4536 1143 4609 ἀναγέγραπται,
1179 4540 1226 4591 εί
1259 4539 1437 4594 καὶτὸ
1462 4540 1710 4613 δεύτερον
1741 4542 1801 4597 ὲν

199 4625 391 4679 νυκτί.
418 4625 688 4698 Πρόδηλον
711 4627 768 4680 δὲ
793 4629 904 4682 ἀπὸ
935 4629 1044 4683 τῶν
1079 4631 1220 4685 κατά
1249 4632 1340 4685 τὸν
1377 4631 1626 4704 Ἀϐραὰμ
1661 4652 1797 4708 προ-

200 4716 520 4788 ειρημένων
552 4719 702 4791 ήμϊν,
725 4720 806 4772 ὅτι
837 4719 910 4792 μὴ
943 4723 1036 4775 ἐπὶ
1063 4723 1125 4776 τὸ
1159 4724 1374 4795 πρῶτον
1400 4727 1569 4779 αἴτιον
1597 4727 1798 4797 ἀναφέ-

202 4826 332 4881 ρειν
369 4809 472 4881 χρὴ
495 4807 594 4873 τὰς
619 4810 900 4876 ὀπτασίας,
943 4813 1060 4868 ἀλλ’
1090 4815 1184 4868 ἐπὶ
1225 4815 1314 4868 τὸν
1345 4815 1486 4870 θεῖον
1523 4817 1713 4887 Λόγον,
1737 4819 1796 4874 ὃν

199 4900 337 4954 οὐδὲ
371 4899 533 4954 αὐτόν
561 4901 758 4972 (αὐτοί)
794 4920 880 4957 πω
912 4908 1110 4977 χωρεῖν
1141 4899 1325 4961 οἷοίτε
1362 4904 1502 4979 ἦσαν
1537 4911 1584 4962 οἱ
1622 4911 1798 4981 μακά-

202 5008 323 5065 ριοι
359 4993 457 5045 καὶ
495 4992 628 5046 θεῖοι
661 4994 878 5066 ἄνδρες·
915 4997 1126 5062 τούτοις
1175 4997 1305 5067 γοῦν
1351 5000 1555 5065 αὐτοῖς,
1591 4995 1671 5065 οἷς
1703 5005 1797 5055 καὶ

196 5077 396 5152 ὦφθαι
457 5086 814 5158 προείρηται,
868 5089 1004 5159 μετά
1063 5090 1321 5156 πλείστας
1384 5094 1802 5165 προγυμνασίας

199 5177 447 5247 ἑωρᾶτο.
480 5176 577 5241 Τίς
610 5177 675 5250 δὴ
707 5179 816 5253 (ἂν)
860 5175 950 5234 οῦν
998 5181 1155 5246 ἀλλος
1185 5184 1268 5254 εἴη
1317 5184 1411 5237 καὶ
1454 5187 1482 5238 6
1524 5185 1666 5239 κατά
1703 5186 1801 5258 τὴν

200 5269 589 5340 προκειμένην
625 5271 929 5343 περικοπὴν
979 5275 1334 5344 συμπαλαίων
1380 5288 1473 5328 και
1508 5294 1805 5346 συναγωνι-

200 5359 445 5429 ζόμενος
488 5360 582 5414 καὶ
621 5362 858 5434 ὡσπερεὶ
901 5366 1202 5437 συμμαχῶν
1232 5367 1310 5437 τῷ
1347 5367 1562 5432 Ἰακὼϐ,
1592 5368 1622 5438 ἢ
1649 5371 1677 5422 6
1707 5389 1802 5422 πο-

202 5448 472 5521 λυμερῶς
519 5453 613 5505 καὶ
658 5455 1010 5526 πολυτρόπως
1053 5460 1166 5520 τοῖς
1215 5460 1450 5530 πατράσι
1498 5461 1732 5533 λαλήσας
1773 5464 1806 5514 6

205 5541 367 5612 ἱερὸς
397 5542 490 5596 τοῦ
523 5543 658 5598 Θεοῦ
697 5547 886 5616 Λόγος,
922 5549 1079 5620 μόνος
1119 5549 1256 5616 μετά
1295 5553 1387 5604 τὸν
1427 5552 1643 5625 Πατέρα
1683 5553 1803 5608 Κύ-

1829 4599 1874 4654 D

297 5725 341 5755 ⁸⁸
382 5722 516 5778 Gen.
542 5739 692 5789 uxr,
726 5727 788 5782 Η

209 5795 269 5828 ⁸³
315 5791 476 5851 Hebr.
517 5809 567 5861 ι,
607 5795 658 5851 ι.

1909 1953 2336 2024 praevalebis"!
2382 1970 2401 2003 ›
2456 1950 2588 2006 Post
2636 1950 2803 2021 igitur
2841 1949 3127 2007 visionem,
3177 1945 3363 2000 statim
3400 1944 3483 1998 sol

1908 2055 2064 2102 ortus
2102 2053 2188 2102 est
2235 2045 2306 2100 ei.
2371 2043 2668 2114 Postquam
2709 2047 2890 2097 autem
2943 2037 3257 2111 profecerit,
3299 2035 3480 2107 perfe-

1908 2145 2140 2208 etusque
2164 2136 2353 2202 fuerit,
2385 2135 2499 2205 jam
2521 2149 2630 2190 non
2679 2134 2734 2188 in
2771 2133 3004 2196 somnis,
3068 2145 3245 2200 neque
3293 2136 3482 2191 noctu,

1907 2245 2086 2303 neque
2115 2245 2213 2300 per
2241 2229 2517 2300 angelum,
2549 2241 2726 2298 neque
2761 2225 2864 2281 sub
2881 2223 3064 2295 Specie
3091 2223 3353 2287 humana,
3385 2220 3485 2277 sed

1906 2323 1976 2385 in
1996 2321 2178 2378 medio
2199 2322 2308 2389 die,
2340 2321 2463 2377 luce
2495 2320 2551 2375 in
2576 2318 2757 2374 media
2774 2357 2789 2384 ,
2818 2316 2964 2372 Deus
3010 2315 3130 2386 ipse
3153 2311 3478 2368 manifesta-

1908 2423 1999 2470 tur
2029 2414 2100 2479 ei,
2131 2415 2358 2470 dicens:
2400 2431 2420 2466 1
2456 2411 2651 2485 Surge,
2684 2418 2740 2467 et
2768 2407 3001 2466 ascende
3021 2406 3228 2470 Bethel,
3252 2413 3308 2461 et
3331 2404 3486 2458 habi-

1909 2520 1964 2566 ta
2000 2510 2075 2566 ibi
2104 2509 2170 2565 “.
2210 2528 2231 2563 ι
2268 2510 2447 2580 Atque
2475 2513 2602 2579 post
2655 2505 2772 2562 haec
2802 2505 3008 2569 omnia,
3058 2509 3190 2557 tunc
3245 2499 3482 2570 primum

1907 2601 2092 2656 divina
2114 2599 2398 2671 Scriptura
2428 2605 2663 2654 testatur
2690 2595 2796 2667 ipsi
2827 2593 2998 2650 Deum
3026 2591 3204 2647 visum
3235 2588 3405 2645 fuisse
3429 2587 3483 2642 in

1907 2694 2076 2760 Luna,
2105 2692 2200 2766 qui
2227 2699 2283 2749 et
2314 2690 2592 2748 benedixit
2619 2689 2720 2754 illi,
2737 2687 2982 2758 dixitque
3001 2699 3064 2741 ea
3087 2698 3210 2755 qua:
3229 2683 3484 2738 referun-

1908 2798 2018 2844 tur.
2076 2786 2396 2854 Quaeremus
2429 2792 2612 2841 autem
2669 2781 2844 2838 otiose
2897 2778 3174 2852 quomodo
3223 2776 3482 2846 deinceps

1907 2882 1980 2943 ei,
2016 2894 2142 2935 cum
2175 2879 2232 2934 iu
2253 2877 2550 2950 Egyptum
2599 2874 2930 2932 descendere
2987 2877 3228 2944 pararet,
3285 2882 3482 2923 rursus

1908 2973 1965 3028 in
1993 2972 2204 3029 visione
2224 2981 2497 3026 nocturna
2524 2968 2669 3024 Deus
2683 2967 2882 3023 dixerit
2911 2982 2965 3020 :1
3000 2963 3120 3020 Noli
3142 2963 3358 3027 timere,
3383 2961 3481 3017 de-

1909 3065 2112 3122 scende
2150 3065 2206 3120 in
2255 3061 2549 3135 Egyptum
2592 3062 2654 3117 ⁸⁷.
2713 3079 2733 3114 ι
2776 3058 2902 3115 Haec
2959 3057 3124 3114 nobis
3165 3054 3483 3112 necessario

1908 3155 2314 3229 perpendenda.
2344 3154 2652 3212 Ostendunt
2683 3153 2830 3208 enim
2852 3151 2996 3223 quod
3038 3166 3149 3206 non
3172 3149 3351 3212 facile,
3383 3162 3484 3202 nec

1907 3245 2083 3304 cuivis
2115 3246 2396 3302 hominum
2425 3244 2596 3301 Deum
2639 3245 2816 3299 visum
2855 3241 3028 3298 fuisse
3075 3240 3261 3296 divina
3293 3243 3483 3293 narrat

1910 3337 2214 3408 Scriptura.
2277 3335 2465 3406 Neque
2495 3337 2640 3391 enim
2669 3334 2899 3400 Adamo,
2939 3349 3117 3404 neque
3159 3331 3345 3386 Enoeh
3377 3331 3477 3394 illi,

1904 3431 2000 3502 qui
2049 3431 2349 3486 translatus
2391 3437 2494 3495 est,
2553 3443 2730 3499 neque
2757 3427 2892 3492 Noe,
2936 3441 3113 3496 neque
3144 3426 3249 3495 ipsi
3305 3423 3480 3495 Moysi

1905 3525 2081 3580 fertur
2096 3523 2416 3594 apparuisse
2438 3521 2604 3586 Deus,
2631 3521 2736 3576 etsi
2755 3519 2955 3589 saepius
2976 3519 3058 3573 eis
3087 3518 3482 3572 locutumesse

1905 3622 2156 3671 narrant.
2189 3615 2266 3671 De
2303 3615 2456 3671 nullo
2488 3613 2633 3669 enim
2665 3612 2882 3667 divinus
2914 3625 3096 3666 sermo
3144 3609 3322 3665 visum
3358 3623 3484 3664 esse

1904 3707 2078 3764 Deum
2107 3706 2298 3770 refert,
2334 3705 2443 3762 nisi
2471 3704 2538 3759 de
2589 3704 2710 3760 solo
2730 3703 3062 3766 Abrahamo,
3096 3708 3152 3758 et
3182 3699 3393 3762 Isaaco,
3425 3707 3482 3754 et

1905 3797 2128 3853 Jacobo.
2159 3797 2472 3852 Abrahamo
2505 3796 2722 3866 quidem
2757 3810 2867 3849 non
2926 3794 2983 3848 in
3030 3797 3205 3864 prima
3247 3789 3482 3846 manife-

1908 3890 2148 3946 statione
2170 3890 2322 3945 visus
2349 3895 2456 3953 est,
2485 3887 2580 3945 sed
2614 3885 2872 3952 secunda,
2903 3885 3093 3957 quinta
3111 3891 3163 3940 et
3178 3889 3332 3941 sexta
3352 3901 3366 3948 ;
3389 3879 3483 3937 Ja-

1905 3983 2042 4038 cobo
2077 3991 2258 4037 autem
2288 3981 2343 4036 in
2391 3980 2646 4038 omnibus
2675 3994 2797 4051 quae
2848 3984 3254 4045 memorantur;
3289 3974 3480 4033 lsaaco

1905 4076 1991 4133 bis
2020 4083 2232 4131 tantum
2290 4073 2554 4131 Dominus
2605 4071 3015 4136 manifestatus,
3065 4071 3152 4126 bis
3192 4069 3347 4126 visus
3396 4069 3478 4125 di-

1905 4169 2070 4234 citur,
2121 4176 2175 4224 et
2207 4167 2507 4224 secundum
2541 4167 2759 4238 quidem
2790 4173 2976 4221 noctu.
3016 4162 3364 4218 Manifestum
3394 4169 3482 4215 est

1907 4263 1974 4316 iis
1997 4277 2120 4332 qua:
2148 4262 2260 4332 jam
2291 4261 2358 4317 de
2387 4259 2698 4315 Abrahamo
2749 4257 3010 4320 diximus,
3062 4254 3209 4326 quod
3243 4270 3350 4309 non
3409 4251 3481 4307 ad

1904 4357 2135 4428 primam
2188 4371 2411 4412 causam
2459 4355 2702 4410 visiones
2732 4360 2863 4408 sunt
2906 4348 3228 4412 referendae,
3285 4345 3380 4402 sed
3409 4344 3480 4399 ad

1905 4451 2150 4507 divinum
2174 4449 2436 4516 Verbum,
2477 4449 2619 4519 quod
2643 4449 2892 4516 accipere
2936 4443 3177 4499 nondum
3221 4439 3479 4494 valebant

1905 4541 2050 4596 beati
2079 4539 2359 4609 divinique
2381 4539 2650 4593 homines.
2691 4535 2787 4590 His
2815 4534 2982 4606 igitur
3012 4533 3170 4603 ipsis,
3197 4531 3403 4602 quibus
3425 4537 3480 4584 et

1903 4633 2058 4688 visus
2115 4631 2286 4686 fuisse
2319 4631 2501 4686 dictus
2543 4636 2648 4695 est,
2696 4644 2807 4681 non
2839 4629 2961 4683 sine
2989 4626 3162 4680 multa
3202 4622 3473 4678 exercita-

1905 4727 2055 4781 tione
2104 4722 2494 4796 praeparatoria
2544 4721 2927 4776 manifestatus
2980 4726 3084 4775 est.
3119 4716 3254 4784 Quis
3312 4717 3481 4786 igitur

1906 4819 2046 4872 alius
2079 4832 2200 4873 esse
2230 4823 2437 4887 posset,
2468 4815 2562 4886 qui
2586 4814 2688 4869 hoc
2737 4813 2794 4867 in
2818 4813 2939 4869 loco
2968 4812 3297 4866 colluctatur
3347 4824 3475 4864 cum

1904 4908 2109 4964 Iacobo
2137 4910 2296 4979 quasi
2331 4908 2533 4963 athleta
2559 4915 2615 4962 et
2665 4913 2956 4977 pugnator,
2986 4907 3093 4961 nisi
3125 4905 3352 4977 hicipse
3381 4905 3478 4976 qui

1905 5002 2184 5057 multoties
2208 5001 2493 5070 etJdiversa
2522 5001 2734 5055 ratione
2763 5001 3009 5070 patribus
3025 5001 3232 5056 nostris
3255 5000 3492 5055 locutus

1907 5103 1992 5151 est
2026 5096 2095 5160 δε,
2160 5104 2411 5150 sanctum
2458 5093 2553 5149 Dei
2602 5092 2863 5160 Verbum,
2910 5095 3061 5150 solus
3094 5101 3220 5165 post
3263 5091 3480 5146 Patrem

1906 5188 2175 5244 Dominus
2205 5195 2259 5244 et
2299 5188 2464 5253 Deus,
2501 5188 2594 5258 qui
2616 5188 2770 5243 visus
2819 5195 2872 5242 et
2901 5185 3233 5241 benedicens
3275 5182 3480 5237 Jacobo

1907 5280 2074 5335 Israel
2093 5296 2216 5335 eum
2242 5279 2561 5342 nominavit,
2585 5279 2832 5334 addens:
2871 5277 3116 5332 1Contra
3151 5275 3319 5330 Deum
3369 5274 3482 5328 fon-

1908 5371 1979 5426 tis
2005 5371 2193 5426 fuisti?
2220 5389 2238 5423 ›
2273 5370 2351 5425 Eo
2380 5377 2561 5426 autem
2593 5369 2755 5426 modo
2787 5367 3045 5423 videbant
3095 5366 3266 5421 divini
3297 5365 3479 5420 nomi-

1907 5479 2006 5519 nes
2033 5461 2127 5518 Dei
2155 5461 2417 5527 Verbum,
2441 5479 2563 5533 quo-
2602 5470 2656 5516 et
2685 5460 2984 5515 Salvatoris
3014 5459 3191 5516 nostri
3221 5457 3476 5529 apostoli,

1907 5555 2190 5610 dicentes:
2235 5575 2253 5606 1
2291 5553 2450 5620 Quod
2487 5554 2587 5609 fuit
2613 5553 2683 5608 ab
2715 5552 2894 5618 initio,
2944 5551 3093 5623 quod
3140 5550 3474 5613 audivimus.

891 5727 936 5760 ιι
977 5728 1106 5783 ibid.
1183 5729 1264 5785 l5.
1344 5733 1389 5764 ⁸³
1428 5732 1560 5788 Gen.
1628 5747 1803 5800 χχχιιι

1987 5734 2030 5766 ⁸⁵
2068 5732 2200 5790 ibid.
2231 5734 2322 5790 28.
2401 5733 2450 5765 “
2484 5732 2617 5788 Gen.
2649 5747 2813 5799 xxxv,
2855 5734 2904 5789 l.
2983 5734 3026 5767 "
3067 5731 3205 5788 Gen.
3234 5742 3387 5794 XLVI,
3417 5726 3477 5781 ὅ.
