3868 6264
440 372 579 427 1065

1137 357 1419 432 ξΕυδΕΒὶί
1457 353 1930 412 CxESARIENSlS
1970 353 2120 412 OPP.
2163 348 2341 406 PARS
2382 337 2962 401 [IL—EXEGETICA.

3488 332 3597 389 l0“

438 488 582 558 quod
643 487 870 542 vidimus
921 481 1095 537 oculis
1147 481 1369 546 nostris,
1423 478 1566 549 quod
1597 476 1996 548 perspeximus,

2114 490 2214 544 ριος
2242 446 2335 525 καὶ
2359 469 2490 530 Θεὸς
2523 462 2893 537 χρηματίζων,
2919 458 2977 520 ὃς
3000 456 3094 511 καὶ
3126 452 3399 522 εὐλογήσας
3429 452 3502 504 τὸν
3521 455 3602 506 Ἰα.

437 593 492 636 et
545 595 736 635 manus
795 586 994 634 nostra;
1052 581 1530 630 contrectaverunt
1593 570 1662 623 de
1711 568 1876 623 verbo
1920 567 2002 620 vi-

437 683 506 727 ta:
537 674 598 723 ".
633 691 652 724 ι
709 669 858 736 Quod
891 667 1129 724 Verbum
1159 675 1212 722 et
1245 666 1410 720 vitam
1461 678 1584 718 cum
1627 659 2002 729 conspexisset

436 763 694 827 Jacobus,
723 765 895 818 dixit:
936 782 952 814 ι
993 759 1116 815 Vidi
1136 760 1281 814 enim
1315 757 1484 812 Deum
1517 755 1656 810 facie
1685 752 1751 806 ad
1786 750 1998 814 faciem,

437 866 489 910 et
519 857 723 910 salvata
755 863 838 909 est
869 854 1048 908 anima
1083 867 1199 908 mea
1226 852 1294 905 ⁷⁸.
1337 869 1355 901 ›

2105 543 2220 618 κὼ6
2261 559 2474 633 Ἰσραὴλ
2522 557 2680 612 αὑτὸν
2712 554 3010 623 ὠνόμασεν,
3055 543 3318 604 ἐπειπὼν,
3367 545 3436 597 ὅτι
3462 560 3478 592 ι
3515 544 3603 596 Ἐν-

2110 657 2331 726 ίσχυσας
2361 649 2498 722 μετὰ
2525 647 2691 712 Θεοῦ;
2724 667 2742 698 ›
2770 644 2952 705 Οὕτως
2977 640 3032 692 δὲ
3060 637 3242 709 ἑώρων
3263 636 3309 688 oi
3323 633 3438 688 θεῖοι
3458 634 3604 726 ἀνδρις

2106 724 2196 800 τὸν
2225 745 2316 799 τοῦ
2349 743 2483 798 Θεοῦ
2521 742 2711 809 Λόγον,
2743 739 2816 800 ὼς
2848 736 2942 789 καλ⁵
2969 734 3019 786 οἱ
3055 733 3316 800 φήσαντες
3351 726 3431 780 τοῦ
3458 724 3605 794 Σωτῆ-

2113 857 2200 909 ρος
2231 842 2263 908 ἡ
2273 838 2386 909 μῶν
2433 833 2742 888 ἀπόστολοι·
2775 850 2792 880 ‹
2832 831 2896 880 Ὃ
2923 823 2997 897 ἦν
3025 826 3117 877 ἀπ’
3157 820 3342 892 ἀρχῆς,
3370 819 3396 871 ὃ
3423 819 3608 886 ἀκηκόα-

442 969 557 1020 μεν,
585 950 612 1002 ὃ
643 950 966 1020 ἑωράκαμεν
1002 952 1113 1011 τοῖς
1152 944 1445 1016 ὀφθαλμοῖς
1478 942 1656 1014 ἡμῶν,
1708 941 1797 992 καὶ
1827 935 2185 1007 ἐθεασάμεθα,
2232 935 2325 988 καὶ
2362 936 2416 986 αἱ
2454 933 2630 1002 χεῖρες
2670 925 2824 996 ἡμῶν
2862 919 3243 1020 ἐφηλάψησανὶ
3269 914 3384 1020 περὶ
3425 911 3502 1020 τοῦ
3536 911 3610 962 Δό-

437 1006 672 1112 γουιτῆς
717 1006 889 1112 ξωῆςί
929 1061 950 1094 ›
983 1042 1041 1094 ὃν
1091 1006 1258 1108 λόγον
1305 1006 1395 1093 καὶ
1437 1006 1577 1108 ξωίιν
1615 1035 1941 1104 θεασάμενος
1981 1035 2008 1085 ὁ
2033 1006 2249 1085 Ἰακὼϐ
2286 1029 2529 1099 ἐπιφέρει
2572 1024 2764 1093 λέγων·
2798 1039 2816 1072 ι
2857 1015 3006 1072 Εἶδον
3059 1014 3166 1086 γὰρ
3208 1011 3332 1064 Θεὸν
3382 1006 3611 1078 πρόσωπν

438 1137 570 1206 πρὸς
598 1137 914 1206 πρόσωπον
947 1138 1037 1188 καὶ
1064 1134 1238 1204 ἐσώθη
1271 1152 1370 1204 μου
1399 1137 1430 1202 ή
1462 1132 1628 1202 ψυχή.
1664 1150 1682 1182 ι

1015 1267 1244 1324 CAPUT
1287 1267 1420 1322 Vlll.

511 1381 528 1411 ‹
565 1362 724 1425 Juda,
757 1372 806 1416 te
841 1361 1139 1417 laudabunt
1187 1360 1380 1415 fratres
1411 1360 1488 1413 tui
1541 1379 1554 1413 :
1604 1374 1799 1414 manus
1830 1367 1922 1413 tua
1951 1359 2008 1412 in

436 1454 744 1508 cervicibus
787 1453 1134 1507 inimicorum
1187 1462 1427 1515 tuorum,
1479 1451 1784 1506 adorabunt
1830 1459 1882 1506 te
1912 1451 2008 1505 ﬁlii

435 1547 604 1616 patris
627 1545 725 1599 tui.
787 1545 1014 1600 Catulus
1049 1545 1223 1600 leonis
1245 1542 1384 1598 Juda
1425 1559 1439 1594 :
1471 1558 1502 1598 e
1534 1559 1764 1614 gemma,
1795 1542 1869 1597 ﬁli
1909 1545 2005 1609 mi,

437 1637 732 1692 ascendisti
763 1655 776 1690 :
813 1638 1161 1706 requiescens
1186 1635 1490 1691 accubuisti
1525 1643 1586 1689 ut
1615 1636 1734 1700 leo,
1771 1643 1824 1691 et
1849 1638 2009 1707 quasi

436 1734 620 1786 leaena.
641 1731 775 1796 Quis
789 1730 1076 1786 suscitabit
1095 1745 1219 1784 eum
1236 1730 1260 1782 ?
1279 1727 1398 1784 Non
1417 1728 1698 1784 auferetur
1727 1740 2002 1800 sceptrum

2637 1241 3030 1302 ΚΕΦΑΛΑΙΟΝ
3068 1241 3150 1294 Η¹.

2186 1366 2204 1398 ι
2250 1345 2437 1410 Ἰούδα,
2473 1343 2532 1396 σὲ
2568 1341 2881 1394 αίνέσαισαν
2916 1336 2964 1388 οἱ
3000 1329 3214 1398 ἀδελφοί
3259 1344 3379 1381 σου·
3404 1327 3452 1380 αί
3481 1327 3617 1399 χεῖρές

2112 1455 2203 1492 σου
2231 1439 2326 1491 ἐπὶ
2371 1435 2540 1490 νώτου
2581 1433 2688 1486 τῶν
2721 1428 2928 1502 ἐχθρῶν
2956 1441 3082 1479 σουο
3127 1415 3537 1494 προσκυνήσουσί
3559 1435 3624 1471 σοι

2110 1533 2157 1583 οἱ
2186 1530 2290 1582 υἱοὶ
2315 1529 2410 1582 τοῦ
2450 1525 2655 1596 πατρὸς
2705 1540 2819 1575 σου.
2869 1517 3114 1588 Σκύμνος
3142 1514 3348 1575 λέοντος
3385 1510 3622 1570 Ἰούδαοέτ

2111 1619 2361 1692 βλαστοῦ,
2388 1618 2471 1671 υίὲ
2517 1633 2640 1688 μου,
2667 1612 2898 1681 ἀνέϐης·
2947 1603 3230 1662 ἀναπεσὼν
3275 1601 3623 1692 ἐκοιμήθηςώς

2112 1687 2266 1775 λέων,
2294 1711 2388 1764 καί⁵
2418 1709 2493 1771 ὼς
2526 1705 2763 1788 σκύμνος
2784 1720 2797 1732 ·
2829 1702 2911 1762 τίς
2937 1699 3116 1768 ὲγερεῖ
3148 1693 3336 1757 αύτόν;
3370 1690 3471 1788 Θύκ
3492 1687 3624 1788 Exite-i-

436 1826 503 1878 de
524 1822 683 1886 Juda,
704 1833 760 1879 et
776 1823 886 1878 dux
903 1823 969 1878 de
989 1822 1344 1891 femoreejus,
1359 1822 1535 1877 donec
1556 1822 1740 1876 veniat
1763 1779 1856 1892 quri
1881 1822 2008 1876 mit-

2114 1803 2200 1872 ψει
2231 1803 2411 1874 ἄρχων
2443 1799 2505 1863 ἐξ
2541 1779 2730 1858 Ἰούδα,
2765 1793 2885 1847 οὐδὲ
2912 1790 3210 1860 ἡγούμενος
3238 1785 3329 1890 ἐκ.
3343 1783 3439 1835 τῶν
3458 1779 3626 1892 ὶμηιρὸἰν

434 1913 632 1966 tendus
679 1921 786 1973 est,
812 1921 865 1966 et
912 1911 1029 1980 ipse
1048 1913 1152 1966 erit
1169 1910 1507 1979 exspectatio
1525 1911 1768 1980 gentium
1800 1912 1868 1974 ⁷⁸,
1901 1930 1921 1963 ι
1957 1919 2011 1966 et

437 2004 664 2071 reliqua.
700 2000 867 2066 Quasi
907 2000 1080 2055 sancti
1115 1999 1354 2069 Spiritus
1416 2001 1642 2054 verbum
1677 1999 2009 2055 audiendum

433 2093 623 2147 Jacobi
670 2093 738 2148 de
785 2092 1006 2148 Christo
1055 2093 1521 2163 praphetizantis,
1552 2101 1606 2147 et
1638 2094 1693 2147 in
1720 2107 2010 2162 personam

435 2183 819 2240 transferentis
855 2184 977 2252 ejus
1003 2185 1072 2238 ab
1102 2184 1170 2238 iis
1199 2203 1212 2238 :
1255 2203 1272 2234 ι
1295 2183 1433 2239 Juda
1455 2225 1470 2248 ,
1499 2192 1554 2240 te
1585 2184 1882 2240 laudabunt
1904 2183 2014 2237 fra-

435 2286 548 2330 tres
581 2275 682 2328 tui.
722 2294 741 2328 ι
776 2275 931 2341 Quod
956 2276 1102 2330 enim
1128 2292 1237 2330 non
1273 2276 1338 2329 ad
1371 2292 1544 2330 unum
1577 2275 1811 2329 ﬁliorum
1849 2275 2011 2328 verba

437 2367 638 2420 faceret
660 2365 968 2435 patriarcha
1017 2374 1264 2436 apertum
1312 2376 1397 2421 est
1449 2366 1745 2435 Scriptura:
1797 2366 2008 2435 peritis,

435 2471 557 2527 quae
584 2456 664 2512 sic
695 2467 918 2511 narrat:
962 2477 980 2509 ι
1013 2456 1237 2512 Vocavit
1263 2467 1444 2513 autem
1473 2457 1643 2513 Jaeob
1677 2457 1817 2512 ﬁlios
1857 2472 2008 2520 suos,

436 2556 490 2602 et
511 2547 588 2601 ait
615 2547 695 2602 eis
744 2566 756 2601 :
803 2546 1226 2618 Congregamini
1277 2557 1336 2601 ut
1366 2549 1682 2602 annuntiem
1729 2562 1850 2618 qua:
1877 2562 2010 2602 ven-

436 2649 559 2692 tura
589 2648 718 2694 sunt
740 2641 894 2696 vobis
929 2641 984 2694 in
1013 2639 1208 2697 diebus
1255 2641 1571 2698 novissimis
1595 2643 1661 2694 ⁷².
1694 2661 1711 2694 ι
1750 2641 1919 2712 igitur
1945 2642 2013 2696 de

436 2732 636 2786 futuris
666 2748 725 2788 se
767 2733 847 2788 eis
892 2733 1399 2804 prophetizaturum
1449 2734 1684 2788 nuntiat.
1745 2733 2011 2788 Praeterea

437 2825 785 2894 perspicuum
826 2836 909 2879 est
948 2824 1094 2894 quod
1145 2841 1253 2879 non
1297 2826 1364 2879 ad
1418 2826 1782 2894 patriarcham
1815 2823 2009 2879 Judam

439 2922 687 2982 spectant
732 2916 1029 2984 prophetia:
1068 2917 1250 2971 verba.
1315 2915 1553 2985 Quando
1586 2917 1730 2970 enim
1775 2916 1924 2969 illum
1959 2923 2013 2970 et

437 3021 598 3074 quam
633 3006 703 3060 ob
729 3023 842 3061 rem
888 3007 1253 3062 adoraverunt
1293 3006 1492 3062 fratres
1513 3007 1628 3071 sui,
1666 3014 1760 3060 aut
1792 3015 2014 3076 propter

437 3095 584 3165 quod
618 3096 828 3152 facinus
856 3114 979 3152 eum
1003 3113 1244 3170 unquam
1281 3099 1678 3154 laudaverunt?
1725 3098 2010 3165 Quomodo

2116 1870 2434 1956 αὐτοῦ,’ξως
2461 1890 2526 1943 ἂν
2556 1886 2680 1957 ἔλθῃ
2713 1883 2784 1938 τὰ
2828 1879 3162 1949 ἀποκείμενα
3192 1873 3368 1943 αὐτῷ’
3395 1872 3477 1924 καὶ
3505 1870 3626 1930 αὐτὸς

2115 1985 2404 2060 προσδοκία
2432 1981 2622 2042 ἐθνῶν,
2662 1998 2679 2030 ι
2719 1979 2811 2033 καὶ
2833 1973 2902 2028 τὰ
2931 1973 3078 2041 ὲξῆς.
3119 1970 3205 2060 Ὡς
3230 1966 3400 2060 Αὰγίου
3430 1961 3629 2060 Πνεύμαῖ

2111 2054 2201 2141 τος
2247 2077 2338 2130 τὸν
2376 2074 2530 2143 λόγον
2578 2068 2869 2124 ἀκουστέον
2923 2062 3017 2117 τοῦ
3055 2057 3248 2114 Ἰακὼϐ
3295 2056 3360 2110 τὰ
3409 2054 3520 2125 περὶ
3557 2054 3626 2103 τοῦ

2111 2164 2348 2240 Χριστοῦ
2389 2161 2840 2235 προθεσπίζοντος
2887 2155 2979 2209 καὶ
3023 2155 3102 2216 είς
3145 2149 3426 2240 πρόσωπον
3465 2145 3633 2240 ἀναφωτ

2110 2232 2325 2322 νουῦντος
2354 2232 2514 2312 αὐτοῦ
2537 2253 2606 2306 τὰ
2635 2251 2741 2306 ἀπὸ
2771 2247 2886 2313 τοῦ,
2922 2265 2942 2298 ‹
2987 2243 3180 2306 Ἰούδα,
3208 2240 3270 2292 σὲ
3303 2235 3576 2291 αίνέσαισαν
3595 2232 3632 2284 oi

2111 2350 2327 2420 ἀδελφοί
2371 2365 2487 2401 σου·
2535 2366 2554 2396 ι
2581 2345 2662 2398 ὅτι
2702 2340 2810 2412 γὰρ
2847 2339 2906 2392 οὺ
2957 2335 3092 2407 πρὸς
3126 2333 3218 2385 τὸν
3261 2331 3356 2382 ’ἐνα
3396 2325 3492 2381 τῶν
3535 2322 3634 2420 υἱῶν

2110 2418 2262 2507 τοὺς-
2285 2442 2475 2510 λόγους
2516 2439 2544 2490 ὁ
2589 2433 2934 2506 πατριάρχης
2981 2428 3214 2480 ἐποιεῖτο
3248 2419 3400 2493 δῆλον
3432 2421 3526 2480 τοῖς
3534 2418 3637 2510 ἔτι·

2114 2507 2436 2607 στήσασιντῇ
2469 2531 2658 2602 Γραφῇ
2692 2519 3100 2597 διηγηματικῶς
3136 2513 3436 2607 φασκούση·
3468 2530 3484 2562 ι
3517 2507 3639 2607 ῬΞκὰ-

2111 2600 2234 2682 λεσε
2263 2627 2319 2680 δὲ
2359 2600 2553 2679 Ἰακὼϐ
2596 2623 2720 2684 τοὺς
2766 2618 2914 2679 υίοὺς
2966 2611 3150 2674 αὐτοῦ,
3187 2609 3286 2662 καὶ
3339 2601 3507 2659 εἶπεν·
3541 2600 3641 2651 Συν·

2113 2723 2336 2794 ἁχθητε,
2359 2719 2447 2771 ἵνα
2473 2711 2775 2782 ἀναγγείλω
2821 2710 2947 2780 ὑμῖν
2975 2706 3025 2758 τί
3057 2702 3426 2794 ἀπαντήσεται
3447 2695 3553 2766 ὑμῖν
3576 2693 3641 2744 ἐπ’

2114 2790 2343 2884 ἐσχάτου
2372 2809 2479 2863 τῶν
2504 2805 2745 2879 ἡμερῶν.
2786 2823 2804 2854 ›
2837 2799 3043 2854 Οὐκοῦν
3075 2795 3205 2866 περὶ
3236 2790 3640 2884 μελλόντων-προ-

2116 2875 2401 2978 φητεύσειν
2441 2875 2625 2961 αὐτοῖς
2670 2891 3083 2962 ἐπαγγέλλεται.
3117 2887 3296 2956 Σαφὲς
3319 2879 3486 2978 esteat
3509 2875 3642 2938 ἄλλως

2113 2976 2191 3052 ὅτι
2235 2996 2310 3068 μὴ
2351 2994 2487 3065 πρὸς
2518 2991 2608 3043 τὸν
2643 2986 2984 3058 πατριάρχην
3027 2980 3228 3035 Ἰούδαν
3258 2980 3314 3031 αἱ
3341 2976 3436 3068 τῆς
3474 2985 3642 3068 προφη-

2114 3065 2262 3152 τείας
2301 3065 2365 3154 lf.
2413 3085 2502 3150 12)
2537 3083 2866 3153 ἁρμόττουσι
2908 3074 3114 3144 φωναί’
3160 3073 3294 3125 πότε
3341 3067 3442 3140 γὰρ
3484 3065 3643 3119 ἐκεῖνον

437 3156 600 3243 etiam
630 3190 893 3260 quidquid
919 3190 986 3245 de
1011 3156 1114 3245 hac
1137 3191 1418 3265 prOphetia
1445 3192 1494 3247 ei
1525 3156 1770 3262 adaptari
1802 3192 2009 3262 potest?

2114 3183 2142 3252 ἢ
2175 3183 2268 3235 καὶ
2290 3180 2376 3232 διὰ
2404 3195 2455 3230 τι
2490 3173 2900 3242 προσεκύνησαν
2925 3171 2974 3221 οἱ
3012 3165 3234 3235 ἀδελφοὶ
3262 3161 3441 3223 αὑτοῦ,
3465 3157 3543 3211 ὲπὶ
3564 3156 3644 3207 τίνι

2839 3263 2846 3265 -
2954 3261 2974 3265 ς-
3235 3257 3248 3265 -
3306 3256 3317 3265 .
3409 3251 3484 3265 η..
3543 3249 3576 3265 ..
3602 3246 3644 3265 ι..

439 3280 548 3336 Nec
573 3296 703 3335 vero
754 3283 819 3336 ad
863 3282 1065 3336 tribum
1110 3298 1174 3337 ea
1221 3289 1452 3352 possunt
1499 3282 1723 3350 referri;
1773 3298 2007 3353 namque

439 3389 548 3428 non
590 3381 801 3428 tantum
848 3391 879 3430 e
921 3375 1068 3429 tribu
1115 3373 1268 3429 Iudae
1305 3374 1475 3430 duces
1503 3375 1687 3446 populi
1725 3375 2008 3430 constituti

437 3473 584 3520 sunt.
639 3464 860 3522 Judiees
900 3467 1046 3522 enim
1078 3477 1204 3537 post
1240 3466 1479 3538 Moysem
1509 3485 1539 3526 e
1561 3469 1729 3524 variis
1757 3468 2010 3524 tribubus

437 3558 657 3612 circiter
689 3558 1020 3628 quingentos
1067 3574 1241 3615 annos
1274 3558 1518 3615 Hebraeis
1566 3558 1806 3630 praefecti
1843 3567 2009 3620 sunt;

437 3650 564 3704 dein
617 3666 645 3705 e
703 3651 851 3705 tribu
879 3651 1160 3721 Benjamin
1217 3653 1427 3722 primus
1487 3656 1727 3707 omnium
1778 3668 1872 3707 rex
1911 3652 2013 3706 fuit

439 3741 600 3807 Saul;
652 3757 761 3810 quo
807 3752 1026 3796 mortuo
1073 3754 1442 3811 regnaverunt
1484 3759 1514 3798 e
1548 3744 1692 3798 tribu
1724 3741 1876 3798 Juda:
1905 3759 2013 3797 non

2111 3246 2167 3326 δὲ
2195 3270 2574 3341 κατορθώματι
2599 3268 2632 3337 ἢ
2664 3266 2756 3319 καὶ
2784 3263 2910 3316 πότε
2945 3261 3139 3333 ᾔνεσαν
3187 3256 3379 3319 αύτὸν;
3409 3251 3520 3314 Πῶς
3541 3249 3576 3303 δ’
3599 3246 3646 3341 tv

2110 3384 2191 3430 τις
2236 3340 2423 3417 καὶτὰ
2449 3359 2610 3413 λοιπὰ
2651 3358 2753 3426 τῆς
2799 3352 3133 3426 προφητείας
3162 3352 3251 3404 ἐπ’
3287 3350 3479 3402 ἐκεῖνον
3514 3340 3646 3413 ἁρμό-

2113 3459 2220 3523 ζων
2265 3457 2611 3526 διηγήσεται;
2654 3449 2790 3503 Ἀλλ’
2837 3446 2957 3500 οὐδὲ
3005 3445 3096 3498 ἐπὶ
3141 3443 3244 3515 τὴν
3283 3439 3448 3510 φυλὴν
3482 3430 3648 3526 εὐλογίο

2114 3522 2254 3612 στως
2280 3522 2376 3612 τις
2405 3522 2543 3600 αὐτὰ
2583 3541 2864 3612 ἀναφέροι,
2890 3539 2972 3592 ὅτι
3003 3535 3079 3608 μὴ
3118 3535 3280 3606 μόνον
3319 3535 3382 3585 ὲκ
3402 3530 3492 3599 τῆς
3520 3522 3646 3578 Ἰούδα

2115 3642 2283 3712 φυλῆς
2306 3641 2564 3711 ἄρχοντες
2594 3611 2934 3704 κατέστησαν
2963 3628 3055 3682 τοῦ
3079 3626 3212 3680 λαοῦ
3235 3644 3248 3656 ·
3278 3625 3333 3678 οῖ
3351 3640 3409 3676 τε
3431 3619 3526 3712 γαρ
3547 3611 3652 3687 μετᾶ

2114 3711 2351 3788 Μωῦσέα
2369 3731 2568 3803 Κριταὶ
2600 3731 2662 3781 ἐκ
2690 3725 2957 3796 διαφόρων
2986 3721 3268 3801 γενόμενοι
3288 3713 3462 3784 φυλῶν
3483 3711 3649 3803 διήρκε-

2115 3843 2214 3880 σαν
2253 3800 2543 3896 ὴγούμνενοι
2589 3821 2681 3874 ἐπὶ
2725 3819 2902 3870 ἔτεσιν
2946 3800 3112 3882 ἐγγύς
3157 3828 3261 3862 που
3307 3800 3652 3896 πεντακοσίοις,

438 3842 555 3886 ιοιο
597 3835 1018 3903 quingentorum
1047 3851 1313 3898 annorum
1346 3837 1555 3906 spatio;
1600 3836 1725 3891 dein
1761 3845 1882 3904 post
1919 3835 2017 3889 Ba-

440 3922 652 3994 bylonis
678 3892 1050 3993 captivitatem
1091 3925 1254 3982 rebus
1290 3892 1628 3994 praefuerunt
1661 3941 1692 3980 e
1716 3892 1859 3979 tribu
1888 3923 2010 3979 Levi

2121 3919 2237 3990 μεθ’
2395 3892 2470 3968 ’ἐκ
2512 3915 2682 3984 φυλῆς
2721 3911 2976 3981 Βενιαμὶν
3008 3905 3223 3977 πρῶτος
3270 3901 3509 3955 ἁπάντων
3538 3892 3650 3994 βασι·

2115 4011 2258 4064 λεύει
2312 4008 2504 4070 Σαοὺλ,
2554 4008 2646 4061 καὶ
2685 4006 2856 4068 οὕτως
2893 4000 3031 4072 μετὰ
3073 3997 3297 4058 τούτους
3340 3993 3390 4046 οἱ
3432 3992 3490 4042 ὲκ
3524 3992 3651 4054 φνλης

2129 4102 2296 4156 Ἰούδα
2354 4099 2724 4180 βασιλεύουσιν
2780 4095 2888 4149 οὐδ’
2927 4093 3069 4153 ὅλοις
3106 4088 3252 4141 ἔτεσι
3300 4075 3650 4180 πεντακοσίοις

2117 4191 2233 4247 εἶτα
2267 4164 2402 4264 μετὰ
2423 4164 2519 4263 rip.)
2551 4193 2627 4254 εἰς
2660 4186 2951 4243 Βαϐυλῶνα
2975 4179 3356 4255 αἰχμαλωσίαν
3375 4175 3422 4228 οἱ
3444 4174 3501 4224 ὲκ
3523 4164 3652 4264 φυλῆς

2119 4285 2247 4340 Λευῒ
2267 4254 2612 4356 προέστησαν
2651 4280 2760 4334 τῶν
2801 4277 3140 4351 πραγμάτων
3177 4272 3321 4339 ὑπὲρ
3348 4268 3416 4320 τὰ
3443 4254 3653 4356 πεντακῇ

2121 4339 2211 4429 σια
2242 4339 2334 4445 ἔτη
2365 4339 2524 4444 μέχρι
2566 4373 2662 4442 τῆς
2708 4370 2802 4423 τοῦ
2843 4339 3078 4440 θερίστοῦ
3135 4362 3458 4435 παρουσίας.
3501 4353 3555 4408 Τί
3587 4339 3654 4445 σύ*

441 4015 561 4080 plus
590 4028 752 4082 quam
782 4014 1112 4084 quingentos
1137 4029 1332 4080 annos,
1383 4032 1555 4086 usque
1590 4015 1658 4071 ad
1686 4015 1889 4072 Christi
1921 4015 2020 4069 ad-

441 4112 679 4158 rentum.
715 4102 857 4169 Quid
879 4105 1045 4173 igitur
1074 4107 1248 4175 magis
1277 4106 1344 4163 de
1369 4107 1517 4160 tribu
1542 4107 1695 4161 Juda:
1725 4124 1846 4177 qua;
1881 4123 2019 4176 prae-

440 4194 584 4247 dicta
611 4201 738 4247 sunt
771 4192 935 4247 refert
960 4194 1266 4262 pr0phetia,
1319 4211 1482 4264 quam
1514 4197 1580 4251 de
1601 4198 1851 4252 caeteris?
1876 4196 2018 4267 Ergo

439 4302 548 4340 non
583 4285 652 4339 ad
697 4285 899 4340 tribum
946 4286 1142 4342 referri
1186 4296 1420 4356 possunt
1463 4305 1585 4358 quae
1630 4289 2014 4346 ostenduntur.

437 4376 541 4441 Qui
564 4375 708 4430 enim
762 4377 816 4430 in
848 4377 1165 4432 novissimis
1198 4377 1388 4434 diebus
1419 4380 1671 4449 apparuit
1699 4379 1892 4443 Judas,
1922 4395 2016 4433 ve-

437 4486 556 4524 rum
587 4471 840 4524 novimus
860 4485 982 4525 esse
1014 4470 1352 4526 Salvatorem
1375 4482 1427 4527 et
1448 4472 1738 4527 Dominum
1766 4482 2015 4528 nostrum

2123 4442 2472 4538 μᾶλλον⁷
2496 4465 2597 4534 τῆς
2637 4463 2806 4516 Ἰούδα
2838 4461 3008 4532 φυλῆς
3049 4457 3120 4512 τὰ
3144 4452 3509 4531 προειρημένα
3530 4442 3654 4538 φησὶν

435 4561 645 4625 Jesum,
683 4560 961 4615 Christum
996 4562 1125 4627 Dei,
1157 4563 1247 4633 qui
1282 4571 1335 4618 et
1368 4563 1716 4634 dispensator
1755 4565 1877 4636 ejus
1923 4578 2010 4618 vo-

2119 4562 2153 4629 ή
2194 4557 2518 4630 προφητεία,
2546 4556 2665 4626 οὐχὶ
2690 4555 2746 4607 δὲ
2778 4555 2871 4607 καὶ
2902 4553 3030 4624 περὶ
3070 4549 3176 4602 τῶν
3202 4546 3435 4609 λοιπῶν;
3459 4541 3558 4594 Ούκ
3576 4534 3654 4604 ἄρα

438 4653 662 4708 luntatis
696 4661 752 4707 et
786 4651 956 4708 ludas
988 4655 1320 4709 nominatur.
1349 4656 1429 4707 Ita
1468 4655 1612 4709 enim
1643 4669 1791 4710 nunc
1820 4655 2008 4720 lsrael,

436 4760 584 4798 nunc
611 4743 873 4809 Jacobus,
905 4760 1053 4799 nunc
1081 4744 1273 4810 David,
1312 4761 1460 4800 nunc
1485 4747 1660 4801 aliter.
1731 4745 1885 4801 Hunc
1913 4763 2012 4800 au-

437 4847 545 4890 tem
563 4843 617 4889 et
653 4836 827 4890 sancti
851 4835 1083 4905 apostoli
1102 4845 1154 4890 et
1173 4845 1438 4906 quotquot
1463 4834 1700 4906 Spiritus
1722 4836 2014 4905 adoptione

376 4961 380 4964 -
435 4929 642 5000 dignati
671 4940 817 4993 sunt,
855 4929 1214 4983 laudaverunt
1245 4937 1298 4983 et
1325 4929 1716 4984 adoraverunt.
1759 4946 1777 4978 ι
1818 4926 2012 4982 Manus

438 5033 566 5088 tuae,
593 5041 612 5073 ι
655 5037 793 5092 quas
825 5021 1122 5092 symbolice
1150 5020 1292 5075 facta
1321 5021 1442 5091 ejus
1464 5036 1586 5076 esse
1610 5020 2021 5090 existimamus,

443 5133 461 5164 ε
496 5115 552 5167 in
581 5113 885 5168 cervicibus
912 5112 1260 5166 inimicorum
1287 5120 1504 5166 tuorum
1529 5152 1543 5176 ,
1583 5131 1600 5162 ι
1636 5111 1691 5165 id
1716 5119 1823 5175 est,
1861 5111 2014 5181 cogi-

442 5207 706 5262 tationum
733 5205 1012 5260 hostilium
1043 5219 1165 5274 qua:
1194 5219 1316 5259 eum
1361 5202 1597 5274 fugiunt.
1651 5202 1750 5257 Hic
1779 5210 1834 5258 et
1855 5205 2013 5273 quasi

445 5315 461 5344 ε
507 5299 724 5352 catulus
775 5297 950 5351 leonis
986 5316 1007 5348 ι
1044 5295 1280 5358 dicitur,
1318 5295 1432 5351 sive
1465 5304 1682 5365 propter
1712 5293 2010 5349 secundum

440 5403 660 5444 carnem
682 5389 1019 5443 nativitatem
1041 5404 1072 5443 e
1106 5387 1254 5443 tribu
1285 5389 1435 5458 regia
1469 5394 1522 5442 et
1555 5386 1777 5441 Davidis
1804 5385 2010 5448 radice,

446 5495 461 5523 ι
501 5486 552 5529 et
599 5483 655 5531 in
706 5477 1118 5532 similitudinem
1167 5479 1352 5533 carnis
1393 5478 1601 5548 peccati
1653 5476 1850 5530 factam
1878 5477 1945 5540 ⁷³,
1991 5496 2013 5527 ι

444 5567 556 5621 sive
589 5576 810 5637 propter
838 5570 1096 5626 deitatem
1116 5611 1130 5632 ,
1165 5587 1272 5642 qua
1306 5578 1468 5626 exuta
1501 5570 1666 5624 homo
1697 5569 1877 5624 factus
1907 5578 2010 5631 est,

441 5656 512 5711 ub
542 5672 707 5727 quam
735 5667 788 5712 et
820 5677 929 5714 non
980 5660 1254 5716 immerito
1290 5680 1302 5714 :
1365 5681 1385 5712 ι
1415 5661 1458 5715 Ε
1495 5675 1734 5730 gemma,
1782 5660 1857 5713 ﬁli
1902 5659 2010 5723 mi,

507 5816 548 5848 "
588 5811 884 5883 [1083).1,
933 5818 977 5870 l.

1057 5819 1102 5849 7°
1141 5818 1274 5874 Gen.
1314 5831 1491 5879 χχχιι,
1524 5816 1610 5870 30.
1689 5817 1730 5848 ⁷¹
1773 5813 1905 5871 Gen.
1944 5831 2097 5880 ms,
2143 5813 2293 5869 8-10.
2369 5814 2415 5844 τ’
2455 5809 2586 5868 ibid.
2624 5811 2674 5864 l.

2119 4627 2249 4704 ούδὲ
2262 4652 2352 4702 ἐπὶ
2367 4627 2473 4719 τὴν
2499 4647 2668 4718 φυλὴν
2696 4646 2923 4716 ἁρμόζοι
2950 4644 3016 4696 τὰ
3040 4640 3345 4712 δηλούμενα
3364 4655 3376 4665 ·
3406 4633 3486 4686 τὸν
3512 4627 3653 4719 μέντοι

2120 4760 2182 4810 γε
2209 4742 2296 4794 ἐπ’
2319 4741 2535 4812 ἐσχάτῳ
2559 4740 2666 4794 τῶν
2697 4737 2920 4810 ἡμερῶν
2965 4735 3303 4802 ἀναφανέντα
3341 4726 3524 4781 Ἰούδαν

2122 4835 2264 4889 θινὸν
2305 4833 2460 4904 ἴσμεν
2502 4833 2591 4886 τὸν
2631 4831 2858 4901 Σωτῆρα
2912 4829 3004 4881 καὶ
3057 4825 3259 4896 Κύριον
3302 4819 3454 4892 ἡμῶν
3491 4816 3652 4905 Ἰησῠυῖ

2121 4926 2210 4985 τὸν
2255 4903 2487 4997 Χριστὸν
2525 4922 2616 4976 τοῦ
2661 4920 2818 4982 Θεοῦ,
2859 4921 2953 4972 καὶ
2993 4918 3189 4988 ταμίαν
3225 4913 3335 4968 τῶν
3375 4908 3493 4980 περὶ
3528 4903 3653 5004 αὐτῇ

2125 5017 2378 5070 ἐπινοιῶν
2425 5015 2517 5068 καὶ
2555 5011 2753 5066 Ἰούδαν
2799 5009 3188 5080 ὀνομασθέντα·
3229 5004 3424 5072 ’ὥσπερ
3465 4998 3523 5068 δὴ

2123 5111 2311 5180 ἑτέρα-ν
2349 5106 2586 5178 Ἰσραὴλ,
2634 5104 2728 5157 καὶ
2772 5102 2890 5156 κατ’
2921 5100 3083 5170 ἄλλην
3123 5095 3352 5158 Ἰακὼϐ,
3391 5092 3479 5145 καὶ
3510 5080 3651 5180 Δαυῖὂ.

2058 5185 2068 5195 ’
2122 5174 2227 5255 καὶ-
2244 5174 2440 5256 ἄλλοτε.
2461 5174 2633 5260 ἄλλως
2652 5210 2667 5224 ·
2694 5195 2881 5248 τοῦτον
2906 5193 2963 5246 δὲ
2988 5191 3080 5246 καὶ
3124 5191 3172 5242 oi
3215 5187 3353 5258 ἱεροὶ
3395 5174 3647 5235 ἀπόστολοι,

2119 5295 2213 5346 καὶ
2241 5293 2438 5354 πάντες
2474 5291 2587 5344 ὅσοι
2631 5287 2724 5341 τοῦ
2764 5285 3065 5356 πνεύματος
3101 5282 3198 5351 τῆς
3239 5274 3500 5334 υἱοθεσίας
3531 5265 3650 5336 ἠξιω·

2121 5385 2310 5453 θησαν,
2338 5383 2538 5453 ῇνεσάν
2571 5398 2631 5433 τε
2671 5380 2762 5434 καὶ
2789 5376 3190 5450 προσεκύνησαν
3213 5389 3224 5400 ·
3276 5390 3293 5418 ‹
3329 5370 3389 5421 Αἱ
3429 5360 3584 5453 χεῖρέ-ς
3607 5367 3650 5404 τε

2121 5473 2304 5538 αὐτοῦ,
2337 5495 2354 5525 ι
2381 5473 2446 5536 ἃς
2478 5470 2817 5543 συμϐολικῶς
2849 5466 3128 5540 ἡγούμεθα
3153 5459 3293 5517 εἶναι
3322 5459 3418 5520 τὰς
3447 5449 3645 5548 πράξεῆι

2125 5587 2142 5616 ι
2182 5564 2324 5619 κατὰ
2359 5564 2528 5618 νώτου
2572 5562 2677 5616 τῶν
2712 5560 2921 5632 ἐχθρῶν
2967 5557 3148 5620 αὐτοῦ,
3191 5576 3208 5605 ι
3242 5551 3385 5606 τοῦτ’
3417 5549 3649 5632 {estvita}?

2120 5655 2324 5728 νοητῶν
2356 5655 2626 5726 πολεμίων
2670 5653 2974 5722 φευγόντων
3017 5649 3172 5702 αὑτὸν
3203 5645 3504 5714 γεγόνασιν·
3530 5625 3648 5688 οὗτος

2750 5810 2794 5842 ⁷³
2849 5806 3005 5861 Ιὶοιιι.
3049 5818 3176 5868 Vill,
3210 5801 3266 5857 5.
