3868 6264
208 312 337 372 1045

1215 303 1511 361 ΕΟΙιΟϐὶΕ
1555 306 2033 363 ΡΒΟΡΗΕΤΙΟΕ.
2071 340 2135 348 -
2182 305 2309 364 LIB.
2355 309 2396 363 Ι.

3310 307 3471 366 ιοισ.

203 429 256 483 δὲ
287 427 376 480 καὶ
401 424 472 486 ὡς
506 440 524 472 ι
579 422 812 492 σκύμνος
849 422 1059 486 λέοντος
1091 442 1109 474 ι
1141 413 1376 494 είρηται,
1405 422 1511 475 εἴτε
1553 423 1641 476 διὰ
1679 425 1753 494 τὴε

1877 423 2202 490 ascendisti,
2245 445 2262 477 ι
2316 424 2386 479 ab
2431 420 2638 478 Jacobo
2679 421 2895 476 dicitur.
2966 401 3470 475 Verumenimv'ero.

211 517 356 578 κατὰ,
370 515 547 586 σάρκα
572 512 781 581 γένεσιν
811 515 875 568 ὲκ
901 514 1183 585 βασιλικῆς
1211 513 1399 584 φυλῆς,
1445 515 1538 568 καὶ
1562 515 1658 586 τῆς
1682 513 1776 568 τοῦ

213 608 360 663 Δαυῒδ
404 604 577 676 ῥίζης,
613 623 634 655 ι
668 605 762 658 καὶ
801 607 859 659 έν
919 604 1222 677 ὁμοιώματι
1267 606 1466 678 σαρκὸς
1505 606 1776 678 ἁμαρτίας

212 695 598 771 γεγενημένην·
633 713 651 746 ι
689 696 796 749 εῐτε
831 695 919 750 διὰ
950 697 1051 768 τὴν
1089 696 1336 767 θεότητα,
1364 692 1430 768 ἧς
1467 698 1656 750 ἑαυτὸν
1685 715 1776 750 κε-

211 791 372 852 νώσας
405 784 821 858 ὲνηνθρώπισεν,
847 788 912 841 δι’
954 787 1019 858 ἢν
1052 786 1320 858 εὐκαίρως
1357 788 1450 840 καὶ
1489 786 1570 851 τὸ,
1617 805 1635 838 α
1682 787 1776 841 Ἐκ

213 873 445 950 βλαστοῦ,
491 876 573 929 υίέ
623 895 744 948 μου,
784 877 1003 949 ἀνέδης,
1040 898 1059 930 ι
1088 879 1192 932 ὑπὸ
1213 878 1306 932 τοῦ
1347 876 1539 932 Ἰακὼϐ
1577 880 1777 934 ἀναπε-

210 969 456 1040 φώνηται.
478 967 606 1021 Ὅτε
648 969 747 1038 μὲν
787 966 878 1022 οὖν
903 970 1002 1041 τὴν
1041 972 1107 1024 ὲκ
1133 969 1361 1040 βλαστοῦ
1397 971 1492 1024 καὶ
1516 973 1580 1024 ὲκ
1621 971 1774 1044 ῥίζης

208 1060 358 1115 αὐτοῦ
387 1059 595 1129 γένεσιν
625 1059 811 1130 ἐδήλου
853 1059 950 1114 τοῦ
987 1052 1257 1134 Σωτῆρος,
1293 1081 1312 1114 ι
1353 1061 1591 1134 σκύμνον
1623 1062 1771 1116 λέον-

205 1168 285 1214 τος
330 1168 348 1202 ι
383 1147 546 1203 αὐτὸν
597 1147 912 1220 ὠνόμασεν,
953 1149 1122 1205 εἰπὼν
1146 1191 1162 1216 ,
1194 1171 1213 1203 ‹
1262 1151 1505 1223 Σκύμνος
1561 1152 1773 1216 λέοντος

217 1240 396 1295 Ἰούδαο
440 1240 504 1292 ἐκ
558 1238 810 1310 βλαστοῦ,
849 1241 932 1294 υἱέ
983 1260 1104 1312 μου,
1131 1241 1359 1313 ἀνέϐης·
1396 1262 1414 1295 ι
1444 1245 1532 1298 ὅτε
1570 1243 1628 1296 δὲ
1674 1242 1774 1314 τὴν

205 1331 482 1402 ἁνάδλησιν
527 1331 620 1384 καὶ
662 1331 762 1402 τὴν
809 1332 951 1386 κατὰ
1001 1333 1062 1386 τὺ
1099 1333 1270 1398 πάθος
1314 1334 1477 1388 αὑτοῦ
1518 1334 1773 1407 κοίμησιν

205 1420 536 1494 προφητεύει,
565 1423 849 1496 ἀμφότερα
878 1424 1040 1479 αὐτόν
1061 1442 1192 1497 φησι
1226 1426 1318 1480 καὶ
1342 1425 1417 1490 ὡς
1440 1425 1632 1480 λέοντα
1672 1429 1768 1480 καὶ

200 1513 265 1578 ὡς
295 1512 522 1584 σκύμνον
564 1515 625 1568 ὲν
659 1514 756 1586 τῷ,
789 1535 807 1567 ε
853 1515 1160 1570 Ἀναπεσὼν
1205 1517 1468 1590 ἐκοιμήθη
1509 1518 1584 1582 ὡς
1619 1517 1756 1573 λέων

201 1605 286 1659 καὶ
306 1604 376 1668 ὡς
402 1604 640 1676 σκύμνος
659 1623 673 1637 ·
709 1626 727 1659 ι
757 1606 876 1661 τότε
910 1606 1016 1680 γὰρ
1044 1609 1103 1660 οὐ
1133 1607 1290 1678 μόνον
1333 1608 1408 1672 ὡς
1453 1611 1518 1662 ὲκ
1556 1608 1761 1679 βασιλι-

199 1694 285 1749 κοῦ
313 1696 592 1766 τυγχάνων
621 1697 827 1764 γένους,
871 1698 1006 1752 ἀλλὰ
1042 1700 1137 1752 καὶ
1181 1699 1256 1762 ὡς
1299 1699 1460 1763 αὐτὸς
1510 1698 1761 1769 βασιλεὺς

1882 531 2006 571 eum
2039 514 2259 586 quidem
2293 531 2322 571 e
2354 530 2565 586 gemma
2595 522 2649 570 et
2677 529 2709 569 e
2751 513 2936 568 radice
2956 509 3077 581 ejus
3110 510 3446 566 nativitatem

1882 602 2194 660 ostenderet
2227 602 2547 667 Salvatoris,
2590 622 2608 656 ί
2647 603 2887 658 catulum
2933 601 3108 657 leonis
3143 621 3162 654 ι
3195 617 3318 657 eum
3351 618 3449 655 no-

1881 696 2128 762 minavit,
2161 696 2347 751 dicens
2375 715 2387 750 :
2434 714 2454 748 c
2489 694 2714 751 Catulus
2743 696 2917 751 leonis
2943 691 3080 750 Juda
3113 713 3124 749 :
3158 709 3188 748 e
3214 709 3447 766 gemma,

1880 788 1956 840 fili
2000 787 2096 851 mi,
2145 786 2472 853 ascendisti;
2507 805 2525 840 ι
2558 801 2683 840 cum
2727 801 2857 841 vero
2885 792 2939 840 et
2978 784 3364 840 exaltationem
3397 793 3451 836 et

1879 877 2154 946 passionis
2186 893 2299 932 sua:
2326 877 2710 932 dormitionem
2733 876 3072 946 prophelizat
3094 917 3108 941 ,
3138 874 3300 930 simul
3325 889 3449 928 eum

1879 967 2012 1022 dicit
2035 974 2089 1022 et
2120 966 2277 1038 quasi
2312 968 2520 1022 leonem
2550 972 2604 1021 et
2643 963 2801 1036 quasi
2849 964 3086 1018 catulum
3124 981 3181 1018 ε(
3217 962 3467 1033 Βεηυίοο“

1880 1072 2043 1114 scens
2074 1057 2376 1113 accubuisti
2401 1063 2460 1112 ut
2480 1056 2564 1112 leo
2585 1062 2639 1112 et
2668 1063 2729 1110 ut
2760 1055 2932 1111 leonis
2963 1055 3176 1110 catulus
3212 1074 3223 1108 :
3265 1075 3283 1108 ι
3319 1062 3449 1108 tunc

1877 1149 2061 1215 enim,
2111 1163 2221 1204 non
2255 1155 2464 1202 tantum
2509 1157 2568 1202 ut
2615 1147 2764 1218 regio
2805 1154 2960 1202 ortus
2994 1161 3224 1217 genere,
3260 1145 3355 1200 sed
3389 1151 3448 1198 ut

1878 1241 1996 1312 ipse
2028 1256 2127 1297 rex
2167 1240 2343 1295 elatus
2375 1247 2490 1306 est;
2543 1237 2966 1309 agnoscentibus
2998 1252 3121 1292 eum
3172 1236 3442 1306 gentibus,

1876 1333 1984 1388 etsi
2011 1333 2304 1388 noluerunt
2331 1329 2526 1395 Judaei,
2557 1331 2716 1402 quasi
2745 1331 2861 1401 ipse
2905 1346 2999 1386 rex
3030 1329 3223 1383 fuisset
3253 1329 3461 1384 lsrael..

1874 1425 2140 1480 Caeterum
2169 1430 2223 1478 et
2243 1423 2425 1480 dicere
2445 1439 2730 1494 possemus
2752 1425 2824 1488 ei,
2847 1421 3286 1493 quandoquidem
3311 1437 3443 1475 con-

1875 1520 1960 1567 tra
2004 1518 2299 1582 potestates
2332 1512 2588 1568 adversas
2634 1511 2832 1568 bellum
2885 1512 3132 1576 tulisset,
3185 1519 3241 1566 et
3289 1527 3443 1565 ever-

1875 1610 1991 1659 tere
2018 1611 2236 1674 pararet
2264 1605 2455 1660 mortis
2484 1605 2784 1676 potentiam
2815 1603 3104 1658 habentem
3125 1603 3194 1668 7",
3231 1602 3443 1658 scilicet

1874 1694 2174 1760 diabolum,
2208 1712 2434 1754 necesse
2485 1704 2602 1752 erat
2651 1696 2844 1753 adesse
2872 1711 2903 1752 e
2933 1696 3114 1752 radice
3133 1693 3320 1750 Jacobi
3355 1711 3443 1750 se-

196 1783 262 1838 ὢν
302 1785 547 1856 ἀνύψωτο
566 1804 579 1818 ⁸
617 1789 1018 1860 ὁμολογούντων
1052 1791 1214 1845 αὑτὸν
1237 1791 1345 1845 τῶν
1370 1790 1558 1858 ὲθνῶν,
1591 1793 1640 1845 εἰ
1671 1793 1753 1846 καὶ

1868 1787 2108 1843 cundum
2157 1803 2380 1844 carnem
2423 1797 2551 1844 nato
2584 1788 2749 1844 Verbi
2794 1783 3071 1843 deitatem.
3127 1785 3294 1842 Leoni
3325 1788 3442 1857 qui-

197 1875 264 1948 μὴ
284 1877 330 1930 oi
353 1879 414 1932 ὲκ
439 1880 742 1952 περιτομῆς
769 1881 982 1952 ἧθελον,
1008 1883 1082 1947 ὡς
1107 1883 1216 1954 ἄρα
1245 1883 1407 1947 αὐτὸς
1432 1883 1517 1954 εἴη
1549 1885 1577 1937 ὁ
1607 1883 1760 1954 βασι-

194 1965 304 2031 λεὺς
327 1968 417 2022 τοῦ
456 1971 704 2042 Ἰσραήλ·
743 1973 836 2026 καὶ
885 1973 1059 2038 ἄλλως
1107 1974 1165 2027 δὲ
1211 1974 1400 2046 ῥηθείη
1441 1975 1528 2040 ἂν,
1576 1974 1760 2046 ἐπειδὴ

195 2051 316 2128 πῶς
345 2059 724 2132 ἀντικειμένας
765 2063 1024 2135 δυνάμεις
1074 2065 1345 2138 αἰρομένῳ
1391 2065 1622 2136 πόλεμον
1661 2069 1756 2120 καὶ

191 2150 458 2206 καταλύειν
491 2154 742 2224 μέλλοντι
780 2156 873 2209 τὸν
907 2156 968 2210 τὸ
1005 2157 1203 2228 κράτος
1234 2158 1424 2229 ἔχοντα
1470 2157 1563 2210 τοῦ
1606 2157 1762 2211 θανά·

191 2260 289 2305 τοο,
315 2245 559 2300 τουτέστι
592 2247 682 2301 τὸν
705 2247 972 2314 διάϐολον,
1011 2249 1118 2302 ἔδει
1154 2252 1408 2321 παρεῖναι
1435 2248 1514 2319 τῷ
1541 2251 1604 2301 ὲκ
1631 2247 1760 2319 βλαο

193 2331 303 2386 στοῦ
338 2335 530 2390 Ἰακὼὸ
580 2337 723 2412 κατὰ
763 2341 942 2411 σάρκα
986 2339 1335 2412 γεγενημένῳ
1381 2341 1479 2412 τὴν
1530 2340 1762 2409 θεότητα

186 2422 268 2475 τοῦ
292 2425 458 2495 Λόγου
478 2446 492 2460 ·
537 2410 764 2493 εἵκότως
791 2430 960 2486 λέοντι
996 2433 1093 2503 μὲν
1119 2433 1152 2503 ἡ
1175 2410 1387 2504 νθεότης
1411 2410 1757 2503 παραϐέϐλη-

1870 1877 1996 1932 dem
2023 1877 2219 1932 merito
2248 1878 2426 1934 deitas
2455 1877 2825 1944 assimilatur,
2868 1887 2926 1934 ut
2952 1879 3044 1951 qui
3077 1879 3220 1935 feras
3249 1894 3439 1933 omnes

1864 1967 2266 2039 indomitasque
2319 1978 2617 2040 potestates
2663 1970 2941 2040 superavit
2988 1978 3151 2040 atque
3196 1970 3434 2034 devicit;

1864 2057 2041 2114 leonis
2074 2066 2256 2114 autem
2281 2061 2462 2115 catulo
2481 2099 2495 2125 ,
2527 2067 2587 2114 ut
2614 2061 2706 2131 qui
2747 2075 2968 2116 carnem
3000 2062 3208 2131 accepit
3234 2076 3264 2116 e
3287 2062 3438 2130 regia

1861 2151 2016 2206 Judze
2041 2152 2192 2208 tribu
2228 2159 2409 2208 natus.
2470 2153 2540 2207 At
2565 2152 2610 2208 si
2637 2153 2854 2223 quidem
2889 2151 3233 2208 adversarius
3254 2161 3439 2207 noster
3479 2206 3481 2209 .

1862 2239 2114 2297 diabolus
2139 2248 2224 2297 est
2252 2243 2413 2312 quasi
2443 2242 2530 2298 leo
2553 2243 2834 2314 rugiens"
2851 2285 2866 2311 ,
2903 2243 3270 2300 animadverte
3291 2245 3433 2315 quod

1860 2332 1981 2403 ejus
2032 2333 2248 2390 catulus
2301 2334 2484 2390 omnis
2541 2335 2755 2390 dicatur
2826 2343 3119 2406 peccator,
3176 2337 3435 2406 quoniam

1867 2443 1886 2476 ι
1919 2425 2097 2479 omnis
2145 2426 2240 2496 qui
2290 2426 2425 2480 facit
2467 2434 2753 2497 peccatum
2800 2441 2865 2482 ex
2910 2426 3126 2482 diabolo
3178 2434 3262 2483 est
3303 2428 3372 2480 ⁷⁸.
3411 2447 3429 2478 ι

185 2531 261 2567 ται
294 2515 377 2570 διὰ
410 2518 471 2580 τὸ
511 2521 874 2591 κεχειρῶσθαι
914 2523 1007 2576 καὶ
1051 2523 1391 2595 νενικηκέναι
1438 2523 1616 2586 πάσας
1658 2522 1753 2587 τὰς

1860 2511 1999 2569 Cum
2045 2514 2212 2586 igitur
2253 2524 2308 2571 ct
2349 2515 2602 2571 Salvator
2661 2534 2679 2569 ι
2711 2516 2768 2571 in
2811 2516 3219 2572 similitudinem
3249 2517 3435 2572 carnis

187 2605 367 2675 ἀγρίας
393 2609 486 2663 καὶ
511 2611 808 2677 ἁτιθὰσους
851 2614 1139 2684 δυνάμεις’
1182 2614 1405 2684 σκύμνῳ
1429 2613 1485 2666 δὲ
1527 2613 1753 2682 λέοντος,

1861 2606 2070 2678 peccati
2098 2608 2248 2662 venit
2273 2616 2329 2664 et
2353 2607 2531 2664 factus
2560 2616 2645 2664 est
2677 2623 2775 2679 pro
2802 2610 2962 2664 nobis
2989 2609 3262 2678 piaculum
3291 2609 3375 2676 '7;
3407 2627 3427 2662 ι

183 2694 209 2744 ὃ
233 2697 494 2771 ἀνειλήφει
531 2703 752 2774 σαρκίον
776 2707 843 2758 εκ
867 2705 967 2776 τῆς
988 2705 1080 2759 τοῦ
1119 2705 1287 2759 Ἰούδα
1317 2705 1600 2776 βασιλικῆς
1623 2723 1753 2774 τυγ-

1860 2703 1915 2750 et
1952 2715 1971 2748 ‹
2007 2713 2131 2753 eum
2179 2699 2274 2768 qui
2322 2714 2433 2754 non
2479 2708 2706 2755 noverat
2755 2707 3066 2771 peccatum,
3122 2716 3222 2772 pro
3273 2701 3433 2758 nobis

184 2785 344 2853 Χάνων
368 2793 578 2864 φυλῆς’
614 2795 749 2850 ἀλλὰ
775 2797 869 2849 καὶ
898 2798 1056 2870 εἴπερ
1099 2800 1128 2851 ὁ
1172 2797 1439 2861 ἀντίδικος
1463 2797 1620 2869 ὴμῶν
1644 2796 1753 2850 διά-

1860 2797 2142 2857 peccatum
2189 2789 2316 2845 fecit
2336 2791 2405 2858 ⁷⁸,
2442 2811 2460 2844 ι
2522 2792 2733 2848 attende
2797 2792 2943 2863 quod
2999 2807 3121 2849 eam
3163 2793 3232 2848 ob
3295 2809 3428 2848 cau-

185 2875 321 2944 ὃοὶῐος
356 2882 430 2948 ὡς
461 2884 606 2940 λέων
634 2888 779 2941 ἐστὶν
808 2887 877 2956 (f.
910 2889 998 2958 15)
1031 2889 1362 2961 ὠρυόμενος,
1390 2889 1491 2961 ὅρα
1527 2887 1603 2959 μὴ
1631 2887 1751 2940 τού-

1860 2894 1976 2935 sam
2037 2881 2337 2937 secundum
2385 2883 2657 2953 quoddam
2731 2885 3126 2955 signiﬁcantius
3198 2887 3447 2942 verbum.

183 2985 263 3022 του
292 2974 526 3046 σκύμνος
565 2981 672 3044 πᾶς
718 2980 782 3033 ἂν
808 2979 1021 3052 λεχθείη
1052 2980 1394 3054 ἁμαρτωλὸς,
1443 2981 1565 3034 ἐπεὶ
1597 2998 1616 3031 ι
1648 2981 1753 3044 πᾶς

1860 2985 1967 3026 non
2001 2972 2214 3028 leonem
2254 2989 2432 3045 neque
2464 2975 2732 3041 catulum,
2786 2977 2881 3031 sed
2923 2976 3080 3047 quasi
3120 2977 3330 3033 leonem
3376 2989 3440 3033 er

181 3060 208 3112 δ
235 3065 392 3119 ποιῶν
416 3067 516 3140 τὴν
547 3071 823 3143 ἁμαρτίαν
856 3075 920 3126 ὲκ
949 3072 1042 3126 τοῦ
1077 3073 1321 3126 διαὸόλου
1353 3072 1694 3144 γεγέννηται.
1730 3091 1749 3124 ι

1860 3065 2099 3120 catulum
2154 3081 2279 3120 eum
2328 3065 2532 3122 factum
2586 3082 2708 3123 esse
2756 3067 2810 3121 in
2861 3069 3134 3139 passionis
3185 3075 3432 3138 tempore

192 3150 326 3208 Ἐπεὶ
350 3155 440 3212 οὖν
467 3129 620 3216 καὶδ
645 3129 836 3236 έωτὴρ
867 3183 884 3215 ι
917 3166 972 3218 ὲν
1001 3165 1308 3237 ὁμοιώματι
1351 3129 1552 3235 ἆαρκδς
1569 3129 1753 3236 ’ἀμαρ-

1860 3157 2144 3228 prophetia
2194 3158 2467 3226 declarat;
2517 3174 2642 3214 cum
2687 3165 2742 3214 et
2785 3129 2900 3229 ipse
2931 3161 3238 3230 passionem
3273 3129 3432 3217 suam

178 3240 286 3307 τίας
328 3247 576 3321 ἐλήλυθε,
609 3272 627 3304 ι
661 3253 770 3306 καί·
803 3273 820 3304 ι
854 3255 1077 3324 Γέγονεν
1116 3256 1257 3327 ὑπὲρ
1279 3255 1434 3327 ἡμῶν
1467 3255 1704 3326 κατάρα·
1729 3275 1748 3305 ι

1860 3249 2128 3320 serpentis
2155 3249 2424 3306 assimilat
2452 3251 2696 3322 passioni
2725 3251 2914 3308 dicens
2940 3271 2952 3306 :
2987 3271 3006 3303 ι
3029 3250 3096 3307 Ει
3121 3252 3263 3307 sicut
3279 3250 3430 3324 Moy-

179 3333 278 3386 καί·
305 3357 322 3389 σ
347 3340 436 3413 Μὴ
459 3344 660 3413 γνόντα
683 3346 843 3399 αὑτὸν
866 3347 1137 3418 ἁμαρτίαν
1153 3348 1290 3419 ὑπὲρ
1311 3339 1466 3418 ἡμῶν
1480 3345 1753 3417 ἁμαρτίαν

1860 3357 1947 3397 ses
1987 3341 2248 3398 exaltavit
2305 3349 2614 3412 serpentem
2669 3342 2726 3395 in
2775 3343 3013 3407 deserto,
3070 3343 3148 3398 ita
3198 3344 3429 3398 exaltari

178 3424 442 3499 ἐποίησεν*
487 3455 506 3487 ›
538 3436 640 3506 ὅρα
685 3437 758 3508 μὴ
785 3438 989 3491 τούτων
1021 3438 1206 3492 ἕνεκεν
1256 3437 1398 3491 κατά
1432 3454 1554 3491 τινα
1586 3436 1752 3507 βαθύ-

1860 3440 2079 3503 oportet
2121 3431 2318 3487 Filium
2377 3433 2613 3488 hominis
2647 3433 2714 3488 ".
2752 3453 2772 3485 »
2829 3432 2959 3489 Dein
2995 3435 3157 3490 tacite
3181 3450 3446 3490 resurret

177 3530 317 3588 τερον
360 3523 518 3594 λόγον
571 3526 693 3579 οὔτε
756 3528 945 3582 λέοντα
995 3527 1118 3583 οὔτε
1181 3528 1418 3600 σκύμνον
1442 3567 1456 3592 ,
1509 3527 1623 3581 ἁλλ’
1673 3527 1748 3590 ὡς

1860 3522 2059 3577 ctionis
2089 3522 2209 3592 ejus
2237 3523 2557 3594 mysterium
2601 3524 2798 3594 innuit,
2849 3525 2933 3582 his
2966 3526 3148 3583 verbis
3181 3545 3194 3581 :
3236 3545 3256 3577 ς
3293 3525 3428 3592 Quis

177 3603 349 3665 λέοντα
392 3617 485 3670 καὶ
541 3619 780 3690 σκύμνον
818 3622 1095 3690 γεγονέναι
1137 3621 1294 3676 αὐτὸν
1343 3619 1492 3692 παρὰ
1525 3619 1616 3673 τὸν
1656 3619 1749 3672 τοῦ

1860 3615 2145 3671 suscitabit
2165 3616 2322 3670 eum?
2359 3635 2378 3668 ι
2414 3616 2670 3687 Apertum
2702 3627 2787 3674 est
2818 3619 2976 3675 nobis
3015 3633 3047 3673 e
3071 3620 3426 3675 conclusione

175 3699 362 3768 πάθους
391 3709 586 3781 καιρὸν
615 3713 647 3782 η
678 3713 981 3784 προφητεία
1007 3712 1248 3778 θεσπίζει
1272 3729 1284 3742 '
1318 3713 1440 3765 ἐπεὶ
1465 3713 1557 3765 καὶ
1589 3711 1750 3774 αὐτὸς

1860 3709 1981 3779 quis
2016 3710 2246 3765 suscitet
2277 3708 2464 3766 Jesum
2496 3709 2788 3767 Dominum
2817 3719 3068 3768 nostrum
3096 3728 3127 3766 a
3153 3712 3382 3768 mortuis
3407 3752 3421 3778 ,

171 3789 226 3843 τὸ
264 3794 450 3853 ἑαυτοῦ
486 3801 662 3866 πάθος
700 3803 776 3875 τῷ
820 3804 913 3858 τοῦ
961 3804 1134 3874 ὄφεως
1179 3803 1514 3876 παραϐάλλει
1548 3802 1743 3880 λέγων’

1860 3801 1998 3856 Deus
2029 3802 2234 3857 scilicet
2267 3810 2320 3858 et
2355 3802 2516 3859 Pater
2547 3803 2683 3872 ejus.

176 3901 192 3932 ι
223 3885 418 3961 Ὥσπερ
442 3892 685 3966 Μωῦσῆς
734 3894 914 3963 ὕψωσε
944 3896 1033 3951 τὸν
1067 3894 1271 3965 δφινέν
1319 3897 1384 3967 τῇ
1413 3896 1625 3968 ἐρήμῳ,
1650 3893 1818 3958 οὕτως
1856 3892 2134 3964 ὑψωθῆναι
2162 3894 2240 3948 δεῖ
2270 3895 2359 3950 τὸν
2383 3895 2510 3950 Υίὸν
2534 3897 2628 3951 τοῦ
2659 3897 2963 3970 ἀνθρώπω.
3001 3919 3021 3951 ›
3061 3900 3182 3954 Ἐπὶ
3213 3901 3424 3957 τούτοις

171 3988 585 4058 σεσιωπημένως
623 3988 683 4041 τὸ
713 3990 852 4044 κατὰ
911 3991 1010 4063 τὴν
1048 3992 1340 4046 ἀνάστασιν
1379 3991 1542 4045 αὐτοῦ
1591 3991 1884 4062 μυστήριον
1918 3989 2284 4045 ύπαινίττεται
2316 3989 2405 4045 διὰ
2439 3989 2553 4056 τοῦ,
2587 4009 2605 4041 ι
2636 3990 2732 4054 Τίς
2764 3991 2943 4064 ἐγερεῖ
2966 3992 3158 4059 αὐτόνς
3193 4012 3211 4045 ›
3246 3993 3421 4062 Σαφὲς

169 4070 349 4147 δ’ἡμῖν
375 4082 439 4135 ἐκ
462 4081 562 4137 τοῦ
624 4085 1088 4158 συμπεράσματος
1136 4087 1326 4164 γέγονε
1385 4087 1470 4152 τίς
1526 4088 1743 4159 ἤγειρεν
1793 4085 1998 4159 Ἰησοῦν
2045 4086 2135 4140 τὸν
2178 4086 2380 4160 Κύριον
2409 4087 2566 4159 ἡμῶν
2594 4090 2658 4141 ἐκ
2691 4087 2927 4160 νεκρῶνο
2955 4087 3110 4160 δῆλον
3139 4089 3244 4160 γὰρ
3283 4091 3363 4142 ὅτι
3387 4087 3418 4139 ὁ

167 4167 286 4234 Θεὸς
307 4175 400 4228 καὶ
431 4177 622 4249 Πατὴρ
648 4179 836 4233 αὐτοῦ.
3390 4250 3398 4260 ·

243 4264 392 4338 Ἑξῆς
443 4269 501 4325 δὲ
553 4270 768 4340 λέγεται
832 4273 901 4327 τὰ
950 4275 1056 4328 ἀπὸ
1106 4276 1200 4329 τοῦ
1227 4294 1240 4306 ⁸
1284 4295 1303 4328 ι
1341 4277 1454 4331 Ούκ
1503 4275 1739 4346 ἐκλείψει

1919 4267 2122 4326 Deinde
2171 4269 2373 4324 dicitur
2423 4289 2438 4323 :
2495 4289 2513 4321 ι
2542 4268 2661 4325 Non
2709 4270 2990 4327 auferetur
3036 4282 3310 4344 sceptrum
3351 4279 3419 4334 de

165 4353 335 4426 ἄρχων
382 4363 445 4428 ἐξ
499 4363 692 4434 Ἰούδα,
742 4367 864 4421 οὐδὲ
915 4367 1214 4438 ἡγούμενος
1265 4369 1330 4422 ὲκ
1383 4369 1488 4423 τῶν
1545 4370 1733 4442 μηρῶν

1860 4361 2000 4425 luda,
2037 4368 2090 4416 et
2122 4359 2232 4414 dux
2263 4359 2330 4414 de
2363 4358 2570 4416 femore
2602 4361 2742 4431 ejus.
2775 4381 2795 4415 ι
2835 4363 2966 4430 Quae
3017 4365 3234 4434 quidem
3275 4370 3320 4423 si
3351 4369 3417 4423 de

165 4446 351 4502 αὐτοῦ’
399 4471 420 4504 ι
473 4455 619 4527 άπερ
670 4459 719 4509 εί
771 4458 869 4528 μὲν
915 4457 973 4524 ἐξ
1030 4460 1221 4532 ἐτέρας
1270 4460 1734 4533 ἁναγινώσκοιμεν

164 4537 358 4610 ἀρχῆς,
399 4543 614 4615 λέγοιτο
666 4547 732 4601 ἂν
773 4548 848 4611 ὡς
901 4549 1029 4620 περὶ
1076 4551 1328 4606 ἁπάντων
1370 4551 1478 4605 τῶν
1523 4554 1589 4607 ὲκ
1639 4551 1732 4607 τοῦ

176 4633 434 4692 Ἰουδαίων
464 4641 656 4710 γένους
700 4642 1169 4715 καθηγησαμένων
1197 4645 1290 4698 τοῦ
1321 4645 1474 4710 λαοῦ,
1522 4647 1614 4701 καὶ
1645 4645 1729 4718 εἴη

1842 4455 1948 4507 alio
2001 4454 2422 4523 interpretemur
2477 4460 2731 4523 sceptro,
2781 4453 3094 4510 dicerentur
3139 4459 3296 4528 quasi
3349 4461 3418 4515 de

1840 4546 2097 4600 omnibus
2128 4545 2222 4616 qui
2263 4561 2327 4600 ex
2369 4545 2678 4600 Judaeorum
2708 4562 2904 4617 genere
2930 4549 3184 4618 populum
3213 4551 3414 4620 guber-

1837 4643 2059 4703 narunt,
2092 4637 2328 4706 talisque
2381 4643 2530 4692 esset
2578 4638 2878 4693 secundum
2921 4640 3062 4694 hanc
3093 4640 3413 4710 interpreta-

161 4721 222 4776 ἂν
249 4729 365 4782 κατ’
386 4731 559 4802 αὐτὴν
588 4733 687 4805 τὴν
713 4734 948 4787 διάνοιαν
973 4737 1001 4788 ὁ
1028 4735 1136 4790 τῶν
1156 4739 1530 4807 προκειμένων
1553 4737 1731 4809 ῥητῶν

1861 4727 2039 4782 ionem
2063 4727 2294 4797 hujusce
2320 4728 2424 4782 loci
2456 4744 2652 4784 sensus
2680 4747 2694 4783 :
2728 4728 2847 4784 Non
2879 4731 3031 4801 prius
3059 4734 3354 4788 cessabunt
3383 4751 3414 4789 e

165 4815 280 4880 νοῦς
310 4822 519 4876 τοιόσδε
547 4840 628 4887 τις
650 4841 663 4854 ’
694 4825 754 4877 οὐ
790 4825 1050 4897 πρότερον
1084 4827 1382 4881 παύσονται
1425 4831 1473 4882 oi
1502 4827 1561 4893 ἐξ
1601 4831 1734 4882 ἰου-

162 4904 318 4962 δαίων
337 4913 600 4985 ἄρχοντες
633 4918 725 4970 καὶ
752 4917 1043 4988 ἡγούμενοι
1067 4919 1159 4971 ἐπὶ
1184 4919 1274 4974 τὸν
1315 4920 1580 4975 Ἰουδαίων
1607 4921 1734 4976 λαὸν

163 4999 562 5076 καθιστάμενοι,
583 5008 687 5070 ἕως
706 5009 770 5061 ἂν
790 5008 915 5080 ἔλθῃ
941 5011 968 5062 ὀ
987 5010 1084 5080 τῆς
1105 5010 1212 5063 τῶν
1228 5011 1394 5065 ἐθνῶν
1411 5013 1734 5084 προσδοκίας

160 5089 345 5158 αἴτιος,
362 5095 510 5149 τοῦτ’
534 5097 678 5150 ἐστιν
701 5100 728 5151 ὁ
744 5099 994 5170 Χριστὸς,
1013 5094 1074 5154 οὗ
1096 5101 1536 5172 παραγενομένου
1561 5102 1733 5155 ἐκλεί-

159 5173 272 5240 ψειν
323 5182 540 5257 ἀνάγκη
572 5187 698 5250 τοὺς
744 5187 1194 5257 προειρημένους.
1236 5189 1450 5244 Τούτων
1492 5191 1534 5244 δ’
1561 5192 1732 5257 οὕτως

159 5267 404 5339 ἐχόντων,
429 5276 851 5349 ἐπισκεψώμεθα
883 5279 1008 5344 τοὺς
1042 5281 1159 5334 καθ’
1183 5285 1328 5354 ἡμᾶς
1351 5286 1592 5356 χρόνους,
1617 5286 1730 5356 εἴγε

158 5359 243 5412 νῦν
275 5364 515 5433 βασιλεῖς
542 5371 634 5423 καὶ
666 5370 998 5442 ἡγουμένους
1019 5371 1163 5425 ἔστιν
1196 5376 1396 5446 εὑρεῖν.
1432 5377 1589 5431 Ἀλλὰ
1619 5378 1728 5452 γὰρ

159 5454 284 5508 πᾶσι
312 5459 575 5529 πρόδηλον
600 5463 675 5524 ὡς
704 5463 840 5533 μετὰ
862 5462 972 5516 τῶν
1001 5462 1202 5518 λοιπῶν
1231 5467 1325 5520 καὶ
1352 5468 1414 5521 τὸ
1453 5468 1721 5522 Ἰουδαίων

157 5536 300 5604 ἔθνος
352 5549 466 5608 τοῖς
512 5550 890 5622 κατεπαρχιῶν
923 5550 1069 5623 (κατ’
1099 5555 1392 5627 ἐπαρχίας)
1439 5558 1720 5629 Ῥωμαίων

1839 4817 2042 4874 Judaeis
2070 4819 2258 4883 duces,
2308 4819 2691 4890 principesque
2718 4836 2881 4891 super
2898 4819 3207 4878 Iudaeorum
3237 4841 3410 4895 popu-

1842 4915 1952 4970 lum
1981 4915 2300 4982 constituti,
2330 4931 2493 4986 quam
2520 4917 2699 4972 veniat
2721 4919 2959 4989 gentium
2989 4922 3410 4990 exspectationis

1839 5025 2025 5073 causa,
2061 5009 2115 5064 id
2151 5017 2233 5065 est
2256 5051 2269 5074 ,
2301 4993 2584 5073 Christus,
2625 5011 2782 5082 cujus
2813 5021 2935 5081 post
2975 5011 3265 5067 adventum
3315 5029 3410 5067 ne-

1839 5117 1994 5156 cesse
2021 5111 2105 5157 est
2139 5103 2525 5157 auctoritatem
2553 5100 2886 5173 relinquant.
2939 5103 3218 5170 Quacum
3245 5105 3316 5158 ita
3348 5121 3407 5158 se

1841 5192 2106 5256 habeant,
2141 5203 2386 5263 tempora
2425 5201 2614 5249 nostra
2645 5202 2849 5250 attente
2878 5197 3305 5268 perspiciamus,
3336 5213 3405 5251 an

1838 5283 2006 5339 duces
2028 5299 2293 5356 regesque
2318 5300 2462 5339 nunc
2501 5287 2739 5356 reperire
2778 5288 2867 5343 sit.
2923 5287 3122 5344 Verum
3150 5290 3406 5347 omnibus

1835 5382 2070 5443 constat,
2117 5377 2258 5432 sicut
2302 5385 2528 5434 exteras
2579 5386 2789 5449 gentes,
2837 5377 3144 5435 Jndmorum
3189 5399 3406 5453 quoque

1834 5469 2090 5539 populum
2132 5468 2390 5525 Romanae
2427 5470 2622 5526 ditioni
2668 5487 2804 5528 esse
2838 5473 3178 5543 subjectum,
3226 5492 3402 5546 neque

1828 5575 2150 5630 quemquam
2164 5577 2350 5617 eorum
2361 5578 2584 5619 summa:
2596 5566 3064 5622 auctoritatisesse
3075 5577 3402 5637 compotem.

236 5717 275 5740 ἰ
317 5703 480 5760 lleln'.
520 5727 580 5766 ιι.
630 5716 710 5769 Μ.
787 5719 833 5748 ⁷⁵
872 5717 890 5770 1
925 5716 1067 5773 Petr.
1108 5736 1156 5776 γ.
1193 5723 1242 5776 8.
1319 5723 1362 5754 ⁷⁵
1401 5724 1421 5776 Ι
1456 5720 1611 5778 Joan.
1647 5737 1753 5786 m,‘

1882 5725 2098 5780 "Rom.
2122 5739 2236 5791 νιιι,
2409 5726 2451 5758 ⁷⁸
2484 5725 2523 5779 ιι
2553 5724 2676 5780 Cor.
2708 5743 2755 5791 v,
2785 5725 2873 5780 9.1.
2952 5725 3170 5784 "Joan.
3198 5745 3280 5798 In,
3317 5733 3405 5792 l4.
