3868 6264
449 339 587 394 1047

1193 339 1460 397 EUSEBII
1497 342 1974 401 CJESAHIENSIS
2013 347 2164 403 OPP.
2210 347 2385 403 PARS
2406 348 2973 407 lll.—EXEGETICA.

3512 360 3622 417 1048

447 459 692 530 llludque
719 476 748 514 a
781 459 1081 516 Salvatoris
1107 465 1280 518 nostri
1327 466 1701 522 incarnatione
1729 467 1840 523 fieri
1871 470 1989 525 ince

2123 473 2382 542 ἡγεμόσιν
2449 473 2841 538 ὑποτέτακται,
2904 473 3125 545 μηδενὸς
3188 474 3358 527 αὐτῶν
3408 477 3492 548 τὴν
3547 484 3624 536 τοῦ

445 555 546 624 pit.
598 552 766 624 Igitur
788 553 854 607 ad
885 555 1027 624 regis
1051 552 1280 612 Herodis
1309 565 1551 628 tempora
1587 557 1841 615 Hebraeos
1871 577 2011 615 sem-

447 663 544 718 per
591 646 869 702 Hebraicaa
907 647 1051 715 genti
1113 645 1410 718 imperasse
1473 651 1528 705 in
1579 651 1826 709 historiis
1859 669 2011 724 repe-

447 739 639 793 rimus.
689 736 735 790 A
759 736 942 810 Moyse
965 738 1083 808 ipso
1107 741 1457 795 successione
1485 742 1775 805 continua.
1813 744 2012 814 popqu

446 829 920 884 duces'constituti
945 829 1183 896 fuerunt,
1204 829 1424 888 Judiccs
1456 833 1666 901 vocati;
1699 833 1894 890 deinde
1924 851 2010 892 re-

443 934 537 989 ges
566 935 740 990 usque
765 917 1135 1004 ad‘Babylonis
1151 921 1518 990 captivitatem
1539 922 1824 991 imperium
1850 939 2009 977 exer-

443 1023 634 1073 cuere;
675 1013 802 1079 post
847 1009 1212 1080 captivitatem
1247 1012 1444 1065 summi
1496 1012 1780 1080 pontiﬁces
1808 1012 1876 1067 ad
1901 1014 2013 1067 Au-

442 1106 657 1169 gustum
689 1101 836 1166 regia
868 1101 1193 1156 auctoritate
1230 1102 1386 1170 potiti
1419 1111 1579 1169 sunt;
1623 1101 1836 1159 Herode
1861 1119 2007 1171 vero,

441 1191 783 1261 quiprimus
837 1189 1000 1262 alieni
1047 1197 1166 1244 erat
1196 1195 1431 1258 generis.
1479 1207 1815 1263 regnumque
1843 1208 1872 1247 a
1902 1192 2012 1248 lio-

439 1282 620 1354 ma‘nis
654 1283 965 1338 obtinuerat
994 1282 1314 1354 imperante,
1366 1282 1615 1339 Salvator
1641 1283 2011 1357 Dominusque

441 1365 624 1431 noster
661 1372 822 1431 Jesus
853 1374 1107 1430 Christus
1140 1382 1303 1430 natus
1344 1385 1448 1431 est.
1505 1375 1623 1430 Jam
1662 1378 1827 1450 igitur
1850 1379 1918 1432 ab
1943 1394 2010 1434 eo

439 1483 613 1537 usque
641 1467 709 1522 ad
751 1476 1000 1522 nostrum
1050 1477 1260 1536 tempus
1308 1468 1592 1537 imperium
1627 1480 2010 1540 sceptrumque

438 1559 691 1617 aJudazis
735 1561 911 1618 ablata
959 1570 1107 1616 sunt.
1174 1560 1328 1616 Patet
1367 1563 1650 1619 advenisse
1679 1565 2009 1635 aproplietis

436 1654 752 1725 pnedictum
798 1652 1134 1709 Salvatorem
1188 1661 1458 1718 nostrum,
1497 1656 1656 1726 cujus
1687 1672 1716 1710 a
1750 1656 2009 1726 tempori-

412 1735 539 1804 hbus
568 1762 678 1802 non
709 1746 870 1801 modo
895 1744 1205 1801 Judaaorum
1233 1747 1399 1802 ablati
1455 1758 1583 1803 sunt
1615 1747 1804 1813 duces,
1835 1747 1928 1803 sed
1954 1755 2009 1802 et

2115 561 2302 636 ἄρχειν
2347 563 2590 629 ἐξουσίαν
2627 566 3111 637 ἐπιτετραμμένον.
3154 567 3261 620 Καὶ
3297 566 3440 621 τοῦτό
3465 587 3518 640 γε
3540 575 3622 630 ἀπὸ

2113 654 2218 708 τῶν
2246 656 2450 726 χρόνων
2469 657 2568 727 τῆς
2593 657 2685 710 τοῦ
2717 659 2964 729 Σωτῆρος
2987 657 3140 728 ἡμῶν
3162 659 3413 726 γενέσεως
3434 662 3621 732 ῆρξατο·

2117 753 2275 824 μέχρι
2303 748 2431 819 γοῦν
2471 751 2707 822 Ἡρώδου
2735 750 2994 821 βασιλέως
3029 745 3304 822 Ἐϐραίους
3326 752 3379 820 ἐξ
3410 755 3625 828 Ἑϐραίων

2111 843 2206 896 τοῦ
2241 842 2439 905 παντὸς
2464 842 2642 896 αὐτῶν
2675 843 2858 906 ἔθνους
2900 843 3164 914 ἄρξαντας
3197 847 3254 898 ὲν
3275 847 3388 909 ταῖς
3411 847 3626 920 ἱστορίαις

2112 935 2454 1006 εὑρίσκομεν,
2499 934 2556 1000 ἐξ
2583 934 2746 987 αὑτοῦ
2780 936 3055 998 Μωῦσέως
3087 936 3225 989 κατά
3265 937 3491 1008 διαδοχὴν
3515 945 3624 1012 ὴγη-

2113 1030 2362 1098 σαμένων
2383 1028 2594 1099 πρῶτον
2622 1029 2718 1099 μὲν
2739 1028 2845 1080 τῶν
2866 1029 3164 1098 λεγομένων
3186 1030 3413 1102 Κριτῶν,
3430 1033 3512 1088 εἶθ’
3529 1037 3627 1108 ἑῆς

2110 1121 2218 1172 τῶν
2242 1120 2502 1190 βασιλέων
2533 1122 2692 1190 μέχρι
2721 1122 2818 1192 τῆς
2855 1124 2934 1184 είς
2967 1123 3256 1176 Βαϐυλῶνα
3286 1126 3625 1194 αἰχμαλωσίας,

2114 1211 2230 1282 μεθ’
2260 1215 2324 1283 ἢν
2352 1215 2399 1265 οἱ
2433 1213 2706 1285 ἀρχιερεῖς
2732 1213 2828 1284 τὴν
2867 1214 3039 1285 ἀρχὴν
3067 1214 3427 1286 διαδεξάμενοι
3453 1222 3531 1272 ἐπὶ
3554 1223 3629 1293 τὴν

2110 1303 2422 1372 Αὐγούστου
2471 1303 2765 1374 διήρκεσαν
2812 1297 3117 1374 βασιλείαν⁴
3155 1305 3273 1359 καθ’
3324 1307 3381 1359 ὃν
3434 1308 3628 1380 'Hﬁmx‘m

2112 1397 2325 1469 πρώτου
2356 1397 2416 1450 τὺ
2465 1398 2618 1466 γένος
2671 1397 2979 1468 ἀλλοφύλων
3010 1399 3159 1469 (λου)
3202 1401 3299 1471 τὴν
3345 1405 3456 1454 κατ’
3489 1404 3630 1456 iriirin

2113 1489 2387 1561 βασιλείαν
2412 1490 2517 1542 ὑπὸ
2553 1490 2837 1560 Ῥωμαίων
2861 1490 3286 1562 ἐγχειρισθέντος
3310 1493 3339 1544 ὁ
3365 1492 3535 1563 Σωτὴρ
3559 1496 3631 1546 καὶ

2109 1579 2312 1650 Κύριος
2345 1577 2499 1649 ἡμῶν
2531 1578 2736 1650 Ἰησοῦς
2760 1578 2993 1650 Χριστὸς
3027 1581 3309 1652 ἐγεννήθη.
3335 1583 3463 1652 Ἤδη
3489 1584 3632 1636 τοίνυν

2109 1667 2166 1734 ἐξ
2209 1669 2415 1722 ἐκείνου
2471 1670 2563 1722 καὶ
2613 1667 2772 1740 μέχρι
2815 1669 2907 1720 τοῦ
2955 1671 3218 1741 παρόντος
3255 1670 3442 1741 χρόνου
3482 1671 3632 1739 σαφῶς

2110 1757 2433 1824 ἐκλελοιπὼς
2481 1761 2662 1832 ἄρχων
2705 1777 2765 1812 τε
2814 1760 2907 1812 καὶ
2955 1760 3250 1831 ἡγούμενος
3297 1762 3356 1812 ἐν
3405 1761 3634 1825 Ἰουδαίοις

433 1843 610 1897 omnis
639 1840 818 1896 cultus
840 1841 932 1911 qui
967 1841 1109 1911 apud
1146 1857 1242 1896 eos
1271 1841 1570 1897 secundum
1600 1841 1800 1913 Moysis
1831 1842 1989 1912 legem

2109 1817 2490 1906 ἀποδείκνυται
2509 1817 2534 1881 ·.
2554 1817 2721 1922 ’δῆλον
2758 1851 2834 1914 ὡς
2878 1817 3130 1922 ἐλήλυθεν
3165 1854 3193 1905 ὁ
3226 1817 3633 1924 πεπροφητευμέί

430 1932 729 1990 Jerusalem
753 1931 1098 2004 implebatur.
1133 1931 1416 1989 Manifeste
1438 1942 1617 1989 autem
1640 1944 1694 1990 et
1717 1943 2002 2004 exspecta-

431 2028 508 2078 tio
555 2041 742 2080 eorum
786 2027 876 2097 qui
924 2042 1021 2096 per
1068 2041 1191 2080 eum
1245 2027 1312 2081 ad
1351 2027 1728 2083 universarum
1755 2027 1995 2097 gentium

431 2117 599 2170 Deum
638 2119 1024 2190 confugiebant
1055 2121 1232 2192 reipsa
1263 2121 1574 2176 confirmari
1605 2122 1789 2190 coepit,
1823 2121 1997 2191 ipsius

430 2211 692 2266 adventus
721 2221 984 2283 tempore,
1011 2211 1310 2269 secundum
1341 2211 1527 2268 Jacobi
1559 2212 1919 2285 prophetiam.

2108 1963 2196 2010 νος
2230 1943 2418 2015 Σωτὴρ
2443 1943 2620 2014 ἡμῶν,
2659 1938 2719 1998 οὗ
2765 1943 2870 1996 ἀπὸ
2909 1943 3017 1996 τῶν
3070 1945 3273 2014 χρόνων
3326 1947 3386 1998 οὐ
3422 1948 3562 2015 μόνον
3597 1949 3634 2000 οἱ

2117 2036 2383 2090 Ἰουδαίων
2420 2036 2819 2090 ἐπιλελοίπασιν
2857 2035 3110 2109 ἄρχοντες
3129 2077 3143 2100 ,
3175 2035 3307 2090 ἀλλά
3342 2039 3431 2090 καὶ
3463 2043 3634 2109 πᾶσαὴ

2107 2123 2242 2194 πρὸς
2273 2123 2451 2176 αὐτῶν
2495 2125 2552 2176 ἐν
2588 2124 2944 2195 Ἰερουσαλὴμ
2967 2125 3370 2198 ἀποτελουμένη
3405 2129 3535 2182 κατά
3568 2131 3638 2182 τὸν

2098 2214 2374 2278 Μωῦσέως
2406 2215 2566 2286 νόμον
2589 2215 2829 2288 λατρεία.
2869 2217 3059 2284 Σαφῶς
3087 2217 3143 2270 δέ
3173 2220 3265 2272 καὶ
3303 2220 3342 2288 ἡ
3383 2221 3638 2291 προσδοκία

426 2306 536 2360 τῶν
581 2305 646 2360 δι’
693 2308 857 2362 αὑτοῦ
915 2309 1405 2379 καταπεφευγότων
1445 2309 1665 2362 ἐπ“ι’τὸν
1713 2309 1822 2363 τῶν
1869 2309 2004 2363 ὅλων
2041 2309 2172 2363 Θεὸν
2201 2308 2369 2362 ἐθνῶν
2411 2307 2556 2382 ἔργῳ
2620 2309 2954 2382 πληροῦσθαι
3003 2311 3203 2384 ἤρξατο
3252 2314 3363 2367 ἀπὸ
3402 2315 3504 2367 τῶν
3562 2315 3638 2384 τῆς

427 2407 728 2475 παρουσίας
753 2405 917 2458 αὑτοῦ
947 2405 1175 2478 χρόνων,
1205 2405 1346 2459 κατὰ
1375 2407 1472 2478 τὴν
1499 2406 1590 2458 τοῦ
1630 2403 1822 2458 Ἰακὼϐ
1859 2407 2212 2476 προφητείαν.
3297 2447 3328 2469 ,

498 2497 564 2552 Et
593 2498 964 2570 haec'quidem
1013 2500 1060 2557 si
1103 2499 1171 2555 de
1202 2502 1426 2572 proprio
1469 2509 1687 2571 sceptro
1727 2501 2000 2573 intelliga-

423 2603 572 2654 mus,
611 2608 631 2641 ι
661 2607 772 2646 non
805 2591 1084 2648 auferetur
1102 2601 1379 2664 sceptrum
1403 2595 1470 2649 de
1493 2593 1664 2662 Juda;
1700 2614 1718 2647 ι
1751 2596 1797 2652 si
1827 2597 1997 2666 priori

425 2681 573 2737 hunc
599 2684 757 2754 quasi
791 2693 1219 2743 consentaneum
1246 2687 1722 2743 accommodemus
1745 2704 1992 2752 sensum,

423 2772 704 2830 Christum
761 2777 1032 2848 significat
1080 2776 1254 2833 Judas
1306 2779 1360 2832 in
1407 2779 1688 2848 praacitato
1738 2783 1878 2845 loco,
1937 2789 1994 2836 et

427 2890 448 2924 ι
481 2887 590 2928 non
629 2872 906 2928 auferetur
934 2882 1207 2944 sceptrum
1239 2874 1306 2930 de
1331 2873 1490 2941 Juda,
1535 2895 1553 2927 ›
1585 2876 1653 2931 ad
1695 2877 1818 2932 illos
1865 2891 1990 2947 spe-

422 2971 547 3018 ctat'
566 2967 659 3035 qui
685 2973 807 3033 post
839 2964 1116 3021 Christum
1147 2965 1316 3022 duces
1347 2973 1401 3022 et
1432 2967 1706 3038 principes
1734 2966 1994 3024 Ecclesiae

423 3054 647 3110 inerunt
684 3076 696 3110 :
733 3057 834 3110 hos
865 3058 1148 3128 prophetia
1179 3057 1316 3113 dicit
1363 3074 1470 3113 non
1503 3057 1816 3117 defecturos
1845 3076 1990 3127 esse,

426 3165 444 3192 ‹
472 3145 645 3201 donec
671 3147 851 3200 veniat
878 3147 970 3216 qui
999 3145 1292 3202 mittendus
1321 3156 1440 3212 est;
1472 3167 1490 3200 ο
1526 3151 1680 3218 quasi
1709 3150 1995 3206 manifeste

419 3237 647 3299 diceret.
682 3238 857 3295 donec
888 3240 1071 3295 veniat
1101 3256 1221 3311 qua:
1251 3241 1300 3296 ei
1346 3242 1563 3298 decreta
1611 3253 1739 3299 sunt
1773 3245 1826 3298 in
1856 3260 1991 3300 con-

420 3331 839 3387 summationem
873 3331 1134 3397 futuram,
1166 3335 1408 3389 omnium
1437 3349 1664 3406 regnum
1701 3335 1985 3393 obtinebit.

2174 2503 2284 2555 Καὶ
2310 2502 2482 2556 ταῦτα
2521 2502 2620 2573 μὲν
2653 2502 2700 2554 εί
2738 2502 2813 2567 ὡς
2856 2502 2963 2556 ἀπὸ
2997 2504 3130 2567 ἰδίας
3181 2503 3362 2576 ἀρχῆς
3411 2507 3640 2573 ἀναγινώο

2102 2611 2327 2666 σκοιμεν
2359 2593 2424 2648 τά
2447 2593 2553 2648 ἀπὸ
2581 2594 2693 2648 ’ποῦ’
2716 2615 2733 2646 ι
2753 2596 2866 2649 Οὐκ
2895 2596 3130 2667 ἐκλείψει
3163 2599 3348 2670 ἄρχων
3377 2599 3633 2666 ἐξἸούδαοι

2099 2690 2148 2741 εί
2181 2687 2226 2741 δ’
2253 2688 2329 2751 ὡς
2385 2687 2674 2741 ἀκόλουθον
2705 2691 2772 2760 τῇ
2827 2689 2928 2759 πρὸ
2969 2689 3138 2762 αὐτῆς
3181 2691 3391 2764 διανοίᾳ
3436 2693 3522 2748 καὶ
3560 2694 3638 2763 τὴν

2103 2777 2242 2850 μετὰ
2275 2782 2462 2851 χεῖρας
2486 2782 2848 2851 συνάπτομεν,
2885 2781 3009 2852 ἑξῆς
3053 2781 3118 2835 ἂν
3147 2782 3256 2852 εἴη,
3302 2784 3402 2837 τοῦ
3437 2783 3637 2854 Χριστοῦ

2107 2868 2274 2922 Ἰούδα
2305 2867 2625 2940 νενοημένον
2649 2869 2789 2922 κατά
2814 2869 2882 2922 τά
2914 2865 3408 2941 προαποδεδομένα,
3425 2871 3524 2937 τὸ,‹
3547 2871 3639 2925 Οὐκ

2096 2961 2334 3031 ἐκλείψει
2364 2962 2544 3033 ἄρχων
2577 2961 2635 3028 ἐξ
2682 2960 2755 3031 (f.
2784 2961 2923 3031 7v°)
2962 2957 3148 3028 Ἰούδα,
3184 2982 3201 3014 ι
3250 2963 3347 3017 ἐπὶ
3369 2965 3489 3027 τοὺς
3526 2963 3637 3033 μετὰ

2096 3053 2186 3106 τὸν
2207 3054 2440 3126 Χριστὸν
2454 3054 2719 3127 ἄρχοντας
2750 3053 2844 3109 καὶ
2871 3055 3204 3126 ἡγουμένους
3226 3056 3330 3126 τῆς
3347 3055 3638 3126 Ἐκκλησίας

2099 3146 2481 3216 ἐκλαμϐάνειν,
2512 3145 2665 3217 οὓςή
2718 3147 3024 3218 προφητεία
3074 3148 3237 3217 φησὶν
3289 3147 3365 3220 μὴ
3404 3146 3636 3217 ἐκλείψειν

2101 3258 2119 3290 ι
2151 3238 2257 3302 ἐως
2287 3229 2352 3292 ἂν
2383 3237 2509 3311 ἔλθῃ
2548 3238 2616 3290 τά
2651 3238 2988 3306 ἀποκείμενα
3016 3237 3195 3310 αὐτῷ·
3227 3259 3245 3290 ι
3285 3241 3363 3303 ὡς
3398 3241 3445 3292 εί
3497 3239 3637 3307 σανρὲ-

2094 3347 2285 3402 στερον
2313 3331 2515 3400 ἔλεγεν,
2546 3331 2650 3394 ἓως
2673 3329 2736 3384 ἂν
2768 3329 2896 3404 ἔλθῃ
2926 3330 2992 3384 τὰ
3016 3329 3360 3403 ἀποκείμενα
3394 3331 3534 3400 αύτῷ
3562 3333 3639 3400 τῆς

417 3421 575 3490 Quod
605 3438 738 3479 vero
768 3423 940 3480 duces
974 3423 1178 3484 Christi
1225 3427 1524 3498 discipulos
1573 3438 1794 3485 sanctus
1829 3441 1988 3486 vocat

2098 3424 2401 3488 συντελείας
2424 3423 2741 3494 ἐπιστάσης,
2774 3423 3068 3494 κομίσηται
3091 3425 3186 3494 τὴν
3221 3423 3372 3477 κατά
3403 3424 3504 3476 τῶν
3529 3423 3640 3476 ὅλοιν

420 3513 676 3586 Spiritus,
708 3515 1057 3572 manifestum
1089 3525 1172 3575 est
1205 3534 1273 3574 ex
1300 3519 1368 3576 iis
1391 3536 1510 3590 qua:
1537 3521 1604 3577 de
1625 3519 1764 3576 Juda
1794 3522 1988 3578 dicun-

417 3617 505 3662 tur
545 3626 560 3662 :
602 3627 620 3658 ι
659 3606 739 3662 Tu
767 3625 914 3672 vero,
949 3609 1110 3666 homo
1143 3611 1437 3675 unanimis,
1467 3611 1574 3666 dux
1609 3629 1761 3668 meus
1786 3622 1840 3668 et
1891 3630 1982 3669 no-

417 3710 507 3756 tus
530 3715 684 3757 meus
719 3702 785 3756 ⁸⁸.
819 3721 837 3754 ι
877 3701 1026 3768 Quos
1067 3702 1319 3774 religiose
1366 3704 1628 3770 colentes,
1661 3705 1756 3776 qui
1796 3721 1985 3760 eorum

417 3793 622 3850 divinis
678 3795 1017 3865 sincerisque
1060 3802 1112 3850 et
1147 3796 1352 3850 sanctis
1399 3797 1581 3852 verbis
1609 3797 1982 3861 crediderunt,

415 3887 640 3943 minime
669 3889 981 3943 conturbari
1014 3891 1231 3954 debent,
1264 3906 1366 3946 nec
1395 3890 1447 3944 in
1479 3889 1582 3944 [ide
1611 3907 1709 3946 sua
1743 3906 1987 3945 commo-

413 3979 529 4032 veri
562 3977 725 4046 hujus
761 3979 1023 4048 temporis
1051 3981 1550 4050 persecutionibus,
1591 3997 1655 4036 ac
1680 3983 1983 4052 praesertim

413 4082 476 4120 ea
510 4082 630 4136 qua:
673 4083 821 4123 nunc
867 4067 1133 4126 adversus
1169 4086 1270 4126 nos
1290 4052 1779 4128 'vehementissimc
1809 4073 1980 4136 sarvil.

412 4159 651 4228 taliaque
667 4155 928 4216 adversus
951 4159 1222 4217 Ecclesias
1246 4169 1528 4233 totumque
1551 4165 1809 4234 populum
1826 4180 1982 4220 exer-

413 4249 548 4314 cuit,
579 4249 763 4319 qua!ia
792 4266 893 4306 nec
923 4253 977 4306 in
1017 4252 1247 4307 historia
1293 4269 1556 4324 unquam,
1593 4269 1691 4310 nec
1724 4255 1778 4309 in
1810 4257 1982 4310 tradi—

412 4340 558 4396 lione
584 4357 750 4397 senex
771 4343 952 4413 quivis
979 4344 1292 4400 meminisse
1312 4353 1512 4416 potest.
1544 4345 1668 4401 Haec
1694 4362 1823 4402 vero
1844 4347 1980 4401 dici-

412 4447 554 4498 mus,
590 4449 658 4488 ne
696 4435 782 4488 cui
820 4433 960 4490 forte
993 4434 1280 4490 videantur
1312 4451 1434 4508 quae
1469 4452 1616 4492 nunc
1665 4453 1810 4493 saeva
1844 4439 1978 4508 pati-

412 4539 534 4578 mur
565 4524 632 4580 iis
683 4541 803 4596 qua:
846 4529 998 4596 prius
1045 4526 1284 4582 diximus
1318 4527 1474 4598 plane
1508 4529 1807 4592 contraria.
1851 4545 1974 4583 cum

2090 3517 2384 3588 βασιλείαν.
2416 3518 2536 3571 Ὅτι
2567 3518 2624 3571 δὲ
2659 3517 2752 3570 καὶ
2782 3516 3127 3588 ἡγουμένους.
3145 3518 3272 3581 τοὺς
3311 3516 3407 3570 τοῦ
3432 3513 3637 3587 Χριστοῦ

2091 3607 2337 3679 μαθητὰς
2368 3608 2428 3662 τὸ
2467 3597 2606 3662 θεῖον
2654 3608 2918 3661 ἀποκαλεί
2955 3608 3177 3678 Πνεῦμα
3212 3609 3388 3677 σαφές
3425 3609 3560 3660 ἐστιν
3589 3607 3640 3656 ἐκ

2085 3701 2178 3753 τοῦ
2219 3700 2468 3769 λέγεσθαι
2499 3702 2626 3772 περὶ
2657 3701 2750 3755 τοῦ
2784 3701 2971 3755 Ἰούδα·
3003 3720 3020 3750 ι
3045 3700 3116 3753 Σὺ
3145 3699 3221 3764 δὲ,
3260 3699 3512 3771 ἄνθρωπε
3551 3698 3639 3750 i66-

2085 3789 2242 3860 ψυχε,
2270 3788 2493 3861 ἡγεμών
2523 3809 2622 3861 μου
2657 3790 2750 3844 καὶ
2769 3788 2983 3859 γνὼστα
3013 3807 3136 3860 μου.
3171 3809 3188 3840 ι
3224 3790 3340 3843 Καὶ
3372 3787 3567 3850 τούτοις
3593 3784 3639 3838 δέ

2086 3881 2192 3954 χρὴ
2235 3882 2601 3953 προσέχοντας
2645 3884 2770 3946 τοὺς
2804 3883 2879 3946 ὠς
2927 3883 3090 3945 θείοις
3140 3883 3233 3934 καὶ
3286 3880 3510 3952 ἀληθέσι
3546 3879 3639 3940 τοῖς

2089 3976 2252 4045 ἱεροῖς
2281 3975 2458 4043 λόγοις
2487 3976 2916 4039 πεπιστευκότας
2945 3975 3206 4046 μηδαμῶς
3225 3973 3523 4047 θροεῖσθαι,
3553 3988 3640 4041 μη-

2083 4065 2139 4118 δὲ
2169 4066 2275 4136 μὴν
2321 4064 2559 4118 σείεσθαι
2593 4065 2690 4137 τὴν
2741 4067 2923 4118 πίστιν
2970 4066 3073 4118 ὑπὸ
3105 4066 3211 4119 τῶν
3261 4066 3410 4120 κατά
3443 4063 3639 4135 καιροὺς

2084 4158 2373 4226 διωγμῶν,
2422 4159 2517 4211 καὶ
2568 4159 2799 4230 μάλιστα
2846 4159 2939 4211 τοῦ
2989 4159 3286 4224 ἐνεστῶτος
3342 4160 3482 4231 ὑπὲρ
3535 4157 3639 4216 τοὶς

2086 4249 2303 4302 πώποτε
2357 4246 2691 4321 σφοδρότατα
2741 4250 2861 4303 καθ’
2924 4250 3078 4321 ἡμῶν
3133 4250 3502 4312 πνεύσαντος,
3564 4247 3638 4298 καὶ

2085 4340 2308 4393 τοιαῦτα
2351 4339 2755 4410 ἐπιδειξαμένου
2785 4339 2925 4393 κατά
2964 4357 3018 4394 τε
3051 4340 3156 4392 τῶν
3199 4338 3538 4409 Ἐκκλησιῶν
3562 4334 3638 4389 καὶ

2083 4433 2281 4496 παντὸς
2309 4432 2400 4485 τοῦ
2440 4431 2591 4497 λαοῦ,
2622 4434 2778 4485 ὁποῖα
2819 4431 2940 4485 οὔτε
2976 4433 3084 4485 ἀπὸ
3125 4431 3351 4503 γραφῆς
3393 4430 3512 4484 οὕτε
3549 4427 3638 4498 μὴν

2083 4530 2147 4580 ἐκ
2179 4527 2528 4598 παραδόσεως
2555 4526 2796 4597 ἀρχαίων
2828 4542 2911 4588 τις
2941 4524 3372 4596 ἐμνημόνευσεν.
3396 4522 3570 4576 Ταῦτα
3589 4516 3636 4570 δέ

411 4629 586 4687 neque
616 4618 764 4672 coire
809 4615 994 4674 fideles
1040 4617 1274 4688 possint,
1327 4635 1500 4689 neque
1539 4620 1756 4674 decreta
1805 4620 1974 4676 duces

2098 4637 2286 4690 paptsv,
2335 4619 2456 4671 ἐπεὶ
2499 4618 2639 4687 τάχα
2680 4617 2878 4681 δόξειεν
2923 4617 3181 4688 ἄντικρυς
3245 4615 3394 4669 κατὰ
3439 4615 3526 4666 rev
3567 4611 3636 4662 ἐν·

409 4709 669 4767 Ecclesia:
700 4714 1011 4784 przecipere.
1037 4713 1403 4771 Veracissima
1441 4716 1606 4785 igitur
1644 4729 1766 4769 cum
1801 4715 1871 4768 sit
1901 4713 1976 4769 di-

408 4803 612 4858 vinitus
643 4803 907 4873 inspirata
941 4803 1248 4876 Scriptura,
1283 4806 1614 4861 credendum
1642 4814 1727 4862 est
1757 4821 1850 4860 eos
1873 4805 1974 4860 du-

404 4911 494 4951 ces
527 4911 633 4950 non
671 4897 893 4951 omnino
911 4897 1204 4966 defecisse,
1235 4901 1335 4954 etsi
1356 4898 1680 4968 quibusdam
1709 4898 1976 4953 defecisse

401 4984 712 5040 videantur.
758 4987 901 5043 Deus
934 4987 1078 5043 enim
1121 4987 1402 5060 Pr0phetae
1432 4989 1620 5045 dicens
1656 5003 1670 5042 :
1711 5008 1728 5039 ι
1761 4988 1974 5060 Reliqui

403 5081 535 5134 mihi
571 5088 776 5152 septem
826 5083 995 5139 millia
1037 5083 1304 5148 virorum,
1331 5084 1426 5154 qui
1464 5098 1574 5137 non
1607 5090 1974 5138 curvaverunt

405 5190 582 5242 genua
610 5185 736 5229 ante
779 5174 1000 5242 Baal“,
1046 5195 1063 5226 ι
1101 5178 1352 5246 φιρτειιιὶ
1423 5175 1568 5246 quod
1611 5175 1784 5230 solum
1846 5190 1970 5230 eum

404 5267 616 5320 exteris
640 5266 870 5321 sublatis
888 5267 1219 5337 reiiquissct,
1242 5269 1356 5338 ipse
1388 5283 1532 5322 nunc
1547 5275 1599 5322 et
1616 5266 1810 5337 dignos
1835 5265 1972 5320 Pro-

401 5355 639 5410 videntia
684 5373 784 5412 sua
830 5360 1070 5430 inspicit,
1123 5379 1141 5410 ε
1194 5360 1451 5430 reliquias
1499 5360 1803 5415 secundum
1863 5359 1972 5415 ele-

400 5449 636 5500 rtionem
676 5451 863 5518 gratiae
886 5451 1010 5491 "-33
1050 5472 1068 5502 ι
1106 5461 1158 5506 et
1178 5451 1332 5506 nobis
1350 5465 1682 5507 conservans
1713 5466 1742 5504 a
1773 5466 1830 5506 se
1853 5466 1974 5504 mu-

401 5537 550 5591 nitos
574 5546 628 5591 et
658 5555 716 5594 se
750 5557 916 5596 unum
964 5545 1412 5614 contemplantes.
1447 5541 1522 5598 De
1555 5541 1754 5612 quibus
1783 5553 1836 5598 et
1867 5543 1971 5613 ipsi

398 5629 710 5685 diceremus
761 5652 772 5686 :
836 5654 856 5684 ‹
909 5635 1024 5689 Nisi
1080 5635 1339 5691 Dominus
1389 5634 1625 5690 Sabaoth
1664 5633 1974 5704 reliquisset

476 5781 523 5817 νο
563 5783 710 5841 Rga].
744 5800 854 5852 ων,
890 5790 956 5850 η
1056 5791 1096 5821 ⁸³
1135 5789 1290 5846 Rom.
1329 5804 1413 5850 Μ.
1448 5794 1500 5846 4.
1579 5790 1703 5835 ⁸²-⁸³
1740 5789 1869 5847 ibid.
1905 5789 1958 5845 5.

2084 4711 2293 4765 εστῶτα
2311 4711 2547 4782 διωγμὸν
2567 4711 2826 4764 τάναντία
2854 4709 3254 4781 συμϐεϐηκέναι
3289 4711 3407 4772 τοῖς
3437 4702 3636 4777 εἰρημέ-

2087 4822 2217 4868 νοις,
2253 4803 2342 4858 διά
2370 4805 2429 4857 τὸ
2469 4803 2602 4875 μηδέ
2645 4802 2918 4875 ἄθροισμα
2969 4802 3064 4856 νῦν
3113 4802 3436 4856 συνεστάναι
3462 4799 3633 4856 δοκεῖν.

2087 4898 2220 4968 μήτε
2241 4897 2332 4950 τὸν
2357 4896 2558 4951 κανόνα
2579 4895 2686 4948 τῶν
2701 4898 2800 4966 τῆς
2815 4894 3136 4961 Ἐκκλησίας
3159 4893 3459 4965 ἀρχόντων.
3478 4888 3636 4958 Ἀψευ-

2081 4987 2203 5051 δοῦς
2222 4987 2496 5058 τοιγάρτοι
2523 4983 2889 5056 τυγχανούσης
2909 4984 3010 5054 τῆς
3029 4981 3390 5036 θεοπνεύστου
3411 4977 3630 5051 Γραφῖκν

2084 5079 2372 5134 πεπεῖσθαι
2407 5078 2511 5150 χρὴ
2535 5080 2616 5132 ὃτι
2661 5077 2734 5148 μὴ
2767 5077 2982 5139 πάντως
3014 5075 3288 5139 ἐξέλειπον
3314 5075 3366 5126 οἱ
3401 5084 3634 5143 προειπ-

2085 5173 2256 5244 μένοι,
2287 5175 2335 5224 εἰ
2365 5171 2457 5225 καὶ
2478 5169 2680 5224 δοκοῐέν
2711 5186 2849 5222 τισιν
2877 5167 3274 5221 ἐκλελοιπέναι·
3301 5169 3330 5219 ὁ
3358 5166 3466 5238 γάρ
3487 5162 3633 5216 εἰπὼν

2077 5266 2154 5336 τῷ
2187 5267 2447 5337 Προφήτῃ
2477 5265 2608 5328 Θεὸς
2631 5303 2644 5326 ,
2676 5284 2694 5314 ι
2731 5261 3035 5317 Κατέλιπον
3069 5259 3291 5331 ἐμαυτῷ
3339 5261 3633 5325 ἑπτακισχι-

2076 5358 2221 5426 λίους
2255 5357 2474 5429 ἄνδρας,
2519 5357 2710 5418 οἵτινες
2740 5355 2840 5408 οὐκ
2871 5353 3118 5423 ἔκαμψαν
3144 5351 3272 5420 γόνυ
3321 5352 3388 5420 τῇ
3431 5346 3583 5408 Βάαλ,
3614 5364 3626 5390 ι

2078 5449 2397 5520 ὑπειληφότι
2439 5449 2598 5520 μόνον
2633 5447 2794 5504 αὑτὸν
2836 5443 3234 5516 περιλελεῖφθαι
3286 5442 3399 5494 τῶν
3450 5433 3629 5491 λοιπῶν

2078 5542 2452 5613 ἀνῃρημένων,
2479 5545 2506 5593 ὁ
2543 5541 2702 5603 αὐτὸς
2731 5541 2822 5592 καὶ
2853 5538 2947 5594 νῦν
2979 5537 3101 5600 τοὺς
3132 5533 3320 5601 ἀξίους
3361 5534 3460 5604 τῆς
3487 5523 3626 5583 αὑτοῦ

2083 5634 2332 5706 προνοίας
2361 5635 2550 5704 ἐφορᾷ,
2595 5653 2612 5685 ι
2644 5633 2842 5703 λεῖμμα
2873 5631 2986 5685 κατ’
3013 5627 3238 5697 ἐκλογὴν
3265 5624 3489 5698 χάριτος
3510 5639 3524 5672 ι
3548 5613 3627 5670 καὶ
