3868 6264
187 366 313 424 ίυόθ

1184 355 1476 413 ΕΟιΟϐΑΞ
1517 350 1997 413 ΡΒΟΡΗΕΤΙΕᾸΞ.
2032 389 2101 398 —-
2138 355 2265 411 LIB.
2309 355 2347 410 l.

3256 366 3392 422 τι)εο

184 487 300 558 ἡμῖν
329 477 691 547 διαφυλάττων
724 479 850 541 τοὺς
892 476 1026 548 πρὸς
1074 473 1241 529 αὐτοῦ
1280 474 1735 547 φρουρουμένους,

1844 474 2004 531 nobis
2039 490 2247 539 semen,
2286 475 2427 530 sicut
2460 474 2694 532 Sodoma
2723 477 2847 532 facti
2881 494 3144 543 essemus,
3181 483 3396 536 utsicut

183 577 266 633 καὶ
290 571 423 645 πρὸς
440 568 605 624 αὑτοῦ
643 569 805 639 μόνου
837 569 1265 641 θεωρουμένους,
1300 568 1429 640 περὶ
1455 560 1530 621 ὧν
1561 566 1733 620 εἴποι-

184 685 274 742 μεν
296 666 365 720 ἂν
393 664 487 718 καὶ
515 662 667 715 αὐτοὶ
691 661 772 726 τὸ,
801 663 892 715 «Et
932 660 1005 732 μὴ
1040 660 1243 731 Κύριος
1269 659 1493 713 Σαῦαὼθ
1535 661 1731 727 ἐγκατ-

179 760 349 813 έλιπεν
367 756 499 825 ἡμῖν
525 750 766 823 σπέρμα,
796 751 872 815 ὡς
901 750 1110 821 Σόδομα
1152 749 1220 803 ἂν
1256 748 1611 820 ἐγενήθημεν.
1637 747 1732 801 καὶ

176 850 245 912 ὡς
285 846 534 916 Γόμορρα
601 842 668 897 ἂν
709 841 1090 913 ὡμοιώθημεν.
1132 861 1151 892 ι
1200 840 1274 894 Τὸ
1310 841 1500 910 γάρτοι
1547 841 1627 904 εἰς
1670 840 1732 893 τὸ

178 938 425 1001 παντελὲς
452 933 821 989 ἐκλελοιπέναι
860 932 1101 1004 νομίζειν
1137 933 1264 996 τοὺς
1288 931 1381 984 τοῦ
1415 931 1571 1000 λόγου
1599 946 1733 1002 προ-

177 1028 427 1091 εστῶτας,
462 1028 728 1098 ἄρχοντας
762 1026 856 1078 καὶ
892 1023 1225 1097 ἡγουμένους
1249 1022 1355 1077 ὑπὸ
1384 1022 1484 1093 τῆς
1517 1038 1730 1095 προφη-

175 1123 312 1185 τείας
337 1118 781 1190 ὠνομασμένους,
808 1117 867 1171 ἓν
887 1132 940 1170 τι
974 1116 1081 1170 τῶν
1118 1115 1413 1187 ἀμηχάνων
1449 1114 1727 1185 τυγχάνει,

173 1212 253 1267 διά
276 1210 336 1263 τὸ
369 1210 464 1264 καὶ
501 1209 626 1281 ὅρον
651 1207 924 1263 τεθεῖσθαι
947 1207 1042 1261 τοῦ
1072 1226 1091 1259 ι
1119 1208 1193 1279 μὴ
1233 1206 1501 1277 ἐκλείψειν
1532 1206 1635 1271 ἕως
1663 1206 1730 1261 ἂν

174 1302 288 1375 ἔλθῃ
312 1300 382 1355 τά
403 1300 744 1371 ἀποκείμενα
786 1299 963 1371 αὐτῷ·
996 1319 1015 1351 ι
1051 1298 1198 1352 τοῦτ’
1227 1298 1343 1352 ἔστι
1388 1297 1460 1352 τά
1484 1298 1590 1353 ὑπὸ
1633 1296 1728 1351 τοῦ

172 1394 370 1465 Πατρὸς
400 1392 786 1464 ἐπηγγελμένα
812 1392 889 1465 τῷ
919 1390 1159 1465 Χριστῷ,
1183 1393 1416 1463 φήσαντι
1438 1390 1569 1463 (τος)
1595 1391 1729 1462 πρὸς

171 1485 355 1550 αὑτὸν,
405 1484 639 1540 «Κάθου
683 1486 749 1538 ἐκ
790 1483 981 1552 δεξιῶν
1014 1500 1154 1556 μου,
1205 1483 1310 1548 ἕως
1359 1483 1427 1538 av
1475 1483 1553 1537 θῶ
1603 1486 1731 1548 τοὺς

168 1572 382 1645 ἐχθρούς
412 1589 512 1625 σου
555 1572 844 1627 ὑποπόδιον
882 1572 993 1627 τῶν
1033 1572 1210 1627 ποδῶν
1253 1588 1378 1627 σου·
1415 1591 1434 1625 ι
1464 1575 1555 1627 ὅτε
1599 1573 1724 1628 καί*

172 1684 189 1718 ι
212 1666 322 1720 Πᾶν
364 1665 496 1735 γόνυ
546 1665 754 1737 κάμψει
803 1664 1141 1737 ἐπουρανίων
1184 1666 1279 1722 καὶ
1328 1666 1587 1734 ἐπιγείων
1635 1667 1729 1721 καὶ

165 1758 521 1829 καταχθονίων
540 1798 556 1822 ,
583 1758 678 1814 καὶ
716 1759 864 1812 πᾶσα
898 1756 1117 1827 γλῶσσα
1163 1756 1611 1828 ἐξομολογήσεται
1646 1759 1728 1811 ὅτι

166 1849 351 1922 Κύριος
386 1850 600 1921 Ἰησοῦς
626 1850 892 1922 Χριστός·
927 1869 946 1901 ι
994 1849 1291 1920 τηνικαῦτα
1341 1849 1448 1922 γὰρ
1477 1850 1571 1903 καί
1619 1851 1728 1904 τῶν

162 1943 318 1998 ἐθνῶν
366 1943 669 2014 προσδοκία
716 1942 826 1996 τῶν
876 1942 970 1996 ἐπὶ
996 1938 1091 1996 τοῦ
1135 1941 1399 2013 παρόντος
1442 1944 1523 2005 εις
1566 1942 1729 1996 αὐτὸν

160 2035 597 2090 πεπιστευκότων
667 2034 857 2105 καιρὸν
929 2032 1042 2100 ἕξει
1104 2030 1204 2096 τὰς
1270 2033 1729 2105 προσδοκηθείσας

157 2126 477 2197 ἐπαγγελίας
528 2124 864 2196 κομίσασθαι
909 2125 969 2178 ὲν
1011 2126 1077 2194 τῇ
1143 2123 1564 2197 προσδοκωμένη
1620 2124 1728 2179 τῶν

156 2217 385 2292 οὐρανῶν
417 2216 692 2289 βασιλείᾳ.
722 2217 832 2271 Καὶ
858 2214 1031 2271 ταῦτα
1067 2217 1165 2289 μὲν
1185 2217 1358 2290 ταύτῃ
1376 2234 1391 2247 ε
1428 2216 1497 2270 τά
1522 2218 1567 2271 δ’
1601 2217 1728 2289 ἑξῆς

156 2309 381 2375 ἀπὸτοῦ,
412 2328 432 2361 ι
455 2308 752 2380 Δεσμεύων
790 2307 925 2380 πρὸς
961 2308 1205 2379 ἄμπελον
1241 2309 1332 2362 τὸν
1356 2307 1533 2362 πῶλον
1559 2309 1743 2373 αὐτοῦ,
1788 2331 1807 2362 ι

158 2404 263 2457 θέσι
317 2402 503 2478 ζητεῖν
544 2399 947 2471 καταλείψομεν
965 2440 980 2465 ,
1043 2400 1431 2463 πλεονάσαντες
1464 2401 1557 2454 καὶ
1594 2402 1654 2454 ὲν
1689 2405 1801 2466 τοῖς

1760 1816 1802 1872 Β

154 2503 290 2570 ὅμως
307 2497 351 2551 δ’
370 2495 433 2561 ἐξ
452 2495 708 2567 ἀνάγκης
734 2493 877 2566 ὑπὲρ
898 2494 1101 2563 σαφοῦς
1120 2494 1421 2566 διηγήσεως
1442 2494 1551 2548 τῶν
1578 2495 1718 2550 κατά
1753 2497 1844 2551 τὸν
1870 2498 2053 2554 τόπον.

683 2586 1080 2641 ΚΕΦΔΛΑῘΟΝ
1117 2586 1194 2641 Θ¹.

657 2680 789 2733 Ἀπὸ
823 2677 936 2747 τῆς
974 2677 1237 2743 Ἐξόδου.

223 2791 242 2826 ι
269 2774 377 2827 Καὶ
403 2771 657 2843 Μωῦσῆς
673 2767 742 2842 ἦν
757 2769 1059 2842 ποιμαίνων
1082 2770 1150 2824 τὰ
1173 2770 1421 2842 πρόϐατα
1446 2769 1610 2843 Ἰοθὸρ
1630 2769 1728 2824 τοῦ

154 2868 211 2939 (Ῑ.
234 2866 286 2938 8)
312 2865 578 2939 γαμϐροῦ
606 2863 792 2919 αὐτοῦ.
820 2882 839 2915 ι
869 2862 978 2917 Καὶ
1012 2863 1131 2933 μετ’
1156 2862 1313 2932 ὀλίγα
1333 2881 1346 2894 -
1379 2882 1399 2914 ι
1423 2863 1534 2917 Καὶ
1568 2859 1732 2933 ἦλθον

154 2964 225 3025 είς
241 2960 302 3014 τὸ
323 2960 451 3031 ὅρος
474 2956 581 3012 τοῦ
602 2955 738 3011 Θεοῦ
758 2957 962 3028 Χωρήϐ
982 2972 996 2987 ο
1022 2956 1178 3028 ὤφθη
1202 2956 1258 3010 δὲ
1281 2955 1509 3025 ἄγγελος
1524 2955 1732 3028 Κυρίου

154 3050 290 3125 αὐτῷ
327 3055 388 3107 ὲν
435 3050 607 3122 φλογὶ
644 3049 836 3121 πυρός.
870 3068 889 3100 ι
936 3047 1046 3102 Καὶ
1098 3049 1220 3119 μέθ’
1247 3048 1442 3118 ἕτεραίο
1481 3066 1500 3098 ι
1549 3047 1638 3110 Ὧς
1674 3044 1803 3135 δὲ“ο

153 3139 281 3199 εἶδεν
320 3144 532 3217 Κύριος
566 3143 649 3195 ὅτι
685 3141 955 3213 προσάγει
991 3140 1140 3203 ίδείν,
1167 3139 1424 3193 ἐκάλεσεν
1455 3136 1618 3193 αὑτὸν
1667 3140 1733 3192 ὲκ

154 3236 311 3307 μέσου
364 3233 462 3290 τοῦ
515 3235 684 3306 βάτου
734 3232 927 3301 λέγων.
960 3252 978 3285 ι
1020 3233 1134 3286 Καὶ
1175 3228 1364 3296 αὖθις*
1407 3250 1426 3284 ι
1466 3229 1630 3286 Εἶπεν
1672 3231 1731 3285 δὲ

151 3326 343 3400 Κύριος
399 3327 548 3399 πρὸς
601 3323 781 3377 αὐτόν·
825 3320 961 3391 Ἐγό·
1004 3324 1126 3394 εἰμι
1173 3323 1201 3375 6
1242 3320 1336 3374 ὤν.
1377 3337 1395 3372 ι
1435 3321 1546 3375 Καὶ
1595 3320 1734 3392 μετὰ

149 3418 369 3475 πλεῖστα
386 3438 402 3452 °
440 3440 461 3473 ι
500 3418 797 3488 Ἐλάλησεν
832 3414 889 3468 δὲ
917 3418 947 3469 6
979 3414 1110 3478 Θεὸς
1158 3414 1295 3486 πρὸς
1322 3413 1563 3484 Μωῡσῆν
1580 3430 1595 3442 ·
1635 3414 1731 3467 καὶ

151 3508 295 3567 εἶπεν
331 3513 475 3585 πρὸς
519 3510 723 3566 αὐτόν’
766 3506 907 3576 Ἐγὼ
933 3505 1155 3577 Κύριος,
1205 3506 1299 3559 καὶ
1356 3503 1543 3577 ὤφθην
1594 3505 1731 3576 πρὸς

160 3603 403 3676 Ἀϐραάμ
427 3604 532 3658 καὶ
578 3600 760 3655 Ἰσαὰκ
782 3601 874 3654 καὶ
904 3597 1118 3661 Ἰακὼϐ,
1147 3598 1279 3662 Θεὸς
1306 3597 1380 3652 ῶν
1406 3598 1606 3664 αὐτῶν,
1634 3598 1731 3652 καὶ

146 3698 204 3751 τὸ
246 3697 422 3769 ὄνομά
476 3712 589 3767 μου
644 3695 849 3766 Κύριος
904 3692 1006 3746 οὐκ
1066 3692 1310 3762 ἐδήλωσα
1370 3692 1583 3755 αὐτοῖς·
1633 3679 1728 3745 καὶ

146 3791 344 3864 έστησα
366 3785 469 3862 τὴν
497 3784 782 3856 Διαθήκην
808 3803 906 3857 μου
937 3784 1074 3857 πρὸς
1093 3784 1309 3849 αὐτοὺς,
1337 3803 1355 3835 ι
1380 3784 1473 3837 καὶ
1493 3782 1563 3837 τά
1587 3782 1734 3853 ἑξῆς.

150 3883 359 3955 Σφόδρα
390 3872 945 3952 παρατετηρημένως
989 3880 1047 3930 ὲν
1079 3875 1286 3939 τούτοις
1325 3876 1426 3947 οὐχ
1466 3876 1496 3928 6
1532 3874 1739 3946 Κύριος

145 3974 256 4028 ἀλλ’
282 3975 312 4028 6
336 3971 584 4042 ἄγγελος
603 3962 780 4037 ὦφθαι
796 3966 873 4037 τῷ
898 3962 1123 4019 Μωῡσεί
1136 3964 1653 4037 ἀναγέγραπται,δι’
1676 3958 1740 4018 οὗ

147 4067 237 4121 καὶ
270 4068 300 4119 6
334 4064 556 4136 Κύριος
610 4061 801 4131 ὥσπερ
832 4059 897 4113 δι’
932 4058 1213 4130 ἑρμηνέως
1261 4057 1608 4129 χρηματίζων
1658 4056 1737 4110 διο

142 4161 351 4224 δάσκει,
378 4159 469 4213 ὃτι
518 4154 597 4228 μὴ
628 4154 712 4225 εἴη
753 4148 1127 4221 ὑποδεδηκυίά
1162 4164 1245 4214 τις
1280 4149 1508 4221 δύναμις
1537 4150 1570 4220 ἡ
1602 4164 1738 4219 χρη-

148 4252 476 4323 ματίζουσα,
499 4242 619 4303 ἀλλ’
634 4245 793 4309 αὐτὸς
817 4246 846 4297 6
864 4240 958 4296 ὢν.
985 4242 1323 4314 Σαφέστερον
1350 4235 1408 4294 δὲ
1425 4240 1510 4302 τίς
1530 4242 1682 4293 ἐστιν
1710 4241 1741 4293 6

142 4346 214 4399 ὣν
229 4345 483 4419 παριστᾷ
505 4345 567 4397 ὲν
585 4339 661 4411 τῷ
679 4339 754 4408 (1)
773 4353 955 4408 φησιν·
989 4356 1005 4387 ι
1029 4333 1170 4404 Ἐγὼ
1194 4335 1415 4406 Κύριος·
1439 4335 1533 4388 καὶ
1557 4332 1743 4404 ὤφθην

1834 565 2135 621 Gomorrha
2183 567 2392 624 similes
2435 568 2726 625 fuiSSemus
2757 570 2824 625 “.
2860 590 2879 623 ι
2932 569 3139 625 Idcirco
3175 571 3399 628 minimc

1834 658 2257 713 existimandum
2283 668 2367 715 est
2387 660 2540 714 verbi
2572 662 2884 730 magistros,
2911 662 3079 717 duces
3099 662 3399 733 principes-

1832 768 1939 823 que
1972 769 2001 806 a
2029 753 2307 823 prophetis
2341 763 2582 815 vocatos,
2612 754 2826 823 penitus
2857 753 3143 816 defecisse,
3178 768 3401 822 praeser-

1832 844 1928 898 tim
1958 860 2081 899 cum
2118 844 2321 914 praefixi
2347 844 2457 900 sint
2501 844 2738 908 termini,
2775 862 2794 895 ι
2826 859 2935 898 non
2965 843 3281 899 auferentur
3304 843 3401 898 doc

1832 951 1933 989 nec
1964 936 2186 990 veniant
2218 950 2339 1005 qua:
2368 935 2471 1005 ipsi
2504 934 2717 990 decreta
2731 943 2891 1001 sunt;
2923 955 2941 986 ι
2984 935 3188 989 scilicet
3222 950 3342 1005 quae
3369 950 3399 988 a

1831 1025 1993 1082 Patre
2010 1026 2234 1083 Christo
2256 1028 2506 1081 nuntiata
2531 1035 2681 1089 sunt,
2705 1027 2769 1081 ad
2793 1042 2916 1083 eum
2935 1027 3183 1082 dicente:
3212 1045 3230 1077 ‹
3262 1025 3401 1080 Sede

1832 1133 1862 1172 a
1897 1119 2104 1174 dextris
2134 1120 2297 1183 meis,
2321 1118 2496 1174 donec
2530 1134 2726 1189 ponam
2763 1118 3018 1175 inimicos
3044 1127 3169 1173 tuos
3192 1117 3403 1173 scabel-

1832 1209 1944 1264 lum
1972 1210 2167 1279 pedum
2196 1217 2417 1266 tuorum
2440 1210 2518 1279 ης
2546 1231 2565 1262 ι
2593 1226 2693 1266 nec
2713 1225 2822 1265 non
2844 1210 2934 1264 illa
2966 1228 2980 1264 :
3009 1228 3029 1261 ι
3065 1209 3238 1264 Omne
3259 1226 3397 1280 genu

1831 1301 2081 1357 ﬂectatur
2108 1303 2438 1368 cmlestium,
2472 1303 2809 1359 terrestrium
2850 1311 2906 1359 et
2935 1302 3273 1361 infernarum
3298 1321 3313 1369 ;
3341 1313 3398 1358 et

1831 1396 2011 1451 omnis
2050 1396 2231 1465 lingua
2265 1395 2588 1450 confiteatur
2616 1395 2743 1465 quia
2773 1393 3037 1449 Dominus
3058 1393 3218 1449 Jesus
3242 1392 3402 1449 Chri-

1829 1494 1948 1544 stus
1971 1486 2039 1542 ⁸⁸.
2074 1506 2094 1538 ι
2125 1486 2278 1542 Tune
2305 1488 2450 1541 enim
2472 1494 2526 1541 ct
2550 1486 2794 1558 gentium
2822 1485 3157 1556 eXSpectatio
3183 1499 3303 1553 qua:
3331 1483 3401 1536 ab

1829 1591 1895 1632 eo
1925 1585 2170 1649 tempore
2220 1594 2395 1650 usque
2459 1579 2527 1633 ad
2584 1578 2718 1634 illud
2771 1578 2826 1632 in
2872 1592 2995 1633 eum
3029 1576 3397 1639 crediderunt,

1832 1670 2255 1740 promissionum
2279 1672 2805 1727 consummationem
2825 1669 3053 1734 videbit,
3075 1676 3402 1739 speratoque

1830 1763 2092 1818 coriorum
2114 1778 2287 1833 regno
2312 1764 2569 1834 potietur.
2599 1762 2725 1818 Haec
2747 1762 2963 1833 quidem
2993 1762 3099 1826 ita;
3127 1775 3248 1831 qua:
3271 1774 3402 1815 vero

1830 1862 2137 1925 sequuntur
2170 1873 2185 1910 :
2225 1866 2246 1905 ι
2299 1853 2499 1925 Ligans
2546 1853 2614 1913 ad
2656 1853 2868 1907 vineam
2900 1851 3109 1922 pullum
3141 1865 3299 1906 suum
3325 1890 3341 1911 ,
3376 1869 3397 1900 ι

1830 1944 2124 2015 allegorice
2147 1944 2555 2016 interpretanda
2578 1944 2840 2001 studiosis
2857 1944 2992 1998 viris
3012 1943 3399 2012 relinquemus,

1830 2038 2086 2109 pluribus
2121 2037 2237 2109 jam
2273 2038 2458 2104 dictis,
2500 2050 2611 2092 non
2646 2035 2795 2106 quod
2832 2034 2901 2090 ad
2933 2034 3272 2105 propositum
3304 2047 3403 2086 no-

1829 2137 2037 2197 strum;
2070 2132 2272 2202 quippe
2299 2145 2420 2201 quae
2465 2129 2533 2184 ad
2568 2128 2715 2183 hunc
2753 2128 2928 2182 locum
2962 2126 3247 2197 perspicue
3275 2123 3403 2179 illu-

1829 2221 2116 2276 strandum
2155 2223 2584 2292 requirerentur.

1849 2314 1947 2383 τῆς
1974 2314 2041 2366 δι’
2071 2314 2397 2386 ἀλληγορίας
2429 2313 2682 2376 ὑπονοίας
2718 2310 2998 2383 ⁴ἠρτημένα
3035 2310 3144 2372 τοῖς
3176 2309 3403 2387 φιλομα-

1837 2405 2177 2476 εἰρημένοις,
2230 2408 2292 2460 ού
2330 2402 2471 2460 κατὰ
2518 2406 2611 2459 τὸν
2654 2403 2982 2476 προτεθέντα
3037 2403 3134 2473 μὲν
3180 2399 3400 2459 σκοπὸν»

2431 2590 2660 2648 CAPUT
2713 2589 2804 2649 IX.

2446 2685 2529 2739 Ab
2564 2684 2771 2740 Exodo.

1913 2795 1932 2829 ι
1981 2776 2198 2850 Moyses
2265 2784 2448 2835 autem
2505 2781 2764 2849 pascebat
2808 2792 2937 2834 oves
2996 2775 3183 2833 Jethro
3229 2777 3406 2832 soceri

1836 2870 1924 2926 sui
1954 2871 2023 2926 ⁸⁷.
2056 2889 2077 2923 ι
2103 2869 2171 2924 Et:
2200 2877 2326 2942 post
2356 2884 2530 2943 pauca
2557 2889 2571 2926 :
2601 2890 2620 2922 ι
2652 2868 2922 2941 Venitque
2957 2868 3021 2924 ad
3049 2877 3283 2924 montem
3310 2866 3406 2921 Dei

1842 2960 2052 3029 ﬂoret);
2091 2962 2451 3033 apparuitque
2480 2961 2530 3017 ei
2576 2959 2790 3017 Domini
2824 2960 3047 3030 angelus
3093 2959 3149 3013 in
3190 2959 3405 3012 ﬂamma

1841 3052 1983 3124 ignis
2012 3052 2095 3120 3';
2134 3072 2153 3104 ι
2187 3067 2252 3107 ac
2299 3052 2499 3108 deinde
2533 3069 2546 3106 :
2582 3070 2601 3103 ‹
2631 3051 2878 3108 Gemens
2915 3056 3094 3103 autem
3144 3047 3407 3102 Dominus

1837 3146 1984 3217 quod
2015 3153 2267 3217 pergeret
2292 3143 2361 3199 ad
2398 3143 2711 3208 videndum,
2741 3141 2954 3198 vocavit
2986 3156 3110 3197 eum
3131 3140 3198 3195 de
3230 3139 3409 3202 medio

1833 3234 1957 3288 rubi
1984 3241 2041 3289 et
2072 3234 2147 3286 ait
2182 3232 2261 3298 ³⁹;
2295 3251 2314 3283 ι
2341 3238 2395 3287 et
2428 3247 2661 3287 rursus:
2697 3249 2715 3282 ι
2751 3228 2899 3284 Dixit
2928 3238 3107 3284 autem
3146 3226 3408 3284 Dominus

1835 3326 1903 3380 ad
1932 3340 2056 3380 eum
2083 3344 2096 3379 :
2125 3323 2238 3395 Ego
2268 3337 2389 3379 sum
2419 3323 2513 3392 qui
2542 3338 2664 3377 sum
2698 3322 2766 3375 ”.
2806 3342 2824 3373 ι
2857 3320 2920 3375 Et
2957 3322 3095 3375 infra
3131 3338 3143 3375 :
3180 3340 3200 3372 ι
3232 3319 3412 3375 Locu-

1837 3422 1927 3469 tus
1954 3422 2041 3469 est
2083 3413 2229 3469 Deus
2273 3412 2342 3467 ad
2381 3410 2646 3484 Moysem,
2696 3412 2939 3482 dixitque
2970 3411 3034 3465 ad
3077 3425 3202 3466 eum
3252 3410 3410 3481 :Ego

1837 3502 2124 3567 Dominus,
2178 3503 2273 3573 qui
2324 3500 2549 3572 appar'ui
2584 3501 2880 3563 Abraham,
2927 3501 3073 3555 Isaac
3122 3506 3177 3553 et
3216 3497 3407 3560 Jacob,

1839 3609 1963 3649 cum
1988 3608 2168 3649 essem
2200 3592 2345 3648 Deus
2365 3607 2577 3654 eorum,
2606 3604 2910 3658 nomenque
2939 3604 3118 3643 meum
3149 3586 3411 3642 Dominus

1838 3701 1947 3741 non
1996 3684 2237 3739 iudicavi
2284 3683 2409 3750 eis;
2459 3681 2751 3753 pepigique
2800 3679 2977 3735 feedus
3048 3693 3226 3733 meum
3284 3693 3407 3731 cum

1838 3776 2002 3842 eis",
2044 3795 2063 3828 ι
2096 3784 2150 3831 et
2181 3775 2417 3845 reliqua.
2440 3770 2871 3828 Accuratissime
2909 3771 2965 3825 in
3007 3770 3129 3826 istis
3158 3784 3269 3824 nou
3306 3768 3408 3823 De-

1840 3867 2045 3929 minus,
2082 3866 2178 3921 sed
2205 3866 2433 3935 angelus
2461 3864 2611 3919 visus
2644 3861 2814 3918 fuisse
2842 3860 3097 3923 refertur,
3127 3875 3220 3930 per
3248 3874 3408 3929 quem

1844 3958 2124 4022 Dominus,
2154 3961 2314 4027 quasi
2338 3971 2436 4027 per
2465 3954 2818 4024 interpretem
2854 3950 3253 4016 mauifestatus,
3282 3950 3413 4006 edo-

1840 4054 1928 4103 cet
1963 4047 2204 4117 seipsum
2246 4062 2354 4102 non
2387 4048 2625 4116 aliquam
2661 4059 2785 4101 esse
2829 4044 3139 4099 inferiorem
3171 4050 3412 4113 potesta-

1841 4148 1972 4207 tem,
2014 4139 2111 4196 sed
2152 4140 2297 4195 hunc
2341 4141 2517 4210 ipsum
2551 4139 2645 4209 qui
2690 4146 2793 4193 est.
2838 4136 2973 4203 Quis
2998 4136 3087 4192 ille
3118 4135 3283 4208 igitur
3316 4134 3412 4207 qui

1841 4240 1947 4299 est,
1985 4234 2100 4301 haec
2129 4232 2289 4288 nobis
2322 4230 2537 4302 plenius
2571 4231 2991 4286 demonstrant:
3035 4247 3054 4279 ι
3091 4227 3203 4299 Ego
3238 4219 3416 4281 Domi-

1843 4342 1970 4391 nus,
2003 4326 2099 4398 qui
2146 4325 2371 4395 apparui
2411 4323 2707 4388 Abraham,
2756 4321 2905 4376 Isaac
2952 4327 3007 4375 et
3047 4318 3250 4385 Jacob;
3288 4332 3414 4372 cum

143 4439 279 4510 πρὸς
313 4410 608 4511 ’Ἀϐραάμ
660 4433 753 4485 ml.
811 4429 998 4483 Ἰσαὰκ
1045 4429 1140 4482 κα)⁵
1203 4425 1435 4490 Ἰακὼϐ,
1487 4423 1618 4489 Θεὸς
1663 4423 1735 4478 ὢν

1841 4432 2018 4476 essem
2045 4416 2187 4472 Deus
2212 4430 2427 4480 eorum,
2455 4430 2764 4483 nomenque
2798 4428 2976 4467 meum
3008 4410 3272 4465 Dominus
3302 4423 3414 4462 non

139 4529 357 4586 αὐτῶν·
386 4528 495 4582 καὶ
532 4525 595 4578 τὸ
635 4520 806 4593 ὄνομά
835 4538 935 4592 μου
963 4518 1167 4589 Κύριος
1210 4518 1312 4571 οὐκ
1354 4516 1600 4588 ἐδήλωσα
1638 4516 1738 4568 αύ-

141 4626 285 4689 τοῖςο
322 4644 341 4676 ι
381 4621 416 4675 ὃ
447 4619 553 4675 καὶ
577 4615 814 4671 τοιοῦτον
849 4614 997 4667 δοκεῖ
1026 4628 1116 4683 μοι
1148 4610 1272 4665 νοῦν
1306 4611 1582 4683 περιέχειν
1602 4629 1615 4640 ·
1652 4610 1743 4663 Σοὶ

144 4717 243 4789 μὲν
265 4713 331 4771 τὸ
354 4710 547 4784 ὄνομά
578 4726 677 4781 μου
699 4706 836 4771 τέως
859 4705 990 4759 αὐτὸ
1016 4704 1173 4775 μόνον
1195 4701 1369 4774 δηλῶν
1398 4718 1537 4774 φημι
1564 4721 1574 4733 ·
1603 4700 1745 4771 Ἐγὼ

141 4808 386 4882 Κύριος·
426 4805 552 4866 τοῖς
584 4801 641 4855 δὲ
667 4802 779 4863 σοῖς
810 4798 1048 4868 πατράσι
1095 4796 1156 4850 τὸ
1186 4794 1286 4866 μὲν
1322 4794 1491 4864 ὄνομά
1521 4811 1622 4864 μου
1647 4794 1747 4846 οὐκ

139 4903 429 4976 ἐδήλωσα,
461 4899 565 4955 καὶ
600 4894 841 4968 μείζονος
866 4890 977 4963 γὰρ
1009 4889 1147 4956 ἄξιοι
1180 4889 1279 4959 τῆς
1311 4886 1569 4958 τοιαύτης
1604 4885 1741 4955 γνὼ-

143 5014 284 5062 σεως
333 4994 650 5063 ἐτύγχανον
693 4987 871 5049 ὄντες·
917 4982 1082 5047 αὐτὸς
1116 4981 1173 5036 δὲ
1216 4977 1405 5049 ὤφθην
1426 4977 1608 5041 αὐτοῖς
1648 4976 1743 5030 καὶ

139 5091 208 5145 δι’
237 5086 452 5145 ἑαυτοῦ
482 5079 768 5156 (ἐμαυτοῦ)
797 5078 895 5149 τὴν
921 5074 1194 5146 Διαθήκην
1247 5090 1348 5144 μου
1380 5071 1517 5143 πρὸς
1544 5070 1742 5132 αὐτοὺς

141 5180 380 5254 ἔστησα.
406 5172 693 5248 Πρόδηλον
722 5171 779 5224 δὲ
804 5171 868 5223 ὲκ
899 5167 1008 5221 τῶν
1033 5163 1542 5254 προαποδεδομένων
1569 5162 1654 5226 τίς
1674 5157 1743 5232 ἦν

138 5276 167 5329 ό
218 5274 344 5335 τοῖς
386 5266 676 5338 πατράσιν
720 5260 936 5332 ὀφθείς·
969 5259 1157 5313 τοῦτον
1205 5256 1315 5326 γὰρ
1361 5253 1746 5325 ἐξεταζόμενος

139 5363 232 5416 τὸν
265 5359 491 5434 τρόπον
521 5356 549 5409 6
566 5353 723 5421 λόγος
749 5350 897 5429 πρὸςκ
913 5350 1004 5403 τὸν
1031 5369 1049 5399 ι
1074 5349 1131 5400 ἐν
1151 5348 1293 5418 ἀρχῇ
1316 5344 1450 5416 πρὸς
1470 5344 1563 5398 τὸν
1589 5343 1741 5407 Θεὸν,

136 5453 278 5511 Θεὸν
300 5450 495 5519 Λόγον
531 5466 549 5497 ι
593 5446 855 5516 ὑπάρχειν
887 5440 1251 5496 ἀπεδείκνυεν.
1286 5437 1491 5492 Οὐκοῦν
1518 5439 1547 5491 6
1584 5436 1744 5499 αὐτὸς

138 5548 244 5603 καὶ
286 5545 395 5600 νῦν
437 5539 791 5609 ἐπιφαίνεται
817 5573 830 5599 ,
852 5535 967 5589 ἀλλ’
989 5534 1088 5603 οὐχ
1104 5532 1303 5603 ὁμοίως
1316 5545 1380 5598 γε
1391 5532 1502 5593 τοῖς
1520 5527 1734 5598 προπά-

214 5663 265 5695 θδ
310 5658 495 5715 Rom.
533 5670 583 5709 ιχ
607 5697 620 5716 ,
648 5654 739 5709 ‘29.
814 5653 860 5686 ⁸⁵
898 5650 1042 5706 Psal.
1076 5648 1302 5712 cu,.l;
1342 5649 1459 5701 Act.
1500 5661 1540 5712 ι,
1588 5644 1685 5716 54,
1717 5643 1805 5701 55.

141 5732 191 5766 ”
234 5729 382 5786 ibid.
430 5727 494 5779 ό.
569 5728 616 5760 ’⁵
653 5723 783 5781 ibid.
826 5722 908 5777 ll.
981 5721 1024 5752 ⁹¹
1065 5718 1235 5774 Exod.
1272 5733 1364 5784 νι,
1392 5716 1482 5771 2-4

221 5846 306 5920 (ι)
361 5841 481 5911 Τῷ.
515 5840 680 5901 Forte
708 5835 773 5910 ᾧ,
813 5839 899 5898 vel
924 5834 1022 5903 οἷς.
1066 5834 1226 5893 Eutr.

1577 5717 1622 5748 ⁹²
1659 5713 1818 5771 Joan.

1837 4511 2071 4568 iudicavi
2105 4512 2206 4566 eis.
2230 4529 2248 4561 ι
2267 4509 2399 4575 Qua:
2419 4509 2553 4563 mihi
2578 4509 2831 4562 videntur
2854 4506 2935 4561 sic
2959 4502 3365 4573 interpretanda
3395 4540 3410 4555 .

1838 4604 1960 4658 Tibi
1989 4617 2187 4657 nomen
2218 4616 2396 4656 meum
2427 4615 2602 4670 usque
2631 4614 2778 4653 nunc
2799 4598 2902 4653 soli
2938 4596 3206 4661 revelans,
3248 4592 3373 4647 dico
3395 4611 3413 4646 :

1840 4696 1952 4769 Ego
1982 4695 2281 4759 Dominus;
2308 4692 2557 4762 patribus
2587 4705 2717 4746 vero
2741 4688 2851 4745 tuis
2880 4701 3076 4742 nomen
3102 4701 3280 4740 meum
3305 4698 3415 4738 non

1844 4788 2102 4849 iudicavi,
2134 4786 2334 4856 quippe
2364 4784 2558 4854 majori
2588 4781 2818 4838 scientia
2853 4780 3054 4851 dignis.
3088 4777 3208 4848 Ipse
3236 4783 3417 4831 autem

1848 4879 2072 4950 apparui
2102 4878 2206 4941 eis,
2259 4883 2314 4931 et
2349 4890 2446 4947 per
2476 4874 2747 4945 meipsum
2777 4872 3186 4928 Testamentum
3236 4882 3417 4922 meum

1847 4989 1970 5029 cum
2009 4973 2090 5027 eis
2130 4970 2328 5041 pepigi.
2363 4954 2593 5024 Constat
2638 4965 2967 5039 supradictis
3017 4963 3141 5033 quis
3171 4960 3418 5032 patribus

1849 5066 2180 5137 apparuerit.
2207 5063 2383 5134 Hujus
2414 5065 2558 5118 enim
2602 5061 2708 5117 loci
2739 5058 3048 5130 explanatio
3077 5072 3199 5112 eum
3231 5061 3416 5109 osten-

1848 5159 1930 5213 dit
1973 5174 2097 5215 esse
2152 5176 2173 5211 ι
2223 5158 2278 5212 in
2325 5155 2599 5228 principio
2644 5154 2785 5223 apud
2836 5152 3025 5212 Deum,
3077 5148 3243 5204 Deum
3286 5145 3419 5199 Ver-

1851 5251 1981 5306 bqu
2006 5253 2075 5305 θ’.
2117 5269 2135 5302 ι
2174 5248 2322 5305 Idem
2361 5249 2527 5319 igitur
2580 5262 2725 5301 nunc
2762 5258 2978 5316 quoque
3017 5240 3416 5301 manifestatur,

1852 5343 1947 5399 sed
1993 5359 2103 5398 nou
2133 5341 2324 5398 eodem
2378 5339 2541 5394 modo
2568 5354 2677 5408 quo
2727 5335 2993 5407 patribus.
3045 5331 3139 5386 llis
3183 5330 3326 5385 enim
3363 5338 3419 5381 ut

1851 5436 2152 5506 majoribus
2183 5441 2238 5490 et
2264 5430 2687 5505 perfectioribus
2714 5429 2832 5499 ipse
2859 5426 3011 5480 visus
3032 5430 3116 5478 est
3140 5430 3193 5476 et
3222 5436 3315 5491 per
3337 5434 3414 5473 se-

1850 5528 2030 5598 ipsum
2067 5525 2476 5583 Testamentum
2507 5537 2666 5580 suum
2705 5535 2827 5575 cum
2874 5518 2944 5574 iis
2985 5515 3206 5586 pepigit.
3249 5509 3419 5583 Moysi
3484 5594 3487 5597 Ι

1909 5644 1955 5769 3;
1992 5642 2189 5714 Philip.
2221 5659 2295 5711 tt,
2338 5642 2427 5698 10.
2527 5640 2571 5673 ⁸⁷
2615 5637 2785 5694 Exod.
2828 5635 3012 5690 md.
3114 5632 3160 5665 ⁸⁸
3200 5628 3333 5687 ibid.
3362 5627 3417 5681 ἓ.

1853 5729 1894 5778 1,
1931 5729 1980 5769 ι.
