3868 6264
383 327 518 386 1051

1119 330 1389 388 EUSEBII
1421 330 1900 389 CAESARIENSIS
1939 332 2088 388 OPP.
2133 331 2313 387 PARS
2340 331 2924 389 [IL—EXEGETICA.

3487 333 3630 388 {0521

382 461 514 502 vero
542 445 694 501 visus
725 452 809 500 est
841 458 952 498 non
1003 443 1289 510 Dominus,
1327 446 1422 502 sed
1453 462 1710 518 angetus;
1744 448 1959 502 vocavit

2082 461 2244 516 :09etv
2268 462 2281 476 ·
2335 445 2562 508 ἐκείνοις
2617 445 2725 516 γὰρ
2766 445 2860 498 ἅτε
2904 443 3108 514 μείζοσι
3142 444 3234 499 καὶ
3274 444 3619 518 τελειοτέρας

383 554 508 592 eum
543 553 653 610 non
674 537 786 605 jam
820 536 1065 605 angelus,
1099 537 1193 591 sed
1229 537 1508 594 Dominus.
1545 538 1805 595 Dominus
1833 540 1954 610 qui-

385 632 506 685 dem
541 605 658 684 erat
685 627 1026 697 pracipiens,
1062 630 1286 700 angelus
1319 646 1448 685 vero
1476 631 1657 685 divina
1696 648 1958 703 exseque-

386 721 546 774 batur
577 717 853 772 mandata.
889 717 1018 774 lnde
1052 719 1326 774 interdum
1361 720 1536 790 legere
1563 729 1647 777 est
1683 722 1736 776 in
1769 731 1958 778 sancto

382 811 674 880 Apostolo:
700 829 718 861 ι
742 811 846 875 Qui
881 811 1032 866 solus
1061 811 1286 867 ordinas
1315 828 1412 883 per
1447 815 1668 885 angelos
1700 816 1756 868 in
1791 829 1956 869 manu

387 901 706 956 Mediatoris
738 902 822 968 ⁹³;
859 921 877 954 ι
911 910 965 956 ει
994 921 1008 957 :
1050 923 1068 954 ι
1106 902 1164 957 Si
1193 905 1338 958 enim
1372 905 1464 975 qui
1498 921 1592 975 per
1627 907 1850 975 angelos
1875 907 1958 960 di-

383 1000 508 1046 ctus
549 998 634 1045 est
675 1007 876 1055 sermo,
924 989 1103 1046 factus
1149 1002 1232 1046 est
1276 993 1464 1050 firmus
1494 995 1561 1049 ⁸⁸.
1609 1013 1628 1045 ι
1673 993 1959 1050 Manifeste

385 1082 553 1152 igitur
589 1082 815 1152 angelus
840 1083 1112 1151 apparuit,
1148 1090 1202 1138 et
1234 1083 1496 1141 Dominus
1517 1101 1614 1156 per
1637 1101 1761 1141 eum
1784 1086 1960 1140 mani-

387 1177 709 1232 festabatur.
746 1177 856 1232 Nec
888 1179 1052 1233 semel
1108 1179 1352 1236 invenias
1383 1182 1441 1236 in
1482 1183 1631 1237 omni
1663 1183 1780 1254 lege
1813 1183 1962 1238 Scri-

387 1277 605 1338 pturam
642 1267 972 1320 indicantem
1009 1266 1180 1339 Moysi
1212 1270 1392 1324 visum
1435 1271 1606 1328 fuisse
1662 1271 1830 1327 Deum
1878 1273 1962 1328 vel

390 1353 704 1418 Demittunt,
732 1356 878 1426 quod
916 1355 982 1410 de
1025 1359 1158 1412 solis
1187 1359 1365 1416 tribus
1393 1361 1725 1432 patriarcbis
1752 1363 1965 1418 videtur

391 1462 514 1501 esse
541 1446 768 1500 dictum.
793 1447 838 1500 Ε
869 1449 1068 1519 quibus
1109 1460 1354 1520 apertum
1402 1462 1485 1508 est
1536 1469 1753 1510 omnem
1789 1456 1961 1526 legem

394 1535 674 1592 Hebraicaa
707 1541 882 1609 gentis
914 1541 1249 1607 hominibus,
1275 1551 1336 1597 ut
1368 1553 1548 1600 mente
1573 1547 1966 1605 infirmioribus

393 1633 448 1680 et
471 1627 572 1680 sub
603 1627 741 1684 duce
763 1632 1096 1698 constitutis,
1121 1634 1376 1688 traditam
1407 1640 1566 1706 quasi
1591 1653 1689 1707 per
1719 1639 1968 1712 paedago-

394 1737 491 1790 gos
523 1731 686 1793 atque
733 1727 1106 1785 moderatores
1156 1729 1348 1797 fuisse,
1383 1748 1485 1788 nec
1531 1750 1638 1789 non
1676 1737 1856 1808 typice
1885 1739 1964 1794 eis

394 1823 449 1870 et
480 1817 777 1886 symbolice
808 1821 990 1876 divina
1028 1826 1282 1880 mandata
1308 1829 1546 1884 revelata
1577 1829 1766 1898 fuisse,
1803 1841 1962 1903 prout

396 1906 645 1963 altiorem
695 1911 1106 1985 spiritalemque
1160 1916 1506 1989 disciplinam
1559 1924 1808 1993 accipere
1857 1941 1966 1979 non

393 2000 726 2067 valentibus,
774 2005 1100 2090 quippe-qui
1153 2009 1476 2082 Egyptiaca
1527 2015 1756 2070 mollitie
1811 2019 1968 2087 pueri

397 2094 613 2148 educati
644 2105 820 2159 erant,
853 2106 907 2152 et
931 2100 1100 2155 multa
1128 2102 1306 2157 adhuc
1337 2106 1692 2162 conversione
1721 2109 1970 2179 indigen-

397 2185 735 2253 tcs;quibus
771 2187 911 2256 ignis
931 2204 1055 2245 esse
1091 2191 1232 2247 Deus
1257 2191 1462 2247 dicitur
1497 2213 1512 2250 :
1549 2213 1568 2246 ι
1610 2194 1757 2251 Deus
1787 2205 1972 2252 noster

400 2277 542 2346 ignis
569 2291 898 2336 consumens
937 2283 1006 2347 “,
1047 2301 1066 2334 ι
1095 2284 1241 2353 quod
1277 2286 1500 2344 minime
1530 2288 1597 2344 de
1644 2291 1970 2360 patriarchis

400 2368 624 2426 dicitur.
658 2371 858 2428 Verum
885 2390 1010 2430 cum
1038 2377 1162 2432 illos
1184 2378 1338 2448 jubet
1369 2396 1428 2436 se
1456 2381 1747 2451 purificare
1776 2392 1836 2438 ut
1858 2386 1974 2455 glo-

401 2461 536 2516 riam
573 2463 786 2521 Domini
822 2467 1061 2535 videant,
1093 2484 1202 2525 non
1245 2472 1387 2528 sicut
1436 2474 1504 2530 de
1551 2475 1885 2542 Abrahamo,
1920 2485 1976 2533 et

399 2553 612 2620 lsaaco,
637 2565 692 2611 et
717 2556 920 2613 Jacobo
949 2561 1264 2632 simpliciter
1277 2563 1479 2618 dicitur
1498 2563 1667 2620 Deum
1685 2567 1766 2623 eis
1797 2569 1975 2624 visum

400 2662 545 2711 esse,
594 2649 688 2703 sed
730 2650 845 2706 haec
891 2653 1086 2709 eadem
1117 2656 1288 2709 multo
1337 2663 1391 2710 et
1433 2657 1674 2713 terrifico
1709 2669 1975 2731 apparatu

403 2748 794 2796 narranturzc
851 2741 1084 2814 Jamque
1141 2745 1432 2802 advenerat
1471 2750 1667 2806 tertius
1725 2749 1863 2815 dies,
1922 2761 1978 2808 et

405 2843 566 2882 mane
591 2828 925 2886 inclaruerat
947 2853 960 2887 :
985 2841 1038 2888 et
1058 2849 1184 2890 ecce
1211 2847 1496 2906 coeperunt
1514 2839 1692 2894 audiri
1713 2841 1974 2905 tonitrua,

406 2933 471 2972 ac
519 2921 719 2977 micare
771 2921 1024 2993 fulgura,
1078 2932 1133 2980 et
1179 2927 1356 2983 nubes
1393 2929 1722 2986 densissima
1765 2934 1980 3001 operire

408 3019 670 3075 montem,
712 3013 1044 3086 clangorque
1075 3017 1320 3074 buccinat
1359 3021 1733 3079 vehementius
1767 3033 1976 3096 strepe-

409 3101 520 3154 bat.
553 3100 616 3154 Et
648 3103 830 3157 timuit
862 3107 1096 3181 populus
1129 3109 1221 3178 qui
1251 3117 1369 3164 erat
1402 3112 1457 3165 in
1492 3114 1708 3170 castris.
1733 3115 1981 3186 Cumque

409 3189 686 3247 eduxisset
701 3208 797 3248 eos
815 3193 1025 3266 Moyses
1043 3197 1096 3251 in
1111 3212 1400 3255 occursum
1420 3199 1515 3257 Dei
1538 3203 1605 3258 de
1627 3204 1748 3260 loco
1769 3215 1982 3262 castro-

412 3299 556 3347 rum,
615 3293 883 3342 steterunt
933 3289 1003 3344 ad
1057 3291 1270 3348 radices
1325 3296 1546 3352 montis.
1591 3295 1762 3354 Totus
1800 3309 1981 3357 autem

412 3391 569 3432 mons
605 3375 754 3432 Sinai
792 3379 1084 3438 fumabat:
1116 3399 1181 3439 eo
1213 3387 1357 3454 quod
1391 3387 1764 3446 descendisset
1800 3391 1984 3447 Domi-

413 3483 516 3522 nus
542 3485 705 3538 super
730 3487 853 3524 eum
885 3472 939 3527 in
973 3475 1114 3544 igne,
1149 3485 1202 3530 et
1232 3479 1552 3546 ascenderet
1603 3481 1789 3540 fumus
1826 3501 1893 3540 ex
1919 3502 1985 3542 eo

414 3562 572 3628 quasi
607 3562 674 3617 de
722 3562 942 3620 fornace
979 3585 992 3621 :
1026 3575 1080 3622 et
1117 3571 1298 3625 stabat
1337 3573 1516 3628 omnis
1557 3577 1791 3646 pepulus
1822 3580 1985 3634 vehe-

418 3660 628 3706 menter
666 3657 1021 3713 conterritus.
1077 3659 1143 3714 Et
1189 3663 1403 3720 sonitus
1447 3665 1693 3723 buccinae
1726 3671 1986 3739 paulatim

416 3745 697 3798 crescebat
725 3747 780 3801 in
809 3749 990 3817 majus
1021 3759 1076 3805 et
1105 3753 1368 3822 prolixius
1397 3756 1739 3813 tendebatur.
1777 3759 1988 3830 Moyses

421 3834 744 3902 loquebatur
776 3845 830 3892 et
866 3839 1009 3897 Deus
1051 3845 1417 3914 respondebat
1464 3850 1534 3904 ei.
1592 3849 1991 3922 Descenditque

422 3924 687 3982 Dominus
713 3945 879 3999 super
913 3941 1152 3987 montem
1181 3934 1354 4003 Sinai,
1390 3937 1444 3991 in
1478 3938 1598 4008 ipso
1639 3941 1841 3997 montis
1871 3959 1992 3997 ver-

420 4016 548 4080 tice,
580 4025 633 4070 et
669 4022 881 4074 vocavit
915 4022 1152 4094 Moysem
1200 4026 1268 4092 ⁸⁸,
1308 4046 1326 4078 ι
1362 4037 1416 4083 ει
1454 4030 1680 4100 reliqua.
1719 4029 1843 4086 Haec
1871 4033 1995 4103 qui-

425 4107 546 4161 dem
583 4109 936 4167 dcscendisse
987 4112 1273 4170 Dominum
1306 4127 1594 4184 testantur,
1633 4123 1784 4178 visus
1810 4131 1992 4179 autem

376 4196 592 4254 .fuisse
638 4201 864 4258 tninime
923 4203 1116 4270 fertur,
1170 4211 1316 4278 quod
1367 4210 1435 4264 de
1488 4213 1619 4268 solis
1667 4215 1994 4283 patriarchis

420 4291 768 4347 observatum
801 4303 904 4350 est.
938 4296 1153 4353 Domini
1217 4302 1382 4370 igitur
1435 4306 1720 4372 prmsentia
1771 4306 1990 4377 quidem

424 4380 565 4434 facta
627 4391 734 4446 est,
779 4401 888 4438 non
917 4395 1100 4442 autem
1137 4393 1274 4446 visio
1319 4393 1524 4464 ipsius;
1563 4395 1680 4456 sed,
1723 4403 1782 4448 ιιι
1819 4407 1987 4465 patet,

423 4473 718 4527 satellitum
767 4476 869 4530 sibi
922 4480 1256 4549 angelorum,
1295 4485 1494 4554 quibus
1548 4486 1755 4540 utiliter
1788 4490 1986 4557 populo
2024 4523 2067 4577 ι)

425 4563 820 4620 formidandam
877 4584 941 4622 ac
977 4572 1269 4627 terrificam
1303 4575 1565 4632 visionem
1615 4575 1814 4641 effecit,
1861 4596 1994 4648 prn‘

423 4654 611 4711 denter
627 4660 918 4715 consulens
949 4670 1006 4715 ut
1028 4679 1215 4718 eorum
1247 4669 1512 4722 cautelam
1532 4670 1692 4723 simul
1715 4678 1768 4724 et
1787 4683 1993 4726 metum

319 4799 322 4801 .
408 4759 459 4803 εἰ
512 4750 567 4802 in
626 4767 683 4804 sc
741 4751 897 4807 fidem
936 4757 1202 4812 stabiliret
1253 4761 1318 4813 ad
1347 4761 1654 4815 custodiam
1698 4763 1995 4818 observan-

411 4847 484 4900 tia
508 4861 668 4916 mque
700 4848 878 4918 legum
911 4867 1048 4920 quas
1089 4855 1168 4907 eis
1229 4863 1602 4924 przecepturus
1647 4866 1781 4910 erat.
1837 4857 1993 4923 Quod

425 4953 478 4990 ιιι
499 4945 605 4990 tem
641 4937 822 5006 plures
851 4949 1007 4994 erant
1050 4941 1277 4996 Domino
1325 4944 1494 5014 legem
1533 4945 1768 5001 edicenti
1820 4946 1997 5001 famu-

411 5031 501 5083 lnn
522 5037 602 5084 tes
633 5033 828 5100 angeli,
856 5035 968 5101 ipse
991 5033 1200 5106 Moyses
1227 5037 1281 5089 in
1307 5037 1777 5094 benedictionibus
1809 5048 1996 5094 osten-

410 5121 491 5175 dit
546 5123 776 5179 dicens:
810 5145 828 5176 ι
883 5125 1140 5183 Dominus
1174 5128 1241 5183 de
1292 5127 1423 5192 Sina
1465 5131 1630 5198 venit,
1679 5139 1733 5186 et
1769 5131 1837 5186 de
1877 5130 1998 5186 Seir

430 5224 585 5270 ortus
616 5225 702 5273 est
750 5220 907 5274 nobis
945 5239 958 5274 :
1013 5221 1263 5290 apparuit
1310 5222 1377 5276 d‘e
1422 5232 1606 5278 monte
1673 5221 1910 5287 Pbaran,
1943 5232 1996 5279 et

433 5323 556 5360 cum
593 5325 657 5363 eo
687 5319 1000 5364 sanctorum
1047 5313 1235 5366 millia.
1285 5313 1343 5368 In
1402 5314 1592 5369 dextra
1647 5315 1767 5386 ejus
1820 5319 2000 5386 angeli

435 5411 557 5450 cum
590 5415 654 5454 eo
676 5403 742 5456 °".
765 5425 782 5454 ι
814 5402 1046 5473 Ideoque
1071 5404 1378 5474 Stephanus
1405 5408 1458 5458 in
1487 5407 1734 5473 Actibus,
1753 5423 2003 5477 cumpo-

438 5488 620 5554 pulum
675 5495 1016 5551 vehementer
1065 5498 1396 5568 objurgaret,
1424 5500 1543 5554 ait:
1587 5520 1606 5552 ι
1640 5500 1741 5567 Qui
1785 5502 1998 5571 accepi-

2058 537 2220 600 αὐτὸς
2247 535 2424 606 ὤφθη,
2451 537 2542 588 καὶ
2572 535 2638 587 δι’
2673 534 2860 588 ἑαυτοῦ
2886 534 2982 604 τὴν
3001 533 3272 605 Διαθήκην
3299 534 3469 588 αὑτοῦ
3496 536 3624 608 πρὸς

2058 629 2253 692 αὐτοὺς
2281 629 2507 698 ἔστησεν
2527 645 2540 658 ⁴
2578 628 2669 681 ἐπὶ
2701 627 2756 680 δὲ
2780 627 2874 680 τοῦ
2903 626 3176 690 Μωῦσέως
3199 626 3353 696 ὤφθη
3404 629 3505 698 μὲν
3535 629 3626 699 οὐχ

2058 723 2086 772 6
2121 720 2342 792 Κύριος,
2373 720 2486 773 ἀλλ’
2513 722 2543 774 6
2591 720 2822 788 ἄγγελος
2845 737 2859 750 ·
2903 719 3127 773 ἐκάλεσε
3151 719 3207 771 δὲ
3252 716 3415 773 αὐτὸν
3451 719 3627 773 οὐκέτι

2059 814 2087 864 6
2121 811 2371 880 ἄγγελος,
2395 811 2512 865 ἀλλ’
2549 813 2576 863 6
2607 812 2808 881 Κύριος
2829 829 2842 841 ·
2873 809 3078 882 Κύριος
3112 811 3210 880 μὲν
3236 809 3345 880 γὰρ
3373 806 3444 881 ἦν
3467 813 3497 864 6
3520 811 3632 864 δια-

2059 902 2384 972 ταττόμενος
2403 919 2416 932 ·
2453 901 2679 970 ἅγγελος
2721 901 2778 954 δὲ
2809 902 2838 953 6
2869 901 2998 963 τοὺς
3019 900 3192 964 θείους
3223 901 3418 969 λόγους
3455 900 3629 954 διακο-

2062 997 2314 1066 νούμενος
2338 1013 2351 1026 ·
2380 995 2502 1049 ὃθεν
2552 997 2598 1047 εί
2642 993 2736 1048 καί
2766 1011 2818 1046 τι
2867 994 2994 1048 ἄλλο
3039 993 3356 1065 θαυμασίως
3385 994 3632 1062 ἐκπεφώ-

2061 1103 2218 1156 νηται
2243 1086 2321 1155 τῷ
2357 1084 2485 1157 ἱερῷ
2521 1084 2844 1154 Ἀποστόλῳ,
2885 1083 2977 1137 καὶ
3021 1083 3102 1148 τὸ,
3154 1103 3172 1134 ι
3208 1084 3266 1137 '0
3310 1083 3471 1154 μόνος
3516 1084 3632 1136 δια-

2061 1180 2234 1246 ταγῆς
2263 1177 2400 1247 (γεἰς
2426 1176 2516 1247 δι’)
2546 1176 2792 1245 ἀγγέλων
2821 1179 2878 1229 ἐν
2903 1177 3046 1248 χειρὶ
3082 1175 3320 1246 μεσίτου⁸
3353 1195 3374 1227 ι
3406 1175 3500 1229 καὶ
3533 1175 3596 1226 τό
3617 1190 3629 1202 ·

2069 1287 2088 1319 ι
2112 1269 2175 1321 El
2203 1269 2311 1342 γὰρ
2355 1270 2384 1321 6
2420 1269 2484 1322 δι’
2531 1268 2777 1338 ἀγγέλων
2810 1268 3059 1339 λαληθεὶς
3091 1267 3246 1335 λόγος
3294 1268 3506 1336 ἐγένετο
3544 1267 3640 1336 βέ-

2065 1361 2232 1424 ϐαιος.
2259 1381 2276 1412 ›
2312 1360 2504 1431 Σαφῶς
2530 1361 2660 1429 γοῦν
2699 1360 2923 1429 ἄγγελος
2961 1362 3208 1431 εἰσῆκται
3241 1363 3333 1415 καὶ
3368 1363 3396 1414 6
3428 1359 3638 1430 Κύριος

2065 1453 2130 1506 δι’
2182 1453 2349 1507 αὑτοῦ
2393 1450 2782 1524 χρηματίζων,
2831 1453 2926 1506 κα)⁵
2973 1454 3094 1507 οὐδὲ
3146 1452 3292 1518 ἅπαξ
3341 1452 3405 1507 ἂν
3450 1451 3638 1525 εὕροις

2065 1545 2130 1598 δι’
2163 1545 2289 1615 ὅλης
2315 1548 2413 1616 τῆς
2433 1545 2750 1615 νομοθεσίας
2769 1545 2868 1616 τὴν
2890 1545 3108 1616 Γραφὴν
3137 1545 3530 1617 σημειουμένην
3557 1544 3640 1608 ὡς

2065 1636 2145 1688 ὅτι
2179 1635 2244 1706 δὴ
2273 1633 2426 1706 ὤφθη
2455 1637 2484 1688 6
2505 1634 2690 1705 Θεὸςῆ
2724 1637 2753 1688 6
2781 1634 2984 1706 Κύριος
3010 1636 3087 1706 τῷ
3119 1637 3353 1704 Μωῡσεῖ,
3380 1638 3510 1709 ὅπερ
3537 1639 3646 1689 ἐπὶ

2073 1723 2247 1793 μόνων
2273 1723 2380 1776 τῶν
2407 1723 2571 1795 τριῶν
2593 1726 2945 1798 πατριαρχῶν
2971 1727 3254 1799 εἰρημένον
3276 1728 3602 1798 ἐμφαίνεται
3625 1746 3640 1759 ·

2069 1813 2144 1878 ὡς
2193 1815 2258 1867 ὲκ
2289 1814 2492 1868 τούτων
2527 1815 2695 1884 σαφὲς
2727 1811 2897 1879 εἶναι,
2931 1815 3029 1885 τὴν
3091 1818 3269 1870 πᾶσαν
3318 1817 3647 1888 νομοθεσίαν

2071 1909 2180 1970 τοῖς
2210 1906 2351 1959 κατὰ
2375 1907 2466 1960 τὸν
2513 1908 2635 1960 τότε
2661 1907 2808 1972 λαὸν,
2840 1901 2930 1962 οἷα
2967 1907 3032 1979 δὴ
3063 1909 3276 1978 νηπίοις
3318 1909 3411 1973 τὰς
3453 1909 3646 1980 ψυχὰς

2072 2001 2164 2053 καὶ
2206 1999 2593 2070 εἰσαγομένοις,
2617 1999 2895 2071 διδομένην
2939 1999 3124 2071 ὤσπερ
3155 1999 3241 2053 διά
3274 2001 3651 2070 παιδαγωγῶν

2074 2093 2169 2146 καὶ
2196 2093 2490 2163 οἰκονόμων
2517 2091 2932 2163 παραδεδόσθαι,
2965 2092 3209 2157 τυπικῶς
3229 2110 3288 2146 τε
3328 2095 3504 2158 αὐτοῖς
3536 2095 3650 2147 καὶ

2075 2181 2354 2244 εἰκονικῶς
2373 2181 2440 2233 τὰ
2473 2180 2591 2233 θεῖα
2615 2181 2702 2233 διὰ
2747 2179 3029 2251 συμϐόλων
3051 2178 3286 2250 ᾐνίχθαι,
3327 2179 3410 2254 τῷ,
3430 2181 3502 2250 μὴ
3531 2180 3651 2250 τὴν

2079 2272 2487 2344 μυστικωτέραν
2519 2273 2614 2325 καὶ
2658 2273 3032 2343 πνευματικὴν
3065 2267 3176 2326 οἶόν
3201 2291 3258 2326 τε
3292 2274 3480 2338 αὐτοὺς
3514 2277 3656 2328 ὲπιι-

2074 2363 2326 2427 δέξασθαι
2354 2364 2719 2428 διδασκαλίαν,
2748 2365 2843 2419 ἆτε
2873 2363 3002 2433 γοῦν
3035 2369 3190 2420 παισ)⁸
3225 2366 3438 2440 τρόποις
3471 2368 3654 2435 Αἰγυ-

2077 2457 2252 2520 πτίοις
2282 2457 2711 2529 ὲκδιῃτημένοις,
2748 2458 2840 2510 καὶ
2866 2456 3065 2527 πολλῆς
3084 2458 3163 2510 έτι
3199 2458 3481 2530 χρῄζουσιν
3509 2461 3655 2511 επι-

2079 2549 2385 2622 στρεφείας,
2436 2549 2545 2620 πῦρ
2587 2545 2721 2604 εἶναι
2755 2551 2783 2603 6
2835 2549 2984 2614 Θεὸς,
3037 2549 3175 2605 κατὰ
3205 2549 3295 2602 τό·
3350 2569 3367 2601 ι
3399 2551 3455 2602 '0
3504 2547 3656 2613 Θεὸς

2078 2641 2234 2710 ἡμῶν
2277 2639 2387 2712 πῦρ
2419 2639 2828 2704 καταναλίσκον,
2853 2657 2891 2692 λ»
2935 2642 3071 2712 ὅπερ
3110 2641 3356 2711 οὐδαμῶς
3394 2641 3486 2694 ἐπὶ
3527 2641 3655 2694 τῶν

2081 2731 2433 2803 πατριαρχῶν
2495 2733 2724 2804 εἴρηται.
2799 2732 2955 2786 Ἀλλὰ
3018 2735 3112 2788 καὶ
3167 2736 3253 2786 ὅτε
3319 2735 3657 2805 προστάττει

2079 2823 2399 2891 άγνίσασθαι
2437 2824 2632 2887 αὐτοὺς
2674 2825 2822 2888 ὅπως
2857 2823 2924 2895 (f.
2950 2825 2983 2879 8
3015 2827 3107 2895 v°)
3153 2824 3299 2880 ἴδωσι
3340 2826 3435 2898 τήν
3487 2827 3660 2894 δόξαν

2081 2917 2310 2988 Κυρίου,
2345 2917 2442 2988 οὐχ
2463 2915 2650 2989 ὥσπερ
2685 2918 2778 2970 ἐπὶ
2804 2918 2898 2971 τοῦ
2935 2919 3183 2990 Ἀϐραάμ
3214 2919 3307 2972 καὶ
3333 2918 3424 2972 τοῦ
3459 2920 3660 2974 Ἰσαὰκ

2083 3009 2176 3061 καὶ
2222 3008 2312 3062 τοῦ
2355 3008 2547 3062 Ἰακὼϐ
2589 3009 2773 3074 ἁπλῶς
2804 3008 3017 3081 εἴρηται
3061 3012 3143 3064 ὅτι
3197 3011 3347 3083 ὤφθη
3391 3013 3579 3076 αὐτοῖς
3631 3015 3663 3064 6

2085 3099 2214 3163 Θεὸς
2234 3139 2248 3163 ,
2280 3099 2419 3171 μετὰ
2451 3100 2652 3173 πολλῆς
2693 3101 2749 3154 δὲ
2791 3101 3176 3173 καταπλήξεως
3209 3102 3300 3155 καὶ⁸
3351 3103 3674 3171 φαντασίας,

2086 3188 2222 3242 αὐτὰ
2239 3188 2303 3260 δὴ
2321 3188 2492 3243 ταῦτα
2513 3190 2938 3260 ἀναγέγραπταιο
2972 3211 2990 3242 ι
3007 3181 3117 3245 Καὶ
3145 3191 3360 3260 ἐγένετο
3381 3195 3446 3263 τῇ
3468 3193 3665 3265 ἡμέρα

2085 3283 2153 3351 τῇ
2204 3280 2363 3353 τρίτῃ
2430 3280 2746 3351 γενηθέντος
2796 3281 2932 3352 πρὸς
2981 3281 3205 3354 ὄρθρον,
3269 3283 3362 3335 καὶ
3417 3283 3665 3352 ἐγίνοντο

2089 3377 2264 3445 φωναὶ
2291 3376 2382 3430 καὶ
2424 3375 2701 3448 ἀστραπαὶ
2743 3375 2836 3429 καὶ
2873 3376 3067 3446 νεφέλη
3108 3376 3386 3449 γνοφώδης
3433 3379 3525 3432 ἐπὶ
3561 3379 3664 3432 τεῦ

2088 3466 2278 3538 ὅρους,
2324 3469 2419 3522 καὶ
2465 3468 2614 3536 φωνὴ
2663 3470 2762 3538 τῆς
2811 3466 3105 3536 σάλπιγγος
3151 3469 3272 3540 ἤχει
3325 3469 3506 3540 μέγα,
3563 3473 3666 3524 καὶ

2089 3561 2324 3633 ἐπτοήθη
2359 3563 2466 3624 πᾶς
2491 3563 2520 3614 6
2550 3559 2676 3634 λαὸς
2709 3562 2766 3613 ὲν
2794 3564 2860 3632 τῇ
2907 3560 3253 3632 παρεμϐολῇ·
3305 3563 3402 3616 καὶ
3425 3562 3663 3633 ἐξήγαγε

2090 3652 2332 3722 Μωῦσῆς
2356 3653 2448 3706 τὸν
2469 3652 2594 3706 λαὸν
2622 3657 2701 3718 είς
2733 3654 2831 3725 τὴν
2861 3655 3175 3724 συνάντησιν
3205 3653 3296 3708 τοῦ
3319 3655 3456 3708 Θεοῦ
3484 3657 3546 3709 ὲκ
3562 3661 3666 3727 τῆς

2091 3743 2460 3818 παρεμϐολῆς,
2496 3747 2592 3799 καὶ
2625 3747 2976 3818 παρέστησαν
2997 3748 3099 3802 ὑπὸ
3126 3749 3185 3800 τὸ
3217 3747 3341 3819 ὅρος
3390 3748 3574 3818 (Σινάο
3606 3750 3670 3800 τὸ

2091 3838 2257 3909 ϐρος)
2299 3836 2432 3891 Σινὰ
2476 3836 2794 3901 ἐκαπνίζετο
2835 3837 2954 3891 ὅλον
2993 3837 3080 3890 διὰ
3127 3838 3187 3890 τὸ
3233 3837 3668 3909 καταϐεϐηκέναε

2093 3931 2179 3983 ἐπ’
2208 3928 2373 3983 αὑτοῦ
2401 3928 2494 3982 τὸν
2521 3927 2654 3981 Θεὸν
2689 3930 2747 3982 ὲν
2781 3929 2914 4000 πυρί
2933 3946 2945 3958 ⁸
2979 3930 3073 3982 καὶ
3102 3928 3381 3982 ἀνέϐαινεν
3404 3932 3433 3982 6
3460 3930 3667 3992 καπνὸς

2093 4021 2256 4084 αὑτοῦ
2287 4021 2418 4076 ὡσεὶ
2450 4022 2654 4086 καπνὸς
2688 4022 2914 4094 καμίνου
2934 4039 2948 4052 ⁸
2979 4022 3071 4075 καὶ
3109 4021 3298 4091 ἐξέστη
3338 4023 3447 4085 πᾶς
3477 4024 3504 4074 6
3541 4020 3671 4083 λαὸς

2096 4113 2332 4186 σφόδρα·
2375 4113 2613 4182 ἐγίνοντο
2660 4114 2716 4167 δὲ
2748 4115 2921 4182 φωναὶ
2965 4117 3066 4184 τῆς
3110 4114 3410 4181 σάλπιγγος
3438 4112 3668 4184 ⁴ιὲροϐσ.ί-

2093 4223 2278 4260 νουσαι
2313 4205 2653 4276 ἰσχυρότεραι
2671 4206 2894 4276 σφόδρα.
2913 4205 3154 4275 Μωῢσῆς
3184 4205 3382 4268 ἐλάλει,
3403 4207 3432 4257 ὁ
3458 4206 3513 4259 δὲ
3535 4207 3672 4269 θεὸς

2094 4298 2424 4368 ἁπεκρίνατο
2472 4296 2620 4368 αὐτῷ
2673 4299 2843 4368 φωνῇ,
2888 4297 3091 4368 κατέϐη
3138 4296 3193 4349 δὲ
3227 4297 3432 4366 Κύριος
3484 4298 3578 4350 ἐπὶ
3607 4297 3672 4349 τὸ

2094 4386 2217 4458 ὅρος
2239 4385 2298 4439 τὸ
2324 4386 2453 4440 Σινὰ
2474 4387 2565 4440 ἐπὶ
2588 4387 2684 4458 τὴν
2707 4386 2946 4458 κορυφὴν
2975 4386 3068 4438 τοῦ
3097 4386 3282 4456 ὅρους·
3320 4387 3415 4438 καὶ
3445 4388 3670 4440 ἐκάλεσε

2094 4479 2299 4550 Κύριος
2326 4481 2586 4549 Μωῦσῆν,
2614 4499 2632 4529 ι
2667 4479 2762 4532 καὶ
2795 4478 2861 4531 τὰ
2882 4477 3026 4548 ἑξῆς.
3057 4479 3179 4530 Ὅτι
3214 4478 3312 4548 μὲν
3343 4473 3438 4532 06v
3465 4476 3664 4546 κατέϐη

2100 4573 2302 4645 Κύριος
2338 4573 2426 4626 διὰ
2452 4571 2655 4626 τούτων
2690 4570 3132 4643 μεμαρτύρηται·
3161 4571 3243 4623 ὅτι
3277 4570 3334 4623 δὲ
3374 4571 3471 4624 καὶ
3516 4569 3664 4640 ὤφθη

2099 4665 2283 4717 οὐκέτι
2324 4663 2558 4736 εἴρηται,
2589 4663 2618 4716 ὃ
2661 4662 2752 4714 ἐπὶ
2783 4661 2958 4732 μόνων
2987 4660 3093 4713 τῶν
3129 4658 3484 4731 πατριαρχῶν
3513 4659 3664 4729 τετή-

2102 4774 2279 4828 ρηται.
2310 4756 2516 4810 Οὐκοῦν
2555 4753 2821 4826 παρουσία
2875 4753 2970 4824 μὲν
3012 4752 3250 4820 ἐγεγόνει
3281 4752 3375 4804 τοῦ
3426 4751 3664 4822 Κυρίουσ

2099 4847 2332 4902 ὀπτασία
2369 4847 2425 4898 δὲ
2458 4847 2557 4900 οὐκ
2602 4845 2786 4910 αὐτοῦ,
2819 4844 2955 4898 ἀλλὰ
2983 4843 3138 4914 δῆλον
3163 4843 3246 4896 ὅτι
3269 4843 3379 4896 τῶν
3409 4843 3546 4914 ἀμφ’
3570 4843 3670 4893 αὒ-

2099 4941 2190 4994 τὸν
2221 4941 2532 5014 δορυφόρων
2565 4939 2842 5008 ἀγγέλων,
2878 4938 2943 4991 δι’
2988 4930 3062 4990 ὧν
3118 4935 3403 5007 χρησίμως
3448 4935 3525 5004 τῷ
3554 4933 3662 5002 λαῷ

2101 5034 2335 5104 φοϐερὰν
2355 5034 2447 5086 καὶ
2471 5031 2915 5103 καταπληκτικὴν
2940 5030 3234 5099 ἐποιήσατο
3258 5027 3357 5098 τὴν
3379 5027 3659 5082 ὀπτασίαν.

2101 5126 2384 5179 εὐλάϐειαν
2412 5124 2546 5195 ὁμοῦ
2583 5143 2674 5177 και
2721 5122 2881 5192 φόϐον
2915 5121 3008 5175 καὶ
3054 5120 3234 5173 πίστιν
3267 5118 3362 5189 τὴν
3392 5121 3473 5182 είς
3506 5116 3666 5171 αὐτὸν

2103 5219 2366 5290 κρατῦναι
2400 5221 2456 5270 ὲν
2495 5219 2676 5280 αὐτοῖς
2699 5211 3153 5286 προμηθούμενος.
3173 5213 3251 5274 εἰς
3296 5209 3539 5279 φυλακὴν
3570 5206 3666 5259 καὶ

2101 5313 2332 5384 τήρησιν
2363 5329 2470 5363 των
2502 5309 2800 5381 μελλόντων
2825 5306 3007 5369 αὐτοῖς
3047 5301 3432 5374 παραδίδοσθαι
3470 5300 3658 5368 νόμων.

2104 5406 2214 5456 Καὶ
2236 5405 2316 5458 ὅτι
2344 5421 2406 5472 γε
2435 5403 2650 5465 πλείους
2679 5403 2969 5470 ὲτυγχανον
3003 5399 3050 5450 οἱ
3075 5395 3152 5467 τῷ
3183 5394 3370 5464 Κυρίῳ
3403 5391 3537 5446 κατὰ
3563 5388 3663 5458 τὴν

2105 5497 2422 5569 νομοθεσίαν
2458 5494 2860 5566 διακονούμενοι
2887 5491 3126 5560 ἄγγελοι,
3158 5488 3316 5551 αὐτὸς
3344 5487 3569 5553 Miami;
3596 5483 3661 5532 ἓν

515 5724 561 5755 ’⁸
621 5731 792 5791 Galat.
831 5753 918 5802 ιιι,
961 5739 1041 5792 l9.
1117 5743 1161 5772 ’°
1203 5741 1364 5797 Hebr.
1403 5759 1471 5805 tt,
1507 5741 1562 5796 2.
1640 5744 1681 5774 ’⁵
1726 5743 1876 5796 Deut.
1916 5757 1977 5795 ιγ.

2082 5741 2118 5794 ι.
2196 5741 2241 5771 ³⁵
2282 5737 2448 5793 Exod.
2485 5733 2799 5802 x1x,l6-‘30.
2876 5731 2920 5763 ιτ
2962 5731 3116 5784 Dem.
3158 5743 3350 5780 sum.
