3868 6264
203 317 344 379 I053

1230 312 1523 371 ECLOGA]
1564 310 2046 369 PROPHE'I‘ICAE.
2087 340 2157 353 ——
2194 313 2326 371 LIB.
2362 313 2407 372 I.

3308 323 3449 381 I056

200 451 322 514 ταῖς
358 444 631 515 εὐλογίαις
670 441 961 514 παρίστησι
998 437 1202 507 λέγων’
1251 454 1270 488 ι
1302 435 1506 507 Κύριος
1541 435 1606 487 ὲκ
1646 430 1758 487 Σινέ

1878 431 1980 488 stis
2022 432 2197 504 legem
2233 433 2292 490 in
2315 433 2679 508 dispositione
2697 437 3012 510 angelorum
3034 447 3089 495 et
3119 453 3227 495 non
3257 400 3415 499 custo
3437 469 3450 485 ι

200 544 348 613 ἥκει,
383 543 478 594 καὶ
515 538 785 607 ὲπέφανεν
813 538 877 589 ὲκ
909 533 1037 604 Σεὶρ
1071 534 1238 605 ἡμῖν,
1267 528 1362 584 καὶ
1402 526 1771 583 κατέσπευσιν
1877 524 2039 582 distis
2065 527 2135 582 ⁸⁸.
2174 544 2195 580 1
3264 590 3265 593 η

202 634 263 703 ἐξ
284 634 446 707 ὅρους
468 629 652 703 Φαρὰν
675 628 770 683 σὺν
805 625 1061 698 μυριάσιν
1088 622 1292 693 Κάδης,
1316 622 1380 674 ἐκ
1436 617 1624 684 δεξιῶν
1649 615 1816 672 αὐτοῦ
1853 617 2073 687 ἄγγελοι
2117 619 2235 690 μετ’
2270 616 2459 684 αὐτοῦ,
2510 639 2530 673 1
2564 622 2658 675 καὶ
2682 620 2752 675 τὰ
2779 621 2937 695 ἑξῆς·
2971 622 3037 676 δι’
3069 622 3099 678 ὃ
3124 625 3217 679 καὶ
3255 626 3286 678 6
3316 625 3447 680 Στέ-

201 744 372 797 φανος
404 728 462 779 ὲν
489 728 611 789 ταῖς
638 723 906 795 Πράξεσιν
927 719 1003 784 ὡς
1042 718 1179 790 πρὸς
1216 717 1306 771 τὸν
1344 715 1471 772 λαὸν
1502 714 1917 786 ἀποτεινόμενός
1937 728 2122 787 φησιν’
2149 734 2168 769 ι
2198 715 2409 781 Οἴτινες
2444 714 2666 772 ἐλάϐετε
2718 719 2815 775 τὸν
2870 719 3035 792 νόμον
3070 722 3151 785 είς
3187 720 3449 791 διαταγὰς

199 816 470 887 ἀγγέλων,
498 814 594 870 καὶ⁹
623 814 724 867 οὐκ
754 808 1073 881 ἐφυλάξατε.
1112 826 1131 885 1
1651 833 1654 838 -

743 918 1136 976 ΚΕΦΑΛΑῙΟΝ
1174 920 1232 972 l'.

705 1014 841 1070 Ἀπὸ
869 1008 979 1082 τῆς
1015 1010 1277 1076 Ἐξόδου.

274 1131 296 1164 ι
334 1108 560 1183 Ἐξῆρεν
588 1105 644 1160 δὲ
670 1106 699 1159 6
721 1103 951 1175 ἄγγελος
977 1102 1071 1157 τοῦ
1095 1101 1229 1156 Θεοῦ
1251 1098 1280 1154 6
1302 1095 1771 1174 προπορευόμενος

198 1203 310 1258 τῶν
344 1200 478 1254 υἱῶν
521 1196 733 1270 Ἰσραὴλ
758 1237 773 1261 ,
810 1196 904 1250 καὶ
958 1192 1227 1267 ἐπορεύθη
1276 1194 1342 1246 ὲκ
1395 1191 1504 1247 τῶν
1546 1189 1768 1244 ὄπισθεν

199 1291 412 1347 αὐτῶν·
456 1288 647 1359 ἐξῆρεν
692 1286 746 1340 δὲ
798 1286 890 1340 καὶ
936 1287 965 1340 6
998 1283 1187 1348 στῦλος
1240 1283 1337 1354 τῆς
1391 1282 1618 1354 νεφέλης
1663 1280 1768 1351 πρὸ

199 1381 495 1455 προσώπου
545 1378 753 1433 αὐτῶν·
802 1377 893 1432 καὶ
939 1376 1206 1450 ἐπορεύθη
1251 1375 1346 1430 καὶ
1393 1375 1518 1447 ἔστη
1554 1377 1619 1428 ἐκ
1661 1373 1769 1427 τῶν

199 1475 374 1529 ὀπίσω
411 1472 612 1532 αὐτῶν,
655 1471 747 1525 καὶ
776 1469 1019 1541 εἰσῆλθεν
1068 1468 1172 1523 ἀνὰ
1203 1469 1364 1540 μέσον
1412 1467 1509 1538 τῆς
1559 1482 1770 1538 παρεμ-

198 1567 365 1636 ϐολῆς
396 1565 502 1620 τῶν
548 1564 860 1633 Αἰγυπτίων
910 1564 1003 1617 καὶ
1056 1560 1159 1615 ἀνὰ
1194 1561 1356 1632 μέσον
1404 1561 1502 1630 τῆς
1559 1574 1769 1629 παρεμ-

198 1656 365 1727 6ολῆς
393 1656 500 1710 τῶν
532 1654 664 1709 υίῶν
712 1653 943 1727 Ἰσραήλ.
973 1673 991 1704 1
1026 1648 1138 1706 Εἶτ’
1169 1653 1228 1706 ὲν
1270 1653 1380 1714 τοῖς
1413 1649 1539 1720 ἑξῆς
1571 1650 1605 1720 ὴ
1650 1647 1769 1701 θεία

2498 910 2727 967 CAPUT
2756 912 2840 973 Χ..

2499 1004 2576 1057 Ab
2618 1003 2824 1060 Exodo.

1950 1113 1970 1148 c
2007 1094 2227 1152 Tollens
2257 1112 2317 1153 se
2348 1098 2580 1168 angelus
2603 1097 2842 1168 Domini,
2873 1103 2966 1170 qui
2988 1108 3329 1174 praecedebat
3352 1126 3447 1168 ca-

1874 1198 1990 1245 stra
2034 1187 2224 1255 Israel,
2256 1190 2390 1245 abiit
2440 1200 2564 1261 post
2599 1206 2695 1247 eos
2724 1212 2738 1247 :
2785 1199 2840 1248 et
2868 1208 2992 1250 cum
3026 1212 3093 1253 eo
3118 1203 3325 1270 pariter
3349 1221 3445 1264 co-

1874 1284 2060 1338 lumna
2091 1284 2276 1351 nubis,
2307 1284 2492 1353 priora
2517 1284 2822 1352 dimittens,
2854 1296 2981 1358 post
3030 1298 3241 1363 tergum
3267 1299 3440 1361 stetit.

1874 1375 2019 1429 inter
2074 1381 2258 1430 castra
2315 1372 2696 1446 Egyptiorum
2758 1385 2812 1432 et
2863 1388 3045 1435 castra
3102 1382 3270 1440 Israel
3295 1386 3365 1442 ”.
3418 1406 3440 1441 1

1873 1463 2079 1520 Deinde
2105 1464 2161 1518 in
2182 1465 2250 1520 iis
2275 1480 2396 1535 quae
2425 1474 2730 1536 sequuntur
2757 1469 2942 1525 divina
2971 1472 3132 1529 docet
3159 1472 3445 1547 Scriptura

1874 1573 1995 1628 qua:
2021 1566 2168 1613 esset
2201 1558 2317 1613 haec
2349 1559 2546 1625 nubes,
2581 1562 2809 1618 dicens:
2851 1581 2871 1616 ι
2907 1562 2999 1619 Αἰι
3031 1574 3212 1622 autem
3257 1567 3446 1624 Domi-

1873 1667 1980 1706 nus
2009 1651 2078 1706 ad
2108 1650 2350 1723 Moysem
2387 1673 2401 1708 :
2428 1652 2548 1707 Iam
2574 1670 2725 1711 nunc
2749 1658 2967 1713 veniam
3008 1660 3077 1714 ad
3109 1669 3162 1715 te
3208 1662 3264 1716 in
3308 1664 3448 1718 cali-

196 1747 437 1803 διδάσκει
484 1745 672 1817 Γραφὴ
698 1785 713 1811 ,
742 1744 794 1799 τί
846 1760 975 1796 ποτε
1018 1738 1151 1813 ἦνή
1200 1740 1397 1811 νεφέλη
1449 1738 1758 1808 φάσκουσα·

1869 1743 1994 1813 gine
2014 1744 2199 1807 nubis.
2241 1752 2302 1799 ut
2333 1745 2521 1801 audiat
2553 1762 2640 1803 me
2663 1749 2900 1819 populus
2952 1751 3264 1821 loquentem
3294 1754 3361 1809 ad
3390 1763 3446 1809 te

202 1835 411 1892 «Εἶπεν
451 1838 509 1892 δὲ
555 1837 755 1909 Κύριος
778 1836 914 1908 πρὸς
957 1834 1228 1904 Μωῦσῆνο
1272 1831 1401 1886 ’I606
1445 1828 1558 1900 ἐγὼ
1593 1847 1769 1901 παρα-

196 1932 418 2002 γίνομαι
469 1929 602 2001 πρὸς
653 1931 711 1983 σὲ
746 1931 802 1981 ὲν
851 1928 916 1980 ὲκ
947 1924 1186 1997 (στύλῳ)
1220 1924 1319 1995 τῆς
1368 1922 1628 1993 νεφέλης,
1682 1922 1768 1974 ἵνα

195 2022 409 2096 ἀκούσῃ
434 2024 462 2075 6
503 2022 628 2085 λαὸς
660 2019 947 2083 λαλοῦντός
979 2037 1080 2091 μου
1120 2020 1256 2092 πρὸς
1312 2018 1393 2084 σὲ,
1432 2017 1525 2070 καί
1558 2033 1640 2069 σοι
1680 2033 1770 2068 πι-

200 2116 499 2170 στεύσωσιν
519 2133 531 2145 ·
561 2136 578 2167 1
610 2115 704 2168 καὶ
730 2112 891 2168 πάλιν
910 2127 924 2142 ·
956 2131 975 2163 ‹
1015 2114 1074 2166 '0
1102 2112 1157 2166 δὲ
1190 2112 1322 2176 Θεὸς
1354 2114 1540 2183 ἠγεῖτο
1586 2108 1767 2163 αὐτῶν

193 2208 407 2280 ἡμέρας
451 2210 509 2261 ὲν
540 2205 715 2278 στύλῳ
750 2205 1010 2276 νεφέλης,
1042 2203 1209 2271 δείξαι
1254 2205 1436 2267 αὐτοῖς
1480 2201 1580 2274 τὴν
1610 2201 1728 2255 ὁδόν
1751 2218 1764 2233 ·

193 2300 292 2371 τὴν
317 2299 378 2352 δὲ
408 2299 597 2364 νύκτα,
640 2298 698 2350 ὲν
728 2295 904 2367 στύλῳ
931 2296 1101 2370 πυρὸς
1124 2294 1219 2349 τοῦ
1252 2294 1461 2365 φαίνειν
1493 2296 1675 2358 αὐτοῖς
1697 2311 1709 2324 ·
1741 2313 1761 2346 1

194 2392 288 2444 καὶ
319 2386 496 2454 αὖθις·
525 2408 543 2439 ι
564 2391 674 2444 Καὶ
700 2389 906 2461 κατέϐη
932 2388 1136 2461 Κύριος
1170 2391 1227 2442 ὲν
1254 2386 1430 2459 στύλῳ
1462 2386 1708 2456 νεφέλης.
1742 2406 1761 2438 1

194 2482 407 2536 Οὐκοῦν
444 2483 532 2536 διὰ
567 2482 772 2537 τούτων
802 2481 988 2553 ἕτερος
1016 2476 1085 2552 ἦν
1114 2479 1302 2549 σαφῶς
1336 2479 1437 2550 τῆς
1478 2477 1706 2548 νεφέλης
1737 2479 1766 2530 6

194 2573 673 2647 προπορευόμενος
708 2572 819 2627 τῶν
857 2573 989 2626 υἱῶν
1043 2571 1254 2645 Ἰσραὴλ
1278 2569 1552 2640 ¹ἄγγελος,
1596 2571 1690 2624 καὶ
1731 2570 1765 2641 ἠ

191 2666 388 2737 νεφέλη
420 2666 477 2719 δὲ
504 2665 639 2737 ἄλλη
675 2666 772 2737 μέν
804 2683 888 2730 τις
919 2666 1213 2736 ἐτύγχανεν
1256 2665 1386 2735 παρ’
1415 2664 1576 2717 αὐτὸν
1601 2662 1767 2732 ἄγγε-

189 2754 303 2819 λον,
330 2754 426 2807 τοῦ
452 2754 509 2807 δὲ
544 2754 752 2825 Κυρίου
781 2754 944 2809 αὐτοῦ
976 2753 1284 2825 σωματικὸν
1319 2752 1508 2823 ὥσπερ
1535 2752 1766 2825 ὄργανον

187 2841 291 2916 ἦν’
324 2844 391 2898 δι’
424 2837 484 2898 οὗ
517 2844 579 2916 (ί.
605 2843 683 2911 9),
716 2844 814 2915 τὴν
841 2844 1001 2914 φύσιν
1028 2844 1103 2899 ὢν
1133 2845 1295 2909 αὐτὸς
1331 2844 1639 2915 ἀσώματος,
1672 2845 1766 2898 καὶ

191 2936 375 3006 πάσης
427 2937 683 2990 ἐπέκεινα
733 2936 998 3008 αἰσθητῆς
1044 2937 1138 2990 καὶ
1171 2937 1362 3008 ὑλικῆς
1410 2935 1630 3001 οὐσίας,
1697 2934 1764 2989 δι’

190 3027 458 3099 αἰσθητῆς
509 3028 690 3098 φωνῆς
726 3026 825 3098 τῆς
867 3026 1000 3090 ἰδίας
1022 3027 1175 3097 ἠξίου
1210 3025 1427 3098 ὁμιλίας
1467 3027 1565 3080 τὸν
1602 3025 1764 3097 θερά-

1870 1843 1925 1892 et
1963 1837 2149 1891 credat
2183 1838 2281 1893 tibi
2313 1838 2368 1892 in
2398 1847 2724 1910 perpetuum
2759 1842 2801 1896 ¹.
2832 1860 2851 1893 1
2888 1840 3203 1900 Etrursus:
3242 1869 3260 1897 ι
3296 1845 3444 1903 Deus

1870 1935 2053 1984 autem
2100 1930 2444 2001 praecedebat
2493 1945 2592 1987 eos
2631 1931 2700 1986 ad
2729 1932 3125 1990 ostendendam
3168 1938 3311 1992 viam
3344 1954 3445 2010 per

1868 2020 2014 2076 diem
2045 2022 2103 2076 in
2129 2022 2386 2078 columna
2409 2022 2596 2087 nubis,
2619 2031 2675 2078 et
2705 2038 2804 2094 per
2827 2033 3045 2082 noctem
3091 2027 3147 2082 in
3189 2030 3445 2086 columna

1869 2113 2013 2186 ignis
2041 2116 2085 2168 ³.
2127 2134 2148 2167 1
2196 2114 2377 2186 Atque
2421 2115 2559 2171 alias
2612 2135 2626 2170 :
2675 2135 2694 2169 ι
2749 2117 3045 2175 Descendit
3084 2116 3352 2176 Dominus
3386 2124 3445 2177 in

1866 2206 2122 2262 columna
2144 2206 2311 2262 nubis
2340 2207 2383 2261 ³.
2426 2228 2446 2260 1
2484 2206 2655 2277 Igitur
2690 2224 2757 2264 ex
2779 2210 2848 2265 iis
2875 2211 3018 2267 alius
3052 2220 3172 2267 erat
3208 2211 3443 2269 manife-

1867 2309 1949 2356 ste
1969 2299 2133 2354 nubis
2157 2300 2387 2369 angelus
2417 2301 2510 2371 qui
2558 2301 2900 2370 praecedebat
2942 2302 3084 2358 ﬁlios
3116 2303 3305 2365 Israel,
3336 2305 3442 2360 alia

1866 2403 1921 2450 et
1946 2394 2120 2449 nubes
2144 2393 2293 2447 circa
2314 2383 2441 2448 eum
2477 2394 2751 2464 angelum,
2782 2409 2904 2464 qua:
2935 2395 3096 2465 quasi
3145 2395 3320 2466 ipsius
3344 2394 3443 2450 Du-

1864 2486 1999 2542 mini
2042 2501 2368 2556 corporeum
2405 2495 2525 2541 erat
2561 2485 2968 2542 indumentum.
3014 2487 3133 2554 Qua
3191 2489 3438 2559 quidem,

1866 2593 1990 2633 cum
2019 2586 2216 2633 natura
2242 2578 2603 2649 incorporeus
2623 2586 2790 2643 esset,
2819 2579 3111 2651 omnisque
3136 2596 3333 2638 sensus
3356 2582 3442 2638 vel

1865 2667 2171 2723 materialis
2199 2668 2526 2724 substantiae
2552 2668 2835 2733 immunis,
2869 2684 2969 2740 per
2987 2670 3141 2725 vocis
3187 2670 3438 2726 auditum

1865 2759 2087 2830 propria
2139 2761 2558 2816 conversatione
2612 2775 2831 2817 servum
2892 2776 3051 2817 suum
3085 2762 3436 2833 dignabatur.

1866 2847 2041 2919 Hujus
2068 2849 2447 2920 dispositionis
2477 2852 2595 2921 ipse
2625 2850 2892 2907 Dominus
2915 2852 3185 2906 rationem
3203 2853 3440 2909 reddens

1866 2940 2036 3013 Moysi
2061 2941 2229 2997 dicit:
2256 2960 2275 2993 ‹
2312 2941 2384 2997 Ut
2404 2942 2593 2997 audiat
2617 2958 2704 2998 me
2727 2943 2963 3013 pupulus
3014 2943 3330 3012 loquentem
3369 2945 3439 2998 ad

1871 3039 1950 3096 te,
1978 3038 2033 3086 et
2047 3031 2236 3087 credat
2266 3031 2361 3086 tibi
2380 3032 2436 3086 in
2472 3034 2859 3102 perpetuum‘.
2891 3052 2911 3084 1
2947 3032 3053 3086 Sed
3069 3046 3193 3086 cum
3219 3034 3438 3103 populo,

188 3136 397 3173 ποντα·
454 3120 550 3172 καὶ
609 3119 708 3189 τῆς
752 3118 1009 3189 τοιαύτης
1061 3135 1120 3171 τε
1169 3118 1480 3189 οἰκονομίας
1527 3116 1691 3180 αὐτὸς
1733 3119 1758 3170 6

1866 3131 1925 3179 ut
1944 3124 2119 3197 magis
2149 3124 2443 3194 corporali,
2477 3125 2630 3181 vocis
2669 3123 2860 3179 auditu
2889 3132 3288 3190 conversatur;
3313 3139 3438 3179 cum

188 3213 395 3284 Κύριος
426 3211 517 3265 τὸν
547 3212 700 3280 λόγον
742 3210 1024 3274 ἀποδιδοὺς
1046 3210 1123 3281 τῷ
1153 3212 1376 3265 Μωῦσεί
1394 3226 1574 3283 φησιν’
1598 3229 1618 3262 ‹
1647 3211 1765 3264 Ἵνα

188 3304 403 3380 ἀκούσῃ
444 3306 473 3359 6
501 3305 627 3369 λαὸς
671 3304 955 3368 λαλοῦντός
992 3320 1093 3374 μου
1126 3302 1264 3375 πρὸς
1308 3305 1386 3369 σὲ,
1414 3303 1508 3357 καί
1553 3320 1635 3357 σοι
1669 3321 1762 3356 πι-

188 3395 524 3450 στεύσωσιν·
557 3416 576 3449 1
620 3395 736 3450 ἀλλ’
769 3396 860 3450 ἐπὶ
891 3396 989 3467 μὲν
1036 3395 1130 3450 τοῦ
1171 3395 1337 3461 λαοῦ,
1383 3390 1470 3449 οἷα
1520 3413 1763 3467 σωματι-

183 3486 432 3557 xum-5906
478 3487 854 3558 τυγχάνοντος,
899 3488 965 3541 δι’
1018 3485 1280 3558 αἰσθητῆς
1336 3485 1517 3556 φωνῆς
1563 3485 1759 3555 όμιλεῖ,

184 3580 284 3633 ἐπὶ
316 3580 374 3633 δὲ
403 3581 511 3643 ¹τῶν
542 3581 917 3652 πατριαρχῶν,
953 3581 1076 3635 οὐτε
1122 3580 1352 3651 νεφέλης
1395 3578 1519 3633 οὐτε
1567 3579 1759 3633 στύλου

182 3671 362 3744 πυρὸς
394 3671 686 3742 δεομένων,
723 3673 927 3744 ἕτερος.
958 3673 1205 3742 ἐγίγνετο
1248 3672 1347 3744 τῆς
1392 3687 1453 3725 τε
1496 3670 1760 3735 ὀπτασίας

180 3764 282 3818 καὶ
313 3764 411 3834 τῆς
450 3763 586 3835 πρὸς
622 3764 818 3826 αὐτοὺς
863 3763 1129 3833 ὁμιλίαςὸ
1168 3763 1385 3834 τρόπος.
1415 3762 1524 3815 Καὶ
1564 3762 1648 3815 ὅτι
1695 3779 1759 3830 γε

178 3855 289 3909 οὐκ
333 3850 402 3926 ἦν
439 3854 701 3925 ἀγγελική
745 3870 829 3918 τις
881 3853 1106 3924 δύναμις
1158 3856 1192 3926 ἡ
1251 3853 1339 3907 διὰ
1389 3856 1487 3925 τῆς
1533 3853 1762 3925 νεφέλης

177 3944 620 4020 χρηματίζουσα,
650 3945 764 4001 ἀλλ’
792 3946 955 4008 αὐτὸς
985 3947 1013 3998 6
1039 3945 1191 4010 Θεὸς,
1220 3946 1357 4018 πρὸς
1385 3948 1495 4010 τοῖς
1519 3963 1761 4017 προαπο-

174 4039 547 4110 δεδειγμένοις
600 4037 853 4110 δηλοῦται
897 4039 991 4093 καὶ
1040 4037 1128 4092 διὰ
1170 4039 1267 4110 τῆς
1317 4037 1490 4102 οὕτως
1529 4039 1759 4111 ἐχούσης

175 4133 433 4205 Γραφῆςο
465 4151 483 4182 ι
505 4129 670 4192 Εἶπεν
700 4129 973 4202 δὲΚύριος
1004 4129 1139 4202 πρὸς
1157 4130 1414 4201 Μωῦσῆν·
1447 4130 1637 4195 Βάδιζε
1665 4132 1759 4183 καὶ

173 4226 452 4296 ὁδήγησον
479 4222 570 4275 τὸν
601 4221 727 4275 λαὸν
770 4223 848 4285 είς
876 4221 966 4274 τὸν
998 4220 1162 4273 τόπον
1183 4221 1242 4272 ὃν
1271 4220 1469 4291 εἴρηκά
1498 4236 1609 4273 σοι·
1650 4219 1758 4273 I606

172 4320 205 4371 6
238 4314 470 4384 ἄγγελός
502 4331 601 4385 μου
654 4311 1085 4385 προπορεύσεται
1119 4311 1228 4383 πρὸ
1256 4309 1548 4382 προσώπου
1584 4327 1699 4366 σου.
1733 4330 1753 4362 1

173 4409 294 4463 Καὶ
320 4407 515 4461 πάλιν·
554 4426 570 4457 ι
608 4406 716 4460 Καὶ
742 4402 864 4460 εἷπε
898 4405 1102 4478 Κύριος
1146 4405 1285 4476 πρὸς
1321 4404 1597 4475 Μωῦσῆν⁸
1650 4405 1757 4457 Πο-

174 4498 345 4572 ρεύου
373 4497 467 4550 καὶ
515 4495 743 4568 ἀνάϐηθι
775 4472 1043 4559 ἐντεῦθεν,
1073 4495 1137 4549 σύ
1166 4472 1261 4550 καὶ
1286 4498 1315 4549 ό
1340 4495 1485 4561 λαὸς,
1564 4496 1658 4549 καὶ
1685 4495 1755 4549 τὰ
1788 4472 1831 4527 D

171 4591 337 4660 ὲξῆς’
373 4589 468 4642 καὶ
504 4587 880 4641 συναποστελῶ
903 4587 1013 4666 πρὸ
1041 4585 1331 4656 προσώπου
1360 4604 1453 4639 σου
1476 4588 1567 4641 τὸν
1591 4587 1757 4663 ἄχγε-

169 4684 272 4736 λόν
314 4699 437 4752 μου.
488 4679 671 4734 Ταῦτα
716 4678 823 4751 γὰρ
870 4678 1085 4749 ἀγγέλῳ
1124 4678 1224 4748 μὲν
1271 4678 1521 4749 οὐδαμῶς
1576 4678 1755 4748 λέγειν

170 4773 464 4844 ἁρμόττει,
488 4770 607 4841 Θεῷ
630 4771 685 4825 δὲ
719 4771 883 4842 μόνῳ,
919 4770 1014 4824 atati.
1050 4770 1128 4841 τῷ
1160 4769 1280 4823 καθ’
1306 4769 1433 4841 ὃλην
1465 4768 1563 4841 τὴν
1616 4771 1756 4824 i010-

172 4866 305 4939 ρίαν
345 4862 431 4916 διὰ
459 4862 551 4916 τοῦ
583 4862 1010 4934 τετραγράμμου
1043 4861 1355 4932 δηλουμένῳ
1380 4861 1593 4932 Κυρίῳ.
1621 4861 1750 4933 'Ap’

170 4953 275 5013 οῦν
295 4959 324 5011 ό
356 4956 464 5010 τῶν
493 4955 630 5009 ὅλων
679 4953 907 5027 ποιητὴς
948 4954 1042 5007 κα)⁵
1070 4954 1201 5016 Θεὸς
1232 4953 1342 5007 τῶν
1389 4953 1643 5007 ἁπάντων
1672 4956 1751 5018 είς

168 5048 432 5104 τοσοῦτον
465 5048 675 5120 κατῄει,
706 5045 781 5109 ώς
822 5045 914 5097 ἐπὶ
953 5043 1263 5115 σωματικοῦ
1289 5044 1448 5115 ὅρους
1486 5043 1748 5115 ὀχεῖσθαι,

169 5143 275 5201 καὶ
307 5138 659 5207 παιδαγωγοῦ
701 5137 856 5208 δίκην
891 5137 1238 5208 συμϐαδίζειν
1276 5136 1583 5208 ἀνθρώποις
1607 5140 1636 5191 6
1658 5138 1751 5191 16v

167 5232 406 5306 οὐρανὸν
462 5231 555 5284 καὶ
598 5229 696 5302 τὴν
727 5229 833 5300 γῆν
889 5228 1145 5300 πληρῶν;
1190 5230 1223 5300 ἢ
1273 5228 1429 5283 τοῦτο
1482 5232 1581 5301 μὲν
1627 5229 1749 5284 οὔτε

168 5325 420 5390 δυνατὸν,
453 5322 564 5377 οὐθ’
599 5324 743 5376 ὅσιον
770 5324 989 5383 ἐννοεῖν,
1016 5322 1399 5394 εὐσεϐέστερον
1421 5322 1476 5375 δὲ
1504 5322 1618 5393 ἅμα
1655 5323 1750 5376 καὶ

165 5419 400 5473 δυνατὸν
427 5417 519 5471 τὸν
541 5417 681 5469 θεῖον
708 5414 1109 5485 ὑπολαμϐάνειν
1136 5415 1326 5483 Λόγον,
1352 5416 1596 5469 διάκονον
1620 5415 1748 5470 ὄντα

166 5512 268 5567 τοῦ
287 5510 560 5582 πατρικοῦ
575 5511 734 5583 βουλή
745 5527 932 5582 ματος,
949 5508 1176 5564 ἐπείπερ
1193 5507 1358 5561 αὐτοῦ
1374 5509 1580 5579 Κυρίου
1595 5508 1748 5572 δντος

242 5691 294 5722 ’⁵
332 5690 452 5745 Act.
489 5707 592 5752 vn,
628 5694 715 5745 5'1.
792 5692 835 5721 9”
879 5689 1045 5743 Exod.
1080 5706 1190 5747 xw,
1232 5688 1316 5748 I9.
1364 5688 1453 5742 20.

1864 3217 2217 3289 patriarcbis,
2245 3217 2447 3288 quibus
2467 3232 2646 3286 neque
2666 3216 2811 3271 nube
2839 3232 3018 3287 neque
3047 3215 3192 3287 ignis
3221 3216 3440 3270 colum-

1863 3322 1936 3362 na
1964 3320 2105 3377 opus
2129 3313 2270 3371 erat,
2293 3308 2434 3362 alius
2471 3306 2632 3362 ﬁebat
2661 3306 2891 3362 visionis
2917 3316 2969 3361 et
2994 3307 3441 3361 conversationis

1862 3396 2079 3451 modus.
2119 3394 2276 3461 Quod
2317 3411 2446 3451 vero
2475 3409 2585 3450 non
2625 3396 2866 3466 angelica
2912 3395 3161 3465 quaedam
3194 3402 3439 3466 potestas

1863 3505 1982 3560 qua:
2006 3505 2102 3559 per
2122 3490 2321 3544 nubem
2348 3489 2819 3554 manifestabatur,
2844 3488 2938 3544 sed
2966 3488 3079 3557 ipse
3103 3488 3269 3551 Deus,
3296 3504 3437 3560 pra:-

1863 3588 1949 3635 ter
1972 3596 2036 3636 ea
2070 3596 2191 3651 quae
2214 3580 2328 3651 jam
2350 3580 2734 3653 demonstrata
2764 3587 2893 3635 sunt
2919 3579 3023 3634 hoc
3054 3580 3219 3634 etiam
3250 3591 3438 3637 osten-

1863 3675 2013 3730 ditur
2042 3673 2343 3745 Scripturae
2382 3674 2503 3729 loco
2534 3693 2545 3727 :
2584 3690 2600 3724 t
2646 3671 2793 3726 Dixit
2826 3682 3009 3726 autem
3058 3670 3325 3728 Dominus
3364 3674 3432 3727 ad

1863 3762 2099 3835 Moysem
2136 3782 2149 3819 :
2182 3761 2333 3818 Vade
2357 3769 2412 3818 et
2443 3761 2551 3817 duc
2581 3761 2841 3832 populum
2867 3761 3033 3816 istum
3066 3774 3176 3830 quo
3204 3761 3426 3817 locutus

1852 3850 1983 3912 sum
2015 3855 2113 3909 tibi
2141 3854 2184 3910 '.
2227 3853 2367 3909 Ecce
2395 3854 2620 3924 angelus
2651 3867 2806 3908 meus
2858 3850 3127 3922 praecedet
3183 3860 3255 3907 te.
3300 3870 3321 3904 1
3365 3850 3435 3906 Et

1844 3952 2056 4004 ‘rursus
2088 3965 2101 4002 :
2133 3965 2153 3998 ι
2210 3944 2278 4000 Ει
2328 3945 2466 4000 dixit
2520 3944 2782 4001 Dominus
2836 3944 2903 3998 ad
2950 3941 3186 4015 Moysem
3220 3941 3433 4005 :Vade,

1863 4039 2094 4096 ascende
2142 4039 2211 4093 de
2252 4038 2375 4093 loco
2419 4039 2528 4093 isto
2580 4044 2660 4102 tu,
2707 4048 2761 4091 et
2797 4036 3031 4107 populus
3065 4043 3194 4090 tuus
3223 4035 3264 4100 ‘,
3321 4054 3340 4088 1
3380 4043 3436 4090 et

1861 4141 2087 4199 caetera;
2109 4151 2127 4184 ‹
2155 4140 2212 4187 et
2223 4131 2433 4185 mittam
2454 4145 2846 4202 praecursorem
2870 4129 2947 4183 tui
2972 4128 3243 4200 angelum.
3266 4147 3286 4181 1
3307 4126 3435 4183 Haec

1861 4225 2008 4280 enim
2033 4224 2285 4293 angelum
2318 4235 2662 4297 nequaquam
2692 4220 2875 4277 dicere
2895 4220 3070 4285 decet,
3100 4219 3270 4276 Deum
3293 4236 3425 4277 vero

1844 4316 2060 4378 solum,
2092 4313 2492 4385 Dominumque
2518 4315 2611 4385 qui
2658 4314 2713 4368 in
2747 4321 2862 4368 tota
2910 4312 3231 4368 narratione
3259 4319 3433 4367 tetra-

1861 4413 2170 4478 grammato
2198 4406 2538 4476 designatur.
2566 4403 2844 4474 Numquid
2866 4404 3035 4474 igitur
3048 4403 3432 4458 universarum

1860 4514 2041 4555 rerum
2073 4505 2286 4562 auctor,
2311 4496 2565 4566 Deusque
2595 4495 2839 4550 omnium
2872 4495 2940 4549 ad
2969 4493 3024 4548 id
3054 4492 3339 4550 descendit
3371 4500 3433 4546 ut

1861 4607 2028 4662 super
2081 4588 2419 4645 materialem
2470 4586 2683 4642 veniret
2730 4593 3003 4651 montem,
3051 4594 3105 4641 et
3151 4585 3431 4656 paedagogi

1860 4685 2040 4740 instar
2093 4699 2218 4738 cum
2272 4681 2589 4737 hominibus
2624 4680 2954 4747 ambularet,
2984 4678 3078 4749 qui
3128 4679 3327 4733 coelum
3374 4686 3432 4733 et

1858 4787 2060 4835 terram
2094 4775 2319 4846 implet?
2344 4773 2537 4829 Nonne
2565 4773 2699 4828 illud
2751 4786 2932 4843 neque
2978 4770 3296 4835 verisimile,
3328 4786 3428 4826 ne-

1857 4887 1963 4941 que
1993 4876 2246 4926 sanctum
2277 4866 2613 4932 existimare,
2646 4865 2956 4936 religiosius
2993 4878 3126 4920 vero
3151 4871 3208 4918 et
3240 4865 3430 4934 proba-

1856 4961 2024 5017 bilius
2079 4959 2324 5029 cogitare
2373 4957 2647 5027 expletum
2680 4956 2783 5011 hoc
2812 4971 3016 5012 munus
3051 4970 3080 5008 a
3131 4952 3312 5010 Verbo
3343 4954 3429 5009 di-

1835 5052 2028 5115 vino,
2088 5056 2326 5119 paterna:
2382 5047 2680 5104 voluntatis
2741 5048 3036 5110 ministro,
3088 5045 3427 5116 Dominoque
3512 5043 3521 5052 ⁸

1857 5143 1998 5213 ipso,
2032 5143 2125 5209 qui
2157 5148 2211 5197 et
2244 5160 2263 5193 ε
2304 5140 2484 5195 factus
2511 5148 2597 5195 est
2624 5154 2752 5210 pars
2783 5138 2974 5201 Jacob,
3005 5138 3282 5218 funiculus
3306 5138 3418 5194 ba:-

1858 5234 2107 5290 reditatis
2151 5234 2273 5304 ejus
2306 5232 2557 5297 Israel";
2619 5251 2636 5284 1
2691 5232 2860 5297 hunc,
2908 5232 3149 5302 inquam,
3203 5244 3265 5285 ea
3322 5244 3424 5301 pro

1856 5337 2011 5397 parte
2044 5334 2205 5395 atque
2229 5325 2542 5382 haereditate
2569 5324 2898 5393 suscepisse,
2932 5332 2984 5378 ct
3017 5340 3078 5379 se
3112 5324 3292 5393 ipsum
3321 5338 3421 5378 ex-

1855 5418 2209 5480 inanientem,
2228 5402 2791 5483 consubstantialique
2819 5412 3194 5484 magnitudine
3226 5419 3413 5475 exuta,

1856 5509 2134 5565 hominum
2183 5510 2365 5575 saluti,
2415 5507 2580 5563 etiam
2609 5516 2737 5563 ante
2766 5507 3194 5563 incarnationem
3227 5512 3425 5561 contu-

1534 5689 1561 5759 ‘7
1593 5689 1758 5742 Exod.
1802 5704 1924 5751 xix,
1966 5689 2017 5742 9.
2098 5692 2117 5722 ⁸
2158 5689 2325 5746 Exod.
2369 5706 2488 5755 xm,
2522 5690 2612 5745 2i.
2688 5690 2708 5720 ³
2747 5688 2918 5746 Exod.
2956 5688 3145 5759 311,9.
3220 5686 3243 5720 ⁸
3277 5685 3414 5743 ibid.

178 5760 203 5793 '
245 5761 419 5817 Exod.
458 5778 645 5828 xxx”,
680 5762 767 5815 54.
846 5761 864 5791 ⁶
904 5759 1072 5815 Exod.
1115 5775 1321 5821 xxxiii,
1359 5760 1408 5812 l.
1468 5759 1505 5815 ,⁷
1548 5758 1702 5816 Deut.
1745 5775 1923 5825 .x-xxu,
1958 5762 1990 5815 9
