3868 6264
520 335 542 388 1
553 333 657 390 055

1254 327 1520 383 EUSEBH
1558 325 2035 382 CIESARIENSIS
2072 324 2220 382 OPP.
2264 323 2443 379 PARS
2481 323 3056 379 [IL—EXEGETICA.

3567 329 3669 386 1056

519 445 728 503 luisse?
753 443 910 512 Quod
939 445 986 498 si
1029 443 1317 514 diligenter
1340 443 1804 514 perspiceremus,
1843 443 2078 498 invenie-

2191 460 2207 492 ι
2240 441 2473 512 ἐγενήθη
2503 440 2659 512 μερὶς
2699 438 2892 492 Ἰακὼό
2934 440 3028 492 καί⁵
3060 438 3345 515 σχοίνισμα
3389 437 3672 512 κληρονομίας

518 558 642 596 mus
674 554 798 595 eum
825 535 1102 592 interdum
1127 536 1349 606 propria
1375 536 1545 590 forma
1579 543 1848 606 praecepta
1875 534 2085 590 denun-

517 635 766 694 tiantem,
793 630 936 685 sicut
965 644 1088 684 cum
1121 628 1258 683 dixit
1287 646 1303 684 :
1330 647 1349 680 ι
1388 628 1506 684 Νοη
1539 629 1832 699 apparebis
1861 629 1919 684 in
1951 643 2084 683 con-

517 727 708 788 spectu
737 732 858 773 meo
901 733 1105 774 vacuus
1138 719 1181 773 °.
1216 717 1400 774 Altare
1430 719 1498 774 de
1527 726 1674 774 terra
1709 718 1924 775 facietis
1949 719 2081 773 mihi

515 821 572 867 et
596 809 834 866 atl‘eretis
859 826 1024 880 super
1055 825 1121 865 eo
1151 810 1540 865 holocausta...
1575 809 1804 866 Veniam
1836 811 1902 866 ad
1945 817 2001 866 te
2029 820 2084 866 et

520 903 844 960 benedicam
902 904 1001 957 tibi
1033 905 1091 967 ’ς
1143 923 1160 953 ι
1221 903 1491 958 interdum
1547 904 1702 974 quasi
1737 903 1804 958 de
1837 904 1946 957 alio
1979 903 2085 959 Do-

512 997 685 1060 mino,
721 994 828 1050 Deo
849 996 1059 1050 scilicet
1087 1003 1141 1048 et
1169 993 1332 1049 Patre
1355 997 1494 1064 ejus,
1523 995 1905 1062 disserentem,
1941 996 2086 1051 sicut

513 1087 568 1142 in
594 1086 862 1157 Decalogo
912 1103 1036 1141 cum
1082 1087 1198 1141 ait:
1237 1105 1255 1137 ι
1307 1086 1424 1140 Non
1461 1102 1708 1144 assumes
1741 1102 1941 1142 nomen
1976 1087 2086 1142 Do-

513 1178 650 1233 mini
681 1178 774 1236 Dei
806 1179 887 1234 tui
924 1180 978 1234 in
1005 1195 1240 1246 vanum;
1288 1180 1522 1250 septimo
1553 1180 1640 1234 die
1667 1179 1956 1235 sabbatum
1992 1180 2084 1234 Dei

513 1271 591 1324 tui
618 1277 721 1325 est.
771 1269 879 1326 Sex
909 1271 1053 1326 enim
1085 1271 1278 1326 diebus
1329 1269 1455 1324 fecit
1497 1269 1760 1325 Dominus
1787 1270 1989 1325 cmlum
2027 1277 2082 1324 et

512 1372 740 1424 terram,
775 1370 828 1418 et
857 1378 1028 1427 mare,
1059 1371 1112 1419 et
1140 1365 1324 1418 omnia
1346 1377 1466 1433 qua:
1495 1363 1552 1416 in
1577 1362 1659 1418 eis
1697 1369 1860 1429 sunt;
1905 1368 1962 1416 et
1991 1361 2086 1416 be-

514 1455 726 1510 nedixit
766 1454 1029 1511 Dominus
1081 1455 1187 1511 diei
1251 1454 1569 1510 Sabbati“.
1632 1473 1651 1505 ι
1713 1453 1781 1508 Ει
1839 1468 2082 1508 rursus:

519 1564 540 1597 ι
595 1545 813 1600 Honora
857 1555 1065 1616 patrem
1112 1555 1266 1601 tuum
1320 1554 1376 1602 et
1424 1553 1658 1602 matrem
1688 1553 1862 1611 tuam,
1897 1552 1957 1599 ut
1988 1545 2087 1600 tibi

512 1636 653 1691 bene
685 1637 757 1691 sit
783 1647 838 1692 et
871 1637 949 1692 sis
976 1637 1252 1707 longaevus
1287 1653 1454 1708 super
1476 1645 1683 1692 terram
1703 1653 1869 1707 quam
1902 1636 2086 1691 Domi-

513 1742 621 1782 nus
651 1727 796 1782 Deus
827 1736 955 1784 tuus
983 1729 1138 1783 dabit
1173 1728 1271 1783 tibi
1305 1729 1371 1783 “.
1415 1747 1434 1780 ›
1469 1727 1596 1782 Haec
1640 1727 1787 1782 enim
1828 1743 1938 1782 non
1989 1741 2088 1796 per

2192 531 2357 586 αὐτοῦ
2399 531 2633 604 Ἰσραὴλ,
2663 552 2682 584 ι
2714 525 2802 584 οἷα
2841 531 2980 604 ὑπὲρ
3017 531 3228 602 μερίδος
3274 530 3362 583 καὶ
3390 530 3671 603 κληρονομίας

2192 624 2528 699 φροντίζειν,
2579 623 2841 678 κενοῦντα
2875 640 2933 676 τε
2964 621 3150 676 ἑαυτὸν
3199 621 3294 674 καὶ
3336 619 3422 673 τοῦ
3465 627 3675 692 συμφυοῦς

2195 719 2455 793 μεγέθους
2481 717 2844 790 σμικρύνοντα
2866 719 2930 787 τῇ
2957 715 3065 769 τῶν
3094 713 3388 786 ἀνθρώπων
3409 716 3487 766 καὶ
3505 716 3587 786 πρὸ
3608 719 3677 788 τῆς

2193 813 2653 885 ὲνανθρωπὴσεως
2696 806 3199 881 συμπεριφέρεσθαι
3225 806 3477 877 σωτηρίᾳ;
3501 806 3552 859 Εί
3589 807 3677 874 γοῦν

2191 905 2546 976 εὐγνωμόνως
2571 905 2984 973 ὲπιστὴσαιμεν,
3017 899 3272 971 εὕροιμεν
3309 896 3456 950 αὐτὸν
3485 901 3588 952 ποτὲ
3610 901 3674 969 μὲν

2191 1001 2270 1062 εἰς
2300 997 2430 1051 ἴδιον
2463 995 2751 1068 πρόσωπον
2797 991 3134 1063 ἀναφέροντα
3164 989 3263 1052 τὰς
3314 988 3678 1059 παρακελεύσεις,

2190 1089 2265 1152 ὡς
2319 1089 2443 1141 ὅταν
2493 1087 2646 1158 λέγῃο
2682 1105 2699 1136 ‹
2738 1087 2851 1139 Οὐκ
2888 1083 3102 1156 ὀφθήσῃ
3146 1080 3371 1134 ἐνώπιόν
3419 1098 3505 1150 μου

2192 1179 2286 1233 καὶ
2319 1177 2700 1247 θυσιαστήριον
2753 1177 2817 1228 ὲκ
2869 1177 2970 1246 γῆς
3014 1170 3298 1244 ποιήσεταί
3349 1187 3458 1240 μοι⁸
3507 1172 3582 1223 καὶ
3603 1171 3681 1241 ἧξω

2193 1269 2328 1339 πρὸς
2359 1268 2418 1321 σὲ
2457 1267 2552 1322 καὶ
2580 1267 2857 1337 εὐλογήσω
2891 1281 2947 1317 σε
2967 1282 2979 1294 ·
3020 1283 3039 1316 ι
3077 1263 3208 1316 ποτὲ
3236 1263 3292 1315 δὲ
3319 1261 3389 1326 ὠς
3414 1263 3526 1333 περὶ
3548 1263 3682 1333 ἑτέρον

2191 1361 2397 1432 Κυρίου
2420 1398 2433 1422 ,
2479 1357 2574 1412 τοῦ
2615 1357 2749 1410 Θεοῦ
2775 1356 2974 1428 δηλαδὴ
3006 1356 3101 1410 καὶ
3131 1354 3342 1426 Πατρὺς
3370 1353 3534 1417 αὑτοῦ,
3561 1354 3684 1407 διαλε-

2191 1452 2440 1523 γόμενον,
2469 1451 2545 1514 ὡς
2573 1450 2665 1502 ἐπὶ
2695 1449 2798 1519 τῆς
2854 1448 3151 1516 Δεκαλόγου
3193 1448 3320 1500 ὅταν
3369 1445 3554 1517 φάσκῃ·
3595 1448 3684 1500 «03

2192 1542 2334 1615 λήψῃ
2376 1542 2438 1595 τὸ
2489 1541 2658 1612 ὄνομα
2687 1539 2892 1611 Κυρίου
2940 1538 3035 1592 τοῦ
3083 1536 3218 1591 Θεοῦ
3252 1553 3343 1589 σου
3392 1537 3476 1589 ἐπὶ
3504 1538 3684 1606 ματαίῳ·

2192 1638 2287 1690 καὶ
2307 1638 2373 1708 τῇ
2396 1634 2578 1707 ἡμέρᾳ
2603 1637 2668 1706 τῇ
2694 1633 2894 1703 ἐϐδόμῃ
2924 1631 3168 1685 σάϐϐατα
3195 1630 3383 1702 Κυρίῳ
3401 1629 3472 1700 τῷ
3487 1628 3583 1699 Θεῷ
3599 1646 3685 1681 σου·

2194 1729 2286 1785 καὶ
2310 1729 2418 1802 γὰρ
2436 1731 2491 1782 ὲν
2505 1728 2562 1795 ἓξ
2586 1728 2819 1800 ἡμέραις
2845 1725 3097 1798 εποίησεν
3117 1724 3321 1799 Κύριος
3347 1723 3430 1778 τόν
3451 1742 3503 1778 τε
3525 1726 3688 1796 οὐρανὸν

512 1818 787 1887 angelum,
815 1818 910 1873 sed
945 1819 1060 1888 ipse
1094 1835 1191 1889 per
1240 1819 1481 1890 seipsum
1516 1817 1780 1874 Dominus
1832 1817 2078 1889 profecto

2190 1822 2276 1875 καὶ
2315 1819 2413 1891 τὴν
2437 1821 2562 1891 γῆν·
2607 1820 2700 1872 καὶ
2729 1817 2992 1888 εὐλόγησε
3029 1815 3233 1886 Κύριος
3283 1815 3380 1886 τὴν
3419 1816 3594 1886 ἡμέραν
3625 1815 3690 1884 τὴν

511 1911 568 1966 in
604 1911 872 1984 Decalogo
893 1913 1057 1978 dixit;
1094 1927 1276 1968 nonne
1304 1913 1450 1968 enim
1479 1912 1788 1968 evidentius
1835 1917 1919 1968 est
1949 1927 2075 1967 eum

511 2006 587 2060 ita
615 2005 872 2074 populum
903 2020 1063 2060 suum
1082 2003 1149 2060 de
1184 2006 1383 2076 pietate
1417 2019 1549 2077 erga
1588 2004 1916 2060 altissimum
1981 2001 2085 2057 Pa-

511 2105 653 2154 trem
680 2099 875 2167 ipsius,
906 2098 1187 2171 Deumque
1217 2100 1460 2155 omnium
1485 2098 1810 2156 edocuisse?

2191 1913 2452 1984 ὲὸδόμην·
2492 1932 2510 1964 ι
2545 1912 2639 1966 καὶ
2679 1906 2863 1974 αὖθις
2911 1928 2931 1961 ι
2967 1909 3116 1980 Τίμα
3163 1908 3253 1962 τὸν
3294 1909 3494 1978 πατέρα
3533 1924 3606 1960 σου
3628 1908 3692 1960 xu".

2188 2005 2290 2077 τὴν
2324 2004 2536 2076 μητέρα
2563 2021 2678 2069 σου,
2711 2003 2798 2056 ἵνα
2825 1993 2883 2055 εὖ
2916 2018 2997 2054 σοι
3025 2000 3276 2071 γένηται,
3307 1999 3403 2052 καὶ
3434 1998 3522 2071 ἔσῃ
3545 2013 3690 2068 μακρο-

2195 2097 2408 2170 χρόνιος
2441 2097 2535 2150 ὲπὶ
2561 2098 2658 2166 τῆς
2683 2095 2804 2166 γῆς,
2843 2089 2913 2164 ἦς
2945 2092 3148 2165 Κύριος
3181 2094 3209 2145 6
3255 2091 3388 2155 Θεός
3412 2109 3495 2144 σου
3538 2089 3691 2143 δίδωσίν

2200 2201 2300 2238 σοι.
2327 2205 2342 2236 ο
2366 2184 2550 2237 Ταῦτα
2577 2183 2683 2255 γὰρ
2706 2183 2766 2236 οὐ
2795 2182 2861 2236 δι’
2888 2182 3143 2251 ἀγγέλου,
3171 2181 3285 2234 ἀλλ’
3307 2181 3464 2244 αὐτὸς
3484 2179 3538 2232 δι’
3555 2177 3694 2232 ἑαυτοῦ

510 2281 540 2333 6
569 2280 772 2351 Κύριος
794 2282 1237 2353 πεπιστευμένως
1260 2283 1319 2336 ὲν
1337 2284 1448 2345 τοῖς
1472 2281 1786 2350 δεκαλόγοις
1812 2280 2090 2352 εἰρηκέναι
2129 2277 2246 2343 πῶς
2311 2279 2411 2332 οὐκ
2440 2278 2508 2333 ἂν
2531 2278 2742 2347 γένοιτο
2771 2275 3058 2349 πρόδηλος,
3093 2273 3365 2330 παιδεύων
3425 2273 3508 2327 τὸν
3533 2272 3631 2326 λαὸν
3649 2271 3695 2324 τὰ

511 2370 642 2441 περὶ
674 2371 774 2442 τῆς
815 2374 893 2436 είς
920 2373 1012 2426 τὸν
1037 2373 1298 2427 ἀνωτάτω
1336 2373 1554 2446 Πατέρα
1591 2372 1785 2427 ἑαυτοῦ
1829 2372 1924 2426 καὶ
1967 2370 2098 2424 Θεὸν
2133 2369 2240 2424 τῶν
2270 2370 2405 2424 ὅλων
2430 2371 2750 2436 εὐσεϐείαςς

1107 2467 1339 2524 CAPUT
1394 2467 1486 2524 XI.

587 2573 609 2607 ‹
646 2554 785 2611 Ecce
826 2570 926 2627 ego
964 2557 1177 2611 mittam
1215 2559 1467 2628 angelum
1499 2573 1702 2623 meum,
1731 2557 1830 2629 qui
1879 2571 2085 2628 praece-

2704 2467 3102 2520 ΚΕΦΑΛΑΙΟΝ
3139 2465 3242 2520 IA'.

2261 2579 2279 2613 ι
2316 2560 2446 2614 ’ἰδοὺ
2477 2558 2588 2628 ἐγὼ
2615 2558 2927 2614 ἀποστέλλω
2955 2559 3046 2613 τὸν
3078 2557 3310 2628 ἄγγελόν
3333 2575 3428 2631 μου
3457 2557 3550 2628 πρὸ
3576 2572 3694 2628 προσ-

511 2649 606 2704 dat
662 2656 738 2712 te,
787 2655 842 2703 et
891 2649 1168 2705 custodiat
1226 2649 1284 2704 in
1317 2649 1427 2715 via,
1479 2657 1534 2705 et
1578 2648 1894 2705 introducat
1923 2649 1977 2704 in
2006 2648 2084 2702 lo-

2190 2652 2336 2706 ώπου
2370 2669 2487 2717 σου,
2522 2651 2608 2706 ἵνα
2641 2651 2849 2724 φυλάξῃ
2890 2669 2951 2704 σε
2989 2651 3048 2705 ὲν
3080 2653 3147 2723 τῇ
3176 2649 3306 2719 ὁδῷ,
3333 2652 3473 2715 ὅπως
3496 2648 3695 2717 εἰσαγάγῃ

510 2753 637 2793 cum
675 2753 836 2808 quem
885 2740 1093 2808 paravi.
1129 2737 1376 2795 Observa
1423 2754 1548 2794 eum
1594 2749 1650 2796 et
1696 2740 1826 2795 audi
1887 2755 2078 2796 vocem

2191 2763 2251 2800 σε
2282 2747 2361 2810 είς
2393 2745 2490 2818 τὴν
2517 2745 2646 2816 γῆν,
2675 2745 2740 2816 ἢν
2766 2743 3039 2816 ἡτοίμασά
3071 2761 3172 2797 σοι.
3203 2740 3445 2815 Πρόσεχε
3487 2741 3609 2811 αὐτῷ
3635 2740 3697 2793 καὶ

511 2830 656 2897 ejus,
689 2845 790 2886 nec
841 2831 1303 2887 contemnendum
1335 2839 1491 2902 putes
1524 2852 1538 2887 :
1573 2832 1703 2902 quia
1750 2849 1860 2888 non
1903 2833 2084 2888 dimit-

2196 2839 2448 2892 είσὰκουε
2474 2837 2660 2904 αὑτοῦ,
2695 2835 2768 2909 μὴ
2795 2836 3007 2892 ἀπείθει
3035 2837 3094 2891 ὲν
3121 2835 3294 2906 αὐτῷ,
3326 2834 3384 2888 οὐ
3407 2835 3507 2908 γὰρ
3532 2832 3593 2904 μὴ
3610 2833 3698 2886 ὑπο-

513 2929 594 2977 tet
626 2936 750 2976 cum
779 2922 1116 2992 peccaveris,
1149 2928 1205 2975 et
1230 2928 1313 2976 est
1333 2936 1534 2976 nomen
1556 2935 1738 2976 meum
1770 2922 1826 2975 in
1851 2921 1944 2974 illo
1965 2922 2030 2973 η.
2062 2939 2083 2972 ι

2197 2927 2468 3000 στείληταί
2503 2944 2563 2980 σε
2584 2941 2599 2957 ⁶
2634 2926 2696 2980 τὸ
2728 2925 2837 2997 γὰρ
2867 2925 3039 2997 ὄνομα
3085 2942 3186 2997 μου
3229 2925 3380 2979 ἐστὶν
3426 2924 3506 2977 ἐπ’
3528 2920 3655 2992 αὐτῷ.
3682 2939 3694 2969 ι

515 3011 643 3068 Haec
678 3029 805 3068 cum
837 3014 962 3070 aliis
992 3014 1281 3084 praeceptis
1326 3013 1590 3068 Dominus
1638 3013 1840 3084 populo
1861 3013 2084 3069 denun-

2195 3016 2380 3072 Ταῦτα
2427 3017 2565 3090 μετὰ
2607 3016 2716 3070 τῶν
2761 3016 2964 3070 λοιπῶν
3014 3014 3094 3087 (l.
3125 3015 3157 3072 9
3191 3016 3286 3087 νο)
3339 3013 3703 3085 δικαιωμάτωνό

513 3105 634 3159 tiat.
671 3103 727 3158 Si
752 3104 968 3174 quidem
992 3104 1156 3175 igitur
1184 3112 1306 3174 post
1339 3103 1540 3175 Moysis
1579 3102 1786 3157 obitum
1834 3117 1944 3158 non
1975 3103 2084 3173 ipse

2195 3109 2400 3181 Κύριος
2423 3109 2501 3182 τῷ
2525 3107 2640 3180 λαῷ
2666 3109 3054 3164 διαστέλλεται.
3097 3109 3160 3162 Ei
3214 3109 3319 3180 μὲν
3355 3103 3444 3162 οὖν
3485 3106 3598 3178 μετὰ
3635 3105 3700 3174 τὴν

514 3193 782 3251 Dominus
811 3197 904 3265 qui
935 3197 992 3250 in
1015 3197 1233 3252 deserto
1261 3195 1714 3252 manifestabatur
1743 3195 1962 3251 adesset
1983 3210 2081 3266 po-

2190 3206 2463 3268 Μωῦσέως
2489 3203 2746 3274 τελευτὴν
2782 3202 2855 3274 μὴ
2882 3205 2910 3255 6
2931 3202 3091 3265 αὐτὸς
3122 3201 3376 3272 Κύριοςὸ
3403 3201 3488 3254 ἐπὶ
3504 3199 3585 3270 τῆς
3611 3197 3699 3267 ἰρή-

515 3286 667 3357 pulo,
702 3287 797 3342 sed
841 3289 1160 3360 angelorum
1191 3288 1390 3358 aliquis
1421 3304 1518 3345 eos
1567 3289 1917 3359 praecederet,
1948 3289 2084 3344 nihil

2195 3316 2294 3369 μου
2328 3297 2682 3369 χρηματίζων
2731 3295 3030 3367 συμπαρῆν
3067 3293 3145 3364 τῷ
3183 3294 3332 3366 λαῷ,
3371 3294 3478 3348 ἀλλ’
3518 3289 3701 3359 ἀγγέλων

515 3378 621 3436 hoc
654 3379 710 3434 in
741 3380 863 3435 loco
897 3380 1284 3452 inquirendum
1321 3381 1480 3437 foret.
1517 3379 1654 3436 Cum
1677 3389 1859 3436 autem
1894 3397 2088 3436 narra-

515 3465 664 3526 tione
683 3479 898 3528 constet
925 3481 980 3528 et
1013 3481 1139 3543 post
1173 3471 1376 3544 Moysis
1422 3472 1632 3527 obitum
1674 3472 1966 3527 Dominum
2002 3471 2088 3541 ip-

514 3577 642 3617 sum
664 3561 832 3618 Josue
859 3563 1268 3618 manifestatum
1295 3579 1440 3631 esse,
1474 3571 1527 3643 et
1563 3570 1750 3634 aperte
1782 3563 1842 3618 in
1873 3563 1940 3618 iis
1968 3578 2089 3633 qua:

517 3653 587 3707 ad
618 3668 741 3707 eum
778 3653 1124 3723 loquebatur,
1161 3654 1364 3710 dixisse
1397 3673 1410 3709 :
1449 3672 1468 3706 ι
1510 3651 1664 3709 Sicut
1689 3652 1768 3708 fui
1791 3668 1914 3708 cum
1938 3652 2090 3724 Moy-

525 3760 606 3806 se.
640 3745 716 3800 ita
744 3760 839 3800 ero
871 3752 1046 3801 tecum
1077 3765 1090 3800 :
1124 3762 1236 3802 non
1268 3746 1563 3812 dimittam,
1593 3761 1694 3802 nec
1710 3746 2086 3815 derelinquam

515 3843 587 3891 te.
642 3835 964 3894 Confortare
1008 3846 1064 3894 et
1100 3847 1220 3895 esto
1273 3839 1552 3895 robustus.
1612 3837 1696 3893 Tu
1734 3838 1879 3894 enim
1939 3845 2088 3894 sorte

513 3928 726 3985 divides
773 3931 972 4001 populo
1023 3931 1154 3986 huic
1201 3939 1427 3996 terram,
1461 3947 1561 4001 pro
1581 3947 1688 4001 qua
1711 3931 1890 4001 juravi
1927 3931 2089 4001 patri-

516 4019 622 4074 bus
678 4021 812 4085 tuis,
863 4029 924 4075 ut
975 4021 1248 4076 traderem
1291 4038 1411 4077 eam
1455 4023 1565 4077 illis
1594 4022 1657 4076 ".
1702 4041 1720 4075 ι
1757 4021 1824 4075 Et
1851 4024 1909 4077 in
1941 4021 2090 4076 omni

517 4109 806 4180 Scriptura
840 4114 1064 4184 angelus
1107 4113 1328 4184 quidem
1361 4129 1708 4184 nequaquam
1740 4127 1980 4185 praesens
2006 4114 2090 4171 vel

517 4204 904 4262 manifestatus
936 4205 1102 4262 Josue
1137 4215 1492 4272 memoratur,
1524 4207 1619 4265 sed
1652 4208 1766 4278 ipse
1797 4208 2084 4274 Dominus,

516 4297 610 4367 qui
655 4298 798 4368 apud
829 4296 1068 4370 Moysem
1105 4305 1550 4369 tetragrammato
1583 4298 1913 4365 ostenditur,
1960 4301 2089 4369 qui-

514 4405 622 4460 que
653 4390 784 4444 mihi
813 4389 957 4445 idem
997 4405 1118 4446 esse
1140 4391 1360 4446 videtur
1379 4405 1444 4446 ac
1473 4392 1566 4461 qui
1597 4392 1764 4448 semel
1791 4389 1958 4447 Iosue
1984 4393 2086 4447 viri

514 4485 702 4539 habitu
766 4483 1017 4554 apparuit
1042 4484 1106 4539 ιδ.
1155 4484 1625 4551 Quemadmodum
1701 4486 1849 4541 enim
1921 4501 2088 4557 appa-

2190 3408 2273 3454 τις
2308 3388 2486 3442 αὐτῶν
2516 3391 2810 3460 προηγεῖτο
2829 3428 2844 3452 ,
2884 3386 3036 3440 οὐδὲν
3065 3385 3129 3440 ἂν
3159 3387 3238 3449 είς
3275 3387 3404 3450 τοὺς
3434 3385 3602 3446 τόπους
3633 3382 3698 3451 ζη-

2190 3481 2450 3552 τούμενον
2481 3477 2582 3549 ἦν’
2618 3481 2740 3533 ἐπεὶ
2762 3479 2819 3532 δὲ
2854 3480 2918 3533 ἐκ
2959 3479 3060 3548 τῆς
3104 3477 3353 3549 ἱστορίας
3391 3477 3610 3548 φαίνεται
3638 3472 3700 3525 καὶ

2194 3574 2330 3645 μετὰ
2345 3573 2443 3644 τὴν
2458 3573 2734 3636 Μωῦσέως
2750 3571 3006 3642 τελευτὴν
3033 3571 3060 3623 6
3087 3569 3250 3633 αὐτὸς
3274 3569 3475 3642 Κύριος
3496 3567 3562 3638 τῷ
3575 3563 3698 3636 ’1ησοῦ

2191 3666 2545 3738 χρηματίζων
2573 3666 2669 3718 καὶ
2698 3662 2887 3732 σαφῶς
2916 3665 2974 3716 ὲν
3002 3665 3115 3725 τοῖς
3143 3661 3282 3733 πρὸς
3310 3662 3466 3714 αὐτὸν
3498 3659 3698 3730 χρησμοῖς

2191 3758 2381 3826 λέγων’
2403 3777 2420 3808 ι
2441 3757 2561 3809 Ὅτι
2578 3755 2764 3827 ὥσπερ
2789 3755 2936 3825 ἤμην
2955 3741 3091 3824 μετὰ
3112 3753 3345 3824 Μωῦσῆ,
3377 3750 3538 3814 οὕτως
3557 3749 3697 3816 ἔσομαι

2196 3849 2332 3921 μετὰ
2362 3847 2476 3914 σοῦ,
2503 3848 2596 3902 καὶ
2619 3848 2720 3899 οὐκ
2745 3845 3123 3916 ἐγκαταλείψω
3157 3863 3217 3898 σε
3236 3885 3252 3909 ,
3287 3845 3394 3899 οὐδ’
3430 3836 3703 3914 ὑπεράᾎμαί

2194 3959 2273 3996 σε.
2304 3942 2486 4012 Ἶσχυε
2530 3941 2624 3993 καὶ
2665 3937 2954 4011 ἀνδρίζθυ”
2994 3938 3057 3991 σὺ
3100 3937 3208 4008 γὰρ
3260 3927 3703 3997 ἁποδιαστελεῐςτῷ

2191 4034 2305 4105 λαῷ
2333 4033 2508 4104 τούτῳ
2543 4033 2641 4106 τὴν
2681 4033 2804 4104 γῆν,
2838 4033 2904 4102 ἣν
2934 4029 3124 4102 ὤμοσα
3156 4033 3271 4094 τοῖς
3315 4030 3567 4101 πατράσιν
3593 4022 3702 4093 ὑμῶν

2188 4127 2371 4182 δοῦναι
2411 4129 2591 4190 αὐτοῖς
2613 4144 2626 4156 ·
2667 4147 2684 4178 ι
2720 4127 2813 4179 καὶ
2852 4125 2920 4178 δι’
2957 4125 3085 4194 ὅλης
3123 4127 3222 4194 τῆς
3275 4125 3315 4175 Γ
3323 4123 3493 4194 ραφῆς
3531 4116 3701 4187 tineis;

2196 4221 2294 4292 μὲν
2349 4218 2602 4290 οὐδαμῶς
2663 4216 2948 4288 ὲπιπαρὼν
2999 4216 3032 4287 ἢ
3087 4216 3440 4287 χρηματίζων
3487 4211 3555 4281 τῷ
3582 4205 3704 4277 Ἰησοῦ

2192 4311 2458 4381 φαίνεται,
2475 4309 2587 4363 ἀλλ’
2604 4309 2802 4372 αὑτδςὸ
2835 4309 3036 4376 Κύριος
3061 4310 3089 4361 ὁ
3115 4308 3209 4360 καὶ
3234 4307 3391 4378 παρὰ
3419 4303 3613 4361 Μωῦσεῖ
3643 4295 3702 4350 διὲ

2189 4402 2282 4456 τοῦ
2325 4401 2746 4473 τετραγράμμου
2791 4399 3150 4471 δηλούμενος,
3184 4399 3242 4461 ὃς
3286 4399 3381 4452 καὶ
3420 4398 3554 4450 δοκεῖ
3606 4389 3705 4462 μοιό

2191 4491 2351 4555 αὐτὸς
2371 4485 2508 4544 εἶναι
2535 4491 2612 4562 τῷ
2649 4493 2706 4544 ὲν
2733 4490 2923 4561 ἀνδρὸς
2950 4492 3186 4561 σχήματι
3208 4491 3289 4554 είς
3317 4487 3460 4555 ἅπαξ
3488 4486 3619 4557 μόνον
3636 4497 3701 4533 πα-

512 4578 692 4635 ruisse
721 4576 1031 4631 Abrahamo
1059 4584 1113 4632 et
1138 4576 1344 4632 Jacobo
1381 4586 1658 4644 narratur,
1691 4578 1768 4634 sic
1827 4587 1879 4634 et
1937 4596 2084 4635 nunc

2192 4584 2483 4657 ραφανέντι
2535 4584 2614 4656 τῷ
2665 4583 2860 4655 Ἰησοῦ.
2906 4585 3112 4656 Ὥσπερ
3182 4583 3291 4654 γὰρ
3361 4579 3617 4650 ἐπιφανεὶς

511 4671 583 4730 ad
615 4671 956 4727 edocendum
991 4685 1210 4726 servum
1237 4686 1420 4737 suum,
1439 4685 1550 4725 non
1576 4671 1752 4741 ipsum
1775 4671 2080 4728 existimari

511 4764 752 4838 primum
803 4771 858 4818 et
916 4764 1218 4820 increatum
1273 4778 1394 4820 esse
1441 4762 1634 4828 Deum,
1671 4763 1766 4819 sed
1811 4780 2088 4820 summum

510 4858 634 4928 ejus
657 4857 934 4914 exercitus
966 4856 1161 4912 ducem
1191 4856 1545 4911 demonstrat.
1582 4855 1724 4927 Ergo
1762 4855 1808 4911 si
1843 4857 1899 4910 in
1934 4857 2088 4911 omni

513 4949 682 5019 Josue
721 4950 861 5004 libro
900 4949 1126 5020 angelus
1173 4947 1395 5018 quidem
1444 4948 1667 5004 minime
1711 4963 1954 5019 praesens
1994 4965 2080 5004 re—

515 5045 710 5109 fertur,
751 5031 846 5100 sed
876 5042 1017 5098 idem
1050 5043 1166 5113 ipse
1191 5042 1454 5098 Dominus
1483 5043 1577 5112 qui
1604 5041 1659 5096 in
1687 5042 1836 5097 omni
1885 5040 2084 5113 Moysis

515 5137 862 5211 legislatione
904 5136 1261 5192 ostenditur:
1310 5141 1546 5191 testatur
1598 5133 1894 5189 manifeste
1927 5133 2079 5189 Scri-

513 5240 671 5297 ptura
705 5229 892 5284 dicens
924 5247 938 5283 :
982 5245 1000 5278 ι
1043 5226 1168 5295 Fuit
1197 5243 1326 5298 ergo
1347 5227 1610 5284 Dominus
1633 5242 1758 5282 cum
1789 5224 1955 5282 Josue
1978 5227 2078 5291 ‘5,»

516 5316 584 5372 de
611 5333 721 5389 quo
752 5305 1076 5373 diceretur:
1139 5337 1158 5370 ι
1213 5317 1355 5374 Ecce
1407 5334 1508 5391 ego
1557 5319 1776 5374 mittam
1823 5320 2074 5390 angelum

517 5424 696 5464 meum
725 5411 818 5480 qui
847 5411 1115 5481 praecedat
1140 5420 1190 5467 te
1213 5417 1268 5467 et
1289 5411 1602 5467 introducat
1632 5413 1688 5466 in
1716 5412 1894 5466 locum
1918 5428 2080 5483 quem

441 5550 444 5551 ,
519 5501 702 5564 paravi
729 5502 823 5556 tibi
862 5503 943 5555 ‘5?
979 5523 998 5556 ι
1040 5502 1267 5559 Videtur
1294 5519 1424 5575 ergo
1454 5519 1562 5559 non
1593 5505 1759 5560 alium
1790 5520 1855 5559 ac
1902 5503 2078 5574 ipsum

517 5591 802 5648 ostendere
829 5592 1014 5651 Josue.
1055 5593 1174 5666 Ipse
1207 5596 1353 5651 enim
1382 5597 1537 5651 duxit
1565 5597 1824 5666 populum
1863 5595 1920 5650 in
1959 5611 2080 5666 pro-

588 5699 815 5774 °_Exod.
852 5723 1017 5771 χχιιι,
1054 5709 1140 5764 l5.
1216 5712 1237 5743 ν
1274 5709 1443 5765 Exod.
1473 5727 1564 5774 xx,
1601 5708 1690 5764 24_

522 5782 576 5830 ιι
609 5765 678 5832 5,
712 5773 765 5830 6.
843 5779 885 5809 ιι
921 5765 1035 5835 Jos'.
1070 5796 1123 5846 v,
1164 5780 1248 5854 ιε.

2203 4677 2452 4749 Ἀϐραὰμ
2479 4677 2574 4731 καὶ
2603 4676 2680 4747 τῷ
2709 4677 2903 4730 Ἰακὼϐ
2933 4677 3375 4748 ἀναγέγραπται,
3399 4675 3529 4728 οὕτω
3550 4670 3624 4724 καὶ
3641 4665 3700 4719 νῦν

2187 4771 2280 4823 ἐπὶ
2305 4770 2381 4840 τῷ
2413 4769 2701 4824 παιδεῦσαι
2729 4770 2818 4823 τὸν
2846 4769 3153 4841 θεράποντα
3197 4769 3272 4840 μὴ
3314 4769 3472 4824 αὑτὸν
3516 4760 3700 4833 ἡγεῖσθαι

2184 4865 2276 4918 τὸν
2305 4865 2517 4937 πρῶτον
2548 4864 2642 4916 καὶ
2669 4863 2929 4932 ἀγένητον
2955 4856 3093 4915 εἶναι
3135 4863 3286 4927 Θεὸν,
3331 4862 3442 4916 ἀλλ’
3472 4851 3700 4930 ἀρχιπρά·

2185 4973 2354 5028 τηγον
2385 4957 2481 5026 τῆς
2514 4955 2725 5008 ἐκείνου
2759 4952 3038 5023 δυνάμεως
3083 4955 3462 5024 ἀποφαίνεται.
3501 4947 3622 5016 Εἱὸὴ
3639 4939 3700 4996 ὧν

2183 5048 2273 5101 διὰ
2299 5048 2479 5118 πάσης
2522 5048 2620 5118 τῆς
2642 5045 2734 5100 τοῦ
2769 5043 2942 5116 Ἰησοῦ
2987 5046 3205 5118 γραφῆς
3253 5045 3481 5114 ἄογγελος
3523 5041 3602 5114 μὲν
3626 5033 3697 5088 οὖό

2184 5141 2320 5204 ὃλως
2353 5141 2542 5211 παρὼν
2567 5138 2912 5210 ὀνομάζεται,
2945 5138 3060 5192 ἀλλ’
3082 5137 3242 5201 αὐτὸς
3274 5141 3303 5192 6
3333 5137 3422 5192 διὰ
3451 5135 3611 5202 πάσης
3635 5127 3700 5193 Ti;

2185 5232 2339 5303 παρὰ
2367 5233 2591 5285 Μωῠσεῖ
2609 5229 2926 5301 νομοθεσίας
2947 5229 3106 5300 δηλού
3115 5247 3271 5301 μενος
3295 5229 3519 5300 Κύριος·
3551 5235 3699 5294 μαρτυ-

2189 5326 2272 5396 Ρεῖ
2306 5323 2434 5393 γοῦν
2465 5323 2648 5393 σαφῶς
2703 5325 2736 5393 ἡ
2768 5322 2957 5394 Γραφὴ
3004 5322 3256 5392 λέγουσα*
3293 5341 3313 5370 σ
3342 5322 3452 5374 Καὶ
3474 5315 3534 5388 ἦν
3551 5313 3698 5380 Κύβος

2188 5413 2326 5484 μετὰ
2360 5414 2565 5486 Ἰησοῦ·
2604 5434 2622 5464 ι
2658 5413 2799 5476 τίνος
2844 5412 2908 5467 ἂν
2941 5413 3182 5482 λέγοιτο·
3228 5433 3245 5464 ι
3271 5412 3405 5466 Ἰδοὺ
3447 5399 3696 5464 ἀποστέλὶω

2184 5507 2276 5560 τὸν
2309 5506 2539 5575 ἄγγελόν
2573 5524 2674 5574 μου
2711 5507 2815 5578 πρὸ
2841 5505 3132 5578 προσώπου
3169 5523 3283 5570 σου,
3315 5507 3459 5566 ὅπως
3485 5500 3634 5568 ἀγάγῃ
3656 5504 3694 5540 σε

2186 5599 2262 5661 εἰς
2297 5597 2396 5669 τὴν
2424 5597 2550 5668 τῆν’
2575 5598 2642 5668 ἣν
2672 5597 2945 5669 ἡτοίμασά
2969 5613 3049 5650 σοι
3071 5613 3086 5663 ;
3120 5617 3137 5647 ι
3171 5597 3384 5650 Ἔοικεν
3407 5591 3494 5649 οὖν
3513 5591 3586 5646 διὰ
3606 5581 3693 5639 τοὺ·

1769 5704 1811 5742 ¹⁰
1851 5710 1982 5766 ibid.
2022 5711 2071 5775 7,

2226 5711 2310 5766 il.
2391 5712 2431 5742 “
2473 5712 2604 5767 ibid.
2643 5711 2727 5767 i2.
2804 5713 2847 5745 "
2887 5709 3058 5766 Exod.
3083 5725 3238 5777 mu,
3272 5709 3472 5774 20,2l.
3545 5706 3578 5736 ¹³
3606 5699 3690 5755 10$-

1365 5781 1405 5813 ¹⁸
1439 5779 1552 5836 Jos.
1588 5797 1660 5848 νι,
1695 5781 1784 5837 27.
1867 5782 1910 5813 ιδ
1949 5780 2117 5837 Exod.
2152 5799 2322 5849 mu,
2353 5781 2446 5837 ‘20.
