3868 6264
190 325 330 382 1057

1247 316 1539 375 ECLOGIE
1581 313 2066 372 PROPHETlC/E.
2107 344 2172 353 -—
2215 312 2340 368 ΕΒ.
2377 312 2415 366 Ι.

3303 315 3441 372 1058

187 467 300 502 των
331 448 432 502 οὐκ
460 446 615 502 ἄλλον
640 445 755 500 ἀλλ’
782 446 945 500 αὐτὸν
981 445 1176 518 δηλοῦν
1215 445 1306 497 τὸν
1335 443 1541 514 Ἰησοῦν
1560 460 1573 472 ’
1610 441 1770 504 αὺτὺς

1878 440 2160 496 missionis
2213 449 2450 506 terram,
2509 441 2650 496 sicut
2700 442 2998 497 ostendunt
3055 441 3122 497 ad
3173 457 3298 496 eum
3346 438 3444 498 Dei

186 541 299 613 γὰρ
332 542 626 612 εἰσήγαγεν
650 545 740 594 τόν
767 539 893 593 λαὸν
924 541 1000 603 εἰς
1033 539 1132 610 τὴν
1156 540 1259 608 γῆν
1283 539 1382 609 τῆς
1412 525 1764 605 ἐπαγγελίας,

185 632 263 696 ὼς
296 634 392 686 καὶ
425 633 480 685 αἰ
509 631 646 704 πρὸς
683 629 845 684 αὐτὸν
872 629 1123 700 δηλοῦσιν
1167 628 1262 682 τοῦ
1299 626 1433 681 Θεοῦ
1463 628 1638 696 φωναί
1676 626 1765 679 λέ-

186 742 398 795 γοντοςο
437 743 456 776 ι
489 725 668 794 Ἵσχυε
694 723 788 778 καὶ
816 722 1095 793 άνδρίζου’
1129 724 1193 775 σὺ
1225 721 1333 792 γὰρ
1363 719 1767 781 ἀποδιαστελείς

186 820 268 891 τῷ
304 819 420 889 λαῷ
466 818 639 888 τούτῳ
683 817 782 890 τὴν
829 818 950 888 γῆν,
994 816 1062 887 ἦν
1107 814 1296 886 ὤμοσα
1342 816 1454 876 τοῖς
1494 811 1765 884 πατράσιν

190 912 346 982 ὑμῶν
375 911 501 980 περί
525 908 712 962 αὑτοῦ.
746 928 763 956 ι
795 909 939 978 Ἀρα
963 907 1414 979 προδιατάσσεται
1433 905 1510 976 τῷ
1535 904 1650 976 λαῷ
1676 905 1765 957 λέ-

187 1017 321 1070 γων·
366 1021 384 1052 ι
415 1001 654 1072 Πρόσεχε
695 998 880 1070 αὐτῷ,
931 1001 1025 1053 καὶ
1073 999 1388 1052 εἰσάκουσον
1441 997 1638 1051 αὐτοῦ·
1691 997 1766 1069 μὴ

187 1093 406 1145 ἀπείθει
443 1093 500 1144 έν
528 1091 693 1162 αὐτῷ.
733 1110 751 1142 ι
807 1093 880 1144 Οὐ
924 1091 1101 1144 δεῖ.δὲ
1134 1090 1432 1161 θαυμάζειν
1459 1093 1507 1142 εἰ
1538 1089 1768 1158 ἄγγελον

186 1184 349 1237 αὐτὸν
375 1183 745 1253 ἐπωνόμασεν,
775 1182 895 1234 ἐπεὶ
920 1181 1014 1235 καὶ
1045 1181 1292 1251 Ἰωάννην
1312 1179 1489 1249 τούτῳ
1513 1179 1668 1232 καλεῖ
1690 1177 1768 1248 τῷ

188 1274 541 1346 προσρήματι
567 1274 600 1343 ἡ
634 1273 918 1342 φάσκουσα
949 1272 1273 1345 προφητεία·
1309 1291 1328 1323 ‹
1352 1272 1479 1325 Ἰδοὺ
1502 1270 1611 1339 ἐγὼ
1635 1272 1767 1324 ἀπο-

195 1365 404 1419 στέλλω
443 1363 537 1417 τὸν
573 1363 802 1432 ἄγγελόν
845 1382 945 1435 μου
971 1365 1076 1436 πρὸ
1105 1363 1399 1436 προσώπου
1429 1381 1542 1430 σου,
1569 1364 1627 1427 ὃς
1666 1382 1766 1418 κα-

186 1459 518 1513 τασκευάσει
547 1457 644 1528 τὴν
673 1457 792 1510 ὀδόν
824 1474 925 1527 μου
947 1457 1256 1529 ἔμπροσθέν
1282 1474 1396 1510 σου.
1429 1475 1447 1508 ι
1485 1457 1546 1510 Εἰ
1567 1455 1609 1508 δ’
1632 1456 1767 1520 ὅλως

187 1553 268 1614 εἰς
298 1549 501 1620 Ἰησοῦν
536 1548 859 1620 ἀναφέροιτο
904 1547 1000 1601 τὸν
1042 1547 1134 1602 τοῦ
1183 1549 1341 1618 Ναυῆ
1393 1546 1464 1600 τὰ
1505 1564 1766 1619 προεκτε-

188 1643 376 1708 θέντα,
408 1643 508 1713 δρα
533 1641 649 1704 πῶς
673 1640 800 1712 περὶ
831 1639 995 1694 αὐτοῦ
1022 1657 1186 1711 φησιν
1205 1642 1234 1694 6
1262 1640 1482 1711 Κύριος·
1520 1660 1538 1690 ι
1565 1639 1638 1692 Τὸ
1660 1638 1768 1708 γὰρ

186 1735 361 1806 δνομά
409 1750 510 1805 μου
556 1731 912 1803 ἐπικέκληται
962 1733 1047 1784 ἐπ’
1089 1731 1256 1800 αὐτῷ.
1291 1750 1309 1780 ι
1365 1732 1522 1784 Ποῖον
1563 1730 1620 1784 δὲ
1660 1731 1767 1803 ἄρα

1875 535 2040 588 verba
2071 533 2303 590 dicentis
2337 555 2348 589 :
2381 556 2398 587 ι
2453 534 2777 590 Confortare
2811 545 2863 590 et
2894 546 3011 591 esto
3039 538 3298 592 robustus
3337 555 3349 590 :
3385 543 3444 588 tu

1872 627 2019 680 enim
2077 634 2224 682 sorte
2257 627 2470 683 divides
2518 629 2720 698 populo
2773 627 2900 683 huic
2945 639 3169 692 terram,
3205 643 3304 699 pro
3335 643 3444 698 qua

1868 716 2048 787 juravi
2084 715 2332 787 patribus
2373 717 2504 783 tuis,
2541 725 2600 771 ut
2642 719 2913 773 traderem
2947 734 3068 774 eam
3112 719 3244 774 illis.
3282 737 3302 770 ι
3338 717 3446 772 Po-

1873 809 2002 879 pulo
2034 809 2200 880 igitur
2218 809 2462 879 praecipit
2492 809 2684 865 dicens
2709 829 2722 864 :
2762 829 2780 860 ‹
2813 810 3054 866 Observa
3083 826 3207 866 eum
3237 821 3292 865 et
3313 811 3440 866 audi

1872 916 2062 957 vocem
2115 901 2256 970 ejus,
2313 916 2415 956 nec
2456 902 2914 957 contemnendum
2963 912 3118 974 putes
3151 904 3214 957 ".
3250 922 3269 954 ι
3322 901 3444 956 Non

1873 1002 2053 1048 autem
2084 991 2393 1048 mirandum
2417 993 2568 1049 estsi
2607 995 2858 1064 angelum
2891 1011 3015 1049 eum
3052 995 3442 1061 nominaverit,

1873 1101 1999 1140 cum
2032 1085 2296 1142 Joannem
2351 1087 2455 1142 hac
2501 1088 2943 1144 denominatione
2968 1097 3126 1144 vocet
3156 1090 3444 1160 prophetia

1874 1176 1962 1233 his
1990 1179 2219 1244 verbis:
2260 1197 2280 1230 ι
2314 1178 2454 1236 Ecce
2483 1195 2585 1251 ego
2614 1181 2772 1234 mitto
2806 1182 3058 1251 angelum
3109 1198 3288 1237 meum
3315 1191 3446 1236 ante

1876 1268 2072 1326 faciem
2125 1280 2296 1338 tuam,
2351 1273 2444 1343 qui
2496 1273 2824 1343 praeparabit
2889 1274 3032 1327 viam
3082 1290 3260 1329 meam
3317 1284 3446 1330 ante

1875 1369 1929 1416 te
1963 1362 2027 1416 ³⁸.
2069 1382 2088 1414 ι
2121 1361 2278 1429 Quod
2313 1363 2357 1417 si
2411 1363 2572 1433 plane
2601 1362 2667 1416 ad
2694 1361 2860 1418 Josue
2891 1361 3058 1416 filium
3091 1362 3213 1418 Nun
3248 1365 3445 1433 praeci-

1874 1463 1987 1507 tata
2037 1461 2310 1523 spectant,
2370 1455 2720 1524 perspicuum
2775 1461 2858 1508 est
2907 1468 3007 1507 cur
3051 1452 3117 1507 de
3149 1468 3215 1508 eo
3245 1452 3448 1507 dixerit

1876 1543 2136 1601 Dominus
2170 1564 2184 1602 :
2225 1564 2244 1598 ‹
2282 1544 2350 1599 Ει
2377 1555 2462 1602 est
2494 1561 2691 1601 nomen
2719 1561 2897 1600 meum
2925 1545 2979 1598 in
3012 1545 3103 1598 illo
3123 1545 3182 1598 ιθ.
3223 1563 3243 1597 ι
3275 1544 3475 1615 Quale.

1875 1637 2042 1709 igitur
2075 1638 2208 1692 illud
2235 1654 2434 1694 nomen
2467 1648 2552 1694 est
2574 1638 2681 1694 nisi
2706 1636 2895 1702 Josue,
2921 1637 3069 1706 quod
3096 1637 3239 1691 idem
3267 1643 3352 1692 est
3384 1651 3449 1690 ac
3481 1639 3505 1691 ἐ

1873 1727 2040 1784 Jesu?
2066 1727 2204 1784 Huic
2226 1729 2370 1784 enim
2409 1728 2576 1784 Josue
2617 1745 2725 1783 non
2759 1729 3042 1798 proprium
3077 1742 3274 1781 nomen
3306 1735 3446 1791 erat,

185 1828 360 1897 ὄνομα
393 1826 426 1898 ἢ
461 1825 592 1881 αὐτὸ
634 1825 694 1878 τὸ
721 1823 954 1896 Ἰησοῦς;
996 1824 1102 1878 Τοῦ
1141 1825 1236 1895 μὲν
1281 1824 1390 1896 γὰρ
1439 1823 1764 1912 φαινομένρυ

1877 1821 2026 1892 prius
2051 1820 2188 1878 Osee
2213 1830 2426 1877 vocato.
2445 1821 2662 1878 Primus
2691 1836 2815 1875 eum
2843 1819 3056 1890 Moyses
3079 1835 3107 1873 a
3141 1820 3249 1873 Deo
3277 1819 3450 1888 inSpi-

186 1916 312 1969 τότε
335 1916 529 1987 ἀνδρὸς
550 1916 650 1968 οὐκ
668 1909 735 1985 ἦν
759 1914 888 1969 ἴδιον
907 1914 968 1968 τὸ
997 1914 1202 1986 Ἰησοῦς
1231 1915 1400 1986 ὄνομα
1420 1933 1433 1946 ·
1457 1914 1639 1987 Αὐσὴς
1660 1909 1767 1986 γὰρ

187 2007 437 2062 ἐκαλεῖτο
455 2007 518 2060 τὸ
553 2007 812 2080 πρότερον
832 2025 843 2035 ·
873 2005 1086 2077 πρῶτος
1111 2005 1166 2058 δὲ
1199 2006 1362 2059 αὐτὸν
1387 2007 1627 2077 Μωῦσῆς
1651 2006 1769 2060 θεο-

189 2098 526 2169 φορούμενος
553 2096 759 2167 Ἰησοῦν
801 2095 1161 2166 ἀναγορεύει,
1204 2096 1474 2168 πνεύματι
1506 2086 1664 2168 δῆλον
1688 2098 1770 2150 ὅτι

188 2191 449 2261 θειοτέρῳ
476 2190 810 2260 κινούμενος·
843 2190 918 2253 ὡς
944 2191 1009 2244 ἂν
1040 2191 1069 2241 6
1095 2189 1340 2261 χρησμός
1367 2192 1395 2243 6
1426 2191 1623 2261 φήσαςο
1653 2209 1670 2241 ι
1699 2190 1772 2243 Τὸ

187 2285 299 2356 γὰρ
348 2284 520 2355 ὄνομά
571 2302 669 2355 μου
719 2285 866 2336 ἐστὶν
914 2283 999 2335 ἐπ’
1040 2281 1210 2352 αὐτῷ,
1242 2302 1260 2334 ›
1317 2282 1627 2355 πληρωθείη
1674 2281 1769 2335 τοῦ

186 2376 622 2448 χρηματίζοντος
650 2376 856 2445 Κυρίου
878 2415 892 2439 ,
924 2374 982 2427 ὃν
1016 2373 1274 2438 πολλάκις
1309 2374 1667 2444 ἀπεδείξαμεν
1697 2371 1772 2428 εἶ-

1875 1922 2031 1970 ratus
2054 1915 2349 1986 appellavit
2369 1914 2574 1982 Josue;
2615 1913 2806 1982 procul
2842 1912 3008 1966 dubio
3039 1920 3123 1967 est
3155 1912 3335 1982 ipsum
3361 1911 3448 1963 di-

1877 2009 2006 2064 vino
2062 2015 2196 2062 tunc
2251 2005 2456 2076 Spiritu
2507 2005 2725 2076 agitari,
2768 2012 2828 2058 ut
2877 2004 3233 2074 implerentur
3285 2002 3449 2058 verba

1877 2101 2025 2156 haec:
2059 2117 2078 2152 ‹
2108 2098 2174 2152 Et
2195 2106 2280 2155 est
2305 2113 2504 2153 nomen
2535 2112 2718 2151 meum
2752 2097 2807 2151 in
2836 2096 2950 2162 illo,
2993 2116 3011 2148 ι
3041 2093 3451 2149 manifestantis

1878 2210 1938 2250 se
1990 2193 2232 2258 Domini,
2293 2207 2456 2263 quem
2517 2192 2718 2261 sapius
2772 2190 3276 2255 demonstravimus
3327 2202 3454 2242 esse

1878 2286 2263 2357 praeexsistens
2287 2284 2382 2340 Dei
2401 2283 2663 2349 Verbum,
2684 2281 2846 2339 Jesus
2874 2281 3083 2354 (Josue)
3107 2289 3226 2336 erat
3253 2295 3453 2335 nomen

1876 2376 2022 2446 quod
2049 2375 2188 2432 Osee
2214 2375 2428 2447 Moyses
2453 2376 2736 2446 imposuit,
2761 2383 2819 2429 ut
2840 2373 3026 2428 divina
3052 2381 3288 2429 testatur
3311 2373 3456 2427 Scri-

188 2486 279 2522 ναι
317 2469 410 2522 τὸν
454 2468 691 2539 προόντα
732 2467 826 2520 τοῦ
861 2467 997 2522 Θεοῦ
1029 2467 1201 2535 Λόγον
1222 2507 1237 2532 ,
1273 2467 1477 2539 Ἰησοῦς
1505 2464 1572 2540 ἦν
1603 2466 1772 2538 όνομα

1878 2476 2038 2536 ptura
2079 2467 2148 2532 ³⁸,
2200 2465 2595 2523 sollicitissime
2649 2463 3091 2519 an’imadvertens
3143 2463 3289 2534 quod
3343 2478 3455 2517 non

184 2561 328 2632 ὅπερ
356 2560 435 2631 τῷ
462 2561 614 2631 Δύσῆ
642 2560 880 2630 Μωῦσῆς
913 2559 1356 2623 ὲπιτέθεικεν,ώς
1381 2561 1414 2632 ἡ
1439 2558 1557 2612 Θεία
1583 2559 1772 2631 Γραφὴ

189 2653 484 2722 μαρτυρεῖ,
515 2649 723 2722 σφόδρα
753 2648 1230 2720 ἀπηκριϐωμένως
1258 2649 1564 2720 τηρήσασα,
1590 2649 1671 2702 ὅτι
1697 2648 1774 2720 μὴ

185 2741 380 2795 ἄλλοτε
408 2741 442 2811 ἣ
469 2741 698 2810 ἄγγελον
747 2741 911 2794 αὐτὸν
943 2740 1252 2804 ἀκολούθως
1289 2740 1368 2811 τῷ
1406 2740 1644 2813 χρησμῷ
1674 2741 1772 2812 τὴν

184 2832 294 2904 γῆν
321 2833 422 2902 τῆς
453 2831 786 2900 ἐπαγγελίας
810 2832 915 2903 πρὸ
937 2831 1230 2904 προσώπου
1260 2830 1353 2885 τοῦ
1382 2831 1512 2885 λαοῦ
1536 2849 1772 2904 προσκε-

185 2923 427 2994 ψόμενον
462 2923 790 2996 ἐξέπεμπεν,
835 2924 1007 2996 τούτῳ
1049 2924 1318 2996 κέκληκεν
1349 2925 1512 2980 αὐτὸν
1543 2923 1618 2996 τῷ
1655 2925 1772 2978 ὀνό-

189 3033 350 3088 ματι.
383 3016 592 3070 Οὐκοῦν
622 3017 711 3071 διὰ
739 3017 943 3071 τούτων
968 3018 1060 3071 καὶ
1088 3016 1186 3089 τὴν
1211 3017 1303 3071 τοῦ
1337 3017 1588 3088 Σωτῆρος
1616 3017 1774 3088 mqu

198 3112 381 3182 Ἰησοῦ
400 3114 764 3183 προσηγορίαν
779 3113 1018 3185 Μωῦσῆς
1030 3111 1275 3180 φαίνεται
1294 3112 1479 3181 σαφῶς
1499 3110 1771 3181 ἐγνωκώςο

186 3205 388 3278 ὥσπερ
412 3205 468 3258 δὲ
491 3206 553 3258 τὸ
582 3205 754 3276 Ἰησοῦ
777 3205 947 3276 όνομα
971 3205 1120 3276 παρὰ
1155 3203 1355 3276 πρώτῳ
1380 3204 1528 3275 αύτῷ
1548 3204 1775 3275 εὓρηται

187 3297 340 3352 κατά
365 3299 488 3361 τοὺς
520 3298 942 3369 ἐξεταζομένους
975 3298 1176 3361 τόπους
1196 3335 1212 3361 ,
1242 3296 1386 3351 οὕτω
1418 3297 1512 3349 καί¹
1541 3295 1775 3367 Χριστὸν

183 3391 411 3463 πρῶτος
433 3393 592 3458 αὐτὸς
623 3393 994 3464 ἀναγορεύσας
1025 3391 1310 3461 φαίνεται,
1346 3390 1453 3461 πρὸ
1479 3388 1588 3442 τῶν
1611 3388 1776 3442 αὐτοῦ

185 3487 402 3559 χρόνων
426 3486 486 3552 ἐξ
512 3486 703 3549 αἰῶνος
732 3485 957 3558 μηδενὸς
995 3484 1220 3556 μηδέπω
1253 3484 1384 3580 ποῖὲ
1429 3484 1566 3555 μήτε
1585 3482 1775 3555 ’Ἰησοῦ

188 3582 340 3651 μήτε
381 3578 618 3652 Χριστοῦ
665 3579 819 3650 παρά
866 3595 1005 3632 τισιν
1063 3575 1614 3649 προσαγορευθέντος.
1667 3577 1777 3629 Καὶ⁵

184 3671 447 3741 φαίνεταί
493 3689 558 3740 γε
601 3671 769 3743 ὲνθέῳ
801 3671 1045 3742 λογισμῷ
1094 3669 1193 3734 τὰς
1230 3669 1564 3741 δηλουμένας
1609 3686 1777 3741 προσ-

182 3764 426 3835 ηγορίας
475 3765 745 3834 τιμήσαςο
792 3762 911 3815 δυσὶ
963 3762 1092 3832 γοῦν
1137 3765 1250 3826 τοῖς
1287 3762 1440 3833 παρὰ
1482 3763 1658 3816 πάντα
1685 3760 1777 3814 τὸν

183 3857 324 3911 λαὸν
363 3856 717 3927 ὲξοχωτάτοις
755 3856 981 3928 ἀνδράσι
1011 3857 1104 3909 καὶ
1136 3857 1288 3928 παρὰ
1311 3855 1428 3928 Θεῷ
1447 3856 1778 3928 διαπρέπου-

185 3966 283 4003 σιν
333 3949 539 4020 ἑτέροις
582 3966 640 4002 τε
692 3949 839 4013 ἰδίοις
880 3951 1106 4021 ὀνόμασι
1148 3948 1509 4021 κεχρημένοις
1544 3947 1645 4012 τὰς
1685 3947 1778 4002 δύο

179 4039 401 4103 ταύτας
434 4040 754 4111 ἐπιφημίζει
785 4041 1152 4111 προσηγορίας
1172 4079 1187 4103 ,
1216 4039 1295 4110 τῷ
1319 4057 1380 4092 τε
1420 4039 1536 4109 ἰδίῳ
1562 4035 1777 4108 ἀδελφῷ

180 4131 275 4202 τῷ
302 4132 532 4202 ’Δαρὼν,
559 4134 651 4185 καί
681 4132 760 4202 τῷ
784 4133 877 4186 τοῦ
908 4133 1062 4204 Ναυῆ
1087 4132 1188 4203 υίῷ
1206 4175 1221 4199 ,
1257 4131 1555 4204 Αύση[οὺ]ς
1583 4132 1779 4203 πρότε-

186 4241 292 4297 ρον
318 4221 820 4295 ὀνομαζομένου[ς],
853 4222 1002 4294 παρὰ
1029 4224 1206 4277 πάντα
1234 4224 1325 4278 τὸν
1348 4223 1473 4277 λαὸν
1501 4223 1636 4277 Θεοῦ
1658 4222 1779 4277 νεύ-

187 4331 334 4384 ματι
376 4314 638 4384 ἄρχοντας
687 4312 780 4366 τοῦ
831 4314 1032 4378 παντὸς
1065 4314 1250 4379 ἔθνους
1293 4316 1779 4388 προχειρισάμενος

180 4407 319 4466 ταῖς
371 4404 463 4457 τοῦ
511 4405 762 4476 Σωτῆρος
813 4404 968 4476 ήμῶν
1017 4405 1190 4475 Ἰησοῦ
1241 4404 1476 4476 Χριστοῦ
1530 4405 1778 4472 ἐδόξασεν

1879 2560 2016 2614 alias
2060 2559 2169 2616 nisi
2213 2574 2338 2614 cum
2392 2558 2646 2630 angelum
2685 2573 2834 2624 eum,
2883 2557 3190 2613 secundum
3239 2557 3452 2612 oraculi

1878 2653 2070 2717 verba,
2123 2650 2511 2722 promissionis
2573 2658 2778 2706 terram
2831 2657 2958 2705 ante
3008 2648 3202 2704 faciem
3263 2648 3452 2720 populi

1879 2753 2296 2813 prospecturum
2326 2741 2612 2808 emiserit,‘
2649 2741 2755 2796 hoc
2798 2741 3014 2796 vocavit
3044 2757 3170 2797 eum
3204 2741 3450 2798 nomine.

1878 2835 1951 2890 lis
1980 2835 2145 2906 igitur
2173 2841 2392 2890 constat
2418 2840 2472 2889 et
2499 2831 2803 2889 Salvatoris
2827 2834 3002 2889 nostri
3037 2831 3168 2888 Jesu
3198 2831 3454 2888 denomi-

1880 2928 2158 2982 nationem
2189 2927 2360 2998 Moysi
2390 2936 2577 2996 aperte
2619 2927 2892 2996 cognitam
2931 2923 3124 2982 fuisse.
3181 2925 3456 2992 Quemad-

1880 3019 2103 3076 modum
2145 3018 2276 3076 Jesu
2308 3033 2509 3073 nomen
2548 3017 2784 3088 primum
2823 3015 2965 3087 apud
2990 3031 3114 3071 eum
3149 3017 3204 3071 in
3229 3017 3297 3074 iis
3334 3032 3460 3088 quas.

1881 3114 2278 3184 investigamus
2309 3111 2447 3167 locis
2491 3110 2782 3180 reperitur,
2837 3109 2912 3163 ita
2946 3117 3000 3164 et
3032 3108 3313 3164 Christum
3343 3111 3458 3179 pri-

1877 3222 2002 3262 mus
2044 3205 2191 3262 idem
2243 3202 2632 3275 praedicavisse
2676 3200 2912 3265 videtur,
2946 3201 3002 3256 in
3029 3201 3325 3256 anterioris
3356 3200 3457 3255 a-vi

1878 3297 2219 3368 temporibus
2247 3298 2362 3352 sive
2387 3294 2518 3350 Jesu
2553 3294 2669 3350 sive
2715 3292 2919 3348 Christi
2965 3293 3284 3348 nominibus
3319 3292 3457 3347 nulli

1817 3383 1820 3386 ’
1879 3403 2122 3460 unquam
2156 3387 2477 3456 compertis.
2502 3384 2570 3438 Et
2600 3384 2817 3439 videtur
2850 3384 3071 3454 quidem
3101 3384 3288 3439 divina
3315 3399 3456 3454 quae

1878 3481 2001 3537 dam
2042 3479 2406 3550 inspiratione
2441 3477 2711 3532 revelatas
2736 3476 3218 3532 denominationes
3259 3476 3455 3530 honori

1877 3573 2156 3628 habuisse.
2180 3570 2400 3624 Duobus
2422 3569 2582 3640 igitur
2597 3566 2833 3622 maxime
2845 3581 2911 3621 ex
2938 3568 3085 3621 omni
3103 3569 3300 3637 populo
3317 3582 3458 3638 pra:-

1879 3665 2200 3723 cellentibus
2221 3662 2380 3726 viris,
2399 3661 2618 3730 Deoque
2642 3657 3068 3728 acceptissimis,
3087 3675 3212 3714 cum
3232 3661 3452 3731 utrique

1878 3757 2024 3812 aliud
2050 3765 2192 3812 esset
2217 3755 2495 3826 proprium
2514 3767 2732 3817 nomen,
2753 3750 3023 3822 duplicem
3043 3751 3190 3805 illam
3222 3752 3455 3821 imponit

1877 3847 2399 3910 denominationem,
2447 3845 2670 3916 proprio
2699 3844 2920 3918 quidem
2964 3842 3123 3898 fratri
3151 3845 3356 3914 Aaron,
3399 3854 3454 3902 et

1876 3941 2023 3996 Nave
2044 3941 2154 3995 ﬁlio
2179 3937 2317 3996 Osee
2343 3940 2497 4010 prius
2511 3937 2830 4010 appellatis;
2850 3951 3084 4007 namque
3101 3951 3285 3992 coram
3305 3939 3452 3993 omni

1879 4034 2079 4106 populo
2090 4032 2185 4088 Dei
2212 4032 2370 4102 jussu
2389 4031 2558 4087 totius
2578 4031 2756 4102 gentis
2779 4031 2946 4086 duces
2967 4045 3064 4086 eos
3082 4029 3308 4102 eligens,
3334 4029 3457 4086 Sal—

1876 4127 2084 4184 vatoris
2132 4125 2308 4182 nostri
2361 4123 2492 4179 Jesu
2526 4123 2729 4179 Christi
2763 4123 3082 4178 nominibus
3119 4123 3450 4192 illustravit;

1881 4222 2110 4276 alterum
2141 4217 2361 4289 quidem
2389 4214 2668 4271 Christum
2691 4215 3110 4285 cognominans,
3139 4213 3232 4284 qui
3254 4215 3456 4270 summi

1879 4316 2104 4384 verique
2156 4311 2365 4366 ferebat
2414 4309 2706 4380 imaginem
2755 4306 3056 4389 pontificis,
3098 4307 3456 4377 omniumque

1881 4408 2144 4471 auctoris,
2174 4405 2348 4477 ipsius
2389 4421 2407 4454 ι
2451 4403 2615 4458 Verbi
2653 4401 2772 4466 Dei,
2803 4402 2895 4472 qui
2929 4408 3046 4456 erat
3090 4401 3146 4454 in
3181 4399 3459 4471 principio.

185 4498 594 4568 προσηγορίαις
613 4515 627 4527 ·
662 4498 752 4550 τὸν
789 4499 884 4568 μὲν
912 4498 1166 4569 Χριστὸν,
1198 4497 1263 4550 δι’
1287 4500 1352 4568 ἣν
1380 4498 1572 4568 ἔφερεν
1594 4498 1772 4552 εἰκόνα

1882 4499 2023 4571 apud
2061 4499 2228 4554 Deum
2268 4498 2349 4563 ²¹;
2413 4513 2433 4548 ι
2474 4509 2851 4550 successorem
2895 4507 3025 4547 vero
3073 4507 3232 4546 suum
3265 4491 3451 4547 Jesum

182 4589 291 4644 τοῦ
322 4589 440 4642 κατ’
469 4589 726 4660 ἀλήθειαν
758 4591 1057 4662 ἀρχιερέως
1097 4589 1205 4642 τῶν
1250 4590 1386 4643 ὅλων
1419 4590 1584 4644 αὐτοῦ
1632 4609 1650 4641 ι
1679 4589 1774 4642 τοῦ

183 4686 255 4735 ὲν
279 4684 420 4753 ἀρχῇ
456 4683 590 4752 πρὸς
609 4664 697 4735 τὸν
719 4682 850 4735 Θεὸν
873 4682 1007 4734 Θεοῦ
1041 4683 1214 4750 Λόγου
1247 4701 1264 4733 ι
1317 4681 1656 4754 προσειπών·
1686 4681 1776 4735 τὸν

181 4779 253 4831 δὲ
283 4776 474 4829 ἑαυτοῦ
507 4776 748 4848 διάδοχον
777 4775 984 4846 Ἰησοῦν
1005 4775 1395 4847 ἀναγορεύσας,
1431 4776 1497 4829 δι’
1526 4777 1584 4830 ὃν
1606 4775 1776 4840 ἔσωζε

185 4870 292 4923 καὶ
317 4869 478 4930 αὐτὸς
505 4869 673 4920 τύπον
706 4867 800 4919 τοῦ
837 4867 1088 4938 Σωτῆρος
1119 4866 1273 4938 ἡμῶν
1307 4867 1478 4938 Ἰησοῦ
1499 4906 1514 4931 ,
1545 4867 1603 4930 ὃς
1637 4884 1777 4920 παυ-

186 4962 445 5031 σαμένης
473 4961 574 5030 τῆς
605 4961 694 5014 διὰ
716 4960 991 5023 Μωῦσέως
1012 4959 1412 5030 παραδοθείσης
1436 4959 1777 5030 συμϐολικῶς

185 5052 475 5124 λατρείας,
497 5055 588 5105 καὶ
620 5053 806 5106 τοῦτόν
833 5071 948 5114 πως
966 5053 1056 5105 τὸν
1083 5053 1279 5124 τρόπον
1299 5053 1578 5116 Μωῡσέως
1597 5053 1773 5106 τελευ-

188 5145 498 5213 τήσαντος,
540 5143 637 5214 τὴν
678 5146 755 5206 εἰς
796 5143 856 5196 τὸ
899 5143 1038 5196 θεῖον
1066 5144 1343 5198 εὐσέϐειαν
1375 5144 1774 5214 διαδεξάμενος,

186 5235 384 5298 στάσας
413 5235 509 5305 μὲν
535 5236 632 5298 τὰς
661 5236 923 5306 ἁοράτους
957 5236 1211 5306 δυνάμεις
1249 5236 1648 5308 ἀνθισταμένας
1681 5240 1746 5291 αὐ
1766 5270 1778 5279 -

184 5327 294 5381 τοῦ
322 5328 402 5398 τῷ
426 5329 568 5398 λόγῳ
595 5329 814 5400 πολέμῳ
847 5331 1074 5400 νικήσας
1102 5332 1447 5403 κεχείρωται,
1486 5333 1583 5402 τὴν
1605 5333 1650 5386 δ’
1671 5334 1776 5387 ὑπὸ

1883 4592 2187 4662 appellans,
2215 4604 2310 4659 per
2335 4602 2497 4658 quem
2525 4587 2778 4641 servabat
2801 4591 2855 4640 et
2882 4585 3000 4654 ipse
3024 4592 3212 4655 typum
3261 4581 3453 4637 Salva-

1881 4686 2018 4739 toris
2047 4683 2218 4737 nostri
2238 4679 2390 4746 Jesu,
2421 4679 2540 4748 qui,
2573 4677 2826 4733 absoluto
2861 4691 3021 4746 quem
3047 4674 3456 4746 Moyses‘tradi-

1882 4779 2037 4834 derat
2083 4774 2384 4846 symbolico
2444 4773 2640 4834 cultu,
2697 4769 2989 4840 Moyseque
3045 4766 3456 4836 quodammodo

1884 4883 2121 4934 mortuo,
2146 4883 2270 4922 cum
2303 4868 2560 4936 pietatem
2593 4865 2649 4918 in
2676 4863 2844 4919 Deum
2882 4863 3205 4932 accepisset,
3257 4874 3457 4915 omnes

1885 4963 2190 5020 invisibiles
2223 4958 2497 5028 potentias
2542 4955 2648 5010 sibi
2699 4954 3074 5018 adversantes,
3105 4953 3280 5006 victas
3311 4965 3455 5019 prae--

1881 5059 1975 5121 lio,
2010 5054 2174 5109 verbo
2214 5049 2516 5122 superavit,
2549 5048 2972 5114 universamque
3008 5052 3205 5098 terram
3266 5043 3334 5095 ab
3382 5043 3454 5098 iis

1885 5148 2168 5223 tyrannice
2198 5144 2440 5199 habitam
2468 5140 2743 5212 propriam
2774 5137 2900 5192 fecit
2922 5138 2974 5190 in
2996 5135 3253 5189 omnibus
3276 5135 3450 5203 genti-

1883 5246 1987 5299 bus
2009 5237 2438 5312 possessionem,
2475 5247 2683 5303 suoque
2712 5232 2895 5287 divisit
2926 5230 3146 5302 populo,
3187 5227 3454 5282 Ecclesiis

1884 5338 1938 5390 in
1971 5333 2225 5388 universa
2245 5336 2392 5384 terra
2415 5325 2749 5382 constitutis.

183 5426 428 5488 ταύταις
455 5427 669 5479 ἃπασαν
700 5427 1134 5498 τυραννουμένην
1159 5428 1280 5497 γῆν,
1309 5428 1405 5499 τὴν
1437 5431 1495 5484 ἐν
1523 5431 1654 5484 πᾶσι
1685 5435 1796 5495 τοῖς
1834 5432 2038 5486 ἔθνεσιν
2073 5427 2202 5481 ἴδιον
2235 5424 2422 5495 κτῆμα
2456 5421 2842 5493 ποιησάμενος,
2876 5417 2954 5488 τῷ
2981 5413 3175 5470 ἑαυτοῦ
3213 5411 3328 5484 λαῷ
3364 5411 3453 5464 δια

183 5521 309 5574 τῶν
333 5520 440 5573 ἀνὰ
468 5523 643 5575 πᾶσαν
670 5522 766 5592 τὴν
789 5524 1109 5594 οἰκουμένην
1137 5524 1467 5595 Ἐκκλησιῶν
1505 5526 2048 5599 κατεκληροδότησεν.

276 5801 316 5830 ιτ
362 5797 530 5853 Exod.
564 5813 719 5864 xxiii,
757 5797 845 5852 2L
925 5800 966 5830 ³⁸
1005 5797 1194 5856 Matth.
1227 5814 1316 5866 ιι,
1353 5799 1437 5854 10.
1516 5801 1555 5832 ‘9
1594 5796 1762 5851 Exod.

1877 5813 1963 5862 ιιι,
1998 5795 2086 5850 ‘2l.
2162 5795 2207 5826 ²⁰
2243 5792 2402 5848 Num.
2441 5805 2560 5855 mi,
2598 5789 2680 5846 l7.
2757 5789 2798 5819 “
2839 5785 2996 5841 Joan.
3034 5799 3085 5839 ι.
3126 5784 3182 5838 1.
