3868 6264
547 322 680 378 1059

1138 431 1368 487 CAPUT
1402 431 1515 487 XII.

616 548 631 579 ι
653 526 1294 597 Cumqucingrederetur
1330 525 1543 598 Moyses
1589 528 1642 580 in
1673 527 2104 590 tabernaculum,

542 615 912 674 descendebat
955 619 1208 672 columna
1243 617 1427 682 nubis,
1463 629 1521 672 et
1562 619 1741 672 stabat
1771 618 1835 672 ad
1881 619 2106 680 ostium,

535 707 973 778 loquebatu_rquc
1024 723 1149 763 cum
1201 707 1402 779 Moyse,
1441 709 1789 764 cernentibus
1839 709 2108 764 universis

531 797 678 866 quod
706 801 959 854 columna
997 801 1158 856 nubis
1194 809 1363 855 staret
1395 802 1460 856 ad
1496 802 1696 856 ostium
1749 801 2103 857 tabernaculi.

531 890 873 962 Stabantque
908 893 1011 962 ipsi
1059 904 1112 947 et
1140 893 1442 947 adorabant
1481 910 1576 963 per
1607 893 1754 948 fores
1781 894 2105 948 tabernacu-

532 983 711 1036 lorum
774 999 1022 1038 suorum.
1088 985 1436 1055 Loquebatur
1493 995 1670 1040 autem
1722 985 1983 1041 Dominus
2039 987 2105 1041 ad

531 1072 773 1144 Moysem
808 1075 948 1130 facie
982 1077 1046 1129 ad
1082 1077 1296 1140 faciem,
1329 1077 1471 1131 sicut
1497 1078 1634 1132 solet
1669 1079 1814 1147 loqui
1846 1079 2008 1132 homo
2038 1079 2105 1133 ad

529 1170 766 1222 amicum
803 1185 985 1223 suum.
1018 1169 1265 1240 Cumque
1297 1171 1386 1226 ille
1424 1180 1784 1227 reverteretur
1812 1174 1868 1227 in
1899 1182 2102 1239 castra,

527 1259 779 1313 minister
813 1259 934 1329 ejus
957 1259 1124 1316 Josue
1153 1262 1297 1318 [ilius
1324 1262 1464 1326 Nun,
1499 1278 1650 1332 puer,
1683 1279 1790 1316 non
1819 1263 2105 1318 recedebat

528 1349 600 1404 de
628 1351 1008 1408 tabernaculo.
1048 1352 1194 1406 Dixit
1221 1361 1401 1406 autem
1427 1351 1641 1423 Moyses
1672 1355 1735 1408 ad
1770 1353 2056 1408 Dominum
2087 1375 2098 1409 :

525 1439 792 1510 Praecipis
829 1450 888 1495 ut
917 1442 1142 1496 educam
1177 1443 1432 1513 pupulum
1464 1443 1616 1498 illum
1647 1463 1658 1498 :
1696 1453 1749 1499 et
1805 1460 1912 1499 non
1961 1445 2104 1500 indi-

524 1547 620 1586 cas
653 1532 782 1587 mihi
841 1548 1004 1603 quem
1058 1533 1330 1588 missurus
1377 1549 1438 1590 es
1489 1550 1702 1590 mecum
1739 1575 1755 1602 ,
1801 1537 2101 1606 praesertim

527 1640 655 1678 cum
703 1625 952 1680 dixeris:
1013 1624 1146 1678 Novi
1206 1633 1260 1680 te
1311 1641 1376 1680 ex
1443 1627 1682 1690 nomine,
1736 1637 1788 1682 et
1845 1627 2101 1681 invenisti

523 1718 758 1784 gratiam
791 1731 978 1770 coram
1013 1733 1119 1771 me.
1158 1715 1215 1770 Si
1246 1732 1376 1786 ergo
1409 1719 1587 1773 inveni
1622 1719 1853 1788 gratiam
1886 1719 1941 1773 in
1968 1735 2100 1774 con-

1256 317 1522 373 EUSEBII
1560 317 2041 374 CAESARIENSIS
2078 316 2226 372 OPP.
2265 317 2451 372 PARS
2494 315 3070 372 lll.-—EXECETIC:\.

3590 325 3690 384 l060

2139 437 2186 492 Α
2724 429 3114 482 ΚΕΦΑΛΑΙΟΝ
3155 427 3253 481 lB’.

2284 540 2300 572 ι
2325 522 2517 577 Ἠνίκα
2535 522 2578 575 δ’
2605 521 2669 575 ἂν
2693 521 2906 594 εἰσῆλθε
2923 521 3160 590 Μωῦσῆς
3177 523 3254 583 είς
3272 521 3367 592 τὴν
3397 523 3585 594 σκηνὴν,
3601 545 3692 582 κατ.

2210 612 2420 666 έϐαινεν
2469 617 2496 666 6
2550 614 2736 678 στῦλος
2773 601 2873 684 τῆς
2915 612 3161 683 νεφέλης,
3201 612 3292 665 καὶ
3329 613 3496 668 ἵστατο
3529 617 3694 671 ἐπὶτῶν

2208 706 2384 777 θυρῶν
2413 706 2512 776 τῆς
2546 707 2747 777 σκηνῆς
2765 747 2780 770 ,
2812 706 2906 760 καὶ
2934 706 3160 768 στάντες
3183 706 3210 757 6
3235 705 3358 768 λαὸς
3379 745 3394 768 ,
3424 710 3692 780 προσεκύνη-

2208 816 2306 851 σαν
2352 799 2578 863 ἒκαστος
2621 800 2728 853 ἀπὸ
2773 798 2871 868 τῆς
2917 799 3135 868 σκηνῆς.
3178 799 3284 851 Kal
3321 797 3524 870 ἐλάλησε
3545 801 3694 874 Κύριος

2207 891 2340 961 πρὸς
2368 892 2605 962 Μωῡσῆν
2631 931 2645 955 ,
2681 890 2908 953 ὲνὼπιος
2937 891 3152 961 ὲνωπίῳ
3173 931 3188 952 ,
3228 891 3302 955 ὡς
3342 893 3389 944 εί
3420 892 3610 964 λαλήσαι
3638 916 3694 960 τις

2207 981 2341 1052 πρὸς
2371 981 2522 1050 φίλον
2556 980 2751 1034 ἑαυτοῦ
2771 999 2784 1011 ·
2815 981 2907 1033 καὶ
2928 981 3302 1052 ἀπηλλάττετο
3327 984 3404 1045 εἰς
3423 985 3510 1054 τὴν
3534 1003 3695 1057 παρεμ.

2204 1071 2364 1142 ϐολήν
2386 1087 2398 1098 ·
2432 1074 2460 1124 6
2503 1071 2558 1123 δὲ
2599 1069 2850 1141 θεράπων
2882 1071 3044 1124 αὑτοῦ
3087 1070 3290 1141 Ἰησοῦς
3323 1074 3429 1136 υἱὸς
3465 1075 3594 1145 Ναυῆ
3625 1080 3696 1131 οὐκ

2204 1162 2555 1234 ἐξεπορεύετο
2589 1164 2653 1215 ἐκ
2681 1163 2782 1232 τῆς
2813 1163 3036 1233 σκηνῆς.
3070 1164 3177 1216 Kal
3197 1159 3316 1217 εἷπε
3352 1167 3565 1236 Μωῡσῆς
3600 1171 3696 1240 πρὸς

2204 1256 2427 1327 Κύριον’
2459 1255 2610 1320 Ἰδοὺ,
2647 1255 2711 1307 σὺ
2743 1255 2915 1323 λέγεις
2949 1273 3058 1326 μοι’
3078 1257 3341 1325 Ἀνάγαγε
3367 1258 3451 1310 τὸν
3480 1259 3585 1314 λαὸν
3612 1265 3698 1316 τοῦ.

2199 1371 2310 1417 τον,
2345 1355 2408 1406 σὺ
2442 1353 2500 1405 δὲ
2526 1353 2624 1405 οὐκ
2661 1351 2936 1424 ὲδήλωσάς
2972 1369 3094 1422 μοι,
3127 1351 3185 1405 ὂν
3213 1353 3277 1405 σὺ
3312 1353 3592 1418 ἀποστελεῖς
3617 1361 3694 1427 μετ’

2201 1444 2334 1514 ἐμοῦ
2353 1462 2364 1473 ·
2417 1445 2480 1498 σὺ
2525 1443 2580 1496 δέ
2615 1460 2706 1514 μοι
2749 1438 2908 1505 εἶπας
2931 1457 2945 1470 ’
2980 1439 3111 1497 Οἶδά
3143 1460 3202 1496 σε
3233 1444 3382 1514 παρὰ
3412 1446 3697 1512 uanae,le

2201 1537 2344 1607 ἔχεις
2391 1537 2550 1608 χάριν
2587 1535 2718 1606 παρ’
2743 1535 2882 1606 ἐμοί.
2912 1537 2974 1588 El
3001 1531 3094 1588 οὖν
3121 1535 3329 1608 εὕρηκα
3355 1539 3500 1608 χάριν
3522 1541 3698 1594 ἐναντίον

2202 1649 2317 1692 σου,
2353 1631 2651 1701 ὲμφάνισόν
2687 1647 2776 1700 μοι
2806 1629 3030 1682 σεαυτόν
3053 1647 3064 1657 ·
3091 1630 3346 1698 γνωστῶς
3377 1630 3463 1684 ἴδω
3497 1650 3573 1694 σε,
3594 1634 3698 1696 ὅπως

2203 1723 2268 1776 ἂν
2301 1718 2343 1775 ὦ
2371 1721 2619 1793 εὑρηκὼς
2659 1721 2816 1793 χάριν
2844 1722 3080 1774 ἐναντίον
3117 1738 3241 1784 σου,
3283 1723 3374 1775 καὶ
3412 1724 3491 1776 ἵνα
3529 1725 3617 1792 γνῶ
3643 1726 3697 1778 ἂιι

524 1820 712 1877 spectu
740 1816 856 1872 tuo,
898 1810 1126 1865 ostende
1172 1811 1305 1864 mihi
1365 1809 1558 1865 faciem
1593 1821 1740 1864 tuam
1765 1851 1779 1876 ,
1838 1819 1897 1865 ut
1931 1812 2096 1866 sciam

2204 1815 2326 1890 λαός
2360 1791 2452 1867 σου
2486 1791 2546 1867 τὸ
2573 1791 2939 1877 ἔθνος-τοῦτο.
2995 1814 3104 1866 Kal
3148 1814 3315 1882 λέγει·
3361 1816 3518 1878 Αὐτὸς
3553 1833 3700 1887 προπο-

524 1919 597 1973 te,
629 1916 682 1963 et
707 1909 982 1964 inveniam
1019 1910 1249 1979 gratiam
1297 1917 1423 1965 ante
1452 1910 1641 1964 oculos
1670 1917 1794 1964 tuos
1828 1925 1842 1962 :
1893 1910 2104 1980 respice

523 2001 787 2070 populum
821 2010 977 2055 tuum
1027 2011 1240 2071 gentem
1277 2002 1434 2058 hanc.
1492 2000 1746 2072 Dixitque
1798 1999 2100 2058 Dominus:

528 2091 718 2147 Facies
758 2108 876 2148 mea
914 2093 1181 2162 praecedet
1227 2105 1298 2157 te,
1333 2104 1387 2149 et
1420 2095 1663 2165 requiem
1708 2094 1852 2150 dabo
1886 2097 2005 2149 tibi.
2038 2094 2104 2149 Et

524 2185 600 2237 ait
631 2183 844 2256 Moyses
868 2203 885 2238 τ
925 2185 982 2240 Si
1035 2202 1142 2240 non
1175 2194 1230 2240 tu
1278 2187 1394 2256 ipse
1450 2187 1748 2256 praecedas,
1785 2203 1854 2242 ne
1900 2188 2102 2242 educas

524 2292 628 2332 nos
659 2277 726 2332 de
756 2279 880 2332 loco
910 2278 1036 2333 isto.
1074 2279 1130 2332 ln
1163 2293 1274 2349 quo
1325 2281 1470 2334 enim
1502 2281 1647 2336 scire
1677 2281 1973 2348 poterimus
2002 2296 2102 2351 ego

519 2376 574 2422 et
603 2371 836 2440 populus
862 2379 990 2426 tuus
1020 2372 1298 2427 invenisse
1330 2387 1430 2427 nos
1463 2373 1692 2443 gratiam
1723 2374 1776 2428 in
1804 2381 2102 2444 conspectu

522 2473 639 2526 tuo,
671 2463 778 2517 nisi
803 2463 1170 2520 ambulaveris
1199 2466 1510 2528 nobiscum,
1549 2474 1607 2519 ut
1636 2467 2002 2537 gloriﬁccniur
2034 2467 2102 2520 ab

520 2555 776 2610 omnibus
808 2556 1026 2625 populis
1054 2557 1146 2628 qui
1187 2557 1434 2612 habitant
1472 2573 1637 2628 super
1686 2566 1909 2614 terram.
1958 2558 2102 2612 Dixit

522 2653 704 2702 autem
757 2645 1025 2703 Dominus
1077 2650 1141 2702 ad
1205 2647 1485 2720 Moysem:
1535 2649 1598 2704 Et
1648 2651 1871 2704 verbum
1929 2651 2096 2716 istud,

519 2739 666 2809 quod
697 2739 916 2795 locutus
945 2757 1028 2805 es,
1083 2739 1279 2796 faciam
1315 2727 1326 2795 Ξ
1379 2743 1637 2798 invenisti
1678 2743 1820 2798 enim
1871 2746 2098 2813 gratiam

518 2855 706 2895 coram
749 2857 857 2906 me,
891 2849 947 2898 et
995 2842 1272 2913 te-ipsum
1305 2844 1428 2898 novi
1459 2859 1522 2899 ex
1564 2845 1802 2899 nomine.
1848 2844 1951 2911 Qui
1983 2847 2094 2901 ait:

517 2932 763 2990 Ostende
797 2935 929 2988 milii
954 2935 1186 3005 gloriam
1211 2945 1384 2992 tuam.
1412 2936 1713 3006 Respondit
1742 2957 1756 2992 :
1785 2939 1895 3009 Ego
1923 2951 2102 2995 osten-

517 3026 644 3078 dam
683 3039 845 3078 oume
875 3024 1078 3078 bonum
1130 3026 1249 3089 tibi,
1285 3036 1340 3080 et
1373 3029 1579 3083 vocabo
1628 3030 1684 3083 in
1735 3031 1955 3086 nomine
1989 3031 2097 3087 Do-

2205 1909 2465 1981 ρεύσομαι
2499 1909 2590 1962 καὶ
2621 1907 2955 1961 καταπαύσω
2984 1923 3063 1959 σε.
3098 1909 3206 1960 Kal
3244 1908 3392 1976 λέγει
3422 1912 3542 1978 πρὸς
3567 1911 3696 1964 αὐτόν·

2205 2005 2266 2055 El
2298 2005 2370 2073 μὴ
2396 2002 2555 2066 αὐτὸς
2588 2002 2650 2053 σὺ
2682 2001 3022 2073 συμπορεύῃ,
3063 2001 3133 2071 μὴ
3163 2018 3229 2070 με
3277 2003 3541 2073 ἀναγάγῃς
3573 2005 3700 2057 ἐντεῦο

2202 2096 2314 2148 θεν.
2350 2095 2460 2147 Kal
2491 2093 2608 2156 πῶς
2632 2093 2870 2161 γνωστὸν
2896 2093 3046 2145 ἔσται
3071 2094 3150 2146 ὅτι
3179 2093 3390 2164 εὕρηκα
3434 2095 3572 2164 χάριν
3597 2097 3700 2168 παρὰ

2205 2187 2286 2239 col
2313 2185 2422 2254 ἐγὼ
2456 2187 2551 2238 καὶ
2591 2187 2618 2237 6
2645 2184 2770 2247 λαός
2803 2201 2894 2236 σου
2921 2227 2935 2250 ,
2962 2185 3074 2237 ἀλλ’
3106 2185 3138 2255 ἢ
3170 2187 3614 2257 συμπορευομένου
3638 2204 3699 2239 σου

2205 2278 2320 2348 μεθ’
2349 2276 2538 2348 ἡμῶν;
2573 2277 2665 2329 καὶ
2697 2275 3196 2348 ὲνδοξασθησόμεθα
3221 2277 3332 2345 ἐγώ
3358 2295 3414 2331 τε
3451 2279 3576 2332 καὶὸ
3613 2278 3700 2342 λαός

2205 2387 2295 2423 σου
2329 2369 2477 2440 παρὰ
2509 2369 2685 2423 πάντα
2716 2368 2786 2421 τὰ
2817 2367 2965 2437 ἔθνη,
2993 2369 3094 2422 ὃσα
3124 2371 3215 2422 ἐπὶ
3235 2371 3336 2440 τῆς
3363 2370 3464 2440 γῆς
3485 2374 3598 2424 ἐστι.
3628 2372 3701 2422 Καὶ

2203 2459 2353 2516 εἶπεν
2375 2465 2403 2514 6
2433 2461 2633 2533 Κύριος
2662 2462 2796 2534 πρὸς
2815 2462 3078 2531 Μωῦσῆνο
3111 2465 3219 2515 Kal
3249 2463 3340 2515 τὸν
3363 2463 3507 2532 λόγον
3533 2480 3599 2516 σοι
3619 2464 3700 2515 τοῦ·

2201 2571 2312 2618 τον,
2341 2554 2399 2606 ὃν
2425 2553 2673 2624 εἴρηκας,
2701 2554 2908 2624 ποιήσω
2928 2571 2940 2583 ’
2969 2554 3208 2624 εὕρηκας
3231 2553 3342 2624 γὰρ
3365 2554 3513 2625 χάριν
3537 2552 3702 2606 ἐνώπιόν

2205 2665 2327 2717 μου,
2365 2648 2457 2700 καὶ
2482 2642 2598 2700 οἶδά
2627 2663 2684 2698 σε
2716 2645 2866 2717 παρὰ
2897 2645 3246 2710 πάντας,,καὶ
3274 2646 3421 2715 ἔχεις
3461 2645 3596 2718 χάριν
3615 2645 3701 2715 παρ’

2200 2742 2343 2812 ὲμοί.
2372 2741 2480 2792 Καὶ
2508 2735 2658 2792 εἶπεν
2678 2755 2689 2766 ·
2723 2739 2904 2804 Δεῖξόν
2936 2755 3024 2808 μοι
3049 2739 3146 2810 τὴν
3182 2738 3410 2790 σεαυτοῦ
3441 2739 3595 2804 δόξαν.
3632 2739 3704 2791 Καὶ

2200 2831 2370 2888 εἶπεν·
2408 2833 2548 2902 Ἐγὼ
2597 2832 3001 2905 παρελεύσομαι
3049 2832 3307 2904 πρότερος
3358 2836 3423 2904 τῇ
3616 2848 3703 2902 μου,

2199 2926 2292 2980 καὶ
2341 2925 2554 2978 καλέσω
2599 2927 2656 2977 ὲν
2697 2923 2920 2994 ὀνόματι
2970 2924 3176 2993 Κυρίου
3219 2925 3461 2978 ἐναντίον
3502 2941 3606 2976 σου·
3642 2923 3706 2974 καὶ

2200 3019 2427 3089 ἐλεήσω,
2455 3017 2514 3070 ὃν
2538 3017 2603 3070 ἂν
2633 3016 2786 3079 ἐλεῶ,
2820 3017 2915 3069 καὶ
2938 3017 3284 3087 οἰκτειρήσω,
3316 3018 3380 3072 ὃν
3409 3018 3471 3072 ἂν
3494 3016 3703 3086 οἰκτείρω.

516 3117 652 3170 mini
677 3131 864 3170 coram
897 3126 988 3171 te:
1026 3125 1082 3173 et
1122 3119 1427 3175 miserebor
1461 3122 1552 3174 cui
1588 3122 1832 3184 voluero,
1878 3133 1933 3179 et
1985 3127 2096 3181 cle-

2202 3113 2313 3166 Kal
2343 3106 2513 3163 εἶπεν
2536 3110 2610 3163 Οὐ
2639 3109 2842 3180 δυνήσῃ
2874 3107 2997 3162 [δεῖν
3022 3108 3082 3160 τὸ
3107 3111 3401 3178 πρόσωπόν
3430 3127 3546 3181 μου’
3570 3110 3706 3177 οὐγὰρ

516 3226 673 3266 mens
703 3225 798 3266 ero
830 3211 885 3264 in
907 3227 1070 3281 quem
1104 3212 1236 3266 mihi
1274 3215 1559 3283 placuerit.
1599 3215 1947 3287 Rursumque
1981 3219 2094 3274 ait:

514 3302 636 3359 Non
677 3305 880 3376 poteris
922 3304 1109 3360 videre
1142 3304 1334 3360 faciem
1366 3322 1540 3361 meam
1571 3323 1585 3361 :
1624 3325 1731 3362 non
1766 3310 1909 3364 enim
1949 3311 2100 3365 vide-

519 3394 602 3450 bit
633 3411 721 3451 me
747 3397 934 3462 homo,
967 3405 1022 3451 et
1058 3397 1224 3452 vivet.
1277 3395 1343 3450 Et
1395 3397 1591 3453 iterum
1623 3419 1638 3454 :
1686 3400 1847 3466 Ecce,
1901 3404 2098 3473 inquit,

513 3503 600 3552 est
663 3497 819 3554 locus
853 3497 999 3568 apud
1053 3514 1160 3565 me,
1192 3507 1247 3554 et
1277 3499 1453 3556 stabis
1518 3516 1681 3571 supra
1739 3512 1990 3574 petram;
2046 3515 2099 3562 et

514 3600 796 3664 protegam
859 3591 1086 3647 dextera
1149 3608 1269 3646 mea
1301 3632 1316 3658 ,
1367 3593 1542 3648 donec
1607 3602 1923 3650 transeam:
1990 3599 2097 3652 tolo

527 3695 744 3767 Iamque
771 3709 994 3750 manum
1024 3711 1222 3760 meam,
1253 3706 1319 3772 et,
1347 3697 1560 3753 videbis
1591 3701 1891 3769 posteriora
1935 3718 2054 3758 mea
2080 3725 2094 3759 :

517 3787 717 3842 faciem
754 3794 940 3842 autem
984 3802 1160 3843 meam
1213 3788 1399 3844 videre
1450 3805 1561 3845 non
1607 3794 1815 3863 poteris
1855 3795 1944 3862 ";
1985 3815 2002 3847 ι
2044 3804 2098 3849 et

515 3888 752 3958 reliqua.
810 3885 1021 3953 Quibus
1083 3887 1272 3943 addit:
1335 3907 1354 3940 ι
1425 3887 1671 3962 Cumque
1725 3893 2097 3952 descendisset

515 3979 781 4036 Dominus
808 3996 906 4052 per
934 3981 1157 4048 nubem,
1187 3982 1337 4037 stetit
1377 3981 1593 4054 Moyses
1636 4001 1761 4040 cum
1797 4002 1885 4052 eo,
1941 3990 2097 4045 invo-

515 4091 651 4132 cans
692 4091 891 4132 nomen
937 4063 1175 4133 Domini.
1229 4074 1350 4147 Quo
1401 4090 1721 4138 transeunte
1770 4098 1956 4139 coram
2008 4099 2093 4149 eo,

519 4170 642 4225 ait:
695 4167 1016 4226 Dominator
1068 4168 1298 4228 Domine
1347 4171 1512 4238 Deus,
1550 4175 1866 4232 misericors
1899 4187 1953 4231 et
1984 4177 2096 4232 cle-

516 4277 697 4327 mens,
732 4263 947 4332 patiens
975 4271 1030 4318 et
1059 4264 1244 4318 multa:
1269 4264 1659 4331 miserationis,
1689 4283 1753 4322 ac
1781 4284 1968 4336 verax,
2003 4271 2095 4340 qui

517 4354 770 4433 custodis
803 4354 1238 4411 misericordiam
1280 4357 1336 4418 in
1380 4358 1590 4414 millia:
1643 4361 1736 4430 qui
1770 4362 1953 4418 aufers
1993 4363 2096 4417 ini-

505 4441 808 4519 quitatem,
838 4457 893 4504 et
912 4448 1146 4514 scelera,
1174 4457 1336 4521 atque
1363 4460 1607 4521 peccata,
1635 4454 1930 4525 nullusque
1951 4455 2094 4526 apud

515 4547 572 4598 te
603 4557 698 4611 per
737 4556 796 4596 se
824 4541 1092 4598 innocens
1122 4551 1237 4610 est;
1271 4542 1366 4613 qui
1402 4543 1585 4600 reddis
1619 4546 1961 4617 iniquitatem
1994 4564 2093 4619 pa-

515 4641 666 4688 tr'um
725 4633 852 4689 ﬁliis
903 4641 968 4689 ac
1023 4635 1312 4706 nepotibus
1359 4637 1412 4690 in
1469 4639 1682 4692 tertiam
1733 4646 1787 4694 et
1839 4648 2089 4711 quartam

517 4729 856 4798 progeniem.
885 4729 1251 4803 Festinusque
1281 4732 1493 4807 Moyses
1533 4746 1794 4795 curvatus
1826 4749 1911 4795 est
1966 4757 2093 4811 pro-

515 4821 700 4876 nusin
732 4828 957 4888 terram,
1009 4833 1062 4878 et
1096 4826 1333 4881 adorans
1383 4829 1500 4884 ait:
1541 4828 1596 4883 Si
1639 4832 1822 4886 inveni
1859 4836 2090 4903 gratiam

518 4913 577 4970 in
623 4925 924 4986 conspectu
976 4926 1092 4982 tuo,
1147 4919 1396 4986 Domine,
1447 4924 1678 4980 obsecro
1727 4936 1785 4980 ut
1827 4927 2096 4997 gradiaris

517 5005 810 5065 nobiscum
866 5006 1006 5063 facie
1057 5009 1124 5063 ad
1161 5009 1354 5090 faciem
1381 5013 1445 5066 ".
1486 5032 1504 5063 ι
1559 5013 1773 5086 Moyses
1817 5033 1941 5072 cum
1985 5019 2093 5073 Deo

517 5099 823 5155 collocutus
879 5099 1156 5157 inducitur
1204 5119 1266 5159 ea
1321 5105 1516 5161 fiducia
1549 5115 1603 5162 et
1659 5109 1928 5172 libertate,
1986 5130 2093 5183 qua

519 5197 767 5245 uteretur
796 5191 1006 5248 amicus
1039 5209 1164 5248 cum
1206 5196 1384 5250 amico
1417 5197 1798 5262 confabulaus.
1855 5203 2093 5273 Apparet

519 5291 702 5338 autem
731 5298 798 5338 ex
828 5283 952 5340 istis
977 5301 1086 5339 non
1115 5285 1401 5356 Propheta:
1434 5305 1796 5361 progressus;
1828 5296 1922 5350 sed
1954 5309 2095 5368 post-

520 5397 683 5452 quam
715 5384 1038 5453 loquebatur
1063 5385 1114 5441 ei
1144 5385 1404 5443 Dominus
1445 5390 1584 5446 facie
1611 5392 1678 5447 ad
1733 5393 1951 5460 faciem,
1984 5414 2092 5454 non

519 5483 702 5531 tamen
736 5492 977 5546 unquam
1022 5478 1176 5536 visus
1225 5489 1310 5535 est.
1357 5483 1406 5536 ei
1455 5484 1602 5538 sicut
1649 5486 1982 5555 Abrahamo,
2039 5502 2093 5547 et

521 5572 709 5630 lsaaco
737 5584 793 5631 et
822 5575 1048 5633 Jacobo.
1082 5580 1254 5650 Cujus
1304 5581 1470 5650 igitur
1499 5585 1730 5652 gratiam
1768 5590 1972 5657 expetit
2006 5591 2090 5646 di-

517 5680 656 5744 ¹(διεῖδε
709 5685 723 5720 :
782 5685 801 5717 ‹
863 5669 919 5722 Si
981 5671 1161 5726 inveni
1223 5673 1453 5743 gratiam
1507 5675 1563 5729 in
1617 5688 1911 5748 conspectu
1975 5692 2088 5749 tuo,

511 5827 536 5858 δ
579 5781 640 5856 ⁸³·
679 5776 848 5836 Exod.
885 5786 1094 5854 xxxnij,
1130 5786 1284 5842 θος-5.
1364 5788 1410 5820 ⁸³
1453 5787 1621 5843 Exod.
1666 5807 1866 5854 κων.
1902 5795 2022 5851 5-9.

2203 3204 2274 3275 μὴ
2301 3203 2386 3276 ἴδῃ
2403 3203 2462 3255 τὸ
2479 3202 2768 3274 πρόσωπόν
2792 3217 2890 3270 μου
2909 3199 3193 3271 ἄνθρωπος
3229 3201 3299 3269 (f.
3335 3204 3398 3258 10
3418 3205 3494 3273 v°)
3513 3201 3708 3272 καὶζήςς·

2197 3311 2303 3347 ται.
2359 3294 2466 3346 Kal
2505 3289 2625 3346 εἷπε
2671 3293 2893 3366 Κύριος·
2932 3295 3083 3359 Ἰδοὺ,
3112 3297 3274 3358 τόπος
3323 3296 3450 3368 παρ’
3480 3297 3606 3364 ἐμοὶ,
3645 3294 3706 3344 καὶ

2201 3389 2370 3457 στήσῃ
2400 3387 2492 3438 ἐπὶ
2515 3389 2613 3456 τῆς
2645 3386 2866 3453 πέτρας·
2893 3387 2984 3440 καὶ
3004 3389 3264 3441 σκεπάσω
3286 3392 3356 3460 τῇ
3387 3390 3519 3460 χειρί
3548 3403 3628 3458 μου
3645 3386 3705 3437 ἐπὶ

2201 3477 2280 3540 σὲ,
2330 3477 2434 3539 ἕως
2465 3475 2531 3530 ἂν
2549 3477 2840 3564 θπαρέλθω.
2878 3479 2985 3532 Kal
3039 3478 3222 3548 άφελῶ
3274 3482 3375 3553 τὴν
3430 3481 3572 3551 χεῖρά
3612 3494 3703 3548 μου.

2198 3569 2294 3621 καὶ
2319 3568 2437 3621 τότε
2461 3568 2566 3640 ὄψῃ
2604 3570 2671 3622 τά
2700 3569 2874 3623 ὀπίσω
2906 3589 3006 3641 μου
3023 3590 3035 3602 ο
3056 3571 3118 3624 τὸ
3146 3571 3201 3625 δὲ
3233 3573 3520 3645 πρόσωπόν
3542 3587 3622 3642 μου
3640 3570 3704 3619 οὐκ

2196 3659 2493 3730 ὀφθήσεταί
2553 3679 2656 3726 σοι,
2695 3683 2712 3712 ι
2747 3665 2839 3716 καὶ
2881 3664 2950 3717 τὰ
3001 3665 3146 3734 ἑξῆς,
3181 3658 3264 3728 οἷς
3311 3665 3566 3736 ἐπιφέρει*
3592 3682 3607 3713 ι
3635 3660 3705 3715 Καὶ

2197 3753 2402 3824 κατέϐη
2450 3753 2652 3826 Κύριος
2679 3755 2736 3806 ἐν
2765 3755 2963 3827 νεφέλῃ
2984 3797 2998 3821 ,
3030 3759 3126 3810 καὶ
3155 3758 3407 3829 παρέστη
3436 3755 3569 3827 αύτῷ
3598 3755 3702 3806 ἐκεῖ·

2198 3846 2291 3898 καὶ
2324 3846 2581 3899 ἐκάλεσεν
2612 3850 2670 3900 ὲν
2701 3847 2924 3918 ὀνόματι
2958 3849 3161 3920 Κυρίου
3182 3866 3194 3879 ο
3229 3852 3328 3902 καὶ
3358 3849 3607 3922 παρῆλθεν
3632 3846 3704 3898 liii-

2199 3955 2313 4008 ριος
2362 3939 2469 4009 πρὸ
2519 3938 2808 4009 προσώπου
2862 3940 3060 4006 αὑτοῦ,
3118 3943 3210 3995 καὶ
3261 3945 3517 3997 ἐκάλεσεο
3561 3939 3704 4009 Κύριος

2198 4027 2399 4099 Κύριος
2430 4029 2459 4080 6
2487 4029 2620 4093 Θεὸς
2655 4029 2952 4102 οἰκτίρμων
2993 4033 3084 4084 καὶ
3125 4031 3394 4104 ἐλεήμων,
3427 4031 3707 4104 μακρόθυμος

2198 4121 2291 4172 καὶ
2317 4120 2598 4183 πολυέλεος
2621 4123 2712 4174 καὶ
2733 4122 2984 4193 ἀληθινὸς
3005 4124 3096 4176 καὶ
3116 4125 3462 4196 δικαιοσύνην
3481 4121 3705 4192 διατηρῶν,

2198 4211 2366 4266 ποιῶν
2396 4212 2541 4276 ἕλεος
2570 4214 2650 4276 εἰς
2678 4214 2920 4284 χιλιάδας
2941 4257 2955 4279 ,
2997 4217 3247 4288 ἀφαιρῶν
3277 4220 3504 4290 ἀνομίας
3528 4217 3605 4270 καὶ
3630 4213 3708 4268 ἁδι-

2197 4305 2322 4366 κίας
2348 4304 2442 4356 καὶ
2489 4306 2761 4377 ἁμαρτίας
2786 4347 2800 4369 ,
2842 4310 2935 4361 καὶ
2975 4310 3065 4362 τὸν
3093 4309 3274 4381 ἔνοχον
3307 4313 3368 4364 οὺ
3402 4309 3623 4380 καθαριεῖ
3639 4307 3705 4358 ἒπ-

2197 4398 2345 4466 άγων
2374 4399 2602 4467 ἀνομίας
2623 4399 2875 4471 πατέρων
2897 4402 2988 4454 ἐπὶ
3015 4402 3202 4466 τέκνα,
3230 4405 3328 4456 καὶ
3357 4404 3449 4457 ἐπὶ
3476 4403 3620 4456 τέκνα
3645 4398 3705 4449 τέ-

2127 4508 2171 4564 D
2199 4506 2360 4553 κνων,
2392 4492 2484 4543 ἐπὶ
2515 4492 2704 4562 τρίτην
2723 4494 2816 4546 καὶ
2838 4495 2931 4547 ἐπὶ
2958 4496 3222 4566 τετάρτην
3240 4498 3456 4564 γενεάν.
3475 4497 3570 4549 Kal
3587 4488 3702 4546 073:3-

2201 4595 2300 4642 σας
2329 4581 2566 4652 Μωῦσῆς
2597 4583 2774 4651 κύψας
2799 4585 2890 4637 ἐπὶ
2928 4585 3024 4656 τὴν
3056 4587 3158 4657 γῆν
3201 4590 3614 4660 προσεκύνησεν,
3643 4583 3702 4634 καὶ

2200 4665 2353 4723 εἶπεν
2377 4689 2390 4702 ο
2420 4673 2481 4725 Et
2509 4673 2571 4743 δὴ
2596 4673 2808 4745 εὕρηκα
2829 4677 2985 4748 χάριν
3012 4678 3238 4732 ἐνώπιόν
3271 4698 3389 4744 σου,
3419 4680 3589 4751 Κύριε,
3611 4691 3701 4742 συμυ

2201 4763 2494 4836 πορεύθητι
2519 4767 2635 4838 μεθ’
2667 4767 2821 4839 ἡμῶν
2844 4769 3074 4834 ὲνὼπιος
3103 4773 3340 4844 ἐνωπίῳ.
3373 4793 3391 4826 ι
3429 4770 3634 4838 Μωῡσῆς
3651 4764 3700 4830 τῷ

2199 4859 2320 4929 Θεῴ
2351 4860 2525 4914 λαλῶν
2552 4863 2967 4934 ἀναγέγραπται
3003 4864 3140 4935 μετὰ
3172 4866 3408 4937 θάρσους
3434 4865 3520 4919 καὶ
3549 4861 3697 4930 παρρη-

2200 4952 2321 5016 σίας
2349 4953 2634 5024 τοσαύτης,
2667 4955 2858 5010 ὁποίαν
2885 4956 3082 5026 ἀγάγοι
3111 4957 3178 5011 ἂν
3209 4959 3302 5012 καὶ
3337 4958 3487 5026 φίλος
3513 4972 3584 5016 τις
3607 4949 3698 5014 ἀνὴρ

2195 5045 2396 5115 ὁμιλῶν
2425 5047 2616 5099 ἑαυτοῦ
2651 5047 2808 5119 φίλῳ.
2843 5049 3192 5121 Ἐμφαίνεται
3227 5052 3285 5104 δὲ
3329 5051 3417 5105 διά
3448 5048 3620 5102 τούτων
3635 5041 3696 5117 οὐχ

2196 5137 2228 5205 ἡ
2258 5136 2494 5207 τυχοῦσα
2535 5138 2628 5192 τοῦ
2665 5141 2949 5213 Προφήτου
2993 5146 3240 5214 προκοπὴ
3260 5161 3275 5174 ·
3304 5144 3419 5196 ἀλλ’
3448 5143 3555 5195 ἐπεὶ
3575 5135 3696 5190 ἐλάλει

2200 5228 2298 5297 μὲν
2324 5229 2474 5301 αὐτῷ
2501 5232 2704 5302 Κύριος
2731 5232 2960 5298 ὲνὼπιος
2983 5236 3216 5306 ὲνωπίῳ,
3245 5237 3306 5288 οὐ
3343 5235 3446 5306 μὴν
3476 5234 3558 5287 καὶ
3589 5224 3694 5293 ὤφθη

2200 5337 2288 5372 πω
2309 5321 2456 5393 αύτῷ
2485 5325 2684 5394 ὁμοίως
2709 5326 2788 5398 τῷ
2820 5327 3068 5399 Ἀϐραὰμ
3092 5329 3185 5382 κα)⁵
3219 5330 3404 5382 Ἰσαὰκ
3433 5331 3518 5382 καὶ
3541 5317 3680 5378 ’ἰαιαίὗ

2196 5413 2384 5467 τούτου
2413 5415 2474 5486 δὴ
2509 5417 2668 5487 χάριν
2712 5419 2854 5484 ἀξιοῖ
2896 5420 3088 5489 λέγων·
3127 5440 3144 5470 ι
3176 5422 3235 5473 ΕΞ
3267 5421 3333 5492 δὴ
3372 5420 3562 5491 εὕρηκα
3585 5413 3693 5485 χάριν

2197 5506 2435 5561 ἐναντίον
2462 5527 2588 5574 σου,
2633 5514 2928 5582 ὲμφάνισόν
2970 5531 3059 5585 μοι
3103 5516 3349 5581 σεαυτὸν,
3386 5503 3693 5583 γνωστιῖκεά)

2199 5614 2278 5652 σεο
2308 5618 2326 5651 ’
2365 5603 2442 5654 Δι’
2469 5598 2529 5657 οὗ
2556 5604 2882 5677 παρίστησιν
2910 5609 2992 5660 ὅτι
3027 5606 3100 5678 μὴ
3132 5607 3331 5677 ὁμοίως
3357 5608 3433 5679 τῷ
3455 5603 3604 5660 λαλεῖν
3625 5596 3689 5650 αὖ·

2196 5691 2270 5762 τῷ
2305 5694 2396 5746 καὶ
2437 5694 2532 5759 τάξ
2579 5698 2714 5768 πρὸς
2757 5701 2914 5753 αὐτὸν
2946 5703 3259 5772 ἐπιφανείας
3292 5705 3320 5755 6
3351 5701 3475 5762 Θεὸς
3502 5693 3688 5750 ἐποτᾶτο.
