3868 6264
183 345 210 399 1
221 347 310 402 061

1229 353 1524 410 ECLOGE
1568 354 2045 412 PROPHETICAE.
2089 389 2155 397 —
2192 356 2323 412 LIB.
2365 357 2405 413 1.

3294 353 3431 406 1062

189 470 246 522 El
272 468 403 542 γάρ,
434 471 509 535 ὡς
537 473 804 543 νομίσειεν
827 488 930 536 τις,
959 475 1153 527 ταυτόν
1181 477 1295 530 ἐστι
1323 478 1383 530 τὸ
1405 477 1754 548 λελαληκέναι

1864 477 2086 533 ostende
2119 479 2250 532 mihi
2304 477 2497 532 faciem
2535 487 2704 542 tuam,
2743 483 2802 530 ut
2836 477 3006 530 sciam
3048 482 3120 529 te.
3163 493 3181 524 ›
3221 472 3432 527 Exinde

188 560 331 631 αὐτῷ
355 562 446 615 τὸν
458 562 591 616 Θεὸν
613 582 630 615 ι
651 562 878 618 ἐνώπιον
906 566 1120 636 ἐνωπίῳ
1148 589 1165 617 ι
1199 566 1287 637 τῷ·
1305 562 1481 638 ὦφθαι
1498 569 1665 640 αὐτῷ,
1683 569 1756 632 ὡς

190 654 252 707 ἂν
279 654 420 707 εἴποι
448 672 551 718 τις,
572 656 889 727 «πρόσωπον
920 656 1053 727 πρὸς
1071 658 1380 728 πρόσωπον,
1408 679 1426 710 ›
1445 660 1538 712 καὶ
1560 661 1687 713 ποία
1712 660 1757 713 δ’

185 744 248 800 ἂν
284 745 374 800 ’ἐτι
427 746 581 819 χώρα
623 747 859 802 λείποιτο
902 752 966 822 τῇ
1015 750 1299 824 φασκούσῃ
1340 751 1504 805 αὐτοῦ
1540 751 1758 818 ἀξιώσει

187 840 264 892 τόο
305 858 324 890 ι
357 841 418 892 Εί
467 840 531 911 δὴ
560 839 770 912 εὕρηκα
808 842 966 914 χάριν
1020 843 1259 897 ἐναντίον
1305 862 1430 908 σου,
1464 845 1760 915 ἐμφάνισόν

188 948 270 1000 μοι
311 931 553 994 σεαυτὸν,
581 931 836 999 γνωστῶς
867 931 960 985 ῐδω
988 950 1076 999 σε;
1122 953 1140 986 ι
1177 934 1294 998 πῶς
1322 936 1399 1000 δέ,
1431 939 1479 988 εἰ
1507 939 1599 990 καὶ
1624 937 1759 1011 πρό-

183 1040 336 1094 τερον
379 1024 526 1094 αύῲ
573 1024 861 1097 πρόσωπον
911 1025 1049 1097 πρὸς
1096 1028 1385 1100 πρόσωπον
1435 1030 1511 1093 ὠς
1551 1030 1757 1101 οἰηθείη

187 1114 249 1167 ἄν
300 1132 403 1178 τις,
449 1115 687 1187 ἑωρᾶτο,
739 1118 988 1189 ἐπιφέρει
1043 1117 1214 1187 λέγων
1260 1119 1408 1190 αὐτῷ
1452 1123 1480 1174 6
1527 1122 1756 1192 Κύριος·

191 1224 209 1254 ι
241 1206 314 1258 Οὐ
350 1205 555 1280 δυνήσῃ
591 1206 715 1260 ἰδεῖν
756 1209 816 1261 τὸ
855 1210 1144 1281 πρόσωπόν
1176 1229 1306 1281 μου·
1344 1214 1404 1265 ού
1427 1213 1536 1284 γὰρ
1569 1213 1642 1285 μὴ
1677 1214 1760 1288 ἴδῃ

184 1297 243 1349 τὸ
270 1298 560 1370 πρόσωπόν
589 1317 688 1370 μου
711 1300 994 1374 ἄνθρωπος
1036 1304 1128 1356 καὶ
1162 1302 1418 1375 ζήσεται;
1450 1306 1574 1358 »Διὰ
1603 1307 1756 1372 τίδὲ,

185 1388 386 1457 λεγέτω
408 1392 435 1443 6
462 1389 798 1462 βουλόμενος,
823 1395 931 1447 οὐδ’
970 1394 1112 1461 ἅπαξ
1143 1397 1170 1448 ὁ
1197 1396 1352 1465 λόγος
1379 1400 1645 1471 μαρτυρεῖ
1674 1398 1761 1450 λέ-

186 1497 316 1547 γων,
356 1482 437 1534 ὅτι
472 1480 625 1553 ὤφθη
651 1483 797 1555 αὑτῷ
819 1486 847 1537 6
879 1486 1099 1557 Κύριος,
1135 1486 1209 1550 ὡς
1233 1487 1324 1540 ἐπὶ
1360 1486 1467 1540 τῶν
1491 1504 1758 1559 πατριαρ-

182 1573 293 1642 χῶν
323 1573 558 1646 εἰρηκὼς
582 1577 894 1648 τετήρηται*
933 1577 1068 1630 ἀλλὰ
1091 1577 1199 1649 γὰρ
1223 1578 1310 1632 διὰ
1336 1579 1541 1633 τούτων
1570 1579 1763 1650 πρόδη-

185 1667 296 1728 λον,
315 1666 394 1719 ὅτι
419 1670 466 1718 εἰ
492 1669 586 1720 καὶ
608 1667 782 1722 ἐλάλει
804 1668 951 1739 αὐτῷ
971 1670 1171 1740 Κύριος
1195 1689 1214 1722 ι
1237 1669 1465 1734 ἐνώπιος
1487 1671 1756 1740 ἐνωπίῳ,›

183 1761 333 1831 ὅμως
363 1760 451 1812 διὰ
487 1761 584 1831 τῆς
626 1762 850 1831 νεφέλης
882 1762 1056 1816 ἐλάλει
1096 1763 1242 1834 αὐτῷ
1263 1779 1275 1792 ’
1312 1763 1466 1816 τοῦτο
1488 1763 1596 1835 γὰρ
1624 1780 1758 1834 προ-

1859 571 1920 623 flt
1962 569 2312 624 manifestum
2345 569 2489 638 quod
2519 584 2627 622 non
2664 567 2805 622 idem
2835 573 2972 632 erat,
3013 581 3138 620 cum
3186 565 3436 634 loquere—

1858 672 1952 716 tur
1981 663 2030 717 ei
2071 661 2352 727 Dominus,
2384 670 2438 718 et
2459 677 2582 716 cum
2614 659 2967 716 manifestum
2997 659 3082 714 sui
3112 659 3291 715 visum
3323 655 3436 711 etii-

1857 764 2028 812 ceret.
2047 755 2103 810 Si
2123 755 2291 817 enim,
2315 763 2374 810 ut
2400 754 2644 810 nonnulli
2668 755 2983 810 existimare
3006 749 3436 822 possent,co|lo-

1860 856 2045 904 cutum
2065 848 2234 905 fuisse
2249 864 2370 904 cum
2390 863 2456 904 eo
2470 848 2638 902 Deum
2656 855 2953 918 conspectu
2971 848 3037 902 ad
3057 853 3431 916 conspectum.

1859 938 1999 993 idem
2019 947 2164 994 esset
2194 952 2257 993 ac
2291 941 2470 993 visum
2492 937 2663 994 fuisse
2683 939 2754 1002 ei,
2786 946 2842 992 ut
2868 938 2976 992 dici
3004 947 3207 1008 posset,
3248 955 3266 987 ί
3297 935 3436 990 facie

1859 1030 1928 1084 ad
1945 1027 2160 1094 faciem,
2174 1031 2327 1100 iquis
2348 1031 2466 1101 ejus
2495 1030 2850 1100 postulationi
2869 1031 3264 1099 relinqueretur
3282 1031 3434 1083 locus

1860 1121 2134 1176 dicentis:
2177 1139 2197 1172 ι
2250 1122 2324 1178 Si'
2347 1123 2529 1178 inveni
2574 1123 2804 1193 gratiam
2857 1122 2912 1175 in
2969 1130 3266 1191 conspectu
3316 1133 3433 1181 tuo,

1860 1213 2088 1268 ostende
2125 1213 2258 1269 mihi
2304 1213 2497 1269 faciem
2541 1222 2711 1276 tuam,
2758 1219 2816 1268 ut
2867 1213 3034 1269 sciam
3089 1221 3140 1267 te
3175 1213 3198 1266 ?
3233 1232 3252 1265 ο
3289 1211 3436 1278 Quo~

1860 1303 2025 1358 modo
2053 1312 2256 1369 autem,
2283 1305 2328 1362 si
2354 1313 2407 1361 et
2438 1306 2591 1376 prius
2615 1308 2666 1373 ei
2691 1304 2832 1360 facie
2858 1306 2924 1359 ad
2954 1304 3170 1367 faciem,
3206 1312 3266 1358 ut
3301 1320 3433 1358 non-

1863 1395 2001 1448 nulli
2031 1404 2309 1466 putarent,
2339 1396 2490 1452 visus
2524 1395 2742 1460 fuisset,
2772 1395 2993 1465 subjicit
3021 1394 3211 1450 dicens
3241 1395 3288 1449 ei
3333 1394 3440 1448 Do-

1865 1485 2086 1544 minus:
2134 1504 2154 1538 ‹
2192 1485 2310 1542 Νοη
2346 1485 2553 1556 poteris
2601 1486 2787 1542 videre
2828 1485 3024 1541 faciem
3059 1501 3272 1540 meam:
3327 1499 3438 1540 non

1861 1578 2007 1632 enim
2036 1577 2242 1633 videbit
2268 1593 2355 1634 me
2395 1578 2558 1632 homo
2589 1585 2644 1633 et
2691 1577 2871 1633 vivet?
2911 1597 2931 1631 ι
2973 1576 3247 1647 Quidquid
3273 1576 3439 1645 objici

1863 1671 2058 1740 possit,
2110 1686 2222 1725 non
2281 1672 2455 1726 semel
2515 1670 2763 1724 narratio
2816 1676 3208 1724 commemorat
3259 1668 3438 1722 visum

1865 1759 2036 1819 fuisse
2069 1763 2120 1818 ei
2150 1763 2468 1826 Dominum,
2500 1769 2560 1816 ut
2588 1763 2656 1817 de
2693 1761 3018 1832 patriarchis
3059 1775 3318 1831 eXpresse
3349 1775 3440 1814 re-

186 1830 513 1922 παρίστησιν
601 1851 788 1923 Γραφὴ
810 1830 1070 1921 λέγουσα·
1108 1873 1126 1904 ‹
1154 1830 1540 1909 Κατέϐαινενγὸ
1565 1830 1760 1919 στῦλος

1864 1853 2056 1909 fertur.
2094 1853 2386 1909 Enimvero
2417 1870 2479 1908 ex
2515 1854 2584 1908 iis
2613 1861 2847 1913 :constat
2893 1851 3060 1922 quod,
3098 1830 3144 1906 si
3185 1851 3437 1920 loquere—

184 1941 284 2013 τῆς
316 1943 544 2014 νεφέλης
575 1945 667 1997 καὶ
698 1945 880 1998 ἵστατο
909 1945 1001 1998 ἐπὶ
1047 1945 1152 1999 τῶν
1202 1945 1380 2019 θυρῶν
1406 1948 1502 2019 τῆς
1533 1949 1756 2019 σκηνῆς,

186 2036 280 2087 καὶ
307 2035 482 2090 ἐλάλει
509 2036 848 2106 τῷ-Μωῦσεῖ.
873 2056 888 2088 ι
915 2037 1120 2091 Οὐκοῦν
1148 2038 1236 2092 διὰ
1271 2041 1369 2111 τῆς
1392 2041 1618 2112 νεφέλης
1641 2040 1762 2095 ἐλά-

186 2131 288 2192 λει,
314 2131 374 2184 οὗ
411 2131 515 2202 μὴν
548 2132 640 2184 καὶ
682 2131 880 2201 ὁμοίως
918 2131 994 2200 τῷ
1028 2131 1277 2202 Ἀϐραάμ
1311 2133 1344 2205 ἢ
1385 2131 1463 2203 τῷ
1508 2133 1694 2187 Ἰσαὰκ
1724 2135 1758 2206 ἢ

185 2222 263 2292 τῷ
300 2222 492 2275 Ἰακὼϐ
522 2220 674 2294 ὤφθη
709 2222 859 2293 αὐτῷ
878 2240 891 2252 ·
929 2222 1156 2285 ἐκείνοις
1178 2221 1276 2293 μὲν
1300 2224 1406 2294 γὰρ
1426 2225 1648 2294 γυμνῶς
1668 2226 1761 2279 καὶ

185 2315 397 2386 τρανῶς
426 2315 551 2368 ἄνευ
583 2315 724 2378 τινὸς
749 2315 922 2377 εἴδους
954 2313 1138 2383 ὀφθεὶς
1176 2315 1608 2387 ἀναγέγραπται,
1641 2317 1762 2370 τού-

187 2427 264 2478 τῳ
294 2407 348 2461 δέ
381 2408 468 2461 διὰ
497 2407 591 2460 τοῦ
615 2407 1012 2479 ὀνομαζομένου
1040 2407 1212 2471 εἴδους
1253 2407 1347 2460 καὶ
1375 2408 1474 2479 τῆς
1506 2409 1758 2478 νεφέλης,

185 2504 253 2574 ἣν
306 2504 399 2557 καὶ
459 2502 614 2568 δόξαν
663 2501 868 2572 Κυρίου
923 2498 1178 2570 ὀνομάζει
1231 2501 1260 2552 6
1307 2498 1462 2568 λόγος
1515 2501 1757 2569 φάσκωνο

190 2597 423 2651 ιἩνίκα
482 2596 538 2649 δέ
588 2595 764 2650 ἐλάλει
815 2593 1054 2665 Μωῦσῆς
1092 2593 1239 2664 πάσῃ
1293 2597 1582 2666 συναγωγῇ
1630 2595 1762 2648 υίῶν

146 2742 148 2745 ,
197 2688 434 2760 Ἰσραὴλ,
464 2689 557 2741 καὶ
584 2687 1002 2762 ἐπεστράφησαν
1029 2688 1107 2751 εἰς
1131 2687 1232 2757 τὴν
1265 2685 1489 2759 ἔρημον,
1520 2687 1615 2742 καὶ
1652 2687 1759 2740 ἰδοὺ

183 2787 218 2853 ή
252 2782 380 2848 δόξα
405 2781 607 2853 Κυρίου
639 2779 794 2851 ὤφθη
827 2782 884 2833 ἐν
909 2779 1124 2851 νεφέλῃ,
1151 2781 1246 2834 καὶ
1276 2780 1533 2852 ἐλάλησεν
1559 2780 1761 2852 Κύριος

186 2876 324 2947 πρὸς
355 2873 616 2944 Μωῦσῆν.
639 2892 656 2924 ι
681 2873 791 2926 Καὶ
821 2871 982 2925 πάλιν
1004 2889 1016 2900 ·
1056 2891 1075 2923 ι
1098 2871 1288 2944 Ἀνέϐη
1319 2873 1562 2944 Μωῦσῆς
1592 2875 1671 2936 εἰς
1701 2873 1762 2925 τὸ

185 2971 342 3041 ὅρος·
393 2967 487 3021 καὶ
533 2966 797 3036 ἐκάλυψεν
832 2968 865 3038 ή
894 2967 1088 3037 νεφέλη
1123 2965 1184 3018 τὸ
1214 2965 1356 3037 ὄρος.
1406 2967 1516 3020 Kal.
1553 2966 1760 3037 κατέϐη

183 3066 220 3131 ἡ
249 3060 374 3126 δόξα
403 3059 606 3131 Κυρίου
639 3058 731 3112 ἐπὶ
763 3057 857 3111 τοῦ
891 3058 1048 3129 ὅρους
1078 3057 1172 3111 καὶ
1199 3057 1465 3128 ἐκάλυψεν
1497 3059 1658 3112 αὑτὸν
1686 3076 1762 3111 νε-

187 3155 325 3223 φέλη
356 3152 416 3218 ἒξ
447 3151 688 3224 ήμέρας·
739 3152 833 3205 καὶ
865 3149 1123 3220 ἐλάλησεν
1158 3148 1230 3219 (Γ.
1259 3149 1358 3222 11)
1393 3149 1594 3222 Κύριος
1626 3151 1762 3240 πρὸς
1788 3185 1828 3240 C

184 3244 426 3316 Ῑιᾶωὒσῆν
457 3246 522 3315 τῇ
551 3243 734 3315 ἡμέρα
761 3245 826 3314 τῇ
858 3241 1059 3313 ἐϐδόμῃ
1087 3244 1150 3294 ἐκ
1183 3241 1348 3311 μέσου
1374 3241 1473 3312 τῆς
1510 3239 1756 3312 νεφέλης.

185 3337 260 3392 Ἰὸ
289 3338 346 3391 δὲ
376 3333 514 3400 εἶδος
542 3337 641 3406 τῆς
675 3335 830 3406 δόξης
874 3336 1102 3407 Κυρίου,
1129 3333 1258 3386 ὡσεὶ
1301 3332 1414 3404 πῦρ
1443 3331 1638 3401 φλέγον
1671 3331 1760 3383 ἐπὶ

183 3430 286 3499 τῆς
319 3426 564 3501 κορυφῆς
593 3425 688 3488 τοῦ
730 3426 908 3497 ὅρους.
939 3446 958 3478 ι
996 3425 1189 3495 Σαφῶς
1227 3418 1318 3477 οὖν
1351 3423 1439 3476 διὰ
1468 3421 1670 3475 τούτων
1702 3422 1762 3474 τὸ

186 3520 559 3593 θεωρούμενον
590 3518 668 3590 τῷ
698 3519 921 3572 Μωῦσεῖ
965 3517 1182 3585 λέγεται
1230 3510 1368 3568 εἶναι
1400 3514 1500 3567 ούκ
1542 3513 1708 3576 αὐτὸς
1734 3514 1762 3565 6

186 3615 414 3687 Κύριος,
445 3612 557 3667 ἀλλ’
601 3607 738 3674 εἶδος
770 3611 998 3682 Κυρίου,
1034 3609 1128 3663 καὶ
1168 3607 1362 3679 νεφέλη
1415 3606 1508 3660 καὶ
1555 3605 1692 3677 πῦρ,
1727 3603 1762 3658 ἃ

186 3710 287 3762 καὶ
326 3706 479 3772 δόξαν
526 3706 731 3778 Κυρίου
781 3701 1034 3774 ὀνομάζει
1065 3703 1094 3755 6
1137 3700 1320 3768 λόγος⁸
1350 3698 1542 3752 οὐκοῦν
1568 3697 1628 3751 τὸ
1664 3696 1762 3767 μέν

185 3801 330 3866 εἶδος
354 3799 505 3872 ,ἑώρα
537 3797 742 3870 Κυρίου
768 3797 862 3850 καὶ
888 3793 986 3864 τὴν
1018 3792 1173 3859 δόξαν
1203 3789 1390 3854 αὑτοῦ,
1423 3787 1675 3859 οὐδαμῶς
1705 3787 1762 3840 δὲ

182 3896 351 3951 αὑτὸν
382 3893 472 3947 τὸν
503 3891 725 3964 Κύριον,
759 3889 850 3942 τόν
903 3904 960 3941 τε
1012 3883 1336 3955 λαλούμενον
1386 3883 1555 3950 Λόγον
1600 3879 1762 3935 αὐτοῦ

182 3987 285 4042 τοῦ
333 3985 535 4056 Κυρίου
555 4002 568 4015 °
600 3983 712 4039 ἀλλ’
743 3984 892 4054 ὅμως
937 3979 1026 4034 διὰ
1069 3979 1167 4049 τῆς
1205 3975 1432 4046 νεφέλης
1479 3973 1764 4035 λαλοῦντος

181 4081 411 4153 ἦκουεν,
427 4079 507 4133 διὸ
531 4079 760 4148 εἴρηται·
791 4075 930 4128 «Καὶ
955 4072 1211 4143 ἐλάλησεν
1226 4068 1428 4141 Κύριος
1449 4067 1584 4139 πρὸς
1605 4067 1766 4120 Μωῦ-

187 4171 295 4242 σῆν
329 4171 555 4234 ἐνώπιος
583 4167 816 4238 ἐνωπίῳ.
843 4185 862 4218 ι
894 4166 968 4218 Ού
997 4162 1100 4234 μὴν
1133 4163 1226 4216 καὶ
1260 4159 1414 4230 ὥφθη
1448 4157 1596 4228 αύτῷ
1630 4156 1760 4210 ἐνώ-

177 4280 318 4326 πιος
344 4262 558 4332 ἐνωπίῳ
589 4261 909 4330 τετήρηται’
938 4257 1094 4310 τοῦτο
1124 4254 1230 4324 γὰρ
1264 4254 1338 4316 ὼς
1369 4250 1577 4305 οὐδέπω
1606 4264 1763 4317 γεγοο

179 4356 281 4420 νὸς
310 4354 449 4419 ἀξιοῖ
477 4353 669 4420 λέγων·
708 4369 727 4402 ι
750 4351 804 4403 Ἐ
813 4348 1073 4421 μφάνισόν
1110 4365 1199 4418 μοι
1239 4343 1483 4407 σεαυτὸν,
1510 4340 1766 4410 γνωστῶς

185 4447 290 4499 ῐδω
325 4462 403 4499 σε.
436 4464 454 4495 ι
485 4443 596 4497 Καὶ
641 4443 699 4494 ἐν
733 4440 902 4512 ἑτέρῳ
946 4439 1003 4491 δὲ
1047 4437 1197 4506 τόπῳ
1240 4433 1480 4488 διδάσκει
1529 4433 1558 4484 6
1589 4430 1762 4497 λόγος,

1861 1956 1952 2002 tur
1985 1948 2034 2003 ei
2070 1945 2336 2001 Dominus
2379 1945 2518 2001 facie
2546 1945 2611 1999 ad
2645 1945 2863 2009 faciem,
2897 1953 3074 1999 tamen
3106 1959 3201 2013 per
3235 1944 3435 1998 nubem

1861 2038 2196 2109 loquebatur
2243 2037 2315 2091 ci.
2372 2035 2486 2090 Hoc
2532 2034 2676 2090 enim
2736 2034 3076 2088 demonstrat
3125 2029 3436 2102 Scriptura,

1862 2146 1987 2184 cum
2018 2129 2189 2185 dicit:
2229 2147 2246 2180 ‹
2280 2127 2652 2184 Descendebat
2682 2125 2938 2180 columna
2971 2123 3130 2178 nubis
3169 2130 3224 2177 et
3257 2122 3439 2177 stabat

1861 2224 1928 2278 ad
1959 2223 2158 2279 ostium
2189 2221 2549 2284 tabernaculi,
2578 2227 2632 2274 et
2665 2218 2994 2290 loquebatur
3025 2216 3090 2269 ad
3119 2213 3382 2286 Moysem.
3414 2233 3432 2265 ι

1862 2313 2004 2384 Ergo
2042 2328 2140 2383 per
2171 2313 2372 2368 nubem
2423 2309 2774 2380 loquebatur,
2820 2322 2932 2361 non
2959 2320 3089 2361 vero
3121 2305 3326 2375 pariter
3352 2305 3438 2357 vi-

1863 2421 1958 2461 sus
1992 2414 2076 2461 est
2108 2405 2158 2459 ei
2208 2420 2272 2458 ac
2321 2402 2655 2465 Abrahamo,
2708 2399 2793 2454 vel
2828 2399 3039 2460 Isaaco,
3089 2397 3176 2451 vel
3211 2394 3437 2449 Jacobo.

1864 2496 1973 2551 Illis
2008 2495 2154 2550 enim
2187 2493 2335 2548 nude
2363 2501 2418 2548 et
2448 2490 2738 2546 manifeste
2770 2489 2922 2542 nulla
2952 2487 3056 2540 sub
3085 2484 3259 2542 forma
3289 2484 3442 2539 visus

1862 2595 2137 2650 narratur,
2157 2586 2286 2640 huic
2318 2600 2448 2640 vero
2474 2583 2579 2638 sub
2601 2580 2775 2635 forma
2802 2594 2965 2650 quam
2988 2579 3298 2640 retulimus,
3323 2575 3437 2630 for-

1862 2695 2061 2750 maque
2091 2678 2272 2744 nubis,
2303 2691 2466 2748 quam
2510 2675 2745 2746 gloriam
2779 2670 2993 2727 Domini
3028 2670 3310 2740 Scriptura
3343 2682 3442 2722 vo-

1865 2780 1976 2840 cat,
2005 2771 2239 2826 dicens:
2277 2789 2296 2822 ‹
2333 2769 2472 2829 Cum
2511 2775 2693 2822 autem
2743 2766 3060 2835 loqueretur
3109 2761 3322 2834 Moyses
3369 2760 3439 2815 ad

1860 2877 2080 2919 omnem
2108 2871 2308 2917 coetum
2341 2859 2576 2914 filiorum
2619 2855 2808 2920 Israel,
2861 2859 3220 2923 respexerunt
3251 2852 3320 2906 ad
3351 2866 3442 2906 so-

1864 2953 2157 3009 litudinem
2183 2972 2196 3006 :
2229 2961 2283 3007 et
2309 2965 2437 3006 ecce
2464 2949 2637 3020 gloria
2657 2945 2873 3000 Domini
2896 2942 3150 3015 apparuit
3172 2943 3228 2997 in
3255 2941 3398 2997 nube
3425 2959 3438 2996 :

1862 3047 2078 3101 locutus
2110 3054 2192 3100 est
2211 3051 2390 3099 autem
2420 3042 2683 3096 Dominus
2717 3038 2784 3092 ad
2811 3037 3076 3107 Moysem,
3097 3035 3287 3089 dicens
3307 3033 3382 3099 ";
3417 3051 3435 3084 ›

1863 3147 1917 3195 et
1994 3153 2190 3193 rursus
2214 3152 2258 3190 νε
2319 3155 2338 3188 ‹
2398 3133 2643 3204 Cumque
2705 3129 3046 3185 ascendisset
3119 3126 3333 3197 Moyses
3386 3125 3443 3179 in

1861 3238 2124 3294 montem,
2157 3229 2371 3299 operuit
2401 3227 2576 3280 nubes
2604 3230 2869 3277 montem.
2904 3219 2970 3273 Et
2997 3217 3279 3274 descendit
3328 3216 3445 3287 glo-

1862 3323 1944 3377 ria
1979 3317 2194 3375 Domini
2227 3334 2392 3389 super
2445 3324 2706 3378 montem,
2740 3321 2930 3382 tegens
2979 3310 3135 3364 illum
3166 3308 3311 3363 nube
3347 3322 3444 3362 sex

1862 3416 2078 3471 diebus.
2116 3413 2182 3466 Et
2207 3410 2531 3480 loquebatur
2552 3406 2819 3461 Dominus
2846 3404 2913 3458 ad
2943 3402 3181 3473 Moysem
3213 3401 3444 3471 septimo

1862 3510 1951 3564 die
1979 3508 2045 3563 de
2077 3503 2260 3560 medio
2299 3501 2572 3569 caliginis.
2609 3497 2738 3551 Erat
2777 3503 2958 3549 autem
3003 3494 3216 3564 species
3257 3491 3443 3563 gloriae

1867 3601 2106 3664 Domini,
2137 3596 2296 3668 quasi
2330 3594 2473 3662 ignis
2525 3590 2725 3646 ardens
2763 3601 2929 3660 super
2978 3585 3239 3642 verticem
3286 3597 3442 3636 mon-

1865 3695 1935 3749 tis
1956 3694 2024 3746 ”.
2067 3710 2086 3742 ι
2121 3690 2318 3758 Aperte
2346 3690 2496 3756 patet
2521 3697 2589 3736 ex
2620 3681 2687 3736 iis
2717 3681 2896 3736 visum
2932 3677 3101 3731 fuisse
3129 3673 3301 3745 Moysi
3331 3686 3442 3727 non

1865 3786 2043 3856 ipsum
2071 3781 2382 3840 Dominum,
2408 3776 2503 3832 sed
2534 3774 2772 3845 speciem
2793 3769 3028 3833 Domini,
3055 3766 3364 3834 nubemque
3387 3771 3443 3817 et

1869 3852 2073 3947 ignem,
2098 3888 2218 3944 quae
2248 3869 2460 3924 Domini
2485 3867 2712 3938 gloriam
2741 3878 2898 3920 sacer
2927 3874 3106 3916 sermo
3134 3864 3311 3911 vocat.
3342 3852 3441 3908 Vi-

1865 3953 2028 4024 debat
2056 3967 2222 4037 igitur
2249 3963 2486 4035 speciem
2516 3958 2755 4022 Domini,
2787 3955 3016 4026 ejusque
3047 3949 3298 4021 gloriam,
3330 3947 3437 4037 mit

1865 4059 2015 4115 nime
2061 4035 2242 4111 autem
2294 4055 2474 4124 ipsum
2528 4048 2839 4110 Dominum,
2891 4042 3173 4115 ipsiusque
3223 4035 3443 4090 Domini

1869 4432 1988 4486 Non
2020 4435 2204 4484 autem
2229 4425 2279 4480 ei
2312 4420 2634 4492 apparuisse
2665 4416 2805 4471 facie
2829 4411 2897 4467 ad
2932 4408 3125 4464 faciem
3158 4403 3394 4458 refertur
3423 4417 3436 4428 ο

181 4493 286 4592 ἐξ
307 4493 582 4609 ain—secis;
617 4493 791 4587 ἐλάλει
823 4493 972 4601 sane
1013 4533 1040 4583 ὁ
1072 4493 1225 4592 ego},
1251 4527 1310 4580 ού
1351 4525 1455 4597 μὴν
1493 4493 1762 4590 καταλλή-

1871 4523 2001 4581 illud
2060 4521 2204 4575 enim
2255 4515 2496 4569 nondum
2560 4507 2824 4563 accidisse
2880 4503 3144 4555 memorat
3206 4493 3436 4548 dicens:

2260 4607 2285 4609 "
2318 4607 2324 4609 ‘
2368 4605 2384 4609 ‘
2452 4604 2462 4609 ‘
2589 4607 2595 4609 -
2825 4601 2838 4609 -
2911 4591 3033 4609 JA——
3075 4596 3123 4609 ι-
3188 4604 3204 4609 -
3249 4581 3308 4609 1-
3335 4580 3436 4609 “ﬁn

180 4633 302 4694 λως
335 4629 428 4684 καὶ
455 4629 681 4699 ἐωρᾶτο,
709 4625 822 4680 ἀλλ’
852 4627 909 4677 ἐν
941 4623 1069 4677 εἴδει
1097 4621 1191 4674 καὶ
1218 4619 1307 4673 διὰ
1335 4619 1434 4689 τῆς
1468 4613 1764 4688 προαποδε-

179 4724 426 4796 δομένης
457 4723 614 4794 δόξης
643 4718 802 4775 αὐτοῦ
825 4735 840 4749 θ
871 4717 1018 4785 λέγει
1051 4715 1107 4767 δὲ
1139 4712 1338 4776 οὕτως’
1376 4729 1395 4762 ι
1423 4710 1535 4764 Καὶ
1564 4706 1764 4777 κατέϐη

183 4819 402 4890 Κύριος
451 4817 508 4868 ἐν
557 4813 731 4884 στύλῳ
767 4809 1016 4880 νεφέλης,
1044 4805 1140 4860 καὶ
1183 4803 1309 4874 ἔστη
1341 4800 1434 4856 ἐπὶ
1465 4801 1566 4870 τῆς
1603 4799 1771 4871 θύρας

179 4912 296 4982 τῆς
343 4906 545 4979 σκηνῆς
591 4905 683 4959 τοῦ
719 4902 1054 4976 μαρτυρίουο
1087 4897 1181 4952 καὶ
1211 4893 1520 4965 ἐκλήθησαν
1558 4889 1768 4960 Ἀαρὼν

180 4980 289 5058 καὶ
323 5000 571 5072 Μαριάμ,
607 4999 702 5052 καὶ
732 4994 950 5067 ἐξῆλθον
982 4991 1298 5061 ἀμφότεροι.
1330 4986 1440 5039 Καὶ
1467 4980 1613 5037 εἶπεν
1634 4983 1770 5055 πρὸς

179 5095 412 5158 αύτούς·
432 5091 722 5145 Ἀκούσατε
764 5088 827 5159 δὴ
873 5088 979 5140 τῶν
1025 5084 1196 5152 λόγων
1235 5097 1353 5152 μου·
1398 5077 1523 5131 Ἐάν
1549 5077 1770 5146 γένηται

182 5189 486 5261 προφήτης
530 5184 682 5256 ὑμῶν
728 5181 804 5252 τῷ
843 5181 1049 5252 Κυρίῳ,
1084 5181 1142 5231 ἐν
1168 5178 1402 5247 ὁράματι
1446 5171 1593 5242 αὐτῷ
1633 5187 1772 5238 γνω-

186 5282 492 5351 σθήσομαι,
527 5279 620 5332 καὶ
663 5278 720 5328 ἐν
765 5274 917 5345 ὕπνῳ
945 5272 1162 5342 λαλήσω
1193 5266 1362 5337 αύτῷ.
1400 5266 1510 5336 Οὐχ
1542 5263 1713 5325 οὓτως
1741 5261 1770 5312 6

184 5373 453 5446 θεράπων
503 5387 602 5442 μου
641 5367 881 5437 Μωῠσῆς
909 5364 1096 5426 πιστός
1123 5364 1268 5414 ἐστιν
1304 5360 1361 5412 ὲν
1391 5357 1496 5428 ὅλῳ
1527 5355 1605 5427 τῷ
1637 5355 1770 5424 οἴκῳ

188 5485 326 5540 μου.
368 5464 550 5535 Στόμα
597 5460 738 5515 κατὰ
783 5458 953 5529 στόμα
981 5455 1200 5524 λαλήσω
1230 5451 1378 5521 αὐτῷ
1409 5452 1469 5502 ἐν
1494 5448 1643 5511 εἴδει,
1678 5447 1772 5499 καὶ

181 5561 256 5614 ού
296 5557 365 5611 δι’
396 5555 748 5626 αἰνιγμάτων,
785 5551 874 5605 καὶ
909 5549 1007 5620 τὴν
1051 5547 1205 5611 δόξαν
1238 5545 1441 5616 Κυρίου
1485 5539 1644 5605 εἶδεν,
1677 5541 1770 5595 καὶ

180 5653 286 5706 διὰ
303 5651 356 5704 τί
385 5650 486 5703 οὐκ
517 5645 817 5716 ἐφοϐήθητε
840 5638 1206 5710 καταλαλῆσαι
1227 5636 1365 5690 κατὰ
1395 5634 1485 5688 τοῦ
1503 5633 1767 5707 θεράπον-

271 5805 323 5840 ²⁶
361 5802 530 5860 Ειοιί.
568 5817 687 5864 ut,
723 5800 811 5856 ‘10.
890 5799 933 5830 "
976 5793 1144 5853 Exod.
1182 5810 1324 5857 νων,
1369 5793 1449 5844 ιδ.

1872 4580 1890 4670 ξ
1925 4613 2167 4670 Ostende
2197 4607 2330 4662 mihi
2360 4604 2556 4658 faciem
2581 4607 2753 4660 tuam,
2783 4601 2845 4649 ut
2869 4591 3040 4647 sciam
3075 4596 3148 4642 te.
3188 4604 3207 4637 ι
3249 4581 3310 4636 1n
3334 4580 3442 4635 alio

1868 4713 1992 4768 loco
2018 4708 2178 4764 docet
2207 4701 2491 4770 Scriptura
2534 4692 2680 4766 quod
2725 4705 2820 4744 ore
2852 4684 3071 4757 quidem
3118 4675 3439 4770 loquebatur

1877 4765 1947 4860 ei
1983 4802 2149 4859 Deus,
2181 4809 2292 4850 non
2334 4765 2528 4844 tamen
2581 4783 2788 4856 pariter
2833 4776 3145 4835 videbatur,
3193 4767 3288 4825 sed
3335 4765 3442 4860 sub

1866 4853 2054 4966 specie
2065 4853 2215 4951 et,’ut
2233 4896 2395 4953 supra
2413 4853 2618 4933 dictum
2643 4879 2746 4935 est,
2761 4884 2858 4942 per
2882 4865 3055 4937 ipsius
3075 4860 3325 4933 gloriam.
3348 4853 3441 4908 Sic

1869 4955 2036 5059 Igitur
2062 4980 2196 5037 dicit
2227 4997 2238 5031 :
2281 4993 2299 5026 ι
2333 4967 2626 5028 Descendit
2673 4962 2936 5018 Dominus
2966 4958 3024 5011 in
3055 4955 3311 5059 columna
3337 4964 3441 5002 nu-

1866 5044 1973 5142 bis,
2015 5087 2068 5132 et
2101 5071 2253 5129 stetit
2295 5068 2352 5121 in
2392 5060 2620 5120 introitu
2654 5049 2995 5112 tabernaculi
3025 5059 3227 5102 vocans
3256 5044 3441 5142 Aaron

1868 5179 1922 5228 et
1950 5130 2199 5224 llariam.
2223 5161 2330 5228 Qui
2353 5172 2478 5214 cum
2507 5152 2793 5213 exiissent,
2825 5143 2962 5199 dixit
2994 5138 3060 5194 ad
3085 5152 3181 5192 eos
3206 5156 3220 5192 :
3241 5130 3442 5228 Audite

1872 5275 2155 5319 sermones
2199 5223 2352 5310 meos
2381 5270 2394 5306 :
2425 5249 2483 5303 Si
2523 5245 2647 5317 quis
2677 5237 2842 5296 fuerit
2873 5237 3015 5289 inter
3042 5245 3139 5285 vos
3176 5223 3440 5319 propbeta

1873 5353 2108 5420 Domini,
2159 5351 2213 5405 in
2249 5348 2460 5403 visione
2504 5334 2778 5410 apparebo
2805 5329 2877 5394 ei,
2912 5325 2996 5380 vel
3043 5337 3137 5393 per
3165 5314 3438 5420 somnium

1873 5407 2066 5516 loquar
2094 5407 2164 5496 ad
2197 5439 2371 5493 illum.
2404 5433 2473 5486 At
2506 5407 2614 5484 non
2647 5423 2774 5478 talis
2792 5431 2990 5475 servus
3015 5426 3171 5468 meus
3199 5407 3436 5506 Moyses,

1858 5496 1964 5609 qui
2000 5538 2053 5590 in
2078 5530 2223 5589 omni
2255 5529 2418 5584 domo
2460 5537 2579 5578 mea
2622 5511 2971 5572 fidelissimus
2998 5513 3082 5561 est
3108 5523 3122 5559 :
3156 5515 3265 5606 .ore
3290 5496 3434 5609 enim

1873 5594 1939 5686 ad
1967 5644 2027 5684 os
2061 5627 2251 5694 loquor
2282 5621 2330 5677 ei
2359 5639 2372 5674 :
2408 5625 2461 5673 et
2490 5612 2690 5684 palam,
2723 5613 2777 5661 et
2809 5616 2916 5658 non
2945 5614 3042 5671 per
3069 5595 3357 5666 aenigmata
3383 5594 3438 5641 et
