3868 6264
522 286 661 341 1665

1258 277 1522 335 EUSEBII
1565 278 2042 333 CESARIENSIS
2080 277 2228 332 OPP.
2271 276 2451 330 PARS
2486 277 3058 334 lll.—EXEGET|C;\.

3556 287 3651 342 1064

2785 400 2839 421 va
2868 403 2906 421 ,ν
2931 395 2982 421 ,τ

521 415 574 458 et
601 405 800 474 figuras
831 399 1116 454 Dominum
1140 398 1307 454 videt.
1333 397 1513 463 Quare
1537 413 1667 470 ergo
1690 413 1798 452 non
1826 397 2077 453 timuistis

2189 399 2280 461 τός
2309 416 2410 468 μου
2432 400 2563 452 Μωῦ
2573 399 2704 462 σέως
2725 400 2906 471 ;ι“Αρ’
2927 397 3015 452 οὖν
3042 399 3137 468 τὴν
3153 397 3300 461 δόξαν
3322 400 3405 468 μὲν
3419 402 3583 474 Κυρίου
3603 405 3656 460 εἶ-

519 488 805 553 dctrahere
837 508 995 548 servo
1025 508 1144 548 meo
1190 490 1362 562 Moysi
1381 491 1463 545 “‘2
1500 511 1518 544 ι
1544 491 1685 562 Ergo
1720 491 1948 562 gloriam
1968 492 2090 559 qui-

521 591 644 644 dem
679 585 890 640 Domini
919 584 1072 648 vidit,
1101 592 1158 638 et
1191 583 1293 638 sub
1325 584 1505 654 specie
1553 598 1612 636 se
1644 582 1694 636 ei
1739 580 2089 636 manifestan-

518 693 650 746 tem,
681 688 734 735 et
765 696 860 734 ore
911 680 976 734 ad
1005 695 1066 734 os
1115 679 1425 748 loquentem
1473 677 1698 743 audivit,
1748 691 1860 730 non
1905 683 2087 729 tamen

520 775 698 840 ipsum
751 786 991 840 unquam
1048 769 1360 835 Dominum,
1393 769 1536 823 sicut
1581 768 1829 839 patribus
1858 766 2088 822 manife-

519 872 697 917 status
745 871 852 925 est,
896 862 1200 932 conspexit.
1244 860 1309 914 Et
1355 876 1463 914 non
1495 860 1691 915 mirum
1735 859 1879 930 quod
1917 858 2088 931 Moysi

517 971 614 1010 ore
645 955 712 1008 ad
744 970 806 1010 os
837 955 1157 1023 colloquens
1193 953 1471 1008 inducitur
1500 951 1666 1014 Deus,
1692 967 1814 1006 cum
1846 959 1900 1006 et
1939 950 2085 1005 omni

522 1047 719 1116 populo
763 1045 901 1100 facie
950 1044 1020 1098 ad
1071 1045 1265 1099 faciem
1316 1046 1494 1116 ipsum
1542 1044 1782 1098 locutum
1833 1044 2002 1098 fuisse.
2031 1043 2085 1096 in

518 1135 940 1192 Deuteronomio
965 1135 1125 1189 docet
1155 1134 1368 1206 Moyses
1397 1134 1584 1188 dicens
1613 1152 1625 1187 :
1667 1153 1685 1186 ι
1704 1133 1823 1188 Non
1849 1149 1972 1187 cum
2001 1148 2089 1202 pa-

523 1233 696 1287 tribus
722 1231 926 1286 nostris
952 1230 1074 1283 iniit
1103 1240 1318 1299 pactum
1352 1227 1632 1293 Dominus,
1659 1229 1752 1283 sed
1778 1227 2083 1286 nobiscum.

515 1325 613 1393 qui
649 1323 704 1377 in
736 1321 1151 1392 praesentiarum
1199 1335 1392 1375 sumus
1419 1329 1472 1375 et
1511 1320 1765 1374 vivimus.
1814 1317 1975 1372 Facie
2019 1319 2084 1372 ad

519 1414 712 1468 faciem
735 1415 947 1468 locutus
968 1421 1051 1467 est
1077 1413 1236 1467 nobis
1259 1412 1312 1465 in
1333 1419 1515 1466 monte
1536 1411 1602 1466 de
1623 1410 1797 1466 medio
1820 1412 2036 1480 ignis".
2062 1429 2079 1461 ι

521 1509 586 1562 At
611 1508 656 1562 si
687 1507 792 1561 hoc
821 1505 983 1560 modo
1011 1504 1180 1575 Moysi
1212 1512 1267 1556 et
1296 1502 1446 1556 omni
1475 1501 1676 1572 populo
1706 1502 2086 1557 manifestatus

520 1607 627 1662 est,
665 1597 1034 1652 animadverte
1059 1596 1213 1658 illud,
1241 1595 1454 1650 scilicet
1479 1594 1623 1665 quod
1677 1595 1889 1649 locutus
1917 1592 2086 1648 fuisse

2189 489 2276 542 δεν
2304 491 2396 544 καὶ
2424 492 2484 543 ὲν
2510 491 2637 544 εἴδει
2677 492 2825 563 αὐτῷ
2852 491 3291 564 χρηματίζοντος,
3318 492 3468 562 στόμα
3489 513 3536 547 τε
3557 501 3656 553 κατὰ

2191 583 2362 653 στόμα
2387 581 2674 648 λαλοῦντος
2702 585 2952 654 ἤκουσεν,
2980 583 3041 637 οὐ
3071 582 3179 654 μὴν
3210 583 3299 635 καὶ
3337 586 3474 638 αὐτόν
3509 605 3576 642 πω
3597 591 3659 644 τὸν

2189 672 2391 744 Κύριον
2421 676 2620 746 ὁμοίως
2653 679 2765 740 τοῖς
2804 678 3069 747 πατράσιν
3108 675 3349 745 ἑωράκει.
3378 677 3540 732 Καὶοὺ
3567 680 3658 734 θαυ-

2192 767 2391 836 μαστόν
2423 784 2486 836 γε
2519 770 2568 822 εί
2609 768 2685 839 τῷ
2715 771 2936 824 Μωῦσεῖ
2958 769 3130 838 στόμα
3178 767 3315 820 κατὰ
3356 770 3502 840 στόμα
3535 774 3660 827 λαλῶν

2188 857 2601 930 ἀναγέγραπται
2629 861 2658 911 ὁ
2679 853 2826 923 Θεὸς,
2855 861 3016 913 ὁπότε
3050 861 3142 912 καὶ
3166 859 3242 928 τῷ
3271 861 3415 913 παντὶ
3437 861 3528 932 λαῷ
3551 867 3661 936 πρόσ-

2187 962 2333 998 ωπον
2363 947 2497 1017 πρὸς
2529 948 2816 1018 πρόσωπον
2846 948 3196 1019 λελαληκέναι
3228 948 3378 1002 αὑτὸν
3401 952 3450 1004 ὲν
3476 955 3662 1026 Δευτεροι

2189 1035 2358 1106 νομίῳ
2386 1035 2623 1090 διδάσκει
2651 1039 2679 1089 ό
2707 1038 2945 1108 Μωῦσῆς
2966 1038 3154 1106 λέγων’
3179 1056 3198 1087 ι
3232 1037 3356 1108 Οὐχὶ
3389 1043 3485 1102 τοῖς
3511 1046 3662 1115 πατρά-

2191 1142 2272 1178 σιν
2303 1126 2454 1196 ὑμῶν
2477 1126 2680 1180 διέθετο
2706 1127 2907 1200 Κύριος
2943 1129 3041 1200 τὴν
3067 1128 3333 1199 Διαθήκην
3358 1130 3545 1203 ταύτην,
3567 1135 3664 1187 ἀλλὰ

2189 1217 2323 1288 πρὸς
2353 1219 2494 1288 ὑμᾶς
2513 1236 2525 1248 ’
2563 1221 2717 1290 ὑμεῖς
2735 1221 2887 1274 αὐτοὶ
2913 1214 3012 1274 ὧδε
3041 1223 3277 1292 σήμερον
3303 1222 3481 1284 πάντες
3505 1222 3661 1290 ζῶντες.

2189 1309 2482 1380 Πρόσωπον
2534 1312 2674 1365 κατὰ
2722 1313 3008 1385 πρόσωπον
3060 1313 3314 1383 ἐλάλησεν
3361 1316 3533 1385 Κύριος
3573 1319 3665 1387 πρὸς

2191 1403 2332 1472 ὑμᾶς
2364 1405 2420 1456 ὲν
2450 1403 2527 1474 τῷ
2555 1405 2671 1477 ὄρει
2706 1408 2769 1458 ἐκ
2802 1406 2963 1476 μέσου
2995 1404 3086 1457 τοῦ
3118 1405 3307 1476 πυρός.
3338 1425 3354 1456 ι
3399 1405 3522 1477 Πλὴν
3549 1410 3585 1460 εί
3605 1411 3667 1461 καὶ

2186 1496 2262 1566 τῷ
2286 1498 2507 1551 Μωῡσεῖ
2536 1499 2630 1552 καὶ
2655 1497 2729 1569 τῷ
2759 1499 2916 1554 παντὶ
2941 1497 3050 1568 λαῷ
3079 1497 3265 1551 τοῦτον
3289 1499 3667 1568 ἐχρημάτιζεντὸν

2185 1588 2404 1659 τρόπον,
2433 1589 2547 1642 ἀλλ’
2582 1589 2685 1660 ὅρα
2714 1590 2794 1642 ὅτι
2825 1589 3170 1660 λελαληκέναι
3208 1589 3308 1659 μὲν
3352 1591 3514 1653 αὐτοῖς
3549 1593 3671 1662 στόμα

514 1691 598 1744 eis
618 1705 712 1744 ore
730 1689 798 1743 ad
823 1704 885 1744 os
907 1695 960 1743 et
991 1687 1126 1742 facie
1143 1688 1210 1743 ad
1238 1687 1430 1741 faciem
1450 1687 1670 1754 dicitur,
1686 1702 1794 1740 non
1818 1693 1993 1740 tamen
2016 1685 2077 1739 iis

2187 1682 2326 1735 κατὰ
2371 1683 2541 1752 στόμα
2576 1683 2669 1736 καὶ
2701 1682 2988 1754 πρόσωπον
3027 1682 3161 1750 πρὸς
3193 1683 3465 1753 πρόσωπον
3499 1682 3670 1754 εἴρηται,

516 1784 669 1838 visus
686 1781 804 1836 sine
831 1781 953 1852 igne
977 1781 1060 1835 vel
1085 1781 1314 1844 nube,ut
1341 1779 1604 1850 patribus.
1625 1777 1776 1833 Nude
1790 1777 1936 1832 enim
1969 1776 2077 1830 illis

2186 1772 2247 1824 οὐ
2303 1771 2406 1842 μὴν
2454 1773 2546 1826 καὶ
2591 1773 2718 1826 ἄνευ
2761 1771 2853 1825 τοῦ
2898 1773 3066 1843 πυρὸς
3098 1773 3130 1843 ἢ
3162 1772 3262 1842 τῆς
3291 1773 3498 1842 νεφέλης
3531 1774 3674 1842 ὁμοίως

513 1879 570 1926 ct
585 1873 702 1926 sine
720 1872 880 1926 nubis
911 1871 993 1925 vel
1011 1871 1150 1942 ignis
1167 1870 1398 1941 tegmine
1415 1869 1673 1925 Dominus
1690 1881 1944 1924 narratur
1963 1883 2084 1923 esse

517 1955 860 2010 visus.Dcum
883 1955 1048 2025 igitur
1071 1956 1254 2010 videre
1273 1954 1635 2024 perfectorum
1654 1962 1707 2008 et
1724 1963 1904 2010 mente
1919 1969 2081 2025 quam

516 2047 754 2101 maxime
791 2046 1174 2100 mundatorum
1207 2046 1484 2117 proprium
1509 2061 1629 2101 esse
1650 2046 1808 2101 docet
1836 2046 2085 2100 Salvator

513 2147 568 2192 ct
596 2137 858 2193 Dominus
891 2146 1078 2195 noster
1111 2158 1124 2193 :
1168 2158 1185 2189 ι
1227 2137 1400 2204 Beati,
1430 2138 1629 2206 inquit,
1676 2137 1865 2192 mundi
1895 2139 2081 2202 corde,

510 2233 773 2302 quoniam
808 2231 912 2302 ipsi
963 2230 1131 2286 Deum
1185 2230 1444 2285 videbunt
1478 2230 1543 2286 ".
1579 2250 1598 2281 ι
1645 2229 1875 2300 Ideoque
1925 2232 2082 2301 quasi

517 2325 710 2378 horum
742 2321 911 2376 Deum
945 2339 1005 2379 se
1041 2322 1310 2378 Dominus
1364 2322 1589 2386 indicat,
1623 2323 1688 2375 ad
1730 2322 1971 2392 Moysem
1999 2322 2083 2378 di-

513 2430 696 2470 cens:
743 2433 762 2467 ι
813 2414 942 2470 Haec
982 2415 1134 2470 dices
1187 2415 1310 2470 filiis
1375 2415 1537 2470 Israel
1573 2433 1586 2469 :
1624 2414 1882 2470 Dominus
1941 2414 2082 2469 Deus

513 2515 728 2577 patrum
769 2516 1097 2572 vestrorum,
1133 2506 1276 2563 Deus
1325 2506 1620 2571 Abraham,
1652 2505 1794 2562 Deus
1841 2505 1991 2561 Isaac
2027 2514 2083 2560 et

513 2597 662 2654 Deus
692 2597 864 2654 Jacob
895 2599 1044 2654 misit
1077 2615 1162 2654 me
1191 2597 1259 2652 ad
1286 2614 1383 2654 vos
1411 2618 1423 2652 :
1456 2599 1558 2653 hoc
1590 2614 1788 2654 nomen
1826 2599 1957 2652 mihi
1997 2605 2082 2653 est

513 2692 570 2744 in
596 2697 879 2754 aeternum,
917 2698 971 2744 et
996 2691 1098 2744 hoc
1121 2691 1434 2745 memoriale
1463 2705 1641 2747 meum
1679 2690 1736 2744 in
1775 2693 2080 2761 generatio-

511 2796 639 2837 nem
665 2789 718 2837 et
732 2782 1145 2852 generationem
1177 2785 1246 2839 ’⁸.
1272 2801 1297 2836 ,ι
1327 2782 1638 2839 ᾹΞιιιυΙιιιυε
1659 2783 1823 2854 igitur
1848 2784 2080 2854 majores

503 2873 757 2943 gratias,
805 2873 1111 2942 similisque
1158 2876 1551 2945 cupidissimus
1602 2873 1804 2929 favoris
1866 2873 2079 2946 Moyses

511 2964 804 3017 Dominum
838 2962 926 3017 his
959 2970 1213 3032 precatur
1243 2965 1426 3020 verbls
1459 2983 1473 3018 :
1513 2983 1531 3014 ι
1573 2963 1811 3020 Ostende
1839 2965 1970 3020 mihi
2000 2967 2079 3020 fa-

499 3049 648 3105 ciem
683 3058 859 3116 tuam,
896 3059 954 3104 ut
993 3051 1162 3106 sciam
1203 3059 1274 3108 te.
1313 3072 1331 3104 ι
1373 3051 1488 3108 Sibi
1522 3053 1666 3108 cnim
1700 3055 1879 3108 animo
1912 3053 2078 3125 (inge-

504 3141 604 3194 -bat
634 3140 962 3195 manifestati
998 3141 1089 3196 Dei
1124 3141 1287 3198 Verbi
1331 3145 1782 3215 magnitudinem,
1809 3153 1862 3202 et
1907 3147 2072 3200 subli-

510 3232 778 3298 mitatem,
810 3243 863 3288 et
909 3234 1234 3290 ineffabilem
1270 3236 1718 3308 inaccessamque
1765 3239 2077 3308 pracelleu-

510 3324 664 3388 tiam,
697 3324 1025 3396 videbatque
1053 3326 1225 3396 ipsius
1274 3329 1339 3382 ad
1375 3344 1435 3384 se
1479 3328 1950 3387 manifestationes
1983 3348 2077 3402 per

507 3417 885 3474 ministrantes
920 3421 1143 3490 angelos
1173 3420 1290 3476 fieri
1328 3441 1340 3475 :
1370 3421 1493 3476 ideo
1522 3423 1832 3492 postulabat
1869 3431 1927 3477 ut
1958 3439 2075 3478 ma-

507 3508 770 3564 nifesdus
798 3517 852 3566 et
881 3512 1226 3581 splendidius
1269 3514 1450 3584 ipsum
1479 3515 1584 3570 sibi
1621 3515 1969 3572 manifestum
1997 3516 2076 3571 ef-

500 3599 716 3666 ﬁceret,
741 3617 851 3656 non
876 3601 988 3671 jam
1016 3603 1120 3658 sub
1147 3603 1492 3672 velamentis,
1511 3621 1612 3661 nec
1644 3607 1910 3662 ministris
1928 3607 2071 3669 aliis,

500 3692 651 3747 .nude
678 3700 858 3747 autem
886 3701 939 3748 et
972 3695 1180 3764 pariter
1210 3710 1275 3750 ac
1307 3695 1640 3762 Abrahamo,
1673 3699 1790 3754 sine
1820 3698 1962 3769 ignis
1991 3699 2075 3754 vel

499 3784 671 3839 alubis
704 3785 906 3854 specie.
969 3785 1124 3852 Quod
1164 3787 1330 3858 igitur
1382 3789 1594 3844 videtur
1643 3791 1777 3844 mihi
1835 3791 2076 3847 indicare

511 3875 798 3946 Scriptura
833 3879 1066 3934 dicens:
1107 3898 1124 3931 ι
1166 3878 1407 3937 Ostende
1430 3882 1563 3936 mihi
1599 3882 1794 3937 faciem
1823 3891 1993 3949 tuam,
2017 3893 2076 3938 ut

496 3974 680 4028 asciam
709 3983 764 4028 te
785 3974 850 4028 ³ο.
875 3993 894 4026 ι
933 3972 1070 4028 Cum
1103 3976 1405 4032 audivisset
1437 3975 1606 4032 Deum
1630 3979 1731 4033 sibi
1760 3978 2030 4034 dicentem
2057 3997 2070 4031 :

513 4081 533 4114 ε
591 4063 733 4120 Ecce
775 4066 1001 4134 angelus
1049 4081 1204 4123 meus
1253 4069 1521 4137 praecedet
1578 4076 1631 4122 te
1705 4077 1830 4124 ante
1882 4069 2073 4124 faciem

509 4162 658 4208 tuam
686 4154 754 4220 ³⁸,
795 4174 814 4206 ι
863 4156 1184 4226 ampliorem
1245 4161 1450 4229 expetit
1499 4161 1753 4230 gratiam,
1781 4161 2020 4231 dicitque
2057 4180 2071 4214 :

515 4265 533 4298 ι
560 4244 618 4301 Si
657 4263 765 4301 non
789 4255 846 4302 tu
880 4249 995 4318 ipse
1037 4249 1335 4319 praecedas,
1373 4267 1442 4307 ne
1477 4252 1680 4307 educas
1715 4267 1817 4308 nos
1856 4252 1925 4308 de
1955 4255 2074 4308 loco

509 4338 693 4394 isto”.
712 4359 730 4391 ι
763 4341 1050 4414 Annuepte
1074 4342 1303 4398 Domino
1331 4345 1706 4414 postulationi,
1739 4363 1803 4401 ac
1827 4347 2072 4407 dicente;

2104 3105 2149 3165 C

2187 1867 2298 1927 τοῖς
2344 1865 2611 1936 πατράσιν
2661 1858 2838 1933 ὦφθαι
2882 1865 3096 1928 αὐτοῖς’
3140 1864 3361 1934 γυμνῶς
3393 1864 3486 1936 γὰρ
3508 1865 3673 1928 ἐκείνοις

2187 1956 2280 2007 καὶ
2324 1955 2448 2009 ἄνευ
2488 1956 2936 2026 ὲπικαλύμματος
2965 1956 3056 2009 τοῦ
3090 1955 3177 2009 διὰ
3209 1955 3432 2027 νεφέλης
3458 1958 3486 2025 ἦ
3513 1957 3677 2028 πυρὸςὸ

2187 2045 2386 2116 Κύριος
2428 2047 2609 2116 ὀφθεὶς
2653 2049 3077 2119 ἀναγέγραπται.
3114 2048 3344 2101 Τελείων
3375 2047 3491 2116 γοῦν
3517 2050 3592 2103 καὶ
3611 2049 3676 2119 τὴν

2185 2136 2418 2192 διάνοιαν
2460 2141 2538 2203 εἰς
2586 2141 2752 2212 ἄκρον
2798 2140 3217 2212 κεκαθαρμένων
3261 2142 3352 2194 καὶ
3379 2143 3406 2194 ό
3436 2143 3592 2214 Σωτὴρ
3617 2142 3679 2194 καὶ

2185 2230 2386 2302 Κύριος
2416 2231 2573 2302 ⁴ἡμῶν
2603 2232 2663 2284 τὸ
2692 2231 2783 2284 τὸν
2816 2231 2946 2284 Θεὸν
2977 2234 3108 2304 όρᾷν
3134 2227 3276 2286 εἶναι
3311 2233 3544 2287 διδάσκει·
3573 2235 3679 2287 «Ma-

2184 2321 2384 2392 κάριοι,
2408 2322 2600 2390 λέγων,
2627 2324 2673 2375 οἱ
2727 2322 2954 2394 καθαροὶ
3004 2324 3068 2394 τῇ
3113 2323 3335 2396 καρδίᾳ,
3368 2325 3444 2377 ὅτι
3473 2325 3597 2377 αὐτοὶ
3621 2325 3681 2377 τὸν

2183 2413 2312 2466 Θεὸν
2344 2412 2582 2482 ὄψονται.
2623 2433 2640 2465 ι
2677 2413 2767 2466 Διὸ
2810 2415 2902 2466 καὶ¹
2948 2413 3023 2475 ὡς
3060 2413 3320 2466 τοιούτων
3345 2417 3372 2467 ό
3397 2415 3573 2487 Κύριος
3591 2415 3680 2467 Θεὸν

2183 2505 2372 2558 ἑαυτὸν
2420 2505 2757 2578 ἀναγορεύει,
2801 2505 2971 2574 λέγων
3009 2505 3145 2573 πρὸς
3188 2507 3459 2578 Μωῦσῆν·
3511 2526 3526 2555 σ
3552 2507 3684 2568 Οὕτως

2183 2597 2328 2667 ἐρεῖς
2355 2598 2465 2660 τοῖς
2497 2597 2631 2659 υἱοῖς
2671 2596 2904 2668 Ἰσραὴλ,
2937 2596 3139 2667 Κύριος
3165 2599 3193 2650 ὁ
3223 2597 3355 2660 Θεὸς
3377 2598 3478 2650 τῶν
3498 2597 3684 2667 πατέρων

2186 2687 2359 2757 ὑμῶν,
2395 2686 2524 2751 Θεὸς
2553 2687 2821 2760 Ἀϐραάμ,
2854 2691 2945 2742 καὶ
2966 2689 3096 2754 Θεὸς
3126 2691 3337 2753 Ἰσαάκ,
3371 2691 3458 2744 καὶ
3483 2691 3594 2752 Θεὸς
3615 2691 3687 2743 Ἰα-

2183 2778 2317 2843 κὼϐ,
2351 2779 2658 2833 άπέσταλκέ
2714 2798 2781 2850 με
2834 2781 2969 2853 πρὸς
3013 2783 3154 2854 ὑμᾶς
3177 2799 3190 2812 ·
3222 2781 3380 2836 τοῦτό
3407 2783 3541 2834 ἐστιν
3565 2780 3687 2850 ὕνιμὰ

2184 2891 2283 2945 μου
2319 2874 2554 2937 αἰώνιον,
2590 2875 2683 2929 καὶ⁴
2720 2876 3056 2947 μνημόσυνον
3093 2876 3303 2946 γενεῶν
3331 2879 3545 2946 γενεαῖς.
3575 2895 3589 2926 ι
3614 2877 3688 2944 Ζη-

2179 2965 2284 3019 λῶν
2311 2965 2374 3036 δὴ
2404 2962 2495 3019 οὖν
2527 2967 2593 3019 τὰ
2615 2967 2924 3038 χαρίσματα
2952 2967 3020 3022 τὰ
3051 2968 3295 3039 μείζονα,
3325 2970 3417 3023 καὶ
3438 2969 3526 3039 τῆς
3550 2966 3687 3036 ὁμοίας

2179 3057 2404 3121 ἐκείνοις
2432 3059 2751 3130 ὀρεγόμενος
2779 3062 2806 3112 ό
2834 3059 3070 3129 Μωῦσῆς
3097 3063 3408 3133 προκοπῆς,
3425 3061 3549 3125 ἀξιοῖ
3565 3059 3691 3126 λέγων

2179 3148 2270 3201 τὸν
2301 3147 2526 3220 Κύριον·
2553 3168 2571 3200 ι
2594 3149 2916 3220 Ἐμφάνισόν
2950 3149 3098 3222 (Dii
3127 3153 3207 3224 νο)
3243 3169 3335 3223 μοι
3362 3149 3688 3217 σεαυτὸν,γνιι›-

2181 3238 2318 3302 στῶς
2349 3237 2442 3291 ἴδω
2468 3256 2526 3291 σε
2546 3255 2559 3268 ο
2590 3259 2608 3290 ι
2626 3237 2953 3308 ὲφαντάξετο
2972 3242 3068 3310 μὲν
3081 3241 3191 3313 γάρ
3212 3241 3611 3314 χρηματίζοντος
3629 3239 3690 3291 αὖ·

2179 3329 2256 3400 τῷ
2305 3329 2440 3383 Θεοῦ
2483 3330 2655 3399 Λόγου
2695 3331 2754 3383 τό
2800 3349 2860 3384 τε
2906 3333 3130 3402 μέγεθος
3161 3334 3258 3386 καὶ
3295 3334 3356 3387 τὸ
3390 3332 3512 3403 ὕψος
3531 3331 3690 3398 καὶτὴν

2178 3421 2382 3488 ἄφατον
2415 3421 2507 3474 καὶ
2535 3421 2820 3490 ἀνέφικτον
2853 3423 3143 3494 ὑπεροχὴν,
3179 3422 3334 3495 ἐώρα
3376 3424 3432 3476 δὲ
3456 3405 3537 3486 ’ὡς
3559 3423 3625 3474 ὅτι
3648 3419 3691 3471 δι’

2180 3511 2524 3584 ὑπηρετικῶν
2569 3513 2814 3582 ἀγγέλων
2848 3515 2946 3578 τὰς
2973 3515 3106 3588 πρὸς
3137 3517 3306 3570 αὐτὸν
3344 3517 3562 3569 ἐποιεῖτο
3598 3510 3690 3565 θεω-

2178 3602 2332 3676 ρίας·
2383 3602 2462 3656 διὸ
2504 3603 2810 3674 παρακαλεί
2854 3604 3174 3676 τρανότερον
3227 3605 3329 3658 καὶ
3379 3600 3693 3674 καθαρώτερον

2179 3694 2414 3764 ἐμφῆναι
2453 3695 2642 3747 ἑαυτὸν
2690 3694 2855 3766 αὐτῷ,
2894 3689 3085 3767 μηκέτι
3123 3696 3226 3767 μὲν
3271 3696 3340 3749 δι’
3373 3691 3692 3762 ὲπικαλυμμά·

2177 3801 2304 3850 των,
2358 3785 2491 3858 μηδὲ
2522 3786 2625 3840 ὑπὸ
2648 3787 2903 3840 διακόνων
2933 3787 3153 3858 ἑτέρων,
3185 3805 3256 3857 γυ
3265 3785 3417 3858 μνῶς
3442 3786 3497 3839 δὲ
3522 3783 3696 3841 καὶτοῖς

2176 3877 2317 3947 ἀμφὶ
2344 3877 2434 3930 τὸν
2473 3877 2718 3950 Ἀϐραάμ
2745 3877 3160 3950 παραπλησίως,
3191 3880 3326 3934 ἄνευ
3359 3877 3450 3932 τοῦ
3475 3877 3553 3930 διά
3572 3873 3695 3943 πυρὸς

2177 3967 2270 4022 καὶ
2294 3969 2520 4040 νεφέλης
2565 3970 2754 4034 εἴδους.
2783 3970 2952 4023 Τοῦτο
3003 3967 3130 4040 γοῦν
3170 3971 3326 4024 δοκεῖ
3355 3989 3443 4041 μοι
3473 3966 3696 4038 σημαίνειν

2177 4062 2210 4132 ἡ
2246 4061 2524 4130 φάσκουσα
2568 4063 2731 4128 λέξις·
2772 4082 2790 4114 ‹
2814 4063 3137 4134 Ἑμφάνισόν
3189 4081 3287 4134 μοι
3340 4061 3567 4122 σεαυτὸν,
3592 4074 3693 4126 γνω-

2179 4153 2317 4218 στῶς
2346 4154 2436 4206 ἴδω
2472 4171 2549 4208 σε.
2582 4173 2598 4205 ι
2645 4155 2827 4228 Ταύτῃ
2867 4155 2923 4208 δὲ
2967 4156 3059 4208 καὶ
3090 4156 3450 4227 προακούσας
3476 4149 3698 4226 εἰρηκότος

2176 4246 2324 4317 αὐτῷ
2363 4246 2455 4300 τοῦ
2487 4249 2688 4318 Κυρίου
2717 4249 2795 4300 τό·
2834 4266 2852 4298 ‹
2876 4249 3005 4301 Ἰδοὺ
3040 4247 3275 4317 ἄγγελός
3313 4265 3415 4319 μου
3455 4240 3696 4318 προπορεύ-

2179 4356 2326 4392 σεται
2353 4339 2458 4410 πρὸ
2489 4337 2779 4410 προσώπου
2817 4357 2927 4404 σου,
2963 4360 2980 4391 ›
3016 4341 3481 4412 ὑποπαραιτεῖται
3509 4335 3590 4391 τοῦ
3617 4331 3699 4403 μεί-

514 4449 533 4482 c
571 4406 1007 4496 Verbumistud,
1036 4435 1182 4505 quod
1228 4406 1443 4492 locutus
1488 4453 1547 4493 es
1581 4406 1781 4493 faciam
1810 4441 1876 4504 ³³,
1918 4461 1935 4491 ι
1975 4441 2064 4497 Dei

2181 4433 2322 4498 ζονος
2350 4406 2686 4506 ὀρεγόμενος,
2719 4435 2809 4488 καί
2833 4452 3028 4506 φησιν’
3072 4454 3090 4485 ι
3118 4437 3182 4488 El
3327 4436 3488 4498 αὐτὸς
3515 4433 3571 4486 σὺ
3600 4445 3695 4496 συμ-

508 4523 967 4594 magniﬁcentiam
996 4526 1228 4597 benigne
1259 4527 1576 4598 dispositam
1605 4531 2065 4593 animadvertens,

505 4632 630 4679 qum
693 4626 748 4674 et
799 4634 995 4690 magna
1043 4622 1390 4691 cupientibus
1449 4622 1682 4682 favebat.
1730 4626 1979 4694 quamvis
2014 4642 2072 4680 se

510 4709 689 4779 ipsum
721 4710 1048 4775 exinaniret,
1085 4713 1491 4783 majoribusque
1535 4715 1817 4785 indignum
1872 4716 2071 4773 fatere-

505 4810 618 4862 tur,
647 4801 808 4854 aliam
853 4817 974 4872 quae
1019 4803 1254 4872 priorem
1284 4805 1551 4874 compleat
1601 4807 1950 4878 perficiatque
1977 4825 2070 4862 ex-

510 4890 644 4959 petit
694 4891 925 4960 gratiam
976 4892 1164 4952 dicens
1226 4913 1239 4948 :
1295 4914 1314 4945 ι
1373 4893 1608 4951 Ostende
1643 4898 1777 4951 mihi
1837 4898 2066 4969 gloriam

509 4991 658 5036 tuam
686 4982 752 5038 “.
785 5003 804 5037 ι
853 4984 998 5042 Deus
1054 4994 1234 5041 autem
1298 4989 1437 5042 votis
1479 4989 1599 5057 ejus
1648 5005 1895 5045 annuens
1948 4991 2066 5044 ait:

511 5091 535 5125 4
565 5072 677 5144 Ego
714 5076 1017 5144 praecedam
1049 5084 1104 5131 te
1146 5077 1317 5147 gloria
1364 5094 1504 5143 mea,
1534 5087 1586 5133 et
1638 5080 1844 5134 vocabo
1885 5081 1938 5134 in
1974 5097 2070 5134 no-

509 5169 658 5221 mine
712 5161 926 5224 Domini
981 5184 1166 5224 coram
1214 5179 1268 5226 te
1296 5171 1362 5233 ³⁵,
1403 5190 1420 5222 ι
1458 5179 1511 5225 ct
1543 5180 1758 5227 castera.
1817 5171 2070 5227 Ostendit

512 5258 677 5328 igitur
708 5259 968 5330 majorem
1007 5275 1130 5316 esse
1150 5263 1333 5331 priore
1369 5277 1466 5315 sua
1495 5263 1542 5316 ei
1577 5263 1937 5332 apparitione,
1967 5263 2068 5316 Pa-

513 5350 626 5404 tris‘
639 5349 843 5420 Deique
865 5352 1107 5406 omnium
1147 5354 1454 5418 scientiam,
1487 5369 1648 5423 quam
1675 5369 1734 5410 se
1757 5354 1804 5409 ei
1837 5355 2069 5408 traditu-

514 5454 636 5493 rum
665 5457 786 5498 esse
813 5444 1120 5512 pollicetur,
1150 5444 1216 5498 de
1253 5459 1312 5498 se
1353 5445 1469 5513 ipso
1511 5446 1696 5501 dicens
1730 5465 1743 5500 :
1789 5465 1808 5496 ι
1855 5444 2066 5501 Praece-

2175 4525 2402 4597 πορεύῃ,
2439 4528 2511 4598 μή
2545 4544 2610 4598 με
2640 4528 2917 4600 ἀναγάγῃς
2943 4527 3214 4581 ἐντεῦθεν·
3254 4549 3273 4581 ι
3315 4528 3452 4599 πρὸς
3477 4527 3566 4596 τὴν
3583 4521 3695 4585 ἀξίω-

2173 4635 2256 4669 σιν
2288 4618 2667 4682 ἐπινεύσαντος
2687 4618 2777 4671 τοῦ
2806 4619 3010 4690 Κυρίου
3032 4621 3124 4674 καὶ
3143 4623 3446 4691 φήσαντος,
3482 4639 3499 4670 ι
3527 4617 3616 4671 Καὶ
3633 4615 3696 4666 τὸν

2168 4708 2322 4777 λόγον
2372 4725 2464 4762 σου
2511 4709 2717 4773 τοῦτον,
2745 4709 2802 4762 ὂν
2830 4711 3073 4781 εἴρηκας,
3109 4716 3355 4784 ποιήσω,
3383 4733 3402 4765 ι
3442 4714 3500 4766 τὸ
3537 4712 3697 4776 ἕτοιμον

2177 4797 2397 4852 συνιδὼν
2423 4801 2520 4871 τῆς
2553 4799 2699 4864 θείας
2727 4801 3152 4872 μεγαλοδωρεᾶς,
3186 4804 3500 4874 φθανούσης
3534 4799 3617 4869 τῆς
3638 4797 3685 4848 εὖ

2175 4894 2424 4964 εργεσίας
2450 4895 2572 4958 τοὺς
2606 4895 2854 4967 μεγάλων
2883 4897 3271 4968 ὀρεγομένους,
3303 4895 3424 4952 εἶτα
3454 4892 3696 4967 σμικρύνις

2175 4986 2382 5050 έαυτδνι
2414 4987 2507 5041 καὶ
2531 4987 2605 5050 ὡς
2637 4988 2709 5059 μὴ
2735 4989 2883 5055 ἄξιόν
2911 5008 2995 5043 πω
3025 4991 3132 5044 τῶν
3161 4990 3436 5063 μειζόνων
3463 4987 3694 5057 λογισάμε·

2173 5096 2283 5144 νος,
2307 5079 2499 5150 ἑτέραν
2526 5080 2601 5143 ὼς
2633 5082 2688 5132 ἐν
2722 5082 3000 5154 συγκρίσει
3028 5085 3124 5154 τῆς
3157 5087 3446 5157 προτέρας
3472 5083 3697 5136 ἐνδέουσαν

2172 5171 2394 5238 ἀξίωσιν
2418 5172 2690 5243 προτείνει
2711 5172 2905 5241 λέγων,
2934 5193 2953 5225 ι
2975 5176 3152 5240 Δεῖξόν
3181 5195 3279 5247 μοι
3295 5179 3399 5250 τὴν
3419 5178 3562 5242 δόξαν
3586 5186 3692 5228 σου.ι

2176 5264 2397 5334 πληρῶν
2433 5264 2490 5318 δὲ
2516 5263 2680 5318 αὑτοῦ
2718 5266 2808 5319 τὸν
2838 5266 2994 5334 λόγον
3021 5271 3049 5321 ό
3079 5268 3295 5341 Κύριος
3315 5310 3332 5335 ,
3382 5291 3400 5323 ι
3438 5268 3567 5337 Ἐγὼ
3595 5279 3696 5332 παρ’

2172 5357 2460 5429 ελεύσομαι
2495 5360 2754 5430 πρότερός
2783 5377 2872 5413 σου
2899 5363 2962 5433 τῇ
2989 5362 3113 5433 δόξῃ
3143 5381 3256 5432 μου
3278 5382 3290 5394 ’
3325 5362 3631 5417 καὶ-καλέσω
3659 5357 3696 5405 ἐν

2170 5448 2391 5521 ὀνόματι
2419 5451 2624 5523 Κυρίου
2669 5451 2907 5505 ἐναντίον
2963 5471 3075 5516 σου,
3107 5473 3124 5504 ι
3181 5457 3285 5510 καὶ
3328 5459 3398 5513 τὰ
3428 5458 3569 5526 ἑξῆς·
3595 5449 3696 5504 διδά-

584 5616 823 5718 ἶῖ.Νὲ¹ἑ¹¹·
859 5594 1517 5718 ξιιιίξὲοζῗζρρυιςρνν
1551 5629 1609 5718 ξι
1650 5630 1949 5718 ,ιέῗρίεξιιιι
1982 5650 2077 5718 .

2197 5634 2251 5718 ὶ²⁹
2293 5631 2464 5689 Exod.
2500 5651 2585 5718 ιιι,
2619 5636 2728 5718 15,-
3074 5655 3285 5718 xxxi",
3328 5643 3414 5697 15.
3489 5642 3527 5673 ³¹
3566 5634 3693 5691 Exul.

523 5691 789 5754 “111,23.
868 5691 910 5722 ³³
949 5691 1119 5747 Exod.
1155 5711 1363 5761 χχχιιι,
1400 5697 1486 5751 15.
1565 5699 1609 5730 ³³
1649 5699 1778 5754 ibid.
1820 5701 1902 5756 Π.
1981 5703 2022 5736 ³³
2067 5704 2077 5756 l

2181 5702 2234 5757 d.
2272 5719 2480 5772 χχχιιι,
2522 5691 2606 5759 l8.
2686 5708 2728 5739 ³⁵
2769 5707 2901 5766 ibid.

2943 5711 3027 5765 19.
