3868 6264
215 356 355 415 1063

1271 358 1565 419 ΕΟΕΟΒΕ
1603 358 2086 421 ΡΒΟΡΙΙΕΤΙΕΕ.
2130 395 2195 406 -
2236 363 2363 424 LIB.
2398 364 2438 426 1.

3321 376 3456 435 1088

212 500 360 539 σκων
388 484 469 539 δτι
492 485 556 557 δὴ
592 485 768 557 πάσης
800 483 1000 557 μείζων
1045 486 1147 557 τῆς
1185 486 1449 560 πρότερον
1485 484 1633 556 αύτῷ
1657 485 1786 538 θεω-

1893 487 2016 542 dam
2050 503 2100 546 te
2118 492 2288 562 gloria
2311 509 2449 555 mea,
2478 513 2496 545 ι
2528 502 2583 549 et
2614 494 2681 551 de
2715 491 2891 549 Patris
2920 494 3005 549 sui
3035 494 3303 559 doctrina,
3335 518 3353 549 ι
3392 497 3458 553 Ει

213 576 487 651 ρουμένης
518 576 779 642 ὀπτασίας
807 581 839 650 ἠ
875 577 967 631 τοῦ
994 579 1205 651 Πατρὸς
1227 581 1321 633 καὶ
1355 578 1487 632 Θεοῦ
1517 579 1624 632 τῶν
1652 579 1788 632 ὅλων

210 675 472 743 τυγχάνει
499 674 718 744 γνῶσις,
744 678 810 747 ἢν
832 676 925 729 καὶ
952 675 1296 748 παραδώσειν
1331 674 1482 746 αὐτῷ
1512 675 1787 746 ὑπισχνεῖ-

214 782 328 828 ται,
361 765 489 838 περὶ
525 767 620 838 μὲν
649 765 839 821 ἑαυτοῦ
865 767 1056 837 λέγων,
1099 787 1116 820 ι
1146 767 1557 841 Παρελεύσομαι
1591 767 1788 839 πρότε-

216 859 311 931 ρός
344 877 436 913 σου
472 862 543 932 τῇ
574 860 700 935 δόξῃ
736 879 856 932 μου.
889 881 907 913 ι
943 862 1076 934 Περὶ
1102 862 1156 915 δὲ
1186 861 1286 932 τῆς
1313 860 1406 915 τοῦ
1436 857 1647 932 Πατρὸς
1692 878 1789 930 μυ-

216 952 528 1021 σταγωγίας
545 953 626 1016 τὸ,
650 973 667 1005 ι
690 954 784 1008 καὶ
805 954 1016 1008 καλέσω
1032 956 1089 1007 ἐν
1114 953 1335 1025 ὀνόματι
1352 951 1575 1026 Κυρίου⁹
1592 974 1610 1004 ι
1632 952 1788 1006 ποίου

211 1042 322 1115 γὰρ
341 1044 567 1115 Κυρίου,
598 1043 759 1109 αὐτὸς
784 1045 858 1099 ὢν
874 1049 902 1100 6
919 1045 1004 1100 διά
1032 1044 1126 1099 τοῦ
1159 1046 1579 1118 τετραγράμμου
1601 1044 1789 1118 δηλού-

212 1152 373 1206 pavo;
405 1136 627 1210 Κύριος,
662 1140 709 1191 εί
744 1137 817 1209 μὴ
847 1138 953 1210 ἄρα
978 1137 1069 1192 τοῦ
1091 1138 1302 1208 Πατρὸς
1331 1138 1579 1193 καλέσειν
1611 1139 1785 1207 ἐπαγ-

206 1226 459 1295 γέλλεται
480 1242 494 1292 ;
531 1228 640 1282 Kal.
670 1226 885 1299 ἀληθῶς
906 1244 968 1296 γε
991 1230 1037 1282 εί
1064 1228 1137 1300 μὴ
1162 1227 1355 1282 διέλθοι
1380 1229 1501 1283 τινά
1524 1228 1787 1302 πρότερον

203 1317 238 1372 ὁ
260 1317 355 1373 τοῦ
382 1318 515 1372 Θεοῦ
542 1320 733 1389 Λόγος,
760 1323 853 1373 καὶ
893 1321 941 1373 εί
984 1321 1057 1392 μὴ
1090 1321 1250 1383 αύτὺς
1282 1320 1668 1376 ἀνακαλέσοιτο
1696 1323 1787 1378 τὸν

205 1412 448 1486 Πατέρα,
482 1414 590 1467 οὐδ’
629 1414 802 1479 ἄλλως
851 1413 1072 1469 δυνατὸν
1118 1414 1219 1486 τὴν
1280 1413 1374 1468 τοῦ
1427 1413 1636 1488 Πατρὸς
1680 1412 1786 1469 τῶν

204 1504 348 1559 ὅλων
375 1504 662 1558 ἀναλαϐεῖν
712 1504 944 1574 γνῶσιν·
985 1525 1003 1557 ι
1052 1506 1173 1559 ἐπεὶ
1217 1505 1338 1576 μηδ’
1387 1502 1469 1571 εἷς
1510 1505 1650 1575 ἔγνω
1693 1505 1784 1561 τὸν

206 1592 430 1666 Πατέρα
462 1597 511 1649 εί
544 1594 617 1666 μὴ
646 1599 674 1649 ὁ
704 1596 850 1660 Υἱὸς,
884 1597 978 1650 καὶ
1003 1588 1046 1664 ᾧ
1073 1593 1138 1650 ἂν
1170 1598 1199 1650 6
1232 1595 1358 1659 Υἱὸς
1384 1595 1729 1669 ἀποκαλύψῃ.
1761 1616 1780 1647 ι

202 1685 379 1749 Αὐτὸς
405 1684 535 1753 γοῦν
567 1687 713 1739 ἐστιν
745 1688 778 1757 ἡ
808 1684 946 1757 θύρα
966 1685 1059 1740 καὶ
1082 1687 1115 1756 ἡ
1142 1684 1258 1748 ὁδὸς
1288 1683 1353 1738 δι’
1374 1676 1434 1736 οὗ
1459 1684 1617 1755 μόνου
1639 1682 1785 1736 ἐστιν

207 1776 338 1832 ἰδεῖν
369 1777 461 1831 τὸν
487 1777 742 1832 ἐπέκεινα
770 1778 863 1831 καὶ
894 1776 1153 1830 ἀνωτάτω
1180 1776 1287 1829 τῶν
1318 1776 1453 1829 ὅλων
1477 1777 1667 1841 αίτιον,
1689 1777 1786 1830 αύ-

202 1871 297 1924 τδν
324 1871 415 1924 τὸν
443 1869 661 1941 Πατέρα
680 1886 694 1900 ·
721 1870 770 1921 εί
792 1868 900 1940 γὰρ
931 1869 1025 1924 καὶ
1053 1867 1122 1922 τὰ
1145 1868 1376 1939 μάλιστα
1402 1862 1490 1923 οἷά
1514 1884 1596 1933 τις
1621 1866 1784 1922 αύτοῦ

203 1963 515 2037 πρόδρομος
538 1960 901 2034 προεπιδημεῖ
930 1964 1050 2025 ταῖς
1081 1961 1189 2015 τῶν
1216 1962 1497 2034 μακαρίων
1528 1960 1726 2034 ψυχαῖς
1757 1960 1786 2013 6

204 2054 351 2119 θεῖος
383 2055 575 2124 Λόγος,
599 2054 696 2126 τῆς
728 2053 860 2116 ἰδίας
886 2052 1043 2124 δόξης
1072 2052 1384 2125 μεταδιδοὺς
1431 2053 1642 2116 αὐταῖς,
1671 2052 1783 2107 ἀλλ’

201 2148 304 2218 οὐχ
334 2144 547 2201 ἵσταταί
571 2163 635 2216 γε
669 2146 748 2209 είς
773 2145 924 2208 τέλος
950 2144 1020 2198 τά
1042 2146 1141 2217 τῆς
1175 2144 1462 2211 αύθεντίας
1490 2146 1568 2211 είς
1598 2145 1787 2200 ἑαυτὸν

203 2236 624 2310 ἀναλαμϐάνων,
662 2238 1193 2310 προπαρασκευάσας
1220 2238 1278 2293 δὲ
1303 2239 1398 2292 καὶ
1428 2237 1788 2309 προευτρεπί·

205 2340 310 2390 σας
350 2328 447 2398 τὴν
487 2328 672 2398 μονὴν,
707 2327 983 2399 ὑποχωρεῖ
1021 2326 1113 2381 καὶ
1164 2327 1637 2400 μεταπαραδίδωσι
1686 2328 1787 2398 τὴν

204 2417 486 2489 βασιλείαν
515 2417 591 2489 τῷ
618 2416 737 2489 Θεῷ
757 2419 850 2471 καὶ
873 2418 1065 2491 Πατρί.
1084 2418 1255 2472 Τοῦτο
1274 2419 1330 2472 δὲ
1352 2418 1446 2471 καὶ
1473 2417 1634 2483 αὐτὸς
1653 2421 1806 2490 ὁμο·’

201 2510 358 2580 λογεῖ
392 2510 637 2580 φάσκων,
679 2530 695 2562 ι
719 2510 859 2579 Ἐγὼ
882 2510 1286 2582 παρελεύσομαι
1313 2509 1575 2582 πρότερός
1601 2528 1694 2564 σου
1717 2508 1784 2583 τῇ

198 2599 331 2672 δόξῃ
372 2618 494 2670 μου,
530 2602 622 2653 καὶ
652 2600 864 2654 καλέσω
901 2603 960 2655 ὲν
995 2600 1218 2672 ὀνόματι
1246 2599 1471 2671 Κυρίου.
1502 2620 1519 2652 ι
1548 2600 1659 2655 Νῦν
1689 2599 1787 2673 μὲν

199 2686 299 2745 οὖν
319 2691 461 2761 λόγῳ
482 2689 640 2745 τοῦτο
662 2690 888 2765 πράξειν
919 2691 1313 2762 ἐπαγγέλλεται
1332 2708 1344 2721 ο
1377 2689 1502 2764 ἑξῆς
1529 2691 1587 2745 δὲ
1611 2690 1787 2747 καὶτὸ

204 2782 371 2857 ἔργον
405 2786 599 2855 ἐπάγει
632 2785 757 2839 ἔνθα
785 2784 1019 2858 εἴρηται,
1054 2805 1072 2838 ι
1096 2786 1207 2840 Καὶ
1248 2784 1450 2858 κατέϐη
1483 2783 1684 2857 Κύριος
1728 2788 1788 2841 ὲν

202 2876 428 2950 νεφέλῃ,
458 2877 552 2931 καὶ
578 2877 821 2947 παρέστη
845 2874 993 2947 αύτῷ
1022 2877 1167 2929 ἐκεῖ·
1197 2875 1292 2929 καί
1315 2874 1573 2929 ἐκάλεσεν
1601 2877 1659 2930 ὲν
1680 2873 1791 2928 6V6-

204 2987 341 3042 ματι
378 2969 602 3041 Κυρίου.
639 2969 749 3023 Καὶ
794 2964 1067 3039 παρῆλθεν
1099 2965 1302 3038 Κύριος
1340 2964 1446 3039 πρὸ
1492 2963 1786 3037 προσώπου

202 3054 375 3117 αὑτοῦ
406 3062 500 3116 καὶ
528 3059 1017 3133 ὲκάλεσε,Κύριος,
1032 3058 1237 3132 Κύριος
1263 3060 1293 3112 6
1313 3056 1444 3122 Θεὸς
1464 3056 1784 3128 οίκτίρμων,

1888 584 2095 639 vocabo
2128 585 2182 638 in
2211 584 2431 639 nomine
2461 583 2673 641 Dnmini
2697 601 2883 641 coram
2925 595 2999 643 te.
3026 605 3045 641 ι
3073 586 3244 654 Quem
3274 597 3455 646 autem

1891 672 2201 741 Dominum,
2238 691 2362 731 cum
2421 677 2493 733 sit
2548 679 2663 750 ipse
2712 678 2973 734 Dominus
3013 688 3455 752 tetragrainmato

1889 767 2228 839 designatus,
2262 769 2365 824 nisi
2399 767 2612 824 Patrem
2646 785 2806 825 suum
2852 783 3168 827 vocaturum
3196 788 3317 828 esse
3359 774 3453 830 de-

1889 858 2422 917 nuntiat?Profect0
2474 862 2579 917 nisi
2624 864 2883 933 praevium
2927 875 3014 919 eat
3046 864 3139 920 Dei
3189 863 3451 927 Verbum.

1890 953 1997 1008 nisi
2029 953 2145 1024 ipse
2184 951 2402 1009 Patrem
2436 956 2682 1022 advocet,
2719 957 3053 1028 impossibile
3085 967 3167 1013 est
3206 960 3453 1028 quemvis

1888 1041 2132 1095 omnium
2162 1042 2341 1098 Patris
2371 1045 2653 1099 scientiam
2672 1045 2941 1115 excipere.
2976 1065 2994 1096 ι
3031 1046 3214 1118 Neque
3238 1044 3452 1104 Patrem

1888 1133 2013 1204 quis
2051 1134 2219 1189 novit.
2252 1136 2357 1191 nisi
2387 1134 2582 1202 Filius,
2605 1144 2658 1192 et
2689 1139 2775 1192 cui
2809 1136 2984 1194 Filius
3013 1141 3251 1195 voluerit
3301 1157 3452 1198 reve-

1888 1226 2002 1281 lare
2033 1227 2096 1282 ³⁸.
2133 1249 2152 1281 ι
2190 1230 2310 1300 ipse
2345 1230 2510 1300 igitur
2540 1238 2623 1299 est
2659 1233 2827 1302 janua
2857 1233 3050 1303 viaque
3081 1248 3185 1303 qua
3218 1234 3333 1290 sola
3360 1251 3455 1291 ex-

1887 1320 2252 1375 celsissimam
2309 1322 2897 1394 immensissimamque
2951 1339 3133 1379 rerum
3210 1326 3452 1379 omnium

1887 1425 2130 1477 causam,
2159 1409 2374 1467 Patrem
2435 1414 2637 1485 ipsum,
2666 1415 2983 1485 conspicere
3030 1430 3339 1486 possumus.
3395 1415 3453 1472 Si

1886 1503 2029 1557 enim
2067 1520 2230 1574 quam
2259 1504 2515 1572 maxime,
2556 1507 2702 1562 velut
2742 1506 2940 1577 aliquis
2971 1506 3090 1576 ejus
3123 1522 3451 1578 praecursor,

1890 1592 2170 1649 beatorum
2223 1597 2435 1653 animas
2482 1598 2723 1653 divinum
2757 1599 2910 1668 praeit
2931 1596 3192 1664 Verbum,
3226 1600 3454 1670 partici-

1889 1701 1983 1756 pes
2004 1703 2100 1743 eos
2127 1690 2360 1759 propria:
2398 1690 2582 1761 gloriae
2608 1688 2865 1754 efficiens,
2894 1692 2986 1747 sed
3022 1708 3131 1747 non
3158 1691 3358 1747 desinit
3387 1690 3455 1746 ad

1889 1779 2047 1835 finem
2080 1784 2421 1839 auctoritatis
2445 1792 2625 1855 partes
2651 1785 2705 1838 in
2730 1801 2788 1841 se
2819 1785 3119 1857 suscipere,
3152 1793 3454 1857 praeparato

1890 1878 2067 1925 autem
2116 1886 2181 1926 ac
2203 1871 2470 1942 disposito
2494 1874 2827 1940 habitaculo,
2865 1875 3097 1932 discedit
3144 1886 3196 1931 et
3227 1891 3454 1946 regnum
3572 1902 3575 1905 λ

1889 1959 2000 2017 Deo
2034 1970 2087 2017 et
2126 1960 2273 2018 Patri
2297 1963 2578 2019 transfert.
2613 1962 2769 2031 Quod
2807 1981 2860 2020 et
2894 1967 3009 2037 ipse
3039 1968 3330 2024 confitetur
3370 1968 3455 2024 dio

1888 2071 2020 2111 cens
2055 2072 2069 2109 :
2124 2074 2144 2108 ι
2188 2054 2300 2127 Ego
2329 2057 2627 2126 praecedam
2658 2065 2712 2114 te
2749 2057 2919 2128 gloria
2967 2074 3107 2123 mea,
3154 2067 3208 2114 et
3252 2061 3456 2116 vocabo

1890 2142 1944 2200 in
1978 2147 2198 2201 neruine
2227 2144 2462 2202 Domini.
2510 2169 2527 2201 ι
2562 2146 2716 2203 Nunc
2753 2149 2970 2219 quidem
3014 2150 3180 2205 verbo
3209 2150 3341 2207 illud
3374 2151 3457 2205 fa-

1889 2247 2106 2293 cturum
2163 2254 2285 2295 esse
2311 2241 2609 2311 promittit;
2636 2241 2780 2312 quod
2828 2256 2886 2296 re
2930 2243 3160 2312 peragit.
3185 2249 3243 2296 ut
3270 2250 3458 2301 osten-

1891 2328 2029 2386 dunt
2066 2346 2187 2403 quae
2210 2340 2515 2403 sequuntur
2540 2326 2560 2389 ἐ
2599 2352 2617 2385 ι
2655 2333 2905 2406 Cumque
2943 2335 3318 2393 descendisset
3349 2337 3455 2391 Do-

1891 2423 2073 2476 minus
2113 2437 2210 2491 per
2240 2414 2461 2487 nubem,
2490 2425 2640 2478 stetit
2671 2422 2883 2497 Moyses
2913 2439 3037 2478 cum
3076 2440 3162 2493 eo,
3193 2425 3455 2484 invocans

1889 2527 2087 2568 nomen
2119 2512 2353 2568 Domini.
2398 2512 2461 2567 Et
2506 2516 2723 2570 transiit
2774 2514 3036 2570 Dominus
3087 2522 3213 2571 ante
3261 2515 3455 2572 faciem

1888 2602 2029 2671 ejus,
2063 2604 2381 2673 vocavitque
2412 2622 2425 2659 :
2470 2602 2789 2660 Dominator
2822 2603 3051 2660 Domine
3089 2603 3255 2670 Deus,
3291 2607 3456 2662 mise-

1890 2695 2065 2749 ricors
2115 2703 2169 2750 et
2199 2696 2461 2763 clemens,
2496 2704 2550 2752 et
2583 2698 2817 2767 patiens,
2845 2703 2900 2752 et
2935 2698 3119 2753 multa:
3152 2699 3456 2754 miseratio-

1890 2787 1994 2851 nis,
2026 2801 2089 2841 ac
2124 2802 2307 2851 verax,
2338 2788 2431 2857 qui
2466 2789 2712 2844 custodis
2756 2788 3190 2845 misericordiam
3228 2790 3285 2844 in
3330 2790 3455 2843 mil-

1890 2879 1981 2946 lia,
2006 2879 2098 2950 qui
2135 2878 2319 2936 aufers
2351 2880 2695 2950 iniquitatem
2733 2890 2789 2937 et
2818 2881 3047 2946 scelera,
3079 2889 3242 2951 atque
3265 2895 3459 2952 peccao

1890 2980 1965 3036 ta,
2006 2972 2299 3043 nullusque
2328 2971 2470 3044 apud
2507 2980 2559 3029 te
2589 2988 2688 3044 per
2717 2988 2775 3028 se
2798 2973 3062 3028 innocens
3082 2982 3186 3028 est.
3206 2971 3309 3039 Qui
3335 2973 3458 3028 red»

1888 3065 1974 3122 dis
1996 3065 2337 3138 iniquitatem
2380 3074 2596 3137 patrum
2641 3066 2788 3130 filiis,
2818 3080 2880 3121 ac
2941 3065 3228 3137 nepotibus
3260 3066 3313 3119 in
3347 3074 3456 3121 ter-

202 3157 304 3209 u‘l.
330 3154 595 3225 ἐλεήμων,
628 3151 688 3223 (ί.
721 3152 808 3221 12)
843 3150 1212 3224 μακρόθυμος,
1249 3149 1343 3203 καὶ
1368 3147 1671 3212 πολυέλεος,
1694 3148 1786 3202 καὶ¹

1890 3163 2020 3214 tiam
2041 3166 2096 3214 et
2126 3166 2375 3231 quartam
2408 3159 2718 3230 progeniem
2746 3159 2836 3212 η’.
2871 3178 2891 3211 ι
2925 3158 3049 3214 Haec
3076 3160 3220 3213 enim
3247 3159 3361 3230 ipse
3382 3158 3462 3213 dio

198 3245 478 3318 ἀληθινὸς,
508 3243 602 3299 καὶ
631 3243 973 3315 δικαιοσύνην
1003 3242 1295 3314 διατηρῶν,
1328 3240 1494 3297 ποιῶν
1529 3240 1676 3303 ἔλεος
1706 3241 1786 3302 είς

200 3337 473 3410 χιλιάδας,
500 3336 748 3409 ἀφαιρῶν
790 3335 1039 3405 ἀνομίας,
1076 3336 1170 3387 καὶ
1207 3332 1439 3397 ἀδικίας,
1473 3331 1568 3386 καὶ
1602 3332 1785 3401 ἀμαρ-

197 3431 346 3495 τίας,
380 3430 475 3484 καὶ
518 3430 609 3484 τὸν
645 3428 825 3500 ἔνοχον
870 3427 932 3481 οὐ
977 3425 1257 3499 καθαριεϊ⁶
1290 3423 1510 3493 ἐπάγων
1555 3424 1785 3494 ἀνομίας

200 3522 435 3595 πατρῶν
448 3523 555 3599 [sui
580 3522 766 3585 τέκνα,
793 3521 889 3574 καὶ⁵
925 3519 1018 3571 ἐπὶ
1049 3517 1213 3573 τέκνα
1243 3515 1448 3570 τέκνων
1477 3514 1571 3568 ἐπὶ
1596 3512 1786 3586 τρίτην

199 3617 304 3671 καὶ
338 3614 603 3687 τετάρτην
629 3612 843 3685 γενεάν.
875 3629 894 3663 ι
924 3610 1107 3665 Ταῦτα
1134 3610 1242 3680 γὰρ
1263 3608 1425 3672 αὐτός
1455 3624 1588 3677 φησι
1616 3621 1787 3661 κατα-

206 3707 316 3773 ϐὰς
340 3709 400 3761 ὲν
427 3705 622 3779 νεφέλῃ
644 3707 739 3760 καὶ
756 3704 1039 3776 παραστὰς
1066 3701 1144 3773 τῷ
1157 3701 1383 3755 Μωῠσεϊ
1402 3700 1431 3751 6
1456 3699 1544 3752 διὰ
1571 3697 1664 3752 τοῦ
1694 3712 1784 3751 τε-

208 3798 582 3871 τραγράμμου
623 3790 949 3870 δηλούμενος
988 3794 1226 3866 Κύριος’
1254 3793 1315 3857 ὃς
1346 3791 1468 3846 καθ’
1495 3791 1564 3862 ἢν
1597 3789 1787 3844 πεποί-

204 3910 338 3964 ηται
373 3891 664 3963 ὑπόσχεσιν
704 3888 986 3959 παρελθὼν
1020 3887 1125 3959 πρὸ
1156 3884 1447 3959 προσώπου
1478 3881 1664 3950 αὐτοῦ,
1694 3882 1785 3937 τὸν

200 3986 303 4039 καὶ
336 3984 528 4038 ἑαυτοῦ
563 3982 764 4055 Κύριον
788 3983 881 4036 καὶ
906 3981 1143 4050 Πατέρα,
1172 3978 1263 4032 τὸν
1292 3976 1506 4047 ἀληθῶς
1532 3976 1660 4030 ὄντα
1680 3973 1787 4027 Κύ-

204 4093 327 4152 ριον
357 4075 581 4149 Κύριον,
601 4075 680 4139 δὶς
704 4074 791 4128 διὰ
828 4073 922 4128 τοῦ
955 4070 1379 4143 τετραγράμμου
1417 4068 1785 4140 ἐμφερόμενον

204 4168 560 4224 ἀνακαλεῖται
584 4166 757 4236 λέγων
776 4166 856 4228 τὸ,
887 4185 904 4216 ι
928 4164 1148 4236 Κύριος.
1170 4162 1371 4233 Κύριος
1390 4164 1419 4213 6
1433 4160 1563 4222 Θεὸς
1583 4158 1785 4229 οίκτίρ-

204 4279 331 4334 μων
365 4261 457 4313 καὶ
488 4260 751 4331 ἐλεήμων,
786 4277 803 4309 ι
837 4260 930 4311 καὶ
976 4257 1043 4311 τὰ
1094 4255 1240 4325 ἑξῆς.
1273 4254 1336 4307 Ei
1381 4253 1436 4307 δὲ
1467 4251 1784 4322 βιαζόμενός

199 4370 292 4417 τις
318 4351 514 4420 φάσκοι
548 4351 621 4422 μὴ
648 4350 738 4403 τὸν
764 4349 992 4420 Κύριον,
1021 4348 1157 4401 ἀλλά
1184 4345 1422 4413 Μωῡσῆν
1446 4342 1621 4397 ταῦτα
1637 4343 1785 4413 algu-

200 4446 385 4509 κέναι,
422 4447 629 4515 πεῖσμα
662 4442 876 4513 βέϐαιον
911 4438 1232 4513 λαμϐανέτω
1257 4439 1313 4505 ἐξ
1344 4437 1523 4492 αὐτῶν
1551 4436 1658 4489 τῶν
1690 4432 1782 4487 τοῦ

1893 3249 1989 3314 cit,
2030 3264 2154 3304 cum
2182 3248 2465 3305 descendit
2497 3250 2552 3304 in
2587 3248 2734 3303 nube
2761 3255 2814 3303 et
2843 3263 3010 3320 prope
3029 3246 3267 3320 Moysem
3306 3248 3461 3304 stetit

1891 3344 2339 3411 tetragrammato
2378 3338 2696 3410 designatus
2737 3338 3020 3395 Dominus.
3052 3337 3205 3401 Dein,
3234 3339 3304 3395 ob
3333 3353 3461 3411 pro-

1892 3430 2208 3486 missionem
2257 3445 2427 3501 quam
2475 3432 2593 3502 ipse
2649 3430 2873 3495 fecerat,
2904 3431 3181 3485 transiens
3229 3436 3353 3484 ante
3382 3418 3462 3484 fa—

1891 3521 2031 3576 ciem
2059 3519 2199 3589 ejus,
2232 3522 2432 3576 suimet
2462 3520 2749 3577 Dominum
2771 3530 2826 3575 et
2853 3520 3087 3587 Patrem,
3118 3534 3245 3576 vere
3278 3518 3460 3575 Domi-

1890 3624 2044 3676 num,
2073 3609 2501 3676 Dominatorem,
2527 3612 2611 3668 bis
2646 3619 3086 3682 tetragrammato
3114 3610 3459 3681 designatum

1892 3703 2108 3759 invocat
2132 3703 2323 3760 dicens
2353 3722 2367 3757 :
2395 3722 2415 3755 ι
2452 3703 2771 3759 Dominator
2802 3702 3025 3758 Domine
3049 3701 3211 3765 Deus,
3248 3701 3462 3759 miseris

1890 3805 2082 3853 corset
2109 3797 2371 3864 clemens,
2398 3804 2491 3853 vel
2515 3796 2743 3867 reliqua.
2769 3794 2827 3851 Si
2857 3796 2983 3866 quis
3015 3803 3195 3850 autem
3217 3793 3322 3849 loci
3340 3808 3460 3850 sen-

1890 3902 2012 3942 sum
2042 3886 2374 3958 detorquens
2403 3886 2628 3942 minime
2655 3902 2686 3940 a
2715 3884 2948 3941 Domino
2969 3885 3282 3949 contendat,
3304 3885 3401 3941 sed
3426 3900 3459 3940 a

1892 3979 2074 4050 Moyse
2104 3979 2220 4033 haec
2247 3992 2373 4034 esse
2402 3977 2580 4043 dicta,
2612 3978 2743 4033 illud
2789 3979 2949 4049 plane
2980 3984 3320 4047 compertum
3357 3975 3456 4032 ha-

1891 4070 2040 4125 bebit
2070 4069 2206 4139 ipsis
2226 4068 2428 4141 Moysis
2449 4069 2701 4137 vocibus,
2737 4069 2852 4125 haec
2888 4083 3014 4125 esse
3040 4069 3208 4124 verba
3239 4066 3455 4124 Domini

1889 4159 2242 4225 confitentis,
2288 4172 2412 4217 cum
2466 4162 2522 4218 in
2575 4161 2682 4215 alio
2732 4161 2852 4215 loco
2899 4168 3154 4230 precatur
3216 4159 3453 4215 dicens:

1895 4270 1914 4303 ι
1953 4250 2330 4324 Magnificetur
2350 4266 2480 4325 ergo
2520 4253 2782 4309 fortitudo
2814 4248 3028 4307 Domini
3060 4252 3202 4308 sicut
3234 4249 3456 4321 jurasti,

1889 4343 2078 4401 dicens
2111 4364 2124 4401 :
2155 4344 2416 4402 Dominus
2454 4347 2668 4416 patiens
2712 4356 2765 4400 et
2815 4346 2999 4401 multa
3045 4342 3454 4409 misericordis,

1892 4437 2147 4495 auferens
2201 4440 2545 4511 iniquitatem
2598 4450 2652 4495 et
2701 4441 2910 4495 scelera
2939 4479 2953 4502 ,
3001 4439 3321 4509 nullumque
3376 4438 3457 4492 in-

202 4536 488 4599 Μωῦσέως
518 4534 712 4604 φωνῶν
739 4532 1124 4604 ὁμολογοῦντος
1160 4530 1256 4584 τοῦ
1295 4530 1498 4601 Κυρίου
1526 4524 1662 4582 εἶναι
1691 4525 1786 4589 τὰς

1895 4534 2116 4587 noxium
2163 4532 2569 4603 derelinquens,
2621 4534 2714 4603 qui
2766 4533 2954 4587 visitas
2985 4540 3207 4601 peccata
3238 4537 3456 4601 patrum

206 4625 632 4697 προεκτεθείσας
669 4622 863 4689 λέξεις.
892 4624 959 4677 δι’
992 4616 1065 4675 ὧν
1095 4622 1383 4693 εὐχόμενος
1410 4624 1469 4674 ὲν
1495 4619 1664 4691 ἑτέρῳ
1693 4617 1784 4671 τό-

206 4733 302 4786 πῳ
332 4716 485 4788 φησι,
520 4735 540 4767 ι
558 4717 668 4770 Καὶ
695 4715 789 4769 νῦν
823 4714 1091 4785 ύψωθήτω
1125 4714 1159 4783 ἡ
1203 4712 1325 4783 χείρ
1353 4728 1467 4776 σου,
1492 4709 1662 4782 Κύριε
1685 4725 1700 4739 ·
1725 4708 1785 4762 ὃν

205 4807 413 4880 τρόπον
442 4804 603 4871 εῐπας
632 4807 825 4876 λέγων,
853 4806 1057 4877 Κύριος
1091 4804 1459 4877 μακρὸθυμος,
1496 4805 1589 4857 καὶ
1626 4803 1788 4856 πολυ-

209 4898 384 4963 έλεος,
421 4898 516 4954 καὶ
561 4899 831 4971 ἀληθινόςο
869 4898 1116 4970 ἀφαιρῶν
1171 4895 1398 4967 ἀνομίας
1427 4896 1522 4950 καὶ
1551 4896 1783 4958 ἀδικίας,

206 4991 310 5045 καὶ
327 4991 599 5062 ἁμαρτίας
614 5008 629 5021 ·
655 4990 748 5045 καὶ
767 4990 1093 5061 καθαρισμῷ
1115 4991 1175 5043 οὐ
1199 4989 1450 5061 καθαριεῖ
1473 4989 1565 5041 τὸν
1583 4989 1782 5059 ένοχον,

207 5081 497 5145 ἀποδιδοὺς
548 5081 817 5154 ἁμαρτίας
864 5080 1086 5152 πατρῶν
1137 5080 1227 5133 ἐπὶ
1268 5080 1435 5133 τέκνα
1465 5080 1569 5142 ἕως
1598 5079 1787 5150 τρίτης

208 5176 311 5230 καὶ
333 5175 596 5247 τετάρτης
621 5175 837 5243 γενεᾶς.
866 5193 885 5224 ι
907 5173 1307 5245 Ἐναργέστατα
1336 5173 1399 5243 δὴ
1433 5169 1524 5227 οὖν
1557 5172 1649 5225 καὶ
1685 5187 1784 5225 σα-

207 5265 458 5337 φέστατα
492 5265 580 5319 διά
604 5264 806 5318 τούτων
835 5265 995 5329 αὐτὸς
1020 5267 1049 5318 6
1088 5262 1291 5336 Κύριος
1318 5263 1415 5326 τάς
1446 5262 1786 5334 προεκτεθεί-

212 5373 317 5420 σας
363 5355 600 5428 εἰρηκὼς
637 5358 876 5428 παριστᾷ
907 5372 966 5409 τε
994 5355 1391 5427 (παρίσταται)
1428 5355 1630 5423 φωνὰς,
1665 5354 1783 5425 μεί-

210 5449 347 5513 ζονα
359 5449 562 5521 Κύριον
589 5449 679 5502 τὸν
707 5447 921 5520 ἀληθῶς
948 5447 1168 5520 Κύριον,
1189 5447 1348 5517 δῆλον
1374 5446 1418 5499 δ⁴
1445 5448 1526 5500 ὅτι
1556 5446 1647 5500 τὸν
1674 5444 1786 5498 Παο

207 5540 350 5613 τέρα
398 5540 611 5604 ἑαυτοῦ,
653 5540 1086 5611 ἀνακαλούμενος
1107 5555 1124 5571 ο
1166 5539 1199 5611 ἢ
1243 5541 1290 5592 εί
1330 5538 1631 5602 δυσπειθῶς
1676 5538 1787 5608 ἔχοι

212 5631 354 5705 πρὸς
373 5632 565 5695 ταῦτα,
600 5631 800 5700 λεγέτω
827 5631 881 5684 εἶ
904 5648 1024 5684 τινα
1051 5630 1215 5701 ἀλλην
1250 5625 1359 5694 οἷός
1386 5629 1446 5684 τέ
1475 5633 1621 5685 ἐστιν
1645 5629 1786 5684 κατά

1888 4621 1943 4676 in
1988 4622 2127 4678 filios
2161 4622 2217 4675 in
2249 4623 2465 4675 tertiam
2500 4629 2554 4675 et
2595 4631 2842 4691 quartam
2895 4620 3302 4690 generationem
3332 4618 3397 4673 ".
3430 4635 3451 4672 ι

1887 4712 2208 4778 Clarissime
2233 4711 2399 4782 igitur
2416 4719 2469 4767 et
2490 4709 2938 4766 manifestissime
2969 4718 3114 4779 patet
3134 4725 3198 4765 ex
3246 4710 3314 4763 iis
3339 4708 3456 4763 hac

1888 4821 2011 4877 qua:
2042 4805 2326 4862 retulimus
2368 4801 2654 4858 Dominum
2686 4802 2912 4867 dixisse,
2957 4802 3218 4871 majorem
3271 4800 3457 4867 Domi.

1889 4913 2021 4953 num
2054 4904 2108 4953 et
2141 4911 2266 4953 vere
2288 4896 2597 4959 Dominum,
2634 4895 2843 4951 scilicet
2872 4893 3089 4949 Patrem
3123 4894 3267 4964 ejus,
3299 4897 3456 4947 invo-

1888 4997 2127 5045 cantem.
2162 4988 2262 5043 Cui
2299 4988 2345 5044 si
2377 4987 2508 5043 fides
2541 4986 2760 5043 difficile
2789 4986 3134 5045 adhibeatur.
3164 4985 3349 5041 videre
3370 4994 3455 5042 est

1887 5098 1958 5137 an
1978 5082 2084 5136 alia
2114 5096 2237 5136 esse
2264 5079 2439 5151 possit
2470 5079 2748 5149 bujusloci
2766 5076 3320 5149 explanatio.Quippe
3336 5077 3459 5130 ani-

1887 5171 2331 5229 madvertendum
2347 5180 2431 5225 est
2445 5184 2551 5225 non
2571 5170 2820 5240 angelum
2838 5166 3243 5223 manifestatum
3263 5166 3453 5230 fuisse,

1888 5266 1982 5323 sed
1999 5266 2174 5336 ipsum
2198 5270 2643 5334 tetragrammato
2664 5261 3006 5331 designatum
3029 5259 3339 5325 Dominum,
3359 5258 3454 5328 qui

1886 5367 1942 5412 et
1976 5356 2113 5411 facie
2143 5355 2208 5410 ad
2247 5355 2439 5410 faciem
2467 5369 2589 5409 cum
2606 5352 2789 5425 Moyse
2812 5352 3126 5423 perhibetur
3157 5348 3329 5405 fuisse
3341 5350 3455 5404 colo

1886 5450 2126 5513 locutus.
2161 5463 2324 5518 quem
2352 5457 2407 5504 et
2434 5445 2645 5519 Moyses
2680 5447 2916 5511 invocat,
2956 5441 3453 5499 manifestationem

1887 5554 1985 5609 per
2010 5540 2231 5610 angelos
2259 5538 2584 5609 deprecatus
2608 5537 2694 5592 his
2721 5535 2938 5591 verbis:
2969 5552 2989 5586 ι
3028 5533 3085 5588 Si
3114 5548 3224 5589 non
3253 5543 3308 5588 tu
3338 5532 3454 5602 ipse

1889 5627 2261 5700 praecedasme
2276 5627 2478 5682 educas
2491 5641 2592 5680 nos
2603 5626 2670 5680 de
2685 5626 2805 5679 loco
2817 5624 2923 5679 isto
2932 5624 2974 5656 ⁸⁷
2985 5626 2998 5648 ⁸
3009 5665 3023 5679 .
3039 5643 3057 5676 ι
3078 5621 3439 5680 Verumenim

292 5788 337 5820 ⁸⁸
380 5788 568 5844 Matth.
607 5804 692 5851 xl,
723 5789 811 5843 27.
889 5788 954 5820 "‘
996 5784 1165 5840 Exod.
1199 5802 1378 5853 xxxiv,
1414 5783 1534 5840 5-7.
1610 5783 1653 5816 ’⁷
1694 5782 1852 5838 Num.
1890 5798 1999 5850 xlv,
2040 5780 2137 5849 17,
2176 5781 2263 5837 18.
2343 5781 2409 5813 ³⁷⁸
2450 5776 2622 5835 Exod.
2658 5792 2867 5845 χχχιιι,
2905 5779 2991 5835 15.

464 5888 733 5947 Panos.
783 5884 900 5944 Gn.
949 5883 1156 5945 XXII.

3022 5874 3099 5937 3-1
