3868 6264
472 319 495 371 Ι
507 319 606 372 067

1175 310 1443 366 EUSEBII
1471 309 1949 366 CAESARIENSIS
1987 307 2135 364 OPP.
2171 306 2350 361 PARS
2389 306 2986 363 lll.——EXEGETIC.\.

3540 317 3647 373 1063

471 446 599 485 vero
621 444 726 484 non
749 434 975 498 possunt
993 425 1184 481 baacde
1199 427 1304 480 alio
1324 425 1428 480 nisi
1444 426 1620 480 solum
1635 426 1700 480 de
1715 425 1825 480 Deo
1845 425 2038 492 Verbo,

2148 428 2268 490 τοὺς
2302 427 2495 488 τόπους
2525 425 2797 478 ἐπιϐαλεῖν
2819 425 3069 494 διήγησιν
3090 441 3100 452 ·
3135 424 3401 491 φυλάττων
3421 429 3474 480 τὸ
3495 431 3556 500 μὴ
3575 434 3650 501 ἆγ-

472 525 524 577 in
559 522 823 594 principio
851 518 992 589 apud
1028 518 1216 584 Deum,
1255 518 1487 584 referri;
1519 521 1611 588 qui
1665 534 1858 589 magna
1899 537 2034 573 con-

470 623 660 671 secuto
688 611 856 682 Moysi
892 611 1157 680 majorum
1192 611 1432 666 ostendit
1473 612 1782 676 scientiam,
1832 611 2036 666 docens

471 721 593 759 eum
648 713 705 756 ut
756 703 931 757 solum
987 717 1173 756 verum
1224 709 1516 772 cognoscat
1550 701 1739 764 Deum,
1789 709 1841 755 et
1874 716 2034 770 quem

473 797 618 848 misit
645 793 808 848 Deum
841 792 1102 851 Verbum.
1135 801 1187 848 et
1214 794 1391 863 ipsum
1427 801 1549 862 post
1581 791 1798 847 Patrem
1853 791 2039 846 Domi-

473 903 714 958 numque
768 886 1067 956 Deumque.
1099 885 1164 938 Et
1194 885 1424 956 primam
1461 885 1679 955 quidem
1730 884 1780 938 ei
1816 884 1955 938 hanc
1986 892 2038 940 et

471 983 706 1036 maxime
740 981 1105 1035 necessariam
1131 981 1335 1048 praebet
1360 979 1672 1041 utilitatem,
1706 993 1774 1032 ne
1795 993 2037 1047 unquam

471 1075 539 1130 de
572 1074 814 1129 omnium
849 1071 955 1126 Deo
983 1072 1269 1141 Opiniones
1299 1071 1365 1125 ad
1392 1071 1800 1126 manifestatum
1825 1072 1873 1125 ei
1906 1068 2039 1125 Ver-

473 1169 598 1221 bum
635 1182 726 1236 per
756 1167 1076 1219 immensam
1105 1179 1287 1218 rerum
1337 1163 1575 1218 visarum
1613 1164 1838 1233 gloriam
1890 1162 2038 1215 acci-

476 1261 607 1330 piat.
638 1258 801 1313 Docet
823 1258 986 1328 igitur
1026 1257 1260 1326 seipsum
1324 1257 1558 1326 primum
1607 1257 1898 1325 solumque
1945 1270 2039 1309 ve-

473 1368 593 1406 rum
629 1351 795 1406 Deum
821 1349 1148 1419 prrecedere,
1182 1364 1341 1418 quem
1371 1348 1486 1417 ipse
1510 1347 1790 1402 invocabat
1815 1347 2035 1402 dicens:

475 1461 494 1491 1
530 1441 847 1496 llominator
883 1439 1104 1494 Domine
1138 1439 1303 1502 Deus,
1340 1439 1654 1494 misericors
1689 1448 1743 1494 et
1771 1441 2034 1504 clemens,

471 1535 704 1602 patiens,
730 1542 783 1587 et
805 1533 983 1587 multa:
1006 1533 1412 1596 misericordia,
1433 1540 1485 1585 et
1513 1548 1693 1588 verus.
1733 1553 1751 1585 ι
1779 1530 2037 1588 Eamdem

471 1626 716 1696 profecto
741 1629 848 1680 vim
871 1626 1032 1680 habet
1061 1646 1078 1675 ι
1103 1642 1288 1692 verus,
1311 1645 1328 1676 ι
1354 1625 1520 1678 acilla
1543 1644 1554 1678 :
1578 1644 1595 1675 ι
1621 1622 2040 1696 Utcognoscant

471 1723 523 1770 te
541 1717 714 1769 solum
739 1715 906 1770 Deum
929 1715 1194 1778 verum",
1223 1736 1240 1767 ι
1260 1716 1326 1768 ab
1349 1715 1466 1784 ipso
1481 1713 1760 1770 Salvatore
1797 1715 1849 1768 in
1873 1714 2042 1769 Evan-

2143 521 2298 588 γελον
2332 515 2470 572 εἷναι
2498 519 2588 571 τὸν
2619 518 3040 588 χρηματίζοντα,
3076 516 3190 568 ἀλλ’
3211 517 3365 570 αὐτὸν
3387 516 3471 570 τὸν
3493 521 3565 574 διὰ
3578 522 3651 578 τοῦ

2143 612 2565 684 τετραγράμμου
2613 609 2938 688 δηλούμενον
2987 610 3210 678 Κύριον,
3239 608 3294 672 ὃς
3340 609 3427 661 καὶ
3473 613 3654 680 ἐνώπιος

2144 705 2358 776 ὲνωπίῳ
2378 703 2454 775 τῷ
2471 705 2691 758 Μωῦσεῖ
2713 691 3123 774 ἀναγέγραπται
3147 701 3500 772 λελαληκέναι,
3519 701 3568 757 ὸν
3584 708 3654 760 καὶ

2144 795 2283 860 ἀξιοῖ
2329 795 2426 866 τὴν
2473 796 2540 848 δι’
2565 793 2810 863 ἀγγέλων
2869 792 3199 864 προστασίαν
3228 792 3656 863 παραιτούμενοςὸ

2144 887 2386 955 Μωῦσῆς
2409 885 2604 954 λέγων,
2637 905 2653 935 ι
2684 885 2744 936 El
2782 883 2853 954 μὴ
2887 882 3046 946 αὐτὸς
3075 883 3136 935 σὺ
3173 881 3494 954 συμπορεύῃ,
3520 886 3578 954 μή
3607 903 3655 954 με

2146 980 2425 1049 ἀναγάγῃς
2455 977 2721 1032 ἐντεῦθεν.
2754 997 2771 1029 ι
2793 976 2950 1029 Ἀλλὰ
2973 975 3080 1046 γὰρ
3104 976 3200 1045 οὺχ
3226 968 3333 1026 οἷόν
3355 991 3411 1026 τε
3433 974 3583 1028 ταῦτα
3597 978 3656 1044 ἐφ’

2145 1074 2329 1146 ἕτερον
2367 1073 2399 1144 ἢ
2433 1074 2522 1125 ἐπὶ
2565 1073 2720 1141 μόνον
2753 1071 2842 1124 τὸν
2871 1072 2927 1122 ὲν
2957 1071 3096 1140 ἀρχῇ
3131 1069 3266 1138 πρὸς
3296 1068 3381 1120 τὸν
3419 1067 3536 1119 Θεὸν
3561 1067 3660 1121 Θεὸν

2146 1167 2316 1234 Λόγον
2369 1165 2658 1234 ἀναφέρειν
2679 1179 2690 1190 ·
2719 1163 2777 1225 ὃς
2809 1161 3055 1233 μεγάλων
3097 1160 3364 1229 ἐφιεμένῳ
3385 1158 3457 1228 τῷ
3485 1160 3662 1212 Μωῦσεί

2145 1256 2242 1326 τὴν
2289 1254 2382 1308 τοῦ
2415 1254 2656 1325 μείζονος
2696 1252 2949 1323 ἐμφαίνει
2983 1251 3201 1320 γνῶσιν,
3233 1248 3486 1302 παιδεύων
3516 1249 3663 1302 ἑαυτὸν

2145 1348 2292 1411 ὅπως
2333 1346 2401 1400 ἂν
2447 1343 2686 1416 γινώσκῃ
2735 1345 2825 1397 τὸν
2872 1344 3028 1414 μόνον
3076 1342 3320 1412 ἀληθινὸν
3363 1340 3504 1404 Θεὸν,
3525 1340 3602 1394 καὶ
3622 1342 3664 1395 ὸν

2147 1439 2431 1494 ἀπέστειλε
2461 1438 2590 1490 Θεὸν
2615 1438 2806 1505 Λόγον,
2863 1419 3130 1508 δευτέρως
3158 1435 3250 1502 καὶ
3275 1433 3432 1487 αὐτὸν
3465 1434 3576 1486 ὄντα
3598 1451 3666 1504 με·

2145 1531 2214 1584 τά
2243 1529 2334 1583 τὸν
2366 1529 2586 1600 Πατέρα
2614 1530 2706 1582 καὶ
2744 1528 2948 1600 Κύριον
2981 1529 3074 1580 καὶ
3099 1526 3230 1580 Θεόν
3251 1543 3262 1556 ·
3294 1527 3387 1579 καὶ
3408 1525 3599 1598 πρώτην
3619 1541 3668 1594 γε

2147 1621 2295 1692 αὐτῷ
2335 1621 2540 1691 ταύτην
2578 1621 2672 1674 καὶ
2717 1619 3153 1690 ἀναγκαιοτάτην
3198 1618 3423 1689 παρέχει
3455 1618 3540 1688 τὴν
3561 1618 3670 1687 ὠφέ-

2146 1714 2317 1776 λειαν,
2346 1713 2420 1777 ὡς
2448 1712 2513 1766 ἂν
2552 1714 2762 1783 μήποτε
2788 1711 2885 1774 τάξ
2924 1711 3052 1782 περὶ
3096 1709 3231 1763 Θεοῦ
3263 1710 3371 1763 τῶν
3413 1709 3535 1763 ὅλων
3567 1711 3668 1763 ὑπο·

471 1807 625 1878 geliis
647 1807 810 1860 dicta.
835 1805 957 1860 llaec
977 1819 1083 1859 non
1103 1807 1460 1860 intellexisset
1483 1805 1660 1860 omnis
1689 1806 1940 1875 populus,
1971 1806 2039 1860 ad

2148 1807 2289 1869 νοίας
2340 1805 2431 1857 ἐπὶ
2485 1804 2576 1857 τὸν
2621 1803 3025 1874 χρηματίζοντα
3070 1801 3217 1873 αύτῷ
3266 1803 3436 1870 Λόγον
3484 1803 3560 1854 διὰ
3599 1803 3672 1872 τὴν

469 1913 654 1967 quem,
671 1899 857 1952 rudem
881 1898 1081 1958 adhuc,
1107 1912 1136 1950 a
1154 1897 1536 1952 manifestante
1562 1912 1620 1951 se
1639 1896 1869 1950 Domino
1892 1896 2041 1951 dice-

470 1991 630 2045 batur
655 2009 666 2044 :
698 2009 714 2042 ι
737 1989 846 2061 Ego
867 2007 1009 2054 sum,
1028 1998 1081 2045 et
1113 2005 1220 2044 non
1248 1997 1332 2046 est
1347 1990 1483 2043 alius
1507 1997 1701 2058 praeter
1717 2004 1800 2043 me
1816 1989 1903 2043 ”‘.
1932 2008 1950 2039 ι
1973 1985 2044 2042 lis

469 2084 614 2136 enim
643 2092 906 2152 opuserat
929 2083 1082 2150 quasi
1118 2083 1443 2136 rudimentis
1471 2081 1536 2135 ad
1565 2097 1788 2162 regnum
1808 2080 1926 2140 Dei.
1950 2080 2043 2150 qui

477 2174 721 2228 nondum
753 2173 930 2228 Patris
953 2184 1005 2228 et
1026 2173 1142 2227 Filii
1169 2174 1418 2244 dogmata
1438 2175 1729 2228 conciliare
1767 2181 2041 2244 poterant,

477 2267 859 2340 Egyptiorum
904 2268 1210 2324 idololatria
1258 2269 1571 2338 nuperrime
1618 2267 1848 2336 abjeCta.
1883 2287 1900 2318 ι
1930 2267 2043 2338 Ego

471 2376 614 2423 sum,
633 2369 687 2415 et
708 2375 815 2414 non
841 2370 924 2416 est
945 2361 1085 2416 alius
1109 2367 1300 2431 praeter
1324 2376 1440 2423 me;
1468 2379 1486 2408 ›
1515 2376 1579 2412 ex
1603 2357 1695 2412 Dei
1729 2357 1891 2413 Verbi
1917 2374 2040 2428 per-

473 2468 608 2507 sona
634 2451 907 2506 diceretur
945 2451 1195 2506 similiter
1215 2467 1279 2505 ac
1322 2469 1336 2504 '.
1374 2469 1392 2500 ‹
1439 2449 1550 2520 Ego
1593 2459 1646 2504 et
1683 2448 1844 2503 Pater
1874 2464 2040 2502 unum

472 2559 663 2598 sumus
684 2543 761 2607 ³⁹ς
797 2561 814 2594 ι
837 2550 888 2597 et
909 2561 920 2596 :
948 2561 965 2593 ι
989 2541 1148 2596 Pater
1165 2542 1219 2596 in
1239 2557 1322 2596 me
1339 2549 1444 2605 est,
1465 2549 1518 2594 et
1538 2556 1636 2611 ego
1657 2541 1710 2594 in
1731 2540 1889 2595 Patre
1903 2540 1989 2590 ³⁸⁸.
2019 2558 2036 2590 ι

463 2634 939 2702 Quemadmodum
973 2635 1067 2704 qui
1091 2635 1222 2688 vidit
1254 2649 1412 2698 eum,
1445 2633 1578 2686 vidit
1610 2631 1844 2694 Patrem,
1904 2632 2044 2686 sicut

473 2728 680 2782 dictum
702 2735 817 2782 est:
849 2746 866 2777 ι
905 2726 1008 2793 Qui
1054 2727 1199 2782 videt
1240 2742 1349 2789 me,
1384 2725 1529 2779 videt
1579 2731 1633 2781 et
1664 2723 1879 2777 Patrem
1899 2723 1980 2790 ‘°;
2022 2743 2040 2774 ι

472 2818 547 2871 ita
569 2818 661 2889 qui
683 2833 806 2873 eum
852 2816 1022 2881 audit,
1057 2816 1210 2890 audit
1251 2827 1299 2871 et
1343 2815 1558 2870 Patrem
1611 2814 1704 2884 qui
1749 2823 1834 2867 est
1874 2814 1926 2867 in
1959 2827 2045 2874 eo,

474 2924 597 2964 cum
625 2910 757 2962 dicit
784 2929 795 2963 :
829 2927 847 2957 ι
883 2907 992 2977 Ego
1023 2923 1166 2970 sum,
1196 2916 1247 2962 et
1279 2923 1385 2961 non
1407 2915 1488 2962 est
1517 2907 1658 2959 alius
1678 2911 1869 2974 praeter
1889 2919 1993 2957 me.
2027 2922 2045 2954 ›

2149 1894 2452 1967 ὑπερϐολὴν
2479 1895 2578 1964 τῆς
2603 1895 2761 1965 δόξης
2789 1895 2897 1948 τῶν
2931 1895 3320 1966 θεωρουμένων
3358 1893 3587 1947 ὲκλάϐοι·
3610 1893 3670 1945 δι-

2145 1989 2331 2042 δάσκει
2373 1986 2469 2059 [εί]
2509 1987 2552 2041 δ’
2577 1983 2671 2041 οὖν
2702 1986 2863 2041 αὑτὸν
2895 1987 3108 2058 πρῶτον
3141 1987 3234 2040 καὶ
3269 1986 3428 2057 μόνον
3471 1985 3676 2056 ἀληθινὸν

2145 2081 2277 2133 Θεὸν
2319 2078 2566 2151 ἡγεῖσθαι
2611 2078 2818 2143 τοῦτον,
2849 2079 2907 2131 ὃν
2959 2079 3118 2142 αὐτὸς
3163 2077 3476 2130 ἐπεκαλεῖτο
3519 2077 3672 2145 λέγων,

2151 2192 2169 2223 ‹
2209 2171 2430 2243 Κύριος,
2450 2172 2654 2244 Κύριος
2672 2175 2699 2225 6
2715 2172 2844 2235 Θεὸς
2865 2171 3163 2241 οίκτίρμων
3194 2172 3287 2224 καὶ
3309 2171 3431 2240 ὲλεή
3440 2187 3560 2239 μων,
3599 2184 3675 2238 μα-

2147 2263 2436 2340 κρόθυμος,
2463 2265 2555 2317 καὶ
2574 2263 2874 2325 πολυέλεος,
2891 2262 2984 2316 xal
3006 2262 3274 2333 ἀληθινός.
3305 2282 3324 2314 ι
3354 2261 3577 2333 Πρόσχες
3595 2258 3677 2330 γάρ

2145 2354 2418 2426 ἐπιμελῶς
2446 2353 2522 2424 τῷ
2557 2375 2576 2405 ‹
2603 2355 2850 2427 ἀληθινὸς
2877 2374 2894 2405 ι
2923 2354 3322 2425 παραπλησίως
3351 2354 3601 2426 εἰρημένῳ
3621 2351 3678 2418 τῷ

2152 2447 2299 2498 «Ἵνα
2324 2443 2668 2514 γιγνώσκωσί
2706 2461 2763 2498 σε
2793 2446 2882 2498 τὸν
2917 2445 3074 2516 μόνον
3110 2444 3365 2516 ἀληθινὸν
3389 2444 3531 2508 Θεὸν,
3563 2442 3680 2495 »ὑπὸ

2145 2536 2240 2590 τοῦ
2288 2535 2448 2591 αὐτοῦ
2494 2537 2744 2609 Σωτῆρος
2789 2537 2845 2589 ὲν
2876 2540 2986 2596 τοῖς
3018 2535 3372 2605 Εὐαγγελίοις
3415 2536 3677 2608 εἰρημένῳ*

2148 2629 2320 2683 ταῦτα
2348 2630 2390 2682 δ’
2423 2630 2522 2683 οὐκ
2550 2630 2613 2683 ἂν
2642 2629 2916 2702 ἐχώρησεν
2945 2633 2974 2683 6
3008 2631 3112 2694 πᾶς
3142 2629 3266 2693 λαὸς
3289 2630 3430 2701 πρὸς
3453 2629 3523 2692 ὃν,
3547 2623 3682 2696 οἷαδὴ

2151 2720 2528 2790 εἰσαγόμενον,
2559 2720 2662 2773 ὑπὸ
2696 2719 2790 2772 τοῦ
2819 2721 3247 2793 χρηματίζοντος
3276 2721 3514 2790 ἐλέγετο,
3541 2740 3556 2770 ι
3577 2718 3687 2787 Ἐγώ

2153 2811 2266 2880 εἰμι
2296 2811 2388 2862 καὶ
2415 2811 2514 2863 οὐκ
2539 2810 2684 2863 ἔστιν
2713 2810 2790 2864 ἔτι
2814 2811 2954 2880 πλὴν
2976 2811 3108 2882 ἐμοῦ
3126 2829 3139 2841 °
3173 2832 3192 2864 ι
3223 2812 3437 2865 ἐδέοντο
3458 2812 3555 2884 γὰρ
3573 2805 3685 2863 οὗτοι

2159 2901 2527 2971 στοιχειώδους
2552 2902 2860 2972 εἰσαγωγῆς
2885 2902 2964 2956 ἔτι
2987 2903 3085 2971 τῆς
3114 2904 3242 2974 περὶ
3266 2902 3406 2956 Θεοῦ
3436 2901 3687 2974 μοναρχίας

470 3004 569 3073 οὐχ
589 2996 688 3054 οἷοί
718 3002 777 3054 τέ
800 3018 914 3064 πως
933 3000 1081 3062 ὄντες
1113 3000 1180 3054 τὰ
1212 3000 1339 3071 περὶ
1357 2999 1569 3071 Πατρὸς
1591 3000 1683 3052 καὶ
1699 2996 1826 3051 Υἱοῦ
1848 2997 2092 3066 δόγματα
2127 2993 2434 3066 διαρθροῦν,
2455 2995 2547 3048 ἆτε
2574 2993 2797 3064 ἔναγχος
2835 2995 2932 3066 τῆς
2969 2994 3278 3063 Αἰγυπτίων
3312 2994 3561 3050 πολυθέου
3583 2993 3687 3046 πλά-

472 3115 569 3167 νης
602 3097 986 3167 ἀφεστηκότες.
1019 3095 1093 3147 Τὸ
1115 3095 1171 3148 δὲ
1203 3115 1220 3146 ε
1246 3095 1384 3163 Ἐγώ
1407 3097 1520 3166 είμι
1555 3095 1648 3147 καὶ
1684 3095 1784 3148 οὐκ
1845 3093 1990 3145 ἔστιν
2035 3091 2115 3145 ἔτι
2155 3090 2292 3162 πλὴν
2315 3089 2448 3160 ἐμοῦ
2480 3110 2496 3142 ι
2529 3090 2723 3159 λέγοιτ’
2750 3091 2816 3145 ἂν
2847 3093 2909 3144 ἐκ
2942 3091 3233 3164 προσώπου
3266 3092 3366 3146 τοῦ
3401 3093 3528 3145 Θεοῦ
3550 3092 3690 3158 Λόγου

471 3193 672 3264 ὁμοίως
701 3176 797 3263 τῷ,
837 3211 855 3242 ι
880 3191 1020 3260 Ἐγὼ
1049 3192 1142 3246 καὶ
1170 3193 1198 3244 6
1232 3192 1291 3262 (l'.
1328 3193 1394 3246 12
1424 3191 1509 3263 v°)
1545 3191 1732 3263 Πατὴρ
1761 3191 1818 3244 ἓν
1851 3191 2015 3261 ἐσμεν
2036 3207 2048 3219 ·
2091 3189 2184 3242 καὶ
2206 3187 2314 3256 ἐγὼ
2335 3191 2392 3241 ὲν
2413 3187 2488 3259 τῷ
2515 3189 2690 3260 Πατρὶ
2715 3190 2807 3242 καὶ
2828 3190 2856 3242 6
2877 3190 3065 3261 Πατὴρ
3089 3191 3146 3243 ὲν
3170 3191 3317 3260 ἐμοί.
3351 3211 3371 3242 ι
3410 3191 3491 3252 Ὠς
3514 3193 3560 3258 γ’
3574 3186 3688 3242 οὖνὸ

474 3289 733 3361 ἑωρακὼς
754 3288 913 3342 αὐτὸν
936 3287 1146 3356 ἑώρακε
1183 3288 1275 3342 τὸν
1313 3287 1554 3359 Πατέρα,
1591 3289 1730 3342 κατὰ
1753 3287 1861 3351 τὸ,ι
1884 3287 1940 3340 '0
1958 3283 2220 3357 ἑωρακὼς
2244 3284 2343 3354 ἐμὲ
2371 3283 2582 3355 ἑώρακε
2620 3285 2710 3336 τὸν
2750 3285 2973 3358 Πατέρα
3003 3286 3094 3338 τὸν
3121 3285 3421 3356 πέμψαντά
3459 3304 3548 3357 με·
3573 3305 3588 3338 ι
3621 3287 3690 3338 τὸν

472 3387 633 3462 αὐτὸν
648 3385 846 3455 τρόπον
867 3388 893 3437 6
912 3383 1076 3438 αὐτοῦ
1096 3383 1306 3438 ἀκούων
1323 3383 1417 3437 τοῦ
1457 3385 1514 3438 ὲν
1543 3383 1692 3453 αὐτῴ
1713 3383 1922 3455 Πατρὸς
1961 3383 2124 3453 ἤκουε
2161 3381 2407 3449 λέγοντος
2425 3380 2503 3443 τὸ,
2529 3399 2546 3431 ι
2572 3378 2710 3448 Ἐγώ
2738 3384 2851 3452 εἰμι
2881 3381 2973 3435 καὶ
2993 3383 3094 3434 οὐκ
3121 3382 3210 3434 ἐστ
3221 3401 3268 3436 ιν
3286 3383 3366 3436 ἔτι
3387 3383 3519 3455 πλὴν
3537 3380 3685 3453 ἐμοῦ.»

547 3482 672 3537 Haec
732 3481 960 3537 eti'usius
1005 3481 1266 3548 diximus,
1313 3482 1692 3537 demonstrare
1741 3488 2040 3552 quaerentes

2221 3477 2407 3530 Ταῦτα
2450 3477 2493 3529 δ’
2525 3479 2657 3548 ἡμῖν
2704 3477 2779 3542 ὡς
2813 3480 2870 3532 ἐν
2912 3478 3251 3549 τηλικούτοις
3295 3481 3509 3551 εἴρηται
3546 3495 3688 3547 παρα·

471 3575 616 3646 quod
643 3576 832 3647 procul
873 3575 1039 3629 dubio
1069 3590 1244 3644 neque
1271 3575 1515 3629 omnium
1547 3575 1714 3640 Deus,
1745 3591 1920 3646 neque
1946 3589 2044 3628 an-

473 3670 644 3738 gelica
702 3667 906 3738 quaevis
965 3676 1234 3736 potestas,
1289 3666 1384 3722 sed
1434 3667 1613 3737 ipsum
1663 3667 1756 3722 Dei
1805 3666 2042 3722 Verbum

476 3760 649 3832 Moysi
701 3761 976 3830 apparuit,
1011 3759 1158 3830 quod
1222 3759 1454 3816 ﬁrmiter
1500 3761 1860 3828 credidimus,
1919 3767 2044 3831 post

472 3856 715 3908 omnium
745 3852 961 3908 Patrem
994 3860 1048 3908 et
1081 3853 1392 3916 Dominum,
1417 3854 1717 3910 secundum
1749 3869 1872 3910 esse
1923 3869 2043 3908 om-

473 3950 624 4004 nium
683 3946 966 4002 Dominum
996 3955 1051 4000 et
1093 3946 1303 4014 Deum;
1337 3947 1479 4003 sicut
1532 3945 1774 4002 Joannes
1809 3961 2045 4017 evange-

472 4041 596 4096 lista
629 4039 788 4094 nobis
818 4039 1163 4109 apertissime
1189 4039 1448 4104 ostendit,
1483 4039 1674 4094 dicens
1702 4059 1715 4094 :
1751 4056 1768 4090 ι
1808 4039 1863 4092 In
1889 4041 2042 4108 prin-

473 4131 618 4201 cipio
650 4139 767 4187 erat
787 4130 1048 4192 Verbum,
1085 4140 1139 4185 et
1166 4129 1405 4185 Verbum
1443 4138 1562 4185 erat
1591 4131 1734 4201 apud
1770 4132 1958 4193 Deum,
1987 4137 2041 4185 et

477 4221 624 4278 Deus
653 4231 769 4277 erat
793 4223 1031 4279 Verbum
1056 4223 1150 4277 “°'.
1190 4242 1206 4274 ι
1244 4222 1435 4276 Nimia:
1464 4231 1645 4278 autem
1673 4237 1850 4292 operae
1871 4237 2046 4292 neque

473 4315 740 4386 propositi
799 4314 972 4370 nostri
1027 4321 1173 4368 esset
1225 4315 1515 4383 exquirere
1558 4314 1682 4384 quis
1712 4315 1885 4376 locus,
1921 4330 2043 4383 quae

472 4418 625 4478 petra
656 4406 852 4474 forent,
885 4407 952 4462 de
989 4407 1190 4477 quibus
1224 4405 1357 4461 dicit
1390 4407 1656 4462 Dominus
1687 4426 1701 4462 :
1743 4427 1762 4458 ι
1797 4406 1938 4461 Ecce
1961 4415 2045 4462 est

473 4497 625 4552 locus
678 4496 819 4566 apud
867 4512 954 4549 me
1002 4503 1055 4550 et
1112 4497 1282 4552 stabis
1321 4511 1488 4566 super
1534 4505 1742 4566 petram
1771 4497 1838 4552 “.
1881 4517 1898 4548 ι
1938 4496 2044 4552 Sed

471 4589 611 4642 hanc
645 4599 851 4658 petram
907 4589 1200 4659 Apostolus
1237 4589 1497 4642 indicavit
1536 4589 1723 4644 dicens
1763 4609 1776 4643 :
1819 4607 1836 4639 ι
1873 4586 2034 4642 Petra

471 4688 652 4736 autem
682 4690 798 4736 erat
825 4680 1078 4736 Christus
1101 4680 1192 4734 δί’.
1230 4701 1247 4732 ι
1275 4679 1437 4735 Petra
1473 4680 1736 4750 locusque
1767 4687 1923 4734 erant
1951 4695 2046 4733 ea-

470 4772 616 4835 dem,
647 4772 917 4842 suspicor,
948 4787 1068 4841 quae
1091 4771 1251 4825 obvia
1289 4770 1508 4825 fuerunt
1529 4768 1733 4824 Jacobo
1754 4809 1768 4832 ,
1801 4784 1924 4822 cum
1960 4769 2044 4822 di-

2149 3570 2340 3639 στῆσαι
2373 3568 2732 3639 βουλομένοις,
2757 3571 2839 3622 ὅτι
2867 3570 2930 3641 δὴ
2967 3571 3388 3642 ἀναμφιλέκτως
3417 3571 3535 3624 οὔτε
3562 3574 3586 3625 6
3609 3571 3691 3623 τῶν

2145 3663 2280 3715 ὅλων
2311 3663 2462 3725 Θεὸς,
2493 3660 2617 3714 οὔτε
2654 3663 2916 3734 ἀγγελική
2961 3681 3042 3726 τις
3074 3663 3307 3733 δύναμις
3355 3661 3424 3736 ἦν
3454 3667 3484 3736 ἡ
3518 3680 3692 3734 χρημα-

2145 3753 2366 3817 τίζουσα
2398 3753 2475 3825 τῷ
2498 3755 2742 3818 Μωῦσεῖ,
2782 3755 2941 3818 αὐτὸς
2961 3755 3017 3808 δὲ
3049 3758 3077 3808 6
3106 3755 3251 3820 θεῖος
3284 3757 3478 3826 Λόγος,
3499 3757 3689 3826 ὃνάκρι-

2147 3847 2257 3911 ὁῶς
2286 3845 2730 3918 πεπιστεύκαμεν
2771 3848 2906 3917 μετὰ
2951 3847 3042 3900 τὸν
3071 3847 3176 3901 τῶν
3209 3849 3352 3903 ὅλων
3387 3849 3595 3919 Πατέρα
3623 3847 3692 3899 καὶ

2147 3943 2350 4013 Κύριον
2381 3943 2630 4012 δεύτερον
2668 3936 2806 3993 εἶναι
2838 3938 2945 3993 τῶν
2973 3940 3230 3994 ἁπάντων
3258 3942 3396 3994 Θεόν
3423 3959 3481 3994 τε
3513 3940 3595 3994 καὶ
3609 3937 3693 3990 Κύ-

2149 4053 2297 4106 ριονο
2323 4034 2512 4104 ὥσπερ
2565 4032 2628 4104 δὴ
2662 4033 2755 4085 καὶ
2787 4034 2814 4084 6
2845 4032 3235 4104 εύαγγελιστὴς
3279 4033 3534 4102 Ἰωάννης
3565 4031 3694 4097 σαφέ-

2150 4144 2336 4199 στερον
2366 4128 2516 4196 ἡμᾶς
2536 4123 2783 4178 παιδεύει
2803 4123 2995 4191 λέγων·
3029 4143 3047 4175 ι
3095 4124 3180 4176 Ἐν
3202 4125 3350 4196 ἀρχῇ
3381 4121 3449 4196 ἦν
3475 4127 3502 4178 6
3538 4122 3690 4192 Λόγος·

2147 4220 2240 4273 καὶ
2264 4221 2306 4272 ό.
2321 4218 2490 4286 Λόγος
2510 4213 2576 4288 ἦν
2599 4216 2734 4288 πρὸς
2757 4214 2847 4267 τὸν
2869 4214 3000 4266 Θεόν
3022 4231 3034 4244 °
3064 4215 3156 4267 καὶ
3187 4215 3324 4279 Θεὸς
3347 4212 3418 4286 ἦν
3440 4219 3468 4269 6
3496 4217 3690 4284 Λόγοςοι

2147 4309 2348 4380 πολλῆς
2381 4309 2422 4362 δ’
2457 4309 2521 4362 ἂν
2549 4309 2755 4376 γένοιτο
2788 4308 2881 4360 καὶ
2919 4306 3039 4376 οὐχὶ
3074 4305 3176 4376 τῆς
3201 4309 3492 4380 παρούσης
3535 4305 3692 4377 σχολῆς

2149 4402 2462 4473 σαφηνίζειν
2512 4403 2596 4464 τίς
2632 4401 2717 4471 ἄρ’
2741 4402 2826 4472 εἴη
2861 4402 2890 4454 6
2925 4400 3087 4464 τόπος
3119 4402 3212 4453 καὶ
3239 4402 3271 4471 ή
3304 4401 3482 4473 πέτρα
3505 4401 3616 4470 περὶ
3639 4392 3694 4450 ὧν

2146 4488 2297 4546 εἶπεν
2329 4495 2357 4546 ὁ
2387 4491 2610 4564 Κύριος,
2653 4510 2671 4543 ι
2714 4491 2843 4545 Ἰδοὺ
2875 4493 3037 4557 τόπος
3093 4494 3223 4563 παρ’
3253 4495 3384 4564 ἐμοὶ
3424 4495 3516 4548 καὶ
3559 4493 3694 4562 στήσῃ

2146 4582 2236 4634 ἐπὶ
2265 4583 2363 4653 τῆς
2394 4582 2598 4653 πέτρας
2617 4599 2630 4612 °
2661 4602 2679 4635 ο
2719 4583 2831 4637 ἀλλ’
2866 4585 2893 4636 6
2915 4583 3013 4654 μὲν
3059 4584 3389 4648 Ἀπόστολος
3408 4586 3506 4655 τὴν
3530 4585 3694 4651 πέτραν

2148 4674 2412 4745 ἐδήλωσεν
2441 4675 2628 4738 εἰπὼν,
2671 4694 2690 4724 ι
2735 4676 2798 4728 Ἦ
2828 4675 3002 4747 πέτρα
3030 4675 3086 4728 δὲ
3124 4671 3192 4747 ἦν
3214 4679 3242 4729 6
3279 4676 3538 4748 Χριστός.
3562 4697 3579 4730 ι
3608 4675 3693 4729 Οὐκ

2147 4767 2304 4820 ἄλλον
2331 4767 2387 4820 δὲ
2415 4768 2512 4837 τῆς
2537 4768 2744 4838 πέτρας
2775 4769 2904 4822 ὄντα
2933 4769 3026 4822 καὶ
3059 4769 3150 4822 τὸν
3167 4770 3335 4823 τόπον
3364 4771 3694 4841 ὑπολαμϐάνω

471 4833 615 4915 citur
649 4881 661 4915 :
701 4881 719 4912 ι
748 4833 1024 4930 Ἐενρεείιει
1085 4861 1252 4930 igitur
1297 4858 1466 4916 Jacob
1529 4847 1614 4914 de.
1662 4867 1826 4929 puteo
1885 4859 2038 4928 jura-

2151 4860 2241 4913 τὸν
2272 4861 2431 4914 αὐτὸν
2489 4861 2823 4930 τυγχάνοντα
2877 4860 2954 4930 τῷ
3004 4862 3383 4933 ἀπαντήσαντι
3419 4862 3497 4933 τῷ
3539 4857 3692 4915 Ἰακὼὸ

472 4955 683 5018 menti,
745 4954 1002 5024 pergebat
1057 4952 1298 5019 Harrah;
1337 4961 1390 5006 et
1434 4952 1653 5007 obvium
1706 4952 1899 5006 habuit
1959 4952 2045 5005 lo-

473 5061 596 5100 cum
616 5047 687 5110 ",
729 5065 746 5097 ι
787 5059 872 5108 ac,
909 5046 1000 5099 ubi
1039 5045 1095 5099 in
1127 5045 1334 5099 somnis
1363 5043 1554 5098 videns
1586 5044 1786 5099 scalam
1809 5084 1823 5106 ,
1857 5043 2043 5113 illique

474 5138 722 5191 innixum
796 5136 1123 5197 Dominum,
1217 5150 1342 5190 cum
1417 5135 1782 5203 evigilasset,
1843 5134 2039 5188 dixit:

479 5247 498 5280 ς
537 5228 670 5282 Vere
695 5227 955 5282 Dominus
980 5235 1065 5282 est
1114 5226 1169 5280 in
1201 5227 1320 5281 loco
1362 5225 1468 5281 isto
1491 5225 1582 5289 ⁸³⁵,
1625 5245 1643 5276 ι
1680 5240 1744 5280 ac
1796 5241 1989 5280 rursus
2027 5245 2040 5279 :

479 5337 500 5370 ¢
529 5318 703 5386 Quam
733 5320 996 5374 terribilis
1023 5330 1107 5375 est
1147 5321 1300 5374 locus
1331 5318 1468 5372 iste!
1506 5315 1625 5372 Non
1655 5324 1737 5371 est
1763 5317 1851 5372 hic
1891 5317 2038 5371 aliud

476 5412 586 5468 nisi
611 5413 808 5467 domus
842 5411 934 5465 Dei
987 5421 1038 5466 et
1083 5423 1239 5482 porta
1294 5410 1514 5466 coeli“.
1554 5429 1570 5462 ι
1607 5410 1866 5477 Quaenam
1915 5426 2044 5464 vero

476 5502 548 5554 sit
565 5503 732 5558 facies
761 5503 855 5559 Dei
882 5503 1062 5567 Verbi,
1095 5519 1258 5575 quam
1278 5505 1463 5574 nequit
1491 5502 1725 5575 Moyses,
1749 5503 1803 5558 id
1825 5511 1910 5558 est
1937 5504 2044 5567 lex,

2153 4953 2280 5006 ἔνθα
2330 4953 2658 5024 γέγραπται,
2699 4972 2717 5004 ι
2783 4953 3032 5023 Ἐξῆλθεν
3078 4955 3134 5007 δὲ
3181 4956 3209 5007 6
3257 4954 3459 5008 Ἰακὼὸ
3491 4957 3588 5010 ἀπὸ
3621 4950 3692 5004 τοῦ

2155 5045 2386 5116 φρέατος
2435 5043 2528 5097 τοῦ
2557 5045 2740 5115 ὅρκου,
2791 5046 2883 5097 καὶ
2915 5045 3184 5118 ἐπορεύθη
3219 5048 3300 5112 εἰς
3334 5047 3574 5120 Χαρράν.
3614 5043 3694 5096 Καὶ

2152 5137 2430 5207 ἀπήντησε
2459 5135 2609 5207 τόπῳ
2644 5155 2662 5187 ι
2701 5135 2828 5189 ἔνθα
2855 5137 2951 5189 καὶ
2982 5136 3104 5191 ἰδὼν
3133 5139 3190 5190 ἐν
3211 5139 3456 5210 ὁράματι
3482 5139 3573 5208 τὴν
3601 5135 3692 5188 κλίο

2156 5246 2304 5298 μακα
2333 5227 2532 5282 καὶτὸν
2552 5230 2637 5281 ἐπ’
2667 5229 2835 5299 αὐτῆς
2865 5230 3251 5300 ὲστηριγμένον
3283 5229 3693 5302 Κύριον,διυπνι-

2152 5319 2298 5384 σθείς
2327 5307 2510 5392 φησιν,
2546 5340 2564 5372 ι
2597 5322 2719 5374 Ὅτι
2745 5320 2858 5373 ἔστι
2890 5320 3092 5392 Κύριος
3123 5325 3180 5376 ὲν
3207 5321 3282 5393 τῷ
3310 5324 3467 5393 τόπῳ
3497 5321 3688 5387 τούτῳ-ι

2152 5413 2245 5466 καὶ
2303 5413 2464 5466 πάλιν
2508 5408 2677 5466 εἶπενο
2711 5433 2729 5464 ‹
2782 5415 2867 5476 Ὡς
2912 5413 3138 5484 φοϐερὸς
3180 5417 3207 5468 6
3243 5415 3416 5479 τόπος
3438 5408 3689 5476 οῦτος,ούκ

2155 5504 2268 5558 ἔστι
2305 5505 2463 5558 τοῦτο
2512 5505 2622 5558 ἀλλ’
2655 5505 2688 5576 ἢ
2725 5501 2868 5568 οἶκος
2899 5503 2993 5558 τοῦ
3027 5503 3191 5558 Θεοῦ·
3223 5509 3322 5560 καὶ
3364 5507 3499 5576 αὑτὴ
3523 5507 3552 5576 ἡ
3578 5501 3687 5569 πύλη

545 5678 602 5750 ’ᾗ
629 5677 783 5750 Joan.
817 5698 962 5746 xvu,
997 5684 1048 5736 5.
1125 5685 1191 5715 ³⁸⁸
1232 5684 1389 5738 Deut.
1423 5700 1609 5745 χχιιι,
1645 5685 1733 5739 59.
1811 5685 1855 5718 ³³
1895 5685 2032 5740 Joan

2148 5731 2150 5743 .
2185 5687 2277 5742 50.
2353 5685 2419 5717 ³⁹⁶
2448 5685 2577 5740 ibid.
2614 5687 2701 5741 '58.
2780 5688 2825 5719 ⁸ο
2851 5686 3006 5741 Joan.
3046 5704 3154 5749 xw,
3193 5688 3225 5742 9
3331 5680 3686 5750 ‘“'Joau.l,t.

471 5747 516 5779 ιι
561 5744 732 5804 Exod.
773 5744 977 5818 usui,
1013 5753 1102 5808 21.
1176 5755 1244 5788 δι’
1287 5754 1455 5810 lCor.
1485 5772 1540 5824 ι,
1574 5744 1628 5813 4.
1709 5755 1753 5786 ’⁵³
1795 5755 1930 5812 Gen.
1967 5774 2036 5813 xx

2148 5797 2160 5824 ,
2198 5758 2282 5813 10.
2358 5757 2427 5789 ⁸³·
2467 5756 2598 5813 ibid.
2637 5759 2724 5814 16.
2801 5759 2846 5790 ⁸³
2887 5757 3016 5814 ibid.
3055 5759 3138 5814 17.
