3868 6264
258 368 400 431 1089

1317 355 1614 424 ECLOGE
1647 350 2122 421 PROPHETICIE.
2161 389 2231 399 —
2266 343 2393 412 LIB.
2435 344 2476 410 l.

3377 342 3514 407 N570

257 492 354 547 τοῦ
389 486 640 566 ούρανοῦ.
692 509 710 544 ι
756 486 917 545 Ἀλλὰ
949 489 1055 575 κοιλ⁸
1070 478 1122 542 τί
1169 487 1229 542 τὺ
1261 488 1551 561 πρόσωπον
1581 487 1674 540 τοῦ
1702 485 1837 540 Θεοῦ

1968 490 2007 534 ιι
2034 480 2272 533 humana
2332 476 2497 532 nimis
2547 472 2976 544 corporalisqtle,
3008 460 3515 539 intuerigquaenarn

260 580 506 654 Λόγου,δ
534 585 606 655 μὴ
622 583 843 638 δύναται
859 582 1098 653 Μωῡσῆς
1120 583 1149 633 6
1175 582 1356 652 νόμος,
1389 581 1482 634 διτε
1508 578 1844 650 ἀνθρώπινος

262 666 360 729 καὶ
391 671 842 745 σωματικώτερος
860 672 956 737 ὢν,
988 671 1212 743 θεωρεῖν
1232 689 1244 702 ’
1279 673 1403 724 τίνα
1429 688 1487 723 τε
1520 669 1589 725 τὰ
1619 670 1842 724 ὀπίσθια

262 756 454 829 αὐτοῦ,
486 764 521 819 ἃ
557 766 716 837 μόνον
746 767 944 837 χωρεῖν
972 760 1080 828 οἷός
1108 780 1167 817 τε
1205 758 1272 835 ἦν
1303 764 1331 815 6
1359 752 1586 826 rumxbc
1615 763 1709 815 καὶ
1737 761 1845 816 τῶν

265 857 473 929 νοητῶν
507 856 846 928 συμϐολικῶς
873 855 1008 925 (κὸςὶ
1038 856 1230 926 νόμος⁶
1272 853 1388 919 πῶς
1424 861 1483 908 τε
1521 853 1733 927 εἴρηται
1760 850 1842 917 τὸ,

272 969 292 1000 ι
329 946 599 1002 Σκεπάσω
641 951 707 1018 τῇ
744 949 885 1018 χειρί
923 965 1025 1018 μου
1069 947 1160 1000 ἐπὶ
1192 946 1270 1011 σὲ,
1315 965 1332 997 ι
1368 934 1719 1016 καλύμματος
1748 946 1844 999 καὶ

268 1039 478 1112 ἃκέπης
530 1040 903 1111 ἐπιτιθεμένου
950 1038 1027 1109 τῷ
1069 1038 1247 1108 νόμῳ,
1309 1032 1384 1102 ὼς
1439 1038 1526 1091 διὰ
1584 1036 1743 1091 τοῦτο
1786 1034 1846 1089 τὸ

268 1128 532 1203 κάλυμμα
561 1131 631 1184 τά
666 1133 760 1201 μὲν
787 1132 961 1185 ὀπίσω
989 1130 1245 1184 δύνασθαι
1272 1128 1427 1202 όρᾷν,
1463 1130 1643 1183 οὐκέτι
1686 1130 1743 1184 δὲ
1780 1130 1848 1184 τὰ

269 1224 658 1300 προηγούμενα
698 1224 791 1279 καὶ
842 1224 1200 1296 διαφέροντα’
1236 1222 1345 1295 ἰδίᾳ
1389 1222 1530 1277 κατὰ
1562 1223 1773 1296 καιρὸν,
1804 1216 1849 1292 ᾧ

272 1319 426 1390 μέλει
450 1318 547 1389 τῆς
562 1315 766 1371 τούτων
797 1315 1047 1388 ἐρεύνης,
1081 1318 1381 1387 ἐπιστήσας
1408 1314 1635 1371 εἵσεται.

801 1418 1193 1481 ΚΕΦΑΛᾹΙΟΝ
1228 1428 1325 1481 ΙΓ⁹.

282 1520 382 1573 Ἐκ
399 1517 518 1573 τῶν
558 1517 831 1589 Ἀριθμῶν
860 1511 969 1588 τῆς
990 1519 1157 1589 τ’τοῦ
1190 1519 1437 1589 Βαλαὰμ
1464 1516 1844 1588 προφητείας.

352 1631 371 1664 ι
420 1610 783 1676 Ἐξελεύσεται
804 1603 1088 1683 ἄνθρωπος
1110 1613 1173 1664 ἐκ
1201 1611 1294 1664 τοῦ
1317 1612 1629 1683 σπέρματος
1662 1608 1848 1673 αὑτοῦ,

271 1704 369 1756 καὶ
399 1702 675 1774 κυριεύσει
713 1702 881 1757 ὲθνῶν
907 1701 1115 1758 πολλῶν
1133 1720 1147 1734 ’
1176 1692 1268 1756 καὶ
1303 1704 1645 1775 ὑψωθήσεται
1670 1690 1703 1774 η
1730 1701 1852 1771 Γὼγ

1943 574 1996 625 et
2023 578 2173 640 terga
2216 567 2363 638 ejus,
2409 581 2533 636 quae
2570 573 2783 620 tantum
2814 562 3132 633 conspicere
3176 560 3390 615 valebat
3428 567 3516 631 ty-

1944 666 2066 737 pica
2097 671 2152 720 et
2178 661 2521 732 spiritalium
2551 658 2848 730 symliolica
2886 656 3007 721 lex;
3039 654 3313 724 quomodo
3361 651 3518 707 dicas

1943 763 2072 811 tur:
2105 775 2121 805 ι
2152 753 2442 823 Protegam
2490 757 2544 806 te
2591 751 2811 805 dextera
2849 761 2991 810 mea,
3024 765 3043 799 ι
3076 744 3235 816 quasi
3294 745 3414 799 velo
3463 751 3519 799 et

1946 847 2187 918 tegmine
2218 846 2317 915 legi
2350 843 2610 907 obducto,
2640 848 2701 897 ut
2723 857 2819 912 per
2842 840 2974 895 illud
3000 840 3177 893 velum
3207 836 3518 909 posteriora

1944 939 2122 1010 possit
2158 938 2427 1007 aspicere,
2481 950 2591 991 non
2639 943 2820 989 autem
2868 933 3141 987 anteriora
3189 939 3244 987 et
3279 930 3512 1001 potiora,

1950 1031 2270 1103 singulatim
2304 1030 2360 1085 in
2392 1036 2638 1099 tempore
2670 1038 2982 1096 opportuno
3023 1025 3189 1096 hujus
3221 1023 3519 1095 investiga»

1946 1122 2114 1178 tionis
2147 1119 2411 1177 studiosis
2452 1118 2849 1191 explan’ahitur.

2532 1389 2760 1461 CAPUT
2795 1392 2933 1457 xui.

2110 1490 2191 1558 Ex
2223 1488 2582 1558 Numerorum
2610 1500 3023 1555 tertia'Bnlaam
3055 1491 3341 1567 prophetia.

2029 1616 2048 1650 ι
2087 1590 2408 1668 Egredietur
2438 1596 2600 1650 homo
2626 1594 2692 1648 de
2717 1593 2923 1649 semine
2957 1593 3095 1660 ejus,
3139 1597 3193 1645 et
3216 1576 3523 1645 dominabié

1953 1696 2041 1745 tur
2074 1692 2127 1743 in
2168 1690 2420 1760 gentibus
2456 1688 2666 1742 multis.
2699 1685 2944 1740 Tolletur
2992 1684 3141 1755 Agag
3167 1699 3263 1737 rex
3294 1682 3439 1750 ejus,
3469 1679 3526 1735 et

274 1762 545 1882 βασιλεία,
592 1787 1090 1882 καὶ-αὐξηθήσεται
1212 1762 1850 1882 ,βασιλείασύτοῦ-’Θεὸς

1968 1782 2235 1837 auferetur
2264 1795 2489 1850 regnum
2520 1780 2685 1832 illius.
2733 1775 2876 1831 Deus
2916 1773 3103 1830 eduxit
3137 1772 3287 1826 illum
3329 1766 3397 1826 de
3427 1762 3526 1826 ΔΕ*

2049 1876 2076 1882 -
2250 1871 2263 1882 .
2323 1868 2393 1882 ..
2569 1868 2594 1882 λ.
2690 1867 2702 1878 .
3005 1858 3365 1882 _.A,__A_____,_
3421 1855 3523 1882 ω,

272 1855 560 1956 ῶδήγησεν
596 1878 758 1938 αύτδν
783 1855 1167 1955 ὲξἈίγύπτου,
1193 1855 1267 1950 ῶς
1298 1878 1455 1951 δόξαν
1484 1855 1853 1957 μονοκέρωτος

1968 1876 2142 1944 gypto,
2175 1871 2336 1940 cujus
2368 1868 2633 1923 fortitudo
2661 1864 2856 1920 similis
2887 1864 2972 1919 est
3004 1858 3387 1916 rhinoCerotis.
3421 1855 3527 1912 θοι

275 1976 429 2047 αύτῷ
447 1993 459 2005 ·
490 1976 664 2031 ἔδεται
687 1976 812 2049 έθνη
842 1970 1050 2049 ἐχθρῶν
1077 1974 1262 2042 αύτού,
1288 1976 1466 2031 καὶτὰ
1494 1976 1641 2047 πάχη
1676 1975 1853 2029 αὐτῶν

278 2063 580 2141 ἐκμυελιεί,
600 2071 694 2124 καὶ
711 2073 828 2135 ταῖς
846 2069 1048 2140 βολίσιν
1064 2070 1227 2123 αὐτοῦ
1257 2069 1606 2133 κατατοξεύει
1638 2068 1851 2140 ἐχθρόν.

278 2159 646 2224 Κατακλιθεὶς
683 2159 1027 2214 ἀνεπαύσατο
1062 2159 1136 2222 ὡς
1164 2153 1320 2224 λέων,
1352 2160 1445 2213 καὶ
1477 2147 1552 2223 ὧς
1580 2157 1851 2228 σκύμνος’

277 2257 362 2322 τίς
384 2259 677 2330 ἀναστήσει
708 2257 909 2321 αύτόν;
943 2257 992 2310 οἰ
1018 2246 1363 2324 εύλογοῦντές
1397 2271 1477 2319 σε,
1508 2254 1852 2326 ηύλόγηνται’

278 2350 376 2403 καὶ
430 2352 479 2402 οἰ
533 2347 909 2419 καταρώμενοί
967 2366 1047 2412 σε,
1093 2348 1514 2418 κεκατηρανται.
1560 2366 1579 2398 ι
1625 2336 1858 2417 Χριστός

279 2443 432 2493 ἐστιν
461 2442 490 2492 ό
522 2443 587 2494 ὲκ
612 2440 923 2512 σπέρματος
967 2439 1181 2510 Ἰσραὴλ
1203 2430 1263 2491 τὸ
1286 2439 1423 2492 κατὰ
1459 2430 1637 2511 σάρκα
1665 2456 1858 2510 γεννη-

280 2534 417 2597 Θεὶς,
452 2532 543 2585 καὶ
578 2530 869 2603 κυριεύσας
907 2522 1074 2585 ἐθνῶν
1096 2522 1303 2585 πολλῶν
1324 2549 1337 2562 ·
1372 2526 1520 2584 ποῖον
1551 2531 1658 2603 γὰρ
1687 2528 1861 2606 ὑπῆρ-

283 2623 375 2689 ξεν
404 2623 552 2687 ἔθνος
579 2623 852 2693 ἀγνοῆσαν
891 2623 990 2694 τὴν
1025 2616 1114 2676 ὑπ’
1152 2624 1312 2677 αὐτὸν
1341 2622 1605 2688 δουλείαν,
1641 2626 1720 2689 εἰς
1757 2627 1861 2678 πᾶ-

285 2724 389 2766 σαν
410 2714 507 2784 τὴν
522 2714 626 2785 γῆν
642 2712 947 2777 ἐξελθόντος
966 2713 1058 2767 τοῦ
1077 2712 1236 2782 λόγου
1263 2713 1371 2766 τῶν
1393 2713 1650 2785 μαθητῶν
1672 2715 1857 2781 αὐτοῦ,

283 2807 383 2860 καὶ
406 2807 485 2870 εἰς
516 2805 586 2859 τὰ
614 2807 903 2878 σπέρματα
949 2808 1045 2878 τῆς
1070 2808 1394 2879 οἰκουμένης
1444 2808 1554 2860 τῶν
1604 2810 1862 2881 ῥημάτων

283 2897 501 2963 αύτῶνς
538 2898 697 2970 Παρά
724 2902 773 2968 γ’
824 2895 916 2953 οὖν
959 2898 1228 2964 πλείστοις
1260 2900 1353 2953 καὶ
1382 2900 1559 2955 αὐτῶν
1590 2901 1699 2955 τῶν
1730 2902 1864 2974 βαρ-

282 2982 473 3061 ϐάρων
499 2990 724 3054 πολλοὺς
750 2989 894 3044 ἔστιν
936 2991 1063 3045 ἰδεῖν
1088 2991 1175 3045 διὰ
1205 2992 1304 3062 τῆς
1343 2994 1421 3057 εἰς
1444 2993 1605 3047 αὐτὸν
1631 2994 1863 3059 πίστεως

285 3072 386 3134 ἐπὶ
418 3082 515 3152 τὴν
541 3081 636 3135 τοῦ
660 3083 775 3146 ἐνὸς
800 3081 933 3136 Θεοῦ
963 3081 1025 3154 (I'.
1050 3083 1137 3154 15)
1167 3083 1367 3152 γνῶσιν
1400 3076 1744 3156 ἐληλυθότας,
1771 3087 1864 3141 καὶ

287 3174 433 3244 ὕπερ
475 3173 573 3245 τῆς
630 3176 711 3237 εἰς
749 3173 909 3226 αὑτὸν
952 3170 1233 3237 εὐσεϐείας
1267 3175 1527 3238 παντοίας
1565 3174 1726 3247 μέχρι
1770 3168 1865 3229 καὶ

286 3265 521 3320 θανάτου
565 3265 813 3330 κολάσεις
856 3267 1272 3336 ὑπομείναντας.
1307 3258 1490 3338 Πέρας
1530 3266 1725 3338 ἔχουσα
1758 3268 1867 3320 τοί-

285 3372 387 3410 νυν
423 3356 517 3410 καὶ
549 3355 687 3425 αὕτη
717 3354 900 3424 σαφῶς
932 3356 966 3427 η
996 3355 1300 3426 προφητεία
1334 3356 1426 3411 ἐπὶ
1464 3356 1557 3409 τοῦ
1599 3357 1865 3429 ἡμετέρου

287 3447 546 3519 Σωτῆρος
577 3446 990 3501 ἀποδείκνυται·
1019 3442 1052 3517 ἢ
1096 3448 1426 3519 παραστήτω
1449 3454 1533 3513 τις
1560 3448 1716 3511 ἄλλος
1745 3449 1868 3502 ὲπι-

288 3538 507 3603 δεικνὺς
535 3539 628 3592 ἐπὶ
657 3532 779 3592 τίνα
829 3537 894 3591 ἂν
918 3537 1090 3591 ταῦτα
1116 3539 1439 3610 ἀναφέροιτο
1456 3555 1468 3568 ⁸
1502 3536 1623 3592 καθ’
1647 3540 1793 3611 ημᾶς
1814 3536 1870 3592 δὲ

289 3629 580 3701 πρόδηλον,
628 3628 703 3692 ὡς
756 3628 851 3682 καὶ
895 3626 1114 3692 αὔξεται
1158 3622 1429 3699 ὁσημέραι
1470 3626 1565 3679 τοῦ
1617 3626 1869 3697 Σωτῆρος

288 3718 452 3790 ἡμῶν
486 3721 518 3790 ὴ
561 3719 724 3792 νοητὴ
755 3715 998 3791 βασιλεία
1029 3736 1089 3771 τε
1117 3719 1211 3772 καὶ
1250 3718 1535 3773 δεσποτεία
1566 3717 1716 3790 παρὰ
1747 3721 1869 3782 ταῖς

290 3806 718 3881 ὑποδεξαμέναις
765 3812 855 3865 τὸν
903 3811 1055 3881 λόγον
1103 3812 1265 3866 αὐτοῦ
1309 3811 1506 3882 ψυχαῖς
1526 3822 1540 3842 ⁸
1574 3808 1762 3880 ὑψώθη
1813 3809 1871 3862 δὲ

288 3903 441 3957 κατὰ
480 3904 580 3974 τὴν
618 3904 920 3973 παρουσίαν
964 3903 1128 3958 αὐτοῦ
1162 3906 1255 3958 καὶ
1288 3905 1321 3975 ή
1350 3902 1474 3971 Γὼγ
1507 3901 1770 3972 βασιλεία,
1802 3901 1871 3972 ἢν

290 3994 627 4065 ὑπειλήφασί
671 4013 814 4059 τινες
867 3991 1007 4049 εἷναι
1060 3996 1158 4066 τὴν
1212 3995 1497 4065 Ῥωμαίων
1536 3992 1867 4065 ἠγεμονίαν,

290 4085 444 4141 ἄλλοι
468 4086 526 4141 δὲ
549 4088 824 4158 τροπικῶς
876 4087 974 4159 την
1014 4087 1155 4141 κατὰ
1181 4087 1242 4140 τὸ
1272 4086 1601 4155 Εύαγγέλιον
1634 4084 1872 4155 ἐπουρά-

289 4195 406 4232 νιον
449 4179 742 4238 πολιτείαν.
783 4179 879 4233 καὶ
924 4177 1020 4250 τὴν
1060 4179 1167 4232 τῶν
1196 4177 1400 4251 νοητῶν
1423 4176 1708 4248 δογμάτων
1740 4176 1874 4229 θεω-

292 4266 440 4341 ρίαν,
491 4267 578 4321 διὰ
631 4268 791 4321 τοῦτο
833 4261 978 4337 Γὼγ,
997 4269 1134 4340 ὅπερ
1182 4266 1542 4339 ἑρμηνεύεται
1586 4264 1870 4336 δόγματα,

292 4358 653 4430 σημαίνεσθαι
684 4359 1030 4431 ὲξειλήφασιν
1052 4377 1067 4390 ο
1091 4353 1225 4413 ἀλλὰ
1252 4362 1348 4413 καὶ
1374 4361 1403 4413 6
1426 4358 1558 4422 Θεὸς
1593 4355 1874 4429 ὡδήγησεν

289 4451 459 4504 αὐτὸν
507 4451 567 4516 ἐξ
623 4452 920 4520 Αἰγύπτου,
963 4444 1142 4523 ῥητῶς
1185 4451 1282 4521 μὲν
1310 4451 1399 4504 ὅτε
1426 4440 1817 4521 χρηματισθεὶς
1844 4449 1873 4502 6

1956 1963 2229 2018 vorabunt
2259 1970 2444 2031 gentes
2469 1958 2656 2013 hostes
2686 1957 2854 2019 illius,
2891 1963 3126 2023 oesaque
3148 1960 3338 2031 eorum
3388 1959 3539 2006 con-.

1958 2055 2199 2124 fringent
2223 2030 2277 2106 et
2307 2049 2661 2122 perfdrabunt
2691 2046 2927 2118 sagittis.
2960 2043 3251 2098 Accubans
3268 2030 3527 2095 dormivit

1958 2155 2019 2202 ut
2051 2148 2133 2202 leo
2161 2153 2215 2201 et
2257 2143 2412 2213 quasi
2439 2142 2613 2195 leonis
2647 2140 2882 2194 catulus.
2917 2136 3050 2202 Quis
3091 2149 3214 2189 eum
3257 2130 3530 2188 suscitare

1960 2238 2222 2295 audebit?
2247 2236 2348 2304 Qui
2381 2232 2757 2290 benedlxerint
2787 2231 2908 2293 tibi,
2937 2234 3096 2284 erunt
3124 2233 3179 2281 et
3230 2223 3333 2295 ipsi
3364 2223 3531 2279 bene-

1959 2330 2113 2394 dicti;
2147 2329 2239 2399 qui
2264 2326 2664 2388 maledixerint,
2696 2323 2751 2377 in
2779 2321 3160 2376 maledictione
3190 2315 3529 2387 reputabuna

1958 2423 2048 2473 tur
2065 2415 2154 2471 ‘i‘.
2179 2435 2198 2468 ι
2218 2411 2473 2489 Christus
2495 2413 2685 2482 estqui
2712 2425 2777 2467 ex
2803 2410 2967 2466 Israel
2996 2408 3205 2464 semine
3227 2404 3531 2463 secundum

1960 2523 2182 2565 carnem
2235 2515 2399 2562 natus
2423 2546 2437 2570 ,
2475 2505 2770 2575 multisque
2799 2503 3051 2573 gentibus
3077 2501 3392 2555 dominatus
3422 2506 3529 2554 est.

1960 2600 2220 2668 Quaenam
2266 2600 2411 2653 cnim
2449 2610 2582 2668 gens
2632 2610 2740 2650 non
2788 2595 3048 2650 ditionem
3075 2592 3195 2663 ejus
3224 2589 3527 2662 agnoverit,

1964 2692 2020 2746 in
2049 2706 2267 2748 omnem
2295 2697 2499 2746 terram
2527 2686 2727 2743 diffuso
2759 2685 3152 2756 discipulorum
3179 2682 3301 2753 ejus
3339 2680 3530 2746 Verba,

1964 2780 2554 2854 pmdicationibusque
2605 2791 2795 2832 eorum
2823 2775 2977 2846 quasi
3003 2768 3303 2829 seminibus
3332 2772 3387 2826 in
3410 2773 3534 2828 uni-

1964 2890 2125 2931 versa
2175 2881 2317 2929 terra
2362 2868 2799 2942 sparsingitur
2827 2867 2971 2938 apud
3026 2868 3318 2938 plerosque
3365 2865 3532 2920 etiam

1966 2965 2323 3022 barbarorum
2358 2962 2560 3015 multos
2591 2958 2775 3013 videre
2807 2967 2893 3013 est
2942 2957 3036 3027 qui
3071 2962 3170 3012 sua
3198 2956 3254 3010 in
3279 2970 3403 3011 eum
3429 2953 3535 3010 ﬁde

1967 3059 2033 3113 ad
2078 3056 2174 3112 Dei
2224 3056 2389 3110 unius
2434 3052 2721 3109 scientiam
2778 3050 3176 3121 pervenerunt,
3228 3053 3438 3117 suaque
3479 3046 3538 3101 in

1891 3169 1933 3227 α
1965 3151 2217 3207 eumdem
2241 3152 2440 3220 pietate
2470 3159 2634 3202 omne
2650 3151 3044 3201 tormentorum
3065 3156 3236 3212 genus
3285 3138 3540 3194 mortem'b

1968 3250 2075 3313 Que
2132 3242 2308 3311 ipsam
2364 3238 2768 3294 sustinuerunt.
2837 3232 3199 3304 Apertissime
3255 3231 3423 3301 igitur
3468 3227 3540 3283 ad

1970 3334 2321 3390 Salvatorem
2348 3340 2599 3386 nostrum
2631 3329 2748 3383 haec
2777 3334 2990 3397 spectat
3021 3322 3326 3396 prophetia;
3360 3320 3417 3377 Si
3447 3320 3538 3377 cui

1967 3427 2194 3482 dubium
2235 3424 2503 3487 videatur,
2538 3421 2664 3483 alia,
2700 3420 2859 3482 libet,
2896 3425 3240 3488 proponatur
3270 3415 3543 3484 interpree

1968 3517 2125 3572 talio.
2155 3515 2323 3570 Nobis
2352 3519 2531 3567 autem
2549 3509 2895 3581 perspicuum
2927 3516 3013 3563 est
3041 3520 3291 3561 crescere
3316 3504 3371 3558 in
3395 3505 3538 3560 diem

1970 3608 2216 3680 spiritale
2248 3604 2554 3660 Salvatoris
2584 3601 2759 3657 nostri
2796 3612 3022 3668 regnum
3075 3597 3130 3653 in
3184 3595 3380 3649 animis
3412 3608 3537 3665 qua

1968 3702 2194 3758 Verbum
2229 3699 2350 3769 ejus
2379 3699 2730 3766 acceperunt.
2755 3690 2966 3745 Elatum
2996 3696 3082 3744 est
3102 3687 3223 3758 ejus
3247 3686 3538 3758 praesentia

1970 3796 2119 3866 Agag
2165 3803 2412 3861 regnum,
2440 3787 2586 3858 quod
2630 3784 2851 3856 quidam
2891 3783 3193 3836 Romanum
3248 3778 3540 3849 imperium

1970 3883 2311 3957 interpretati
2338 3892 2484 3944 sunt,
2508 3879 2599 3934 alii
2617 3887 2747 3933 vero
2763 3874 3049 3946 allegorice
3070 3871 3347 3927 caelestem
3362 3869 3542 3927 Evam

1972 3978 2097 4051 gelii
2126 3973 2520 4046 rempublicam
2557 3981 2612 4026 et
2644 3967 2973 4039 spiritalium
2996 3966 3310 4036 dogmatum
3345 3976 3542 4032 specus

1971 4069 2229 4123 lationem
2252 4106 2267 4130 ,
2310 4058 2425 4136 Gog
2456 4064 2609 4135 (sive
2636 4060 2816 4132 Agag)
2860 4058 3109 4136 dogmata
3174 4051 3538 4125 signiﬁcante.

1974 4160 2082 4216 Sed
2108 4167 2163 4215 et
2186 4157 2329 4214 Deus
2364 4135 2553 4211 eduxit
2581 4168 2703 4209 eum
2741 4151 2808 4207 de
2839 4135 3096 4221 Egypto,
3133 4146 3386 4202 videlicet
3414 4159 3542 4201 cum

1974 4252 2173 4321 Joseph
2200 4290 2216 4314 ,
2279 4248 2466 4304 divina
2526 4245 2867 4318 apparitione
2919 4240 3270 4304 admonitus,
3314 4236 3540 4293 Mariam

1973 4361 2098 4402 cum
2128 4358 2299 4414 puero
2328 4341 2545 4399 reduxit
2574 4340 2631 4395 in
2667 4346 2869 4394 terram
2899 4334 3090 4399 lsrael,
3120 4339 3183 4387 ut
3223 4331 3339 4385 haec
3391 4344 3544 4388 com-

1976 4439 2217 4510 pleretur
2259 4448 2473 4490 necnon
2533 4430 2692 4494 Osee,
2752 4425 3051 4484 secundum
3102 4421 3429 4478 Hebraicum
3488 4425 3543 4476 et

304 4548 506 4617 Ἰωσὴφ
548 4510 621 4612 *ἐξ
664 4510 939 4617 Αἰγύπτου
963 4510 1300 4617 ’παραλαϐὼν
1342 4510 1708 4616 sufﬁmen
1753 4510 1862 4612 ἅμα

1974 4529 2183 4601 Aquila:
2224 4523 2764 4596 interpretationem,
2807 4515 3093 4589 prophetia
3122 4513 3316 4604 dicens
3350 4526 3364 4564 :
3404 4528 3425 4563 ι
3459 4510 3545 4566 Ah

287 4637 376 4709 τῷ
401 4639 551 4692 πιιιιδί⁵
593 4639 766 4711 ἰησοῦ
800 4637 1136 4709 ὑπέστρεψεν
1159 4637 1237 4699 εἰς
1255 4637 1357 4706 γῆν
1393 4635 1608 4708 Ἰσραὴλ
1632 4634 1871 4706 πληρου-

296 4729 468 4800 μένης
500 4731 600 4799 τῆς
631 4745 691 4781 τε
719 4727 812 4783 νῦν
837 4728 932 4782 καὶ
964 4728 1066 4798 τῆς
1100 4731 1159 4781 ὲν
1202 4727 1359 4800 Ὠσηὲ
1379 4726 1519 4780 κατὰ
1552 4725 1614 4779 τδ
1656 4722 1871 4797 Ἑϐραϊ-

291 4820 400 4881 κδν
427 4820 521 4872 καὶ
549 4821 650 4892 τὴν
692 4819 914 4874 Ἀκύλου
941 4819 1234 4893 ἑρμηνείαν
1268 4817 1604 4891 προφητείας
1630 4817 1869 4887 φασκού-

293 4928 422 4982 σης,
464 4932 482 4965 ι
531 4913 621 4979 Ἐξ
668 4911 941 4981 Αἰγύπτου
978 4910 1209 4964 ὲκάλεσα
1249 4909 1340 4962 τὸν
1388 4909 1502 4961 υἱόν
1546 4923 1680 4979 μου·
1722 4927 1741 4959 ι
1777 4908 1874 4960 καὶ

291 5002 444 5058 κατὰ
474 5003 712 5057 διάνοιαν
743 5003 821 5067 δὲ,
871 5001 1107 5073 ὁπηνίκα
1146 5003 1211 5054 ὲκ
1246 5000 1348 5070 τῆς
1377 4999 1572 5070 νοητῆς
1599 4996 1874 5066 Αἰγύπτου

1976 4596 2212 4692 Ᾱίεγρῐο
2267 4616 2456 4672 vocavi
2508 4613 2677 4667 lilium
2727 4622 2908 4664 meum
2927 4606 2997 4674 διε
3032 4623 3050 4656 ι
3084 4596 3140 4658 at
3189 4618 3219 4657 e
3274 4601 3541 4658 sententia

1979 4691 2185 4777 nostra,
2212 4724 2336 4765 cum
2371 4707 2441 4762 ab
2470 4704 2707 4777 Egypto
2736 4697 2972 4771 spiritali
3003 4704 3057 4751 ct
3085 4694 3223 4750 locis
3265 4691 3546 4749 terrestri-

1985 4809 2090 4863 bus
2121 4805 2189 4860 ad
2219 4803 2387 4859 ctelos
2400 4798 2563 4854 Pater
2576 4809 2701 4851 eum
2715 4790 2921 4849 eduxit.
2955 4808 2973 4841 ι
2993 4786 3279 4844 Fortitudo
3302 4805 3322 4840 ι
3362 4794 3544 4842 autem

1985 4919 2007 4954 ι
2027 4893 2392 4954 rhinocerotis
2412 4913 2430 4944 ι
2453 4892 2507 4946 in
2537 4887 2824 4943 Salvatore
2848 4881 3028 4939 innuit
3045 4880 3302 4936 deitatem
3332 4878 3543 4950 pateani

1980 4992 2135 5064 regni
2160 5002 2281 5060 quae
2301 4996 2387 5042 est
2418 4984 2473 5038 in
2494 4998 2580 5039 eo.

293 5095 520 5151 καὶτῶν
557 5095 681 5167 τῇδε
733 5062 914 5149 τόπων
945 5062 1038 5148 ἐπὶ
1060 5095 1188 5157 τοὺς
1220 5062 1483 5164 οὐρανοὺς
1657 5062 1947 5162 λαμϐάνων
1978 5062 2138 5144 αὑτὸν
2157 5087 2187 5139 6
2244 5079 2435 5152 Πατὴρ
2469 5077 2747 5148 ὡδήγησεν
2769 5089 2782 5105 ε
2819 5074 2865 5167 ἠγ
2916 5070 2975 5125 δὲ
3007 5065 3270 5141 λεγομένη
3333 5083 3352 5118 ι
3418 5062 3546 5130 δόξα

296 5189 689 5266 μονοκερώτων
726 5209 745 5242 ι
783 5192 839 5244 ὲν
863 5189 943 5261 τῷ
962 5190 1172 5261 Σωτῆρι
1215 5188 1313 5260 τὴν
1352 5190 1408 5240 έν
1458 5186 1605 5257 αύτῷ
1639 5186 1869 5257 θεότητα
1903 5188 2002 5259 τῆς
2024 5179 2294 5253 πατρικῆς
2320 5174 2610 5231 αἰνίττεται
2641 5166 2958 5241 μοναρχίας.

372 5284 529 5338 Μετὰ
552 5283 723 5337 ταῦτα
751 5282 987 5354 εἴρηται,
1005 5302 1022 5333 ι
1055 5281 1228 5334 ἔδεται
1256 5279 1380 5353 έθνη
1410 5280 1619 5351 ἐχθρῶν
1644 5278 1807 5332 αὐτοῦ
1827 5290 1874 5332 δι

292 5378 401 5432 ὅσα
431 5376 541 5449 γὰρ
566 5376 670 5429 ὑπὸ
699 5375 798 5447 τὴν
828 5375 1048 5445 διδαχὴν
1082 5372 1245 5427 αὐτοῦ
1274 5373 1496 5441 γέγονεν
1528 5371 1678 5441 ἔθνη,
1708 5370 1880 5425 ταῦτα

295 5469 568 5540 πρότερον
598 5469 755 5539 μερὶς
781 5467 1118 5536 τυγχάνοντα
1150 5464 1259 5517 τῶν
1281 5462 1489 5534 ἐχθρῶν
1524 5460 1710 5525 αὑτοῦ,
1743 5462 1880 5533 μετὰ

295 5561 400 5631 τὴν
448 5564 527 5624 εἰς
578 5559 741 5614 αὐτὸν
794 5558 975 5612 πίστιν
1030 5555 1308 5627 ἐπιτήδεια
1344 5555 1532 5627 ὥσπερ
1570 5558 1648 5619 εἰς
1677 5554 1878 5626 βρῶσιν

297 5651 481 5724 ἑαυτῷ
523 5650 923 5706 κατεσκεύασε·
966 5650 1035 5702 τὰ
1080 5648 1176 5721 μὲν
1206 5648 1376 5719 πάχη,
1418 5647 1562 5700 τοῦτ’
1603 5646 1721 5701 ἔστι
1772 5645 1880 5702 πᾶν

488 5809 651 5865 Num.
687 5823 835 5875 xxxv,
872 5804 988 5862 7-9.
1065 5807 1110 5840 “
1148 5803 1273 5862 Ose.
1312 5821 1389 5870 ιι,
1423 5804 1475 5861 ir

2044 5240 2180 5330 Post
2213 5240 2326 5325 haec
2346 5268 2570 5331 dicitur,
2606 5283 2626 5316 ι
2646 5240 3008 5318 Devorabtint
3028 5263 3219 5328 gentes
3260 5254 3450 5309 hostes
3481 5240 3548 5303 il-

1975 5368 2103 5422 lius.
2145 5386 2163 5418 »
2199 5362 2549 5430 Quaecunque
2575 5357 2678 5414 sub
2706 5355 2826 5425 ejus
2854 5350 3143 5420 disciplina
3174 5347 3395 5403 fuerunt
3421 5355 3549 5414 gett-

1975 5467 2080 5522 tes,
2114 5471 2239 5511 cum
2272 5455 2425 5526 prius
2460 5449 2640 5521 praeda
2661 5446 2915 5503 hostibus
2947 5443 3142 5498 devota
3163 5447 3373 5499 essent,
3398 5448 3548 5494 note

1975 5550 2081 5606 ﬁde
2104 5549 2158 5603 in
2189 5563 2312 5603 eum
2346 5551 2588 5613 accepta,
2621 5541 2726 5611 ipsi
2759 5537 2917 5593 facte
2943 5542 3072 5591 sunt
3114 5532 3272 5604 quasi
3301 5542 3424 5586 esca
3449 5541 3547 5597 pa-

1977 5650 2116 5700 rata‘
2150 5638 2289 5698 Ossa
2309 5652 2461 5704 vero,
2492 5635 2548 5691 id
2593 5643 2678 5690 est
2733 5629 3118 5704 quodcumque
3149 5626 3206 5680 in
3239 5623 3321 5680 eis
3350 5631 3538 5677 carna-
