3868 6264
388 314 522 369 1071

1102 313 1366 369 EUSEBII
1405 313 1888 371 CESARlENSiS
1923 315 1942 370 (

2050 327 2072 370 '.
2115 315 2296 370 PARS
2317 307 2892 374 “l.—:EXEGETICA.

3493 316 3627 369 1072

380 431 430 486 le
459 438 514 486 et
546 437 830 496 terrestre,
890 430 1218 486 imminuens
1245 439 1298 484 et
1350 431 1613 487 attentius
1641 435 1942 503 explorans,

2063 433 2415 504 συμπεφυκὸς
2440 435 2621 496 αὐτοῖς
2651 434 2832 486 ὑλικὸν
2879 433 2973 486 καὶ
3004 432 3206 503 γήϊνον,
3236 427 3511 482 λεπτύνων
3538 430 3626 483 καὶ

375 528 689 583 esculentos
727 524 943 596 propria
975 525 1188 580 cultura
1239 526 1452 581 fructus
1485 528 1566 582 eis
1598 526 1798 583 effecit.
1831 527 1956 583 Haec

377 629 557 676 autem
615 619 956 690 spiritalibus
1006 627 1061 672 et
1106 620 1524 675 rationabilibus
1551 629 1844 676 exsecutus
1873 631 1957 676 est

377 712 608 782 sagittis,
647 723 879 768 veterem
912 712 1155 782 gentium
1190 713 1408 775 ducem,
1442 715 1640 784 suique
1671 715 1954 767 inimicum

377 804 706 873 perfodiens,
738 804 948 860 scilicet
982 805 1282 864 diabolum.
1310 805 1463 872 Quod
1492 807 1581 867 ad,
1619 825 1637 857 ι
1667 807 1954 861 Accubans

375 897 634 952 dormivit
665 905 722 950 ut
753 897 856 958 leo,
891 917 908 948 ι
949 896 1052 951 hoc
1087 897 1195 951 fere
1252 897 1446 952 iisdem
1483 899 1663 952 verbis
1695 914 1722 950 a
1748 897 1954 951 Jat-obo

376 987 429 1044 in
456 989 572 1044 suis
603 989 669 1043 de
701 987 840 1043 .Iuda
871 991 1170 1058 prophet’iis
1217 991 1424 1043 dictum
1474 1000 1595 1057 est;
1641 992 1802 1060 cujus
1828 1007 1952 1045 sen-

375 1093 494 1132 sum
528 1078 639 1147 jam
675 1080 727 1134 in
781 1095 882 1134 suo
917 1080 1036 1134 loco
1090 1082 1402 1150 expositum
1438 1097 1545 1135 non
1608 1082 1947 1136 iterabimus.

375 1165 722 1222 Manifestum
753 1179 832 1222 est
861 1177 1040 1222 autem
1076 1171 1221 1240 quod
1257 1170 1477 1226 Christo
1505 1172 1950 1226 benedicentibus

375 1257 520 1314 Deus
544 1259 842 1313 benedicet.
868 1259 944 1311 Ac
976 1260 1020 1313 si
1054 1276 1153 1314 nos
1189 1270 1613 1315 exsecrarentur
1649 1272 1706 1316 ut
1732 1271 1783 1317 et
1808 1270 1951 1318 vete-

374 1367 487 1405 rem
526 1350 617 1404 Dei
651 1352 906 1420 populum
943 1351 1206 1423 Egyptii,
1247 1353 1300 1406 in
1348 1355 1507 1408 nobis
1539 1363 1720 1408 tamen
1754 1355 1948 1424 imple-

373 1449 566 1497 rentur
621 1451 674 1498 et
733 1443 823 1496 illa
875 1463 886 1496 :
941 1462 958 1494 ι
997 1443 1326 1515 Quantoque
1374 1447 1758 1516 opprimebant
1808 1463 1947 1508 eos,

371 1541 524 1589 tanto
550 1535 723 1602 magis
752 1535 1258 1604 multiplicabantur
1287 1545 1341 1591 et
1370 1538 1692 1592 crescebant
1718 1537 1804 1592 ⁸⁵⁸.
1829 1557 1847 1589 ι
1887 1537 1952 1590 Et

373 1641 506 1680 sane
538 1627 774 1697 quodam
808 1628 969 1680 modo
1012 1629 1457 1684 maledictionem
1496 1638 1828 1700 acceperunt
1857 1630 1950 1700 qui

370 1721 500 1774 olim
541 1720 588 1773 ei
641 1719 1066 1785 maledixerunt,
1126 1725 1502 1779 exclamantes
1538 1740 1550 1776 :
1594 1742 1612 1775 ι
1649 1723 1946 1795 Cruciﬁge,

2060 523 2367 593 ἐξιχνεύων,
2423 525 2669 594 καρποὺς
2713 524 2768 576 δὲ
2814 524 3111 596 τροφίμους
3150 522 3236 575 διά
3287 524 3386 592 τῆς
3439 519 3626 574 ἐαυτοῦ

2057 617 2330 686 γεωργίας
2365 615 2548 678 αὐτοῖς
2599 617 2859 687 ἐμποιῶν.
2898 617 3080 670 Ταῦτα
3115 616 3170 669 δέ
3199 617 3494 687 εἰργάσατο
3527 618 3628 678 τοῖς

2057 710 2265 778 νοητοῖς
2288 709 2378 760 καὶ
2405 708 2640 776 λογικοῖς
2668 709 2865 778 βέλεσι,
2899 710 2990 762 τὸν
3016 709 3180 762 πάλαι
3202 709 3311 761 τῶν
3339 707 3508 760 ἐθνῶν
3541 707 3629 778 ἆρ-

2055 817 2216 869 χοντα
2242 799 2430 870 ἐχθρὸν
2455 800 2583 853 ὅντα
2617 801 2807 853 ἐαυτοῦ
2827 801 3242 866 κατατοξεύσας,
3273 800 3522 852 τουτέστι
3549 800 3629 852 τὸν

2053 893 2317 946 διάϐολον.
2377 893 2456 945 Τὰ
2499 892 2542 944 δ’
2589 893 2693 945 ἀπὸ
2722 891 2813 944 τοῦ
2855 912 2872 942 ι
2907 891 3269 954 Κατακλιθεὶς
3293 891 3631 945 ἀνεπαύσατο

2053 985 2126 1046 ὼς
2157 985 2312 1047 λέων,
2343 1005 2360 1035 ι
2399 985 2581 1055 σχεδὸν
2614 985 2794 1048 αὐτοῖς
2817 986 3021 1056 ῥήμασι
3053 985 3147 1037 καὶ
3174 985 3277 1037 ὑπὸ
3299 983 3393 1036 τοῦ
3443 983 3629 1037 Ἰακὼὸ

2054 1080 2112 1131 ἐν
2136 1079 2256 1139 ταῖς
2288 1077 2414 1147 περί
2447 1076 2541 1129 τοῦ
2585 1077 2755 1130 Ἰούδα
2802 1076 3163 1148 προφητείαις
3201 1077 3417 1146 εἴρηται
3439 1091 3451 1102 '
3483 1075 3631 1128 ἆτινα

2053 1171 2234 1222 ὁποῖον
2260 1169 2372 1238 ἔχει
2403 1169 2524 1221 νοῦν
2552 1169 2690 1221 κατὰ
2728 1167 2796 1220 τά
2828 1168 3165 1222 ῦποπεσὸντα
3195 1169 3324 1237 ἡμῖν
3350 1165 3629 1236 ἐκθέμενοι

2051 1261 2112 1313 ού
2136 1261 2566 1331 παλιλογήσομεν
2587 1279 2599 1291 ⁸
2632 1261 2788 1332 δῆλον
2816 1261 2871 1314 δὲ
2915 1261 3167 1330 τυγχάνει
3208 1261 3353 1322 ὅπως
3401 1261 3564 1329 ἡμεῖς
3587 1261 3628 1311 οἱ

2051 1352 2142 1405 τὸν
2189 1353 2424 1424 Χριστὸν
2453 1353 2798 1422 εὐλογοῦντες
2839 1353 2932 1406 τοῦ
2963 1353 3094 1406 Θεοῦ
3113 1352 3498 1422 ηύὶογήμεθα·
3535 1350 3630 1405 κᾶν

2052 1443 2160 1514 γὰρ
2205 1444 2578 1513 βδελύσσοιντο
2616 1446 2760 1515 ἡμᾶς
2804 1444 2878 1508 ώς
2909 1445 3000 1497 καὶ
3048 1446 3139 1496 τὸν
3180 1444 3345 1496 πάλαι
3380 1443 3475 1495 τοῦ
3500 1441 3628 1496 Θεοῦ

2051 1535 2177 1588 λαὸν
2207 1539 2253 1588 οἱ
2286 1536 2592 1605 Αἰγύπτιοι,
2641 1537 2790 1606 ὅμως
2821 1536 3118 1607 πληροῦταί
3149 1554 3212 1605 γε
3243 1537 3337 1590 καὶ
3376 1539 3465 1606 ἐφ’
3507 1538 3629 1607 ἡμῖν

2050 1627 2131 1689 τὸ,
2156 1646 2172 1677 t
2197 1628 2318 1680 καθ’
2349 1630 2470 1682 ὅσον
2494 1629 2549 1681 δὲ
2573 1629 2890 1682 ἐταπείνουν
2913 1631 3128 1692 αὐτοὺς,
3161 1630 3400 1700 τοσούτῳ
3419 1629 3631 1692 πλείους

2052 1719 2307 1786 ἐγίνοντο,
2330 1720 2422 1773 καὶ
2459 1720 2637 1790 ἴσχυον
2669 1719 2871 1791 σφόδρα
2897 1719 3094 1792 σφόδρα
3114 1737 3126 1749 ·
3159 1741 3174 1769 ι
3209 1721 3300 1772 καὶ
3327 1720 3499 1788 σαφὲς
3519 1720 3630 1773 τίνα

371 1809 628 1880 crueilige
657 1825 782 1865 eum
819 1811 886 1863 δ’.
927 1831 942 1863 ι
981 1810 1290 1868 Maledictio
1322 1816 1467 1868 enim
1505 1830 1640 1868 crux
1664 1824 1802 1880 erat,
1836 1816 1942 1871 sic-

2051 1812 2252 1884 τρόπον
2301 1812 2399 1883 τὴν
2452 1812 2698 1881 κατάραν
2744 1813 3026 1882 εἰλήφασιν
3080 1813 3127 1863 οἱ
3177 1809 3416 1881 ἐξαρχῆς
3472 1811 3630 1862 αὑτὸν

370 1908 428 1953 ιιι
458 1900 662 1954 dictum
703 1909 789 1956 est
823 1921 835 1956 :
870 1920 886 1952 ι
930 1901 1252 1958 Malcdietus
1285 1905 1466 1959 omnis
1512 1907 1605 1976 qui
1659 1907 1857 1976 pendet
1890 1908 1945 1961 in

371 1993 520 2064 ligno
551 1993 640 2049 "‘.
685 2013 702 2045 ι
738 1994 840 2060 Qui
865 2007 1046 2049 autem
1079 1996 1292 2048 illorum
1325 1997 1577 2064 injuriam
1614 2013 1809 2068 passus
1841 2007 1946 2063 est,

370 2099 401 2137 ι
427 2083 586 2141 Patre
617 2087 930 2152 extollitur;
955 2086 1008 2140 bi
1028 2102 1176 2149 vero,
1201 2089 1341 2157 quia
1371 2087 1480 2142 Deo
1503 2089 1771 2143 maledicti
1796 2101 1944 2156 sunt,

371 2186 693 2248 perpetuum
730 2182 782 2232 in
813 2179 1010 2233 saecula
1047 2189 1378 2248 acceperunt
1426 2182 1775 2250 supplicium.
1813 2182 1946 2238 Illud

368 2270 514 2325 enim
545 2272 807 2326 attentius
829 2272 1226 2335 consideranti,
1272 2273 1363 2328 Dei
1393 2277 1679 2343 potestatis
1712 2291 1947 2347 appare-

369 2364 450 2420 bit
477 2365 816 2434 magnitudo,
843 2382 940 2422 eos
969 2367 1170 2436 quibus
1196 2368 1365 2421 semel
1404 2369 1703 2433 maledixit,
1739 2369 1794 2423 in
1825 2385 1950 2439 per-

369 2465 590 2526 petuum
646 2460 1048 2528 persequentis.
1112 2457 1225 2513 Hoc
1259 2457 1571 2529 signiﬁcant
1621 2476 1682 2516 ca
1739 2462 1943 2515 verba:

375 2567 392 2598 ι
429 2547 532 2614 Qui
569 2548 950 2604 benedixerint
985 2551 1109 2617 tibi,
1134 2561 1292 2605 erunt
1322 2559 1375 2606 et
1399 2551 1500 2622 ipsi
1521 2551 1790 2606 benedicti
1816 2571 1830 2618 ;
1854 2554 1947 2624 qui

369 2641 766 2708 maledixerint,
797 2643 850 2696 in
879 2643 1260 2699 maledictione
1292 2645 1710 2714 reputabuntur.
1749 2666 1767 2698 ι

954 2841 1184 2897 CAPUT
1213 2841 1353 2895 XIV.

719 2931 804 2986 Ex
827 2944 1020 3002 quarta
1043 2933 1269 2986 Balaam
1301 2934 1589 3002 prophetia.

443 3041 462 3074 ι
499 3023 716 3079 Orietur
747 3027 904 3079 stella
953 3042 1018 3079 ex
1055 3023 1245 3092 Jacob,
1295 3035 1350 3080 et
1390 3034 1685 3096 consurget
1740 3026 1822 3081 \‘ir
1879 3026 1947 3082 de

367 3111 557 3174 Israel,
595 3122 649 3168 et
680 3115 949 3185 percutiet
969 3115 1137 3169 duces
1173 3115 1352 3180 Moab,
1382 3117 1728 3188 vastabitque
1756 3133 1949 3174 omnes

2047 1907 2480 1978 καταρασάμενοι
2507 1906 2591 1958 διὰ
2631 1905 2750 1967 τοῦ,
2775 1925 2792 1956 ι
2815 1905 3076 1977 Σταύρου,
3118 1904 3350 1976 σταύρου
3382 1904 3543 1957 αὐτόν
3561 1921 3574 1932 ·
3611 1923 3627 1953 ι

2047 1998 2287 2069 κατάρας
2315 1999 2422 2068 γάρ
2453 1994 2518 2068 ἦν
2541 2001 2568 2051 ὁ
2602 1999 3006 2069 σταυρὸς,κατὰ
3035 1997 3113 2061 τὸ,
3137 2016 3155 2047 ‹
3203 1997 3633 2066 Ἐπικατάρατος

2047 2092 2156 2152 πᾶς
2179 2091 2206 2141 ὁ
2237 2091 2580 2161 κρεμάμενος
2609 2091 2698 2142 ἐπὶ
2723 2089 2899 2153 ξύλου.
2941 2109 2958 2139 ι
3002 2089 3140 2143 Ἀλλ’
3165 2090 3192 2140 ὁ
3216 2089 3312 2158 μὲν
3335 2089 3435 2157 τὴν
3457 2087 3632 2139 αὐτῶν

2047 2179 2342 2250 ὑπομείνας
2379 2180 2620 2249 κατάραν
2659 2180 2762 2232 ὑπὸ
2787 2181 2879 2232 τοῦ
2921 2180 3134 2252 Πατρὸς
3158 2178 3549 2251 ὑπερύψωταν
3584 2177 3632 2229 οί

2047 2269 2101 2322 δὲ
2137 2271 2270 2341 πρὸς
2307 2270 2474 2324 αὑτοῦ
2529 2271 2622 2323 τοῦ
2657 2271 2791 2324 Θεοῦ
2821 2271 3219 2342 καταραθέντες
3249 2271 3510 2341 ἐπίμονον
3557 2272 3634 2332 εἰς

2048 2362 2220 2414 αἰῶνα
2257 2364 2538 2434 εἰλήφασιν
2580 2364 2797 2435 ὄλεθρον
2823 2381 2834 2394 ·
2865 2365 2922 2418 ὃν
2954 2367 3001 2418 εἰ
3042 2366 3128 2418 ἐπ’
3160 2364 3385 2436 ἀκριϐές
3420 2381 3501 2427 τις
3541 2365 3635 2415 ἐπ-

2048 2452 2202 2520 εξίοι,
2241 2455 2521 2526 δυνάμεως
2547 2456 2682 2508 Θεοῦ
2726 2457 3018 2527 κατόψεται
3054 2457 3298 2529 μέγεθος,
3330 2458 3411 2521 εἰς
3441 2457 3521 2510 ἔτι
3545 2457 3635 2511 νῦν

2051 2547 2339 2619 μετιούσης
2398 2549 2524 2612 τοὺς
2591 2547 2738 2613 ἅπαξ
2797 2549 2934 2620 πρὸς
2983 2549 3148 2604 αὑτοῦ
3197 2550 3632 2620 κατηραμένους.

2048 2638 2230 2690 Ταῦτα
2265 2638 2326 2707 (f.
2351 2639 2417 2692 13
2447 2644 2520 2707 νσο)
2553 2640 2631 2701 εἰς
2660 2637 2720 2690 τὸ
2759 2657 2778 2690 ι
2815 2639 2922 2691 Καὶ
2947 2640 2993 2691 οί
3017 2637 3366 2705 εὐλογοῦντες
3397 2654 3457 2690 σε
3483 2636 3633 2690 εὐλό-

2052 2747 2270 2800 γηνται,
2300 2731 2394 2783 καὶ
2415 2733 2466 2783 οἱ
2499 2729 2876 2802 καταρώμενοί
2909 2747 2966 2783 σε
2988 2732 3082 2783 καὶ
3102 2732 3457 2800 κατάρανται.
3505 2749 3525 2782 ι

2581 2845 2974 2898 ΚΕΦΑΛΑΙΟΝ
2999 2847 3093 2898 1Δ’.

2257 2941 2350 2992 Ἐκ
2371 2937 2480 3006 τῆς
2505 2938 2553 2991 δ’
2587 2937 2694 2991 τοῦ
2740 2938 2989 3006 Βαλαὰμ
3039 2938 3432 3006 προφητείας.

2127 3052 2144 3084 ι
2195 3032 2465 3086 Ἀνατελεῖ
2500 3033 2698 3102 ἄστρον
2759 3031 2818 3096 ἐξ
2862 3029 3076 3095 Ἰακὼϐ,
3118 3031 3212 3084 καὶ
3258 3029 3634 3102 ἀναστήσεται.

2051 3122 2332 3194 ἄνθρωπος
2360 3120 2421 3186 ἐξ
2453 3121 2688 3193 Ἰσραὴλ,
2721 3121 2815 3174 καὶ
2847 3119 3071 3192 θραύσει
3120 3121 3394 3190 ἡγεμόνας
3436 3119 3631 3182 Μωὰῆ,

369 3205 509 3259 ﬁlios
555 3204 683 3259 Seth
719 3206 784 3260 “.
827 3225 844 3258 ι
907 3205 999 3261 Dei
1025 3205 1283 3268 Verbum,
1323 3226 1340 3257 ι
1373 3223 1498 3261 cum
1531 3209 1833 3264 exinanivit
1865 3226 1942 3266 se-

2055 3218 2147 3271 καὶ
2172 3215 2531 3288 προνομεύσει
2591 3217 2800 3278 πάντας
2855 3217 3004 3279 υἱοὺς
3052 3214 3181 3285 Σήθ.
3218 3233 3236 3264 ι
3278 3215 3336 3266 Ὀ
3373 3214 3467 3267 τοῦ
3500 3214 3632 3267 Θεοῦ

368 3297 680 3365 metipsum,
719 3294 948 3350 forn‘iam
1001 3297 1143 3351 servi
1197 3298 1495 3367 accipiens,
1529 3306 1582 3352 et
1637 3299 1822 3353 habitu
1858 3300 1941 3354 in-

366 3399 560 3444 ventus
585 3398 668 3444 est
705 3396 762 3442 ut
794 3389 955 3443 homo
988 3390 1054 3454 ⁸⁷,
1095 3408 1115 3441 ι
1156 3390 1310 3445 stella
1343 3407 1450 3443 non
1478 3407 1644 3460 parva
1677 3393 1936 3458 surrexit,

366 3495 476 3534 non
503 3495 631 3535 vero
659 3479 852 3542 Jacob,
883 3484 976 3535 sed
1011 3496 1077 3535 ex
1137 3479 1324 3536 Jacob.
1385 3483 1670 3552 Corporali
1706 3487 1939 3554 primum

366 3573 564 3642 populo
583 3573 1046 3636 circu-mcisionis,
1073 3573 1269 3628 deinde
1287 3577 1503 3629 cunctis
1528 3576 1783 3646 gentibus
1815 3578 1939 3632 illu—

364 3665 462 3719 xit.
496 3663 785 3736 Digressus
819 3665 888 3719 ab
921 3665 1012 3728 iis,
1065 3681 1173 3720 non
1232 3681 1396 3736 parva
1455 3668 1719 3722 sustinuit
1772 3670 1935 3732 bella,

363 3757 659 3826 puritieans
697 3776 715 3809 ι
755 3757 1022 3814 adversus
1056 3766 1358 3828 potestates
1385 3767 1439 3813 et
1496 3760 1804 3830 Spiritualia
1839 3777 1937 3816 ne-

363 3847 610 3916 quitiae“
627 3865 641 3913 ;
656 3867 674 3899 ι
693 3848 893 3918 quibus
909 3848 1165 3912 devictis,
1184 3848 1438 3917 pabulum
1463 3853 1672 3919 paravit
1691 3851 1745 3904 in
1770 3851 1941 3905 haere-

360 3939 584 3994 ditatem
613 3954 792 4003 suam,
837 3947 1026 4009 gentes
1049 3941 1383 4010 suscipiens,
1417 3957 1756 4012 qurecunque
1785 3944 1938 4012 prius

362 4031 465 4086 sub
497 4045 686 4086 eorum
717 4031 926 4086 ditione
953 4041 1130 4087 erant.
1182 4032 1258 4086 De
1292 4034 1491 4102 quibus
1542 4033 1703 4089 Pater
1731 4036 1778 4090 ei
1837 4052 1935 4090 ex-

363 4136 550 4192 presse
608 4123 884 4192 pollicitus
929 4133 1014 4178 est
1061 4123 1295 4180 dicens:
1331 4145 1348 4176 (
1395 4125 1614 4182 Pustula
1659 4143 1690 4181 a
1734 4145 1842 4194 me,
1883 4138 1937 4183 et

361 4211 504 4267 dabo
536 4212 636 4267 tibi
693 4221 882 4284 gentes
914 4214 1284 4270 hereditatem
1319 4223 1487 4278 tuam,
1517 4229 1570 4272 et
1623 4221 1934 4288 possessio-

361 4318 485 4358 nem
512 4311 658 4359 tuam
692 4304 957 4359 terminos
987 4313 1145 4360 terra:
1171 4308 1235 4362 ⁸³.
1277 4328 1296 4360 ι

963 4503 1191 4558 CAPUT
1229 4506 1342 4558 XV.

601 4596 680 4648 Ea:
711 4596 1138 4652 Deutcronomio.
1177 4597 1384 4668 Moyses
1409 4609 1487 4653 est
1508 4598 1685 4653 dicens
1705 4616 1723 4652 :

433 4704 454 4738 ι
492 4687 818 4758 Prnphetam
853 4688 920 4743 de
946 4689 1208 4745 fratribus
1252 4692 1385 4756 tuis,
1418 4691 1564 4746 sicut
1620 4707 1725 4756 me,
1756 4691 1935 4747 susci-

357 4782 495 4836 tabit
517 4779 778 4836 Dominus
810 4780 952 4836 Deus
1001 4788 1127 4836 tuus
1157 4799 1170 4834 :
1206 4784 1384 4854 ipsum
1417 4785 1628 4849 audies,
1662 4792 1720 4838 ut
1751 4785 1932 4854 petisti

357 4892 388 4930 a
411 4875 642 4930 Domino
676 4873 785 4928 Deo
819 4882 912 4927 tuo
945 4875 997 4927 in
1031 4873 1230 4939 lioreb,
1257 4877 1480 4944 quando
1502 4877 1695 4930 concio
1710 4890 1933 4945 congre-

355 4975 480 5038 gata
511 4976 614 5029 est,
646 4974 807 5035 atque
837 4964 1022 5020 dixisti
1063 4981 1075 5016 :
1116 4964 1266 5020 Ultra
1324 4983 1434 5020 non
1485 4967 1702 5021 audiam
1741 4980 1928 5020 vocem

355 5058 572 5113 Domini
597 5057 690 5113 Dei
719 5057 846 5120 mei,
879 5066 934 5112 et
962 5057 1139 5127 ignem
1167 5059 1312 5113 hunc
1362 5059 1660 5112 maximum
1689 5059 1928 5126 amplius

357 5165 467 5206 non
501 5151 716 5216 videbo,
749 5165 816 5204 ne
851 5150 1078 5204 moriar.
1102 5150 1167 5204 Et
1185 5153 1260 5204 ait
1283 5150 1546 5205 Dominus
1573 5150 1705 5203 mibi
1741 5169 1751 5201 :
1785 5149 1928 5204 Bene

356 5244 540 5297 omnia
570 5251 700 5298 sunt
731 5243 916 5297 locuti.
949 5242 1282 5313 Proplietam-
1296 5243 1580 5298 suscitabo
1608 5243 1688 5297 eis
1720 5243 1786 5297 de
1814 5257 1929 5295 me-

357 5333 448 5388 dio
478 5334 709 5388 fratrum
743 5349 965 5388 suorum
999 5335 1231 5390 similem
1262 5336 1340 5388 tui
1371 5354 1384 5388 :
1411 5342 1466 5390 et
1515 5348 1712 5406 ponam
1763 5333 1931 5388 verba

357 5431 478 5480 inea
513 5425 686 5481 inore
715 5428 857 5494 ejus,
922 5427 1282 5496 loqueturque
1329 5427 1397 5482 ad
1451 5443 1544 5482 eos
1577 5427 1759 5481 omnia
1809 5441 1929 5495 quae

357 5529 664 5583 praecepero
693 5519 762 5573 ei.
787 5501 1104 5584 Quiau’tem
1126 5519 1290 5574 verba
1343 5518 1485 5588 ejus,
1523 5534 1644 5587 quae
1677 5518 1930 5587 loquetur

2048 3309 2219 3378 Λόγος
2247 3327 2264 3359 ι
2296 3307 2538 3371 κενώσας
2588 3307 2778 3362 ἐαυτὸν
2835 3307 2928 3360 καὶ
2961 3306 3174 3378 μορφὴν
3214 3305 3403 3358 δούλου
3433 3305 3631 3370 λαϐὼν,

2049 3404 2142 3456 καὶ
2171 3404 2410 3473 σχήματι
2433 3399 2677 3471 εὑρεθεὶς
2717 3399 2792 3463 ὼς
2822 3398 3129 3469 ἄνθρωπος,
3171 3417 3189 3448 ι
3218 3399 3416 3468 ἄστρον
3447 3398 3510 3450 οὐ
3546 3413 3632 3466 μι⁹

2048 3494 2178 3566 κρὸν
2207 3494 2330 3564 οὐχὶ
2364 3491 2439 3562 τῷ
2486 3490 2679 3545 Ἰακὼϐ
2711 3491 3000 3553 ἀνέτειλεν,
3033 3489 3146 3543 ἀλλ’
3176 3491 3241 3542 ὲκ
3261 3489 3355 3542 τοῦ
3399 3487 3594 3542 Ἰακώϐ
3613 3507 3626 3518 ”

2048 3585 2156 3640 άπὸ
2183 3585 2291 3655 γὰρ
2311 3583 2403 3637 τοῦ
2453 3583 2766 3654 σωματικοῦ
2801 3583 2928 3636 λαοῦ
2961 3581 3070 3634 τῶν
3111 3583 3173 3634 ἐκ
3204 3584 3508 3652 περιτομῆς
3532 3583 3629 3652 ἀρ-

2047 3677 2295 3748 ξάμενος,
2356 3676 2520 3728 πᾶσιν
2565 3674 2844 3744 ἐπέλαμψε
2877 3676 2990 3735 τοῖς
3039 3672 3248 3724 ἔθνεσι·
3287 3671 3628 3741 μεταναστὰς

2045 3787 2104 3821 τε
2163 3768 2256 3821 ἀπ’
2295 3767 2540 3827 ἐκείνων,
2587 3767 2648 3819 ού
2687 3765 2918 3837 μικροὺς
2957 3763 3225 3834 πολέμους
3246 3761 3624 3833 διεχειρίσατο,

2047 3861 2324 3931 καθαίρων
2355 3878 2372 3910 ι
2405 3860 2504 3923 τὰς
2526 3859 2903 3928 ἀντικειμένας
2933 3856 3210 3926 δυνάμεις,
3235 3856 3328 3908 καὶ
3367 3855 3436 3907 τὰ
3467 3871 3627 3907 πνευ-

2049 3953 2252 4025 ματικὰ
2285 3955 2381 4022 τῆς
2418 3950 2701 4021 πονηρίας,
2740 3969 2757 4000 ι
2787 3948 2902 4012 οὓς
2931 3947 3445 4016 καταγωνισάμενος
3496 3963 3626 4014 προ-

2045 4045 2214 4116 νομὴν
2262 4044 2552 4113 ἐποιήσατο
2597 4043 2675 4104 εἰς
2721 4041 2814 4092 τὸν
2871 4039 3034 4104 αὑτοῦ
3081 4038 3302 4109 κλῆρον,
3334 4035 3623 4090 ἀπολαϐὼν

2045 4140 2144 4191 ὅσα
2172 4137 2435 4206 πρότερον
2465 4133 2558 4186 ὑπ’
2585 4132 2826 4194 ἐκείνους
2873 4130 3166 4200 ἐτύγχανεν
3203 4129 3330 4200 ἔθνη
3353 4147 3365 4158 ·
3391 4128 3517 4198 περὶ
3546 4120 3620 4180 ὧν

2043 4229 2071 4280 ὁ
2119 4227 2306 4298 Πατὴρ
2368 4223 2514 4296 αὐτῷ
2571 4222 3041 4295 κατεπηγγείλατο
3087 4220 3290 4275 εἰπών·
3336 4240 3352 4271 ι
3395 4220 3615 4289 Αίτησαι

2045 4319 2172 4390 παρ’
2203 4317 2358 4389 ἐμοῦ,
2392 4318 2484 4369 καὶ
2507 4314 2662 4369 δώσω
2693 4331 2773 4367 σοι
2812 4314 2936 4384 ἔθνη
2971 4312 3066 4382 τὴν
3097 4310 3462 4382 κληρονομίαν
3506 4325 3613 4369 σου,

2045 4408 2139 4460 καλ⁸
2165 4406 2260 4476 τὴν
2293 4404 2618 4474 κατάσχεσίν
2642 4421 2735 4457 σου
2766 4402 2835 4456 τὰ
2871 4403 3083 4474 πέρατα
3112 4402 3211 4471 τῆς
3239 4403 3361 4469 γῆς.
3407 4420 3424 4451 ι

2565 4516 2962 4570 ΚΕΦΑΛΑῘΟΝ
2990 4516 3091 4567 ΙΕ’.

2055 4612 2148 4663 Ἐκ
2176 4611 2280 4663 τοῦ
2320 4611 2800 4678 Δευτερονομίου.
2842 4606 3103 4673 Μωῢσῆς
3141 4606 3366 4658 ἐστινὸ
3407 4604 3608 4671 λέγων·

2118 4719 2134 4749 ι
2172 4701 2462 4771 Προφήτην
2485 4703 2549 4753 ὲκ
2577 4700 2686 4751 τῶν
2719 4697 2959 4766 ἀδελφῶν
2987 4713 3103 4757 σου,
3129 4694 3204 4757 ώς
3242 4694 3360 4763 ἐμὲ,
3389 4694 3609 4760 ἀναστή-

2042 4810 2124 4845 σει
2177 4809 2258 4844 σοι
2302 4792 2505 4865 Κύριος
2543 4794 2572 4844 ὁ
2618 4791 2749 4856 Θεός
2779 4805 2905 4844 σου⁶
2934 4788 3099 4842 αὑτοῦ
3131 4785 3431 4840 ἀκούσεσθε
3479 4785 3606 4837 κατὰ

2041 4886 2238 4948 πάντα,
2293 4886 2393 4938 ὅσα
2439 4886 2626 4956 ᾐτήσω
2671 4884 2819 4954 παρὰ
2864 4881 3070 4952 Κυρίου
3092 4879 3185 4932 τοῦ
3228 4876 3363 4931 Θεοῦ
3424 4895 3513 4930 σου
3557 4878 3606 4928 ἐν

2013 4976 2239 5048 ’Χωρὴὸ
2287 4979 2354 5047 τῇ
2387 4976 2568 5047 ἡμέρᾳ
2593 4975 2690 5045 τῆς
2704 4973 3012 5044 ἐκκλησίας,
3049 4972 3316 5040 λέγοντες,
3350 4969 3425 5021 Οὐ
3456 4982 3604 5038 προσ-

2037 5069 2273 5138 θήσομεν
2321 5067 2553 5120 ἀκοῦσαι
2585 5067 2684 5136 τῆς
2716 5065 2900 5134 φωνῆς
2929 5061 3135 5133 Κυρίου
3157 5061 3251 5113 τοῦ
3281 5059 3417 5112 Θεοῦ
3439 5060 3470 5129 ή
3480 5056 3599 5128 μῶν,

2035 5160 2129 5211 καὶ
2161 5158 2223 5212 τὸ
2254 5157 2363 5230 πῦρ
2390 5157 2449 5210 τὸ
2479 5158 2620 5228 μέγα
2660 5155 2817 5208 τοῦτο
2858 5155 2958 5207 οὐκ
2985 5151 3226 5222 ὀψόμεθα
3258 5150 3360 5213 ἔτι,
3393 5149 3512 5202 οὐδὲ
3540 5145 3599 5212 μὴ

2033 5248 2391 5318 ἁμάρτωμεν.
2447 5249 2556 5300 Καὶ
2609 5243 2760 5299 εἶπεν
2812 5243 3014 5314 Κύριος
3068 5241 3204 5311 πρὸς
3249 5241 3352 5309 μέ·
3411 5235 3598 5307 Ὀρθῶς

2038 5333 2237 5396 πάντα,
2258 5336 2357 5387 ὅσα
2389 5334 2653 5405 ἐλάλησαν
2670 5351 2683 5364 ο
2721 5333 3004 5403 προφήτην
3034 5331 3323 5400 ἀναστήσω
3346 5328 3522 5387 αὐτοῖς
3545 5326 3596 5375 ἐκ

2037 5426 2203 5498 μέσου
2233 5427 2342 5481 τῶν
2384 5426 2628 5497 ἀδελφῶν
2673 5425 2875 5488 αὐτῶν,
2909 5423 3098 5494 ὥσπερ
3122 5423 3182 5476 σέ
3201 5440 3214 5452 ο
3239 5421 3335 5475 καὶ
3377 5419 3526 5472 δώσω
3548 5414 3594 5468 τὸ

2033 5518 2184 5590 ῥῆμά
2210 5536 2311 5588 μου
2343 5520 2402 5572 ἐν
2439 5518 2517 5590 τῷ
2557 5519 2786 5590 στόματι
2817 5515 3002 5580 αὐτοῦ,
3033 5515 3129 5570 καὶ
3169 5513 3392 5585 λαλήσει
3431 5510 3589 5569 αὐτοῖς

428 5667 860 5744 ιςῌκοᾶλμὲ.
937 5673 1405 5737 ⁸⁸]οιιη.›;ε‹,15.
1481 5671 1908 5736 "‘Gal.m,l5.

2050 5673 2209 5729 Num.
2247 5691 2393 5740 xnv,
2421 5675 2503 5729 l7.
2581 5676 2624 5707 "
2645 5673 2843 5744 Philip.
2885 5686 2949 5738 ll,
2985 5672 3033 5726 7.
3113 5671 3155 5704 ³⁸
3196 5668 3392 5742 Ephes.
3421 5661 3582 5731 τμη

354 5739 398 5771 ⁸³
442 5735 584 5790 Psal.
625 5753 690 5802 ιι,
726 5741 778 5795 8,
