3868 6264
237 357 381 413 1073

1269 351 1559 409 ECLOG£
1600 348 2088 406 PROPHETlCJE.
2132 374 2203 393 -—
2248 349 2375 409 LIB.
2412 351 2430 405 l

3342 342 3485 400 M76

236 472 359 525 καθ’
392 473 474 525 ὅτι
500 471 565 525 ἂν
601 470 924 543 ἐντείλωμαι
953 471 1119 543 αὐτῷ.
1152 472 1262 525 Καὶ
1289 473 1316 525 6
1352 471 1636 543 ἄνθρωπος
1662 471 1721 535 ὃς
1747 468 1795 524 ἂι

1917 470 1968 523 in
1994 470 2213 525 nomine
2251 483 2393 532 meo,
2428 469 2621 524 audire
2674 466 2934 533 noluerit,
2991 480 3091 536 ego
3149 464 3295 517 ultor
3334 462 3485 516 exsi-

239 565 315 637 μὴ
343 562 552 636 ἀκούσῃ
578 563 755 617 πάντα
777 564 877 616 ὅσα
912 562 978 617 ἂν
1018 563 1222 636 λαλήσῃ
1253 563 1281 616 6
1320 565 1606 634 προφήτης
1625 563 1717 616 ἐπὶ
1736 562 1814 633 τῷ

232 654 458 726 ὀνόματί
484 652 728 726 μου,ἐγὼ
748 655 1016 726 ἐκδικήσω
1039 655 1099 720 ἐξ
1125 654 1322 709 αὐτῶν.
1358 675 1377 707 ›
1402 656 1512 707 Καὶ
1531 654 1582 707 τί
1613 653 1812 723 μᾶλλον

231 743 345 815 ἔχοι
370 761 456 807 τις
470 746 535 798 ἐκ
550 743 644 798 τοῦ
669 743 885 816 Ἰσραὴλ
902 743 1042 798 κατὰ
1061 745 1299 798 Μωῦσέα
1331 743 1637 817 προφήτην,
1663 742 1808 796 τοῦτ’

232 835 350 889 ἔστι
401 834 719 907 νομοθέτην,
778 834 872 889 τοῦ
913 835 1023 890 τῶν
1066 834 1369 908 ἀνθρώπων
1401 835 1591 903 γένους
1613 833 1801 887 ἀναδε-

230 925 514 997 δειγμένον
540 926 824 994 ἐπιδεῖξαι,
852 927 884 1000 ἦ
920 929 1079 999 μόνον
1124 927 1331 999 Ἰησοῦν
1355 927 1445 980 τὸν
1477 928 1701 997 Σωτῆρα
1717 926 1810 979 καὶ

231 1017 436 1090 Κύριον
466 1017 643 1089 ἡμῶν,
679 1018 737 1082 ὃς
773 1020 871 1090 τῆς
915 1019 1121 1090 Καινῆς
1158 1018 1433 1089 Διαθήκης
1454 1017 1548 1070 τοῦ
1581 1017 1722 1071 κατά
1750 1016 1811 1069 τὸ

228 1110 564 1180 Εὐαγγέλιω
598 1110 716 1182 βίου
743 1111 1038 1185 νομοθέτης
1064 1112 1266 1166 ἅπασιν
1297 1112 1673 1180 ἀναπέφανται
1697 1113 1809 1174 τοῖς

228 1202 447 1269 ἔθνεσι,
504 1204 645 1258 κατὰ
684 1204 783 1275 τὴν
824 1205 884 1258 ἐν
930 1204 1130 1276 ψαλμῷ
1176 1206 1423 1276 φήσασαν
1466 1202 1808 1275 προφητικὴν

227 1294 427 1366 εὐχήν·
474 1314 493 1346 ι
538 1296 920 1367 Κατάστησον,
981 1297 1175 1367 Κύριε,
1234 1295 1533 1367 νομοθέτην
1588 1296 1802 1358 αὐτοῖς·

223 1384 519 1454 γνώτωσαν
573 1386 700 1458 ἔθνη
727 1387 809 1440 ὅτι
849 1386 1125 1460 ἄνθρωποί
1163 1388 1336 1453 είσιν;
1378 1406 1394 1438 ι
1430 1381 1596 1449 Οὗτος
1621 1385 1677 1439 δὲ
1714 1387 1808 1439 καὶ

222 1474 570 1546 ἐλυτρὼσατο
617 1479 717 1548 τῆς
750 1479 965 1548 νοητῆς,
993 1476 1291 1544 Αίγύπτου,
1334 1477 1428 1530 καὶ
1455 1477 1554 1548 τῆς
1584 1479 1641 1529 ἐν
1667 1478 1801 1547 αὐτῇ

223 1565 617 1631 πλινθοποιίας,
648 1569 749 1639 τῆς
795 1585 856 1621 τε
899 1569 1100 1639 πικρᾶς
1129 1567 1234 1621 ὑπὸ
1261 1567 1352 1621 τὸν
1383 1568 1568 1639 νοητὸν
1607 1566 1805 1638 Φαραῶ

218 1655 464 1723 δουλείας
518 1660 645 1723 τοὺς
690 1659 757 1713 δι’
815 1658 980 1713 αὑτοῦ
1023 1658 1538 1731 προ(σ)εληλυθότας
1586 1658 1664 1728 τῷ
1694 1657 1803 1711 τῶν

218 1748 358 1803 ὅλων
389 1751 508 1821 Θεῴ
527 1767 540 1781 ο
573 1751 667 1804 καὶ
711 1750 889 1805 πάντα
928 1750 984 1804 δὲ
1019 1750 1207 1814 ἀπλῶς
1236 1751 1306 1804 τὰ
1339 1750 1664 1822 σωματικῶς
1695 1750 1800 1803 ὑπὸ

1915 566 2055 611 stam
2083 557 2153 612 °°.
2186 576 2203 609 ι
2232 556 2403 623 Quem
2423 573 2551 611 vero
2583 556 2844 626 majorem
2865 571 2935 610 ex
2965 554 3155 614 Israel.
3187 558 3308 622 post
3337 551 3485 622 Moy-

1914 664 2025 703 sem
2044 648 2385 719 prophetam,
2415 647 2467 701 id
2485 654 2570 704 est
2592 648 2983 718 legislatorem,
3010 644 3289 700 hominum
3320 657 3483 713 gene-

1912 755 1971 794 re
2001 750 2202 803 ortum,
2234 740 2451 795 ostendi
2480 750 2682 810 potest,
2713 739 2822 795 nisi
2842 739 3024 795 solum
3073 736 3257 792 Jesum
3293 733 3487 790 Salva-

1910 845 2080 889 torem
2115 834 2511 905 Dominumque
2539 842 2811 901 nostrum,
2845 834 2938 905 qui
2964 831 3098 888 Novi
3127 830 3481 894 Testamenti,

1909 927 2033 981 vitae
2081 926 2385 982 secundum
2445 925 2796 997 Evangelium
2824 965 2840 991 ,
2898 924 3178 996 legislator
3227 922 3483 979 omnibus

1911 1018 2289 1074 manifestatus
2316 1027 2403 1072 est.
2426 1019 2704 1089 gentibus,
2741 1018 3039 1074 secundum
3093 1017 3240 1072 illam
3284 1015 3483 1087 psalmi

1908 1111 2209 1166 orationem
2242 1128 2254 1162 :
2292 1129 2311 1162 ι
2343 1110 2652 1174 Constitue,
2704 1109 2955 1175 Domine,
2988 1109 3352 1180 legislatorem
3381 1120 3482 1161 su-

1906 1216 2003 1270 per
2018 1217 2113 1257 eos
2134 1217 2147 1254 :
2166 1210 2225 1256 ut
2253 1202 2430 1258 sciant
2452 1212 2643 1272 gentes
2672 1202 2932 1272 quoniam
2955 1201 3206 1256 homines
3231 1206 3359 1255 sunt
3374 1198 3477 1252 ⁸³.»

1909 1292 2005 1347 Hic
2036 1304 2215 1349 autem
2267 1296 2517 1350 liberavit
2574 1294 2810 1365 spiritali
2854 1292 3109 1364 Egypto,
3136 1292 3370 1361 ejusque
3397 1290 3482 1344 la-

1907 1388 2142 1451 terariis,
2169 1398 2223 1442 et
2252 1387 2448 1442 acerba
2479 1386 2584 1442 sub
2616 1386 2850 1456 spiritali
2906 1383 3191 1439 Pharaone
3214 1382 3482 1439 servitute

1903 1486 2173 1548 quotquot
2193 1478 2313 1549 ipso
2341 1478 2482 1535 duce
2513 1477 2582 1533 ad
2611 1479 2859 1533 omnium
2889 1476 3059 1532 Deum
3091 1482 3476 1547 pervenerunt.

1904 1567 1970 1623 Et
1985 1572 2168 1624 omnia
2202 1586 2324 1641 quae
2344 1572 2698 1641 corporaliter
2717 1586 2746 1624 a
2775 1570 2961 1642 Moyse
2995 1569 3135 1625 facta
3163 1576 3478 1631 narrantur,

1905 1661 2138 1730 spiritali
2201 1662 2318 1734 lege
2354 1661 2607 1718 Salvator
2646 1662 3020 1734 Dominusque
3074 1667 3263 1715 noster
3302 1658 3480 1730 perfe-

1902 1760 1997 1806 cit.
2035 1752 2194 1809 Venit
2224 1770 2355 1826 ergo
2381 1764 2436 1809 et
2466 1770 2616 1810 nunc
2644 1755 2824 1810 adhuc
2850 1753 3203 1825 pervulgatus
3224 1760 3309 1807 est
3336 1750 3480 1820 apud

216 1809 498 1906 Μωῦσέως
523 1844 804 1911 γεγονέναι
838 1843 1046 1915 ἱστορού
1056 1809 1348 1914 μεναἿκατά
1377 1809 1469 1897 τδν
1496 1809 1795 1913 πνευματι-

1903 1842 2274 1900 Samaritanos
2288 1809 2357 1901 vet
2379 1843 2617 1911 Iudaeos,
2636 1861 2798 1916 quem
2827 1809 2881 1903 et
2901 1809 3114 1917 Moyses
3141 1844 3479 1915 praenuntia-

215 1932 313 1987 κον
353 1933 520 2005 νόμον
568 1936 596 1989 6
650 1935 839 2007 Σωτὴρ
872 1936 968 1990 καὶ
1018 1935 1220 2008 Κύριος
1258 1935 1417 2006 ἡμῶν
1451 1934 1797 2006 διεπράξατο.

227 2023 518 2096 Ἐλήλυθεν
546 2026 653 2099 ἄρα
689 2028 785 2081 καὶ
816 2029 845 2081 6
884 2027 1164 2095 διαϐόητος
1188 2026 1268 2080 ἔτι
1312 2026 1406 2081 καὶ
1438 2025 1533 2080 νῦν
1566 2027 1717 2098 παρά
1739 2043 1799 2079 τε

213 2115 527 2187 Σαμαρεῦσι
551 2119 642 2170 καὶ
656 2119 949 2183 Ἰουδαίοις,
965 2119 1025 2173 ὃν
1051 2120 1145 2173 καὶ
1168 2120 1409 2190 Μωῡσῆς
1434 2118 1799 2190 προεθέσπισε

213 2209 521 2280 προφήτης,
552 2212 681 2281 περὶ
733 2205 796 2263 οὗ
847 2210 1354 2284 προδιεμαρτύρατο
1374 2213 1403 2264 6
1432 2211 1564 2276 Θεὸς
1596 2211 1791 2282 λέγων·

216 2316 234 2346 ι
269 2298 380 2351 Καὶ
416 2300 445 2352 6
471 2299 755 2371 ἅνθρωπος
779 2301 839 2365 ὃς
866 2301 961 2354 ἐὰν
993 2302 1066 2373 μὴ
1106 2300 1315 2385 ἀκούσῃ
1340 2301 1515 2355 πάντα
1572 2302 1671 2355 ὃσα
1704 2301 1799 2356 ἐὰν

209 2387 423 2461 λαλήσῃ
458 2390 487 2442 6
513 2394 799 2463 προφήτης
828 2395 884 2446 ἐν
911 2392 989 2463 τῷ
1026 2393 1251 2463 ὀνόματί
1282 2411 1405 2464 μου,
1439 2394 1709 2467 ἐκδικήσω
1738 2396 1798 2462 ἐξ

208 2481 397 2536 αὐτοῦ.
432 2501 451 2534 ι
493 2482 862 2554 Ἐκδεδίκηταί
894 2486 946 2554 γ’
998 2481 1092 2538 οῦν
1138 2483 1200 2538 τὸ
1239 2481 1381 2557 αἷμα
1423 2487 1639 2540 πάντων
1689 2487 1797 2541 τῶν

207 2574 320 2627 ἀπὸ
352 2573 518 2627 ’Ἅϐελ
539 2574 702 2647 μέχρι
742 2577 1013 2648 Ζαχαρίου
1063 2576 1158 2629 τοῦ
1207 2577 1558 2647 φονευθέντος
1593 2580 1794 2648 μεταξὺ

205 2666 303 2721 τοῦ
329 2666 459 2722 ναοῦ
498 2670 592 2724 καὶ
638 2669 733 2724 τοῦ
761 2669 825 2741 (f.
856 2669 943 2738 M)
973 2668 1358 2742 θυσιαστηρίου
1382 2712 1397 2735 ,
1433 2672 1543 2726 ἀπὸ
1579 2673 1680 2743 τῆς
1705 2689 1797 2741 γε-

205 2760 336 2822 νεᾶς
368 2760 469 2830 τῆς
512 2762 653 2816 κατά
697 2761 948 2832 Σωτῆρος
994 2762 1382 2832 ἐπιπστάσης,
1434 2764 1528 2818 καὶ
1562 2764 1795 2834 μάλιστα

203 2849 316 2905 τῶν
345 2850 731 2924 τολμησάντων
765 2854 983 2921 ἀφεῖναι
1016 2855 1135 2907 κατ’
1169 2855 1335 2909 αὐτοῦ
1358 2855 1457 2926 τήν
1476 2874 1496 2907 ι
1526 2855 1791 2928 Σταύρου,

205 2940 445 3012 σταύρου
474 2941 634 2995 αὑτὸν
648 2962 667 2994 ι
695 2944 898 3014 φωνὴν,
918 2961 938 2994 ι
960 2939 1093 3014 Αἶρε
1117 2943 1226 2997 ἀπὸ
1247 2944 1348 3015 τῆς
1367 2945 1473 3014 γῆς
1496 2944 1591 2998 τὸν
1611 2945 1790 2999 τοιοῦ-

201 3048 318 3086 τον
343 3033 404 3086 τὸ
427 3028 567 3103 αἷμα
590 3034 755 3088 αὐτοῦ
772 3036 856 3105 ἐφ’
878 3037 1025 3106 ἡμᾶς
1053 3037 1146 3092 καὶ
1162 3037 1253 3090 ἐπὶ
1277 3038 1345 3092 τὰ
1371 3039 1535 3092 τέκνα
1559 3039 1720 3111 ήμῶν
1736 3057 1750 3070 ο
1765 3059 1785 3092 ι

201 3124 344 3197 ὅπερ
367 3125 462 3178 καὶ
490 3127 805 3197 παραυτίκα
845 3127 1056 3195 γέγονε,
1091 3124 1187 3181 τοῦ
1214 3127 1370 3192 Θεοῦ,
1396 3128 1581 3195 καθὼς
1610 3134 1793 3203 προεῖ-

1900 1938 1979 1991 vit
2013 1940 2295 2009 propheta,
2320 1940 2389 1996 de
2419 1955 2529 2010 quo
2585 1938 2730 1995 Deus
2786 1939 3161 1995 testimonium
3216 1936 3475 2000 reddidit,

1900 2029 2090 2085 dicens
2125 2046 2136 2080 :
2176 2048 2194 2080 ι
2235 2028 2342 2096 Qui
2386 2037 2565 2086 autem
2603 2030 2764 2085 verba
2817 2028 2960 2098 ejus,
2992 2043 3115 2099 quae
3137 2029 3389 2099 loquetur
3418 2028 3474 2080 in

1900 2123 2123 2177 nomine
2148 2137 2289 2187 meo,
2323 2122 2517 2177 audire
2541 2122 2804 2183 noluerit.
2833 2137 2934 2192 ego
2961 2121 3106 2175 ultor
3127 2121 3407 2176 exsistam.
3449 2137 3470 2170 ο

1900 2212 2058 2270 Ultus
2090 2222 2177 2271 est
2199 2230 2330 2286 ergo
2353 2215 2676 2286 sanguinem
2737 2214 2982 2269 omnium
3018 2212 3087 2267 ab
3114 2211 3281 2269 Abele
3304 2224 3477 2280 usque

1899 2305 1965 2359 ad
1984 2304 2306 2362 Zachariam
2323 2308 2465 2362 inter
2482 2307 2739 2377 templum
2763 2316 2815 2362 et
2836 2306 3007 2360 altare
3030 2302 3377 2359 interfectum
3394 2303 3470 2371 ";

1899 2398 2047 2453 ultus
2071 2404 2156 2453 est
2181 2397 2485 2472 Salvatoris
2547 2399 2858 2470 passionem
2904 2397 3206 2468 praesertim
3260 2395 3314 2450 in
3349 2395 3475 2451 illos

1896 2487 1992 2558 qui
2045 2487 2310 2545 adversus
2364 2504 2490 2545 eum
2524 2489 2833 2544 exclamare
2864 2486 3137 2542 audebant
3171 2501 3183 2537 :
3219 2504 3240 2538 ι
3280 2484 3476 2539 Cruci-

1897 2581 2020 2651 ﬁge,
2057 2581 2318 2652 cruciﬁge
2363 2596 2530 2648 eum;
2582 2580 2711 2636 tolle
2762 2594 2886 2636 eum
2944 2594 2975 2633 ιι
3028 2584 3175 2633 terra
3207 2575 3254 2609 ⁸³
3287 2596 3299 2631 :
3338 2590 3473 2631 san-

1894 2675 2017 2746 guis
2059 2683 2181 2745 ejus
2226 2691 2394 2746 super
2453 2689 2555 2731 nos
2589 2681 2645 2730 et
2698 2688 2864 2744 super
2899 2672 3039 2727 ﬁlios
3072 2676 3294 2728 nostros
3345 2668 3410 2725 “.
3446 2687 3467 2720 ι

1895 2764 2050 2832 Quod
2076 2775 2130 2820 et
2158 2768 2412 2836 protinus
2439 2768 2639 2830 evenit,
2662 2765 2995 2827 vindicante.
3038 2772 3099 2818 ut
3124 2763 3471 2835 praedixerat,

1897 2856 2010 2913 Deo
2041 2858 2366 2929 sanguinem
2394 2858 2599 2914 Christi
2636 2859 2690 2913 in
2729 2857 2854 2914 illos
2883 2857 3209 2926 illorumque
3246 2866 3467 2925 pueros.

1895 2947 1988 3004 Sic
2013 2950 2158 3003 enim
2182 2964 2279 3005 eos
2306 2949 2616 3018 insequitur
2636 2962 2820 3019 paena,
2852 2955 2911 3001 ut
2959 2946 3162 3002 abhinc
3189 2957 3362 3014 usque
3400 2941 3470 2997 ad

1893 3048 2370 3112 praesenstempus
2399 3056 2533 3112 gens
2563 3041 2744 3097 omnis
2772 3046 2937 3111 caput
2955 3038 3215 3095 extollere
3242 3035 3472 3093 minimo

1894 3133 2158 3204 potuerit,
2197 3132 2419 3202 impleta
2451 3139 2509 3186 et
2541 3132 2649 3186 alia
2694 3133 2863 3187 Amos
2895 3129 3180 3201 prophetia
3208 3126 3465 3183 dicente:

203 3230 332 3279 πεν,
364 3216 752 3287 ἐκδικήσαντος
778 3217 840 3271 τὸ
871 3212 1009 3290 αἷμα
1040 3220 1133 3272 τοῦ
1162 3219 1400 3291 Χριστοῦ
1426 3221 1491 3275 ἔκ
1520 3239 1581 3275 τε
1610 3222 1790 3277 αὐτῶν

1900 3244 1917 3276 ι
1949 3223 2155 3280 Domus
2204 3222 2373 3280 Israel
2421 3224 2643 3288 cecidit,
2678 3232 2733 3279 et
2778 3238 2888 3278 non
2918 3222 3138 3289 adjiciet
3166 3226 3227 3275 ut
3280 3232 3470 3275 resur-

200 3308 429 3362 ἐκείνων
460 3308 686 3363 καὶτῶν
707 3309 914 3365 τέκνων
948 3310 1148 3377 αὐτῶν,
1180 3312 1297 3382 ἅμα
1326 3330 1388 3366 τε
1424 3314 1791 3387 μετελθούσης

1900 3324 1984 3385 gat
2011 3316 2078 3369 ⁵³.
2117 3334 2135 3366 ι
2161 3314 2294 3380 Quae
2321 3323 2375 3371 et
2405 3316 2702 3385 Apostolus
2742 3315 2938 3385 spiritu
2972 3311 3297 3384 praevidens,
3330 3322 3471 3379 prae-

199 3400 404 3463 αὐτοὺς
422 3399 524 3472 τῆς
553 3400 729 3472 δίκης,
761 3402 837 3465 ὡς
867 3401 925 3467 ἐξ
955 3402 1164 3457 ἐκείνου
1193 3406 1271 3468 είς
1295 3403 1456 3476 δεῦρο
1501 3407 1625 3477 μηδ’
1655 3408 1793 3473 ὅλως

1900 3407 2102 3463 dicavit
2131 3407 2217 3463 his
2260 3407 2484 3462 verbis:
2516 3425 2535 3458 ι
2572 3405 2827 3462 Pervenit
2865 3405 3013 3462 enim
3046 3405 3127 3459 ira
3157 3403 3253 3458 Dei
3304 3414 3469 3471 super

199 3484 336 3559 ἆραι
365 3489 607 3562 κεφαλὴν
641 3490 703 3544 τὸ
730 3492 838 3545 πᾶν
882 3491 1033 3556 ἔθνος
1062 3491 1376 3564 δυνηθῆναι,
1408 3491 1793 3565 πληρωθείσης

1900 3497 2023 3554 illos
2055 3512 2231 3566 usque
2263 3497 2318 3552 in
2351 3497 2511 3552 ﬁnem
2543 3498 2610 3553 ".
2650 3516 2669 3549 ι

196 3580 299 3634 καὶ
349 3582 542 3654 ἑτέρας
585 3583 921 3654 προφητείας
964 3582 1147 3655 Ἀμῶς
1188 3584 1525 3657 φασκούσης,
1562 3603 1582 3637 ι
1618 3580 1780 3649 Οἶκος
1831 3588 2046 3660 Ἰσραὴλ
2068 3589 2373 3650 πέπτωκεν.
2399 3589 2581 3643 οὐκέτι
2631 3588 2928 3659 προσθήσει
2954 3587 3046 3641 τοῦ
3078 3586 3395 3656 ἀναστῆναι’
3442 3604 3464 3639 ι

198 3673 347 3746 ἅπερ
377 3677 471 3730 καὶ
505 3678 534 3730 6
570 3677 890 3742 Ἀπόστολος
932 3678 1010 3750 τῷ
1033 3678 1303 3750 πνεύματι
1348 3679 1605 3751 προϊδὼν,
1658 3681 2005 3756 ἀνεφώνησεν
2054 3685 2246 3749 εἰπὼν,
2295 3704 2314 3736 ι
2347 3684 2586 3755 Ἔφθασε
2640 3685 2695 3739 δὲ
2732 3687 2818 3737 ἐπ’
2884 3684 3082 3747 αὐτοὺς
3120 3686 3153 3754 ἡ
3187 3681 3324 3754 ὀργὴ
3385 3683 3469 3748 είς

194 3766 374 3832 τέλος.
416 3787 436 3820 ι

2476 3885 2704 3942 CAPUT
2736 3885 2876 3942 XVI.

2516 4000 2565 4054 E
2593 4000 2836 4056 Cantica.

720 3884 1121 3939 ΚΕΦΑΛΑΙΟΝ
1159 3887 1274 3953 ις’.

814 3995 927 4065 Τῆς
974 3995 1168 4066 ᾨδῆς-

279 4127 300 4162 ι
324 4107 702 4180 Εὐφράνθητε,
731 4110 972 4181 οὐρανοὶ,
999 4111 1113 4180 ἅμα
1142 4109 1293 4182 αύτῷ
1325 4113 1785 4185 προσκυνησάτω-

195 4218 303 4257 σαν
344 4199 517 4270 αὐτῷ
546 4200 746 4264 πάντες
793 4199 1012 4269 ἄγγελοι
1034 4200 1168 4255 θεοῦ
1193 4219 1206 4232 ·
1240 4201 1599 4274 εὐφράνθητε,
1631 4202 1783 4274 ἔθνη,

1900 4203 2177 4260 adorantes
2199 4219 2390 4261 omnes
2421 4206 2600 4276 angeli
2631 4200 3062 4271 Dei;laetamini,
3095 4218 3305 4277 gentes,
3331 4224 3458 4264 cum

199 4294 344 4367 μετά
375 4291 469 4347 τοῦ
508 4292 639 4346 λαοῦ
669 4291 857 4356 αὑτοῦ,
882 4293 975 4347 xal.
1004 4294 1444 4365 ἐνισχυσάτωσαν
1474 4292 1624 4366 αὐτῷ
1644 4296 1782 4349 πάν-

1900 4299 2093 4369 populo
2144 4297 2289 4368 ejus,
2350 4306 2405 4354 et
2463 4300 2861 4356 conﬁrmentur
2915 4301 2970 4355 in
3020 4317 3087 4357 eo
3131 4314 3323 4359 omnes
3369 4303 3465 4359 ﬁlii

192 4403 292 4451 τες
325 4383 432 4439 υἱοὶ
479 4383 636 4437 Θεοῦ.
679 4403 699 4435 ι
733 4385 841 4437 Καὶ
886 4384 992 4439 τίνι
1037 4385 1181 4456 ἄλλῳ
1222 4387 1620 4456 προσκυνήσειν
1670 4388 1783 4450 τοῖς

1900 4388 1999 4444 Dei.
2019 4391 2086 4444 ⁸⁷.
2120 4409 2139 4440 ι
2179 4389 2350 4456 Quem
2381 4391 2547 4445 alium
2599 4391 2828 4447 adorare
2856 4392 3065 4462 angelis
3097 4394 3218 4464 ejus
3272 4395 3466 4465 pacci-

194 4477 456 4548 arma;
479 4474 642 4530 αὐτοῦ
680 4476 1007 4547 προστάττοι
1033 4475 1099 4529 ἂν
1129 4477 1188 4529 τὸ
1218 4477 1361 4532 θεῖον
1393 4476 1618 4549 Πνεῦμα
1646 4479 1680 4551 ἢ
1706 4476 1784 4548 τῷ

1900 4490 2040 4553 peret
2072 4482 2310 4554 Spiritus
2333 4484 2575 4549 divinus,
2613 4484 2721 4539 nisi
2753 4484 3056 4552 Christum,
3116 4485 3276 4555 cujus
3331 4500 3466 4541 sane

194 4565 445 4642 Χριστῷ,
473 4560 532 4620 οὗ
563 4565 749 4634 σαφῶς
786 4566 879 4618 ἐπὶ
909 4568 976 4637 τῇ
1013 4566 1286 4639 παρουσίᾳ
1325 4566 1614 4639 ηὐφράνθη
1652 4568 1790 4639 μετά

1900 4575 2181 4646 praesentia
2216 4576 2409 4631 laetatae
2433 4584 2562 4631 sunt
2592 4589 2717 4629 cum
2761 4575 2966 4647 populo
2993 4575 3114 4645 ejus
3134 4583 3346 4646 gentes,
3373 4573 3465 4646 ju-

191 4659 297 4714 τοῦ
333 4657 461 4711 λαοῦ
486 4656 650 4710 αὐτοῦ
676 4655 743 4709 τά
768 4655 895 4726 ἔθνη
924 4655 1019 4709 τοῦ
1052 4655 1158 4708 τῶν
1183 4656 1404 4711 δικαίων
1436 4660 1789 4732 πατριαρχῶν

1900 4676 2098 4724 storum
2158 4668 2411 4723 videlicet
2462 4667 2901 4737 patriarcharum
2960 4668 3464 4739 prophetarumque

1964 4132 1982 4162 ι
2020 4110 2325 4177 Laetamini,
2360 4113 2508 4181 cteli,
2544 4115 2709 4169 simul
2740 4121 2867 4170 ante
2894 4130 3017 4169 eum
3042 4122 3462 4185 prosternamur

194 4754 299 4808 καὶ
329 4750 624 4825 προφητῶν
655 4749 817 4822 χοροῦ
836 4767 850 4781 ⁸
900 4751 1028 4822 περὶ
1069 4745 1145 4804 ὧν
1176 4749 1345 4805 ἐθνῶν
1392 4748 1546 4815 αὖθις
1577 4754 1669 4806 ἐπὶ
1689 4756 1789 4824 τῆς

192 4847 376 4918 αὐτῆς
431 4846 575 4919 ᾠδῆς
625 4846 701 4910 ὡς
752 4846 887 4917 πρὸς
933 4845 1119 4917 ἕτερον
1155 4845 1282 4899 λαὸν
1316 4847 1732 4918 ἀποτεινόμενος
1759 4850 1787 4901 6

195 4939 336 5003 Θεός
390 4955 575 5010 φησιν,
612 4955 633 4988 ι
669 4937 833 4990 Αὐτοὶ
889 4936 1279 5010 παρεζήλωσάν
1338 4955 1404 5008 με
1437 4940 1523 4991 ἐπ’
1553 4939 1614 4991 οὐ
1650 4938 1776 5010 θεῷ,

196 5030 564 5105 τεαρὼργισάν
610 5049 675 5105 με
705 5034 763 5085 ἐν
789 5034 899 5096 τοῖς
918 5031 1154 5097 εἰδώλοις
1174 5033 1352 5087 αὐτῶν
1376 5051 1390 5065 ο
1421 5032 1575 5103 κάγὼ
1605 5051 1780 5105 παρα-

199 5122 436 5196 ζηλώσω
490 5125 686 5187 αὐτοὺς
716 5126 815 5178 οὐκ
864 5126 950 5178 ἐπ’
997 5124 1174 5187 ἔθνει,
1227 5127 1312 5179 ἐπ’
1353 5125 1494 5180 ἔθνει
1537 5127 1782 5198 ἀσυνέτῳ

199 5214 492 5289 παροργιῶ
538 5214 755 5280 αὐτούς.
801 5234 819 5267 ι
850 5216 961 5269 Kal.
994 5216 1259 5289 πρόδηλόν
1296 5233 1361 5286 γε
1396 5218 1477 5271 ὃτι
1521 5218 1657 5289 μετά
1686 5220 1786 5292 τὴν

198 5308 430 5363 ἐκείνων
463 5306 732 5378 ἀποϐολὴν
766 5325 785 5358 ι
826 5306 896 5360 τὰ
921 5307 1079 5379 μωρά
1108 5306 1202 5361 τοῦ
1224 5309 1428 5379 κόσμου
1456 5308 1738 5375 ἐξελέξατο
1757 5312 1785 5363 6

199 5397 357 5460 Θεὸς,
386 5397 473 5450 ἵνα
495 5396 829 5470 καταισχύνῃ
857 5398 983 5458 τοὺς
1009 5399 1139 5470 παρ’
1171 5399 1398 5464 ἐκείνοις
1433 5400 1629 5471 σοφούς
1649 5417 1663 5431 ·
1688 5401 1783 5455 καὶ

196 5489 269 5543 τὰ
302 5488 501 5559 ἀσθενῆ
543 5487 637 5541 τοῦ
684 5488 888 5559 κόσμου
917 5487 1219 5556 ἐξελέξατο,
1252 5490 1347 5544 καὶ
1367 5490 1436 5544 τά
1462 5492 1652 5564 ἀγενῆ,
1688 5492 1783 5546 καὶ

196 5577 269 5631 τὰ
298 5577 717 5649 ἐξουθενημένα,
767 5582 861 5633 καὶ
910 5579 976 5634 τὰ
1006 5579 1080 5652 μὴ
1112 5580 1261 5647 ὄντα,
1302 5583 1391 5636 ἵνα
1418 5583 1487 5637 τὰ
1519 5583 1782 5656 πρότερον

1886 4761 2110 4818 chorus.
2141 4759 2219 4815 De
2238 4759 2441 4831 quibus
2462 4758 2717 4831 gentibus
2748 4775 2968 4831 quoque
3027 4760 3082 4814 in
3114 4759 3306 4815 eodem
3332 4776 3464 4815 can-

1887 4857 1999 4912 tico
2036 4856 2195 4927 quasi
2240 4855 2407 4909 alium
2431 4855 2690 4926 populum
2741 4853 3054 4925 increpans,
3088 4852 3234 4910 Deus
3275 4850 3409 4910 dicit
3444 4870 3462 4908 ;

1894 4969 1911 5001 ι
1946 4948 2053 5021 Ipsi
2084 4963 2171 5005 me
2194 4953 2634 5018 provocaverunt
2682 4945 2735 5000 in
2764 4961 2829 5001 eo
2858 4947 2954 5018 qui
2974 4941 2985 4949 ’
3005 4963 3112 5001 non
3143 4953 3262 5003 erat
3303 4948 3461 5013 deus,

1888 5050 1943 5097 et
1976 5041 2336 5096 irritaverunt
2368 5041 2424 5095 in
2457 5039 2795 5095 vanitatibus
2847 5040 2963 5095 suis
3007 5056 3019 5092 :
3060 5046 3115 5095 et
3133 5054 3234 5110 ego
3264 5055 3465 5110 provo-

1887 5133 2026 5189 cabo
2051 5148 2148 5188 eos
2204 5132 2258 5186 in
2289 5147 2355 5186 eo
2398 5131 2493 5203 qui
2527 5147 2639 5186 non
2667 5139 2751 5187 est
2808 5130 3064 5202 populus,
3108 5136 3162 5186 et
3213 5131 3268 5185 in
3302 5138 3466 5202 gente

1886 5225 2050 5280 stulta
2098 5224 2328 5279 irritabo
2372 5239 2468 5280 eos
2512 5222 2579 5277 ⁸⁸.
2632 5243 2650 5276 ›
2721 5221 2783 5278 Ει
2829 5222 3181 5279 manifestum
3244 5221 3463 5293 quidem

1892 5313 2039 5385 quod
2070 5321 2192 5383 post
2244 5312 2462 5367 illorum
2509 5312 2883 5383 rejectionem,
2923 5331 2942 5364 ι
2980 5329 3102 5383 quae
3132 5312 3298 5366 stulta
3337 5321 3467 5366 sunt

1892 5402 2081 5456 mundi
2103 5402 2265 5473 elegit
2295 5400 2460 5467 Deus,
2511 5409 2572 5457 ut
2601 5401 2900 5457 confundat
2947 5402 3261 5472 sapientes;
3294 5407 3350 5455 et
3384 5399 3468 5451 in-

1891 5493 2046 5548 ﬁrma
2083 5492 2272 5547 mundi
2324 5493 2489 5563 elegit
2528 5492 2691 5559 Deus,
2728 5502 2786 5547 ut
2829 5491 3132 5548 confundat
3164 5491 3324 5547 fortia
3358 5508 3373 5557 ;
3408 5502 3464 5546 et

1890 5583 2155 5656 ignobilia
2188 5584 2379 5640 mundi
2399 5592 2461 5640 et'
2480 5583 2914 5655 cont‘emptibilia
2937 5586 3098 5657 elegit
3128 5584 3292 5651 Deus,
3323 5591 3378 5640 et
3398 5600 3463 5639 ea

274 5732 324 5810 ’ξ
365 5734 525 5788 Deut.
561 5714 946 5810 ambigi-‘19.
1024 5739 1066 5770 ⁵¹
1109 5737 1251 5810 Ρειιιἒ
1289 5753 1340 5791 Ix
1365 5738 1501 5810 [ἓξ.
1578 5739 1624 5770 ⁸⁸
1669 5737 1795 5792 Matt

1900 5754 2066 5800 uin,
2102 5738 2205 5810 55.
2267 5738 2319 5810 ξε
2351 5736 2511 5795 Joan.
2547 5755 2674 5807 xu,
2713 5737 2766 5796 6.
2841 5742 2889 5775 ”
2928 5742 3117 5798 Matth.
3162 5756 3332 5810 XXVII,
3365 5738 3459 5798 25.

193 5801 250 5838 ”
284 5804 452 5860 Amos
486 5820 543 5872 ν,
583 5805 632 5863 l.
708 5808 754 5840 ⁵⁸
793 5806 813 5860 1
848 5805 1044 5867 Thess.
1081 5824 1152 5875 ιι,
1189 5806 1277 5866 16.
1353 5809 1398 5842 ⁵⁷
1440 5808 1598 5867 Deut.
1634 5824 1782 5865 χχχιι

1900 5811 1936 5865 i.
2012 5810 2058 5842 ⁵⁸
2097 5808 2231 5866 ibid.
2263 5808 2354 5865 21.
