3868 6264
416 284 557 351 1073

1058 268 1069 273 “
1123 286 1392 345 susse"
1430 286 1910 351 cmsammsns
1941 287 2092 344 ore.
2121 286 2300 342 PARS
2328 286 2414 342 ιιι.
2457 317 2530 328 -ε
2566 284 2977 343 exsomnes.

3522 286 3651 348 {9‘6

412 421 538 480 quas
564 421 674 461 non
707 412 855 467 sunt,
883 410 1019 458 utea
1042 416 1165 473 quae
1184 413 1334 467 sunt,
1355 403 1664 459 destrueret
1683 406 1752 457 ".
1785 424 1804 457 ι
1828 403 1969 459 Prius

2091 404 2219 473 παρ’
2248 402 2475 467 ἐκείνοις
2502 401 2632 457 ὄντα
2653 404 3002 477 καταργήσῃ⁸
3042 422 3061 453 ι
3100 404 3183 457 ὅτι
3214 403 3278 474 δὴ
3309 405 3567 477 πρότερον
3599 409 3659 462 ἐκ

413 501 600 572 igitur,
638 499 692 552 in
728 496 926 568 Moysis
960 496 1134 566 ipsius
1162 495 1523 566 temporibus,
1557 496 1719 552 idolis
1750 497 1990 552 servien-

414 600 519 655 tes,
552 590 645 645 Dei
684 590 821 643 iram
859 587 1240 645 excitaverunt
1284 595 1338 644 et
1389 598 1844 658 provocaveruut,
1894 605 1988 644 ve—

413 687 761 751 nientemque
789 680 1068 736 Christum
1104 682 1226 751 ejus
1265 696 1374 735 non
1405 690 1770 752 acceperunt;
1798 690 1987 752 gentes

413 783 592 830 autem
620 774 690 828 ab
717 788 783 828 eo
820 773 885 828 ad
919 770 1098 828 Patris
1150 770 1353 841 Deique
1399 774 1643 828 omnium
1693 773 1984 829 scientiam

411 864 677 928 adductae.
728 864 1030 921 secundum
1084 873 1405 936 praesentem
1438 868 1803 937 prophetiam,
1858 884 1983 928 cum

412 963 727 1015 sanctorum
755 957 876 1026 ejus
933 959 1134 1029 populo
1167 960 1531 1027 laetabuntur;
1559 960 1841 1016 Christum
1884 976 1988 1016 au-

413 1058 520 1106 tem
553 1050 910 1105 ﬁrmaverunt
939 1066 1131 1106 omnes
1159 1052 1255 1107 lilii
1304 1051 1423 1117 Dei,
1456 1061 1510 1108 et
1540 1054 1635 1124 qui
1665 1055 1794 1108 olim
1821 1053 1889 1110 de
1917 1069 1987 1110 eo

410 1142 896 1213 prophetaverunt,
920 1150 976 1197 et
998 1143 1092 1212 qui
1111 1151 1235 1212 post
1250 1143 1371 1214 ejus
1392 1145 1705 1209 adventum,
1738 1145 1987 1215 adoptio-

408 1233 497 1287 nis
529 1233 784 1303 spiritum
805 1233 1110 1296 consecuti,
1147 1249 1271 1288 eum
1312 1249 1411 1304 per
1444 1234 1756 1291 universam
1780 1243 1984 1290 terram

408 1323 824 1380 nuntiaverunt.
852 1323 980 1379 Haec
1011 1325 1230 1395 quidem
1272 1324 1340 1380 de
1370 1323 1780 1393 Pentateucho;
1835 1340 1984 1381 nunc

408 1427 539 1479 Vero
567 1421 862 1496 sequentes
891 1413 1188 1496 Scriptura:
1211 1416 1380 1479 libros
1406 1417 1809 1491 aggrediamur.

962 1617 1209 1687 .CAPU‘I‘
1240 1615 1404 1676 xvn.

966 1703 1052 1763 £2:
1069 1708 1235 1765 Iosue
1255 1711 1411 1765 libro.

482 1814 502 1850 ι
536 1797 673 1853 Cum
701 1808 883 1855 autem
913 1809 1060 1857 esset
1091 1800 1259 1857 Josue
1289 1803 1346 1857 in
1375 1817 1509 1875 agro
1553 1802 1709 1859 urbis
1733 1803 1974 1867 Jericho.
2012 1772 2054 1830 Β

407 1890 605 1947 levavit
636 1893 848 1959 oculos,
893 1901 948 1949 et
981 1896 1116 1951 vidit
1158 1896 1339 1949 virum
1375 1902 1612 1951 stantem
1645 1906 1835 1951 contra
1895 1911 1974 1962 se,

402 1982 748 2052 evaginatum
786 1990 1053 2040 tenentem
1078 1984 1341 2056 gladium,
1378 1988 1725 2057 perrexitque
1754 1989 1821 2043 ad
1850 2004 1976 2044 eum

401 2076 457 2126 et
485 2073 595 2126 ait:
621 2070 821 2129 Noster
849 2089 932 2139 es,
966 2090 1036 2129 an
1092 2074 1574 2132 adversariorum?
1603 2077 1707 2144 Qui
1746 2095 1977 2150 respon-

402 2159 523 2218 dit:
550 2162 906 2236 Nequaquam
936 2185 950 2222 :
984 2167 1079 2223 sed
1115 2183 1237 2223 sum
1281 2168 1539 2242 princeps
1566 2173 1842 2228 exercitus
1869 2172 1977 2229 Do-

401 2256 555 2324 mini,
590 2265 646 2312 et
678 2274 826 2313 nunc
849 2261 1033 2315 venio.
1066 2259 1276 2317 Cecidit
1317 2260 1484 2319 Josue
1533 2279 1742 2334 pronus
1772 2267 1828 2321 in
1870 2275 1980 2321 ter-

400 2360 541 2403 ram.
575 2347 641 2402 Et
669 2350 909 2407 adorans
937 2352 1012 2407 ait
1043 2372 1057 2405 :
1083 2352 1226 2419 Quid
1264 2353 1520 2411 dominus
1546 2371 1702 2412 meus
1734 2356 1980 2427 loquitur

398 2439 469 2505 ad
528 2456 746 2501 servum
800 2445 1002 2499 suum?
1055 2443 1238 2510 Solve,
1290 2446 1503 2517 inquit,
1550 2448 1976 2503 calceamentum

400 2539 552 2587 tuum
612 2533 681 2588 de
742 2535 973 2604 pedibus
1043 2537 1154 2593 tuis
1207 2555 1220 2591 ι
1287 2537 1442 2593 locus
1496 2536 1641 2591 enim
1675 2578 1690 2604 ,
1751 2539 1806 2592 in
1863 2554 1976 2608 quo

399 2631 555 2689 atas,
605 2634 832 2683 sanctus
879 2633 966 2684 est
1012 2629 1081 2684 ⁸⁸.
1133 2649 1151 2682 ι
1218 2630 1353 2697 Quis
1417 2633 1558 2689 alius
1609 2649 1731 2691 esse
1790 2643 1977 2705 posset

403 2714 656 2787 princeps
719 2720 998 2790 copiarum
1055 2720 1320 2786 Domini,
1375 2725 1484 2780 nisi
1544 2725 1798 2781 Christus
1858 2725 1973 2789 Dei.

402 2808 642 2865 universi
690 2811 803 2866 dux
857 2815 1036 2868 sancti
1088 2815 1469 2888 spiritalisque
1527 2816 1621 2873 Dei
1658 2818 1977 2875 exercitus?

401 2894 533 2954 l'lud
583 2902 747 2956 etiam
795 2904 1034 2966 attende.
1090 2921 1272 2962 annon
1310 2908 1453 2963 idem
1509 2910 1604 2979 qui
1658 2908 1828 2981 Moysi
1875 2924 1975 2979 per

403 2994 653 3061 angelum
710 2996 1093 3052 manifestatus
1142 3000 1199 3054 in
1244 3008 1429 3056 monte
1457 3017 1523 3056 ex
1584 3002 1718 3072 ipsis
1774 3003 1843 3058 ad
1874 3002 1972 3058 Jo-

396 3095 496 3136 sue
540 3084 721 3139 verbis
766 3086 1190 3144 demonstratur.
1238 3089 1372 3157 Qua)
1416 3093 1561 3146 enim
1619 3094 1747 3149 huic
1797 3110 1968 3162 nunc,
1998 3120 2038 3176 ε

397 3172 513 3227 haec
536 3181 591 3229 et
613 3174 783 3248 Moysi
806 3178 1061 3235 similiter
1084 3181 1140 3236 in
1170 3183 1349 3252 prima
1372 3182 1441 3237 ad
1469 3199 1592 3238 eum
1617 3184 1832 3241 Domini
1853 3202 1972 3241 ma-

392 3265 748 3326 nifestatione
775 3286 873 3342 per
905 3273 1157 3343 angelum
1188 3275 1334 3330 dicta
1389 3288 1539 3339 sunt,
1588 3297 1607 3329 ι
1650 3276 1812 3336 Solve
1858 3283 1973 3337 cals

394 3367 740 3415 eeamentum
768 3369 922 3417 tuum
940 3364 1007 3420 de
1036 3367 1265 3437 pedibus
1286 3370 1418 3434 tuis,
1445 3390 1465 3422 ι
1484 3379 1539 3426 et
1560 3381 1774 3428 caetera.
1800 3373 1966 3431 Multa

390 3460 521 3519 sunt
546 3452 769 3510 Christo
798 3455 892 3512 Dei
918 3459 1139 3514 nomina
1173 3477 1185 3512 :
1214 3478 1363 3519 nunc
1418 3466 1659 3535 seipsum
1696 3485 1715 3519 ι
1752 3467 1967 3524 Domini

388 3544 664 3605 exercitus
707 3547 1010 3619 principem
1042 3570 1061 3601 ι
1098 3551 1378 3621 declarat;
1441 3563 1606 3625 atque
1665 3558 1719 3611 in
1771 3558 1912 3613 Isaia
1947 3600 1962 3625 ,

393 3651 417 3687 ι
454 3635 634 3705 magni
667 3637 885 3692 consilii
929 3640 1216 3709 Angelum,
1262 3662 1279 3695 ι
1329 3643 1434 3699 hoc
1472 3646 1530 3700 in
1572 3647 1696 3702 loco
1732 3666 1745 3701 :
1782 3667 1801 3699 ι
1834 3646 1966 3703 Om—

385 3726 475 3781 nis
503 3726 739 3783 violenta
769 3730 1031 3799 przedatio
1070 3734 1174 3788 erit
1216 3736 1271 3789 in
1314 3737 1749 3794 combustionem
1778 3748 1833 3794 et
1887 3740 1961 3795 ci-

384 3819 493 3876 bus
532 3818 693 3889 ignis.
728 3818 998 3878 Parvulus
1022 3825 1166 3879 enim
1202 3836 1365 3884 natus
1415 3837 1498 3884 est
1528 3830 1708 3895 nobis,
1736 3839 1791 3886 et
1819 3831 1962 3888 ﬁlius

384 3909 547 3972 datus
574 3921 657 3967 est
680 3913 862 3980 nobis,
894 3922 950 3969 et
980 3915 1158 3975 factus
1183 3928 1268 3975 est
1304 3921 1646 3992 principatus
1673 3939 1837 3993 super
1859 3924 1962 3979 hu-

384 4016 595 4067 merum
640 4004 761 4083 ejus
805 4023 818 4074 ;
860 4017 914 4067 et
957 4009 1239 4076 vocabitur
1288 4028 1484 4079 nomen
1528 4015 1720 4083 ejus...
1777 4017 1958 4087 magni

381 4096 599 4157 consilii
616 4095 858 4175 Angelus
875 4098 1014 4155 ⁶¹·⁶¹.
1030 4121 1048 4154 ι
1068 4101 1316 4171 Invenies
1333 4114 1387 4159 et
1405 4106 1459 4160 in
1483 4105 1748 4175 Malaehia
1778 4108 1957 4177 ipsum

387 4203 407 4236 ‹
445 4184 711 4267 Angelum
743 4192 1052 4245 testamenti
1088 4193 1134 4224 ”
1169 4212 1187 4244 ι
1238 4201 1514 4259 vocatum,
1557 4196 1649 4266 ubi
1711 4198 1908 4268 legitur
1939 4213 1951 4247 :

387 4290 409 4330 ι
444 4273 513 4329 Ει
544 4264 742 4332 ειιιιίιιι
786 4279 965 4335 veniet
1009 4282 1076 4336 ad
1119 4284 1382 4353 templum
1422 4300 1583 4340 suum
1610 4264 1952 4354 Dominator,

379 4384 541 4453 quem
586 4386 685 4426 vos
719 4372 985 4442 quaeritis,
1042 4384 1098 4429 et
1123 4375 1366 4462 Angelus
1412 4380 1748 4448 testamenti,
1790 4396 1952 4452 quem

378 4473 478 4525 vos
506 4462 674 4531 vultis
700 4463 767 4517 “.
805 4482 825 4528 ι

943 4579 1175 4644 CAPUT
1198 4580 1383 4639 XVIII.

523 4663 568 4718 Ε
586 4667 759 4733 primo
784 4666 977 4740 Regum
1006 4670 1162 4737 libro,
1199 4688 1264 4726 ea:
1289 4677 1458 4730 Anna:
1484 4677 1805 4744 precatione.

452 4773 471 4805 ι
508 4752 773 4814 Dominus
814 4759 1063 4814 ascendit
1092 4761 1149 4815 in
1178 4763 1350 4818 ccelos
1384 4771 1439 4818 et
1481 4766 1678 4820 tonuit.
1713 4765 1834 4837 Ipse
1860 4768 1949 4839 ju~

372 4845 581 4911 dicabit
609 4848 746 4904 lines
784 4856 963 4921 terrm,
985 4858 1038 4906 et
1067 4851 1219 4917 dabit
1253 4853 1539 4925 imperium
1595 4857 1708 4927 regi
1739 4873 1861 4924 suo,
1895 4867 1950 4914 et

373 4938 691 4995 sublimabit
743 4957 915 5001 cornu
960 4942 1165 5009 Christi
1210 4946 1294 5001 sui
1341 4947 1408 5002 ⁸⁸.
1451 4967 1469 5000 ι
1521 4948 1625 5025 Qui
1668 4949 1738 5004 de
1790 4949 1948 5005 caelis

372 5033 734 5099 descenderat
762 5033 1029 5101 Dominus
1077 5036 1172 5093 Dei
1209 5036 1469 5108 Verbum,
1502 5040 1619 5123 ipse
1663 5056 1859 5098 rursus
1890 5043 1945 5097 in

369 5126 543 5189 C(BIOS
561 5126 840 5195 ascendit;
864 5134 916 5192 et
937 5142 1062 5182 cum
1082 5128 1442 5209 ascendisset,
1468 5131 1649 5186 divina
1673 5141 1947 5215 potestate

370 5232 469 5282 sua
515 5217 889 5289 evangelicum
942 5221 1194 5287 nuntium
1242 5223 1443 5289 tonuit,
1497 5225 1640 5291 utin
1689 5227 1945 5285 universa

367 5314 516 5369 terra
545 5311 791 5379 auditum
827 5313 977 5377 illum
1029 5312 1286 5381 ciliceret.
1324 5315 1443 5386 Ipse
1470 5330 1648 5383 autem
1675 5319 1946 5388 judicabit

368 5397 505 5454 ﬁnes
537 5411 696 5465 terrae
725 5413 779 5463 et
821 5413 1090 5476 quotquot
1143 5408 1289 5471 intra
1341 5425 1436 5465 eos
1490 5410 1758 5478 habitant,
1790 5417 1942 5477 omni

362 5483 571 5552 judicio
621 5507 651 5557 ῃ
700 5492 861 5556 Patre
911 5502 1154 5569 accepto.
1212 5494 1316 5555 Sed
1367 5499 1530 5557 etiam
1568 5499 1738 5562 robur
1787 5501 1939 5568 dedit

438 5638 540 5719 "J
573 5644 697 5709 Cor.
758 5663 797 5719 ι,ι
831 5648 919 5701 9.7.

1035 5651 1078 5682 ⁶⁰
1117 5648 1231 5717 Jos,
1283 5668 1335 5718 v,
1392 5655 1573 5720 Ili-I6,

357 5717 437 5773 ll.
482 5708 562 5771 ιο.

1680 5657 1796 5691 σιω
1837 5656 1941 5723 15³,
2000 5675 2087 5732 η,

2090 493 2199 547 τῶν
2249 494 2414 548 αὑτοῦ
2439 494 2722 559 Μωῦσὲως
2752 496 2958 567 χρόνων
3004 494 3243 559 εἰδώλοις
3293 495 3655 568 λατρεύοντες,

2091 587 2185 641 καὶ
2225 587 2316 640 τὸν
2369 586 2501 643 Θεὸν
2560 586 2985 660 παροργίζοντες
3046 587 3141 641 καὶ
3192 586 3659 658 παραζηλοῦντες,

2090 679 2313 734 ἐλθόντα
2371 678 2535 734 αὑτοῦ
2581 680 2673 732 τὸν
2713 680 2946 750 Χριστὸν
2987 680 3088 733 οὑκ
3118 680 3366 746 ἐδέξαντο
3388 698 3402 710 ·
3436 681 3574 735 ἀλλὰ
3601 684 3663 736 τὰ

2091 771 2218 843 ἔθνη
2273 789 2338 841 γε
2378 772 2445 825 δι’
2485 772 2649 827 αὑτοῦ
2688 774 2779 829 τὸν
2822 773 3040 845 Πατέρα
3078 772 3172 826 καὶ
3212 772 3346 827 Θεὸν
3377 772 3490 826 τῶν
3537 774 3662 830 ὅλων

2091 860 2378 928 ἐπιγνόντα
2432 860 2572 914 κατά
2609 860 2705 932 τὴν
2731 863 2789 917 ὲν
2811 863 2967 933 χερσὶ
3000 863 3336 934 προφητείαν
3360 864 3664 936 εὐφρανθή-

2091 965 2242 1003 σεται
2267 949 2406 1020 μετὰ
2425 949 2521 1003 τοῦ
2557 949 2664 1004 τῶν
2698 950 2869 1019 ἁγίων
2900 950 3029 1004 λαοῦ
3077 950 3242 1005 αὑτοῦ
3267 968 3282 981 ’
3313 952 3407 1006 τὸν
3436 951 3663 1023 Χριστὸν

2086 1039 2141 1099 δὲ
2178 1041 2272 1094 καὶ
2293 1040 2582 1111 ἐνίσχυσαν
2618 1041 2817 1105 πάντες
2854 1043 2901 1094 οἱ
2933 1041 3040 1098 υἱοὶ
3066 1040 3158 1102 τοῦ
3186 1040 3346 1107 Θεοῦ,
3376 1042 3434 1096 οἵ
3449 1060 3512 1095 τε
3543 1044 3664 1116 πρό.

2085 1149 2242 1204 τερον
2271 1132 2340 1187 τὰ
2375 1134 2506 1206 περὶ
2545 1134 2707 1189 αὑτοῦ
2752 1134 3241 1205 προφητεύσαντες,
3276 1136 3372 1191 καὶ
3394 1136 3513 1190 ὅσοι
3538 1138 3666 1208 μετά

2083 1222 2182 1294 τὴν
2204 1223 2507 1305 παρουσίαν
2549 1224 2712 1277 αὑτοῦ
2738 1224 2798 1277 τὸ
2841 1223 3057 1296 πνεῦμα
3080 1225 3177 1297 τῆς
3198 1224 3474 1290 υἱοθεσίας
3496 1230 3668 1300 χωρή-

2087 1330 2299 1379 σαντες,
2336 1316 2429 1369 ὲπὶ
2461 1318 2640 1370 πᾶσαν
2682 1316 2844 1370 αὑτὸν
2893 1315 3165 1389 ἐκήρυξαν
3196 1318 3292 1391 τὴν
3318 1321 3663 1400 οἰκουμένην.

2084 1408 2165 1461 Τά
2203 1407 2302 1479 μὲν
2331 1408 2396 1480 δὴ
2429 1408 2536 1462 ἀπὸ
2568 1409 2665 1480 τῆς
2688 1409 3055 1481 Πεντατεύχου
3088 1410 3324 1469 τοσαῦτα
3346 1428 3362 1445 ·
3396 1412 3665 1486 μετίωμεν

2084 1500 2141 1555 δὲ
2164 1501 2260 1563 καὶ
2285 1500 2378 1559 ἐπὶ
2409 1501 2508 1570 τὰς
2542 1501 2668 1574 ἑξῆς
2701 1503 2944 1573 Γραφάς.

2613 1614 3007 1668 ΚΕΦΑΛΑΙΟΝ
3042 1616 3139 1669 IZ'.

2411 1705 2544 1764 Ἀπὸ
2575 1704 2690 1775 τῆς
2724 1706 2828 1761 τοῦ
2875 1707 3068 1774 Ἰησοῦ
3093 1707 3345 1777 γραφῆς.

2160 1813 2178 1844 ι
2215 1796 2324 1853 Καὶ
2353 1795 2584 1868 ἐγενήθη
2616 1796 2690 1861 ὡς
2718 1792 2785 1868 ἦν
2825 1797 3029 1868 Ἰησοῦς
3062 1800 3119 1852 ὲν
3162 1799 3393 1871 Ἱεριχὼ,
3417 1802 3513 1854 καὶ
3535 1803 3666 1855 ἀνα-

2083 1884 2286 1957 ϐλέψας
2317 1889 2418 1959 ὁρᾷ
2447 1887 2733 1960 ἄνθρωπον
2762 1889 3031 1960 ἑστηκότα
3052 1891 3335 1945 κατέναντι
3360 1893 3545 1958 αὑτοῦ,
3572 1897 3666 1949 καὶ

2079 1983 2111 2051 ἡ
2141 1984 2386 2052 ρομφαῑα
2415 1981 2736 2053 ἐσπασμένη
2768 1984 2827 2041 ἐν
2858 1985 2925 2052 τῇ
2955 1982 3099 2054 χειρὶ
3127 1983 3313 2038 αὑτοῦ.
3352 1986 3463 2038 Καὶ
3496 2004 3664 2057 προσ-

2082 2072 2250 2127 ελθὼν
2294 2073 2522 2145 Ἰησοῦς,
2563 2069 2738 2138 εἶπεν,
2780 2074 3076 2147 Ἦμέτερος
3118 2070 3188 2142 εἴ,
3220 2076 3254 2146 ἢ
3299 2076 3411 2131 τῶν
3435 2079 3666 2132 ὑπεναν-

2078 2166 2246 2232 τίων;
2284 2167 2395 2220 Καὶ
2423 2162 2575 2219 εἶπεν
2623 2165 2793 2236 αὐτῷ,
2838 2166 2979 2235 Ἐγὼ
3029 2168 3467 2239 ἀρχιστράτηγος
3503 2171 3667 2226 δυνά-

2084 2276 2228 2328 μεως
2262 2260 2469 2331 Κυρίου
2523 2260 2640 2313 νυνὶ
2687 2260 3059 2331 παραγέγονα.
3087 2261 3199 2314 Καὶ
3234 2262 3439 2331 Ἰησοῦς
3465 2265 3665 2318 ἔπεσεν

2080 2351 2172 2408 ἐπὶ
2196 2352 2484 2424 πρόσωπον
2509 2352 2602 2404 ἐπὶ
2631 2350 2730 2423 τὴν
2751 2352 2874 2423 γῆν,
2907 2352 3003 2405 καὶ
3023 2348 3174 2406 εἶπεν
3195 2354 3363 2425 αὐτῷ,
3393 2355 3666 2420 Δέσποτα,

2076 2444 2128 2497 τί
2154 2444 2517 2516 προστάσσεις
2544 2443 2624 2515 τῷ
2658 2444 2737 2514 σῷ
2758 2444 2979 2518 οἰκέτης
3001 2446 3109 2498 Καὶ
3129 2446 3277 2514 λέγει
3306 2446 3666 2518 δάρχιστρά-

2077 2554 2243 2607 τηγος
2269 2537 2475 2607 Κυρίου
2506 2536 2644 2609 πρὸς
2677 2535 2902 2607 Ἰησοῦν,
2927 2536 3100 2590 Λὺσαι
3125 2537 3189 2590 τὸ
3208 2538 3455 2609 ὑπόδημα
3488 2538 3548 2605 (ί.
3586 2539 3661 2594 14

2075 2630 2153 2694 νυ)
2183 2627 2248 2683 ἐκ
2270 2625 2378 2680 τῶν
2411 2625 2584 2681 ποδῶν
2611 2642 2726 2690 σου,
2754 2627 2783 2679 6
2810 2625 2917 2697 γὰρ
2933 2625 3115 2690 τόπος,
3138 2626 3196 2679 ὲν
3226 2619 3271 2694 ᾧ
3298 2628 3362 2680 σὺ
3391 2628 3662 2698 ἕστηκας,

2074 2719 2238 2781 τόπος
2265 2718 2419 2787 ἅγιός
2446 2721 2584 2776 ἐστι.
2626 2739 2645 2770 ι
2679 2718 2788 2771 Καὶ
2817 2718 2902 2781 τίς
2921 2717 2985 2770 ἂν
3013 2716 3171 2781 ἄλλος
3193 2718 3280 2788 εἴη
3306 2720 3334 2771 6
3356 2719 3667 2799 ἀρχιστρά-

2073 2823 2241 2877 τηγος
2294 2807 2575 2878 δυνάμεως
2626 2807 2852 2879 Κυρίου,
2887 2807 2921 2878 ἢ
2961 2809 2990 2861 6
3016 2807 3249 2880 Χριστὸς
3305 2807 3394 2861 τοῦ
3431 2808 3597 2873 Θεοῦ,
3632 2813 3664 2864 ό

2075 2895 2256 2967 πάσης
2283 2895 2468 2967 ἄρχων
2498 2896 2659 2966 ἁγίας
2683 2899 2777 2953 καὶ
2803 2898 3176 2969 πνευματικῆς
3196 2898 3290 2952 τοῦ
3321 2899 3451 2952 Θεοῦ
3485 2916 3665 2970 στρα-

2072 2988 2230 3051 τιᾶς;
2257 2987 2399 3057 Ὅρα
2418 2987 2476 3040 δὲ
2508 2987 2583 3058 μὴ
2611 2989 2660 3040 εἰ
2683 2988 2772 3041 καὶ
2798 2989 2826 3040 6
2852 2988 3015 3053 αὑτὸς
3035 2992 3063 3043 6
3093 2990 3285 3061 καὶτῷ
3313 2991 3531 3045 Μωῦσεί
3558 2992 3662 3048 διὰ

2074 3079 2166 3133 τοῦ
2227 3080 2459 3149 ἀγγέλου
2513 3083 2856 3154 χρηματίσας
2892 3084 2949 3136 ὲν
2984 3082 3061 3155 τῷ
3096 3084 3210 3155 ὄρει
3241 3085 3348 3138 ἀπὸ
3374 3084 3482 3138 τῶν
3510 3086 3665 3157 πρὸς

2073 3173 2163 3229 τὸν
2221 3171 2435 3242 Ἰησοῦν
2482 3172 2654 3242 λόγων
2700 3175 3057 3244 ὑποφαίνεται
3082 3194 3095 3207 ’
3137 3176 3281 3249 ἅπερ
3319 3178 3423 3250 γὰρ
3469 3162 3662 3252 τούτῳ

2073 3260 2189 3325 νῦν,
2212 3265 2386 3321 ταῦτα
2416 3266 2510 3327 καὶ
2540 3267 2974 3337 Μωῦσεῖόμοίως
2990 3269 3276 3341 ἀρχομένῳ
3299 3269 3395 3340 τῆς
3412 3270 3659 3343 θεωρίας

2073 3357 2208 3428 πρὸς
2239 3358 2330 3414 τοῦ
2376 3359 2581 3429 Κυρίου
2626 3359 2712 3414 διὰ
2755 3360 2847 3417 τοῦ
2882 3361 3110 3430 ἀγγέλου
3145 3363 3358 3434 είρηται
3390 3365 3531 3417 κατὰ
3558 3367 3653 3430 τὸ,

2076 3467 2095 3500 ι
2123 3448 2298 3502 Λύσαι
2322 3449 2383 3504 τὸ
2400 3450 2652 3521 ὑπόδημα
2680 3453 2745 3503 ἐκ
2771 3450 2879 3505 τῶν
2896 3451 3070 3505 ποδῶν
3098 3470 3214 3518 σου,
3247 3473 3267 3506 ι
3288 3455 3379 3507 καὶ
3400 3455 3470 3507 τὰ
3492 3455 3649 3526 ἑξῆς.

2071 3542 2429 3614 Πολυώνυμος
2481 3543 2540 3603 δέ
2590 3561 2674 3608 τις
2706 3545 2965 3616 ὑπάρχων
3005 3549 3034 3600 6
3076 3547 3309 3618 Χριστὸς
3351 3547 3444 3605 τοῦ
3480 3549 3652 3616 Θεοῦ,

2070 3634 2162 3690 νῦν
2181 3654 2201 3690 ι
2231 3637 2689 3711 Ἀρχιστράτηγος
2713 3639 2993 3709 δυνάμεως
3010 3639 3214 3711 Κυρίου
3234 3661 3252 3692 ι
3282 3642 3651 3712 χρηματίζει⁹

2066 3727 2141 3791 ὡς
2160 3728 2253 3781 καὶ
2278 3729 2334 3782 ἐν
2349 3729 2561 3801 Ἡσαΐᾳ.
2586 3750 2603 3781 ι
2619 3731 2860 3801 μεγάλης
2892 3730 3083 3801 βουλῆς
3102 3733 3362 3802 Ἀγγελος
3381 3751 3394 3763 ·
3422 3753 3441 3785 ι
3458 3737 3519 3788 ὲν
3542 3735 3650 3806 τῷ,

2073 3836 2090 3867 ι
2114 3819 2225 3871 Kal
2256 3818 2570 3890 θελήσουσιν
2590 3823 2637 3874 εί
2670 3821 2914 3889 ἐγένοντο
2945 3823 3321 3892 πυρίκαυστοι.
3352 3824 3473 3877 Ὀτι
3508 3842 3647 3877 παι-

2064 3906 2173 3963 δίον
2212 3909 2473 3981 ἐγεννήθη
2512 3912 2665 3982 ἡμῖν,
2690 3910 2805 3974 υίὸς
2842 3911 2935 3964 καὶ
2966 3911 3121 3985 ἐδόθη
3152 3915 3305 3984 ἡμῖν,
3336 3907 3398 3966 οὗ
3429 3914 3463 3985 ἡ
3494 3914 3646 3986 ἀρχὴ

2066 4000 2159 4053 ἐπὶ
2189 3999 2283 4054 τοῦ
2333 4001 2483 4072 ὤμου
2533 4002 2718 4068 αὑτοῦ,
2755 4004 2846 4057 καὶ
2880 4004 3121 4059 καλεῖται
3143 4005 3203 4058 τὸ
3228 4005 3399 4076 ὄνομα
3442 4006 3640 4069 αὑτοῦ,

2068 4091 2309 4163 μεγάλης
2343 4091 2539 4163 βουλῆς
2575 4092 2856 4162 Ἄγγελος.
2897 4114 2916 4146 ι
2942 4095 3136 4167 Εὖροις
3182 4095 3226 4149 δ’
3253 4094 3320 4149 ἂν
3355 4095 3451 4150 καὶ
3483 4097 3646 4167 ἐντῷ

2062 4181 2319 4253 Μαλαχίᾳ
2345 4203 2364 4235 ι
2395 4183 2656 4251 ’Ἄγγελον
2681 4185 2944 4257 διαθήκης
2979 4205 2998 4237 ι
3029 4186 3188 4240 αὑτὸν
3213 4185 3638 4259 ὀνομαζόμενον,

2062 4272 2191 4325 ἔνθα
2213 4273 2448 4342 λέγεται,
2486 4293 2504 4324 ι
2543 4274 2652 4327 Καὶ
2680 4275 2936 4347 ἐξαίφνης
2955 4276 3074 4349 ἥξει
3092 4278 3172 4341 εἰς
3201 4278 3291 4331 τὸν
3315 4278 3443 4332 ναδν
3469 4278 3642 4332 αὑτοῦ

2062 4364 2285 4435 Κύριος,
2330 4365 2387 4418 ὃν
2417 4366 2574 4436 ὑμεῖς
2610 4366 2844 4438 ζητεῖτε,
2872 4371 2965 4424 καὶ
2993 4372 3022 4423 6
3049 4371 3314 4440 Ἀγγελος
3332 4372 3431 4443 τῆς
3452 4371 3645 4444 διαθήο

1984 4473 2030 4539 Ι)
2062 4472 2185 4527 κης,
2211 4457 2270 4511 ὃν
2301 4459 2459 4537 ὑμεῖς
2491 4458 2693 4515 θέλετε.
2733 4480 2753 4513 ι

2570 4596 2961 4661 ΚΕΦΑΛΑΙΟΝ
2991 4600 3097 4652 IH’.

2106 4682 2201 4741 Ἐκ
2233 4680 2339 4750 τῆς
2368 4691 2421 4737 a'
2452 4684 2573 4747 τῶν
2606 4686 2959 4745 Βασιλειᾶηρ.
2996 4687 3109 4756 Τῆς
3138 4688 3327 4758 εὐχῆς
3359 4692 3589 4755 Ἅννας.

2132 4794 2151 4826 σ
2191 4775 2394 4848 Κύριος
2428 4778 2595 4848 ἀνέϐη
2646 4780 2726 4842 εἰς
2764 4779 3064 4850 οὐρανοὺς,
3121 4782 3217 4835 καὶ
3268 4782 3627 4854 ἐϐρόντησενο

2057 4865 2222 4932 αὑτὸς
2250 4870 2428 4939 κρινεῖ
2452 4870 2597 4943 ἄκρα
2627 4870 2732 4944 γῆς
2758 4912 2773 4935 ,
2802 4873 2896 4926 καὶ
2933 4871 3092 4937 δώσει
3131 4874 3285 4944 ἰσχὺν
3326 4877 3438 4938 τοῖς
3472 4874 3627 4945 βασι-

2055 4956 2240 5021 λεῦσιν
2281 4961 2457 5031 ἡμῶν,
2508 4963 2602 5015 καὶ
2631 4963 2838 5033 ὑψώσει
2883 4953 3050 5036 κέρας
3079 4965 3317 5036 Χριστοῦ
3374 4965 3550 5020 αὑτοῦ.
3596 4986 3619 5019 ι

2062 5049 2120 5103 'O
2155 5053 2403 5123 καταϐὰς
2430 5056 2492 5109 ἐκ
2517 5055 2625 5109 τῶν
2660 5056 2903 5129 οὐρανῶν
2936 5058 3138 5129 Κύριος
3162 5060 3191 5111 6
3215 5058 3311 5111 τοῦ
3358 5060 3492 5113 Θεοῦ
3522 5059 3628 5111 Ad-

2049 5160 2167 5211 γος,
2200 5145 2362 5207 αὐτὸς
2390 5146 2553 5211 πάλιν
2581 5148 2920 5220 ἀναϐέϐηκεν
2943 5153 3021 5214 είς
3040 5149 3304 5220 οὐρανούς
3324 5166 3339 5181 ⁸
3375 5151 3470 5204 καὶ
3487 5152 3623 5205 ἀνα-

2053 5233 2152 5298 ϐὰς
2180 5235 2504 5309 ἐϐρόντησεν
2531 5241 2597 5311 τῇ
2615 5239 2756 5309 ,θείῳ
2783 5240 2977 5304 ἑαυτοῦ
2998 5240 3222 5311 δυνάμει
3255 5241 3316 5294 τὸ
3341 5240 3623 5309 εὐαγγελι-

2054 5325 2148 5378 κὺν
2182 5327 2461 5402 κήρυγμα,
2495 5328 2571 5393 ὡς
2597 5329 2917 5394 ἐξάκουστον
2950 5332 3084 5385 αὑτὸ
3121 5330 3374 5399 γενέσθαι
3418 5333 3475 5385 ἐν
3509 5330 3621 5399 ὂλῳ

2052 5414 2129 5489 τῷ
2163 5417 2352 5488 κόσμῳ
2371 5436 2386 5450 ·
2417 5419 2580 5486 αὑτὸς
2607 5422 2663 5475 δὲ
2697 5426 2871 5495 κρινεῖ
2900 5424 3045 5497 ἄκρα
3074 5425 3176 5495 γῆς
3221 5426 3317 5485 καὶ
3345 5425 3468 5488 τοὺς
3510 5421 3619 5492 μέ·-

2049 5524 2138 5579 χρι
2170 5510 2373 5574 τούτων
2410 5513 2712 5578 οἰκοῦντας,
2749 5515 2823 5580 ὡς
2848 5517 3026 5570 πᾶσαν
3054 5515 3290 5587 εἰληφὼς
3318 5517 3416 5588 τὴν
3438 5513 3617 5586 κρίσιν

2311 5667 2353 5700 ⁸³
2394 5666 2620 5732 Μίιιορῒι.
2675 5685 2764 5735 ιιι,
2820 5670 2871 5724 Ι.
2977 5672 3022 5709 ⁸⁵
3076 5672 3205 5738 ibid.
3310 5675 3355 5705 “
3402 5674 3419 5728 1
3473 5668 3605 5739 Reg.
