3868 6264
210 311 335 369 1077

1206 304 1507 362 ECLOGA)
1543 297 2029 360 PROPHETICE.
2069 324 2115 340 -ο
2176 296 2288 353 LIB
2349 296 2393 351 l.

3291 282 3426 338 1078

209 421 345 493 παρά
372 416 463 472 τοῦ
501 416 741 487 Πατρός·
767 416 901 470 ἀλλὰ
943 417 1036 472 κα).
1064 416 1263 471 ἔδωκεν
1296 419 1447 490 ἰσχὺν
1486 422 1597 483 τοῖς
1632 420 1746 471 ἑαυ-

1855 414 2139 484 discipulis
2160 411 2298 472 suis,
2329 405 2593 479 apostolis
2624 408 2679 458 et
2726 397 3028 472 prophetis.
3055 395 3153 467 qui
3182 410 3283 452 nos
3336 410 3424 447 re-

207 513 291 569 τοῦ
337 511 432 584 μὲν
488 508 774 579 μαθηταῖς,
809 509 1126 575 ἀποστόλοις
1182 527 1241 564 τε
1292 511 1389 564 καὶ
1435 511 1758 583 προφήταις,

207 604 353 677 ἡμῶν
381 595 763 671 δὲ’βάσιλεῦσι,
795 602 889 654 καὶ
917 600 1100 672 ὖψωσε
1130 604 1192 657 τὸ
1211 604 1382 675 κέρας
1401 602 1496 656 τοῦ
1526 603 1759 676 Χριστοῦ

207 693 378 755 αὑτοῦ,
411 692 528 763 ἦτοι
575 690 670 745 τοῦ
702 690 857 756 λαοῦ,
914 695 1116 765 μετοχῇ
1157 692 1253 746 τοῦ
1309 691 1545 766 Χριστοῦ
1589 691 1759 757 οὕτως

207 782 610 858 ὀνομαζομένου,
659 783 692 855 ἢ
717 778 777 839 οὗ
809 783 1095 855 ἀνείληφεν
1120 784 1476 857 ἀνθρωπίνου,
1506 777 1566 838 οῦ
1592 785 1760 856 κέρας

205 875 266 949 ἦν
292 879 324 948 ἡ
349 876 534 946 θεότης
553 875 826 945 ὑψωθείσα
852 875 994 930 κατά
1018 876 1110 930 τὸν
1139 875 1281 949 ἱερὸν
1296 875 1635 930 ’Δπόστολοψ
1663 876 1757 929 καὶ

204 973 257 1025 ὲν
281 967 614 1040 ὀγδοηκοπῷ
643 967 700 1022 δὲ
729 968 899 1039 ὀγδόῳ
930 968 1130 1040 ψαλμῷ
1157 968 1343 1038 σαφῶς
1366 968 1428 1021 τὸ
1467 968 1754 1040 παραπλή-

205 1078 306 1115 σιον
330 1060 404 1132 τῷ
435 1060 619 1115 ἐνθάδε
646 1059 887 1131 περὶτοῦ
913 1060 1150 1133 Χριστοῦ
1178 1063 1207 1115 ὁ
1225 1061 1356 1121 Θεός
1384 1077 1567 1133 φησιν,
1599 1078 1618 1112 ι
1646 1061 1755 1114 Καὶ

204 1156 255 1208 έν
279 1152 353 1225 τῷ
377 1151 598 1223 ὀνόματί
633 1169 732 1223 μου
757 1151 1101 1223 ὑψωθήσεται
1129 1151 1190 1205 τὸ
1216 1152 1383 1225 κέρας
1410 1153 1597 1210 αὑτοῦ.
1643 1173 1662 1209 ι

702 1243 974 1295 ΚΕΦΑΛΑ
982 1243 1097 1295 ῐΟΝ
1133 1241 1232 1295 ΙΘ’.

266 1351 284 1382 ι
316 1329 425 1385 Καὶ
453 1324 616 1401 ἦλθεν
645 1330 740 1385 ἀνθ
750 1349 927 1402 ρωπος
954 1330 1090 1386 Θεοῦ
1121 1331 1254 1404 πρὸς
1281 1331 1447 1397 Ἠλεὶ,
1466 1333 1559 1386 καὶ
1576 1328 1750 1396 εἶπεν,

200 1424 325 1478 Τάδε
357 1423 503 1492 λέγει
534 1422 736 1496 Κύριος
756 1423 957 1493 Κύριος
977 1440 988 1452 ’
1021 1442 1040 1475 ι
1068 1424 1160 1476 καὶ
1182 1425 1240 1477 ὲν
1265 1427 1378 1488 τοῖς
1398 1424 1524 1495 ἑξῆς
1548 1442 1560 1455 ·
1599 1443 1618 1474 ι
1645 1425 1753 1477 Καὶ

198 1516 470 1588 ἀναστήσω
513 1515 736 1587 ἐμαυτῷ
773 1515 923 1587 ἱερέα
960 1516 1169 1580 πιστὸν,
1203 1515 1263 1580 ὃς
1293 1516 1470 1570 πάντα
1502 1515 1569 1569 τὰ
1597 1518 1655 1570 ὲν
1682 1519 1748 1587 τῇ

199 1609 379 1683 καρδίᾳ
418 1627 519 1681 μου
542 1610 634 1663 καί¹
660 1610 727 1664 τά
761 1611 817 1662 ὲν
837 1611 902 1680 τῇ
935 1607 1081 1678 ψυχῆ
1115 1625 1216 1679 μου
1255 1609 1517 1681 ποιήσει’·
1543 1610 1635 1662 καὶ
1667 1610 1748 1662 οἰ-

199 1702 463 1773 κοδομήσω
491 1701 642 1773 αύτῷ
679 1696 825 1755 οἷκον
861 1699 1070 1762 πιστὸν,
1117 1699 1210 1754 καὶ
1236 1700 1563 1754 διελεύσεται
1615 1700 1751 1753 ὲνώ-

1861 514 2016 576 gunt,
2067 511 2122 560 et
2159 500 2476 559 sublimavit
2515 510 2690 550 cornu
2725 491 2927 547 Christi
2973 489 3080 553 sui;
3116 503 3210 543 seu
3241 485 3424 557 populi

1862 597 1968 664 sui,
2005 593 2212 651 Christi
2250 592 2321 648 ob
2361 587 2798 645 communionem
2860 582 2941 637 sic
2970 577 3254 638 nominati,
3310 576 3425 649 sive

1859 702 2022 758 quam
2053 685 2266 755 accepit
2295 677 2675 738 humanitatis,
2713 674 2873 742 cujus
2903 686 3073 727 cornu
3097 674 3215 725 erat
3248 667 3423 722 deitas

1860 780 2149 839 sublimata
2166 773 2468 833 secundum
2487 776 2737 825 sanctum
2758 764 3094 835 Apostolum.
3117 759 3183 814 Et
3202 762 3255 813 in
3273 764 3422 812 octa-

1858 887 1925 927 vo
1950 879 2005 926 et
2031 868 2366 940 octogesimo
2387 863 2597 934 psalmo
2628 854 2917 911 manifeste
2947 853 3061 906 haec
3086 849 3275 906 eadem
3308 845 3421 902 fere

1855 961 1924 1016 de
1948 936 2334 1016 ChristovDeus
2359 952 2495 1007 dicit
2530 970 2543 1004 :
2583 965 2602 999 ι
2641 945 2707 1000 Et
2728 945 2786 1000 in
2828 943 3048 999 nomine
3073 954 3195 996 meo
3214 936 3420 995 exalta-v

1856 1051 2006 1109 bitur
2028 1065 2202 1107 cornu
2232 1048 2353 1119 ejus
2376 1045 2443 1098 ⁸⁸.
2476 1061 2496 1096 ι

2432 1234 2660 1293 CAPUT
2689 1231 2833 1289 XIX.

1926 1372 1944 1405 ι
1969 1351 2129 1408 Venit
2153 1357 2331 1406 autem
2362 1349 2447 1402 vir
2474 1347 2571 1403 Dei
2598 1345 2665 1400 ad
2695 1342 2812 1398 Heli
2843 1347 2899 1397 et
2927 1339 3003 1393 ait
3023 1336 3259 1392 adeum:
3292 1333 3418 1389 Habe

1851 1445 1983 1502 dicit
2038 1444 2301 1499 Dominus
2345 1438 2756 1510 :Numquid":
2795 1476 2809 1489 .
2856 1475 2870 1489 .
2915 1472 2930 1486 .
2978 1439 3033 1486 et
3083 1430 3140 1484 in
3187 1429 3254 1484 iis
3294 1443 3417 1498 qua:

1852 1539 2182 1604 sequuntur:
2233 1549 2252 1582 ι
2281 1529 2347 1585 Ει
2391 1529 2674 1586 suscitabo
2719 1523 2851 1580 mihi
2893 1521 3235 1578 sacerdotem
3280 1518 3415 1572 ﬁde-

1852 1627 1977 1692 lem,
2017 1625 2109 1696 qui
2151 1624 2307 1694 juxta
2333 1639 2430 1678 cor
2457 1637 2636 1678 meum
2669 1628 2719 1675 et
2750 1617 2986 1673 animam
3019 1629 3194 1669 meam
3217 1610 3413 1665 faciet:

1850 1727 1903 1773 et
1922 1716 2201 1772 aediﬁcabo
2228 1715 2279 1771 ei
2309 1714 2529 1769 domum
2563 1712 2792 1778 ﬁdelem,
2815 1717 2869 1765 et
2908 1705 3207 1762 ambulabit
3229 1716 3415 1759 coram

197 1812 306 1848 πιον
329 1794 563 1867 Χριστοῦ
589 1812 688 1867 μου
722 1794 901 1857 πάσας
927 1792 1025 1857 τὰς
1050 1793 1266 1865 ἡμέρας
1291 1809 1305 1822 ·
1339 1793 1435 1847 καὶ
1462 1790 1616 1847 ἔσται
1644 1794 1746 1857 πᾶς

1855 1810 2068 1865 Christo
2116 1822 2238 1863 meo
2281 1805 2497 1861 cunctis
2547 1804 2775 1859 diebus:
2813 1800 3056 1856 futurum
3095 1804 3179 1854 est
3210 1806 3412 1857 autem,

194 1887 220 1938 ὁ
243 1885 573 1959 περισσεύων
603 1888 660 1940 ὲν
690 1885 823 1956 οἴκῳ
855 1885 974 1955 ἥξει
1018 1883 1337 1957 προσκυνῶν
1382 1884 1530 1956 αύτῷ
1563 1884 1750 1940 ὀϐολοῦ

194 1976 462 2050 ἀργυρίου,
499 1976 594 2031 καὶ
629 1979 685 2030 ὲν
711 1976 862 2049 ἀρτῳ
884 1977 984 2038 ἐνὶ,
1012 1974 1206 2045 λέγων,
1227 1975 1544 2048 Παράριψόν
1571 1993 1637 2047 με
1660 1978 1751 2029 ἐπὶ

197 2068 313 2140 μίαν
337 2067 445 2121 τῶν
471 2067 755 2139 ίερατείων
782 2084 874 2119 σου
900 2068 1093 2135 φαγεῖν
1116 2066 1300 2137 ἄρτον.
1338 2085 1357 2117 ι
1382 2066 1570 2130 Οὐδεὶς
1595 2065 1752 2130 ἄλλος

193 2159 400 2232 ἦμόνος
445 2162 474 2212 ὁ
540 2158 681 2213 κατά
710 2159 807 2230 τὴν
837 2157 990 2223 τάξιν
1039 2157 1370 2229 Μελχισεδὲκ
1424 2159 1601 2229 ἱερεὺς
1656 2158 1749 2212 τοῦ

193 2251 314 2305 Θεοῦ
343 2251 434 2305 τοῦ
460 2250 690 2321 ὑψίστου
737 2250 943 2322 Ἰησοῦς
975 2250 1204 2323 Χριστὸς
1247 2252 1276 2305 ό
1324 2249 1512 2321 Σωτὴρ
1558 2249 1747 2321 ἡμῶν,

192 2344 243 2396 ὃν
271 2362 288 2395 ι
307 2343 500 2415 ἔχομεν
528 2343 787 2415 ἀρχιερέα
817 2344 1010 2415 μέγαν,
1050 2364 1069 2396 ι
1100 2343 1243 2397 κατὰ
1277 2341 1369 2396 τὸν
1404 2343 1747 2408 Ἀπόστολον,

197 2455 213 2487 ι
246 2435 585 2507 διεληλυθότα
608 2436 731 2499 τοὺς
756 2436 1040 2508 οὐρανοὺς,
1081 2456 1099 2487 ι
1138 2435 1313 2489 πάντα
1335 2436 1404 2488 τὰ
1433 2437 1490 2488 ὲν
1512 2437 1576 2508 τῇ
1615 2453 1750 2506 καρ-

190 2525 268 2596 δίᾳ
291 2524 380 2579 τοῦ
407 2524 624 2595 Πατρὸς
652 2524 951 2596 πεποίηκεν
984 2542 1013 2593 «γ
1036 2524 1275 2596 ὑπήκοος
1308 2522 1458 2594 αὐτῷ
1496 2524 1748 2593 γενέσθαι

192 2616 342 2688 μέχρι
383 2616 478 2669 καὶ
517 2614 750 2669 θανάτου
771 2633 784 2646 ·
817 2634 836 2665 ι
875 2614 997 2668 ὅθεν
1034 2615 1127 2668 καὶ
1157 2615 1469 2685 ἀναστήσας
1503 2615 1664 2669 αὑτὸν
1718 2618 1749 2670 ό

190 2706 383 2781 Πατὴρ,
417 2708 773 2779 οἰκοδόμησεν
810 2705 956 2777 αὐτῷ
987 2702 1134 2760 οἷκον
1162 2707 1371 2777 πιστδν,
1396 2707 1495 2778 τὴν
1516 2709 1580 2760 ὲκ
1604 2708 1749 2777 λογι-

190 2798 288 2852 κῶν
311 2801 401 2856 καὶ
438 2800 663 2865 ζώντων
698 2801 791 2854 καὶ
817 2800 1022 2854 πιστῶν
1051 2800 1126 2865 ὡς
1165 2800 1377 2871 ἀληθῶς
1422 2798 1584 2853 λίθων
1622 2818 1747 2855 συν-

187 2894 412 2953 εστῶσαν
444 2894 772 2965 Ἐκκλησίαν
791 2912 805 2926 ι
835 2893 1007 2965 τούτῳ
1033 2894 1090 2948 δὲ
1121 2895 1215 2948 καὶ
1239 2894 1486 2965 ἔρχονται
1510 2911 1748 2967 προσκυ-

187 2986 284 3036 νεῖν
314 2986 361 3038 οἱ
400 2984 789 3048 πιστεύσαντες
828 2986 908 3050 εἰς
941 2985 1123 3051 αὑτὸν,
1156 2985 1342 3039 ὀϐολοῦ
1377 2984 1638 3057 ἀργυρίου
1673 2983 1746 3056 μὴ

187 3074 377 3147 (£15)
408 3076 894 3150 ἀποστρεφομένου
922 3077 1169 3149 (όμενοι)
1194 3117 1209 3142 ,
1246 3079 1384 3149 μήτε
1422 3077 1747 3149 σωματικῶς

185 3165 272 3238 τὴν
298 3168 386 3221 τὸν
417 3166 721 3239 κοδράντην
752 3169 831 3231 είς
859 3168 957 3240 τὴν
984 3167 1090 3222 τῶν
1118 3168 1387 3238 δεομένων
1429 3169 1746 3242 ἐπικουρίαν

186 3258 632 3329 συνεισφέρουσαν
655 3259 852 3333 χῄραν,
883 3259 1022 3329 μήτε
1053 3258 1157 3330 μὴν
1196 3259 1338 3312 κατά
1384 3259 1620 3313 διάνοιαν
1649 3260 1748 3330 τὴν

184 3347 269 3400 ἐπὶ
292 3348 454 3420 μόνην
481 3349 583 3421 (ῃ)
616 3352 682 3421 τῇ
717 3349 897 3411 πίστει
922 3349 1317 3422 ἐρηρεισμένην
1344 3349 1520 3421 ψυχὴν
1538 3389 1553 3415 ,
1578 3350 1611 3420 ἢ
1647 3350 1748 3423 τὴν

183 3439 313 3493 κατά
342 3439 572 3513 δύναμιν
596 3441 704 3495 τῶν
741 3440 945 3512 νοητῶν
976 3441 1146 3511 αὐτῆς
1167 3441 1519 3513 ὑπαρχόντων
1538 3458 1748 3495 συνεισ-

184 3530 435 3600 φέρουσαν
466 3531 540 3586 τὰ
566 3533 647 3596 είς
699 3533 797 3603 τὴν
823 3531 932 3586 τῶν
960 3532 1161 3586 λοιπῶν
1207 3533 1493 3604 οἰκοδομήν
1537 3549 1598 3586 τε
1653 3533 1747 3586 καὶ

181 3621 433 3691 ὠφέλειαν
467 3623 885 3695 συμϐαλλόμενα
909 3640 922 3653 ·
962 3625 1032 3679 τά
1070 3625 1122 3694 γ’
1157 3621 1250 3679 οὖν
1286 3643 1305 3676 ι
1348 3624 1505 3696 μωρὰ
1519 3623 1614 3678 τοῦ
1655 3623 1748 3678 κό-

184 3729 311 3782 σμου
342 3712 627 3781 ἐξελέξατο
664 3733 683 3766 ι
716 3714 810 3768 καὶ
840 3715 906 3769 τά
936 3714 1137 3786 ἀσθενῆ
1163 3716 1257 3768 καὶ
1277 3714 1485 3786 πτωχὰ,
1510 3714 1604 3767 καὶ
1630 3733 1649 3765 ι
1676 3712 1748 3769 τὰ

179 3807 581 3881 ἐξουθενημένα,
611 3809 703 3862 καὶ
722 3807 792 3862 τά
821 3808 894 3881 μὴ
915 3809 1042 3862 δντα
1077 3827 1095 3861 ι
1137 3807 1211 3881 μὴ
1232 3807 1605 3880 ὑπερφρονῶν,
1643 3825 1748 3879 μη·-

178 3895 231 3950 δὲ
273 3897 369 3962 τὰς
400 3897 617 3952 τοιάσδε
647 3897 822 3968 ψυχάς
845 3916 858 3928 ·
892 3898 1007 3952 ἀλλ’
1051 3892 1137 3952 οἷα
1180 3898 1556 3969 φιλάνθρωπος
1609 3898 1745 3952 Θεοῦ

178 3989 339 4058 Λόγος
359 3991 455 4045 καὶ
478 3990 683 4054 ταύτας
727 3990 1120 4061 ἀποδεχόμενος
1174 3992 1273 4062 τῆς
1315 3990 1641 4064 προθυμίας,
1680 3989 1746 4057 ἃς

179 4082 266 4135 καὶ
296 4083 475 4155 κρίσει
504 4082 625 4154 θείᾳ
656 4084 793 4137 κατά
833 4083 932 4153 τὴν
963 4082 1121 4147 ἀξίαν
1170 4084 1229 4137 ὲν
1256 4083 1530 4156 διαφόροις
1561 4087 1746 4155 μοναϊς

178 4172 277 4226 τῶν
309 4174 593 4247 ίερατείων
624 4174 790 4229 αὐτοῦ
836 4174 1201 4241 κατατάσσει,
1238 4176 1331 4231 τοῦ
1374 4177 1500 4251 παρ’
1550 4174 1744 4231 ἑαυτοῦ

177 4264 332 4336 ἄρτου
365 4267 466 4339 τῆς
497 4267 666 4322 ἀϊδίου
695 4267 838 4339 ζωῆς
868 4268 1140 4333 καταξιῶν
1165 4269 1354 4333 αὐτάς.
1388 4270 1461 4322 Τὸ
1488 4269 1546 4324 δὲ
1583 4288 1602 4320 (
1635 4269 1746 4322 Καὶ

174 4355 499 4413 διελεύσεται
520 4357 747 4412 ἐνώπιον
767 4359 1003 4434 Χριστοῦ
1032 4378 1132 4431 μου
1154 4361 1332 4425 πάσας
1354 4360 1452 4426 τὰς
1476 4361 1707 4433 ἡμέρας,
1722 4382 1739 4414 ι

1853 1900 2252 1971 utquicunque
2299 1895 2627 1951 remanserit
2674 1894 2729 1947 in
2780 1893 2943 1948 domo
2990 1904 3110 1954 sua,
3153 1887 3331 1942 veniat
3359 1894 3418 1939 ut

1849 1999 2039 2047 oretur
2076 2004 2177 2061 pro
2222 2004 2309 2051 eo,
2340 1992 2395 2042 et
2444 1984 2640 2040 oﬁ'erat
2683 1997 2963 2037 nummum
2999 1988 3333 2052 argenteum,
3362 1983 3417 2030 et

1849 2089 2050 2136 tortam
2098 2078 2277 2151 panis,
2305 2075 2595 2145 dicatque:
2649 2070 2872 2126 Dimitte
2910 2085 3016 2134 me,
3050 2069 3297 2131 obsecro,
3348 2064 3417 2118 ad

1849 2189 2013 2229 unam
2043 2179 2254 2242 partem
2284 2166 2696 2229 sacerdotalem,
2730 2170 2789 2217 ut
2803 2160 3083 2218 comedam
3114 2157 3414 2214 buccellam

1849 2264 2087 2335 panis“.
2105 2284 2132 2316 »ι
2157 2261 2328 2317 Nemo
2362 2260 2503 2314 alius
2532 2257 2640 2311 nisi
2677 2256 2827 2311 solus
2850 2251 3148 2309 secundum
3168 2249 3413 2305 ordinem

1852 2352 2254 2411 Melchisedech
2285 2349 2546 2407 sacerdos
2576 2347 2664 2401 Dei
2699 2342 2954 2400 altissimi
2985 2340 3144 2397 Jesus
3164 2338 3415 2394 Christus

1852 2445 2101 2502 Salvator
2128 2450 2339 2506 noster,
2380 2457 2540 2513 quem
2599 2438 2906 2492 chabemus
2947 2432 3261 2488 Pontiﬁcem
3305 2445 3417 2483 ma-

1849 2554 2070 2610 gnum:
2114 2535 2413 2593 secundum
2436 2531 2779 2603 Apostolum,
2818 2547 2837 2578 ι
2863 2526 2957 2598 qui
2981 2523 3281 2595 penetravit
3301 2536 3416 2577 coa-

1850 2629 1933 2683 los
1956 2629 2056 2693 “,i
2092 2626 2329 2697 fecitque
2357 2622 2540 2679 omnia
2571 2635 2692 2691 quae
2732 2617 2880 2673 Patri
2916 2614 3070 2671 cordi
3093 2621 3270 2676 erant,
3298 2631 3315 2663 ι
3342 2612 3416 2667 l'a-

1849 2728 1973 2775 ctus
2024 2718 2287 2774 obediens
2317 2731 2491 2786 usque
2535 2712 2601 2766 ad
2653 2709 3017 2774 morte:n"°;»
3054 2707 3197 2761 unde
3228 2704 3413 2765 Pater,

1849 2826 1973 2866 eum
2017 2824 2142 2863 cum
2178 2807 2463 2870 erexisset,
2494 2802 2782 2858 aediﬁcavit
2832 2801 2883 2856 ei
2929 2798 3147 2853 domum
3179 2794 3413 2862 ﬁdelem,

1850 2898 2202 2954 constitutam
2256 2894 2507 2951 videlicet
2574 2892 2937 2947 rationalibus
2991 2886 3414 2955 viventibusque

1849 3007 1914 3048 ac
1970 3008 2098 3049 vere
2146 2991 2398 3047 ﬁdelibus
2458 2989 2732 3060 lapidibus
2803 2985 3105 3041 Ecclesiam
3137 2984 3205 3036 '".
3259 2983 3414 3035 Hunc

1851 3086 2136 3141 adoratum
2166 3084 2386 3142 venient
2413 3082 2508 3153 qui
2537 3082 2594 3136 in
2626 3096 2751 3137 eum
2786 3078 3154 3141 crediderunt,
3192 3072 3401 3129 nummi

1852 3177 2099 3250 argentei
2142 3192 2251 3231 non
2309 3176 2689 3242 immemores;
2746 3188 2923 3242 neque
2960 3170 3110 3227 enim
3149 3181 3415 3237 corpora-

1848 3272 1974 3326 liter
2007 3270 2366 3341 quadrantem
2415 3269 2471 3323 in
2526 3265 2963 3323 necessariorum
2989 3261 3253 3318 auxilium
3284 3276 3418 3314 con-

1851 3360 2117 3416 ferentem
2168 3359 2412 3423 viduam,
2435 3358 2504 3421 τ’,
2552 3371 2729 3427 neque
2774 3354 3096 3425 Spiritaliter
3143 3350 3245 3407 soli
3293 3348 3417 3407 ﬁdei

1848 3450 2095 3506 innixam
2127 3450 2389 3515 animam,
2416 3447 2503 3502 vel
2535 3445 2839 3501 secundum
2870 3443 3196 3515 spiritalium
3240 3439 3414 3495 bono-

1848 3558 1969 3599 rum
2002 3542 2317 3597 facultatem
2347 3548 2675 3596 caaterorum
2709 3535 3058 3592 tediﬁcationi
3098 3543 3152 3589 et
3195 3533 3414 3587 utilitati

1846 3636 2252 3700 consulentem;
2306 3634 2515 3688 «stulta
2562 3649 2581 3681 ι
2629 3631 2812 3703 igitur,
2861 3645 2880 3678 ι
2937 3625 3127 3681 mundi
3165 3625 3328 3696 elegit
3360 3634 3417 3681 et

1846 3725 2063 3780 inﬁrma
2091 3744 2109 3776 ι
2138 3729 2193 3777 et
2221 3721 2425 3793 inopia,
2454 3727 2509 3775 et
2535 3718 2661 3773 vilia
2692 3736 2710 3768 ι
2737 3724 2792 3771 et
2821 3713 2958 3788 quae}
2988 3728 3096 3768 non
3124 3713 3362 3779 erant",
3388 3733 3406 3763 ι

1845 3829 2192 3886 nequaquam
2222 3821 2606 3875 contemnens,
2640 3824 2819 3879 neque
2850 3808 2988 3863 tales
3025 3804 3269 3872 animas;
3317 3802 3413 3860 sed

1848 3915 1907 3964 ut
1944 3905 2404 3962 humanissimum
2450 3903 2543 3957 Dei
2589 3898 2831 3955 Verbum
2855 3901 2935 3954 eis
2970 3896 3271 3954 studiosam
3317 3910 3413 3949 vo-

1848 3999 2112 4055 luntatem
2140 3996 2464 4069 gratulans;
2493 4008 2631 4066 quas
2661 4005 2713 4048 et
2758 3991 2944 4047 divino
2985 3988 3196 4061 judicio
3247 3987 3411 4059 digne

1847 4093 1907 4148 in
1957 4092 2193 4148 diversis
2212 4088 2508 4145 sacerdotii
2564 4087 2649 4144 sui
2705 4086 2928 4141 sedibus
2968 4083 3221 4149 collocat,
3279 4096 3412 4136 suos

1845 4194 2064 4244 aeterna
2106 4184 2234 4240 vitae
2266 4198 2435 4254 panes
2486 4180 2568 4237 eis
2622 4178 2962 4249 impertiens.
3032 4192 3053 4225 ι
3103 4173 3417 4229 Ambulabit

1847 4292 2035 4332 coram
2064 4273 2285 4329 Christo
2317 4287 2441 4326 meo
2468 4270 2682 4325 cunctis
2724 4267 2918 4322 diebus
2934 4266 3017 4331 τις
3044 4284 3062 4317 ι
3105 4266 3173 4320 de
3205 4265 3411 4319 sanctis

1846 4367 1941 4438 qui
1970 4367 2025 4421 in
2060 4364 2307 4420 Ecclesia
2345 4369 2495 4425 sunt,
2530 4360 2752 4423 dicitur,
2780 4357 3006 4413 christis
3041 4365 3094 4410 et
3141 4355 3275 4424 ipsis
3319 4370 3443 4425 cog

177 4448 298 4520 περὶ
323 4449 432 4503 τῶν
464 4449 637 4518 ἀγίων
661 4449 768 4502 τῶν
797 4452 854 4503 ὲν
877 4453 943 4523 τῇ
989 4450 1284 4524 Ἐκκλησία
1322 4451 1536 4523 εἴρηται
1555 4491 1570 4516 ,
1622 4470 1745 4528 χρι-

1855 4456 2201 4530 gnominatis,
2228 4455 2528 4509 secundum
2559 4451 2720 4505 illud:
2759 4469 2778 4500 ‹
2802 4448 2978 4502 Nolite
3006 4454 3233 4517 tangere
3277 4443 3417 4499 chri-

177 4538 309 4594 στῶν
334 4541 429 4594 καὶ
454 4538 633 4593 αὐτῶν
662 4542 1216 4614 προσαγορευομένων
1240 4581 1255 4605 ,
1291 4541 1432 4596 κατά
1475 4543 1567 4606 τὸ,
1599 4562 1618 4595 ι
1650 4542 1741 4616 Μὴ

1855 4556 1964 4605 stos
2019 4563 2169 4602 meos
2199 4547 2298 4599 ⁷⁸.»
2362 4543 2460 4598 His
2497 4543 2642 4596 enim
2686 4556 2716 4595 a
2758 4537 3039 4595 Salvatore
3084 4537 3288 4591 dictum
3323 4545 3409 4591 est

176 4628 379 4702 ἆψησθε
412 4631 521 4686 τῶν
568 4631 805 4705 χριστῶν
841 4633 940 4703 μοῦ
966 4651 978 4662 ·
1019 4652 1038 4684 ι
1079 4634 1289 4698 τούτοις
1323 4634 1434 4706 γὰρ
1463 4635 1603 4706 πρὸς
1646 4633 1739 4688 τοῦ

176 4721 420 4795 Σωτῆρος
452 4723 667 4793 ἐλέγετο
692 4724 786 4781 καὶ
813 4726 871 4777 ὲν
899 4724 977 4796 τῷ
1012 4726 1347 4797 Εύαγγελίῳ,
1379 4745 1397 4778 ι
1445 4726 1595 4794 Ἰδοὺ,
1629 4726 1740 4795 ἐγὼ

176 4813 288 4882 μεθ’
311 4815 467 4886 ὑμῶν
500 4817 615 4887 εἰμι
643 4816 821 4885 πάσας
841 4816 938 4881 τὰς
985 4818 1220 4889 ἡμέρας,
1251 4818 1357 4882 ἕως
1405 4817 1507 4888 τῆς
1552 4802 1739 4872 συντε-

171 4901 313 4968 λείας
332 4905 425 4960 τοῦ
448 4906 664 4970 αἰῶνος.
700 4926 717 4959 ι
752 4906 999 4973 Πλείονος
1027 4909 1085 4961 δὲ
1137 4908 1434 4978 σαφηνείας
1473 4909 1741 4979 δεομένων

1848 4638 1904 4692 in
1960 4634 2287 4706 Evangelio:
2327 4632 2509 4688 «Ecce
2556 4647 2656 4701 ego
2702 4628 2983 4684 vobiscum
3034 4642 3158 4683 sum
3198 4627 3415 4682 cunctis

1847 4730 2048 4786 diebus
2094 4742 2270 4798 usque
2304 4727 2361 4780 in
2388 4721 2919 4780 consummationem
2949 4720 3217 4777 saeculi".
3248 4739 3267 4771 ι
3320 4718 3416 4775 His

1849 4836 1977 4875 vero
2009 4819 2145 4875 locis
2189 4834 2314 4873 cum
2347 4816 2611 4887 ampliore
2653 4829 2792 4887 opus
2821 4821 2967 4869 esset
3012 4812 3414 4885 explanatione,

1850 4912 1969 4967 haec
1998 4922 2177 4965 tamen
2214 4925 2378 4979 quam
2402 4905 2728 4964 brevissime
2769 4904 2915 4960 dicta
2949 4904 3237 4961 suﬁicient.

170 4995 274 5050 τῶν
297 4996 501 5063 τόπων,
530 4997 738 5062 τούτοις
765 4997 840 5062 ὠς
871 4992 981 5050 οἷόν
1018 5015 1079 5051 τε
1128 4994 1197 5070 ἦν
1224 4997 1315 5052 διὰ
1365 4998 1612 5071 βραχέων
1663 5002 1972 5075 εἰρημένοις
2001 4998 2472 5077 ἀρκεσθησόμεθα.

706 5114 1101 5170 ΚΕΦΔΛΔΙΟΝ
1129 5117 1211 5169 Κ’.

173 5200 592 5270 Βασαιειῶνβ.
617 5203 918 5288 ’ρβύριρς
936 5206 1033 5288 διᾲ
1050 5207 1253 5288 Νάθαν
1277 5207 1356 5275 τῷ
1383 5208 1563 5267 Δαυὶδ
1584 5211 1737 5280 μετὰ

546 5275 750 5330 πολλὰ
775 5277 872 5330 καὶ
909 5277 1095 5333 ταῦτά
1124 5293 1314 5347 φησιν
1330 5296 1344 5311 ο

241 5468 261 5501 ι
294 5448 406 5503 Καὶ
445 5447 598 5506 ἔσται
653 5452 749 5507 ὲάν
786 5454 1145 5529 πληρωθῶσιν
1178 5460 1234 5514 at
1263 5459 1466 5531 ἡμέραι
1496 5477 1611 5524 σου,
1647 5460 1739 5514 καὶ

236 5608 282 5683 '_‘
309 5606 470 5683 _Psal.
507 5627 788 5680 uxxvm,
821 5614 913 5669 25.
989 5613 1033 5646 ⁶⁷
1072 5613 1093 5668 l
1132 5613 1263 5683 Reg.

167 5675 209 5708 "
254 5677 270 5732 Ι
306 5677 457 5734 Petr.
494 5697 560 5746 ιι,
603 5683 656 5737 5.

178 5761 350 5803 xxviii
370 5787 390 5805 .
425 5749 515 5805 20.

1338 5632 1411 5677 ll,
1469 5614 1559 5669 27.
1637 5614 1682 5647 ⁸⁸
1722 5613 1852 5667 ibid.
1895 5615 1994 5674 55,
2052 5611 2140 5667 36.

773 5686 819 5716 ⁷³
858 5683 1021 5739 Marc.
1069 5701 1178 5751 xu,
1212 5687 1300 5741 42.
1378 5688 1425 5719 ⁷³
1466 5686 1484 5738 ι
1519 5685 1645 5740 Cor.
1681 5701 1734 5750 ι,
1768 5684 1857 5739 ‘27.

2425 5109 2655 5169 CAPUT
2700 5107 2819 5164 XX.

1842 5207 1891 5263 E
1916 5208 2142 5266 secundo
2174 5206 2370 5278 Regum
2397 5205 2553 5260 libro.
2605 5200 2864 5255 Dominus
2909 5217 3001 5269 per
3043 5199 3264 5256 Nat/tan
3301 5200 3415 5256 Da-

2120 5299 2229 5356 vidt'
2266 5309 2383 5366 post
2411 5297 2580 5352 multa
2608 5295 2718 5350 lucc
2751 5309 2952 5365 quoque
2980 5293 3139 5379 dicit:

1921 5477 1940 5511 ι
1971 5458 2221 5530 Cumque
2263 5454 2515 5527 completi
2551 5452 2753 5508 fuerint
2783 5448 2902 5505 dies
2952 5451 3051 5516 tui,
3083 5460 3136 5506 et
3170 5452 3410 5508 dormie-

2250 5611 2295 5643 ⁶⁹
2334 5610 2492 5668 Hebr.
2558 5612 2776 5681 wh”.
2884 5613 2932 5644 "°
2970 5608 3167 5681 Philip.
3222 5623 3299 5681 ll.
3352 5608 3410 5681 ἓ.

1961 5669 2006 5715 τέ
2048 5683 2064 5735 I
2098 5682 2230 5752 Reg.
2270 5697 2338 5747 ιι,
2372 5681 2460 5737 35.
2562 5669 2627 5713 ⁷⁸⁷
2651 5679 2795 5738 Psal.
2833 5698 2939 5749 Civ,
2973 5682 3058 5737 15.
3117 5669 3181 5713 ’⁷⁸
3217 5669 3414 5751 Matth}
