3868 6264
459 290 594 347 ιοτο

1155 290 1419 347 EUSEBII
1456 292 1934 353 CIESARIENSIS
1971 294 2120 351 OPP.
2161 294 2339 351 PARS
2374 296 2545 353 ll|.-—
2584 294 3006 352 EXEGETICA.‘

3516 294 3645 350 1080

452 406 534 462 ris
566 423 688 462 cum
726 407 970 479 patribus
1005 406 1134 468 tuis,
1179 406 1457 461 suscitabo
1488 422 1673 463 semen
1704 416 1854 462 tuum
1886 421 1988 478 ρος]

2108 408 2413 478 κοιμηθήσῃ
2444 406 2580 477 μετὰ
2602 408 2707 461 τῶν
2729 406 2976 478 πατέρων
3005 423 3114 468 σου,
3149 422 3240 458 και
3278 405 3565 473 ἀναστήσω
3588 408 3645 463 τὸ

453 508 524 559 te.
558 498 703 570 quod
750 496 1057 568 egredietur
1084 497 1151 552 de
1183 508 1338 552 utero
1379 505 1496 562 tuo,
1535 508 1588 553 et
1641 498 1867 553 ﬁrmabo
1918 515 2007 554 re-

451 605 616 661 gnum
668 588 809 658 ejus.
864 587 981 659 Ipse
1017 587 1305 644 aediﬁcabit
1332 589 1552 644 domum
1597 590 1803 645 nomini
1859 606 2002 654 meo,

450 692 503 737 et
534 678 802 737 stabiliam
844 682 1097 736 thronum
1140 683 1286 751 regni
1321 683 1441 751 ejus
1476 698 1648 752 usque
1699 683 1751 737 in
1805 682 2003 750 sempi-

450 778 683 824 ternum.
742 769 855 841 Ego
897 786 992 826 ero
1032 772 1080 825 ei
1115 770 1168 825 in
1200 779 1428 842 patrem,
1493 782 1547 828 et
1577 773 1693 843 ipse
1724 773 1827 828 erit
1869 771 2003 829 mihi

459 856 516 911 in
558 857 748 914 ﬁlium.
808 858 909 926 Qui
944 861 988 916 si
1041 861 1225 930 inique
1258 860 1461 930 aliquid
1492 862 1742 932 gesserit,
1776 874 2002 930 arguam

450 961 574 1000 eum
606 948 658 1001 in
695 949 846 1019 virga
878 948 1140 1013 virorum,
1170 956 1224 1002 et
1247 948 1298 1002 in
1348 948 1520 1019 plagis
1560 949 1791 1004 ﬁliorutn
1825 949 2000 1004 homi-

448 1054 595 1092 num.
653 1038 1073 1094 Misericordiam
1122 1048 1300 1093 autem
1362 1056 1534 1096 meam
1598 1057 1703 1101 non
1758 1041 2000 1097 auferam

446 1130 514 1184 ab
554 1130 656 1189 eis.
682 1130 822 1185 sicut
865 1131 1059 1186 abstuli
1097 1146 1126 1184 a
1156 1132 1309 1195 Saul,
1369 1147 1525 1201 qttem
1573 1132 1747 1185 amovi
1793 1147 1822 1184 a
1861 1131 1997 1187 facie

444 1234 583 1274 mea.
639 1219 703 1273 Et
743 1219 917 1276 fidelis
961 1222 1065 1276 erit
1094 1222 1287 1279 domus
1321 1239 1439 1287 sua,
1471 1232 1524 1276 et
1558 1238 1781 1293 regnum
1834 1239 1993 1278 suum

443 1324 619 1380 usque
647 1309 700 1363 in
729 1318 987 1365 aeternum
1029 1320 1151 1367 ante
1180 1311 1370 1368 faciem
1419 1328 1611 1367 meam.
1669 1312 1733 1365 Et
1769 1314 1998 1369 thronus

443 1415 576 1457 suus
607 1401 709 1456 erit
741 1402 929 1458 ﬁrmus
953 1402 1275 1474 jugiter".»
1333 1404 1426 1459 llis
1459 1404 1570 1461 fere
1609 1406 1807 1461 similia
1856 1416 1909 1462 et
1942 1408 1996 1462 in

440 1494 778 1565 octogesimo
810 1500 1007 1549 octavo
1055 1494 1313 1550 dicuntur
1345 1497 1572 1565 psalmo.
1631 1495 1786 1562 Quod
1819 1497 1861 1552 si
1898 1493 1997 1550 Ju-

440 1581 572 1639 dzeis
620 1585 931 1655 ambiguum
966 1586 1182 1640 videtur
1214 1588 1265 1640 in
1296 1587 1381 1642 his
1411 1588 1566 1654 locis,
1611 1590 1733 1660 quis
1774 1589 1875 1645 sibi
1914 1590 1995 1643 in-

443 1676 765 1746 telligendus
815 1678 906 1744 sit,
945 1676 1157 1734 Deusne
1210 1696 1277 1736 an
1305 1679 1492 1747 David,
1518 1682 1597 1735 vel
1625 1683 1744 1749 ejus
1777 1696 1993 1737 succes-

2105 501 2321 570 σπέρμα
2355 516 2444 552 σου
2482 499 2616 570 μετὰ
2662 500 2749 565 σὲ,
2783 500 2842 562 ὃς
2888 498 3036 551 ἔσται
3071 502 3135 551 ἐκ
3159 498 3255 567 τῆς
3300 497 3506 561 κοιλίας
3538 516 3645 566 σου,

2104 592 2197 645 καὶ
2225 592 2496 661 ἑτοιμάσω
2522 590 2616 662 τήν
2636 590 2908 662 βασιλείαν
2927 588 3109 643 αὐτοῦ.
3132 588 3300 652 Αὐτὸς
3318 588 3649 661 οἰκοδομήσει

2104 699 2192 754 μοι
2221 678 2364 737 οἷκον
2388 681 2464 752 τῷ
2487 682 2705 752 ὀνόματί
2746 699 2868 751 μου,
2904 682 2997 735 καὶ
3020 679 3309 759 ανορθώσω
3336 680 3431 739 τὸν
3474 678 3648 752 θρόνον

2101 771 2263 826 αὑτοῦ
2288 772 2392 836 ἕως
2423 774 2502 836 εἰς
2531 772 2618 825 τὸν
2651 773 2841 827 αἰῶνα.
2886 771 3024 840 Ἐγὼ
3046 771 3235 841 ἔσομαι
3270 770 3418 843 αύτῷ
3442 774 3523 835 εἰς
3555 789 3647 827 πα-

2099 862 2252 934 τέρα,
2283 864 2374 916 καὶ
2402 863 2562 927 αὐτὸς
2591 862 2738 917 ἔσται
2779 879 2867 933 μοι
2889 864 2967 926 εἰς
3003 861 3136 914 υἱόν.
3167 859 3275 917 Kal
3301 860 3369 915 ἂν
3394 859 3526 933 ἔλθῃ
3546 862 3649 917 ἀδι-

2101 954 2192 1006 κία
2219 952 2405 1017 αὐτοῦ,
2432 954 2522 1006 καὶ
2558 952 2760 1021 ἐλέγξω
2792 953 2951 1009 αὑτὸν
2980 954 3035 1004 ἐν
3066 952 3243 1024 ῥάϐδῳ
3279 953 3526 1024 ἀνδρῶν,
3564 953 3646 1007 καὶ

2103 1046 2160 1096 ἐν
2195 1045 2357 1111 ἁφαῖς
2391 1043 2517 1097 υἱῶν
2568 1043 2865 1115 ἀνθρώπων
2888 1060 2901 1074 ·
2962 1042 3021 1096 τὸ
3067 1043 3124 1095 δὲ
3170 1041 3314 1105 ἔλεός
3362 1060 3466 1113 μου
3493 1044 3554 1095 ού
3582 1042 3649 1115 μὴ

2099 1132 2389 1203 ἁποστήσω
2423 1133 2516 1186 ἀπ’
2544 1132 2740 1196 αὐτῶν,
2787 1130 2967 1195 καθὼς
3006 1132 3286 1202 ἀπέστησα
3321 1133 3419 1201 ἀφ’
3441 1125 3520 1184 ὧν
3558 1133 3652 1185 ἀπ-

2098 1224 2299 1295 έστησα
2324 1227 2388 1278 ἐκ
2413 1223 2698 1296 προσώπου
2730 1242 2847 1296 μου.
2889 1227 2996 1278 Καὶ
3030 1223 3428 1294 πιστωθήσεται
3458 1227 3489 1277 6
3516 1219 3649 1288 οἰκος

2096 1314 2282 1379 αὐτοῦ,
2313 1316 2402 1370 καί
2424 1317 2455 1387 ή
2484 1315 2725 1387 βασιλεία
2753 1316 2913 1369 αὐτοῦ
2933 1316 3036 1380 ἕως
3062 1315 3253 1377 αἰῶνος
3276 1313 3510 1369 ἐνώπιόν
3534 1332 3647 1382 μουο

2097 1406 2190 1458 καὶ
2216 1408 2244 1457 6
2270 1405 2455 1476 θρόνος
2486 1407 2647 1461 αὑτοῦ
2672 1407 2820 1460 ἔσται
2852 1406 3236 1477 ἁνωρθωμένος
3287 1407 3368 1467 εἰς
3411 1405 3504 1460 τὸν
3530 1406 3652 1458 αἰῶ-

2096 1512 2180 1549 να.
2233 1514 2252 1547 ι
2286 1496 2504 1560 Τούτοις
2563 1496 2631 1550 τὰ
2679 1495 3027 1568 παραπλήσια
3076 1496 3167 1550 καὶ
3208 1496 3265 1548 ὲν
3316 1494 3652 1568 ὀγδοηκοστῷ

2095 1587 2261 1657 ὀγδόῳ
2292 1588 2502 1663 εἴρηται
2527 1586 2724 1659 ψαλμῷ
2748 1604 2760 1617 ·
2784 1583 2850 1658 ἦν
2879 1587 2922 1641 δ’
2956 1586 3020 1640 ἂν
3059 1586 3330 1651 Ἰουδαίοις
3350 1587 3500 1651 ἄξιον
3522 1588 3651 1639 tim—

2099 1677 2255 1748 ρ’ἡσαι
2279 1678 2418 1731 κατὰ
2439 1679 2563 1741 τοὺς
2589 1678 2803 1741 τόπους,
2830 1677 2915 1732 διὰ
2940 1676 3057 1729 τίνα
3101 1673 3208 1748 ἆρα
3233 1678 3414 1729 αἰτίαν
3456 1678 3650 1747 φήσουο

439 1779 532 1820 sor
555 1764 847 1835 Salomon;
876 1770 940 1823 ad
973 1769 1164 1835 Deum.
1197 1780 1254 1825 ut
1283 1772 1572 1827 verisimile
1611 1780 1716 1835 est,
1751 1771 1988 1827 fatebun-

2097 1784 2178 1821 σιν
2203 1767 2293 1820 τὸν
2324 1768 2473 1832 Θεὸν,
2506 1769 2623 1839 ἦτοι
2659 1767 2748 1821 τὸν
2782 1767 2959 1832 Δαυὶδ,
3002 1768 3035 1838 ἦ
3075 1767 3165 1819 τὸν
3207 1766 3265 1832 ἐξ
3307 1766 3474 1820 αὐτοῦ
3508 1767 3651 1837 βασι-

438 1865 526 1912 tur
556 1858 827 1929 pertinere
869 1860 1206 1931 prophetiam
1250 1878 1356 1933 qua
1403 1863 1545 1918 filius
1597 1864 1992 1932 primogenitus

437 1951 764 2006 statuendus
802 1953 1159 2022 promittitur.
1188 1952 1274 2009 his
1311 1954 1522 2009 verbis:
1565 1974 1581 2004 ι
1616 1953 1733 2025 Ipse
1764 1957 1988 2010 invoca-

437 2041 515 2096 bit
545 2057 662 2098 me:
692 2041 851 2098 Pater
892 2058 1044 2099 meus
1074 2060 1133 2099 es
1159 2052 1245 2100 tu:
1306 2043 1445 2101 Deus
1494 2062 1646 2102 meus
1706 2055 1760 2103 et
1798 2064 1990 2104 susce-

435 2134 558 2196 ptor
589 2129 782 2184 salutis
832 2146 984 2185 meae.
1045 2130 1108 2185 Et
1154 2147 1255 2202 ego
1305 2133 1723 2204 primogenitum
1790 2153 1987 2208 ponam

436 2216 587 2271 illum
632 2218 906 2273 excelsum
956 2236 1065 2290 prae
1097 2223 1316 2292 regibus
1359 2226 1612 2291 terrae";
1648 2246 1666 2279 ι
1712 2236 1765 2282 et
1795 2229 1850 2283 in
1901 2245 1987 2295 eo,

433 2308 521 2360 cui
571 2322 715 2362 nunc
760 2324 980 2380 operam
1012 2311 1227 2379 damus,
1285 2315 1442 2372 loco:
1507 2316 1656 2373 «Ero
1704 2320 1751 2375 ei
1812 2321 1867 2376 in
1895 2338 1991 2392 pa-

437 2403 596 2459 trem,
629 2408 681 2451 et
708 2399 822 2469 ipse
854 2401 958 2455 erit
992 2402 1123 2457 mihi
1162 2396 1229 2459 in
1278 2404 1503 2462 ﬁlium.»
1561 2408 1812 2464 Attamen
1854 2413 1990 2468 nihil

433 2487 650 2546 differre
681 2506 711 2545 a
739 2493 949 2550 caeteris
974 2495 1251 2565 prophetis
1291 2496 1435 2553 dicet
1480 2500 1677 2569 aliquis
1714 2491 1987 2568 Davidem,

380 2628 381 2631 η
434 2582 527 2649 qui
557 2582 770 2652 culpam
801 2582 868 2637 de
900 2582 1043 2640 Uria:
1071 2588 1296 2643 muliere
1337 2589 1719 2655 conﬁtebatur,
1760 2594 1985 2651 dicens:

439 2686 458 2718 ι
487 2666 605 2723 Tibi
638 2670 738 2725 soli
772 2673 1014 2740 peccavi,
1050 2682 1104 2729 et
1152 2678 1354 2731 malum
1398 2694 1580 2734 coram
1634 2691 1686 2736 te
1739 2681 1839 2739 feci
1860 2685 1939 2752 ";
1967 2704 1985 2737 ι

434 2760 516 2813 vel
549 2757 916 2830 Salomonem,
968 2781 1125 2835 quem
1173 2782 1203 2820 a
1241 2766 1349 2823 Deo
1379 2773 1673 2829 recessisse
1718 2781 1775 2829 et
1829 2775 1990 2830 idolis

434 2862 655 2920 propter
683 2851 1005 2909 feminarum
1040 2859 1539 2927 concupiscentiam
1573 2863 1829 2920 serviisse
1865 2865 1991 2918 sim-

432 2940 551 3009 plex
608 2942 766 2998 docet
825 2943 1121 3016 Scriptura:
1179 2948 1427 3003 historia.
1489 2951 1770 3020 Quomodo
1805 2961 1991 3009 autem

433 3031 651 3088 Davidis
704 3043 798 3089 aut
835 3035 1140 3091 Salomonis
1190 3054 1460 3109 «regnum
1507 3058 1681 3113 usque
1736 3046 1788 3098 in
1822 3054 1987 3101 aeter-

434 3138 605 3179 num:
668 3127 833 3181 stabit
893 3136 1060 3183 «ante
1123 3128 1361 3186 faciem:
1432 3132 1554 3202 Dei,
1598 3144 1651 3190 et
1716 3137 1985 3195 «thronus

432 3212 534 3265 erit
571 3211 757 3268 ﬁrmus
820 3214 1076 3287 jugiter,»
1138 3226 1197 3272 ut
1250 3221 1494 3291 subjecta
1553 3225 1628 3278 ait
1680 3228 2033 3297 prophetia,_

432 3318 644 3361 necnon
718 3308 913 3377 psalmi
982 3310 1097 3365 haec
1154 3312 1258 3366 alia
1316 3313 1426 3371 fere
1477 3315 1710 3373 similis:
1761 3319 1989 3377 «Juravi

432 3392 600 3450 David
663 3412 820 3453 servo
871 3415 1019 3455 meo:
1048 3403 1234 3475 Usque
1277 3403 1331 3458 in
1375 3412 1635 3460 aeternum
1665 3410 1988 3479 pra'eparabo

431 3504 612 3545 semen
644 3498 820 3555 tuum,
866 3499 920 3546 et
950 3494 1229 3551 aedificabo
1272 3498 1325 3551 in
1355 3501 1759 3568 generationem
1806 3514 1860 3558 et
1887 3521 1982 3575 ge-

431 3585 772 3638 nerationem
794 3582 973 3639 sedem
1008 3593 1159 3640 tuam
1177 3587 1245 3651 '°,
1274 3607 1292 3638 ι
1346 3596 1401 3642 et
1448 3591 1607 3659 paulo
1642 3600 1761 3662 post
1794 3594 1983 3650 addit:

434 3671 652 3730 «Semel
678 3675 857 3745 juravi
900 3677 955 3730 in
1004 3686 1197 3733 sancto
1233 3695 1374 3742 meo,
1424 3681 1469 3735 si
1525 3681 1694 3738 David
1726 3687 1981 3739 mentiar.

429 3764 624 3821 Semen
670 3767 790 3837 ejus
824 3768 879 3823 in
908 3777 1177 3825 aeternum
1230 3773 1492 3839 manebit,
1525 3785 1579 3829 et
1607 3775 1837 3833 thronus
1866 3777 1986 3847 ejus

426 3860 570 3912 sicut
604 3859 685 3912 sol
741 3860 794 3913 in
828 3871 1128 3931 conspectu
1184 3878 1305 3918 meo
1325 3863 1427 3919 ⁸⁸.»
1480 3865 1547 3919 Ει
1590 3883 1825 3924 rursus:
1877 3868 1986 3922 «Et

426 3964 623 4018 ponam
654 3951 715 4004 in
745 3954 1002 4006 saeculum
1039 3956 1223 4010 saaeuli
1255 3971 1438 4013 semen
1474 3958 1611 4025 ejus.
1644 3971 1697 4015 et
1726 3963 1984 4015 thronum

423 4040 545 4109 ejus
598 4041 739 4094 sicut
768 4042 884 4098 dies
917 4046 1157 4101 cmli”.i
1209 4045 1341 4102 Fere
1402 4048 1601 4104 similia
1634 4051 1883 4109 invenias
1926 4053 1984 4108 in

422 4126 676 4193 Ieremia,
714 4132 805 4186 ubi
838 4133 1058 4202 dicitur,
1108 4155 1126 4187 ι
1159 4136 1298 4204 Quia
1339 4138 1454 4193 haec
1504 4140 1642 4193 dicit
1673 4139 1936 4196 Dominus
1965 4161 1978 4196 :

424 4219 543 4277 Non
594 4221 836 4278 interibit
866 4224 933 4280 de
989 4225 1156 4283 David
1191 4230 1276 4284 vir
1303 4232 1394 4301 qui
1421 4232 1604 4287 sedeat
1637 4249 1803 4304 super
1833 4235 1985 4289 thro-

422 4328 550 4369 num
579 4313 774 4369 domus
806 4314 987 4372 Israel.
1020 4318 1083 4374 Et
1112 4321 1178 4375 de
1204 4322 1577 4379 sacerdotibus
1601 4335 1653 4379 et
1686 4324 1754 4380 de
1774 4323 1982 4383 Levitis

2093 1860 2353 1914 λεύσαντα
2382 1860 2686 1929 Σολομῶνα·
2724 1860 2848 1933 περὶ
2879 1853 2961 1923 οῦ,
2993 1860 3068 1922 ώς
3095 1859 3258 1924 εἰκὸς,
3288 1859 3648 1930 ὑπολήψονται

2092 1944 2266 2014 λέγειν
2286 1946 2380 2016 τὴν
2409 1947 2737 2017 προφητείαν
2766 1947 2876 2000 υίὸν
2905 1946 3239 2017 πρωτότοκον
3264 1946 3453 2017 θήσειν
3487 1944 3650 2015 ἐπαγ-

2091 2037 2392 2106 γέλλεσθαι.
2426 2039 2483 2092 ὲν
2523 2037 2619 2108 μὲν
2641 2036 2717 2108 τῷ
2743 2035 2941 2107 ψαλμῷ
2978 2036 3251 2107 εἰρηκότα,
3284 2056 3302 2087 ι
3335 2038 3511 2101 Αὐτὸς
3538 2041 3649 2090 ἐπι.-

2092 2130 2371 2186 καλέσεταί
2406 2149 2492 2201 με,
2528 2131 2713 2202 Πατήρ
2742 2147 2842 2201 μου
2867 2127 2918 2182 εἷ
2941 2130 3025 2193 σὺ,
3058 2129 3191 2193 Θεός
3236 2147 3338 2200 μου
3378 2131 3473 2183 καὶ
3505 2131 3642 2183 ἀντι-

2089 2222 2311 2295 λήπτωρ
2337 2223 2435 2293 τῆς
2462 2222 2729 2293 σωτηρίας
2760 2237 2881 2290 μου.
2922 2219 3089 2289 Κάγὼ
3123 2220 3462 2292 πρωτότοκον
3495 2220 3650 2291 θήσο-

2092 2330 2189 2384 μαι
2221 2314 2403 2374 αὐτὸν,
2422 2312 2619 2385 ὑψηλὸν
2656 2311 2804 2384 παρὰ
2823 2315 2933 2374 τοῖς
2962 2310 3233 2381 βασιλεῦσι
3257 2312 3357 2381 τῆς
3389 2312 3514 2381 γῆς’
3543 2332 3560 2364 ι
3595 2313 3650 2364 ὲν

2087 2405 2145 2458 δὲ
2178 2405 2255 2477 τῷ
2283 2404 2417 2476 μετὰ
2444 2407 2625 2479 χεῖρας
2658 2403 2952 2475 κεφαλαίῳ,
2976 2425 2993 2455 ι
3017 2403 3152 2473 Ἐγὼ
3177 2404 3367 2475 ἔσομαι
3398 2404 3545 2476 αὐτῷ
3575 2405 3651 2467 εἰς

2089 2496 2321 2568 πατέρα,
2348 2498 2439 2553 καὶ
2458 2496 2618 2561 αὐτὸς
2650 2494 2798 2548 ἔσται
2825 2513 2914 2565 μοι
2942 2497 3021 2561 εἰς
3042 2497 3171 2551 υἱόν.
3203 2516 3220 2548 ι
3248 2496 3359 2551 Καὶ
3387 2497 3494 2568 μὴν
3526 2495 3643 2549 κατ’

2090 2589 2240 2643 οὐδὲν
2268 2589 2627 2660 διενηνοχέναι
2649 2589 2755 2642 τῶν
2780 2589 2979 2642 λοιπῶν
3009 2587 3298 2660 προφητῶν
3332 2588 3526 2656 φήσειέ
3568 2604 3646 2651 τις

2090 2681 2179 2732 τὸν
2203 2679 2383 2744 Δαυὶδ,
2419 2680 2476 2744 ὃς
2504 2680 2598 2733 καί⁸
2627 2679 3056 2751 ἐξομολογεῖσθαι
3085 2680 3173 2735 διὰ
3197 2679 3293 2750 τὴν
3321 2678 3420 2732 τοῦ
3451 2679 3644 2751 Οὐρίου

2090 2771 2259 2824 ἐδεῖτο
2298 2771 2467 2840 λέγων
2490 2812 2504 2835 ,
2538 2775 2565 2822 ἰ
2603 2772 2691 2824 Σοὶ
2720 2770 2863 2842 μόνῳ
2890 2772 3131 2844 ἥμαρτον
3175 2770 3269 2823 καὶ
3310 2770 3374 2822 τὸ
3416 2769 3647 2839 πονηρὸν

2091 2861 2319 2917 ἐνώπιόν
2347 2880 2437 2916 σου
2463 2863 2689 2935 ἐποίησα
2709 2882 2722 2895 ·
2759 2884 2777 2915 ι
2808 2864 2839 2936 ἢ
2863 2864 2953 2918 τὸν
2983 2862 3285 2933 Σολομῶνα,
3319 2863 3378 2914 ὃν
3422 2861 3518 2914 καὶ
3560 2864 3647 2915 ὲκ-

2091 2949 2262 3002 κλῖναι
2285 2950 2393 3002 ἀπὸ
2413 2949 2506 3003 τοῦ
2536 2949 2669 3004 Θεοῦ
2686 2951 2775 3004 καὶ
2799 2942 3032 3018 εἰδώλοις
3061 2951 3150 3006 διὰ
3168 2949 3440 3021 γυναικῶν
3468 2952 3647 3004 ἐπιθυ-

2093 3039 2222 3111 μίας
2261 3041 2737 3113 προσκεκινηκέναι
2776 3045 2807 3114 ή
2841 3042 2968 3114 ψιλὴ
3004 3042 3240 3096 διδάσκει
3290 3043 3389 3113 τῆς
3430 3042 3647 3114 Γραφῇ

2098 3130 2331 3203 ίστορία’
2363 3130 2477 3195 πῶς
2512 3132 2567 3185 δὲ
2597 3131 2689 3185 τοῦ
2718 3133 2881 3186 Δαυὶδ
2917 3132 3062 3205 ἢτοῦ
3086 3132 3392 3204 Σολομῶνος
3425 3135 3458 3202 ή
3499 3131 3647 3203 βασι-

2091 3219 2208 3274 λεία
2232 3220 2334 3285 ἓως
2359 3221 2549 3285 αἰῶνος
2576 3240 2595 3272 ι
2635 3221 2860 3277 ἐνώπιον
2883 3225 3009 3295 ἔστη
3044 3222 3136 3276 τοῦ
3167 3220 3323 3286 Θεοῦ,
3353 3224 3448 3275 καὶ
3473 3223 3502 3274 6
3522 3221 3645 3292 θρό-

2090 3328 2177 3374 νος
2211 3300 2599 3383 ἀνωρθωμένος
2634 3316 2712 3378 εἰς
2740 3315 2830 3368 τὸν
2861 3315 3048 3380 αἰῶνα,
3080 3336 3097 3373 ι
3132 3315 3271 3368 κατὰ
3291 3314 3388 3386 τὴν
3411 3315 3642 3383 φάσκου-

2090 3420 2189 3457 σαν
2215 3402 2232 3474 (
2254 3401 2291 3457 f.
2327 3404 2392 3457 l5
2417 3405 2507 3475 νο)
2529 3406 2758 3461 ἐνταῦθα
2784 3407 3132 3478 προφητείαν,
3158 3407 3251 3460 καὶ
3289 3407 3432 3460 κατὰ
3450 3405 3547 3477 τὴν
3587 3408 3641 3459 ὲν

2086 3491 2165 3562 τῷ
2190 3480 2387 3567 ψαλμῷ
2408 3486 2509 3546 ὧδέ
2536 3512 2650 3558 πως
2685 3498 3057 3567 περιέχουσαν,
3096 3515 3114 3547 ι
3148 3497 3357 3565 Ὤμοσα
3383 3495 3549 3549 Δαυὶδ
3566 3493 3639 3566 τῷ

2086 3582 2256 3654 δούλῳ
2279 3602 2399 3655 μου.
2427 3585 2571 3647 Ἕως
2587 3584 2679 3638 τοῦ
2700 3587 2891 3650 αἰῶνος
2912 3587 3181 3657 ἑτοιμάσω
3202 3588 3261 3640 τὸ
3285 3585 3507 3658 σπέρμα
3529 3603 3637 3646 σου,

2087 3676 2180 3727 καὶ
2194 3675 2525 3747 οἰκοδομήσω
2541 3678 2618 3739 εἰς
2637 3676 2826 3745 γενεὰν
2846 3678 2938 3729 καί
2956 3675 3145 3744 γενεὰν
3169 3676 3257 3728 τὸν
3279 3675 3471 3747 θρόνον
3494 3691 3631 3728 σουοο

2086 3765 2181 3818 καὶ
2214 3765 2330 3835 μεθ’
2352 3766 2513 3837 ἕτερα
2536 3765 2865 3835 φάσκουσαν,
2885 3765 3094 3830 ι”Απαξ
3117 3764 3304 3837 ὤμοσα
3326 3767 3383 3818 ὲν
3404 3765 3482 3837 τῷ
3508 3766 3637 3834 ἁγίῳ

2092 3872 2215 3927 μου,
2250 3858 2298 3910 εἰ
2323 3857 2401 3929 τῷ
2421 3858 2583 3911 Δαυὶδ
2603 3857 2891 3931 ψεύσομαι.
2912 3858 2985 3910 Τὸ
3008 3858 3225 3929 σπέρμα
3251 3858 3417 3911 αὐτοῦ
3449 3861 3527 3920 εἰς
3553 3857 3638 3909 τὸν

2087 3947 2257 4001 αἰῶνα
2286 3952 2452 4019 μενεῖ,
2488 3950 2582 4003 καὶ
2604 3950 2631 4001 6
2654 3948 2839 4020 θρόνος
2865 3948 3025 4004 αὐτοῦ
3055 3949 3129 4013 ὠς
3152 3950 3181 4001 ὀ
3213 3949 3363 4019 ἥλιος
3407 3947 3638 4002 ἐναντίον

2090 4057 2209 4111 μου.
2254 4059 2272 4092 ι
2305 4041 2413 4094 Καὶ
2438 4039 2597 4095 πάλιν
2617 4056 2631 4070 ’
2665 4059 2683 4091 ι
2721 4040 2830 4094 Καὶ
2858 4040 3092 4111 θήσομαι
3116 4043 3192 4104 εἰς
3223 4039 3311 4092 τὸν
3348 4039 3519 4092 αἰῶνα
3547 4037 3633 4090 τοῦ

2085 4133 2277 4198 αἰῶνος
2299 4133 2358 4187 τὸ
2384 4134 2602 4206 σπέρμα
2625 4132 2809 4197 αὐτοῦ,
2837 4133 3034 4187 καὶτὸν
3057 4132 3242 4205 θρόνον
3265 4133 3428 4186 αὐτοῦ
3452 4134 3527 4197 ώς
3546 4133 3634 4195 τὰς

2085 4225 2294 4296 ἡμέρας
2325 4225 2418 4279 τοῦ
2442 4224 2688 4297 ούρανοῦ.
2726 4243 2744 4277 ι
2780 4226 2859 4281 Τὰ
2900 4224 3246 4297 παραπλήσια
3276 4223 3319 4277 δ’
3347 4223 3413 4277 ἂν
3465 4223 3633 4294 εὕροις

2085 4310 2179 4365 καὶ
2200 4312 2259 4365 ὲν
2285 4312 2361 4382 τῷ
2400 4313 2656 4384 Ἱερεμίᾳ,
2691 4312 2817 4369 ἔνθα
2842 4313 3091 4385 εἴρηται,
3136 4332 3154 4365 ι
3192 4313 3314 4365 Ὀτι
3345 4312 3472 4366 τάδε
3497 4312 3633 4381 λέγει

424 4420 528 4459 non
558 4405 802 4462 interibit
837 4408 922 4462 vir
951 4423 981 4463 a
1012 4409 1148 4465 facie
1190 4428 1329 4477 mea,
1362 4414 1453 4484 qui
1493 4415 1681 4470 offerat
1716 4415 1979 4471 holocau-

2091 4403 2290 4476 Κύριος
2313 4419 2326 4435 ·
2361 4405 2473 4457 Οὐκ
2492 4396 3086 4479 ὲξολοθρευθήσεταιτῷ
3116 4403 3278 4458 Δαυίδ
3308 4402 3447 4474 ἀνὴρ
3484 4403 3633 4475 καθή-

422 4503 645 4561 tentata,
678 4505 732 4552 et
760 4497 1013 4553 incendat
1046 4502 1393 4565 sacriﬁcium,
1432 4511 1485 4560 et
1516 4507 1688 4561 caedat
1721 4507 1976 4564 victimas

422 4586 676 4642 omnibus
727 4588 1031 4645 diebus'M
1110 4591 1240 4661 Quae
1298 4594 1343 4649 si
1392 4594 1517 4663 quis
1570 4594 1814 4650 conferat
1853 4612 1976 4650 cum

420 4689 684 4748 praesente
712 4677 1020 4739 Judaeorum
1069 4686 1247 4748 ruina,
1281 4700 1579 4757 eorumque
1628 4686 1872 4743 historiis
1912 4689 1981 4743 ab

422 4769 649 4825 Ezechia
677 4779 731 4825 et
759 4770 1020 4828 Jechonia
1063 4776 1307 4845 regibus,
1338 4792 1569 4847 quorum
1604 4778 1708 4833 sub
1749 4779 1978 4849 imperio

422 4860 599 4916 'deleta
630 4871 712 4918 est
737 4861 1046 4921 Iudaeorum
1089 4867 1259 4937 regia,
1303 4867 1370 4923 de
1406 4866 1607 4925 Davide
1639 4877 1782 4936 orta,
1818 4877 1976 4940 pote-

418 4963 553 5018 stas,
574 4956 626 5008 in
653 4953 975 5027 Babylonem
1005 4957 1335 5027 captivitatis
1360 4970 1621 5031 tempore,
1644 4976 1709 5017 ex
1734 4978 1844 5031 qtto
1868 4976 1977 5016 non

412 5046 524 5114 jam
552 5046 957 5115 imperaverunt
998 5055 1091 5102 aut
1118 5058 1481 5120 regnaverunt
1518 5050 1738 5107 Davidis
1773 5055 1975 5122 posteri

418 5150 566 5190 nunc
606 5153 814 5205 usque;
863 5138 1128 5208 intelliget
1159 5156 1222 5193 ea
1261 5141 1408 5194 dicta
1451 5141 1675 5198 minime
1711 5142 1779 5198 ad
1820 5144 1979 5200 Davi-

419 5227 564 5291 dem,
595 5244 772 5298 neque
818 5229 883 5283 ad
926 5228 1275 5286 Salomouem
1330 5232 1525 5288 referri
1570 5250 1751 5306 posse.
1815 5236 1978 5307 Atqui

420 5317 574 5372 nefas
602 5327 686 5374 est
718 5319 807 5374 Dei
828 5320 1230 5389 praedictionem
1250 5323 1610 5393 jurejurando
1638 5326 1977 5398 obsignatam

421 5409 704 5465 mendacio
758 5425 1007 5484 arguere.
1074 5410 1131 5466 Si
1180 5421 1359 5469 autem
1400 5430 1585 5471 semen
1636 5413 1876 5481 Davidis,
1910 5416 1980 5471 de

2093 4512 2248 4565 μενος
2269 4498 2361 4549 ἐπὶ
2382 4495 2571 4567 θρόνου
2600 4499 2746 4551 οἴκου
2777 4498 2993 4568 Ἰσραήλ
3011 4513 3024 4527 ·
3052 4499 3273 4561 καὶτοῖς
3313 4495 3517 4569 ἱερεῦσι
3545 4497 3629 4549 καὶ

2084 4593 2195 4656 τοῖς
2218 4592 2465 4656 Λευίταις
2481 4592 2578 4645 οὐκ
2599 4591 2776 4657 ὲξολοθ
2785 4591 3097 4663 ρευθήσεται
3117 4592 3253 4661 ἀνὴρ
3266 4593 3331 4644 ὲκ
3350 4588 3628 4661 προσώπου

2088 4698 2216 4752 μου,
2253 4682 2536 4753 ἀναφέρων
2563 4681 3005 4753 ὁλοκαυτώματα,
3029 4684 3124 4737 καὶ
3151 4682 3291 4737 θύων
3320 4682 3508 4736 θυσίαν
3546 4681 3627 4735 καί

2087 4772 2254 4824 ποιῶν
2290 4772 2535 4844 θυμίαμα
2582 4775 2760 4837 πάσας
2795 4773 2892 4837 τὰς
2918 4774 3145 4845 ἡμέρας.
3180 4794 3199 4825 ι
3228 4772 3413 4828 Ταῦτα
3448 4774 3554 4845 γὰρ
3585 4772 3625 4825 εἰ

2087 4864 2423 4933 συνεξετὰζοι
2451 4885 2532 4933 τις
2568 4870 2633 4939 τῇ
2660 4886 2716 4923 τε
2748 4867 2993 4939 παρούσῃ
3018 4867 3125 4921 τῶν
3167 4867 3431 4921 Ἰουδαίων
3471 4883 3619 4920 κατα-

2087 4959 2272 5013 στάσει
2294 4959 2386 5012 καὶ
2409 4962 2526 5022 ταῖς
2549 4961 2667 5015 κατ’
2701 4960 2893 5023 αὐτοὺς
2932 4959 3189 5030 ἱστορίαις
3212 4960 3317 5017 ἀπὸ
3341 4959 3442 5026 τῆς
3491 4958 3624 5023 uage.

2086 5049 2204 5104 κίου
2225 5051 2318 5104 καὶ
2350 5050 2594 5120 Ἰεχονίου
2624 5049 2914 5118 βασιλείας,
2950 5050 3067 5103 καθ’
3098 5048 3189 5113 οὓς
3212 5050 3245 5120 ή
3270 5050 3334 5103 ὲκ
3359 5048 3517 5103 Δαυ“ιδ
3546 5064 3623 5100 πε-

2089 5144 2353 5215 ριεγράφη
2378 5142 2484 5195 τῶν
2518 5142 2780 5196 Ἰουδαίων
2808 5141 3047 5212 βασιλεία
3076 5144 3133 5194 ὲν
3152 5141 3227 5211 τῷ
3246 5143 3342 5211 τῆς
3364 5144 3442 5204 εἰς
3471 5136 3621 5191 Βαὸυ-

2084 5235 2227 5289 λῶνα
2251 5234 2620 5305 αἰχμαλωσίας
2647 5234 2843 5304 καιρῷ,
2890 5231 3006 5303 μεθ’
3035 5233 3095 5286 ὃν
3140 5232 3387 5304 οὐδαμῶς
3431 5229 3615 5301 ήρχθηο

2086 5342 2183 5402 σαν
2212 5325 2245 5395 ἢ
2274 5322 2695 5396 ἐϐασιλεύθησαν
2717 5324 2820 5376 ὑπὸ
2843 5323 2950 5376 τῶν
2975 5325 3038 5376 ὲκ
3086 5324 3249 5377 Δαυ¹ιδ
3291 5322 3614 5391 καταγόντων

2082 5417 2142 5470 τὸ
2170 5417 2326 5485 γένος
2351 5418 2427 5479 εἰς
2450 5415 2551 5477 ἔτι,
2584 5417 2665 5468 ὅτι
2693 5413 2954 5486 μηδαμῶς
2973 5414 3197 5485 ἁρμόζει
3224 5415 3342 5487 ἦτοι
3370 5413 3448 5483 τῷ
3475 5407 3613 5465 Δαυὶό

488 5583 531 5613 ⁷⁷
574 5586 612 5658 ll
658 5587 788 5657 Reg.
827 5604 932 5653 vn,
998 5588 1177 5658 1246.
1254 5588 1298 5620 ⁷⁸
1336 5585 1480 5642 Psal.
1524 5606 1795 5658 Lxxxwtt,
1853 5566 1943 5657 ἑά,
1981 5596 1988 5644 1

2146 5592 2191 5623 π
2230 5589 2372 5647 Psal.
2418 5605 2480 5655 ι,
2516 5590 2566 5644 6.
2644 5591 2691 5621 "
2730 5588 2867 5644 Psal.
2936 5602 3215 5653 Lxxxvnt,
3282 5588 3335 5647 5.
3411 5587 3452 5618 ⁸⁸
3492 5582 3603 5638 ibid.

418 5648 511 5706 3’5.
584 5657 626 5691 ⁸²
664 5648 800 5717 ibid.
837 5648 928 5714 30.
1005 5659 1050 5689 "
1076 5657 1397 5721 lenitum,
1436 5658 1518 5713 l7.
