3868 6264
265 270 387 329 1081

1274 262 1570 321 ECLOGE
1607 259 2085 325 PROPHETICE.
2124 291 2195 303 -
2232 260 2359 317 LIB.
2400 260 2442 316 l.

3360 261 3500 316 1032

260 387 409 463 imi
441 381 519 452 τῷ
563 380 830 451 Σολομῶνι
868 379 936 433 τὰ
963 378 1284 451 λελεγμένα,
1314 380 1388 446 ὡς
1405 379 1465 447 εξ
1504 380 1744 450 ἀνάγκης
1788 407 1790 424 ι

1894 393 2037 448 .quo
2066 378 2156 433 hic
2196 377 2402 432 mentio
2438 375 2691 441 habetur,
2745 374 2814 431 ad
2873 374 3150 431 Christum
3192 378 3493 433 secundum

265 480 334 553 μὴ
382 477 536 546 θέμις
578 472 745 543 ψευδῆ
783 471 1151 544 διελέγχεσθαι
1195 470 1511 542 συμϐαίνειν
1556 471 1655 539 τὴν
1697 468 1815 541 μεθ’

258 574 425 644 ὅρκων
453 564 545 623 τοῦ
582 565 716 618 Θεοῦ
741 566 1074 639 πρόρῥησιψ
1114 564 1169 618 ετ
1199 580 1261 632 γε
1308 563 1415 635 μὴν
1454 561 1818 633 ἀναφέροιμεν

258 663 314 716 τὸ
357 658 643 730 λεγόμενον
682 655 776 709 τοῦ
812 656 975 713 Δαυὶδ
1011 657 1229 728 σπέρμα
1263 656 1355 708 ἐπὶ
1401 654 1494 707 τὸν
1552 654 1610 721 ἐξ
1653 651 1814 706 αὑτοῦ

260 753 389 809 κατά
419 752 595 822 σάρκα
622 749 913 819 γενόμενον
948 748 1200 821 Χριστὸν,
1251 747 1417 817 σαφὲς
1444 747 1561 812 πῶς
1587 751 1666 812 είς
1723 745 1815 800 τὸν

255 845 417 901 οίῶνα
439 840 596 894 τοῦτο
625 841 685 893 τὸ
720 841 959 914 σπέρμα,
985 840 1126 894 τοῦτ’
1168 839 1312 893 ἔστιν
1337 840 1366 892 ό
1398 838 1628 911 Χριστὸς
1646 880 1660 905 ,
1699 838 1816 890 δια-

256 940 419 1011 μενεῖ,
458 933 686 997 καὶπῶς
723 936 751 988 6
773 933 959 1005 θρόνος
982 933 1145 987 αὐτοῦ
1168 933 1260 987 καὶ
1289 936 1320 1005 ἡ
1351 932 1691 1005 πνευματικὴ
1720 931 1815 1001 βα-

254 1029 415 1084 σιλεία
441 1028 544 1095 ἕως
564 1026 756 1089 αἰῶνος
775 1024 1002 1079 ἐνώπιον
1026 1026 1257 1096 ὑπάρχει
1281 1024 1374 1076 τοῦ
1406 1023 1636 1094 Πατρὸς,
1663 1023 1813 1094 ἀνορ-

249 1121 497 1193 θούμενος
527 1119 616 1172 ὑπ’
638 1117 800 1172 αὐτοῦ
834 1118 927 1172 καὶ
973 1115 1484 1188 ἀνοικοδομούμενος
1533 1114 1672 1168 κατὰ
1715 1130 1810 1182 γε-

248 1212 366 1265 νεὰν
389 1213 480 1264 καὶ
501 1209 694 1279 γενεὰν
731 1211 788 1263 ὲν
815 1212 934 1272 ταῖς
978 1207 1087 1262 τῶν
1138 1207 1499 1261 πιστευόντων
1534 1207 1618 1259 ἐπ’
1648 1205 1808 1259 αὑτὸν

246 1309 453 1380 ψυχαῖς.
480 1306 682 1358 Τούτου
714 1301 769 1369 δὲ
792 1302 882 1356 τοῦ
911 1302 1303 1372 ἀποδεδομένου
1330 1302 1460 1372 ἡμῖν
1496 1300 1809 1371 σπέρματος

245 1389 399 1458 Δαυῖδ
417 1398 663 1468 διαμενεῖ
700 1399 727 1449 6
756 1395 960 1466 θρόνος,
997 1394 1072 1457 ὡς
1103 1396 1130 1446 ὁ
1154 1394 1253 1463 τῆς
1291 1390 1634 1462 δικαιοσύνης
1659 1391 1807 1462 ἥλιος

245 1493 471 1547 ἐναντίον
494 1490 591 1543 τοῦ
624 1491 668 1543 Π
676 1489 855 1560 ατρὸς,
889 1488 980 1542 καὶ
999 1486 1074 1550 ὡς
1096 1487 1151 1538 αί
1178 1488 1382 1557 ἡμέραι
1415 1485 1506 1538 τοῦ
1538 1484 1767 1557 οὐρανοῦ
1790 1500 1805 1513 ’

240 1584 313 1638 διὸ
334 1584 466 1655 πρὸς
504 1583 667 1639 αὑτὸν
693 1582 797 1635 ὑπὸ
825 1581 917 1634 τοῦ
965 1580 1121 1648 ἁγίου
1156 1578 1473 1648 Πνεύματος
1523 1580 1581 1631 ὲν
1631 1578 1803 1650 ἑτέρῳ

1923 485 2144 526 carnem
2199 485 2267 526 ex
2316 486 2383 526 eo
2431 478 2619 526 natum
2690 467 3064 532 attribuimus.
3104 475 3290 539 aperte
3346 478 3493 540 patet

1923 566 2198 636 quomodo
2232 547 2307 622 ίιῖ
2343 566 2542 623 stecula
2576 581 2761 621 semen
2802 564 2962 630 illud,
2998 565 3053 620 id
3086 574 3168 621 est
3212 564 3489 631 Christus,

1923 665 2261 728 permaneat,
2317 667 2373 714 et
2427 659 2700 729 quomodo
2732 660 2968 714 thronus
3005 658 3125 728 ejus
3152 673 3216 712 ac
3246 659 3492 728 spiritale

1921 764 2147 822 regnum
2183 761 2288 807 stet
2319 766 2495 821 usque
2524 751 2578 805 in
2609 758 2877 805 aeternum
2911 757 3038 806 ante
3070 750 3263 806 faeiem
3287 748 3488 816 Patris,

1916 843 1986 897 ab
2031 856 2097 897 eo
2148 842 2418 897 firmatum
2478 842 2917 914 aedificatumque
2964 844 3021 898 in
3083 844 3487 913 generationem

1916 942 1968 987 et
1995 935 2404 1005 generationem
2442 935 2495 989 in
2543 951 2730 990 eorum
2783 938 2981 992 animis
3021 937 3114 1007 qui
3164 937 3394 991 credunt
3429 936 3484 990 in

1913 1041 2059 1081 eum.
2105 1025 2243 1081 Dato
2298 1027 2444 1082 enim
2480 1028 2640 1083 nobis
2674 1027 2777 1085 hoc
2814 1028 3036 1085 Davidis
3086 1030 3312 1092 semine,
3362 1045 3488 1102 per-

1914 1125 2095 1171 manet
2130 1117 2385 1182 thronus,
2420 1125 2481 1171 ut
2504 1119 2740 1188 justitia:
2785 1121 2871 1178 sol
2908 1130 3032 1175 ante
3067 1121 3257 1177 faciem
3280 1121 3480 1188 Patris,

1911 1215 1964 1262 et
2001 1214 2059 1263 ut
2106 1209 2226 1266 εωίί
2278 1209 2417 1264 dies.
2470 1209 2595 1265 ldeo
2655 1210 2724 1265 ad
2762 1226 2887 1266 eum
2937 1227 2966 1265 a
3027 1221 3221 1276 sancto
3274 1211 3482 1284 Spiritu

1911 1301 1963 1353 in
1993 1301 2100 1355 alio
2142 1302 2352 1370 psalmo
2386 1301 2592 1356 dictum
2635 1310 2756 1358 est:
2814 1301 3025 1360 «Sedes
3068 1311 3185 1367 tua,
3229 1304 3392 1371 Deus,
3425 1306 3482 1361 in

1917 1393 2174 1447 saeculum
2204 1394 2387 1448 saeculi
2413 1412 2425 1447 :
2455 1395 2607 1463 virga
2639 1395 2986 1461 directiouis,
3019 1396 3170 1467 virga
3196 1399 3346 1469 regni
3379 1399 3478 1456 tui.

1910 1483 2157 1539 Dilexisti
2175 1484 2470 1554 justitiam,
2499 1495 2553 1540 et
2587 1484 2750 1541 odisti
2779 1486 3151 1558 iniquitatem:
3194 1496 3481 1559 propterea

1907 1578 2064 1630 unxit
2108 1572 2161 1632 te
2200 1576 2369 1649 Deus,
2420 1576 2564 1634 Deus
2607 1587 2756 1645 tuus,
2803 1581 2925 1635 oleo
2964 1580 3165 1636 laetitiae
3204 1597 3317 1653 pra:
3347 1597 3480 1637 cono

238 1675 424 1748 ψαλμῷ
444 1676 692 1730 λέλεκται
707 1690 721 1703 ’
752 1694 770 1726 ι
795 1676 852 1727 ’0
873 1674 1059 1747 θρόνος
1078 1691 1189 1737 σου,
1209 1675 1237 1726 6
1260 1672 1411 1736 Θεὸς,
1429 1673 1507 1735 εἰς
1526 1671 1616 1724 τὸν
1632 1671 1790 1724 αίῶνα

1912 1670 2154 1725 sortibus
2186 1672 2295 1726 tuis
2313 1671 2414 1724 “.i
2466 1670 2722 1727 Christus
2768 1687 2895 1727 vero
2924 1672 3146 1733 domum
3172 1673 3473 1731 Ecclesiam

237 1766 323 1819 τοῦ
368 1764 564 1830 αἰῶνος
588 1807 602 1831 ,
633 1764 825 1836 ῥάϐδος
854 1764 1145 1836 εὐθύτητος
1201 1766 1234 1835 ἡ
1293 1762 1486 1834 ῥάϐδος
1514 1762 1613 1833 τῆς
1652 1761 1804 1832 βασι-

234 1859 372 1922 λείας
426 1876 546 1912 σου.
613 1858 935 1928 Ἠγάπησας
994 1855 1336 1928 δικαιοσύνην
1384 1855 1477 1910 καὶ
1534 1856 1801 1926 ἐμίσησας

233 1949 472 2021 ἀνομίαν,
490 1950 581 2005 διὰ
603 1950 760 2003 τοῦτο
782 1948 967 2022 ἕχρισέ
1002 1966 1059 2002 σε
1080 1951 1109 2001 6
1130 1949 1259 2013 Θεὸς
1278 1951 1306 2002 6
1338 1947 1470 2012 Θεὸς
1494 1965 1585 2001 σου
1625 1947 1799 2000 ἔλαιον

234 2041 600 2112 ἀγαλλιάσεως
643 2039 795 2113 παρὰ
854 2044 980 2106 τοὺς
1035 2041 1292 2113 μετόχους
1333 2059 1446 2098 σου.
1510 2061 1527 2093 ι
1574 2040 1631 2094 Ὁ
1666 2042 1800 2112 Χρι-

232 2130 346 2195 στδς
371 2132 425 2185 δὲ
448 2133 547 2186 καὶ
580 2131 726 2186 οἷκον
754 2134 851 2203 τὴν
891 2132 1213 2204 Ἐκκλησίαν
1242 2132 1562 2204 οἰκοδόμησε
1581 2131 1659 2204 τῷ
1684 2134 1798 2185 Πα-

228 2220 310 2291 τρὶ
334 2222 394 2272 ἐκ
419 2220 585 2274 λίθων
607 2221 823 2286 ζώντων
856 2222 948 2276 καὶ
968 2224 1189 2294 νοερῶν,
1216 2223 1386 2292 ἁγίων
1410 2224 1504 2283 καὶ
1525 2223 1796 2294 ὲναρέτων

227 2311 423 2383 ψυχῶν,
455 2314 587 2366 ναὸν
620 2317 840 2388 ἐγείρας
868 2316 1003 2372 πολὺ
1035 2317 1319 2389 κρείττονα
1353 2319 1448 2371 καὶ
1472 2316 1797 2388 διαφέροντα

227 2405 315 2474 τῆς
336 2405 437 2459 ὑπὸ
464 2406 779 2479 Σολομῶνος
808 2411 1142 2483 προσκαίρου
1167 2412 1261 2465 καὶ
1292 2409 1484 2481 μηκέθ’
1520 2405 1795 2481 ὑπαρχού-

229 2499 640 2572 σηςοίκοδομῆς.
668 2501 852 2574 Τούτῳ
886 2503 942 2558 δὲ
983 2506 1076 2557 καὶ
1100 2504 1127 2555 ὁ
1168 2503 1488 2569 Ἀπόστολος
1529 2502 1795 2574 μαρτυρεῖ

226 2592 510 2664 προσήκειν
548 2595 664 2666 τὴν,
700 2614 718 2647 ι
761 2596 901 2665 Ἐγὼ
933 2596 1126 2668 ἔσομαι
1159 2596 1307 2667 αὑτῷ
1336 2599 1415 2661 εἰς
1450 2596 1659 2667 πατέρα
1699 2598 1792 2651 καὶ

224 2681 373 2747 αὐτὸς
402 2685 558 2739 ἔσται
587 2705 677 2758 μοι
696 2688 776 2752 είς
802 2689 934 2754 υίὸν,
963 2708 981 2741 ι
1011 2690 1213 2762 φωνὴν,
1240 2688 1487 2743 ὲντεῦθεν
1512 2689 1681 2760 αὐτὴν
1712 2691 1791 2742 εί»

222 2769 393 2844 ληφὼς
419 2778 475 2830 ὲν
500 2780 570 2849 τῇ
613 2779 749 2852 πρὸς
788 2778 1066 2850 Ἑϐραίους
1102 2780 1369 2848 συντάξει,
1415 2781 1543 2836 ἔνθα
1587 2782 1747 2853 φησίν
1771 2796 1786 2813 '

228 2884 245 2915 ι
283 2866 393 2921 Τίνι
426 2870 541 2943 γὰρ
575 2867 724 2928 εἶπέν
772 2890 901 2926 ποτε
942 2873 1051 2927 τῶν
1095 2874 1375 2944 ἀγγέλων,
1411 2876 1541 2940 Υἱός
1589 2894 1688 2949 μου
1739 2872 1793 2929 εἴ

222 2959 302 3021 σὺ,
335 2961 442 3030 ἐγὼ
469 2966 713 3034 σήμερον
741 2965 1044 3038 γεγέννηκά
1072 2983 1129 3020 σε
1155 2984 1169 2998 σ
1212 2988 1231 3019 ι
1263 2967 1357 3020 καὶ¹
1378 2968 1558 3034 πάλιν,
1591 2987 1611 3021 t
1646 2967 1787 3039 Ἐγὼ

1907 1761 2193 1817 aedificavit
2218 1760 2369 1817 Patri
2416 1763 2691 1833 lapidibus
2746 1764 3059 1821 viventibus
3116 1767 3478 1838 spiritalibus-

1903 1869 2031 1924 que,
2065 1856 2273 1909 sanctis
2305 1853 2629 1927 eximiisque
2659 1858 2881 1922 animis,
2929 1866 3113 1913 erecto
3162 1860 3333 1912 multo
3378 1874 3476 1929 po-

1903 1945 2061 2013 tiore,
2081 1946 2421 2019 multumque
2452 1962 2482 2000 a
2517 1948 2724 2003 caduco
2747 1965 3003 2020 nuncque
3038 1950 3256 2020 penitus
3282 1965 3476 2006 everso

1904 2036 2211 2096 Salomonis
2255 2040 2509 2098 dissimili
2538 2042 2761 2112 templo.
2803 2044 2882 2097 Ad
2916 2059 3077 2114 quem
3111 2060 3172 2099 ea
3225 2052 3474 2114 spectare

1899 2133 2102 2185 verba:
2160 2148 2180 2182 ι
2205 2130 2316 2203 Ego
2359 2148 2453 2189 ero
2482 2133 2559 2188 illi
2602 2133 2656 2187 in
2698 2144 2929 2202 patrem,
2963 2143 3017 2188 et
3056 2135 3173 2205 ipse
3199 2135 3304 2189 erit
3332 2134 3468 2189 mihi

1899 2224 1953 2278 in
1992 2225 2180 2289 illium,
2212 2244 2230 2278 ι
2278 2233 2512 2280 testatur
2559 2236 2613 2281 et
2666 2226 2966 2298 Apostolus
3007 2229 3062 2283 in
3110 2244 3208 2284 sua
3253 2228 3321 2283 ad
3366 2227 3473 2283 He-

1898 2318 2076 2374 bre-os
2109 2319 2524 2376 admonitione:
2576 2338 2594 2370 ι
2627 2320 2728 2376 Cui
2779 2323 2924 2376 enim
2975 2323 3114 2377 dixit
3166 2322 3461 2394 aliquando

1896 2412 2244 2481 angelorum:
2270 2411 2442 2468 Filius
2473 2430 2625 2469 meus
2646 2431 2706 2469 es
2727 2424 2805 2481 tu,
2832 2430 2934 2485 ego
2962 2414 3123 2471 hodie
3149 2416 3307 2486 genui
3330 2421 3405 2473 te.
3440 2433 3463 2470 ι

1898 2501 1961 2554 Et
1994 2515 2252 2558 rursum:
2324 2520 2341 2553 ι
2377 2502 2490 2573 Ego
2520 2518 2616 2558 ero
2643 2505 2718 2558 illi
2770 2506 2825 2558 in
2872 2512 3105 2576 patrem,
3136 2512 3190 2560 et
3218 2506 3334 2577 ipse
3362 2505 3469 2561 erit

1894 2592 2025 2646 mihi
2061 2593 2115 2647 in
2166 2591 2467 2648 filium"?i
2524 2592 2657 2661 Quae
2712 2604 2893 2650 autem
2926 2596 2994 2650 ab
3026 2596 3166 2651 illis:
3218 2594 3369 2664 «Qui
3417 2596 3466 2653 si

1895 2680 2082 2752 inique
2134 2682 2341 2755 aliquid
2390 2684 2642 2754 gesserit,
2677 2700 2904 2756 arguam
2944 2701 3068 2739 eum
3104 2686 3161 2739 in
3197 2685 3348 2757 virga
3383 2686 3467 2740 vi-

1892 2788 2077 2827 rorum
2109 2793 2128 2825 ι
2163 2773 2228 2827 de
2251 2776 2451 2854 populo
2477 2775 2531 2829 in
2553 2775 2830 2835 Christum
2856 2778 3113 2833 credente
3135 2778 3280 2832 dicta
3302 2788 3464 2849 sunt;

1890 2881 2091 2945 corpus
2124 2867 2265 2923 enim
2292 2866 2497 2923 Christi
2519 2867 2765 2924 Ecclesia
2806 2880 2890 2924 est
2909 2870 2977 2933 ⁸⁸,
3002 2870 3301 2926 secundum
3327 2871 3465 2945 Apo-

1890 2938 2109 3015 stolum.
2151 2958 2309 3026 Quod
2332 2969 2512 3015 autem
2535 2960 2603 3016 ad
2632 2960 2916 3016 credentes
2946 2962 3000 3021 in
3025 2978 3149 3018 eum
3180 2977 3242 3017 ea
3274 2938 3461 3028 verba,

220 3050 398 3123 ἔσομαι
440 3056 595 3126 αὐτῷ
627 3060 707 3120 εἰς
762 3058 991 3131 πατέρα,
1034 3062 1126 3114 καὶ
1161 3061 1321 3125 αὐτὸς
1369 3060 1522 3114 ἐσται
1581 3079 1671 3133 μοι
1705 3065 1784 3126 είς

1894 3054 1959 3109 de
2010 3055 2211 3125 quibus
2264 3054 2686 3125 investigamus,
2747 3063 3024 3124 spectant,
3089 3054 3464 3109 animadverte

218 3144 340 3197 υἱόν.
384 3166 399 3196 ι
438 3148 528 3200 Τὰ
557 3148 599 3201 δ’
641 3149 747 3201 ἀπὸ
778 3149 893 3213 τοῦ,
934 3169 953 3201 ι
990 3153 1083 3205 καὶ
1114 3152 1181 3205 ἂν
1213 3152 1340 3226 ἔλθῃ
1372 3148 1553 3207 ἀδικία
1593 3152 1780 3219 αὐτοῦ,

220 3237 304 3290 καὶ
336 3237 542 3309 ἐλέγξω
571 3241 732 3297 αὑτὸν
771 3245 829 3296 ὲν
852 3244 1033 3315 ῥάϐδῳ
1086 3244 1314 3316 ἀνδρῶν,
1353 3266 1371 3299 ι
1405 3246 1534 3318 περὶ
1580 3246 1673 3300 τοῦ
1709 3248 1788 3311 είς

218 3328 437 3399 Χριστὸν
468 3333 861 3402 πιστεύσαντος
885 3335 1014 3390 λαοῦ
1048 3338 1292 3409 εἴρηται’
1327 3338 1448 3392 ἐπεὶ
1489 3339 1584 3394 καὶ
1629 3339 1788 3410 σῶμα

216 3419 439 3492 Χριστοῦ
502 3427 539 3497 ἠ
573 3425 868 3499 Ἐκκλησία
921 3427 1084 3482 αὐτοῦ
1129 3429 1475 3501 χρηματίζει,
1511 3431 1649 3486 κατὰ
1695 3431 1786 3487 τὸν

214 3509 548 3570 ’Δπόστολον.
583 3518 705 3572 Ὅτι
737 3518 793 3572 δὲ
825 3518 1081 3591 περὶτῶν
1114 3521 1555 3576 πεπιστευκότων
1577 3523 1657 3586 είς
1686 3523 1784 3581 αὐτ

213 3605 297 3659 τὸν
333 3607 399 3661 τά
424 3610 529 3681 τῆς
570 3611 872 3682 ἐπισκοπῆς
917 3613 1150 3683 εἴρηται,
1184 3613 1475 3685 ἐπίστησον
1509 3615 1782 3686 ἐπιμελῶς

212 3692 514 3773 λελεγμένῳ
557 3700 936 3771 πληθυντικῶς
965 3702 1062 3773 τῷ,
1100 3723 1118 3754 ι
1144 3705 1216 3757 Τὸ
1244 3703 1300 3757 δὲ
1351 3705 1500 3769 ἔλεός
1530 3723 1632 3777 μου
1679 3707 1782 3761 οὐκ

211 3785 494 3863 ἀποστήσω
528 3794 622 3846 ἀπ’
651 3793 858 3847 αὐτῶν·
891 3815 909 3846 ι
950 3794 1134 3863 σαφῶς
1165 3796 1259 3850 καὶ⁹
1288 3799 1346 3849 ὲν
1378 3796 1455 3869 τῷ
1483 3796 1682 3869 ψαλμῷ
1714 3797 1783 3852 τὰ

212 3882 560 3954 παραπλήσια
585 3888 697 3950 τοῖς
714 3885 776 3957 (f.
798 3886 885 3957 l6)
903 3886 1086 3941 ἐνθάδε
1113 3889 1242 3960 περὶ
1268 3888 1375 3943 τῶν
1399 3889 1527 3943 υίῶν
1566 3889 1780 3962 εἴρηται

208 3970 294 4023 τοῦ
325 3975 824 4046 προφητευομένου,
843 3978 900 4030 ὲν
916 3975 993 4046 τῷ
1020 3995 1036 4027 ι
1061 3979 1170 4031 Καὶ
1196 3977 1291 4031 ἐὰν
1316 3978 1779 4047 ὲγκαταλείπωσιν

207 4064 252 4116 οἱ
277 4066 379 4120 υἱοὶ
404 4067 569 4122 αὑτοῦ
603 4069 693 4123 τὸν
719 4070 880 4140 νόμον
904 4088 1025 4141 μου,
1056 4072 1150 4125 καὶ
1177 4074 1287 4135 τοῖς
1310 4072 1539 4145 κρίμασί
1567 4091 1668 4143 μου
1704 4073 1778 4146 μὴ

207 4159 557 4228 πορευθῶσιν,
585 4161 678 4216 ἐὰν
703 4163 770 4217 τὰ
790 4163 1134 4235 δικαιώματά
1171 4183 1270 4237 μου
1296 4164 1666 4237 βεϐηλώσωσι,
1685 4168 1779 4221 καὶ

204 4248 297 4314 τὰς
315 4253 534 4319 ἐντολάς
556 4272 656 4325 μου
686 4257 759 4329 μὴ
781 4257 1106 4326 φυλάξωσιν,
1128 4259 1494 4331 ἐπισκέψομαι
1514 4262 1572 4314 ὲν
1600 4261 1778 4333 ῥάϐδῳ

202 4338 296 4403 τὰς
339 4342 567 4415 ἀνομίας
601 4344 797 4409 αὐτῶν,
832 4349 926 4400 καὶ
964 4351 1022 4402 ὲν
1064 4349 1283 4421 μάστιξι
1316 4349 1412 4412 τὰς
1438 4349 1650 4415 ἀδικίας
1677 4352 1773 4406 αὑ-

1891 3147 2083 3204 sedulo
2132 3148 2339 3204 dictum
2399 3163 2523 3204 esse
2569 3148 2895 3219 pluraliter:
2983 3167 3001 3199 ι
3032 3145 3461 3203 Misericordiae:

1893 3248 2074 3294 autem
2106 3254 2284 3294 meam
2332 3254 2443 3300 non
2499 3239 2746 3294 auferant
2780 3239 2847 3294 ab
2878 3239 3000 3299 iis.)
3058 3237 3345 3295 Manifeste
3403 3245 3458 3293 et

1889 3331 1943 3391 in
1988 3331 2205 3401 psalmo
2247 3346 2358 3385 non
2417 3330 2693 3387 absimilia
2747 3330 2817 3385 iis
2866 3331 2933 3385 de
2991 3331 3120 3388 ﬁliis
3164 3330 3311 3409 illius
3354 3331 3461 3407 qui

1889 3421 2245 3494 prophetatus
2282 3429 2390 3488 est,
2425 3422 2720 3478 dicuntur:
2780 3441 2799 3472 ι
2833 3422 2887 3477 Si
2937 3432 3120 3481 autem
3151 3422 3461 3492 derelique-

1886 3513 1998 3568 rint
2039 3512 2132 3568 ﬁlii
2172 3515 2291 3584 ejus
2350 3513 2520 3585 legem
2583 3528 2783 3577 meam.
2838 3521 2893 3568 et
2944 3514 3000 3569 in
3051 3514 3278 3584 judiciis
3322 3512 3459 3570 meis

1884 3621 1993 3661 non
2018 3604 2448 3671 ambulaverint;
2482 3605 2528 3659 si
2559 3604 2805 3675 justitias
2856 3619 3006 3661 meas
3047 3602 3459 3674 profanaverint

1883 3706 1938 3753 et
1967 3695 2223 3751 mandata
2250 3709 2367 3751 mea
2398 3712 2506 3750 non
2531 3695 2922 3751 custodiet-int:
2974 3695 3212 3751 visitabo
3250 3695 3307 3748 in
3338 3693 3453 3747 vir-

1883 3803 1948 3858 ga
1980 3788 2293 3858 iniquitates
2318 3802 2531 3852 eorum,
2576 3796 2629 3842 et
2665 3787 2719 3840 in
2753 3785 3077 3843 verberibus
3111 3795 3333 3855 peccata
3360 3801 3445 3841 eo-

1883 3895 2026 3933 rum.
2084 3878 2519 3939 Misericordiam
2548 3888 2731 3934 autem
2770 3893 2947 3935 meum
2984 3894 3095 3933 non
3137 3876 3452 3950 dispergam

1881 3973 1951 4029 ab
2004 3972 2084 4026 eis
2108 3971 2210 4028 ⁸⁷.»
2274 3971 2510 4029 Attende
2562 3972 2836 4042 quomodo
2889 3991 2907 4023 ί
2938 3972 3120 4042 virgas
3167 3971 3449 4027 hominum

1878 4074 1933 4120 et
1964 4066 2151 4137 plagas
2183 4066 2417 4122 filiorum
2464 4066 2771 4129 hominum,
2798 4084 2817 4116 ι
2860 4064 3224 4137 temporarias
3267 4079 3452 4136 perse-

1882 4158 2131 4212 cutiones
2165 4173 2323 4213 sacra
2371 4165 2531 4212 vocat
2554 4156 2806 4213 historia.
2848 4154 3235 4211 Verumtamen
3268 4157 3452 4212 multae

1880 4257 2007 4305 sunt
2046 4249 2140 4305 Dei
2172 4249 2582 4313 advocationes,
2616 4256 2670 4305 et
2720 4264 2816 4319 per
2847 4246 3162 4318 Scripturas
3188 4247 3447 4303 exhorta-

1880 4344 2079 4409 tiones,
2115 4357 2238 4413 quaz
2268 4356 2371 4397 nos
2404 4341 2701 4396 admonent
2731 4356 2798 4397 ne
2852 4340 3137 4395 suscitatis
3181 4338 3445 4395 adversus

202 4429 304 4485 τῶν
322 4450 335 4462 ·
364 4436 427 4487 τὸ
457 4435 515 4488 δὲ
540 4434 688 4501 ἔλεός
723 4455 823 4508 μου
844 4438 903 4491 οὐ
950 4439 1025 4510 μὴ
1053 4417 1389 4493 διασκεδάσω
1414 4442 1511 4495 ἀπ’
1536 4441 1765 4495 αὐτῶν.»

1894 4450 1977 4490 ros
2031 4433 2508 4504 persecutionibus
2560 4431 2918 4500 temporariis
2981 4432 3319 4486 cederemus.
3380 4429 3448 4486 Ut

203 4518 337 4593 Ὅρα
375 4525 431 4579 δὲ
460 4526 576 4592 πῶς
607 4529 833 4599 ῥάϐδους
870 4530 1075 4601 ἀνδρῶν
1095 4532 1200 4594 καὶ
1234 4531 1376 4602 ἁφάς
1404 4532 1534 4586 υἱῶν
1560 4533 1772 4607 ἀνθρώ-

202 4627 313 4666 πων
346 4616 472 4680 τοὺς
516 4619 656 4672 κατὰ
705 4619 894 4690 καιρὸν
915 4620 1192 4691 ὠνόμασεν
1219 4624 1248 4676 ό
1283 4621 1437 4691 λόγος
1469 4623 1768 4695 διωγμούς·

201 4701 331 4776 πλὴν
360 4709 550 4763 πολλαὶ
578 4710 670 4764 τοῦ
697 4711 831 4765 Θεοῦ
857 4712 913 4765 αἱ
935 4712 1325 4785 παρακλήσεις,
1353 4717 1445 4769 καὶ
1477 4719 1531 4770 αί
1557 4716 1645 4770 διὰ
1665 4717 1771 4771 τῶν

201 4791 237 4843 Γ
245 4796 426 4864 ραφῶν
456 4802 823 4873 παραμυθίαι,
853 4802 926 4879 μὴ
950 4802 1193 4875 ἀπαυδᾷν
1219 4807 1351 4876 ἡμῖν
1379 4807 1769 4878 ἐπιτρέπουσαι

199 4885 287 4940 ἐπὶ
304 4894 415 4955 τοῖς
450 4893 571 4948 καθ’
598 4894 751 4966 ἡμῶν
783 4897 1193 4969 ὲνεργουμένοις
1219 4899 1359 4953 κατὰ
1398 4903 1621 4974 καιροὺς
1644 4902 1769 4956 διω-

196 4983 350 5048 γμοῖς
368 4999 380 5012 ·
411 4985 487 5049 ὡς
514 4986 621 5057 γὰρ
650 4989 1038 5058 ἐπισκέψεσθαι
1064 4990 1149 5043 διὰ
1182 4991 1376 5063 ῥάϐδου
1404 4993 1496 5048 τὸν
1523 4995 1616 5050 τοῦ
1640 4997 1685 5049 Χ
1694 5013 1769 5068 ρι-

198 5072 319 5126 στοῦ
364 5082 595 5149 προεῖπε
621 5079 746 5135 λαὸν
774 5082 1108 5153 ἁμαρτόντα,
1137 5083 1279 5138 οὕτω
1309 5087 1402 5141 καὶ
1430 5087 1490 5140 τὸ
1523 5088 1596 5159 μὴ
1627 5090 1764 5143 ἀπο-

196 5169 408 5240 στήσειν
430 5174 595 5231 αὺτοῦ
618 5176 679 5230 τὸ
707 5175 855 5242 ἔλεος
887 5180 1299 5250 προῦπέσχηται
1333 5181 1522 5247 εἰπὼν,
1555 5203 1573 5234 ι
1612 5185 1684 5238 Τὸ
1708 5185 1763 5239 δὲ

193 5259 334 5328 ἔλεός
382 5283 483 5336 μου
521 5269 582 5322 οὐ
625 5268 698 5342 μὴ
728 5270 1018 5341 ἀποστήσω
1056 5273 1148 5325 ἀπ’
1195 5274 1394 5338 αὐτῶν,
1435 5275 1617 5341 καθὼς
1659 5279 1764 5331 άπ-

1878 4529 2022 4582 enim
2053 4527 2205 4598 virga
2235 4542 2295 4582 se
2326 4526 2725 4596 castigaturum
2760 4538 2883 4579 esse
2908 4524 3158 4594 praedixit
3182 4523 3445 4594 populum

1882 4620 1974 4673 Dei
2009 4626 2352 4690 peccantem,
2386 4617 2467 4673 sic
2508 4623 2562 4671 et
2590 4632 2699 4671 non
2734 4618 2803 4670 ah
2843 4633 2910 4671 eo
2944 4615 3276 4671 defecturam
3320 4629 3445 4672 esse

1875 4712 2152 4784 pollicitus
2179 4720 2264 4766 est
2310 4709 2774 4773 misericordiam,
2825 4708 3045 4765 dicens:
3099 4707 3446 4764 «Misericor-

1874 4804 2021 4857 diam
2047 4809 2227 4858 autem
2260 4816 2434 4856 meam
2460 4815 2572 4855 non
2621 4798 2867 4854 auferam
2898 4798 2967 4851 ab
2995 4797 3084 4861 iis,
3132 4797 3275 4852 sicut
3317 4795 3446 4851 abs-

1870 4897 1970 4951 tuli
1999 4897 2068 4951 ab
2126 4896 2213 4963 iis,
2246 4911 2386 4967 quos
2426 4892 2606 4949 amovi
2641 4908 2671 4946 a
2703 4891 2847 4947 facie
2880 4906 3053 4946 mea.»
3097 4889 3311 4956 Quaeret
3347 4904 3443 4943 auo

1874 5004 1982 5050 tem
2020 4993 2160 5065 apud
2205 5008 2345 5064 quos
2395 4998 2543 5047 esset
2590 4997 2718 5047 ante
2778 4989 3018 5060 gentium
3056 4987 3315 5059 populum
3347 4984 3441 5039 Dei

1872 5087 2273 5151 misericordia,
2307 5099 2469 5157 quam
2499 5082 2725 5139 omnino
2756 5081 2827 5137 ab
2878 5081 2959 5137 eis
2992 5079 3328 5136 abstulerat:
3365 5077 3442 5132 si-

1871 5181 2071 5236 militer
2099 5180 2245 5236 enim
2284 5195 2344 5237 se
2377 5177 2648 5233 facturum
2676 5191 2800 5232 esse
2845 5173 3125 5248 promittit
3150 5173 3207 5226 in
3232 5168 3439 5229 Christi

1875 5277 2154 5355 populum.

192 5355 391 5429 έστησα
422 5360 515 5431 ἀφ’
549 5355 625 5417 ὧν
667 5364 974 5437 ἀπέστησα·
1015 5389 1034 5421 ι
1071 5367 1296 5440 ζητήσει
1336 5370 1380 5423 δ’
1408 5372 1500 5425 ἐπὶ
1536 5374 1688 5439 τίνας
1722 5372 1791 5446 ἦν
1828 5377 1935 5449 πρὸ
1990 5376 2083 5430 τοῦ
2116 5374 2175 5440 ἐξ
2215 5372 2384 5429 ὲθνῶν
2408 5371 2537 5425 λαοῦ
2563 5370 2624 5424 τὸ
2658 5368 2752 5423 τοῦ
2780 5366 2913 5425 Θεοῦ
2942 5365 3107 5434 ἔλεος,
3141 5365 3276 5439 ὅπερ
3303 5380 3438 5420 παν-

189 5452 354 5517 τελῶς
388 5456 482 5508 ἀπ’
508 5458 687 5513 αὐτῶν
721 5460 1066 5532 ἀπέστησας·
1102 5460 1163 5519 οὗ
1191 5466 1252 5518 τὸ
1279 5466 1474 5537 δόμοιον
1504 5471 1748 5540 ποιήσειν
1787 5473 2124 5544 ὑπισχνεῖται
2153 5470 2293 5524 κατά
2321 5470 2412 5523 τὸν
2435 5466 2527 5521 τοῦ
2556 5465 2790 5539 Χριστοῦ
2831 5463 2972 5519 λαόν.

256 5700 300 5731 ⁸⁸
338 5700 483 5759 Psal.
520 5721 673 5771 xmv,
708 5705 768 5770 7,
805 5704 856 5761 8.
936 5708 982 5741 ⁸⁵
1021 5708 1185 5768 llebr.
1227 5726 1282 5779 ι,
1318 5712 1369 5770 5.
1446 5713 1491 5747 ⁸⁸
1529 5711 1741 5772 Coloss.
1778 5731 1790 5771 ι

1894 5716 1952 5772 L4.
2029 5715 2071 5749 ⁸⁷
2113 5713 2257 5773 Psal.
2288 5730 2562 5782 Lxxxvm,
2599 5712 2689 5770 31.
