3868 6264
369 321 510 378 1083

947 455 1174 511 CAPUT
1214 454 1357 509 XXI.

444 595 462 626 ι
497 574 733 629 Locutus
774 579 858 626 est
901 579 1081 625 autem
1112 569 1278 624 David
1310 570 1538 623 Domino
1569 569 1732 623 verba
1763 567 1928 636 hujus

367 666 629 721 carminis
655 706 668 728 ,
703 663 755 716 in
791 661 878 716 die
908 677 1014 732 qua
1061 661 1309 716 liberavit
1346 676 1470 714 eum
1514 659 1776 714 Dominus
1805 659 1870 714 ⁸⁸.
1906 678 1924 711 ι

370 757 502 810 Dein
533 756 587 808 in
616 753 973 824 sequentibus
1003 772 1016 806 :
1046 771 1066 802 ί
1103 752 1383 806 lnclinavit
1419 752 1592 805 caelos
1623 757 1676 806 et
1705 751 1932 804 descen-

369 846 449 898 dit
476 864 486 896 :
518 853 570 898 et
597 845 772 913 caligo
799 842 902 896 sub
928 841 1156 912 pedibus
1187 840 1308 908 ejus
1334 841 1401 895 ".
1437 859 1454 891 ι
1486 839 1550 892 Ει
1581 855 1776 894 rursus
1810 847 1933 909 post

371 936 485 990 haec
528 952 542 988 :
593 951 611 982 ‹
653 931 899 987 Salvabis
951 947 1034 986 me
1086 946 1114 984 a
1168 929 1695 984 contradictionibus
1747 928 1931 998 populi

370 1026 507 1079 mei:
533 1024 808 1079 custodies
836 1039 920 1076 me
940 1023 994 1075 in
1023 1031 1186 1091 caput
1213 1020 1474 1092 gentium.
1503 1019 1742 1089 Populus
1773 1036 1934 1089 quem

373 1116 564 1186 ignoro
609 1115 809 1169 serviet
854 1113 1005 1167 mihi.
1034 1111 1154 1166 Filii
1183 1112 1341 1166 alieni
1365 1112 1623 1166 resistent
1647 1111 1777 1166 mihi
1796 1151 1811 1174 ,
1839 1125 1931 1164 au-

371 1206 489 1260 ditu
525 1205 675 1260 auris
706 1205 958 1259 obedient
990 1202 1118 1256 mihi
1148 1221 1161 1256 :
1188 1201 1280 1254 lilii
1317 1201 1476 1254 alieni
1520 1200 1858 1255 deﬂuxerunt
1885 1207 1938 1254 et

373 1299 766 1354 contrahentur
796 1299 849 1350 in
912 1295 1181 1366 angustiis
1215 1295 1331 1349 suis
1359 1294 1426 1348 ὀ.
1457 1314 1474 1344 ι
1529 1293 1655 1348 Haec
1682 1294 1939 1348 dicuntur

376 1392 486 1446 fere
513 1391 716 1445 eisdem
749 1389 930 1444 verbis
960 1389 1013 1441 in
1045 1387 1256 1442 decimo
1285 1387 1515 1455 septimo
1547 1386 1758 1456 psalmo
1788 1403 1801 1451 ;
1836 1401 1936 1455 op-

375 1484 663 1554 portunius
704 1482 1142 1550 explicabuntur,
1173 1494 1297 1533 cum
1338 1477 1680 1533 Psalmorum
1722 1478 1940 1548 eclogas

376 1575 706 1630 notabimus.
753 1571 910 1626 Nunc
961 1587 1089 1626 vero
1139 1571 1243 1624 hoc
1285 1577 1495 1625 tantum
1537 1569 1940 1625 animadverte—

377 1679 538 1726 mus,
589 1663 733 1733 quod
784 1661 946 1715 verba
997 1662 1151 1715 haec:
1192 1681 1209 1711 ι
1243 1659 1527 1715 lnclinavit
1570 1661 1741 1716 cmlos
1769 1670 1822 1715 et
1849 1661 1943 1714 de-

377 1753 589 1810 scendit
619 1771 638 1804 »
664 1751 730 1807 de
772 1752 977 1808 Christi
1009 1768 1038 1807 e
1081 1752 1236 1808 caelis
1288 1751 1552 1806 descensu
1597 1750 1942 1822 intelligenda

1093 309 1359 368 EUSEBII
1397 308 1876 366 CxESARlENSIS
1913 307 2060 364 OPP.
2105 309 2284 364 PARS
2315 306 2488 364 lll.-
2521 307 2930 364 EXEGETICA.

3462 311 3588 364 1084

2534 453 2921 506 ΚΕΦΑΛΑΙΟΝ
2963 452 3090 506 KA'.

2107 586 2125 618 ι
2171 566 2277 619 Kal.
2325 564 2548 636 ἑλάλησε
2591 563 2751 617 Δαυὶδ
2784 563 2860 633 τῷ
2890 563 3077 634 Κυρίῳ
3116 563 3239 625 τοὺς
3281 559 3471 629 λόγους
3502 561 3594 629 τῆς

2029 659 2169 730 ᾠδῆς
2218 660 2438 727 ταύτης.
2511 675 2529 708 ι
2589 652 2721 710 Εἶτα
2759 658 2815 708 ὲν
2871 659 2980 719 τοῖς
3014 655 3157 726 ἑξῆς·
3202 673 3220 706 ι
3263 655 3372 709 Καὶ
3399 653 3599 706 ἔκλινεν

2039 751 2301 823 οὐρανοὺς
2332 750 2426 802 καὶ
2446 749 2673 819 κατέϐη,
2693 749 2784 800 καὶ
2807 747 3000 816 γνόφος
3025 747 3277 800 ὑποκάτω
3302 745 3408 798 τῶν
3433 746 3603 800 ποδῶν

2031 843 2213 898 αὑτοῦ.
2241 863 2259 894 ι
2281 843 2389 895 Καὶ
2421 840 2575 893 πάλιν
2601 840 2734 911 μετὰ
2756 839 2944 904 ταῦτα,
2980 858 2998 890 ι
3023 838 3184 908 Ῥύσῃ
3221 855 3284 908 με
3316 837 3378 901 ἑξ
3411 837 3606 890 ἀντιλο-

2033 934 2165 1003 γιῶν
2197 933 2345 996 λαοῦ,
2375 934 2730 1002 καταστήσεις
2762 949 2828 1001 με
2871 933 2948 994 εἰς
2975 930 3212 1000 κεφαλὴν
3247 929 3414 982 ἑθνῶν
3435 945 3448 958 ·
3484 928 3606 992 λαὸς

2033 1029 2090 1082 ὸν
2128 1027 2226 1079 οὐκ
2265 1024 2432 1093 έγνων
2483 1023 2758 1077 ἑδούλευσέ
2804 1039 2926 1093 μοι’
2957 1023 3036 1085 εις
3081 1021 3246 1091 ἀκοὴν
3289 1020 3451 1073 ὠτίου
3508 1020 3606 1071 ὑπ-

2037 1117 2234 1188 ήκουσέ
2273 1133 2401 1187 μου·
2435 1119 2482 1169 οἱ
2507 1117 2610 1169 υἱοὶ
2649 1115 2911 1186 ἀλλότριοι
2945 1113 3239 1184 ἐψεύσαντό
3267 1129 3390 1184 μοι·
3422 1114 3473 1165 οἱ
3509 1113 3609 1165 υἱοὶ

2037 1209 2299 1279 ἀλλότριοι
2354 1209 2848 1279 άπορῤιφήσονται·
2897 1207 2988 1258 καὶ¹
3047 1205 3335 1274 σφαλοὶσιν
3394 1205 3461 1256 ἑκ
3509 1204 3609 1255 τῶν

2042 1300 2413 1369 συγκλεισμῶν
2460 1299 2659 1352 αὐτῶν.
2699 1319 2716 1348 ι
2749 1298 2933 1350 Ταῦτα
2978 1297 3190 1368 εἴρηται
3221 1297 3405 1368 σχεδὸν
3435 1297 3612 1358 αὐτοῖς

2045 1395 2251 1464 ῥήμασι
2303 1394 2395 1446 κα)⁸
2453 1395 2509 1446 ἑν
2555 1391 2992 1462 ἑπτακαιδεκάτῳ
3041 1390 3256 1460 ψαλμῷ,
3304 1389 3613 1458 εὐκαιρότε-

2049 1501 2140 1556 ρον
2171 1484 2212 1536 δ¹
2246 1484 2313 1538 ἂν
2347 1482 2677 1548 ἐξετάζοιτο,
2701 1481 2917 1535 ἐπειδὰν
2964 1481 3069 1534 ἀπὸ
3110 1480 3215 1533 τῶν
3240 1479 3487 1549 ὶΓάλμῶν
3525 1479 3614 1539 τὰς

2043 1577 2275 1645 ἑκλογὰς
2319 1575 2730 1645 ἀναλεγὼμεθα’
2773 1574 2867 1627 νῦν
2917 1574 3158 1644 μέντοιγε
3206 1571 3611 1642 παρασημειοὺ-

2047 1668 2185 1739 μεθα
2218 1668 2347 1720 αὐτὸ
2379 1668 2555 1738 μόνον,
2582 1667 2656 1730 ὡς
2680 1667 2758 1718 ὅτι
2786 1665 2844 1717 τὸ
2878 1665 2994 1734 μὲν,
3025 1683 3042 1713 ι
3080 1664 3184 1716 Καὶ
3226 1663 3431 1714 ἔκλινεν
3458 1661 3612 1730 οὐρα-

2045 1762 2167 1823 νοὺς
2219 1759 2314 1812 καὶ
2359 1759 2563 1828 κατέϐη
2609 1778 2625 1808 ι
2664 1758 2817 1810 νοοῖτ’
2865 1756 2930 1809 ἂν
2984 1756 3110 1826 περὶ
3147 1756 3243 1824 τῆς
3277 1755 3334 1820 ἑξ
3375 1755 3614 1825 οὐρανῶν

378 1853 538 1911 sunt;
569 1845 683 1900 hac
710 1854 888 1900 autem
913 1864 924 1900 :
947 1864 964 1895 ι
988 1844 1233 1898 Salvabis
1258 1859 1342 1898 me
1366 1859 1396 1895 a
1418 1842 1944 1917 contradictionibus

2060 1851 2393 1914 ιαταϐάσεως
2417 1849 2510 1905 τοῦ
2532 1848 2784 1920 Χριστοῦ·
2818 1847 2876 1900 τὸ
2901 1847 2978 1910 δὲ,
3003 1863 3021 1895 ι
3045 1845 3210 1917 Ῥύσῃ
3235 1863 3299 1916 με
3333 1844 3392 1909 ἑξ
3417 1847 3614 1898 ἀντιλο-

379 1939 597 2010 populi,
634 1957 652 1991 ι
677 1937 743 1992 de
769 1937 1112 1992 circumcisis
1142 1936 1419 1997 dicuntur,
1454 1936 1546 2004 qui
1579 1951 1686 1988 non
1731 1935 1786 1988 in
1817 1949 1942 1989 eum

378 2028 760 2090 crediderunt,
795 2027 862 2081 de
887 2027 1085 2096 quibus
1113 2041 1328 2097 quoque
1353 2025 1405 2077 in
1435 2023 1574 2078 Isaia
1597 2024 1761 2080 dicit:
1789 2041 1806 2074 ‹
1839 2024 1944 2076 Ex-

382 2118 543 2188 pandi
580 2133 777 2172 manus
803 2133 951 2172 meas
979 2125 1087 2171 tota
1115 2117 1202 2173 die
1225 2119 1290 2172 ad
1318 2119 1576 2188 populum
1600 2117 1941 2173 incredulum

381 2221 435 2265 et
455 2209 916 2264 contradicentem
946 2209 987 2240 ⁹¹
1009 2227 1022 2275 ;
1048 2228 1066 2260 ›
1094 2217 1147 2264 et
1189 2211 1332 2280 quod
1354 2250 1368 2276 ,
1403 2228 1420 2260 ι
1449 2208 1740 2264 Custodies
1771 2224 1856 2263 me
1885 2209 1941 2263 in

382 2311 546 2374 caput
603 2302 844 2371 gentium
868 2341 882 2363 ,
914 2320 932 2353 ι
961 2310 1124 2371 atque
1147 2341 1161 2361 .
1193 2319 1212 2350 ‹
1244 2300 1482 2370 Populus
1528 2316 1688 2369 quem
1750 2301 1941 2371 ignoro

384 2393 582 2447 serviet
598 2391 750 2456 mihi,
766 2391 951 2446 auditu
969 2391 1118 2446 auris
1129 2392 1381 2446 obedient
1399 2392 1526 2444 mihi
1547 2411 1565 2443 ι
1584 2391 1647 2446 de
1665 2393 1943 2462 gentilium

385 2485 626 2540 Ecclesia
655 2485 1000 2555 praedicitur;
1024 2485 1152 2538 illud
1172 2500 1320 2546 vero,
1343 2503 1361 2534 ι
1380 2483 1499 2538 Filii
1515 2485 1674 2538 alieni
1693 2486 1948 2540 resistent

384 2579 541 2642 mhi,
564 2596 583 2628 ι
609 2578 893 2648 impiarum
916 2578 1188 2633 haereseon
1204 2594 1416 2632 errores
1434 2579 1500 2634 de
1531 2580 1809 2633 Salvatore
1833 2595 1952 2632 om-

386 2671 441 2725 ni
465 2685 644 2738 nnque
675 2669 780 2724 Deo
813 2669 1037 2732 indicat,
1069 2685 1204 2739 quos
1226 2670 1513 2725 deﬂuxisse
1538 2669 1640 2725 fert
1674 2670 1955 2739 Scriptura

391 2779 408 2810 ι
430 2760 805 2814 contractosin
826 2760 1092 2830 angustiis
1109 2760 1242 2823 suis,
1272 2780 1288 2810 ι
1311 2761 1516 2815 scilicet
1539 2761 1591 2814 in
1606 2776 1846 2816 errorem
1869 2761 1954 2814 in-

387 2852 583 2906 ductos
614 2851 895 2906 fallacibus
911 2867 1098 2906 eorum
1115 2851 1555 2922 absconditisque
1581 2853 1948 2923 opinionibus.

2053 1943 2176 2012 γίας
2210 1942 2359 2008 λαοῦ,
2394 1963 2411 1992 ι
2445 1943 2509 1994 ἑκ
2546 1938 2835 2012 προσώπου
2868 1937 3028 1992 αὐτοῦ
3067 1937 3310 1990 λέλεκται
3354 1938 3485 2008 περὶ
3515 1937 3616 1989 τῶν

2044 2038 2109 2088 ἑκ
2158 2035 2457 2106 περιτομῆς
2506 2034 2579 2104 μὴ
2609 2031 3044 2084 πεπιστευκότων
3077 2031 3155 2094 εἰς
3181 2030 3360 2092 αὐτὸν,
3388 2030 3516 2100 περὶ
3547 2023 3615 2082 ὧν

2045 2129 2138 2182 καὶ
2169 2131 2228 2182 ὲν
2267 2128 2464 2197 Ἡσαΐᾳ
2495 2125 2675 2197 φησὶν,
2707 2145 2723 2174 ι
2756 2124 2920 2194 Ὅλην
2949 2123 3046 2194 τὴν
3082 2123 3290 2194 ἡμέραν
3321 2122 3616 2186 ἐξεπέτασα

2043 2222 2143 2284 τὰς
2190 2223 2378 2292 χεῖράς
2441 2236 2540 2289 μου
2581 2218 2716 2289 πρὸς
2761 2218 2887 2270 λαὸν
2917 2216 3239 2270 ἀπειθοῦντα
3285 2215 3382 2267 καὶ
3417 2215 3619 2266 ἀντιλέ-

2048 2330 2230 2382 γοντα.
2264 2333 2282 2364 ι
2322 2313 2428 2365 Καὶ
2454 2309 2618 2364 ὅτιτὸ
2657 2311 2774 2381 μὲν,
2805 2329 2821 2359 ι
2852 2311 3224 2379 Καταστήσεις
3261 2326 3326 2379 με
3353 2310 3436 2370 εἰς
3459 2325 3619 2375 κεφα-

2050 2403 2148 2474 λὴν
2164 2401 2352 2464 ἑθνῶν,
2381 2422 2399 2454 ι
2420 2403 2512 2455 καὶ
2527 2402 2606 2475 τὸ,
2628 2420 2646 2453 ‹
2669 2402 2807 2464 Λαὸς
2825 2401 2882 2454 ὃν
2901 2403 3000 2454 οὐκ
3023 2401 3189 2469 ἑγνων
3211 2400 3492 2453 ἑδούλευσέ
3519 2416 3619 2468 μοι’

2053 2495 2131 2557 εἰς
2157 2495 2323 2566 ἀκοὴν
2351 2495 2510 2547 ὠτίου
2538 2494 2812 2565 ὑπήκουσέ
2858 2511 2978 2564 μου,
3021 2512 3038 2544 ›
3080 2496 3205 2562 περὶ
3238 2495 3333 2563 τῆς
3369 2492 3430 2555 ἑξ
3463 2491 3622 2545 ἐθνῶν

2069 2586 2389 2654 Ἐκκλησίας
2407 2587 2823 2658 προφητεύεται·
2846 2589 2905 2640 τὸ
2922 2588 2997 2649 δὲ,
3019 2605 3035 2636 ι
3056 2586 3173 2637 Υἱοὶ
3189 2584 3457 2653 ἀλλότριοι
3475 2583 3623 2652 ἐψεύ-

2061 2679 2219 2730 σαντό
2282 2697 2392 2748 μοι,
2433 2699 2450 2730 ι
2495 2679 2622 2750 περὶ
2668 2679 2775 2731 τῶν
2827 2679 3002 2732 ἀθέων
3047 2678 3309 2748 αἱρέσεων
3352 2674 3425 2727 τά
3460 2673 3623 2742 ψευδῆ

2059 2783 2126 2819 πε
2137 2768 2188 2838 pi.
2210 2768 2372 2820 αὑτοῦ
2401 2767 2492 2820 τοῦ
2527 2769 2776 2841 Σωτῆρος
2804 2770 2896 2821 καὶ
2915 2767 3006 2822 τοῦ
3033 2767 3164 2820 Θεοῦ
3195 2766 3302 2818 τῶν
3331 2766 3471 2818 ὅλων
3504 2765 3624 2816 ἁνα-

2059 2856 2432 2920 πεπλακότων,
2482 2857 2574 2921 οὓς
2623 2859 2714 2911 καὶ
2750 2877 2768 2909 ι
2825 2857 3290 2929 άπορριφήσεσθαί
3342 2877 3359 2907 ι
3396 2872 3558 2926 φησιν
3597 2856 3626 2907 6

387 2946 543 3014 λόγος
580 2966 596 2996 ι
640 2946 1052 3014 ἀποσφαλέντας
1087 2945 1195 2998 τῶν
1249 2947 1623 3018 συγκλεισμῶν
1680 2947 1904 3014 ἑαυτῶν,
1951 2968 1971 3002 ι
2012 2952 2286 3006 τουτέστιν
2330 2953 2790 3018 ἁποπεπτωκότας
2831 2953 2938 3007 τῶν
2980 2954 3222 3006 ὑπούλων
3283 2953 3380 3006 καὶ
3435 2953 3626 3006 ἀποκε-

389 3036 718 3110 κρυμμένων
759 3039 936 3090 αὐτῶν
975 3037 1522 3108 ψευ(δο)δοξημάτων.

948 3170 1180 3227 CAPUT
1220 3172 1385 3228 XXII.

833 3283 879 3337 Ε
919 3284 1070 3337 tertio
1111 3284 1304 3354 Regum
1348 3285 1508 3339 libro.

471 3415 490 3448 ι
520 3398 584 3451 Et
616 3410 790 3457 nunc,
821 3393 1050 3450 Domine
1080 3395 1222 3453 Deus
1249 3396 1415 3452 Israel
1437 3441 1450 3461 ,
1483 3398 1767 3453 ﬁrmentur
1794 3400 1956 3455 verba

395 3499 519 3554 tua,
565 3506 684 3560 quaa
714 3491 926 3546 locutus
967 3506 1026 3545 es
1078 3507 1236 3546 servo
1282 3500 1376 3547 tuo
1420 3492 1587 3548 David
1631 3493 1771 3563 patri
1815 3507 1954 3547 meo.

2565 3177 2956 3231 ΚΕΦΑΛΑῘΟΝ
2998 3175 3126 3230 KB’.

2428 3293 2514 3344 Ex
2548 3289 2658 3358 τῆς
2686 3297 2733 3358 γ’
2776 3289 2895 3342 τῶν
2929 3288 3278 3344 Βασιλειῶν.

2133 3421 2150 3452 ι
2173 3401 2282 3454 Καὶ
2298 3402 2412 3464 νῦν,
2432 3400 2602 3472 Κύριε
2617 3403 2645 3453 6
2657 3400 2786 3463 Θεὸς
2801 3399 3036 3471 Ἰσραὴλ,
3052 3399 3374 3469 πιστωθήτω
3391 3399 3456 3469 δὴ
3469 3399 3530 3452 τὸ
3547 3400 3628 3472 ῥῆ-

2063 3493 2139 3564 μά
2165 3510 2280 3555 σου,
2309 3493 2336 3545 ὃ
2364 3492 2630 3562 ὲλάλησας
2666 3491 2740 3561 τῷ
2768 3491 2916 3544 παιδί
2946 3507 3036 3542 σου
3065 3490 3141 3560 τῷ
3171 3491 3332 3543 Δαυὶδ
3359 3492 3438 3561 τῷ
3471 3492 3625 3564 πατρί

396 3581 608 3654 Ergone
635 3583 932 3654 putandum
961 3589 1045 3636 est
1070 3584 1214 3653 quod
1246 3600 1367 3639 vere
1393 3583 1534 3639 Deus
1562 3584 1764 3638 habitet
1794 3599 1948 3653 super

2062 3601 2162 3654 μου
2183 3601 2194 3613 ·
2220 3585 2300 3636 ὅτι
2334 3585 2383 3636 εἱ
2408 3582 2621 3653 άληθῶς
2647 3583 3000 3653 κατοικήσειὸ
3019 3582 3150 3645 Θεὸς
3171 3583 3307 3652 μετὰ
3330 3582 3623 3654 ἀνθ

397 3683 618 3738 terram,
672 3674 718 3728 si
749 3675 894 3729 enim
922 3676 1120 3729 caalum
1149 3683 1203 3730 et
1230 3676 1354 3730 coeli
1383 3676 1644 3730 cmlorum
1684 3685 1738 3730 te
1766 3691 1958 3745 capere

397 3780 506 3819 non
533 3774 760 3834 possunt
787 3765 868 3818 ἐἳ
899 3785 916 3817 ι
948 3763 1083 3819 Fere
1111 3766 1178 3820 iis
1207 3766 1406 3820 similia
1437 3766 1494 3821 in
1525 3767 1766 3822 secundo
1794 3766 1958 3820 Para-

397 3856 706 3924 lipomenon
736 3855 880 3909 libro
910 3870 941 3909 a
973 3855 1267 3911 Salomone
1296 3857 1440 3911 dicta
1471 3866 1599 3911 sunt
1647 3858 1702 3910 in
1745 3873 1844 3912 sua
1892 3859 1956 3912 ad

400 3944 567 4000 Deum
597 3946 843 4001 oratione
869 3946 936 4000 ⁸³.
971 3945 1251 4001 Manifeste
1283 3947 1444 4018 igitur
1470 3947 1558 4001 hic
1584 3963 1800 4018 quoque
1823 3964 1956 4018 prae-

401 4033 534 4087 dicit
566 4033 709 4090 Deus
739 4051 797 4089 se
827 4051 951 4089 cum
982 4036 1293 4091 hominibus
1343 4052 1508 4106 super
1553 4045 1752 4091 terram
1804 4038 1958 4091 habi-

399 4131 643 4179 taturum
699 4143 839 4181 esse.
885 4125 1041 4193 Quod
1097 4129 1312 4197 quidem
1357 4129 1515 4182 nobis
1556 4130 1826 4198 expletum
1876 4136 1959 4184 est

397 4213 603 4271 Christi
631 4216 865 4276 adventu
883 4256 898 4281 ,
921 4232 1030 4288 quo
1055 4216 1197 4273 Deus
1217 4217 1452 4272 Verbum
1487 4218 1806 4273 incarnatus
1833 4233 1956 4272 cum

400 4305 680 4362 hominum
711 4322 907 4376 genere
936 4316 1309 4363 commoratus
1340 4317 1445 4362 est.

949 4437 1175 4493 CAPUT
1214 4437 1406 4493 XXIII.

2059 3677 2150 3728 ἐπὶ
2160 3677 2258 3746 τῆς
2273 3678 2393 3746 γῆς,
2407 3677 2454 3727 εἰ
2472 3678 2499 3728 6
2514 3675 2736 3744 οὐρανὸς
2751 3673 2843 3725 τοῦ
2863 3673 3090 3743 οὐρανοῦ
3107 3674 3204 3724 οὐκ
3222 3674 3446 3744 ἀρκέσει
3463 3691 3543 3726 σοι
3561 3690 3574 3737 ;
3602 3691 3619 3724 ι

2060 3771 2140 3824 Τὰ
2181 3769 2534 3840 παραπλήσια
2570 3768 2778 3831 τούτοις
2797 3767 2890 3820 xal.
2911 3770 2968 3821 ἑν
2991 3770 3058 3837 τῇ
3087 3766 3312 3836 δευτέρα
3331 3767 3441 3817 τῶν
3459 3767 3627 3836 [lapa-

2059 3862 2385 3932 λειπομένων
2412 3861 2516 3913 ὑπὸ
2535 3860 2626 3912 τοῦ
2647 3858 2951 3930 Σολομῶνος
2970 3858 3178 3928 εἴρηται
3205 3861 3261 3910 ἑν
3283 3861 3346 3927 τῇ
3373 3857 3511 3929 πρὸς
3542 3857 3625 3910 τὸν

2063 3954 2124 4024 (τ.
2161 3954 2223 4007 16
2257 3955 2329 4024 νο)
2371 3954 2501 4005 Θεὸν
2551 3953 2705 4022 εὐχῇ.
2733 3951 2921 4020 Σαφῶς
2949 3947 3040 4004 οὖν
3077 3950 3169 4002 καὶ
3201 3949 3384 4002 ἑνθάδε
3420 3965 3623 4024 προφη-

2060 4045 2271 4098 τεύεται
2309 4047 2336 4098 6
2381 4044 2510 4107 Θεὸς
2541 4043 2884 4112 κατοικήσειν
2920 4042 3054 4112 μετὰ
3084 4039 3383 4111 ἀνθρώπων
3413 4042 3507 4092 ἐπὶ
3533 4042 3621 4110 τῆς

2061 4137 2194 4206 γῆς·
2240 4137 2269 4189 ὂ
2321 4137 2413 4190 καὶ
2445 4137 2574 4189 αὐτὸ
2625 4137 2798 4207 πέρας
2845 4134 3032 4206 εἴληφε
3089 4133 3209 4186 καθ’
3248 4134 3397 4202 ἡμᾶς
3434 4133 3524 4185 ἐπὶ
3561 4136 3619 4202 τῇ

2060 4229 2293 4300 Χριστοῦ
2329 4229 2591 4299 γενομένῃ
2632 4227 2921 4297 παρουσίᾳ,
2965 4225 3082 4278 καθ’
3116 4228 3180 4294 ἣν
3223 4227 3251 4276 6
3299 4226 3432 4286 Θεὸς
3463 4225 3621 4291 Λόγος

2063 4321 2486 4392 ἑνανθρωπήσας
2519 4318 2854 4390 συνδιέτριψε
2880 4317 2955 4387 τῷ
2987 4319 3132 4386 γένει
3162 4317 3268 4369 τῶν
3309 4316 3618 4388 ἀνθρώπων.

2571 4454 2964 4507 ΚΕΦΑΛΑῘΟΝ
3000 4453 3122 4504 Kl".

404 4551 452 4606 E
471 4553 640 4622 primo
664 4551 1104 4620 Paralipomenon
1133 4552 1287 4605 libro.
1346 4551 1563 4606 Nathan
1604 4553 1671 4606 ad
1712 4551 1948 4622 ngiden;

2078 4547 2189 4622 Ἐκ.
2212 4544 2331 4622 τῆς
2366 4551 2416 4597 α’
2445 4542 2564 4622 τῶν
2596 4543 3147 4622 ῌαραλειῆομὲιςωνί
3188 4543 3250 4594 '0
3279 4543 3493 4622 Κύριος
3530 4540 3619 4622 διὰ

847 4632 962 4692 post
994 4623 1105 4676 alia
1132 4633 1179 4676 et
1209 4623 1318 4677 hwc
1350 4623 1502 4676 dicit.

479 4818 498 4850 ι
525 4799 770 4867 Cumque
803 4797 1108 4866 impleveris
1136 4797 1254 4853 dies
1295 4807 1418 4853 tuos
1440 4839 1454 4862 ,
1488 4805 1546 4851 ut
1574 4799 1740 4852 vadas
1769 4797 1835 4851 ad
1867 4814 1961 4868 pa-

401 4899 515 4946 tres
545 4900 697 4952 tuos,
728 4888 1008 4942 suscitabo
1035 4902 1221 4942 semen
1248 4895 1400 4942 tuum
1425 4896 1549 4958 post
1580 4898 1662 4954 te,
1689 4888 1835 4958 quod
1861 4888 1967 4942 erit

403 4981 472 5035 de
500 4980 628 5034 liliis
659 4979 768 5034 tuis
795 4998 809 5033 :
851 4988 904 5033 et
934 4979 1206 5033 stabiliam
1237 4995 1464 5049 regnum
1491 4980 1612 5049 ejus
1637 4998 1652 5046 ;
1688 4981 1804 5050 ipse
1832 4979 1964 5034 aedi-

406 5071 587 5126 ﬁcabit
617 5071 749 5125 mihi
778 5071 996 5124 domum
1023 5109 1039 5134 ,
1075 5077 1128 5126 et
1157 5069 1385 5124 ﬁrmabo
1414 5072 1610 5127 solium
1637 5071 1758 5140 ejus
1791 5087 1966 5142 usque

406 5162 460 5216 in
487 5170 769 5218 aeternum.
797 5161 906 5233 Ego
931 5177 1026 5217 ero
1054 5161 1129 5216 illi
1154 5163 1208 5216 in
1237 5173 1464 5234 patrem,
1493 5172 1546 5218 et
1572 5164 1685 5233 ipse
1711 5164 1815 5217 erit
1839 5164 1969 5217 mihi

405 5252 462 5309 in
496 5255 664 5309 lilium
693 5272 707 5318 ;
737 5261 792 5308 et
834 5253 1264 5309 misericordiam
1291 5269 1460 5309 meam
1493 5271 1600 5308 non
1633 5253 1871 5308 auferam
1901 5254 1968 5306 ab

405 5357 472 5398 eo
494 5384 508 5406 ,
543 5346 688 5399 sicut
714 5344 914 5399 abstuli
947 5345 1015 5399 ab
1037 5359 1102 5399 eo
1124 5345 1217 5414 qui
1245 5356 1369 5400 ante
1398 5353 1451 5400 te
1481 5346 1602 5399 fuit.
1640 5345 1703 5398 Et
1733 5353 1967 5400 statuam

409 5449 530 5490 eum
562 5437 616 5491 in
649 5437 814 5491 domo
841 5451 959 5491 mea
979 5476 994 5502 ,
1027 5444 1081 5492 et
1108 5437 1160 5491 in
1203 5453 1370 5509 regno
1399 5453 1519 5492 meo
1544 5452 1719 5507 usque
1748 5437 1800 5491 in
1834 5453 1969 5492 sem-

477 5607 523 5638 ⁸⁸
558 5609 602 5680 ll
639 5609 771 5680 Reg.
809 5627 954 5680 ml,
990 5615 1039 5668 l.

409 5675 592 5734 Paral.
631 5697 680 5734 τοι
699 5675 842 5743 [17.

1116 5616 1159 5648 θ’
1218 5615 1346 5670 ibid.
1390 5616 1476 5672 l0.
1550 5617 1595 5649 9°
1636 5616 1767 5672 ibid.
1831 5617 2015 5672 “~46.
2096 5618 2134 5646 ⁹¹
2181 5615 2281 5671 lsa.
2343 5632 2465 5681 va,
2504 5616 2556 5670 ἓ)...

2138 4614 2339 4670 Νάθαν
2378 4615 2526 4684 πρὸς
2569 4615 2678 4668 τὸν
2721 4613 2900 4668 Δαυὶδ
2937 4615 3064 4681 μεθ’
3115 4613 3282 4682 ἕτερα
3327 4613 3621 4666 καὶταῦτα

2141 4685 2320 4753 λέγει.

2145 4817 2162 4848 ι
2188 4797 2306 4850 ’Καὶ
2355 4797 2506 4852 ἔσται
2529 4798 2656 4850 ὃταν
2686 4793 3041 4866 πληρωθῶσιν
3081 4795 3136 4847 αἱ
3163 4794 3366 4864 ἡμέραι
3401 4812 3514 4857 σου,
3538 4795 3618 4847 καὶ

2069 4885 2375 4959 κοιμηθήσῃ
2411 4885 2546 4956 μετὰ
2574 4885 2682 4937 τῶν
2714 4885 2962 4955 πατέρων
2992 4901 3106 4950 σου,
3139 4886 3231 4936 καὶ
3257 4885 3538 4956 ἀναστήσω
3567 4885 3617 4936 τὸ

2073 4977 2294 5048 σπέρμα
2341 4995 2434 5029 σου
2487 4977 2621 5047 μετὰ
2657 4975 2737 5038 σὲ,
2765 4974 2823 5038 ὃς
2850 4975 3000 5028 ἔσται
3041 4976 3105 5027 ἑκ
3141 4976 3238 5045 τῆς
3267 4976 3470 5038 κοιλίας
3503 4992 3612 5028 σου⁸

2069 5071 2162 5122 καὶ
2209 5069 2478 5139 ἑτοιμάσω
2505 5069 2602 5140 τὴν
2637 5066 2906 5137 βασιλείαν
2944 5083 3037 5118 σου
3059 5084 3071 5095 ·
3107 5067 3266 5131 αὐτὸς
3290 5069 3614 5138 οἰκοδομήσει

2075 5181 2162 5233 μοι
2211 5157 2389 5215 οἷκον·
2427 5162 2519 5215 καὶ
2567 5159 2857 5232 ἀνορθώσω
2909 5159 2999 5211 τὸν
3042 5158 3228 5229 θρόνον
3272 5161 3436 5213 αὑτοῦ
3461 5178 3473 5190 ·
3519 5158 3614 5227 ἐγὼ

2073 5254 2264 5324 ἔσομαι
2284 5252 2430 5323 αὐτῷ
2453 5255 2529 5317 εἰς
2547 5253 2775 5323 πατέρα,
2800 5252 2892 5305 καὶ
2913 5252 3072 5314 αὐτὸς
3097 5251 3248 5305 ἔσται
3273 5270 3362 5323 μοι
3388 5256 3467 5315 εὶς
3487 5253 3611 5305 υἱόν*

2075 5343 2166 5395 καὶ
2197 5343 2256 5394 τὸ
2287 5342 2430 5406 ἔλεός
2468 5359 2567 5411 μου
2600 5341 2697 5393 οὐκ
2728 5343 3018 5410 άποστήσω
3061 5340 3155 5392 ἀπ’
3183 5341 3369 5403 αὐτοῦ,
3411 5343 3484 5404 ὡς
3522 5343 3611 5393 ἀπ·

2075 5433 2277 5504 ἐστησα
2307 5433 2413 5485 ἀπὸ
2444 5433 2552 5486 τῶν
2574 5433 2879 5505 ἔμπροσθέν
2910 5449 3000 5484 σου
3021 5450 3034 5463 ο
3063 5434 3154 5486 καὶ
3188 5432 3442 5487 πιστώσω
3470 5431 3610 5486 αὐτὸν

2635 5617 2678 5646 ⁹²
2717 5612 2782 5670 lll
2814 5613 2946 5686 Reg.
2985 5630 3114 5680 vm,
3182 5616 3280 5682 ΞΘ,
3333 5617 3422 5672 27.
3492 5614 3532 5648 ⁸³
3566 5607 3600 5662 Π
