3868 6264
205 315 333 373 ,1085

1205 315 1500 372 ECLOGIE
1541 315 2020 372 PROPIIETICAE.
2062 344 2127 355 —
2155 314 2282 372 LIB.
2325 320 2368 371 Ι.

3244 370 3245 373 η
3285 274 3431 373 ⁸1086

205 441 257 490 ὲν
286 435 415 504 οἴκῳ
446 450 545 504 μου
577 435 670 487 καὶ
691 435 748 486 ὲν
781 434 1026 508 βασιλείᾳ
1057 436 1220 489 αὐτοῦ
1249 437 1352 501 ἓως
1375 436 1588 501 αἰῶνος,
1620 437 1712 489 καί¹
1735 438 1762 490 6

1889 437 2144 505 piternum
2173 455 2184 490 :
2217 444 2270 488 et
2298 436 2532 492 thronus
2561 436 2684 506 ejus
2713 435 2816 490 erit
2849 435 3198 491 ﬁrmissimus
3226 436 3279 490 in
3313 453 3433 507 per-

206 529 376 601 θρόνος
405 526 567 580 αὐτοῦ
601 527 988 598 ἁνωρθωμένος
1015 529 1118 594 ἕως
1145 530 1357 594 αἰῶνος.
1393 550 1410 581 ι
1443 531 1549 583 Καὶ
1570 529 1758 594 ταῦτα,

205 625 353 692 ὅμοια
385 617 512 672 ὄντα
537 621 647 681 τοῖς
671 620 733 671 ὲκ
762 621 860 690 τῆς
890 619 1146 690 δευτέρας
1177 619 1282 674 τῶν
1318 618 1609 674 Βασιλειῶν
1639 636 1764 691 προ-

1871 539 2092 597 petuum
2123 528 2190 582 ".
2220 527 2381 583 illaec
2409 528 2607 582 similia
2641 528 2707 583 iis
2734 543 2854 598 quae
2879 527 2933 581 in
2961 529 3200 582 secundo
3226 526 3430 598 Regum

1868 622 2009 676 libro
2035 621 2344 676 notavimus
2376 619 2894 691 explanavimusque
2917 659 2932 683 ,
2961 634 3071 674 non
3101 620 3330 674 multum
3365 619 3432 673 ab

206 711 524 779 εκτεθείσης,
562 711 1020 782 ημειωσάμενοι,
1049 711 1138 766 διά
1178 712 1238 765 τὸ
1271 714 1345 784 μὴ
1389 712 1586 785 πολλὴν
1625 708 1762 766 εἶναι

1889 714 2074 769 iisdem
2116 712 2412 768 dill‘erunt:
2458 727 2630 782 quare
2674 710 2739 765 ad
2784 710 3040 782 praedicta
3079 711 3182 766 hoc
3223 710 3277 764 in
3315 711 3434 766 loco

206 807 293 877 τὴν
320 803 518 856 τούτων
558 803 695 874 πρὸς
719 805 903 859 ἐκεῖνα
934 804 1284 878 παραλλαγὴν
1315 805 1766 877 ἀρκεσθησόμεθα

205 903 306 962 τοῖς
338 899 415 962 εἰς
447 899 626 950 ἐκεῖνα
661 898 992 971 εἰρημένοις.

695 1036 1090 1090 ΚΕΦΑΛΑΙΟΝ
1136 1036 1259 1090 ΚΔ’.

473 1150 574 1203 Ἐκ
604 1148 714 1218 τῆς
745 1151 792 1202 6"
825 1148 943 1203 τῶν
980 1147 1530 1219 Παραλειπομένων.

271 1281 288 1312 ι
335 1259 445 1315 Καὶ
482 1259 598 1323 νῦν,
649 1260 819 1331 Κύριε
857 1263 884 1313 6
913 1259 1044 1322 Θεὸς
1090 1259 1323 1331 Ἰσραὴλ,
1349 1261 1670 1330 πιστωθήτω
1702 1258 1766 1330 δὴ

202 1355 257 1408 τὸ
281 1353 428 1425 ῥῆμά
455 1369 571 1415 σου,
603 1351 630 1404 6
663 1351 930 1423 ὲλάλησας
955 1351 1034 1422 τῷ
1067 1351 1214 1404 παιδί
1244 1368 1337 1403 σου
1369 1349 1446 1420 τῷ
1476 1350 1657 1413 Δαυὶδ,
1685 1351 1766 1402 ὅτι

201 1441 404 1512 ἀληθῶς
420 1440 738 1510 κατοικήσει
757 1442 784 1492 ό
797 1439 938 1503 Θεὸς
952 1439 1089 1509 μετά
1106 1438 1200 1492 ἀνθ
1209 1439 1403 1514 ρώπων
1425 1439 1514 1491 ἐπὶ
1530 1439 1626 1508 τῆς
1641 1438 1766 1507 γῆς,

201 1539 244 1590 εἰ
274 1537 301 1587 6
321 1535 548 1606 οὐρανὸς
575 1533 668 1586 καὶ
684 1535 710 1586 6
733 1532 957 1604 οὐρανὸς
986 1531 1076 1584 τοῦ
1095 1530 1319 1604 οὐρανοῦ
1345 1532 1443 1583 οὐκ
1479 1529 1769 1600 ἀρκέσουσί

202 1647 297 1682 σοι.
334 1648 350 1678 ι
391 1628 502 1680 Kal.
536 1629 615 1690 εἰς
651 1624 821 1678 ταῦτα
861 1625 1139 1696 εἰρηκότες
1172 1623 1318 1689 ἅπαξ
1359 1625 1448 1676 ὅτε
1477 1623 1546 1675 τά
1577 1624 1639 1676 ὲκ
1671 1622 1771 1691 τῆς

200 1729 242 1790 γ’
275 1719 380 1773 τῶν
413 1717 714 1773 Βασιλειῶν
752 1716 1066 1787 ὲξεθὲμεθα,
1102 1715 1194 1769 νῦν
1245 1717 1304 1768 οὺ
1343 1714 1763 1786 δευτερώσομεν.

696 1852 1090 1905 ΚΕΦΛΛΑΙΟΝ
1137 1849 1266 1904 ΚΕ’.

209 1967 305 2020 Ἐκ
346 1964 455 2019 τοῦ
495 1963 686 2034 Ἕῷα.
737 1965 799 2015 Ὀ
843 1961 1172 2044 ζοροϐἀϐελ
1219 1962 1288 2014 ἐν
1338 1959 1412 2029 τῇ
1447 1960 1774 2030 δημηγορίᾳ

774 2033 960 2087 ταῦτά
994 2047 1203 2102 φησιν.

268 2173 285 2203 σ
311 2149 700 2223 Ἀνδρες,οὐχ“ι
737 2148 951 2219 ἰσχυραὶ
983 2147 1038 2201 αἱ
1071 2149 1358 2215 γυναῖκες;
1387 2144 1593 2216 μεγάλη
1628 2145 1662 2214 ἡ
1702 2144 1772 2215 γῆ

197 2243 284 2295 καὶ
318 2242 527 2312 ὑψηλὸς
558 2244 585 2294 6
615 2240 866 2311 οὐρανός·
898 2239 991 2292 καὶ
1031 2239 1198 2307 ταχὺς
1221 2237 1296 2307 τῷ
1330 2236 1515 2308 δρόμῳ
1538 2239 1565 2288 6
1594 2235 1770 2304 ἥλιος·

196 2333 272 2395 ὅτι
319 2334 618 2404 στρέφεται
662 2333 719 2383 ὲν
748 2329 824 2400 τῷ
865 2328 1049 2399 κύκλῳ
1077 2325 1170 2381 τοῦ
1207 2326 1458 2398 οὐρανοῦ,
1491 2327 1582 2378 καί
1614 2325 1774 2379 πάλιν

195 2428 484 2498 ἀποτρέχει
537 2427 616 2486 εἰς
656 2426 746 2477 τὸν
780 2421 970 2476 ἑαυτοῦ
993 2420 1159 2473 τόπον
1186 2422 1242 2473 ὲν
1270 2419 1453 2490 ἡμέρᾳ
1491 2419 1588 2488 μιᾷ
1608 2433 1621 2446 ⁸
1655 2417 1776 2486 οὐχί.

199 2522 364 2594 μέγας
404 2521 465 2584 ὃς
512 2518 688 2573 ταῦτα
746 2520 920 2580 ποιεῖ,
953 2517 1046 2568 καὶ
1077 2517 1108 2586 ἡ
1144 2515 1371 2584 ἀλήθεια
1421 2512 1652 2584 μεγάλη,
1683 2513 1776 2564 καὶ

199 2615 390 2687 ἰσχυρὰ
419 2613 576 2687 παρά
604 2613 812 2677 πάντας
846 2614 993 2665 πᾶσα
1023 2612 1056 2680 ἡ
1089 2609 1161 2679 γῆ
1204 2608 1301 2679 τὴν
1334 2607 1592 2677 ἀλήθειαν
1623 2605 1778 2658 καλεῖ

195 2705 288 2759 καί
337 2707 366 2758 6
409 2703 646 2775 οὐρανὸς
687 2701 855 2772 αὐτὴν
909 2701 1146 2768 εὐλογεῑ·
1182 2700 1277 2752 καὶ
1303 2698 1482 2750 πάντα
1525 2696 1592 2749 τὰ
1641 2694 1779 2768 ἔργα

198 2798 395 2852 σείεται
428 2799 532 2852 καὶ
563 2797 787 2868 τρέμει’
820 2794 913 2849 καὶ
938 2794 1036 2846 οὐκ
1069 2792 1184 2845 ἐστι
1222 2793 1336 2861 μετ’
1373 2789 1538 2843 αὐτοῦ
1583 2789 1690 2840 οὐδ’
1721 2787 1777 2841 ἓν

195 2888 403 2943 ἄδικον⁸
452 2888 644 2950 ἄδικος
664 2889 692 2940 6
720 2883 859 2950 οἶνος
880 2902 892 2915 ·
923 2884 1104 2946 ἄδικος
1141 2882 1169 2933 6
1207 2880 1490 2952 βασιλεύςο
1522 2879 1692 2933 ἄδικοι
1721 2879 1779 2932 αἱ

195 2984 447 3050 γυναῖκες
465 2997 479 3010 ⁸
511 2980 686 3035 ἄδικοι
712 2979 760 3032 οἱ
791 2978 895 3030 υἱοὶ
922 2976 1030 3029 τῶν
1059 2973 1358 3047 ἀνθρώπων
1375 2989 1387 3002 ·
1414 2972 1508 3026 καὶ
1529 2972 1686 3025 ἄδικα
1711 2971 1780 3024 τὰ

193 3075 328 3146 ἔργα
385 3072 575 3126 αὐτῶν
639 3070 816 3123 πάντα
859 3069 928 3121 τὰ
968 3067 1222 3120 τοιαῦτα·
1259 3066 1352 3118 καὶ
1388 3063 1488 3117 οὐκ
1535 3063 1680 3118 ἔστιν
1724 3063 1780 3115 ὲν

1872 806 2226 862 remittimus.

2421 982 2649 1040 CAPUT
2688 983 2874 1039 XXIV.

2156 1095 2202 1150 Ε
2233 1095 2461 1182 secundo
2502 1095 2951 1163 Paralipomenon
2991 1095 3150 1151 libro.

1946 1271 1964 1305 ι
1997 1252 2061 1307 Et
2094 1268 2274 1317 nunc,
2323 1250 2547 1308 Domine
2577 1251 2720 1307 Deus
2749 1250 2910 1306 Israel
2931 1290 2947 1316 ,
2979 1251 3225 1305 ﬁrmetur
3256 1264 3455 1306 sermo.

1872 1354 2035 1410 tuus,
2083 1359 2245 1415 quem
2303 1345 2516 1400 locutus
2556 1362 2614 1400 es
2661 1361 2818 1399 servo
2861 1352 2956 1396 tuo
2987 1343 3176 1397 David.
3226 1342 3437 1413 Ergone

1873 1438 2133 1494 credibile
2161 1445 2248 1493 est
2281 1446 2340 1491 ut
2368 1437 2579 1491 habitet
2608 1435 2751 1491 Deus
2781 1451 2904 1490 cum
2937 1436 3247 1490 hominibus
3276 1451 3439 1504 super

1873 1539 2110 1594 terram,
2157 1533 2203 1586 si
2253 1530 2454 1584 emtum
2499 1537 2553 1584 et
2598 1529 2723 1582 ειειί
2773 1529 3036 1582 caelorum
3088 1542 3195 1580 non
3251 1536 3301 1580 te
3347 1543 3439 1579 ea-

1874 1623 2030 1694 piunt
2059 1623 2148 1676 "?
2177 1643 2194 1675 ι
2231 1621 2349 1676 Jam
2381 1637 2557 1692 nuper
2587 1637 2648 1675 ea
2685 1622 2736 1674 in
2770 1619 2977 1690 Regum
3011 1619 3151 1673 libro
3180 1619 3439 1688 explana—

1873 1716 2085 1779 vimus,
2118 1729 2219 1769 nec
2248 1728 2369 1784 qua:
2404 1713 2647 1768 diximus
2679 1711 2924 1766 iteranda
2954 1725 3258 1764 censemus.

2422 1846 2652 1904 CAPUT
2715 1846 2879 1902 XXV.

1876 1963 1960 2018 Ea:
1991 1961 2180 2018 Eadm
2208 1962 2363 2016 libro.
2409 1960 2536 2015 Haec
2570 1959 2864 2012 Zorobabel
2889 1974 3068 2011 coram
3094 1957 3285 2028 populo
3324 1973 3443 2010 con-

2364 2040 2370 2046 ‘
2440 2032 2685 2084 cionatus
2715 2029 2863 2084 dicit.

1950 2167 1967 2199 ι
1999 2145 2044 2203 Ο
2077 2146 2200 2210 viri,
2232 2160 2414 2200 nonne
2465 2145 2633 2199 fortes
2664 2151 2792 2198 sunt
2811 2141 3114 2196 mulieres?
3145 2140 3334 2209 Magna
3358 2145 3444 2194 est

1873 2249 2053 2302 terra,
2104 2250 2159 2296 et
2206 2239 2483 2294 excelsum
2528 2245 2614 2292 est
2654 2235 2894 2290 malum:
2943 2242 2996 2288 et
3039 2234 3194 2287 VCIOX
3244 2247 3442 2288 CUI‘SJS

1879 2332 2013 2388 solis
2055 2332 2327 2386 convertit
2365 2333 2419 2384 in
2466 2342 2598 2399 gyro
2643 2327 2843 2380 coelum
2888 2327 2940 2378 in
2979 2325 3156 2377 locum
3201 2339 3359 2379 suum
3387 2325 3443 2375 ia

1879 2438 1988 2477 una
2034 2423 2144 2478 die.
2199 2421 2394 2477 Nonne
2436 2419 2758 2490 magniﬁcus
2801 2425 2885 2472 est
2928 2418 3018 2486 qui
3052 2417 3164 2470 haec
3193 2414 3363 2480 facit,
3389 2420 3446 2468 et

1878 2514 2085 2568 veritas
2131 2528 2364 2584 magna,
2410 2521 2463 2566 et
2514 2509 2707 2565 fortior
2753 2525 2863 2579 prae
2911 2504 3209 2562 omnibus?
3253 2502 3447 2557 Omnis

1878 2612 2026 2657 terra
2059 2603 2343 2657 veritatem
2379 2602 2627 2662 invocat,
2660 2602 2858 2653 caelum
2888 2597 3051 2651 etiam
3083 2596 3258 2665 ipsam
3286 2594 3447 2647 bene-

1878 2695 2010 2748 dicit
2033 2733 2046 2756 ,
2077 2702 2131 2748 et
2161 2693 2347 2746 omnia
2377 2705 2542 2760 onera
2572 2697 2880 2750 moventur,
2913 2693 2966 2741 et
3007 2693 3246 2738 tremunt
3287 2697 3405 2735 eam
3429 2720 3444 2745 ,

1884 2795 1937 2842 et
1967 2802 2075 2840 non
2107 2795 2191 2841 est
2220 2801 2343 2839 eum
2374 2800 2437 2839 ea
2467 2783 2764 2854 quidquam
2797 2780 3064 2850 iniquum.
3107 2775 3308 2830 Vinum
3344 2774 3450 2827 ini-

1883 2896 2051 2950 quum
2076 2921 2090 2943 ,
2121 2879 2346 2948 iniquus
2372 2893 2466 2932 rex
2487 2918 2502 2942 ,
2532 2877 2732 2946 iniquae
2757 2875 3040 2937 mulieres,
3069 2871 3238 2940 iniqui
3261 2883 3449 2922 omnes

1886 2971 1981 3026 ﬁlii
2012 2971 2296 3026 hominum
2317 3010 2332 3036 ,
2363 2977 2417 3024 et
2461 2970 2645 3038 iniqua
2680 2968 2895 3022 illorum
2941 2965 3123 3020 omnia
3162 2976 3327 3032 opera
3347 2999 3362 3024 ,
3393 2965 3451 3014 et

1887 3077 1997 3115 non
2030 3069 2114 3116 est
2143 3059 2197 3114 in
2227 3061 2362 3129 ipsis
2395 3060 2602 3114 veritas
2626 3099 2641 3124 ,
2677 3065 2731 3112 et
2767 3058 2819 3110 in
2868 3071 2964 3110 sua
3000 3053 3290 3122 iniquitate
3329 3065 3452 3120 per-

196 3121 328 3146 -n“
387 3121 565 3126 τη--.

193 3165 374 3226 αὐτοῖς
406 3161 673 3232 ἀλήθεια·
707 3160 800 3212 καὶ
832 3161 889 3210 ὲν
921 3160 984 3227 τῇ
1015 3156 1196 3226 ἀδικία
1216 3154 1393 3208 αὐτῶν
1425 3153 1777 3207 ἀπολοῦνται·

1889 3154 2046 3208 ibunt
2071 3174 2084 3204 :
2112 3162 2167 3207 et
2196 3153 2400 3207 veritas
2428 3158 2613 3205 manet
2635 3189 2648 3213 ,
2675 3156 2728 3203 et
2760 3146 3040 3201 invalescit
3069 3146 3122 3198 in
3149 3153 3410 3198 asternum
3434 3179 3451 3205 ,

193 3254 286 3308 καὶ
325 3256 359 3325 ἡ
410 3251 651 3323 ἀλήθεια
706 3249 853 3321 μένει
901 3249 980 3310 εἰς
1021 3247 1113 3298 τὸν
1150 3244 1342 3307 αἰῶνα,
1373 3243 1470 3296 καὶ
1505 3242 1676 3312 ἰσχύει
1703 3243 1782 3303 εἰς

190 3347 281 3401 τὸν
334 3346 543 3407 αἰῶνα,
587 3343 682 3396 καὶ
737 3340 801 3411 ζῇ
853 3339 947 3392 καὶ
986 3339 1178 3409 κρατεῖ
1209 3338 1288 3400 εἰς
1347 3335 1436 3388 τὸν
1481 3334 1652 3388 αἰῶνα
1687 3330 1780 3385 τοῦ

193 3438 418 3501 αἰῶνος·
483 3435 585 3490 καί.
638 3435 737 3486 οὐκ
785 3432 900 3485 ἔστι
954 3432 1084 3500 παρ’
1111 3429 1248 3498 αὐτῇ
1292 3426 1475 3479 λαϐεῖν
1517 3425 1784 3495 πρόσωπα

191 3530 311 3584 οὐδὲ
343 3527 618 3599 διαφορά·
653 3525 787 3583 ἀλλὰ
822 3523 889 3576 τὰ
918 3523 1100 3578 δίκαια
1127 3522 1267 3576 ποιεῖ
1297 3518 1403 3572 ἀπὸ
1437 3517 1654 3571 πάντων
1675 3515 1784 3568 τῶν

191 3622 393 3675 ἀδίκων
453 3620 557 3672 καί.
607 3615 882 3687 πονηρῶν·
927 3612 1188 3682 ἀπέχεται
1239 3610 1476 3671 καὶτοῖς
1508 3604 1787 3660 εὐδοκοῦσι

189 3717 301 3777 τοῖς
328 3713 527 3783 ἔργοις
563 3708 730 3778 αὐτῆς
750 3723 765 3738 ο
794 3705 887 3760 καὶ
912 3705 1011 3757 οὐκ
1042 3703 1184 3754 ἔστιν
1214 3703 1270 3753 ὲν
1305 3702 1371 3770 τῇ
1407 3698 1584 3770 κρίσει
1615 3695 1786 3766 αὐτῆς

190 3804 347 3857 οὐθὲν
404 3803 600 3856 ἄδικον
621 3816 634 3831 ’
671 3799 765 3854 καί⁵
813 3797 982 3866 αὐτῆς
1015 3797 1046 3866 ἠ
1080 3795 1230 3863 ἰσχὺς
1267 3792 1361 3843 καὶ
1387 3789 1446 3842 τὸ
1478 3787 1744 3860 βασίλειον
1771 3801 1783 3816 ·

191 3897 284 3949 καὶ
319 3899 354 3966 ἡ
400 3893 632 3961 ἐξουσία
662 3892 756 3943 καὶ
781 3891 813 3961 ἡ
845 3887 1197 3960 μεγαλειότης
1226 3883 1444 3936 πάντων
1472 3880 1581 3934 τῶν
1608 3879 1670 3945 (f.
1697 3878 1785 3947 i7)

189 3987 446 4041 αἰώνωνο
480 3983 778 4052 εὐλογητὸς
806 3984 832 4034 6
859 3980 988 4042 Θεὸς
1038 3979 1135 4048 τῆς
1191 3973 1468 4046 ἀληθείας.
1509 3991 1528 4024 ι
1587 3969 1788 4024 Ἐπεὶὸ

189 4081 387 4152 Σωτὴρ
423 4080 529 4133 καὶ
574 4076 778 4147 Κύριος
803 4072 978 4144 ἡμῶν,
1008 4070 1177 4138 Λόγος
1208 4067 1283 4120 ῶν
1315 4066 1408 4120 τοῦ
1441 4064 1596 4126 Θεοῦ,
1631 4061 1785 4134 φησὶ,

189 4173 426 4244 φέρεται
461 4165 726 4240 εἰρηκὼς,
772 4183 789 4215 ι
849 4160 988 4231 Ἐγώ
1021 4162 1134 4232 εἰμι
1166 4160 1200 4230 ἡ
1227 4157 1473 4228 ἀλήθεια,
1511 4174 1530 4206 ›
1566 4153 1790 4215 εἰκότως

187 4242 271 4318 τὰ-
308 4261 668 4335 προκείμενα
727 4251 1166 4327 παρατεθείμεθα
1226 4249 1354 4320 περί
1397 4245 1498 4316 τῆς
1535 4242 1791 4314 ἀληθείας

185 4357 489 4428 δηλοῦντα,
526 4353 602 4416 ὡς
649 4351 756 4422 ἄρα
802 4346 1095 4401 ὑπόστασίν
1126 4360 1248 4397 τινα
1273 4339 1423 4411 παρά
1446 4338 1536 4392 τὸν
1573 4335 1790 4406 Πατέρα

186 4426 314 4503 καθ’
353 4447 571 4514 ἑαυτὴν
620 4443 765 4513 ἔχει·
806 4460 822 4490 ε
871 4439 1036 4492 Μένει
1068 4435 1197 4505 γὰρ,
1245 4432 1431 4504 φησὶν,
1463 4431 1497 4500 ἡ
1541 4426 1788 4498 ἀλήθεια,

187 4542 284 4594 καὶ
314 4537 505 4608 ἰσχύει
537 4536 616 4596 εἰς
644 4533 734 4584 τὸν
765 4527 957 4593 αἰῶνα,
989 4526 1082 4581 καὶ
1101 4525 1167 4594 ζῇ
1199 4523 1294 4576 καὶ
1319 4522 1539 4592 κρατεῖ·
1571 4518 1662 4569 καὶ
1691 4516 1790 4569 οὐκ

186 4633 308 4686 ἔστι
351 4605 495 4700 παρ’
539 4625 676 4694 αὐτῇ
715 4620 899 4674 λαϐεῖν
939 4617 1225 4688 πρόσωπα,
1262 4632 1279 4662 ι
1315 4611 1409 4664 καὶ
1440 4610 1509 4664 τὰ
1537 4607 1680 4678 ἑξῆς,
1709 4605 1789 4670 οἷς

184 4699 456 4793 ἐπιφέρει
515 4716 643 4788 περὶ
691 4713 787 4766 τοῦ
837 4709 1046 4782 [ἰατρὸς
1095 4705 1230 4759 Θεοῦ
1290 4702 1644 4774 τυγχάνοντος
1696 4699 1790 4754 καί.

1884 3255 1937 3299 et
1967 3244 2136 3307 vivit,
2167 3251 2221 3298 et
2251 3244 2467 3296 obtinet
2498 3242 2551 3295 in
2586 3240 2785 3297 saecula
2827 3238 3174 3293 saeculorum.
3216 3232 3326 3288 Nec
3369 3239 3456 3287 est

1885 3333 2028 3406 apud
2062 3347 2180 3386 eam
2219 3333 2470 3401 accipere
2509 3345 2806 3401 personas,
2849 3343 3028 3398 neque
3075 3324 3450 3380 diﬁ‘erentias:

1885 3425 1977 3481 sed
2011 3439 2132 3494 quae
2157 3423 2308 3491 justa
2365 3429 2492 3476 sunt
2524 3420 2655 3474 facit
2687 3420 2972 3481 omnibus.
3007 3416 3228 3484 injustis
3251 3428 3314 3467 ac
3341 3426 3455 3466 ma-

1884 3515 2080 3585 lignis,
2112 3520 2165 3568 et
2196 3527 2386 3567 omnes
2413 3511 2779 3581 benignantur
2813 3510 2867 3562 in
2918 3509 3175 3576 operibus
3213 3505 3352 3572 ejus.
3390 3501 3456 3554 Et

1886 3620 1997 3660 non
2024 3612 2109 3660 est
2139 3605 2193 3656 in
2223 3601 2433 3671 judicio
2459 3600 2581 3669 ejus
2614 3599 2893 3667 iniquum,
2937 3595 3028 3649 sed
3073 3590 3368 3650 fortitudo,
3403 3595 3457 3640 et

1887 3709 2136 3765 regnum,
2162 3702 2214 3747 et
2231 3697 2496 3762 potestas,
2521 3697 2575 3742 et
2608 3687 2866 3755 maiestas
2906 3682 3148 3737 omnium
3189 3692 3452 3733 aevorum.

1892 3785 2218 3841 Benedictus
2257 3781 2398 3835 Dens
2441 3779 2685 3835 veritatis
2711 3777 2775 3830 “.
2808 3796 2827 3828 ι
2875 3773 3171 3842 Postquam
3207 3769 3456 3823 Salvator

1892 3887 1945 3933 et
1975 3875 2236 3930 Dominus
2282 3883 2492 3937 noster,
2547 3870 2638 3940 qui
2689 3868 2784 3923 Dei
2812 3866 3052 3921 Verbum
3090 3873 3207 3926 est,
3249 3859 3457 3914 dixisse

1889 3969 2105 4024 fertur:
2151 3984 2170 4017 ‹
2207 3965 2319 4036 Ego
2368 3980 2488 4019 sum
2542 3963 2746 4018 veritas
2772 3961 2849 4024 ⁸⁷,
2889 3978 2906 4008 ι
2937 3960 3134 4011 merito
3180 3951 3457 4024 praecitata

1890 4062 2257 4131 intelligemus
2286 4058 2442 4129 quasi
2469 4057 2537 4111 de
2565 4057 2794 4110 veritate
2820 4047 3252 4106 demonstrantia
3271 4083 3287 4108 ,
3310 4039 3458 4112 quod

1891 4153 2255 4210 substantiam
2290 4149 2431 4219 apud
2456 4149 2672 4202 Patrem
2703 4161 2799 4215 per
2830 4145 3062 4212 seipsam
3086 4139 3270 4194 habet.
3299 4156 3316 4186 ι
3348 4131 3459 4188 Ma-

1892 4253 1985 4300 net
2013 4245 2158 4299 enim
2181 4286 2195 4310 ,
2223 4244 2332 4306 ait,
2359 4242 2581 4305 veritas,
2609 4247 2663 4294 et
2694 4235 2980 4292 invalescit
3001 4235 3054 4287 in
3083 4239 3343 4284 aeternum
3366 4265 3382 4290 ,
3405 4230 3459 4278 et

1893 4336 2064 4398 vivit,
2109 4341 2163 4388 et
2192 4333 2404 4387 obtinet
2437 4371 2450 4383 .
2489 4369 2502 4384 .
2538 4372 2552 4385 .
2585 4344 2686 4383 nec
2728 4334 2810 4382 est
2861 4322 3000 4393 apud
3048 4336 3167 4374 eam
3217 4316 3460 4382 accipere

1898 4437 2160 4493 personas
2180 4459 2195 4484 ,
2220 4440 2239 4472 ι
2272 4428 2328 4474 ει
2357 4429 2550 4473 caetera
2571 4459 2586 4484 ,
2620 4419 2819 4488 quibus
2851 4413 3000 4467 addit
3028 4409 3095 4463 de
3127 4408 3284 4461 Patre
3316 4404 3424 4456 Deo
3444 4441 3460 4467 ,

1898 4518 2123 4585 ipsoque
2155 4513 2261 4568 Deo
2290 4512 2469 4568 Verbo
2491 4551 2506 4575 ,
2536 4519 2590 4566 et
2620 4510 2846 4564 veritate
2871 4527 2882 4561 :
2915 4526 2932 4556 ι
2966 4502 3290 4558 Benedictus
3320 4495 3461 4551 Deus

1897 4609 2171 4671 veritatis,
2208 4625 2226 4658 ι
2255 4606 2453 4676 quibus
2485 4613 2539 4659 et
2568 4602 2672 4673 ipsi
2707 4601 3008 4656 addemus:
3043 4595 3237 4650 Amen.

402 4813 510 4870 τοῦ
545 4774 679 4866 Θεοῦ
703 4810 874 4878 Λόγου
901 4774 991 4861 κοὶι
1020 4804 1117 4875 τῆς
1143 4799 1414 4870 ἀληθείας,
1448 4818 1465 4848 ι
1512 4794 1801 4866 εὐλογητὸς
1836 4795 1864 4847 6
1920 4792 2051 4856 Θεὸς
2080 4791 2178 4861 τῆς
2209 4786 2484 4860 ἀληθείας,
2522 4804 2539 4837 ι
2577 4778 2622 4853 ᾧ
2657 4784 2752 4838 καὶ
2782 4781 2935 4837 αὐτοὶ
2973 4778 3350 4852 προσθήσομεν
3381 4774 3461 4841 τὸ,

202 4914 414 4984 Ἀμήν.

183 5189 603 5265 προκειμένουο
645 5185 767 5256 μετὸ

181 5260 441 5360 Γραφῶν
505 5279 736 5345 ἐκλογὰς
794 5275 1064 5346 μετίωμεν
1109 5269 1198 5324 ὲπί
1234 5266 1300 5320 τὰ
1336 5263 1584 5360 στιχηρη,
1619 5262 1699 5314 ὅτι
1727 5260 1794 5330 δὴ

176 5354 366 5428 ταῦτα
405 5371 535 5430 τοῖς
575 5367 781 5439 χρόνοις
811 5363 916 5417 τῶν
946 5359 1146 5415 λοιπῶν
1180 5354 1520 5429 προφητειῶν
1551 5355 1793 5423 ἡγεῖταιο

180 5466 409 5519 τούτων
448 5461 513 5513 δὲ
552 5460 742 5532 πρῶτα
771 5457 970 5528 ἴδωμεν
995 5452 1063 5506 τὰ
1087 5451 1193 5504 ἀπὸ
1216 5449 1323 5502 τῶν
1352 5445 1617 5517 Ψαλμῶν.

258 5629 309 5662 ⁸⁵
356 5626 372 5680 Ι
417 5623 612 5678 Paral.
650 5635 795 5680 xvn,
836 5617 1010 5672 il-M.
1087 5615 1132 5646 ’⁵
1172 5612 1214 5667 ιι
1248 5611 1423 5666 Paral.
1461 5627 1547 5673 vI,
1586 5608 1669 5662 17.

1975 4981 2102 5036 Haec
2142 4985 2270 5035 sunt
2315 4975 2382 5030 de
2425 4974 2610 5029 Esdra:
2653 4971 2830 5036 libro;
2861 4969 2915 5022 in
2940 4967 3080 5021 libro
3112 4963 3305 5019 Esther
3331 4961 3462 5016 nihil

1906 5357 2210 5417 temporum
2254 5348 2500 5398 servetur
2546 5339 2715 5402 ordo,
2749 5335 2957 5390 caeteris
2988 5331 3288 5405 prophetiis
3317 5337 3463 5383 antc-

1902 5447 2052 5494 eunt.
2089 5437 2133 5490 A
2154 5433 2386 5490 Psalmis
2411 5432 2573 5503 igitur
2604 5427 2968 5484 exordiamur.

1747 5607 1791 5636 βε
1831 5604 1896 5656 Ill
1936 5601 2091 5657 I‘lsdr.
2122 5615 2194 5659 Iv,
2235 5596 2421 5652 δυο.
2500 5595 2542 5627 ’τ
2584 5590 2738 5647 toan.
2775 5605 2886 5652 xw.
2919 5586 2974 5643 6-
