3868 6264
491 357 620 412 1091

1205 345 1474 400 EUSEBII
1514 331 1996 398 CESARIENSIS
2033 333 2181 391 OPP.
2225 330 2404 388 PARS
2445 327 2529 386 Ill.
2571 361 2638 370 —-
2670 325 3054 383 EXEGETICA

3539 337 3641 391 l093

491 469 566 550 sit
593 476 646 521 et
675 461 1055 520 rarissimum?
1102 458 1279 513 Mente
1325 457 1490 512 etiam
1538 449 2064 523 amplificatur-laus

2178 443 2305 514 μηδὲ
2343 442 2446 514 μὴν
2478 441 2613 504 ὅλως
2641 430 2899 510 ’ἐπιϐῆναι
2935 437 3031 508 τὴν
3063 439 3252 508 ἀρχὴν,
3292 436 3408 510 μηδέ
3428 444 3580 514 στῆναι
3603 453 3643 505 ἐν

493 540 598 614 viri
625 559 692 613 de
717 572 825 626 quo
858 553 947 608 hic
971 551 1175 606 mentio
1208 549 1457 602 habetur.
1507 544 1690 614 Neque
1736 542 1879 597 enim
1917 540 2068 603 abiit,

497 657 593 716 ait,
625 664 800 720 neque
831 647 1003 709 stetit,
1040 657 1216 713 neque
1257 640 1396 697 sedit
1440 639 1495 692 in
1527 637 1724 691 talibus
1757 631 2072 704 improbita-

493 743 565 796 tis
595 739 882 809 speciebus
912 754 924 790 :
953 749 1123 805 quare
1141 731 1301 786 nobis
1320 729 1540 785 videtur
1565 727 1650 781 hic
1674 733 1874 780 aeterne
1910 729 2073 792 atque

493 834 549 888 in
578 830 834 887 omnibus
864 826 1181 898 praecellens
1210 823 1305 878 illo
1337 822 1495 876 beato
1529 818 1828 888 designari.
1874 814 2072 870 Multos

490 921 712 994 quidem
770 919 955 973 videre
1009 925 1092 971 est
1144 912 1427 984 diligentia
1485 919 1646 980 atque
1684 905 2073 962 exercitatione

491 1013 840 1083 conspicuos.
889 1009 984 1066 sed
1029 1005 1338 1064 istiusmodi
1384 1001 1659 1057 neminem
1693 1000 1935 1067 psalmus
1978 995 2072 1080 de-

494 1109 708 1165 scribit.
791 1105 848 1160 Si
893 1105 1017 1174 quis
1067 1103 1214 1157 enim
1275 1097 1517 1154 attendat
1579 1101 1845 1164 quantum
1897 1089 1968 1144 sit
2017 1091 2070 1140 in

494 1199 750 1254 omnibus
780 1211 1042 1267 prospere
1087 1193 1302 1256 cedere,
1345 1197 1492 1244 recte
1533 1201 1716 1242 coram
1747 1183 1855 1238 Deo
1881 1179 2073 1233 ambu-

494 1292 630 1354 lare,
675 1291 730 1342 in
759 1288 905 1342 nulla
940 1302 998 1340 re
1026 1297 1234 1347 errare,
1272 1296 1447 1350 neque
1475 1295 1505 1333 a
1551 1276 1766 1332 virtutis
1793 1270 2072 1344 proposito

495 1381 792 1442 declinare,
837 1379 980 1433 sicut
1024 1375 1077 1429 in
1126 1375 1229 1428 hoc
1281 1373 1490 1442 psalmo
1534 1369 1776 1423 dicitur:
1821 1386 1840 1418 ι
1879 1364 2070 1420 Omnia

498 1485 835 1542 quaecunque
863 1468 1044 1531 faciet,
1076 1465 1548 1536 prosperabuntur
1572 1464 1652 1520 9°:
1695 1481 1713 1513 ι
1754 1459 1801 1516 si
1825 1458 1950 1529 quis
1980 1473 2071 1511 re-

498 1570 651 1632 putet
675 1561 834 1631 quale
858 1560 949 1622 sit,
974 1558 1255 1628 praadicari
1270 1556 1425 1626 quasi
1443 1555 1495 1607 in
1520 1552 1772 1609 omnibus
1795 1549 2069 1620 propriam

497 1657 828 1709 voluntatem
861 1668 982 1707 cum
1012 1651 1223 1705 Domini
1255 1651 1372 1720 lege
1413 1655 1835 1703 consentaneam
1868 1643 2073 1698 baben-

497 1755 628 1811 tem,
648 1755 809 1817 atque
833 1761 1050 1816 operam
1081 1744 1391 1814 impendere
1419 1742 1564 1795 illius
1593 1736 1933 1793 meditationi
1963 1750 2071 1790 non

2173 537 2387 599 αὐτοῖς,
2445 533 2560 596 πῶς
2606 534 2666 585 οὑ
2701 533 3010 603 θαυμαστόν
3057 548 3108 584 τι
3147 532 3324 602 χρῆμα
3364 537 3444 588 καὶ
3480 541 3642 594 σπάνιον

2170 628 2462 698 τυγχάνει;
2512 626 2847 698 Παρίσταται
2885 624 2939 676 δὲ
2971 623 3170 694 μᾶλλον
3213 625 3274 694 τῇ
3313 625 3492 698 διανοίᾳ
3519 647 3658 703 παρα-.

2171 719 2406 782 τατικῶς
2446 717 2710 789 εἰρημένα
2743 717 2812 768 τὰ
2846 715 2939 768 τοῦ
2973 714 3294 785 δηλουμένου
3332 717 3496 789 ἀνδρὸς
3521 721 3644 790 ἐγκώ-

2174 828 2304 882 μια·
2342 808 2464 863 οὔτε
2492 809 2599 880 γὰρ
2631 806 2919 879 ἐπορεύθη,
2949 808 3133 878 φησιν,
3161 805 3268 859 οὔτ’
3291 807 3426 880 ἔστη,
3447 811 3535 864 οὔτ’
3554 817 3645 868 ἑκά.

2173 903 2319 956 θισεν
2373 905 2430 956 ἐν
2481 905 2594 965 τοῖς
2654 902 2880 954 τοιοῖσδε
2930 901 3030 972 τῆς
3075 898 3271 961 κακίας
3327 901 3486 967 εἴδεσι,
3533 905 3581 958 δι’
3599 900 3648 960 ὧν

2172 993 2495 1063 ἐμφαίνεται
2523 994 2556 1062 ἡ
2585 993 2648 1044 ἐκ
2676 991 2769 1043 τοῦ
2800 991 2889 1044 ἀεὶ
2919 991 3011 1044 καὶ
3033 990 3120 1042 διὰ
3148 990 3340 1052 παντὸς
3365 993 3569 1065 ἐνάρετος
3585 997 3650 1049 τοῦ

2175 1083 2612 1156 μακαριζομένου
2664 1084 3010 1146 κατάστασις.
3070 1081 3300 1144 Πολλοὺς
3353 1084 3438 1153 μὲν
3468 1081 3542 1138 οὖν
3566 1089 3652 1150 τοὺς

2171 1179 2235 1230 ἐκ
2261 1177 2532 1248 προσοχῆς
2552 1177 2645 1228 καὶ
2667 1175 2951 1246 ἀσκήσεως
2975 1174 3393 1246 κατωρθωκότας
3416 1175 3499 1228 ῐδοι
3518 1178 3567 1230 ἄν
3581 1195 3653 1241 τις,

2169 1269 2358 1321 οὐδένα
2388 1285 2450 1346 γε
2484 1267 2587 1337 μὴν
2621 1265 2858 1319 τοιοῦτον
2902 1266 3082 1318 ὁποῖον
3113 1266 3142 1317 ὁ
3171 1265 3373 1336 ψαλμὸς
3406 1265 3651 1346 διαγράφει·

2173 1363 2220 1414 εἰ
2252 1361 2307 1412 δὲ
2351 1342 2644 1430 eaquue
2687 1376 2769 1422 τις
2809 1352 3066 1428 ὁπηλίκον
3109 1357 3257 1410 ἐστὶν
3293 1357 3349 1410 τὸ
3389 1357 3503 1428 πρὸς
3530 1342 3656 1412 πέντε

2173 1454 2379 1522 εὐροεῖν
2414 1452 2508 1504 καὶ
2540 1450 2682 1504 κατά
2707 1450 2836 1503 Θεὸν
2867 1449 3178 1503 εὐοδοῦσθαι
3213 1451 3269 1502 ἐν
3301 1449 3469 1519 μηδενὶ
3493 1451 3658 1518 σφαλλό-

2175 1562 2334 1614 μενον
2352 1587 2367 1611 ,
2415 1545 2536 1615 μηδ’
2565 1543 2941 1597 ἁποπίπτοντα
2995 1541 3087 1594 τοῦ
3133 1544 3254 1594 κατ’
3283 1541 3462 1612 ἀρετὴν
3491 1541 3655 1606 σκοποῦ,

2172 1636 2248 1700 ὡς
2286 1637 2426 1690 κατὰ
2469 1635 2627 1688 τοῦτο
2673 1634 2925 1703 λέγεσθαι
2977 1634 3034 1687 ἐν
3077 1634 3155 1704 τῷ
3209 1632 3400 1704 ψαλμῷ
3441 1632 3508 1696 τὺ,
3545 1634 3657 1686 (Kal

2173 1729 2350 1782 πάντα
2392 1730 2491 1782 ὅσα
2534 1729 2599 1782 ἂν
2638 1731 2786 1798 ποιῇ,
2832 1725 3360 1796 κατευοδωθήσεται·
3395 1745 3411 1776 ι
3465 1725 3528 1778 ἔτι
3564 1725 3659 1778 δἐιί

501 1815 847 1894 tantumtota
870 1815 978 1903 die,
1007 1837 1100 1893 sed
1127 1845 1180 1892 et
1208 1846 1390 1896 nocte,
1421 1833 1678 1904 vigilibus
1714 1830 1912 1884 mentis
1941 1843 2072 1882 ocu-

2178 1821 2559 1889 κατανοήσειεν
2625 1818 2806 1870 ὁποῖόν
2861 1818 2974 1869 ἐστι
3040 1816 3100 1868 τὸ
3165 1815 3538 1885 ἀνακεκρᾶσθαι
3579 1816 3662 1867 τινὰ

501 1933 568 1986 lis
599 1948 812 2003 semper
842 1933 895 1985 in
921 1947 1038 1985 eam
1071 1930 1371 1991 conversis,
1408 1936 1461 1981 et
1489 1942 1594 1979 non
1626 1932 1834 1978 tantum
1862 1921 2072 1976 diurnis

499 2026 755 2095 operibus
785 2026 867 2080 vel
901 2023 1268 2085 sermonibus,
1320 2020 1415 2076 sed
1444 2029 1496 2074 et
1526 2035 1621 2089 per
1657 2032 1906 2074 somnum
1931 2014 2076 2083 cogi-

499 2118 799 2172 tationibus
847 2124 1008 2186 atque
1051 2113 1528 2185 imaginationibus
1583 2112 1636 2164 in
1683 2109 1787 2162 hac
1840 2105 2072 2162 medita-

499 2212 647 2265 tione
693 2217 990 2272 versatum,
1041 2214 1374 2277 compertam
1405 2203 1628 2257 habebit
1681 2199 2072 2256 sublimitatem

501 2305 648 2358 illius
693 2317 851 2372 quem
902 2301 1036 2354 adeo
1069 2297 1370 2369 perfectum
1416 2295 1509 2350 Dei
1547 2292 1787 2363 Spiritus
1820 2298 2070 2345 testatur.

501 2395 570 2448 At
613 2395 658 2449 si
705 2392 948 2446 omnium
997 2405 1268 2445 consensu
1310 2388 1426 2442 haec
1463 2386 1755 2439 humanam
1818 2387 2078 2450 superant

503 2496 781 2549 naturam,
805 2484 898 2537 uni
924 2482 1089 2551 igitur
1119 2482 1233 2534 viro
1265 2492 1506 2545 congrua
1531 2489 1654 2530 esse
1678 2479 1928 2544 possunt,
1948 2479 2076 2524 nato

502 2578 752 2632 videlicet
780 2591 810 2630 e
841 2573 1058 2627 Davidis
1106 2572 1314 2627 semine
1357 2568 1657 2624 secundum
1696 2579 1916 2620 carnem
1945 2562 2077 2618 Jesu

501 2668 742 2732 Christo,
779 2665 1007 2718 Domino
1033 2673 1086 2718 et
1107 2660 1375 2718 Salvatori
1407 2663 1619 2720 nostro,
1646 2655 1710 2710 de
1741 2668 1848 2725 quo
1870 2653 1989 2710 solo
2019 2651 2075 2706 in

503 2756 640 2812 Isaia
669 2773 698 2810 a
731 2755 934 2826 Spiritu
965 2753 1150 2808 divino
1182 2757 1515 2806 memoratur
1535 2789 1548 2812 ,
1592 2767 1611 2799 ι
1642 2747 1785 2818 quod
1819 2746 2077 2816 iniquita-

507 2854 613 2899 tem
643 2859 750 2897 non
780 2843 987 2907 fecerit,
1019 2857 1196 2910 neque
1226 2841 1384 2893 dolus
1428 2837 1591 2894 fuerit
1616 2840 1671 2892 in
1699 2852 1794 2891 ore
1823 2837 1943 2906 ejus
1974 2839 2013 2890 ¹.
2052 2855 2070 2888 ι

504 2941 640 2990 Cum
673 2951 734 2990 ea
766 2933 1214 3004 interpretatione
1240 2932 1399 3001 plane
1429 2930 1682 2999 congruit
1707 2927 1972 2983 llebraica
2003 2929 2078 2982 le-

504 3030 636 3092 ctio,
665 3028 891 3080 articulo
919 3039 1174 3095 expresse
1202 3023 1445 3076 adhibito
1479 3042 1491 3076 :
1528 3041 1546 3072 (
1589 3021 1785 3075 Beatus
1814 3021 1902 3076 ille
1934 3021 2071 3076 vir.)

2174 1911 2460 1983 όμοδοξοῦν
2520 1910 2711 1980 ἔχοντα
2762 1908 2824 1961 τὸ
2887 1905 3016 1960 ἴδιον
3063 1906 3231 1960 αὐτοῦ
3294 1906 3484 1976 θέλημα
3519 1904 3660 1956 τὸτοῦ

2175 2005 2379 2076 Κυρίου
2428 2005 2615 2075 νόμῳ,
2659 2002 2720 2056 τό
2761 2019 2821 2054 τε
2879 2001 3106 2071 μελετᾷν
3157 2001 3216 2052 ἐν
3266 1999 3405 2068 αὐτῷ
3449 2000 3511 2069 μὴ
3555 1998 3664 2067 μόνον

2174 2096 2238 2149 δι’
2266 2096 2393 2166 ὅλης
2422 2096 2633 2166 ἡμέρας
2672 2094 2807 2148 ἀλλά
2837 2097 2928 2147 καὶ
2959 2093 3046 2146 διὰ
3071 2090 3171 2162 τῆς
3197 2091 3385 2155 νυκτὸς
3418 2089 3665 2160 ἐγρηγορόσι

2174 2191 2286 2252 τοῖς
2331 2190 2430 2258 τῆς
2474 2188 2712 2251 διανοίας
2759 2187 3056 2258 ὀφθαλμοῖς
3111 2188 3190 2248 είς
3249 2184 3402 2238 αὐτὸν
3447 2181 3666 2254 ἐνορῶντα,

2176 2282 2270 2333 καὶ
2311 2283 2431 2333 κατ’
2468 2281 2628 2333 αὑτὸν
2671 2277 2730 2332 οὐ
2781 2280 2936 2349 μόνον
2986 2279 3096 2341 τοῖς
3141 2277 3264 2348 μεθ’
3307 2276 3496 2347 ἡμέραν
3542 2273 3667 2344 ἔργοις

2175 2391 2235 2426 τε
2269 2372 2360 2427 καὶ
2400 2373 2596 2443 λόγοις,
2623 2373 2754 2427 ἀλλὰ
2792 2373 2883 2424 καὶ
2924 2374 3043 2435 ταῖς
3085 2370 3228 2423 κατά
3270 2369 3355 2422 τὸν
3383 2368 3527 2420 ὕπνον
3562 2365 3668 2418 ἐνθυ-

2181 2467 2374 2538 μήσεσι
2425 2465 2518 2518 καὶ
2561 2465 2878 2534 φαντασίαις
2921 2462 3265 2532 ἐνεργοῦντα,
3299 2461 3482 2514 εἴσεται
3522 2457 3570 2510 τὸ
3604 2455 3668 2526 μέι

2177 2557 2335 2626 γεθος
2394 2556 2488 2610 τοῦ
2536 2556 2706 2609 ταῦτα
2774 2555 3197 2629 κατωρθωκέναι
3263 2552 3393 2624 πρὸς
3445 2549 3524 2603 τοῦ
3571 2549 3670 2599 Θείου

2180 2649 2497 2718 Πνεύματος
2561 2646 3026 2717 μαρτυρουμένου.
3108 2643 3248 2696 Ἀλλ’
3308 2645 3356 2695 εἰ
3413 2642 3495 2694 καὶ
3546 2639 3672 2691 πᾶσαν

2177 2739 2621 2812 ὁμολογουμένως
2652 2737 2748 2809 τὴν
2772 2736 3111 2807 ἀνθρωπείαν
3146 2731 3534 2806 ὑπερακοντίζει
3562 2729 3674 2798 φύσιν

2176 2831 2246 2884 τὰ
2279 2830 2595 2902 λελεγμένα,
2641 2831 2720 2883 ἐνὶ
2757 2829 2799 2881 δ’
2829 2826 2920 2881 οὖν
2963 2828 3118 2898 ἀνδρὶ
3164 2827 3313 2898 μόνῳ
3352 2822 3604 2896 ἐφαρμόζοι
3629 2818 3672 2870 ἂν

2177 2925 2256 2996 τῷ
2297 2926 2570 2996 γενομένῳ
2612 2927 2674 2976 ἐκ
2718 2923 3028 2994 σπέρματος
3073 2921 3241 2975 Δαυ¹ιδ
3286 2921 3343 2974 τὸ
3382 2917 3504 2971 κατά
3547 2914 3675 2984 σάρκα

2191 3018 2362 3087 Ἰησοῦ
2392 3018 2610 3090 Χριστῷ
2635 3017 2712 3088 τῷ
2745 3016 2932 3088 Κυρίῳ
2965 3016 3057 3068 καὶ
3084 3014 3296 3085 Σωτῆρι
3323 3011 3484 3084 ἡμῶν,
3516 3002 3552 3075 ᾧ

498 3120 742 3175 ‘Decebat
771 3118 989 3188 quidem
1021 3123 1226 3186 patrem
1253 3113 1550 3169 secundum
1580 3128 1798 3167 carnem
1831 3111 2075 3166 Salvato-

2179 3118 2314 3189 πρὸς
2346 3116 2439 3170 τοῦ
2471 3119 2528 3169 ἐν
2554 3095 2752 3185 Ἠσαίᾳ
2782 3115 2927 3168 θείου
2956 3113 3275 3185 Πνεύματος
3311 3107 3674 3182 μεμαρτύρηταιν

499 3207 586 3304 ξτὶε
619 3211 791 3265 nostri
831 3208 1084 3263 Davidem
1107 3249 1123 3274 ,
1151 3208 1238 3260 cui
1267 3207 1592 3275 promissum
1619 3205 1797 3260 fuerat
1835 3206 2075 3261 nascitu-

2187 3178 2319 3260 {ac}
2375 3206 2448 3279 μὴ
2492 3178 2763 3278 ἁμαρτία-ν
2833 3178 3116 3274 ἐποίησε(
3154 3178 3515 3275 μηδὲ-εὖρέθη
3570 3194 3676 3253 δῶ-ος

499 3283 627 3383 frum
660 3301 728 3355 ab
756 3301 928 3370 ipsius
958 3297 1476 3362 semineChristum,
1501 3297 1605 3350 hoc
1637 3297 1936 3367 prophetiis
1963 3296 2075 3352 suis

2182 3301 2240 3354 ἐν
2285 3299 2362 3371 τῷ
2413 3299 2638 3369 στόματι
2693 3298 2877 3352 αὐτοῦ.
2912 3317 2930 3349 ι
2989 3296 3063 3348 Τὸ
3111 3295 3156 3348 δ’
3195 3291 3575 3362 ἐπιδεδεγμένον

507 3395 785 3464 imponere
825 3393 1169 3462 prooemium.
1231 3390 1327 3446 Cui
1361 3397 1540 3444 autem
1571 3406 1682 3445 non
1706 3390 1977 3460 ingratum
2000 3389 2075 3442 vi-

2183 3390 2408 3460 ἐκδοχῆς
2452 3389 2778 3460 παρίστησιν
2817 3391 2848 3459 ἡ
2894 3389 3035 3440 κατὰ
3085 3385 3147 3438 τὸ
3182 3383 3461 3456 Ἐὁραῐκὸν
3503 3373 3678 3437 ἔντευξις

507 3486 726 3541 dcbitur
750 3501 812 3540 ea
842 3502 963 3556 quae
989 3485 1055 3540 de
1078 3483 1359 3539 Salvatore
1389 3484 1443 3537 in
1471 3483 1681 3554 psalmo
1707 3489 2075 3538 memorantur

2182 3482 2657 3552 ἐπιτετηρημένως
2689 3480 2860 3544 οὕτως
2891 3480 3086 3550 ἔχουσα
3103 3495 3116 3508 ·
3142 3498 3162 3529 ι
3187 3477 3461 3547 Μακάριος
3488 3476 3513 3526 ό
3534 3468 3676 3556 ἀνὴρτν

504 3577 794 3632 manifeste
824 3578 1151 3648 perspicere,
1199 3577 1252 3630 in
1301 3591 1424 3629 eum
1467 3573 1888 3629 commentarios
1911 3573 2075 3628 altius

2187 3573 2323 3643 μετά
2367 3573 2466 3642 τῆς
2491 3571 2692 3644 ἄρθρου
2745 3567 3092 3642 προσθήκης·
3150 3567 3246 3620 καὶ
3278 3563 3503 3634 ἔπρεπεν
3540 3575 3589 3627 γε
3619 3555 3678 3606 τὸν

508 3672 839 3742 perscrutari
870 3671 1016 3725 libet.

2183 3664 2323 3719 κατὰ
2377 3665 2554 3736 σάρκα
2592 3663 2686 3717 τοῦ
2734 3663 2982 3734 Σωτῆρος
3024 3660 3181 3731 ἡμῶν
3242 3659 3303 3728 (f.
3330 3658 3393 3711 l8
3425 3655 3495 3725 νυ)
3523 3665 3679 3742 χρημα·

508 3740 731 3818 τίσαντα
776 3763 986 3833 πατέρα
1023 3761 1216 3824 Δαυὶδ,
1265 3757 1594 3826 ἐπαγγελίαν
1635 3755 1890 3825 εἰληφότα
1939 3755 2196 3826 περὶτοῦ
2246 3759 2310 3810 ἐκ
2382 3758 2692 3828 σπέρματος
2733 3754 2896 3808 αὐτοῦ
2945 3752 3308 3824 τεχθήσεσθαι
3374 3750 3457 3801 τὸν
3492 3740 3678 3816 Χριστδνν

507 3855 680 3926 τούτῳ
729 3855 826 3926 τὴν
866 3828 1114 3925 ἀπαρχὴν
1192 3851 1290 3921 τῆς
1334 3849 1526 3903 ἐαυτοῦ
1579 3849 1912 3919 προφητείας
1972 3847 2266 3901 ἀναθεῖναι.
2324 3849 2470 3920 Ὅτῳ
2527 3849 2584 3900 δέ
2664 3847 2816 3918 φίλον
2894 3844 3185 3913 διαγνῶναι
3250 3841 3312 3894 τὸ
3360 3835 3561 3910 ἀκριϐὲς
3615 3828 3682 3894 τῆε

510 3955 604 4009 ἐπὶ
665 3950 754 4002 τὸν
810 3949 1034 4020 Σωτῆρα
1086 3947 1193 4000 τῶν
1253 3949 1310 3999 ἐν
1367 3945 1444 4016 τῷ
1500 3943 1700 4017 ψαλμῷ
1763 3943 2068 4015 λεγομένων
2105 3946 2416 4015 ἀναφορᾶς,
2461 3946 2572 4008 τοῖς
2612 3945 2692 4008 είς
2729 3941 2888 3995 αὐτὸν
2938 3935 3533 4012 ὑπομνηματισαμένοις
3576 3928 3680 3978 ἐντι·

512 4044 620 4118 χὼν
649 4043 870 4098 εἴσεται.
2806 4042 2808 4045 ’

1116 4160 1344 4217 CAPUT
1403 4159 1467 4214 ll.

1001 4251 1047 4308 E
1091 4255 1292 4324 psalmo
1338 4252 1582 4308 secundo.

588 4367 608 4400 ς
640 4347 818 4416 Quare
863 4347 1199 4402 fremuerunt
1248 4353 1456 4417 gentes,
1503 4354 1557 4399 et
1606 4346 1790 4416 populi
1833 4345 2077 4401 meditati

512 4451 638 4494 sunt
681 4439 898 4493 inania?
959 4439 1260 4494 Astiterunt
1311 4452 1467 4507 reges
1497 4446 1689 4501 terrai,
1725 4448 1779 4492 et
1801 4439 2078 4508 principes

510 4539 882 4585 convenerunt
909 4531 960 4584 in
988 4547 1154 4584 unum
1188 4531 1449 4585 adversus
1491 4528 1778 4584 Dominum
1809 4540 1862 4584 et
1887 4530 2079 4585 adver-

2709 4150 3106 4208 ΚΕΦΑΛΑΙΟΝ
3152 4151 3229 4204 B'.

2677 4246 2926 4316 Ψαλμοῦ
2965 4243 3269 4313 δευτέρου.

2260 4363 2278 4395 ι
2302 4341 2460 4396 Ἰνατί
2489 4339 2763 4412 ἐφρύαξαν
2797 4337 2945 4409 ἔθνη,
2975 4339 3067 4391 ml.
3097 4337 3214 4388 λαοὶ
3243 4331 3554 4406 ἐμελέτησαν
3575 4319 3683 4380 κενάς

2184 4437 2541 4509 Παρέστησαν
2589 4433 2639 4485 οἱ
2683 4432 2922 4502 βασιλεῖς
2962 4430 3059 4501 τῆς
3092 4429 3226 4500 γῆς,
3274 4425 3369 4480 καὶ
3415 4425 3460 4477 οἱ
3489 4422 3683 4509 ἄρχοντες

2187 4504 2526 4602 συνήχθησαν
2558 4527 2649 4578 ἐπὶ
2691 4525 2752 4578 τὸ
2778 4523 2910 4577 αὐτὸ
2945 4521 3087 4575 κατά
3116 4519 3209 4573 τοῦ
3235 4518 3457 4588 Κυρίου,
3489 4513 3568 4566 καὶ
3588 4504 3684 4602 κατᾶ

513 4640 607 4679 sus
630 4623 905 4677 Christum
943 4625 1059 4692 ejus
1082 4626 1152 4676 ’.ι
1189 4622 1243 4676 In
1277 4624 1644 4692 apostolorum
1675 4623 1906 4678 Actibus
1939 4624 2075 4678 hanc

2181 4624 2275 4677 τοῦ
2298 4620 2531 4694 Χριστοῦ
2567 4617 2751 4673 αὑτοῦ.
2786 4638 2804 4668 ι
2853 4619 2939 4670 Ἐν
2968 4617 3085 4676 ταῖς
3117 4613 3225 4665 τῶν
3259 4607 3551 4664 ἀποστόλων

512 4716 787 4786 impletam
815 4716 980 4770 fuisse
1003 4717 1339 4785 prophetiam
1371 4717 1552 4771 testati
1584 4724 1712 4770 sunt
1735 4717 1826 4786 qui
1856 4714 2077 4770 Petrum

511 4817 565 4864 et
587 4806 848 4862 Joannem
885 4806 1154 4861 mirabilia
1190 4821 1310 4875 quae
1355 4805 1458 4875 ipsi
1507 4805 1753 4860 viderant
1793 4816 2080 4861 narrantes

514 4903 787 4957 audivere.
817 4899 1166 4954 Gratulantes
1198 4899 1365 4968 igitur
1398 4897 1542 4967 quod
1570 4904 1650 4952 tot
1681 4897 1943 4950 miracula
1975 4897 2079 4950 sibi

516 4993 855 5056 acciderant,
889 4993 974 5047 his
1005 5000 1358 5062 perrexerunt
1392 4990 1572 5044 verbis
1600 5008 1613 5044 :
1646 5008 1664 5041 ε
1696 4989 2082 5044 Convenerunt

513 5089 656 5143 enim
687 5102 812 5141 vere
834 5086 888 5138 in
915 5083 1137 5138 civitate
1163 5083 1264 5137 ista
1293 5083 1554 5136 adversus
1581 5092 2079 5152 sanctumpuerum

514 5189 665 5234 tuum
689 5177 894 5241 Jesum,
931 5192 1091 5246 quem
1125 5175 1351 5234 unxisti,
1385 5174 1624 5230 Herodes
1649 5185 1703 5228 et
1731 5173 1959 5228 Pontius
1991 5172 2082 5227 Pi-

517 5279 676 5335 latus,
720 5287 842 5326 cum
870 5271 1120 5342 gentibus
1161 5277 1215 5324 et
1253 5268 1464 5337 populis
1494 5267 1660 5323 Israel
1691 5267 1734 5322 ³.
1767 5287 1784 5318 ›
1828 5265 1944 5321 Non
1979 5267 2081 5322 soli

517 5367 657 5419 enim
707 5366 800 5434 qui
843 5365 948 5418 hoc
988 5369 1229 5431 tempore
1277 5360 1542 5414 Salvatori
1592 5368 1786 5414 nostro
1837 5359 2080 5414 insidiati

519 5465 664 5520 sunt,
701 5455 959 5510 adversus
989 5470 1112 5510 eum
1143 5459 1534 5510 convenerunt.
1589 5452 1684 5506 sed
1732 5459 1786 5505 et
1823 5451 2080 5521 deinceps

523 5560 663 5599 nunc
697 5563 872 5616 usque
903 5562 1059 5617 reges
1099 5553 1154 5600 et
1184 5545 1457 5615 principes
1477 5586 1492 5611 ,
1543 5545 1919 5614 universeque
1950 5559 2084 5614 gen-

523 5641 603 5690 tes
631 5647 684 5693 et
715 5640 934 5710 populi,
981 5641 1073 5708 qui
1115 5639 1632 5707 blasphemaverunt
1677 5651 1804 5691 eum
1853 5637 2084 5706 ejusque

2187 4714 2300 4779 ξεσι
2343 4684 2438 4766 καὶ
2481 4711 2684 4780 ταύτην
2747 4705 3138 4778 πεπληρῶσθαι
3187 4703 3287 4775 τὴν
3333 4684 3681 4780 προφητείαν

2183 4806 2276 4859 τοῦ
2306 4807 2512 4874 Πέτρου
2557 4804 2651 4856 κού⁹
2702 4801 2945 4854 Ἰωάννου
2986 4796 3053 4851 τά
3084 4796 3202 4850 κατ’
3235 4794 3430 4855 αὐτοὺς
3474 4776 3682 4857 παράδοξα

2185 4899 2552 4973 διηγουμένων
2589 4896 2918 4956 ἀκούσαντες
2959 4890 3366 4962 ἐμαρτύρησαν.
3417 4873 3683 4973 Εὑχαριστῇ·

2187 4963 2389 5054 σαντες-
2423 4987 2532 5059 γὰρ
2586 4989 2700 5049 τοῖς
2730 4985 2826 5054 ,ἐφ’
2877 4978 2957 5046 οἷς
3011 4983 3203 5052 ἢκουον
3269 4973 3566 5048 θαυμασίοις
3607 4963 3683 5059 τρῖς

2187 5056 2558 5158 προεκτεθεῖσι
2595 5081 2778 5152 ῥητοῖς
2809 5078 3090 5147 ἐπήγαγον
3115 5075 3398 5142 λέγοντεςο
3432 5086 3450 5119 ι
3481 5056 3684 5158 Συνήχῇ

2190 5151 2286 5231 σαν
2334 5176 2442 5246 γὰρ
2489 5151 2884 5244 ἐπ’νάληθείας
2939 5171 3031 5222 ἐπὶ
3081 5168 3142 5220 τὸ
3191 5165 3324 5220 αὐτὸ
3376 5165 3432 5215 ἐν
3480 5161 3535 5227 τῇ

2185 5242 2355 5339 ταύτη
2382 5242 2472 5320 ἐπὶ
2499 5267 2590 5318 τὸν
2621 5242 2774 5333 ἅγιον
2797 5262 2961 5315 παῖδά
2991 5279 3105 5324 σου,
3146 5261 3201 5313 ὃν
3237 5259 3470 5331 ἔχρισας,
3503 5242 3681 5339 Ἠρὼδξς

2184 5378 2244 5413 τε
2294 5361 2386 5413 καὶ
2437 5359 2659 5421 Πόντιος
2723 5356 2952 5420 Πιλάτος
2973 5394 2986 5420 ,
3060 5355 3155 5406 σὺν
3223 5351 3399 5404 ἔθνεσι
3464 5345 3545 5397 καὶ
3581 5335 3682 5426 λαοῖξ

2199 5451 2437 5522 Ἰσραήλ.
2480 5470 2497 5501 ι
2532 5449 2605 5501 Οὐ
2655 5448 2803 5518 μόνοι
2836 5446 2892 5498 δὲ
2931 5445 3039 5516 ἄρα
3079 5446 3126 5496 οἱ
3163 5442 3283 5496 κατ’
3327 5441 3494 5493 ἐκεῖνο
3540 5438 3678 5522 καιροή

2188 5513 2672 5604 ἐπιέουλεύσαντες
2710 5539 2788 5610 τῷ
2825 5513 3035 5609 Σωτῆρι
3075 5536 3232 5608 ἡμῶν
3261 5531 3572 5604 συνήχθησαν
3597 5513 3682 5610 κν.

2189 5633 2376 5697 αὑτοῦ,
2422 5633 2561 5687 ἀλλὰ
2607 5633 2702 5687 καὶ
2745 5607 2792 5686 oi
2839 5607 3071 5700 καθεξῆς
3098 5607 3174 5696 ἐξ
3207 5627 3414 5682 ἐκείνου
3456 5620 3534 5677 καὶ
3564 5607 3680 5682 διῦρο

589 5789 632 5819 ’⁸
671 5791 814 5848 Psal.
843 5807 882 5853 ι,
915 5790 968 5847 5.
1043 5793 1058 5824 ¹
1102 5790 1206 5848 lsa.
1245 5807 1372 5858 Lm,
1405 5791 1458 5846 9.
1535 5793 1555 5823 ³
1602 5791 1746 5849 Psal.
1785 5807 1855 5859 ιι,
1894 5791 1941 5861 Ι,
1971 5790 2024 5844 2.

2178 5791 2281 5847 let.
2314 5805 2388 5856 Iv,
2422 5788 2512 5844 27.
