3868 6264
251 355 276 408 1
289 354 396 408 093

1277 352 1569 409 ECLOGA!)
1601 352 2090 409 PROPIIETICAS.
2118 387 2185 397 -——
2212 355 2342 412 LIB.
2388 357 2450 411 ll.

3376 360 3394 413 i
3406 359 3510 415 095

248 475 484 546 βασιλεῖς
517 475 608 527 καὶ
640 475 914 544 ἄρχοντες,
955 476 1053 529 ὅλα
1075 493 1132 528 τε
1166 475 1292 548 ἔθνη
1327 478 1422 530 καλ,
1453 477 1590 541 λαοὶ,
1618 476 1706 529 διὰ
1732 476 1807 529 τοί

1931 477 2193 531 doctrinae
2241 477 2485 531 insidiati
2534 485 2682 533 sunt.
2737 475 3061 532 Persuasum
3097 484 3275 530 autem
3308 476 3511 532 habere

250 567 590 637 βλασφημεῖν
642 568 804 620 αὑτὸν
850 568 942 622 καὶ
991 568 1362 622 ἐπιϐουλεύειν
1412 568 1578 622 αὐτοῦ
1625 573 1690 640 τῇ
1742 570 1822 623 δι-

245 658 533 730 δασκαλίᾳ.
571 659 867 714 Πεπεῖσθαι
914 661 970 714 δὲ
1012 661 1116 732 χρὴ
1154 663 1227 732 μὴ
1265 663 1423 732 μόνον
1467 664 1592 726 τοὺς
1632 664 1690 715 ὲν
1727 663 1821 716 άν-

249 751 487 824 θρώποις
544 752 772 822 όρατοὺς
815 752 1050 823 βασιλεῖς
1093 756 1186 807 καὶ
1220 755 1488 826 ἄρχοντας
1534 754 1822 808 ἐπιϐεϐου-

246 846 498 898 λευκέναι
541 845 717 915 αὐτῷ,
758 845 891 898 πολὺ
934 845 990 899 δὲ
1039 846 1238 916 μᾶλλον
1287 849 1412 911 τοὺς
1458 848 1680 918 νοητοὺς
1728 849 1822 902 καὶ

248 938 513 1008 ἁοράτους
549 937 814 1007 ἄρχοντας
857 938 950 991 τοῦ
983 937 1177 1002 αίῶνος
1207 938 1430 1006 τούτου,
1475 939 1523 993 οἳ
1567 941 1660 992 καὶ
1698 938 1817 992 τότε

246 1030 556 1099 ἐνήργησαν
597 1029 689 1082 καὶ
741 1031 821 1092 εἰς
869 1029 948 1083 ἔτι
993 1029 1085 1083 νῦν
1131 1028 1445 1101 ἐνεργοῦσι,
1491 1030 1560 1084 τά
1600 1049 1659 1084 τε
1692 1031 1820 1102 ἔθνη

245 1125 342 1177 καὶ
378 1124 504 1187 τοὺς
550 1123 682 1176 κενὰ
727 1126 822 1177 καὶ
872 1126 952 1188 εἰς
993 1125 1166 1196 μάτην
1209 1123 1302 1177 τὸν
1344 1123 1438 1177 τοῦ
1476 1123 1611 1177 Θεοῦ
1657 1124 1821 1194 νόμον

249 1212 647 1282 μελετήσαντας
693 1213 857 1277 λαοὺς
910 1214 1036 1276 τοὺς
1076 1215 1141 1266 ἐκ
1188 1215 1505 1286 περιτομῆς,
1551 1216 1611 1267 οὐ
1664 1215 1819 1284 μόνον

245 1305 383 1358 κατὰ
419 1304 513 1357 τοῦ
539 1305 774 1374 Χριστοῦ
818 1305 910 1358 τοῦ
955 1305 1090 1358 Θεοῦ
1145 1305 1636 1377 βουλευσαμένους,
1685 1307 1819 1361 ἀλλὰ

241 1396 309 1448 δι’
341 1395 505 1448 αὐτοῦ
557 1397 648 1448 καὶ
694 1399 835 1450 κατὰ
884 1396 978 1450 τοῦ
1014 1397 1328 1468 πέμψαντος
1376 1399 1538 1452 αὐτὸν
1583 1399 1815 1471 Πατρός·

242 1490 371 1558 περὶ
416 1482 490 1540 ὧν
535 1489 788 1542 ἁπάντων
821 1491 878 1542 ἐν
901 1489 980 1559 τῷ
1007 1489 1206 1561 ψαλμῷ
1239 1491 1554 1562 ἐπιφέρεται
1597 1491 1678 1553 τὸ,
1720 1511 1736 1541 ι
1759 1492 1820 1543 Ὀ

243 1579 513 1633 κατοικῶν
541 1582 598 1632 ἐν
623 1581 867 1652 οὐρανοῖς
901 1581 1256 1648 ὲκγελάσεται
1291 1583 1508 1645 αὐτοὺς,
1535 1583 1628 1634 καὶ
1656 1583 1683 1633 ὁ
1706 1580 1819 1634 Κύ-

245 1688 357 1742 ριος
383 1673 745 1743 έκμυκτηριεῖ
783 1671 995 1735 αὐτούς.
1037 1671 1167 1726 Τότε
1198 1672 1419 1743 λαλήσει
1455 1671 1590 1743 πρὸς
1624 1673 1818 1736 αὐτοὺς

240 1764 302 1814 ὲν
331 1763 467 1832 ὀργῇ
498 1761 684 1823 αὑτοῦ,
722 1761 816 1814 καὶ¹
849 1763 907 1813 ὲν
935 1762 1013 1832 τῷ
1047 1761 1204 1832 θυμῷ
1244 1762 1409 1815 αὐτοῦ
1459 1761 1684 1834 ταράξει
1717 1763 1815 1816 αύ-

1924 575 2137 637 oportet
2188 583 2296 621 non
2345 574 2555 621 tantum
2602 567 2846 622 visibiles
2897 567 2950 621 in
2986 567 3302 622 hominibus
3354 582 3510 637 reges

1923 659 2307 729 principesque
2353 659 2403 712 ei
2449 657 2623 714 fuisse
2652 658 2938 713 insidiatos
2959 699 2976 722 ,
3004 659 3099 714 sed
3129 660 3301 712 multo
3334 659 3510 729 magis

1929 751 2206 819 spiritales
2239 749 2653 820 iuvisibilesquc
2686 750 2849 820 hujus
2885 751 3068 805 saeculi
3095 750 3390 820 principes,
3415 751 3509 820 qui

1927 849 2058 895 tunc
2089 841 2524 911 exagitaveruut,
2544 842 2688 896 sicut
2720 851 2774 897 et
2799 858 2945 896 nunc
2968 844 3267 912 exagitant,
3293 851 3511 913 gentes-

1922 948 2028 1002 que
2081 941 2135 987 et
2183 933 2622 988 circumcisionis
2669 935 2898 1004 p0pulos
2952 933 3157 990 frustra
3187 942 3240 989 et
3275 934 3507 1004 nequid-

1921 1041 2082 1094 quam
2115 1026 2314 1096 divinae
2347 1027 2448 1096 legi
2485 1026 2793 1092 studentes,
2842 1042 2950 1081 non
2983 1034 3192 1080 tantum
3242 1026 3508 1083 adversus

1921 1116 2200 1172 Christum
2230 1095 2462 1183 ‘Dei,sed
2492 1133 2586 1188 per
2617 1132 2765 1182 eum,
2799 1125 2852 1172 et
2885 1117 3147 1172 adversus
3175 1115 3389 1172 Patrem
3412 1117 3508 1189 qui

1921 1208 2073 1262 misit
2122 1208 2297 1272 illum,
2349 1209 2658 1264 insidiatos.
2740 1208 2815 1262 De
2868 1209 2954 1264 his
2987 1207 3246 1264 onmibus
3301 1210 3404 1264 hoc
3451 1211 3510 1265 in

1920 1299 2133 1369 psalmo
2178 1300 2398 1354 additur
2437 1319 2451 1355 :
2492 1318 2510 1351 ι
2548 1299 2650 1366 Qui
2700 1299 2907 1354 habitat
2956 1299 3009 1354 in
3053 1293 3210 1355 cdalis
3261 1299 3508 1354 irridebit

1919 1406 2038 1455 eos,
2064 1399 2116 1446 et
2142 1391 2408 1448 Dominus
2433 1392 2792 1447 subsannabit
2822 1408 2937 1446 eos.
2967 1391 3122 1445 Tunc
3153 1391 3404 1461 loquetur
3438 1391 3506 1445 ad

1927 1499 2023 1538 eos
2054 1484 2107 1538 in
2137 1485 2214 1537 ira
2248 1501 2367 1549 sua,
2399 1495 2451 1539 et
2483 1486 2534 1537 in
2569 1483 2754 1540 furore
2787 1499 2889 1540 suo
2920 1483 3270 1538 conturbabit
3297 1498 3391 1538 eos
3425 1483 3502 1536 ⁸.»

1919 1570 2129 1638 Quibus
2161 1573 2356 1629 deinde
2403 1574 2657 1628 Christus
2692 1574 2807 1646 ipse
2851 1573 3020 1637 dicit,
3075 1573 3506 1627 dominationem

1921 1681 2076 1720 suam
2128 1677 2251 1736 post
2301 1667 2612 1736 passionem
2657 1667 3012 1722 constitutam
3060 1681 3161 1722 nos
3213 1667 3448 1720 edocens
3487 1684 3502 1721 :

1926 1774 1944 1807 ι
1976 1754 2089 1826 Ego
2115 1765 2297 1810 autem
2331 1759 2667 1813 constitutus
2711 1774 2832 1812 sum
2864 1773 2956 1812 rex
2986 1757 3054 1812 ab
3086 1773 3151 1812 eo
3182 1773 3346 1827 super
3371 1756 3506 1811 Sion

239 1854 387 1917 τούς.
424 1874 440 1904 ι
499 1848 592 1917 Οἷς
646 1854 773 1923 ἐξῆς
832 1854 994 1918 αὐτὸς
1048 1857 1077 1907 ὁ
1123 1855 1357 1926 Χριστὸς
1411 1853 1510 1926 τὴν
1570 1853 1706 1924 μετὰ
1755 1855 1807 1906 τὲ

1917 1849 2153 1896 montem
2190 1854 2438 1898 sanctum
2474 1845 2616 1914 ejus,
2669 1845 2974 1915 praedicans
3036 1855 3363 1916 prmceptum
3394 1847 3504 1901 Do-

241 1946 414 2009 πάθος
450 1947 820 2017 γεγενημένην
847 1949 974 2019 περὶ
1012 1948 1171 2000 αὐτὸν
1206 1947 1514 2018 οἰκονομίαν
1550 1947 1817 2000 παιδεύων

241 2037 391 2106 ἡμᾶς
439 2053 638 2106 φησιν,
693 2055 712 2087 ι
747 2035 886 2104 Ἐγὼ
935 2036 992 2089 δὲ
1045 2036 1384 2108 κατεστάθην
1429 2035 1678 2107 βασιλεὺς
1727 2037 1815 2089 ὑπ’

238 2130 404 2182 αὐτοῦ
457 2129 549 2182 ἐπὶ
585 2128 720 2181 Σιὼν
760 2129 882 2199 ὅρος
928 2130 990 2182 τὸ
1040 2129 1192 2198 ἆγιον
1236 2129 1400 2183 αὑτοῦ
1425 2169 1439 2192 ,
1489 2128 1816 2197 διαγγέλλων

238 2223 300 2276 τὸ
329 2223 653 2294 πρόσταγμα
684 2223 910 2294 Κυρίου.
955 2242 972 2273 ›
1000 2224 1072 2276 Οὺ
1105 2222 1209 2294 χρὴ
1259 2223 1504 2294 μέντοιγε
1544 2221 1683 2276 κατὰ
1714 2222 1814 2286 τὰς

250 2316 523 2370 Ἰουδαίων
569 2319 926 2387 χαμαιπετεῖς
978 2316 1270 2386 ὑπολήψεις
1312 2316 1410 2388 τὴν
1455 2308 1550 2368 τοῦ
1576 2313 1813 2386 Χριστοῦ

239 2410 515 2479 βασιλείαν
543 2410 731 2480 ὁμοίαν
755 2413 875 2473 ταῖς
902 2410 1010 2462 τῶν
1043 2407 1343 2481 ἀνθρώπων
1370 2409 1620 2480 ἡγεῖσθαι
1642 2409 1734 2461 ἐπὶ
1753 2408 1814 2461 τὸ

236 2502 376 2555 Σιὼν
398 2503 520 2572 ὅρος
547 2501 857 2572 σωματικὸν
888 2501 1319 2571 συστησαμένην·
1356 2500 1492 2572 πρός
1523 2501 1574 2569 γ’
1601 2497 1694 2553 οὖν
1720 2498 1812 2552 τὸν

235 2596 587 2666 ἐρωτήσαντα
617 2593 777 2647 αὑτὸν
810 2595 858 2646 εί
889 2591 1137 2663 βασιλεὺς
1174 2593 1450 2662 τυγχάνει,
1481 2592 1812 2662 ἀπεκρίνατο

234 2689 430 2756 λέγων,
469 2709 487 2740 ‹
509 2689 571 2741 Ἦ
605 2687 848 2757 βασιλεία
882 2690 913 2758 ή
950 2685 1056 2757 ἐμὴ
1085 2687 1185 2738 οὐκ
1213 2685 1356 2737 ἐστιν
1389 2687 1454 2737 ἐκ
1481 2683 1574 2736 τοῦ
1605 2683 1808 2752 κόσμου

233 2781 424 2835 τούτου
445 2799 458 2811 ·
499 2802 515 2833 i
559 2781 678 2835 ὅθεν
710 2782 773 2851 δὴ
804 2781 897 2834 καὶ
929 2779 1202 2849 βασιλείαν
1230 2778 1474 2848 οὐρανῶν
1507 2777 1810 2847 ἐπήγγελτο

231 2879 346 2938 τοῖς
389 2875 806 2927 πεπιστευκόσιν
849 2875 926 2935 εἰς
965 2872 1146 2934 αὐτὸν,
1194 2871 1288 2923 καὶ
1331 2870 1392 2923 τὸ
1425 2869 1561 2922 Σιὼν
1592 2869 1648 2921 δὲ
1687 2869 1810 2940 ὅρος

233 2971 554 3040 ἐπουράνιον
581 2967 843 3037 ὑπάρχειν
866 2964 1100 3028 ἐδίδαξεν
1135 2965 1194 3017 οὐ
1227 2963 1385 3034 μόνος
1411 2965 1439 3016 ό
1466 2961 1807 3025 Ἀπόστολος,

231 3061 367 3113 ἀλλὰ
407 3061 498 3112 καὶ
541 3059 787 3111 πλεῖσται
827 3056 981 3110 ἄλλαι
1019 3057 1366 3126 προφητεῖαι.
1417 3054 1473 3107 Ὀ
1505 3055 1555 3121 γ’
1588 3048 1678 3106 οῦν
1707 3055 1810 3106 Μι-

232 3153 393 3222 χαίας
433 3149 709 3222 προειπὼν
749 3150 824 3212 ὼς
853 3150 961 3219 ἄρα
998 3148 1086 3200 διὰ
1113 3147 1213 3209 τὰς
1257 3145 1510 3208 ἀσεϐείας
1539 3143 1634 3198 τοῦ
1673 3161 1807 3214 προ-

1920 1932 2076 1988 ιηίηἰ.
2108 1934 2148 1988 ⁸.
2185 1955 2202 1986 ι
2229 1934 2382 1989 Haud
2437 1952 2566 1991 vero
2597 1938 2893 1991 secundum
2937 1946 3246 1992 terrestrem
3284 1936 3502 1994 Judan—

1919 2039 2040 2078 rum
2077 2026 2578 2096 interpretationem
2626 2029 3035 2098 intelligendum
3071 2038 3155 2084 est
3180 2029 3383 2086 Christi
3420 2047 3504 2086 re-

1915 2132 2082 2187 gnum
2104 2158 2117 2180 ,
2162 2099 2318 2172 νθιυῖ
2344 2118 2622 2172 hominum
2658 2134 2824 2190 regna
2845 2159 2860 2184 ,
2900 2135 3066 2191 super
3097 2128 3335 2176 montem
3369 2121 3502 2177 Sion

1916 2209 2278 2278 corporaliter
2311 2211 2714 2276 constitutum;
2751 2213 3106 2284 interroganti
3139 2214 3284 2268 enim
3335 2229 3503 2268 rexne
3601 2224 3613 2242 '

1913 2308 2096 2364 esset,
2142 2303 2426 2371 respondit
2454 2303 2644 2358 dicens
2679 2323 2692 2357 :
2730 2323 2748 2354 ι
2784 2303 3026 2375 Regnum
3063 2321 3242 2360 meum
3275 2321 3384 2361 non
3418 2314 3504 2362 est

1913 2389 1982 2446 de
2019 2392 2123 2446 hoc
2152 2395 2424 2450 mundo".
2458 2414 2476 2447 ι
2532 2394 2740 2449 Exinde
2791 2411 3016 2465 regnum
3062 2397 3325 2452 cwlorum
3373 2413 3503 2468 pro-

1913 2484 2063 2538 misit
2092 2484 2173 2540 eis
2204 2486 2296 2555 qui
2330 2485 2680 2542 crediderunt
2707 2487 2760 2540 in
2790 2503 2937 2552 eum,
2977 2496 3328 2555 montemque
3365 2488 3500 2544 Sion

1912 2587 2034 2628 esse
2067 2574 2344 2629 cmlestem
2371 2576 2559 2632 docuit
2593 2592 2700 2630 non
2736 2586 2946 2630 tantum
2977 2575 3295 2646 Apostolus,
3317 2577 3410 2632 sed
3447 2586 3502 2632 et

1913 2665 2184 2735 pleraeque
2235 2666 2355 2721 alia:
2400 2667 2717 2737 prophetiae.
2763 2667 3019 2724 Michaeas
3051 2668 3215 2739 igitur
3241 2669 3501 2740 prabfatus

1911 2756 2056 2826 quod
2084 2765 2304 2826 propter
2335 2759 2547 2828 priores
2572 2760 2753 2828 populi
2781 2761 3122 2830 iniquitates,
3151 2757 3312 2814 «Sion
3338 2761 3500 2831 quasi

1912 2862 2041 2918 ager
2075 2849 2342 2914 arabitur,
2373 2857 2428 2904 et
2457 2847 2760 2903 Jerusalem
2791 2851 2947 2920 quasi
2983 2865 3212 2905 acervus
3256 2851 3497 2920 lapidum

1910 2941 2046 3004 erit,
2079 2947 2133 2993 et
2164 2955 2322 2994 mons
2359 2942 2544 3010 templi
2577 2943 2632 2994 in
2665 2943 2886 2996 excelsa
2923 2942 3186 2997 silvarum
3215 2943 3233 2972 ⁷
3257 2981 3272 3006 ,
3313 2961 3330 2992 ι
3371 2942 3498 2997 dein

1910 3029 1977 3084 de
2006 3031 2113 3083 alia
2141 3028 2272 3084 Sion
2300 3039 2353 3085 et
2379 3029 2680 3087 Jerusalem
2729 3032 2977 3086 similiter
3002 3041 3188 3086 narrat
3211 3074 3226 3099 ,
3255 3033 3448 3088 dicens
3479 3052 3494 3088 :

1917 3141 1935 3173 ι
1972 3121 2038 3176 Et
2070 3124 2174 3177 erit
2209 3123 2261 3176 in
2295 3124 2598 3178 novissimo
2623 3124 2836 3178 dierum
2872 3141 3030 3180 mons
3062 3127 3257 3181 domus
3280 3125 3496 3180 Domini

230 3204 391 3313 ἒέροι]
425 3204 577 3305 λαοῦ,
615 3261 631 3290 ι
668 3239 807 3293 Σιὼν
853 3204 928 3302 ei;
978 3238 1144 3308 ἀγρὸς
1197 3235 1683 3308 άροτριαθήσεται,
1713 3204 1807 3290 καὶ

1912 3223 2250 3284 praeparatus
2277 3215 2328 3268 in
2356 3216 2564 3270 vertice
2588 3219 2810 3281 montis,
2838 3257 2850 3270 .
2881 3257 2893 3268 .
2925 3255 2972 3270 ..
3003 3225 3056 3272 et
3079 3216 3247 3272 ﬂuent
3279 3216 3344 3271 ad
3371 3232 3497 3272 eum

238 3335 309 3388 ἰε
317 3333 551 3407 ρουσαλὴ
559 3351 596 3403 μ
616 3333 691 3395 ὡς
714 3330 1154 3402 όπωροφυλάκιον
1172 3327 1345 3392 ἔσται,
1367 3329 1460 3380 καὶ
1489 3326 1549 3378 τὸ
1569 3325 1692 3397 ὄρος
1712 3323 1804 3377 τοῦ

228 3427 378 3479 οῖκου
427 3426 507 3488 εἰς
550 3423 711 3485 ἄλσος
755 3417 996 3492 δρυμοῦ,
1033 3437 1051 3469 ι
1095 3416 1219 3486 ἑξῆς
1259 3416 1386 3485 περὶ
1425 3414 1614 3484 ἐτέρας
1668 3411 1806 3489 Σιὼν

228 3521 326 3574 καὶ
386 3516 738 3589 Ἰερουσαλὴμ
789 3513 988 3584 ὁμοίως
1039 3509 1325 3579 ἐπιφέρει,
1379 3507 1582 3576 λέγων·
1651 3525 1668 3556 ι
1697 3505 1807 3559 Καὶ

228 3611 381 3664 ἔσται
407 3613 464 3663 ὲν
491 3613 608 3671 ταῖς
629 3607 884 3677 ἐσχάταις
911 3605 1142 3677 ἡμέραις
1167 3602 1408 3672 ἐμφανὲς
1445 3601 1506 3652 τὸ
1533 3600 1656 3668 ὅρος
1690 3599 1804 3651 Κυ-

231 3703 382 3774 ρίου,
425 3703 517 3754 καὶ
555 3700 776 3770 ἥξουσιν
821 3699 905 3748 ἐπ’
937 3695 1083 3765 αὐτῴ
1114 3694 1266 3756 λαοὶ,
1317 3693 1411 3746 καὶ
1450 3689 1805 3763 πορεύσονται

227 3793 357 3862 ἔθνη
392 3791 580 3852 πολλὰ,
602 3792 684 3843 ὅτι
717 3792 782 3842 ἐκ
808 3787 942 3841 Σιὼν
969 3784 1306 3850 ἐξελεύσεται
1335 3783 1495 3852 νόμος
1527 3781 1620 3834 καὶ
1649 3779 1805 3848 λόγος

230 3887 439 3957 Κυρίου
473 3884 530 3950 ἐξ
567 3881 941 3952 Ἰερουσαλήμ.
974 3899 992 3929 ι
1038 3879 1172 3949 Περὶ
1217 3876 1405 3928 τούτου
1440 3874 1546 3945 ἄρα
1590 3873 1804 3944 εἴρηται

228 3979 324 4033 καὶ
354 3977 537 4031 ἐνθάδε
566 3976 670 4028 ὑπὸ
699 3973 759 4043 (f.
790 3973 875 4040 19)
904 3967 996 4024 τοῦ
1027 3971 1184 4042 ὅρους
1208 3966 1300 4020 τοῦ
1325 3965 1582 4038 Χριστοῦ,
1620 3984 1637 4014 ι
1663 3963 1804 4030 Ἐγὼ

224 4071 284 4124 δὲ
323 4068 660 4136 κατεστάθην
716 4065 964 4136 βασιλεὺς
1019 4062 1110 4114 ὑπ’
1154 4059 1317 4114 αὐτοῦ
1366 4058 1458 4110 ἐπὶ
1500 4056 1638 4109 Σιὼν
1679 4057 1802 4127 ὅρος

224 4165 287 4217 τὸ
324 4163 475 4230 ἅγιον
515 4158 708 4212 αὑτοῦ·
746 4177 764 4208 ι
824 4156 928 4208 ὑπὸ
970 4155 1116 4216 τίνος
1159 4153 1215 4206 δὲ
1250 4149 1597 4219 κατεστάθη;
1644 4149 1801 4220 δῆλον

223 4258 308 4311 ὅτι
336 4256 442 4308 ὑπ’)
465 4252 558 4306 τοῦ
600 4255 868 4321 φήσαντος
908 4250 1042 4320 πρὸς
1074 4247 1230 4300 αὐτὸν
1264 4245 1475 4314 Πατρὸς
1515 4243 1604 4296 τό·
1645 4244 1800 4308 «Υἱός

226 4367 331 4420 μου
377 4343 427 4400 εἴ
473 4349 559 4410 σὺ,
588 4344 697 4413 ἐγὼ
725 4344 960 4413 σήμερον
1010 4337 1313 4410 γεγέννηκά
1361 4353 1449 4390 σε’
1485 4356 1505 4389 ι
1558 4336 1652 4390 καὶ
1701 4334 1792 4388 τόο

229 4442 492 4510 ιΑῖτησαι
532 4439 661 4508 παρ’
700 4434 856 4506 ἐμοῦ,
896 4434 987 4486 καὶ
1010 4431 1164 4485 δώσω
1196 4448 1275 4483 σοι
1310 4429 1438 4499 ἔθνη
1475 4428 1572 4500 τὴν
1604 4427 1800 4498 κληρο-

221 4535 419 4605 νομίαν
463 4550 579 4591 σου,
611 4530 706 4582 καὶ
747 4528 845 4598 τὴν
876 4523 1202 4595 κατάσχεσίν
1243 4541 1335 4576 σου
1364 4522 1432 4576 τὰ
1464 4521 1676 4592 πέρατα
1703 4521 1801 4591 τῆς
1832 4544 1874 4596 ι)

219 4626 347 4695 γῆς.
385 4645 402 4674 ι
437 4625 545 4676 Καὶ
576 4624 657 4675 ὅτι
696 4636 759 4687 γε
793 4617 997 4687 ἀληθὴς
1041 4618 1074 4686 ἡ
1104 4614 1408 4686 προφητεία
1437 4614 1530 4667 καὶ
1563 4611 1796 4682 ἀψευδὴς

220 4721 258 4789 ἠ
295 4719 615 4788 ὑπόσχεσις,
663 4715 892 4782 πάρεστι
944 4707 1234 4778 διαγνῶναι
1283 4706 1390 4760 ἀπὸ
1423 4706 1532 4759 τῶν
1566 4708 1622 4759 ἐν
1655 4704 1797 4759 οὕτω

223 4808 418 4878 βραχεῖ
447 4806 623 4876 χρόνῳ
668 4797 1140 4873 προσεληλυθότων
1176 4799 1239 4850 ἐκ
1265 4796 1462 4858 παντὸς
1508 4794 1693 4857 ἔθνους
1725 4797 1795 4866 τῇ

219 4900 314 4953 διὰ
354 4898 446 4951 τοῦ
479 4897 726 4967 Σωτῆρος
763 4892 923 4964 ἡμῶν
966 4889 1276 4960 θεοσεϐείᾳο
1327 4889 1358 4958 ἦ
1398 4887 1703 4956 λεγέτωσαν
1745 4887 1794 4938 οἱ

220 4991 361 5062 πρὸς
392 4990 489 5060 τὴν
520 4989 796 5059 ἐνέργειαν
825 4981 1162 5038 ἀντιϐλέπειν
1193 4978 1423 5042 ἀναιδῶς
1463 4977 1792 5048 τολμῶντες,

217 5085 330 5137 τίνι
374 5083 438 5138 ἂν
483 5081 653 5152 ἔχοιεν
687 5075 1017 5150 ἐφαρμόζειν
1066 5074 1140 5144 μὴ
1181 5071 1606 5144 παραδεχόμενοι
1639 5068 1791 5123 ταῦθ’

219 5175 398 5238 οὕτως
446 5173 587 5244 ἔχειν
629 5171 727 5242 τὴν
771 5166 1145 5240 προφητείαν;
1203 5163 1364 5216 Δαυὶδ
1419 5163 1515 5233 μὲν
1554 5161 1661 5232 γὰρ
1703 5161 1793 5212 τὸν

221 5263 466 5337 βασιλέα,
497 5261 624 5331 περὶ
658 5251 717 5312 οῦ
745 5257 916 5311 ταῦτά
942 5271 1086 5316 τινες
1107 5253 1364 5323 ᾠήθησαν
1391 5249 1663 5319 λέγεσθαι,
1695 5249 1793 5318 οὑχ

216 5353 322 5411 οἷοί
356 5371 415 5406 τε
445 5353 511 5405 ἂν
543 5347 652 5403 εἶεν
695 5347 1041 5420 παραστῆσαι
1081 5343 1256 5397 τοιάδε
1299 5341 1421 5394 τινὰ
1459 5339 1790 5399 πεπονθότα,

215 5450 297 5511 ὡς
332 5446 609 5516 ἀρχόντων
637 5443 730 5496 καὶ
764 5440 1047 5512 βασιλέων,
1077 5439 1246 5492 ἐθνῶν
1276 5453 1335 5489 τε
1361 5436 1457 5489 καὶ
1495 5432 1640 5486 λαῶν
1670 5434 1791 5485 ἐπι-

215 5537 654 5591 ϐεϐουλευκότων
703 5534 881 5604 αὐτῷ·
917 5532 1045 5584 πότε
1093 5529 1146 5582 δὲ
1181 5529 1214 5599 ἢ
1256 5528 1352 5582 καὶ
1405 5526 1498 5578 ἐπὶ
1540 5523 1792 5594 πηλίκοις

215 5629 671 5702 ἀνδραγαθήμασι
705 5622 857 5679 εἶπεν
895 5625 922 5676 ό
947 5623 1150 5692 Κύριος
1180 5617 1258 5690 τῷ
1281 5617 1464 5681 Δαυὶδ,
1497 5615 1652 5678 «Υἱός
1689 5630 1789 5685 μου

288 5755 311 5787 ⁸
349 5750 496 5805 Psal.
533 5765 607 5814 ιι,
642 5749 705 5810 4,
738 5749 789 5801 5.
899 5747 918 5776 '
959 5743 1091 5800 ibid.
1126 5744 1178 5796 6.

219 5829 276 5894 7,
341 5825 396 5876 8.

1291 5744 1311 5774 ⁸
1345 5739 1502 5796 Joan.
1535 5753 1666 5794 mu
1689 5781 1702 5802 ,
1739 5736 1830 5791 36.

1910 3308 2116 3375 populi,
2152 3314 2204 3360 et
2235 3308 2604 3377 properahunt
2628 3317 2816 3376 gentes
2849 3308 3031 3363 multa:
3057 3349 3070 3361 .
3100 3350 3114 3364 .
3144 3349 3159 3364 .
3186 3348 3201 3363 .
3228 3351 3243 3375 ,
3266 3309 3396 3378 quia
3427 3309 3499 3363 de

1912 3395 2042 3450 Sion
2090 3397 2402 3467 egredietur
2434 3398 2541 3458 lex,
2574 3406 2627 3451 et
2662 3398 2888 3451 verbum
2920 3397 3135 3452 Domini
3177 3399 3244 3453 de
3271 3397 3497 3455 Jerusa-

1908 3496 2013 3549 lem
2045 3495 2086 3550 ⁸.
2127 3514 2145 3547 ι
2198 3494 2299 3549 ilic
2331 3510 2490 3550 mons
2521 3493 2725 3549 Christi
2773 3509 2990 3563 quoque
3023 3493 3126 3547 hoc
3160 3494 3216 3546 in
3252 3494 3372 3548 loco
3407 3493 3496 3547 in-

1908 3587 2098 3641 nuitur
2126 3606 2138 3641 :
2184 3606 2200 3637 ι
2238 3586 2349 3658 Ego
2375 3595 2553 3642 autem
2591 3602 2682 3640 rex
2710 3585 3043 3640 constitutus
3069 3600 3190 3639 sum
3219 3584 3289 3638 ab
3309 3599 3375 3639 eo
3398 3600 3494 3639 su-

1905 3674 2183 3747 per'Sion
2230 3685 2470 3730 montem
2526 3682 2775 3730 sanctum
2829 3674 2970 3743 ejus.
3012 3693 3030 3723 ι
3097 3674 3278 3742 Aquo
3309 3681 3492 3727 autem

1905 3769 2240 3822 constitutus
2288 3773 2393 3831 est,
2440 3767 2546 3822 nisi
2589 3766 2877 3822 manifeste
2922 3765 2992 3820 ab
3049 3765 3142 3819 illo
3199 3763 3360 3818 Patre
3394 3765 3491 3834 qui

1905 3863 1971 3915 ad
2007 3877 2130 3918 eum
2167 3861 2300 3915 dicit
2335 3877 2349 3912 :
2390 3857 2593 3914 «Filius
2623 3873 2778 3913 meus
2801 3873 2861 3913 es
2895 3867 2976 3924 tu,
3003 3864 3057 3911 et
3080 3871 3180 3927 ego
3212 3855 3374 3909 hodie
3404 3871 3492 3926 ge-

1904 3951 1998 4007 nui
2038 3962 2124 4018 te;
2162 3951 2378 4022 postula
2417 3966 2446 4004 a
2469 3967 2578 4015 me,
2616 3958 2670 4005 et
2695 3949 2836 4004 dabo
2873 3949 2970 4003 tibi
2991 3955 3178 4017 gentes
3203 3945 3490 4000 haeredita-

1902 4054 2009 4099 tem
2036 4052 2206 4109 tuam,
2239 4053 2292 4098 et
2323 4043 2726 4114 possessionem
2759 4051 2908 4096 tuam
2935 4043 3194 4096 terminos
3229 4039 3484 4094 ωτι-ιε’.»

1903 4137 2056 4204 Quod
2090 4137 2310 4207 quidem
2339 4150 2465 4190 vera
2493 4135 2565 4190 sit
2604 4135 2910 4206 prophetia,
2933 4149 3036 4189 nec
3063 4133 3223 4186 fallax
3255 4134 3489 4203 promis-

1902 4229 2007 4292 sio,
2058 4229 2373 4282 noverimus
2424 4227 2490 4283 iis
2544 4228 2635 4296 qui
2685 4229 2739 4281 in
2775 4235 2884 4281 tam
2939 4226 3089 4281 brevi
3131 4234 3374 4295 tempore
3419 4237 3486 4279 ex

1901 4319 2050 4373 omni
2097 4327 2257 4389 gente
2300 4316 2368 4371 ad
2407 4332 2588 4372 veram
2623 4315 2718 4370 Dei
2753 4317 3066 4387 religionem
3111 4330 3208 4384 per
3239 4312 3487 4367 Salvato-

1900 4425 2017 4464 rem
2067 4419 2319 4464 nostrum
2369 4417 2754 4479 pervenerunt.
2807 4405 3001 4460 Dicant
3033 4406 3320 4461 evidentia:
3348 4406 3518 4464 resia

1904 4513 2048 4558 stere
2077 4503 2420 4573 impudenter
2449 4501 2736 4563 audentes,
2762 4503 2850 4553 cui
2881 4497 3283 4552 accommodari
3309 4497 3485 4566 possit

1906 4597 2020 4652 haec
2052 4595 2334 4666 prophetia
2359 4635 2372 4658 ,
2410 4600 2654 4647 nostram
2691 4592 2736 4644 si
2769 4589 3271 4659 interpretationem
3305 4587 3480 4641 detre-

1907 4697 2076 4743 ctant.
2144 4686 2400 4740 Davidezn
2431 4684 2576 4738 enim
2612 4697 2814 4751 regem,
2846 4679 2913 4734 de
2943 4694 3051 4756 quo
3077 4679 3192 4733 haec
3225 4678 3332 4732 dici
3361 4677 3483 4746 opi~

1903 4789 2126 4843 nantur,
2183 4777 2458 4848 quomodo
2508 4775 2636 4828 talia
2686 4789 2905 4844 passum
2955 4770 3124 4826 fuisse
3169 4769 3478 4831 OSlendeut,

1901 4870 1990 4924 cui
2021 4869 2151 4923 nulli
2187 4867 2463 4936 principes
2515 4879 2735 4935 rcgesve
2766 4876 3003 4930 unquam
3039 4859 3278 4914 insidiati
3312 4859 3483 4912 sunt?

1900 4961 2127 5028 Quando
2158 4967 2336 5013 autem
2370 4965 2424 5010 et
2454 4971 2574 5026 quae
2599 4956 2669 5009 ob
2699 4954 2929 5008 viriliter
2963 4959 3112 5021 gesta
3139 4950 3276 5004 dixit
3305 4947 3483 5001 Domi-

1900 5072 2004 5111 nus
2039 5053 2222 5109 Davidi
2261 5071 2275 5106 :
2311 5049 2520 5105 «Filius
2567 5064 2719 5104 meus
2766 5063 2826 5102 es
2875 5057 2951 5111 tu,
2995 5059 3094 5114 ego
3126 5042 3284 5096 hodie
3317 5042 3477 5110 genui

1899 5147 1996 5200 te?
2025 5164 2043 5196 ι
2078 5141 2363 5209 Quomodo
2392 5147 2446 5195 et
2481 5139 2593 5202 illa,
2634 5158 2652 5190 ι
2681 5135 2900 5191 Postula
2927 5150 2956 5188 a
2987 5151 3093 5195 me,
3128 5139 3182 5186 et
3210 5131 3348 5185 dabo
3379 5129 3478 5184 tibi

1896 5245 2083 5311 gentes
2134 5234 2502 5289 haereditatem
2547 5240 2717 5294 tuam,
2774 5237 2828 5282 et
2873 5224 3273 5298 possessionem
3327 5234 3474 5274 tuam

1894 5331 2159 5385 terminos
2195 5335 2373 5391 terrae,
2413 5346 2432 5377 ι
2460 5325 2509 5381 ei
2542 5323 2873 5384 dicerentur,
2907 5320 2995 5374 cui
3027 5315 3311 5371 manifeste
3341 5312 3474 5368 solis

1894 5426 2062 5480 Israel
2111 5432 2164 5478 et
2208 5421 2360 5476 Judae
2409 5418 2657 5473 terminis
2713 5430 2940 5486 regnum
2995 5407 3474 5476 circumscriptum

1895 5519 2045 5572 erat?
2103 5515 2294 5570 Dicant
2323 5527 2539 5584 quoque
2565 5524 2664 5563 cur
2694 5523 2804 5562 non
2829 5505 3045 5560 venisse
3065 5501 3343 5556 Christum
3373 5494 3473 5549 ad-

1894 5610 2134 5664 mittant.
2187 5606 2409 5669 Aunon,
2460 5618 2583 5659 cum
2617 5616 2812 5672 passus
2859 5606 2962 5662 est,
2992 5595 3156 5648 alium
3188 5591 3351 5663 igitur
3375 5602 3474 5643 ex-

1947 5735 1967 5765 ⁷
2012 5731 2176 5788 Mich.
2245 5747 2345 5795 ιιι,
2382 5729 2468 5784 12.
2545 5729 2566 5758 "
2614 5724 2774 5781 Mich.
2811 5739 2884 5788 tv,
2923 5719 3036 5774 1-2.
3147 5718 3167 5748 ⁹
3208 5713 3353 5769 Psal.
3389 5723 3472 5778 tt,
