3868 6264
445 338 582 393 1095

1141 331 1413 389 EUSEBll
1450 328 1929 389 CESARIENSIS
1968 328 2117 390 OPP.
2159 324 2336 389 PARS
2376 331 2462 391 Ill.
2502 362 2573 377 —
2601 330 3013 390 EXEGETICA.

3528 331 3655 386 £096

442 461 689 524 spectare
717 466 812 507 eos
853 465 1079 505 necesse
1120 455 1203 504 est
1228 449 1363 504 nihil
1390 448 1517 512 tale,
1551 448 1709 518 quale
1737 449 1845 511 hic,
1883 464 1996 519 pas-

2114 445 2165 503 εἶ
2190 451 2277 513 σὺ,
2306 448 2418 519 ἐγὼ
2454 452 2689 521 σήμερον
2734 449 3037 520 γεγέννηκά
3070 462 3164 511 σε;
3193 465 3211 500 ι
3237 444 3360 511 Πῶς
3384 444 3439 498 δὲ
3467 446 3561 498 καὶ
3583 445 3656 509 τὸ,

445 545 671 601 surum?
717 543 781 598 Et
811 542 1081 612 quomodo
1131 542 1482 612 implerentur
1522 543 1817 612 prophetiae
1847 543 2015 597 multa

442 653 564 709 quae
592 650 854 706 passurus
880 644 995 689 erat
1022 632 1111 689 Dei
1131 633 1381 689 Christus
1403 676 1418 699 ,
1442 642 1495 690 et
1516 634 1570 690 in
1600 633 1849 705 pluribus
1872 635 2013 698 aliis,

442 742 549 783 non
599 730 777 781 minus
823 740 985 797 quam
1037 724 1090 779 in
1133 726 1237 780 hoc
1270 726 1500 796 psalmo,
1552 727 2016 796 praenuntiantes?

440 818 712 888 Numquid
755 816 1173 873 existimandum
1218 827 1300 872 est
1349 818 1483 872 adeo
1522 832 1618 887 per
1663 818 1846 872 orbem
1897 817 2015 873 sine

441 909 536 965 Dei
564 910 766 964 auxilio
800 910 1166 979 pervulgatam
1204 908 1369 964 fuisse
1412 909 1478 963 de
1507 908 1747 963 omnium
1775 907 1885 963 Deo
1916 908 2013 964 do-

440 1002 708 1067 ctrinam;
746 1001 1128 1070 hominumque
1158 1000 1263 1053 vim
1286 1041 1301 1063 ,
1352 995 1610 1054 adversus
1654 1012 1834 1054 rerum
1866 1001 2014 1056 vices

438 1096 550 1145 tam
608 1091 888 1152 inermem,
944 1088 1079 1145 adeo
1141 1091 1437 1145 invaluisse
1495 1097 1549 1145 et
1602 1091 2012 1145 corroboratam

441 1181 610 1238 fuisse
656 1190 715 1236 ut
752 1180 969 1252 pr0pria
1010 1179 1385 1235 tantummodo
1416 1179 1661 1234 doctrina
1686 1223 1700 1245 ,
1741 1181 1857 1235 sine
1901 1181 2011 1234 ullo

438 1270 654 1328 deitatis
672 1273 889 1335 auxilio,
916 1273 969 1326 in
989 1272 1239 1327 omnibus
1255 1271 1567 1341 regionibus
1603 1273 1673 1325 ita
1701 1272 2009 1325 auditorum

439 1364 649 1419 animas
695 1362 1025 1425 instituerit,
1070 1361 1273 1431 Deique
1311 1363 1550 1416 omnium
1582 1362 1809 1417 scientia
1859 1360 2011 1430 prius

438 1454 565 1507 olim
591 1453 861 1517 imbuerit,
889 1462 942 1509 et
974 1468 1145 1524 usque
1171 1468 1314 1507 nunc
1345 1453 1410 1507 iis
1440 1454 1792 1523 persuaserit,
1829 1459 1887 1507 ut
1916 1466 2011 1521 pa-

437 1545 596 1598 triam
629 1554 862 1617 gentem,
919 1548 1194 1615 vitamque
1221 1545 1499 1615 injustam,
1536 1545 1703 1601 feram
1742 1556 1805 1600 ac
1832 1545 2011 1600 disso-

438 1638 605 1692 lutam
634 1637 947 1707 abjiccrent,
993 1637 1194 1708 Deique
1218 1639 1403 1708 pietati
1432 1638 1774 1692 solummodo
1820 1637 2009 1692 stude-

437 1737 578 1794 rent,
615 1728 865 1798 illamque
906 1743 1012 1781 nun
1074 1727 1250 1782 solum
1295 1727 1513 1798 opibus,
1545 1726 1639 1782 sed
1666 1734 1718 1781 et
1754 1727 1856 1796 ipsi
1885 1727 2008 1781 vitae

435 1818 571 1873 adeo
613 1818 866 1874 omnibus
913 1817 1125 1874 dilectae
1169 1818 1595 1888 anteponerent?
1647 1816 1847 1873 Verum
1896 1830 2003 1872 non
2035 1848 2078 1906 Β

433 1910 628 1979 opinor
684 1923 1007 1979 quemquam
1071 1925 1293 1973 eorum,
1346 1911 1439 1979 qui
1500 1918 1646 1966 recte
1706 1910 1773 1965 de
1844 1911 2007 1966 rebus

434 2001 637 2056 sentire
702 2003 909 2065 volunt,
980 2011 1298 2071 negaturum
1370 2016 1492 2057 esse
1536 2003 1651 2056 haec
1693 2009 1840 2056 tanta
1908 2000 2005 2058 Dei

432 2107 535 2163 cpe
565 2099 618 2146 et
657 2092 794 2147 ultra
828 2092 1107 2146 hominum
1163 2090 1472 2148 facultatem
1523 2107 1618 2163 per
1665 2091 2001 2149 Salvatorem

432 2193 678 2239 nostrum
719 2184 986 2240 evenisse.
1043 2183 1252 2250 Quibus
1294 2186 1454 2242 simul
1488 2184 1790 2240 ostenditur
1824 2185 2004 2238 incara

432 2274 545 2327 nati
576 2272 787 2328 Domini
821 2274 1097 2339 divinitas,
1120 2273 1281 2329 simul
1308 2281 1360 2328 et
1391 2282 1575 2343 aperte
1598 2272 2000 2327 demonstratur

430 2381 553 2421 eum
578 2366 852 2437 accepisse
877 2380 907 2419 a
937 2364 1095 2421 Patre
1134 2373 1350 2436 «gentes
1374 2365 1763 2428 liacreditatem,
1790 2369 1842 2417 et
1872 2376 2000 2432 pos-

430 2457 730 2512 sessionem
757 2457 874 2526 ejus
919 2456 1182 2512 terminos
1225 2463 1402 2522 terrm,
1434 2475 1452 2507 ι
1481 2463 1841 2525 congruenter
1872 2468 1995 2509 cum

432 2552 708 2619 pracitata
763 2548 1064 2619 prophetia.
1130 2546 1497 2619 Quaecumque
1543 2547 1610 2602 de
1656 2546 1759 2601 hoc
1789 2548 1999 2617 psalmo

429 2638 661 2693 dicenda
702 2646 830 2694 sunt
861 2639 1140 2694 absolvere
1184 2647 1397 2709 tempus
1436 2647 1613 2702 vetat,
1651 2652 1775 2692 cum
1800 2637 1912 2707 jam
1943 2647 1999 2691 et

428 2727 679 2785 diffusius
708 2729 775 2783 de
800 2730 892 2784 illo
919 2730 1295 2785 disseruimus.

2122 559 2140 592 ι
2168 542 2391 612 Αἴτησαι
2437 543 2563 612 παρ’
2602 540 2757 611 ἐμοῦ,
2797 541 2891 593 καὶ
2916 538 3069 592 δώσω
3112 554 3192 591 σοι
3233 537 3359 607 ἔθνη
3396 535 3495 607 τὴν
3538 535 3660 606 κλη-

2119 633 2372 705 ρονομίαν
2415 648 2528 696 σου,
2569 633 2664 686 καὶ
2707 633 2805 704 τὴν
2845 630 3167 701 κατάσχεσιν
3214 647 3306 683 σου
3350 629 3420 683 τά
3462 629 3665 700 πέρατα

2113 723 2213 795 τῆς
2236 724 2367 794 γῆς,
2404 744 2421 776 ι
2462 724 2654 793 λέγοιτ’
2688 724 2753 778 ἀν
2802 723 2875 787 ὡς
2912 723 3047 795 πρὸς
3092 722 3252 777 αὐτὸν
3292 720 3480 790 σαφῶς
3520 737 3666 790 περι-

2115 814 2420 886 ορισθείσης
2445 815 2606 868 αὐτοῦ
2629 817 2726 887 τῆς
2753 814 3021 885 βασιλείας
3050 816 3140 868 ἐπὶ
3170 812 3329 879 μόνον
3355 813 3445 866 τὸν
3459 811 3666 883 Ἰσραὴλ

2116 908 2210 961 καὶ
2255 908 2380 971 τοὺς
2417 907 2519 975 τῆς
2564 907 2819 971 ἰουδαίας
2866 907 3056 978 ὅρους;
3114 905 3210 959 Διά
3258 906 3312 958 τί
3360 905 3420 957 δὲ
3468 904 3564 957 καὶ
3608 905 3663 957 οὐ

2115 999 2425 1067 προσίενται
2454 999 2544 1051 τὸν
2576 996 2865 1070 ἐληλυθότα
2880 999 3131 1063 Χριστὸν,
3165 994 3662 1066 ἀποκρινέσθωσαν·

2112 1086 2223 1161 ἆρά
2262 1108 2323 1160 γε
2372 1089 2555 1162 ἐπειδὴ
2607 1089 2891 1155 πέπονθεν,
2919 1090 3104 1160 ἕτερον
3148 1090 3327 1142 τοίνυν
3369 1087 3667 1160 προσδοκᾷν

2113 1183 2308 1247 αὐτοὺς
2345 1184 2554 1253 ἀνάγκη
2598 1182 2761 1255 μηδὲν
2802 1182 3036 1237 τοιοῦτον
3074 1182 3255 1236 ὁποῖον
3297 1174 3453 1244 οὗτος
3495 1181 3669 1233 πεισό-

2115 1291 2312 1345 μενονς
2378 1275 2487 1329 Καὶ
2543 1275 2659 1339 πῶς
2718 1272 2784 1328 ἀν
2838 1274 3169 1345 πληρωθεῖεν
3228 1275 3284 1327 αί
3344 1276 3667 1343 προφητεῖαι

2111 1364 2335 1417 πλεῖστα
2381 1365 2483 1419 ὅσα
2534 1363 2725 1418 παθεῖν
2748 1360 2838 1417 τὸν
2870 1362 3104 1434 Χριστὸν
3134 1359 3229 1415 τοῦ
3280 1358 3440 1424 Θεοῦ,
3491 1360 3585 1413 καὶ
3614 1359 3667 1411 ἐν

2110 1455 2312 1527 ἑτέροις
2340 1456 2438 1526 μὲν
2471 1456 2730 1520 πλείοσιν,
2763 1456 2858 1525 οὐχ
2883 1457 3080 1525 ἣκιστα
3112 1454 3169 1506 δὲ
3204 1452 3297 1506 καὶ
3332 1454 3391 1505 ὲν
3427 1450 3508 1521 τῷ
3538 1450 3666 1521 μετά

2110 1549 2296 1618 χεῖρας
2340 1546 2702 1619 προλέγουσαι
2740 1545 2970 1615 ψαλμῷ;
3003 1542 3147 1616 τΑριι
3183 1543 3240 1596 δὲ
3280 1543 3386 1614 χρὴ
3431 1539 3664 1611 νομίζειν

2108 1634 2258 1691 ἀθεεὶ
2305 1638 2404 1709 τὴν
2454 1639 2581 1711 περὶ
2636 1635 2730 1690 τοῦ
2795 1637 2903 1690 τῶν
2963 1636 3097 1689 ὅλων
3142 1634 3275 1689 Θεοῦ
3324 1632 3663 1687 διδασκαλίαν

2108 1730 2497 1801 δνεσπαρκέναι
2546 1727 2735 1782 τοῦτον
2779 1729 2845 1800 τῇ
2901 1727 3224 1799 οἰκουμένῃ·
3290 1724 3404 1779 εστι
3458 1725 3518 1779 δὲ
3570 1723 3662 1777 κᾶν

2109 1820 2385 1891 ἐπινοῆσαι
2414 1820 2759 1892 ἀνθρωπίνην
2788 1818 2963 1891 ὁρμὴν
2991 1818 3085 1871 καὶ
3108 1817 3266 1889 ψιλὴν
3294 1816 3388 1870 τοῦ
3419 1816 3661 1886 τυχόντος

2110 1909 2363 1983 επιϐολὴν
2394 1909 2644 1963 τοσοῦτον
2684 1909 2896 1979 ἰσχῦσαι
2927 1925 2986 1962 τε
3018 1911 3111 1963 καὶ
3151 1908 3463 1980 δυνηθῆναι,
3490 1907 3565 1970 ὡς
3583 1905 3660 1960 διὰ

2112 2000 2277 2074 μόνης
2312 2000 2408 2074 τῆς
2447 2001 2610 2057 αὑτοῦ
2653 2000 2994 2064 διδασκαλίας
3026 2001 3152 2054 ἀνευ
3196 1999 3447 2069 θεότητος
3483 2014 3660 2068 συνερο

2104 2091 2308 2162 γούσης
2351 2091 2694 2157 παντοδαπὰς
2734 2092 3014 2164 ἀκροατῶν
3041 2089 3302 2145 διαθεῖναι
3327 2088 3509 2159 ψυχὰς
3541 2088 3659 2160 περὶ

2104 2181 2195 2233 τὸν
2234 2180 2342 2234 τῶν
2389 2180 2528 2234 ὅλων
2557 2181 2687 2234 Θεὸν
2723 2180 2894 2235 ταῦτα
2939 2184 3121 2234 πεῖσαι
3167 2179 3332 2233 πάλαι
3382 2178 3656 2249 πρότερον,

2104 2275 2196 2328 καὶ
2227 2273 2394 2328 είσέτι
2424 2275 2521 2328 νῦν
2568 2274 2773 2328 πείθειν
2820 2273 3134 2327 καταλιπεῖν
3171 2271 3267 2343 μὲν
3301 2270 3397 2341 ἔθη
3441 2269 3655 2339 πάτρια,

2105 2364 2217 2434 βίον
2253 2382 2312 2419 τε
2340 2366 2594 2436 ἄθεσμον,
2631 2367 2724 2420 καὶ
2756 2367 3048 2437 ἀνήμερον,
3081 2366 3173 2419 καὶ
3198 2364 3518 2430 ἀκόλαστον,
3547 2362 3652 2415 θεο-

2103 2454 2289 2527 σεδεία
2321 2455 2379 2508 δὲ
2422 2456 2554 2526 μόνῃ
2588 2455 2889 2526 προσέχειν,
2929 2456 3021 2509 καὶ
3061 2453 3261 2526 ταύτην
3287 2454 3347 2507 οὐ
3380 2453 3540 2524 μόνον
3568 2452 3657 2521 τῆς

2102 2546 2706 2618 ὑπαρχούσης-οὐσίας,
2752 2546 2887 2600 ἀλλά
2930 2548 3023 2600 καί⁸
3058 2547 3125 2600 δι’
3180 2545 3343 2600 αὑτοῦ
3393 2545 3489 2599 τοῦ
3534 2547 3655 2598 πᾶσι
3724 2548 3727 2555 ’

2102 2637 2470 2709 περιποθήτου
2509 2636 2609 2709 ζῇν
2648 2640 2953 2710 προτιμᾷν;
3000 2639 3140 2692 Ἀλλ’
3176 2640 3277 2692 οὑκ
3322 2635 3508 2708 οἴομαί
3543 2652 3655 2687 τινα

2099 2728 2210 2783 τῶν
2250 2727 2353 2783 κᾶν
2398 2728 2632 2800 μετρίως
2683 2730 3042 2801 εὐγνωμονεῖν
3089 2728 3381 2783 ἐθελόντων
3424 2727 3502 2797 μὴ
3542 2724 3658 2797 οὐχὶ

432 2823 806 2892 συνομολογεῖν
836 2822 904 2876 τά
966 2821 1265 2891 τηλικαῦτα
1336 2823 1473 2895 μετά
1509 2822 1874 2895 συνεργούσης
1917 2822 2068 2888 θείας
2104 2824 2198 2878 καὶ
2252 2823 2391 2896 ὑπὲρ
2441 2824 2741 2897 ἀνθρώπων
2798 2825 3074 2898 δυνάμεως
3123 2825 3210 2880 διά
3265 2822 3360 2877 τοῦ
3408 2822 3653 2893 Σωτῆρος

428 2916 585 2989 ἡμῶν
631 2918 942 2987 γεγονέναι·
997 2918 1057 2983 ἐξ
1100 2912 1174 2971 ὧν
1228 2918 1362 2989 ὁμοῦ
1419 2920 1515 2989 μὲν
1572 2920 1665 2971 καὶ
1721 2920 1753 2986 ή
1798 2917 1985 2989 θεότης
2020 2918 2405 2973 ἀποδείκνυται
2456 2919 2551 2972 τοῦ
2599 2918 3116 2992 ὲνανθρωπὴσαντος
3155 2918 3382 2992 Κυρίου,
3420 2914 3556 2989 ὁμοῦ
3604 2914 3655 2967 δὲ

429 3012 522 3065 καὶ
559 3011 627 3064 τά
666 3013 936 3081 τεκμήρια
975 3011 1161 3080 σαφῶς
1198 3012 1526 3083 παρίσταται
1568 3009 1665 3064 τοῦ
1714 3010 1991 3081 εἰληφέναι
2029 3012 2189 3066 αὐτὸν
2222 3011 2328 3066 ὑπὸ
2362 3012 2456 3066 τοῦ
2516 3012 2728 3083 Πατρδς
2778 3032 2796 3063 ι
2828 3012 2895 3065 τὰ
2945 3012 3073 3082 ἔθνη
3121 3009 3508 3083 κληρονομίαν,
3566 3005 3657 3060 καὶ

427 3102 528 3174 τὴν
562 3102 886 3171 κατάσχεσιν
928 3100 1091 3155 αὐτοῦ
1143 3102 1210 3156 τά
1254 3105 1473 3175 πέρατα
1510 3102 1610 3173 τῆς
1651 3105 1773 3176 γῆς,
1843 3123 1862 3156 ι
1910 3103 2217 3169 ἀκολούθως
2281 3108 2347 3178 τῇ
2385 3092 2743 3186 μεταίχεῖρας
2783 3105 3105 3178 προφητείᾳ.
3139 3104 3275 3158 Ὀλα
3301 3102 3359 3156 δὲ
3391 3102 3464 3156 τά
3520 3098 3658 3154 κατά

425 3191 518 3244 τὸν
590 3191 802 3263 ψαλμὸν
852 3191 1150 3263 διηγεῖσθαι
1194 3194 1255 3247 οὐ
1320 3192 1414 3247 τοῦ
1468 3195 1734 3266 παρόντος
1790 3197 2044 3266 τυγχάνει
2096 3195 2322 3269 καιροῦ,
2396 3197 2626 3268 μάλιστα
2669 3200 2758 3251 ὅτε
2820 3197 3193 3270 πληρεστάτης
3245 3196 3345 3267 ἤδη
3393 3193 3656 3265 τετύχηκε

423 3286 744 3358 διηγήσεως.

1031 3404 1257 3461 CAPUT
1294 3405 1380 3463 Ill.

954 3496 999 3550 E
1028 3499 1231 3566 psalmo
1270 3500 1443 3556 tertio.

496 3584 739 3643 Tertium
786 3603 1003 3659 quoque
1051 3593 1318 3661 psalmum
1370 3591 1525 3647 facile
1562 3599 1647 3647 εει
1675 3592 1741 3648 de
1773 3588 1991 3647 Christo

426 3677 807 3755 interpretari,
855 3691 1220 3750 congruenter
1259 3697 1383 3736 cum
1434 3683 1646 3738 insidiis
1698 3698 1819 3753 quae
1866 3692 1992 3738 ante

406 3786 547 3831 eum
575 3770 811 3836 fuerunt,
844 3772 1070 3826 insidias
1095 3772 1357 3829 adversus
1382 3791 1503 3828 eum
1525 3782 1743 3844 paratas
1768 3776 1991 3830 demon-

424 3869 605 3917 strans
629 3862 730 3917 hoc
756 3862 915 3916 modo
944 3882 956 3917 :
997 3882 1015 3914 ι
1050 3862 1298 3925 Domine,
1325 3866 1454 3934 quid
1485 3867 1825 3938 multiplicati
1862 3875 1989 3922 sunt

421 3952 516 4021 qui
546 3952 807 4005 tribulant
838 3969 922 4007 me
950 3955 1031 4008 “?
1059 3974 1077 4006 ι
1143 3956 1207 4009 Et
1240 3973 1360 4025 qua:
1389 3958 1839 4012 resurrectionem
1869 3960 1987 4029 ejus

421 4039 676 4105 innuunt,
725 4041 810 4096 his
859 4042 1036 4099 verbis
1069 4064 1081 4098 :
1120 4064 1139 4095 ι
1178 4044 1289 4115 Ego
1319 4046 1570 4115 dormivi,
1615 4057 1668 4103 et
1698 4061 1985 4118 soporatus

420 4144 576 4196 sum;
610 4139 664 4184 et
695 4134 999 4200 exsurrexi,
1032 4136 1156 4204 quia
1184 4135 1443 4194 Dominus
1468 4139 1705 4208 suscepit
1739 4154 1823 4196 me
1858 4140 1919 4193 “.
1959 4159 1977 4191 ι

418 4218 743 4275 Conveniret
770 4222 988 4277 Christo
1015 4233 1069 4279 et
1099 4226 1329 4296 quisque
1361 4228 1522 4297 hujus
1555 4228 1749 4299 psalmi
1769 4245 1978 4294 versus,

417 4313 510 4379 qui
541 4310 701 4365 nobis
730 4313 1168 4383 interpretandus
1211 4323 1312 4371 est.
1373 4314 1491 4372 Non
1531 4318 1839 4374 inconsulto
1868 4329 1979 4375 ter-

416 4402 526 4457 tius
569 4402 656 4457 ille
687 4404 929 4474 psalmus
969 4405 1172 4463 Christi
1221 4410 1674 4466 resurrectionem
1723 4426 1978 4482 praenun-

414 4494 538 4560 tiat,
586 4489 948 4566 congruenter
992 4515 1113 4554 cum
1157 4504 1450 4572 praecitatis
1483 4505 1801 4575 prophetiis.
1863 4503 1980 4559 Pri-

412 4600 536 4641 mus
561 4588 726 4649 enim,
774 4589 917 4645 sicut
942 4592 1248 4657 retulimus,
1295 4593 1700 4665 integerrimam
1745 4596 1864 4666 ejus
1898 4599 1974 4653 vi-

409 4680 563 4742 tam,
619 4678 1031 4751 iniquitatisque
1084 4682 1378 4739 immunem
1433 4685 1645 4741 vivendi
1708 4689 1973 4744 rationem

2582 3404 2585 3407 ’
2610 3403 3004 3461 ΚΕΦΑΛΑΙΟΝ
3044 3406 3121 3462 Γθ.

2699 3492 2946 3568 Ψαλιωῦ
2981 3505 3050 3567 τ’.

2160 3592 2270 3645 Καὶ
2290 3590 2381 3645 τὸν
2414 3590 2596 3663 τρίτον
2627 3589 2839 3661 ψαλμὸν
2888 3589 2981 3641 ἐπὶ
3027 3588 3119 3642 τὸν
3172 3589 3407 3660 Χριστὸν
3450 3589 3651 3659 ἐκλαμ-

2090 3680 2270 3736 ϐάνειν
2297 3683 2536 3753 εὐχερὲς,
2558 3680 2864 3744 ἀκολούθως
2891 3684 3003 3745 τοῖς
3027 3680 3133 3751 πρὸ
3151 3678 3314 3734 αὐτοῦ
3336 3680 3650 3735 διδάσκοντα

2085 3772 2156 3826 τά
2187 3774 2433 3845 περὶτῆς
2455 3773 2573 3826 κατ’
2597 3771 2760 3826 αὑτοῦ
2791 3771 3078 3842 ἐπιϐουλῆς
3136 3770 3223 3825 διὰ
3250 3770 3367 3834 τοῦ,
3398 3789 3419 3822 ι
3457 3772 3645 3842 Κύριε,

2084 3864 2136 3916 τί
2166 3863 2578 3936 ὲπληθύνθησαν
2600 3865 2648 3915 οἰ
2674 3863 2942 3926 θλίόοντές
2969 3880 3067 3934 με;
3127 3882 3147 3915 ›
3189 3865 3282 3917 καὶ
3308 3864 3380 3917 τὰ
3402 3867 3533 3936 περὶ
3550 3865 3647 3933 τῆς

2084 3955 2427 4020 ἀναστάσεως
2493 3955 2554 4026 (f.
2594 3956 2659 4011 l9
2684 3960 2759 4026 νο)
2802 3955 2984 4016 αὑτοῦ,
3016 3956 3052 4011 ἀ
3115 3957 3208 4011 καὶ
3260 3955 3518 4028 δηλοῦται
3559 3958 3645 4011 διὰ

2082 4042 2197 4108 τοῦ,
2231 4063 2247 4093 ι
2273 4043 2412 4112 Ἐγὼ
2441 4044 2736 4115 ὲκοιμήθην
2795 4045 2888 4097 καὶ
2921 4043 3164 4109 ῦπνωσα,
3210 4043 3533 4119 ἐξηγέρθην,
3565 4047 3643 4099 δτι

2082 4132 2284 4207 Κύριος
2320 4135 2665 4207 ἀντιλήψεταί
2696 4152 2848 4206 μου.»
2889 4137 3167 4208 Ἀρμόσειε
3224 4137 3269 4190 δ’
3304 4137 3373 4192 ἂν
3397 4138 3476 4209 τῷ
3511 4138 3613 4208 Χρι

2084 4223 2194 4293 στῷ
2221 4224 2315 4277 καὶ
2345 4222 2572 4288 ἕκαστος
2593 4224 2684 4278 τοῦ
2700 4223 2912 4295 ψαλμοῦ
2938 4226 3117 4297 στίχος
3139 4226 3236 4297 τῆς
3263 4227 3643 4298 προσηκούσης

2079 4312 2256 4384 τυχὼν
2302 4313 2628 4386 ἐξηγήσεως·
2664 4316 2774 4394 ἔχει
2810 4317 2867 4369 δὲ
2895 4316 3048 4385 λόγον
3088 4318 3264 4371 καὶτὸ
3283 4318 3466 4390 τρίτον
3486 4319 3645 4372 αὑτὸν

2078 4404 2404 4474 τεταγμένον
2457 4406 2526 4458 τά
2579 4408 2707 4479 περὶ
2753 4408 2850 4479 τῆς
2903 4410 3247 4474 ἀναστάσεως
3286 4410 3382 4464 τοῦ
3438 4411 3643 4482 Κυρίου

2079 4495 2356 4558 θεσπίζειν
2380 4496 2687 4562 ἀκολούθως
2715 4503 2832 4562 ταῖς
2860 4501 2966 4572 πρὸ
3018 4500 3181 4555 αὐτοῦ
3212 4503 3584 4575 προφητείαις·
3608 4506 3644 4555 ὁ

2081 4585 2179 4656 μὲν
2205 4587 2312 4658 γὰρ
2343 4587 2575 4659 πρῶτος,
2610 4581 2790 4654 καθὼς
2817 4591 3261 4664 ἀποδεδώκαμεν,
3293 4595 3384 4647 τὸν
3406 4594 3643 4666 ἄληπτον

2079 4678 2188 4750 βίον
2208 4682 2303 4734 καὶ
2334 4682 2434 4753 τὴν
2460 4681 2586 4736 ἄνευ
2606 4684 2882 4755 ἁμαρτίας
2901 4684 3065 4737 αὑτοῦ
3083 4685 3353 4738 πολιτείαν
3378 4685 3635 4740 διδάσκει·

410 4769 676 4837 ostendit;
712 4772 1092 4844 secundusque
1135 4774 1479 4844 passionem;
1510 4786 1633 4848 apte
1660 4779 1826 4850 igitur
1869 4788 1976 4837 ter-

2101 4804 2102 4813 η
2128 4770 2375 4843 δεύτερος
2396 4774 2462 4826 τά
2495 4774 2635 4827 κατὰ
2665 4774 2725 4827 τὸ
2772 4774 2961 4840 πάθος·
2994 4776 3200 4840 τούτοις
3232 4776 3519 4848 τοιγαροῦν
3546 4777 3639 4830 καὶ

357 4911 365 4920 ,
408 4858 520 4915 tius
545 4863 995 4919 resurrectionem
1025 4865 1145 4934 ejus
1169 4867 1512 4935 praenuntiat.
1576 4928 1581 4935 .

1011 5035 1238 5094 CAPUT
1280 5038 1370 5096 IV.

919 5125 969 5181 E
993 5128 1196 5196 psalmo
1235 5140 1437 5185 octavo.

472 5217 661 5273 Octavi
696 5219 889 5291 psalmi
930 5220 1103 5288 prima
1142 5223 1306 5276 verba
1337 5242 1351 5277 :
1379 5242 1398 5275 ι
1430 5222 1656 5280 Domine
1689 5226 1830 5283 Deus
1874 5244 1966 5284 no-

406 5319 534 5373 ster,
559 5325 719 5380 quam
750 5310 1067 5367 admirabile
1108 5321 1192 5367 est
1238 5329 1431 5369 nomen
1465 5323 1616 5371 tuum
1649 5317 1702 5371 in
1753 5320 1963 5375 univer-

2077 4866 2106 4917 ὁ
2153 4864 2333 4935 τρίτος
2387 4865 2514 4936 ἑξῆς
2579 4866 2647 4920 τά
2704 4868 2832 4939 περὶ
2907 4868 3005 4939 τῆς
3064 4868 3411 4933 ἀναστάσεως
3474 4868 3636 4922 αὑτοῦ

2073 4950 2330 5019 θεσπίζει.

2595 5048 2990 5103 ΚΕΦΑΛΑΙΟΝ
3034 5051 3107 5103 Δ¹.

2670 5140 2919 5209 Ψαλμοῦ
2956 5148 3010 5208 η’

2140 5224 2246 5277 Τοῦ
2272 5223 2454 5293 ὀγδόου
2481 5225 2692 5297 ψαλμοῦ
2732 5227 2803 5281 τὰ
2829 5230 2924 5298 μὲν
2954 5229 3143 5300 πρῶτα
3167 5230 3276 5285 ἀπὸ
3300 5230 3419 5298 τοῦ,
3437 5230 3634 5302 «Κύριε

2065 5314 2096 5365 ὁ
2120 5313 2320 5387 Κύριος
2353 5316 2527 5387 ἡμῶν,
2555 5317 2629 5381 ὡς
2666 5317 2971 5387 θαυμαστὸν
2997 5321 3056 5373 τὸ
3082 5322 3254 5392 δνομά
3289 5339 3384 5376 σου
3410 5325 3467 5376 ὲν
3485 5323 3633 5393 πάσῃ

406 5411 465 5449 sa
498 5405 641 5452 terra
674 5399 750 5450 "t
792 5418 809 5451 ι
854 5400 920 5455 de
963 5401 1198 5470 gentium
1241 5404 1529 5459 vocatione
1584 5406 1963 5477 prophetizare

2101 5412 2132 5480 ᾔ
2162 5413 2288 5480 γῇ,›
2326 5413 2451 5483 περὶ
2481 5413 2580 5483 τῆς
2611 5413 2668 5480 ἐξ
2705 5414 2871 5468 ἐθνῶν
2926 5416 3168 5487 κλήσεως
3221 5418 3364 5473 ἔοικε
3423 5436 3630 5493 προφη-

405 5486 617 5541 videtur
653 5504 859 5556 :quare
908 5492 1267 5548 inscribitur:
1305 5513 1322 5546 ι
1371 5510 1469 5563 pro
1516 5498 1903 5557 torcularibus.
1938 5520 1956 5552 ι

2101 5500 2339 5555 εὐεσθαι·
2362 5501 2443 5556 διὸ
2474 5504 2567 5557 καὶ
2594 5504 2994 5578 ἐπιγέγραπται
3016 5486 3062 5559 is
3080 5509 3223 5581 ὑπὲρ
3268 5510 3380 5566 τῶν
3399 5486 3619 5584 manu

405 5572 501 5630 llic
532 5586 864 5667 usurpantur
890 5584 1182 5638 toreularia
1233 5600 1332 5655 pro
1368 5583 1630 5642 Ecclesiis
1670 5603 1791 5658 qua;
1832 5598 1963 5645 sunt

2101 5591 2243 5662 ηνῶν
2274 5593 2573 5651 νοουμένων
2601 5572 2708 5650 τῶν
2888 5599 2984 5671 τὴν
3039 5572 3363 5676 οἰκουμένην
3407 5572 3627 5675 ’έκκλη-

452 5733 512 5764 ἰο
546 5729 692 5786 Ρεει,
728 5743 825 5794 ιιι,
853 5733 911 5792 2.
984 5738 1023 5770 ¹¹
1062 5737 1194 5793 ibid.
1225 5738 1277 5793 6.
1356 5742 1396 5772 ¹²
1436 5739 1580 5795 Psal.
1615 5757 1710 5797 vui
1733 5780 1749 5808 ,
1786 5741 1836 5800 ί.
