  <div class='ocr_page' id='page_1' title='image "/cluster/home/n/w/nwhite01/storage/ocr_20150623/22/mdp.39015078384388/566.png"; bbox 0 0 3868 6264; ppageno 0'>
   <div class='ocr_carea' id='block_1_1' title="bbox 229 340 360 398">
    <p class='ocr_par' dir='ltr' id='par_1_1' title="bbox 229 340 360 398">
     <span class='ocr_line' id='line_1_1' title="bbox 229 340 360 398; baseline -0.008 0"><span class='ocrx_word' id='word_1_1' title='bbox 229 340 360 398; x_wconf 71' lang='grc'><strong>1097</strong></span> 
     </span>
    </p>
   </div>
   <div class='ocr_carea' id='block_1_2' title="bbox 1238 332 2446 399">
    <p class='ocr_par' dir='ltr' id='par_1_2' title="bbox 1238 332 2446 399">
     <span class='ocr_line' id='line_1_2' title="bbox 1238 332 2446 399; baseline -0.006 -2"><span class='ocrx_word' id='word_1_2' title='bbox 1238 341 1535 399; x_wconf 55' lang='lat' dir='ltr'><strong>ECLOGA}</strong></span> <span class='ocrx_word' id='word_1_3' title='bbox 1576 337 2056 399; x_wconf 60' lang='lat' dir='ltr'><strong>PROPllETICIE.</strong></span> <span class='ocrx_word' id='word_1_4' title='bbox 2096 367 2168 378; x_wconf 96' lang='lat'><strong>—</strong></span> <span class='ocrx_word' id='word_1_5' title='bbox 2207 335 2338 390; x_wconf 83' lang='lat' dir='ltr'><strong>LIB.</strong></span> <span class='ocrx_word' id='word_1_6' title='bbox 2375 332 2446 390; x_wconf 87' lang='lat' dir='ltr'><strong>ll.</strong></span> 
     </span>
    </p>
   </div>
   <div class='ocr_carea' id='block_1_3' title="bbox 3341 333 3479 391">
    <p class='ocr_par' dir='ltr' id='par_1_3' title="bbox 3341 333 3479 391">
     <span class='ocr_line' id='line_1_3' title="bbox 3341 333 3479 391; baseline 0.014 -4"><span class='ocrx_word' id='word_1_7' title='bbox 3341 333 3479 391; x_wconf 77' lang='grc'><strong>1098</strong></span> 
     </span>
    </p>
   </div>
   <div class='ocr_carea' id='block_1_4' title="bbox 232 443 1813 530">
    <p class='ocr_par' dir='ltr' id='par_1_4' title="bbox 232 452 1803 530">
     <span class='ocr_line' id='line_1_4' title="bbox 232 452 1803 530; baseline -0.001 -19"><span class='ocrx_word' id='word_1_8' title='bbox 232 474 376 518; x_wconf 70' lang='grc' dir='ltr'>σιων,</span> <span class='ocrx_word' id='word_1_9' title='bbox 413 458 471 511; x_wconf 81' lang='grc' dir='ltr'><strong>ἐν</strong></span> <span class='ocrx_word' id='word_1_10' title='bbox 500 452 587 520; x_wconf 77' lang='grc' dir='ltr'>αἷς</span> <span class='ocrx_word' id='word_1_11' title='bbox 619 457 718 529; x_wconf 77' lang='grc' dir='ltr'>τῆς</span> <span class='ocrx_word' id='word_1_12' title='bbox 756 457 1011 530; x_wconf 82' lang='grc' dir='ltr'><strong>ἀληθινῆς</strong></span> <span class='ocrx_word' id='word_1_13' title='bbox 1037 457 1281 529; x_wconf 76' lang='grc' dir='ltr'><strong>ἀμπέλου</strong></span> <span class='ocrx_word' id='word_1_14' title='bbox 1302 457 1397 512; x_wconf 88' lang='grc' dir='ltr'><strong>τοῦ</strong></span> <span class='ocrx_word' id='word_1_15' title='bbox 1424 456 1684 530; x_wconf 83' lang='grc' dir='ltr'>Χριστοῦ,</span> <span class='ocrx_word' id='word_1_16' title='bbox 1708 458 1803 510; x_wconf 74' lang='grc' dir='ltr'><strong>καὶ</strong></span> 
     </span>
    </p>
   </div>
   <div class='ocr_carea' id='block_1_5' title="bbox 1919 443 3477 530">
    <p class='ocr_par' dir='ltr' id='par_1_5' title="bbox 1919 443 3477 523">
     <span class='ocr_line' id='line_1_5' title="bbox 1919 443 3477 523; baseline -0.008 -15"><span class='ocrx_word' id='word_1_17' title='bbox 1919 467 2068 523; x_wconf 73' lang='lat' dir='ltr'><strong>super</strong></span> <span class='ocrx_word' id='word_1_18' title='bbox 2099 460 2323 513; x_wconf 85' lang='lat' dir='ltr'><strong>terram,</strong></span> <span class='ocrx_word' id='word_1_19' title='bbox 2356 449 2412 503; x_wconf 90' lang='lat' dir='ltr'><strong>in</strong></span> <span class='ocrx_word' id='word_1_20' title='bbox 2446 448 2648 519; x_wconf 85' lang='lat' dir='ltr'><strong>quibus</strong></span> <span class='ocrx_word' id='word_1_21' title='bbox 2670 462 2811 503; x_wconf 67' lang='lat' dir='ltr'><strong>vera:</strong></span> <span class='ocrx_word' id='word_1_22' title='bbox 2836 447 2961 503; x_wconf 83' lang='lat' dir='ltr'><strong>vilis</strong></span> <span class='ocrx_word' id='word_1_23' title='bbox 2983 445 3211 509; x_wconf 77' lang='lat' dir='ltr'><strong>Christi,</strong></span> <span class='ocrx_word' id='word_1_24' title='bbox 3240 454 3294 501; x_wconf 90' lang='lat' dir='ltr'><strong>et</strong></span> <span class='ocrx_word' id='word_1_25' title='bbox 3318 443 3477 517; x_wconf 86' lang='lat' dir='ltr'><strong>quasi</strong></span> 
     </span>
    </p>
   </div>
   <div class='ocr_carea' id='block_1_6' title="bbox 230 545 1800 621">
    <p class='ocr_par' dir='ltr' id='par_1_6' title="bbox 230 545 1800 621">
     <span class='ocr_line' id='line_1_6' title="bbox 230 545 1800 621; baseline 0 -22"><span class='ocrx_word' id='word_1_26' title='bbox 230 545 331 600; x_wconf 81' lang='grc' dir='ltr'>τῶν</span> <span class='ocrx_word' id='word_1_27' title='bbox 363 545 603 618; x_wconf 56' lang='grc' dir='ltr'><strong>ὡσπερεὶ¹</strong></span> <span class='ocrx_word' id='word_1_28' title='bbox 634 546 926 618; x_wconf 77' lang='grc' dir='ltr'>κλημάτων</span> <span class='ocrx_word' id='word_1_29' title='bbox 952 546 1116 601; x_wconf 82' lang='grc' dir='ltr'>αὑτοῦ</span> <span class='ocrx_word' id='word_1_30' title='bbox 1143 547 1252 601; x_wconf 86' lang='grc' dir='ltr'><strong>τῶν</strong></span> <span class='ocrx_word' id='word_1_31' title='bbox 1284 547 1444 621; x_wconf 75' lang='grc' dir='ltr'>ἱερῶν</span> <span class='ocrx_word' id='word_1_32' title='bbox 1469 548 1800 610; x_wconf 80' lang='grc' dir='ltr'><strong>ἀποστόλων,</strong></span> 
     </span>
    </p>
   </div>
   <div class='ocr_carea' id='block_1_7' title="bbox 231 637 1802 711">
    <p class='ocr_par' dir='ltr' id='par_1_7' title="bbox 231 637 1802 711">
     <span class='ocr_line' id='line_1_7' title="bbox 231 637 1802 711; baseline -0.001 -18"><span class='ocrx_word' id='word_1_33' title='bbox 231 638 278 693; x_wconf 80' lang='grc' dir='ltr'>οι</span> <span class='ocrx_word' id='word_1_34' title='bbox 300 637 503 707; x_wconf 75' lang='grc' dir='ltr'>λογικοὶ</span> <span class='ocrx_word' id='word_1_35' title='bbox 533 638 756 709; x_wconf 78' lang='grc' dir='ltr'><strong>βότρυες</strong></span> <span class='ocrx_word' id='word_1_36' title='bbox 786 638 1095 709; x_wconf 78' lang='grc' dir='ltr'><strong>πιεζόμενοι</strong></span> <span class='ocrx_word' id='word_1_37' title='bbox 1122 638 1213 693; x_wconf 81' lang='grc' dir='ltr'><strong>τὸν</strong></span> <span class='ocrx_word' id='word_1_38' title='bbox 1245 640 1355 693; x_wconf 78' lang='grc' dir='ltr'><strong>άπὸ</strong></span> <span class='ocrx_word' id='word_1_39' title='bbox 1400 639 1509 693; x_wconf 86' lang='grc' dir='ltr'><strong>τῶν</strong></span> <span class='ocrx_word' id='word_1_40' title='bbox 1542 639 1802 711; x_wconf 87' lang='grc' dir='ltr'>μαθημά-</span> 
     </span>
    </p>
   </div>
   <div class='ocr_carea' id='block_1_8' title="bbox 233 727 1802 801">
    <p class='ocr_par' dir='ltr' id='par_1_8' title="bbox 233 727 1802 801">
     <span class='ocr_line' id='line_1_8' title="bbox 233 727 1802 801; baseline -0.001 -19"><span class='ocrx_word' id='word_1_41' title='bbox 233 746 333 782; x_wconf 81' lang='grc' dir='ltr'><strong>των</strong></span> <span class='ocrx_word' id='word_1_42' title='bbox 360 727 537 781; x_wconf 75' lang='grc' dir='ltr'>αὐτῶν</span> <span class='ocrx_word' id='word_1_43' title='bbox 567 729 751 801; x_wconf 82' lang='grc' dir='ltr'>νοερὸν</span> <span class='ocrx_word' id='word_1_44' title='bbox 783 731 877 782; x_wconf 68' lang='grc' dir='ltr'><strong>καὶ</strong></span> <span class='ocrx_word' id='word_1_45' title='bbox 901 729 1082 799; x_wconf 83' lang='grc' dir='ltr'>πάσης</span> <span class='ocrx_word' id='word_1_46' title='bbox 1130 729 1467 800; x_wconf 79' lang='grc' dir='ltr'>εὐφροσύνης</span> <span class='ocrx_word' id='word_1_47' title='bbox 1524 728 1802 798; x_wconf 83' lang='grc' dir='ltr'>ποιητικὸν</span> 
     </span>
    </p>
   </div>
   <div class='ocr_carea' id='block_1_9' title="bbox 233 821 1803 893">
    <p class='ocr_par' dir='ltr' id='par_1_9' title="bbox 233 821 1803 893">
     <span class='ocr_line' id='line_1_9' title="bbox 233 821 1803 893; baseline 0 -18"><span class='ocrx_word' id='word_1_48' title='bbox 233 821 367 875; x_wconf 79' lang='grc' dir='ltr'>οἶνον</span> <span class='ocrx_word' id='word_1_49' title='bbox 391 821 736 893; x_wconf 72' lang='grc' dir='ltr'>παρέχουσιν·</span> <span class='ocrx_word' id='word_1_50' title='bbox 773 822 947 886; x_wconf 83' lang='grc' dir='ltr'>ἄλλως</span> <span class='ocrx_word' id='word_1_51' title='bbox 979 822 1089 893; x_wconf 81' lang='grc' dir='ltr'><strong>γὰρ</strong></span> <span class='ocrx_word' id='word_1_52' title='bbox 1128 824 1188 876; x_wconf 85' lang='grc' dir='ltr'><strong>ού</strong></span> <span class='ocrx_word' id='word_1_53' title='bbox 1209 823 1432 877; x_wconf 80' lang='grc' dir='ltr'>δυνατὸν</span> <span class='ocrx_word' id='word_1_54' title='bbox 1467 825 1803 893; x_wconf 78' lang='grc' dir='ltr'><strong>σωματικαῖς</strong></span> 
     </span>
    </p>
   </div>
   <div class='ocr_carea' id='block_1_10' title="bbox 233 911 1803 986">
    <p class='ocr_par' dir='ltr' id='par_1_10' title="bbox 233 911 1803 986">
     <span class='ocr_line' id='line_1_10' title="bbox 233 911 1803 986; baseline 0.001 -20"><span class='ocrx_word' id='word_1_55' title='bbox 233 911 404 984; x_wconf 80' lang='grc' dir='ltr'><strong>ληνοῖς</strong></span> <span class='ocrx_word' id='word_1_56' title='bbox 441 913 748 985; x_wconf 79' lang='grc' dir='ltr'><strong>ἐφαρμόσαι</strong></span> <span class='ocrx_word' id='word_1_57' title='bbox 774 913 845 966; x_wconf 85' lang='grc' dir='ltr'>τὰ</span> <span class='ocrx_word' id='word_1_58' title='bbox 876 914 933 966; x_wconf 86' lang='grc' dir='ltr'><strong>ἐν</strong></span> <span class='ocrx_word' id='word_1_59' title='bbox 994 914 1071 986; x_wconf 79' lang='grc' dir='ltr'>τῷ</span> <span class='ocrx_word' id='word_1_60' title='bbox 1099 914 1297 986; x_wconf 78' lang='grc' dir='ltr'>ψαλμῷ</span> <span class='ocrx_word' id='word_1_61' title='bbox 1339 915 1626 985; x_wconf 85' lang='grc' dir='ltr'>λεγόμενα·</span> <span class='ocrx_word' id='word_1_62' title='bbox 1682 916 1803 968; x_wconf 74' lang='grc' dir='ltr'>ἐπεὶ</span> 
     </span>
    </p>
   </div>
   <div class='ocr_carea' id='block_1_11' title="bbox 237 1006 1801 1082">
    <p class='ocr_par' dir='ltr' id='par_1_11' title="bbox 237 1006 1801 1082">
     <span class='ocr_line' id='line_1_11' title="bbox 237 1006 1801 1082; baseline 0.003 -23"><span class='ocrx_word' id='word_1_63' title='bbox 237 1007 352 1077; x_wconf 86' lang='grc' dir='ltr'>μηδ’</span> <span class='ocrx_word' id='word_1_64' title='bbox 376 1006 511 1070; x_wconf 84' lang='grc' dir='ltr'><strong>ὅλως</strong></span> <span class='ocrx_word' id='word_1_65' title='bbox 531 1006 606 1068; x_wconf 81' lang='grc' dir='ltr'>ὡς</span> <span class='ocrx_word' id='word_1_66' title='bbox 646 1008 703 1059; x_wconf 84' lang='grc' dir='ltr'><strong>ἐν</strong></span> <span class='ocrx_word' id='word_1_67' title='bbox 725 1006 930 1079; x_wconf 82' lang='grc' dir='ltr'>ἑτέροις</span> <span class='ocrx_word' id='word_1_68' title='bbox 968 1008 1085 1079; x_wconf 77' lang='grc' dir='ltr'>ἦτοι</span> <span class='ocrx_word' id='word_1_69' title='bbox 1141 1011 1270 1081; x_wconf 75' lang='grc' dir='ltr'>περὶ</span> <span class='ocrx_word' id='word_1_70' title='bbox 1312 1010 1559 1081; x_wconf 79' lang='grc' dir='ltr'><strong>ἀμπέλου</strong></span> <span class='ocrx_word' id='word_1_71' title='bbox 1599 1027 1801 1082; x_wconf 67' lang='grc' dir='ltr'>μεταρυ</span> 
     </span>
    </p>
   </div>
   <div class='ocr_carea' id='block_1_12' title="bbox 233 1096 1804 1172">
    <p class='ocr_par' dir='ltr' id='par_1_12' title="bbox 233 1096 1804 1172">
     <span class='ocr_line' id='line_1_12' title="bbox 233 1096 1804 1172; baseline 0.001 -21"><span class='ocrx_word' id='word_1_72' title='bbox 233 1097 409 1169; x_wconf 91' lang='grc' dir='ltr'>θείσης</span> <span class='ocrx_word' id='word_1_73' title='bbox 434 1098 493 1162; x_wconf 80' lang='grc' dir='ltr'><strong>ἐξ</strong></span> <span class='ocrx_word' id='word_1_74' title='bbox 523 1096 819 1166; x_wconf 81' lang='grc' dir='ltr'>Αίγύπτον,</span> <span class='ocrx_word' id='word_1_75' title='bbox 855 1098 887 1168; x_wconf 85' lang='grc' dir='ltr'>ἢ</span> <span class='ocrx_word' id='word_1_76' title='bbox 919 1100 1046 1172; x_wconf 69' lang='grc' dir='ltr'>περὶ</span> <span class='ocrx_word' id='word_1_77' title='bbox 1082 1099 1405 1170; x_wconf 80' lang='grc' dir='ltr'>ἀμπελῶνος</span> <span class='ocrx_word' id='word_1_78' title='bbox 1463 1101 1668 1172; x_wconf 79' lang='grc' dir='ltr'>Κυρίου</span> <span class='ocrx_word' id='word_1_79' title='bbox 1701 1100 1804 1153; x_wconf 87' lang='grc' dir='ltr'><strong>Σα-</strong></span> 
     </span>
    </p>
   </div>
   <div class='ocr_carea' id='block_1_13' title="bbox 233 1188 1805 1263">
    <p class='ocr_par' dir='ltr' id='par_1_13' title="bbox 233 1188 1805 1263">
     <span class='ocr_line' id='line_1_13' title="bbox 233 1188 1805 1263; baseline 0.001 -21"><span class='ocrx_word' id='word_1_80' title='bbox 233 1188 400 1253; x_wconf 87' lang='grc' dir='ltr'>ϐαὼθ,</span> <span class='ocrx_word' id='word_1_81' title='bbox 432 1190 466 1260; x_wconf 76' lang='grc' dir='ltr'>ἦ</span> <span class='ocrx_word' id='word_1_82' title='bbox 493 1207 653 1242; x_wconf 87' lang='grc' dir='ltr'>τινων</span> <span class='ocrx_word' id='word_1_83' title='bbox 676 1189 951 1256; x_wconf 79' lang='grc' dir='ltr'>τοιούτων,</span> <span class='ocrx_word' id='word_1_84' title='bbox 971 1190 1208 1245; x_wconf 87' lang='grc' dir='ltr'>διάνοιάν</span> <span class='ocrx_word' id='word_1_85' title='bbox 1236 1209 1356 1245; x_wconf 91' lang='grc' dir='ltr'>τινα</span> <span class='ocrx_word' id='word_1_86' title='bbox 1386 1192 1457 1246; x_wconf 84' lang='grc' dir='ltr'><strong>τά</strong></span> <span class='ocrx_word' id='word_1_87' title='bbox 1490 1192 1587 1263; x_wconf 85' lang='grc' dir='ltr'><strong>τῆς</strong></span> <span class='ocrx_word' id='word_1_88' title='bbox 1608 1191 1805 1258; x_wconf 79' lang='grc' dir='ltr'>λέξεως</span> 
     </span>
    </p>
   </div>
   <div class='ocr_carea' id='block_1_14' title="bbox 234 1278 1804 1353">
    <p class='ocr_par' dir='ltr' id='par_1_14' title="bbox 234 1278 1804 1353">
     <span class='ocr_line' id='line_1_14' title="bbox 234 1278 1804 1353; baseline -0.001 -20"><span class='ocrx_word' id='word_1_89' title='bbox 234 1280 492 1351; x_wconf 87' lang='grc' dir='ltr'>περιέχει.</span> <span class='ocrx_word' id='word_1_90' title='bbox 523 1278 603 1332; x_wconf 82' lang='grc' dir='ltr'><strong>Τὰ</strong></span> <span class='ocrx_word' id='word_1_91' title='bbox 636 1278 681 1333; x_wconf 74' lang='grc' dir='ltr'>δ’</span> <span class='ocrx_word' id='word_1_92' title='bbox 710 1278 817 1332; x_wconf 86' lang='grc' dir='ltr'><strong>άπὸ</strong></span> <span class='ocrx_word' id='word_1_93' title='bbox 853 1280 969 1343; x_wconf 90' lang='grc' dir='ltr'>τοῦ,</span> <span class='ocrx_word' id='word_1_94' title='bbox 1028 1300 1044 1332; x_wconf 80' lang='grc' dir='ltr'><strong>ι</strong></span> <span class='ocrx_word' id='word_1_95' title='bbox 1077 1282 1141 1334; x_wconf 88' lang='grc' dir='ltr'><strong>Τί</strong></span> <span class='ocrx_word' id='word_1_96' title='bbox 1174 1283 1320 1336; x_wconf 86' lang='grc' dir='ltr'>ἐστιν</span> <span class='ocrx_word' id='word_1_97' title='bbox 1371 1280 1674 1353; x_wconf 80' lang='grc' dir='ltr'>ἄνθρωπος,</span> <span class='ocrx_word' id='word_1_98' title='bbox 1723 1279 1804 1332; x_wconf 84' lang='grc' dir='ltr'><strong>ὅτι</strong></span> 
     </span>
    </p>
   </div>
   <div class='ocr_carea' id='block_1_15' title="bbox 236 1369 1804 1443">
    <p class='ocr_par' dir='ltr' id='par_1_15' title="bbox 236 1369 1804 1443">
     <span class='ocr_line' id='line_1_15' title="bbox 236 1369 1804 1443; baseline 0 -20"><span class='ocrx_word' id='word_1_99' title='bbox 236 1372 511 1441; x_wconf 83' lang='grc' dir='ltr'>μιμνήσκῃ</span> <span class='ocrx_word' id='word_1_100' title='bbox 541 1369 726 1434; x_wconf 79' lang='grc' dir='ltr'>αὐτοῦ,</span> <span class='ocrx_word' id='word_1_101' title='bbox 782 1369 964 1441; x_wconf 79' lang='grc' dir='ltr'>ἢυὶὸς</span> <span class='ocrx_word' id='word_1_102' title='bbox 1017 1372 1324 1443; x_wconf 80' lang='grc' dir='ltr'>ἀνθρώπου,</span> <span class='ocrx_word' id='word_1_103' title='bbox 1382 1374 1462 1427; x_wconf 80' lang='grc' dir='ltr'>ὅτι</span> <span class='ocrx_word' id='word_1_104' title='bbox 1503 1371 1804 1442; x_wconf 71' lang='grc' dir='ltr'>ἐπισκέπτῃ</span> 
     </span>
    </p>
   </div>
   <div class='ocr_carea' id='block_1_16' title="bbox 232 1460 1802 1536">
    <p class='ocr_par' dir='ltr' id='par_1_16' title="bbox 232 1460 1802 1536">
     <span class='ocr_line' id='line_1_16' title="bbox 232 1460 1802 1536; baseline 0.003 -24"><span class='ocrx_word' id='word_1_105' title='bbox 232 1460 428 1525; x_wconf 84' lang='grc' dir='ltr'>αύτόν;</span> <span class='ocrx_word' id='word_1_106' title='bbox 473 1460 816 1525; x_wconf 86' lang='grc' dir='ltr'>Ἦλάττωσας</span> <span class='ocrx_word' id='word_1_107' title='bbox 845 1462 1006 1516; x_wconf 76' lang='grc' dir='ltr'>αὐτὸν</span> <span class='ocrx_word' id='word_1_108' title='bbox 1039 1462 1213 1534; x_wconf 84' lang='grc' dir='ltr'>βραχύ</span> <span class='ocrx_word' id='word_1_109' title='bbox 1243 1481 1296 1516; x_wconf 88' lang='grc' dir='ltr'><strong>τι</strong></span> <span class='ocrx_word' id='word_1_110' title='bbox 1355 1465 1482 1536; x_wconf 87' lang='grc' dir='ltr'>παρ’</span> <span class='ocrx_word' id='word_1_111' title='bbox 1518 1462 1802 1532; x_wconf 78' lang='grc' dir='ltr'><strong>ἀγγέλους,</strong></span> 
     </span>
    </p>
   </div>
   <div class='ocr_carea' id='block_1_17' title="bbox 230 1551 1807 1626">
    <p class='ocr_par' dir='ltr' id='par_1_17' title="bbox 230 1551 1807 1626">
     <span class='ocr_line' id='line_1_17' title="bbox 230 1551 1807 1626; baseline 0 -21"><span class='ocrx_word' id='word_1_112' title='bbox 230 1552 354 1626; x_wconf 72' lang='grc' dir='ltr'>δόξῃ</span> <span class='ocrx_word' id='word_1_113' title='bbox 382 1551 477 1605; x_wconf 71' lang='grc' dir='ltr'>καὶ</span> <span class='ocrx_word' id='word_1_114' title='bbox 500 1555 631 1624; x_wconf 83' lang='grc' dir='ltr'>τιμῇ</span> <span class='ocrx_word' id='word_1_115' title='bbox 663 1554 1046 1622; x_wconf 79' lang='grc' dir='ltr'>ἐστεφάνωσας</span> <span class='ocrx_word' id='word_1_116' title='bbox 1067 1555 1283 1618; x_wconf 50' lang='lat' dir='ltr'><strong>autem)</strong></span> <span class='ocrx_word' id='word_1_117' title='bbox 1319 1555 1415 1609; x_wconf 71' lang='grc' dir='ltr'><strong>καὶ</strong></span> <span class='ocrx_word' id='word_1_118' title='bbox 1443 1555 1511 1609; x_wconf 84' lang='grc' dir='ltr'>τὰ</span> <span class='ocrx_word' id='word_1_119' title='bbox 1541 1555 1689 1625; x_wconf 76' lang='grc' dir='ltr'>ἑξῆς,</span> <span class='ocrx_word' id='word_1_120' title='bbox 1714 1552 1807 1606; x_wconf 70' lang='grc' dir='ltr'><strong>ἐπὶ</strong></span> 
     </span>
    </p>
   </div>
   <div class='ocr_carea' id='block_1_18' title="bbox 231 1642 1808 1718">
    <p class='ocr_par' dir='ltr' id='par_1_18' title="bbox 231 1642 1808 1718">
     <span class='ocr_line' id='line_1_18' title="bbox 231 1642 1808 1718; baseline 0.001 -22"><span class='ocrx_word' id='word_1_121' title='bbox 231 1642 320 1696; x_wconf 83' lang='grc' dir='ltr'><strong>τὸν</strong></span> <span class='ocrx_word' id='word_1_122' title='bbox 353 1644 582 1716; x_wconf 85' lang='grc' dir='ltr'>Σωτῆρα</span> <span class='ocrx_word' id='word_1_123' title='bbox 610 1646 707 1698; x_wconf 64' lang='grc' dir='ltr'><strong>καὶ</strong></span> <span class='ocrx_word' id='word_1_124' title='bbox 751 1645 957 1718; x_wconf 82' lang='grc' dir='ltr'>Κύριον</span> <span class='ocrx_word' id='word_1_125' title='bbox 1011 1646 1170 1718; x_wconf 80' lang='grc' dir='ltr'>ἡμῶν</span> <span class='ocrx_word' id='word_1_126' title='bbox 1222 1646 1428 1717; x_wconf 81' lang='grc' dir='ltr'>Ἰησοῦν</span> <span class='ocrx_word' id='word_1_127' title='bbox 1462 1648 1520 1698; x_wconf 89' lang='grc' dir='ltr'><strong>ἐν</strong></span> <span class='ocrx_word' id='word_1_128' title='bbox 1568 1649 1633 1718; x_wconf 88' lang='grc' dir='ltr'><strong>τῇ</strong></span> <span class='ocrx_word' id='word_1_129' title='bbox 1673 1646 1808 1717; x_wconf 78' lang='grc' dir='ltr'>πρὸς</span> 
     </span>
    </p>
   </div>
   <div class='ocr_carea' id='block_1_19' title="bbox 243 1734 1809 1810">
    <p class='ocr_par' dir='ltr' id='par_1_19' title="bbox 243 1734 1809 1810">
     <span class='ocr_line' id='line_1_19' title="bbox 243 1734 1809 1810; baseline 0.001 -21"><span class='ocrx_word' id='word_1_130' title='bbox 243 1734 524 1808; x_wconf 83' lang='grc' dir='ltr'>Ἐϐραίους</span> <span class='ocrx_word' id='word_1_131' title='bbox 567 1738 818 1810; x_wconf 77' lang='grc' dir='ltr'>ἐπιστολῇ</span> <span class='ocrx_word' id='word_1_132' title='bbox 855 1738 1227 1810; x_wconf 79' lang='grc' dir='ltr'>μετείληπται,</span> <span class='ocrx_word' id='word_1_133' title='bbox 1264 1737 1391 1792; x_wconf 79' lang='grc' dir='ltr'>ἔνθα</span> <span class='ocrx_word' id='word_1_134' title='bbox 1419 1735 1514 1809; x_wconf 82' lang='grc' dir='ltr'><strong>τῷ⁶</strong></span> <span class='ocrx_word' id='word_1_135' title='bbox 1558 1756 1575 1790; x_wconf 85' lang='grc' dir='ltr'><strong>ι</strong></span> <span class='ocrx_word' id='word_1_136' title='bbox 1625 1738 1809 1791; x_wconf 81' lang='grc' dir='ltr'>Πάντα</span> 
     </span>
    </p>
   </div>
   <div class='ocr_carea' id='block_1_20' title="bbox 1901 540 3479 617">
    <p class='ocr_par' dir='ltr' id='par_1_20' title="bbox 1901 540 3479 617">
     <span class='ocr_line' id='line_1_20' title="bbox 1901 540 3479 617; baseline -0.003 -17"><span class='ocrx_word' id='word_1_137' title='bbox 1901 559 2237 617; x_wconf 85' lang='lat' dir='ltr'><strong>gemmarum</strong></span> <span class='ocrx_word' id='word_1_138' title='bbox 2272 543 2393 613; x_wconf 85' lang='lat' dir='ltr'><strong>ejus</strong></span> <span class='ocrx_word' id='word_1_139' title='bbox 2422 549 2738 599; x_wconf 87' lang='lat' dir='ltr'><strong>sanctorum</strong></span> <span class='ocrx_word' id='word_1_140' title='bbox 2777 540 3176 612; x_wconf 78' lang='lat' dir='ltr'><strong>apostolorum,</strong></span> <span class='ocrx_word' id='word_1_141' title='bbox 3203 540 3479 612; x_wconf 80' lang='lat' dir='ltr'><strong>spiritales</strong></span> 
     </span>
    </p>
   </div>
   <div class='ocr_carea' id='block_1_21' title="bbox 1902 633 3481 709">
    <p class='ocr_par' dir='ltr' id='par_1_21' title="bbox 1902 633 3481 709">
     <span class='ocr_line' id='line_1_21' title="bbox 1902 633 3481 709; baseline -0.003 -16"><span class='ocrx_word' id='word_1_142' title='bbox 1902 636 2103 693; x_wconf 90' lang='lat' dir='ltr'><strong>racemi</strong></span> <span class='ocrx_word' id='word_1_143' title='bbox 2152 636 2330 708; x_wconf 88' lang='lat' dir='ltr'><strong>pressi</strong></span> <span class='ocrx_word' id='word_1_144' title='bbox 2371 633 2640 689; x_wconf 80' lang='lat' dir='ltr'><strong>doctrinis</strong></span> <span class='ocrx_word' id='word_1_145' title='bbox 2700 634 2815 689; x_wconf 92' lang='lat' dir='ltr'><strong>suis</strong></span> <span class='ocrx_word' id='word_1_146' title='bbox 2860 633 3105 709; x_wconf 86' lang='lat' dir='ltr'><strong>spiritale</strong></span> <span class='ocrx_word' id='word_1_147' title='bbox 3155 648 3481 704; x_wconf 87' lang='lat' dir='ltr'><strong>omnemque</strong></span> 
     </span>
    </p>
   </div>
   <div class='ocr_carea' id='block_1_22' title="bbox 1904 722 3477 797">
    <p class='ocr_par' dir='ltr' id='par_1_22' title="bbox 1904 722 3477 797">
     <span class='ocr_line' id='line_1_22' title="bbox 1904 722 3477 797; baseline -0.004 -12"><span class='ocrx_word' id='word_1_148' title='bbox 1904 729 2228 786; x_wconf 81' lang='lat' dir='ltr'><strong>suavitatem</strong></span> <span class='ocrx_word' id='word_1_149' title='bbox 2279 726 2519 782; x_wconf 71' lang='lat' dir='ltr'><strong>efﬁciens</strong></span> <span class='ocrx_word' id='word_1_150' title='bbox 2559 726 2745 780; x_wconf 90' lang='lat' dir='ltr'><strong>vinum</strong></span> <span class='ocrx_word' id='word_1_151' title='bbox 2795 726 3059 797; x_wconf 67' lang='lat' dir='ltr'><strong>praebent.</strong></span> <span class='ocrx_word' id='word_1_152' title='bbox 3106 722 3282 780; x_wconf 80' lang='lat' dir='ltr'><strong>Aliter</strong></span> <span class='ocrx_word' id='word_1_153' title='bbox 3334 726 3477 780; x_wconf 89' lang='lat' dir='ltr'><strong>enim</strong></span> 
     </span>
    </p>
   </div>
   <div class='ocr_carea' id='block_1_23' title="bbox 1903 817 3484 892">
    <p class='ocr_par' dir='ltr' id='par_1_23' title="bbox 1903 817 3484 892">
     <span class='ocr_line' id='line_1_23' title="bbox 1903 817 3484 892; baseline -0.003 -16"><span class='ocrx_word' id='word_1_154' title='bbox 1903 820 2245 892; x_wconf 83' lang='lat' dir='ltr'><strong>impossibile</strong></span> <span class='ocrx_word' id='word_1_155' title='bbox 2281 825 2429 874; x_wconf 84' lang='lat' dir='ltr'><strong>esset</strong></span> <span class='ocrx_word' id='word_1_156' title='bbox 2451 818 2831 889; x_wconf 82' lang='lat' dir='ltr'><strong>corporalibus</strong></span> <span class='ocrx_word' id='word_1_157' title='bbox 2864 817 3236 872; x_wconf 86' lang='lat' dir='ltr'><strong>torcularibus</strong></span> <span class='ocrx_word' id='word_1_158' title='bbox 3272 831 3484 873; x_wconf 87' lang='lat' dir='ltr'><strong>accom-</strong></span> 
     </span>
    </p>
   </div>
   <div class='ocr_carea' id='block_1_24' title="bbox 1903 908 3477 983">
    <p class='ocr_par' dir='ltr' id='par_1_24' title="bbox 1903 908 3477 983">
     <span class='ocr_line' id='line_1_24' title="bbox 1903 908 3477 983; baseline -0.001 -15"><span class='ocrx_word' id='word_1_159' title='bbox 1903 911 2125 968; x_wconf 88' lang='lat' dir='ltr'><strong>modare</strong></span> <span class='ocrx_word' id='word_1_160' title='bbox 2153 926 2273 983; x_wconf 71' lang='lat' dir='ltr'><strong>quae</strong></span> <span class='ocrx_word' id='word_1_161' title='bbox 2303 911 2359 965; x_wconf 93' lang='lat' dir='ltr'><strong>in</strong></span> <span class='ocrx_word' id='word_1_162' title='bbox 2385 909 2489 966; x_wconf 88' lang='lat' dir='ltr'><strong>hoc</strong></span> <span class='ocrx_word' id='word_1_163' title='bbox 2514 911 2726 981; x_wconf 89' lang='lat' dir='ltr'><strong>psalmo</strong></span> <span class='ocrx_word' id='word_1_164' title='bbox 2747 908 3044 978; x_wconf 87' lang='lat' dir='ltr'><strong>dicuntur;</strong></span> <span class='ocrx_word' id='word_1_165' title='bbox 3078 925 3202 965; x_wconf 90' lang='lat' dir='ltr'><strong>cum</strong></span> <span class='ocrx_word' id='word_1_166' title='bbox 3233 909 3477 970; x_wconf 89' lang='lat' dir='ltr'><strong>minime.</strong></span> 
     </span>
    </p>
   </div>
   <div class='ocr_carea' id='block_1_25' title="bbox 1903 1000 3482 1074">
    <p class='ocr_par' dir='ltr' id='par_1_25' title="bbox 1903 1000 3482 1074">
     <span class='ocr_line' id='line_1_25' title="bbox 1903 1000 3482 1074; baseline -0.002 -15"><span class='ocrx_word' id='word_1_167' title='bbox 1903 1011 1965 1059; x_wconf 86' lang='lat' dir='ltr'><strong>ut</strong></span> <span class='ocrx_word' id='word_1_168' title='bbox 2005 1004 2061 1058; x_wconf 92' lang='lat' dir='ltr'><strong>in</strong></span> <span class='ocrx_word' id='word_1_169' title='bbox 2106 1002 2342 1068; x_wconf 69' lang='lat' dir='ltr'><strong>caeteris,</strong></span> <span class='ocrx_word' id='word_1_170' title='bbox 2392 1003 2507 1059; x_wconf 82' lang='lat' dir='ltr'><strong>sive</strong></span> <span class='ocrx_word' id='word_1_171' title='bbox 2550 1002 2618 1057; x_wconf 90' lang='lat' dir='ltr'><strong>de</strong></span> <span class='ocrx_word' id='word_1_172' title='bbox 2649 1003 2760 1057; x_wconf 89' lang='lat' dir='ltr'><strong>vite</strong></span> <span class='ocrx_word' id='word_1_173' title='bbox 2801 1017 2922 1072; x_wconf 73' lang='lat' dir='ltr'><strong>qua:</strong></span> <span class='ocrx_word' id='word_1_174' title='bbox 2967 1018 3033 1057; x_wconf 78' lang='lat' dir='ltr'><strong>ex</strong></span> <span class='ocrx_word' id='word_1_175' title='bbox 3079 1000 3314 1074; x_wconf 63' lang='lat' dir='ltr'><strong>Egypto</strong></span> <span class='ocrx_word' id='word_1_176' title='bbox 3357 1016 3482 1058; x_wconf 83' lang='lat' dir='ltr'><strong>sur-</strong></span> 
     </span>
    </p>
   </div>
   <div class='ocr_carea' id='block_1_26' title="bbox 1902 1092 3484 1165">
    <p class='ocr_par' dir='ltr' id='par_1_26' title="bbox 1902 1092 3484 1165">
     <span class='ocr_line' id='line_1_26' title="bbox 1902 1092 3484 1165; baseline -0.001 -14"><span class='ocrx_word' id='word_1_177' title='bbox 1902 1096 2065 1162; x_wconf 80' lang='lat' dir='ltr'><strong>rexit,</strong></span> <span class='ocrx_word' id='word_1_178' title='bbox 2106 1097 2223 1153; x_wconf 88' lang='lat' dir='ltr'><strong>sive</strong></span> <span class='ocrx_word' id='word_1_179' title='bbox 2261 1096 2328 1152; x_wconf 90' lang='lat' dir='ltr'><strong>de</strong></span> <span class='ocrx_word' id='word_1_180' title='bbox 2362 1094 2575 1150; x_wconf 88' lang='lat' dir='ltr'><strong>Domini</strong></span> <span class='ocrx_word' id='word_1_181' title='bbox 2622 1092 2859 1149; x_wconf 85' lang='lat' dir='ltr'><strong>Sabaoth</strong></span> <span class='ocrx_word' id='word_1_182' title='bbox 2889 1094 3021 1160; x_wconf 88' lang='lat' dir='ltr'><strong>vite,</strong></span> <span class='ocrx_word' id='word_1_183' title='bbox 3067 1094 3182 1150; x_wconf 88' lang='lat' dir='ltr'><strong>sive</strong></span> <span class='ocrx_word' id='word_1_184' title='bbox 3223 1095 3291 1150; x_wconf 92' lang='lat' dir='ltr'><strong>de</strong></span> <span class='ocrx_word' id='word_1_185' title='bbox 3334 1095 3484 1165; x_wconf 90' lang='lat' dir='ltr'><strong>ejus-</strong></span> 
     </span>
    </p>
   </div>
   <div class='ocr_carea' id='block_1_27' title="bbox 1905 1188 3484 1260">
    <p class='ocr_par' dir='ltr' id='par_1_27' title="bbox 1905 1188 3484 1260">
     <span class='ocr_line' id='line_1_27' title="bbox 1905 1188 3484 1260; baseline -0.002 -15"><span class='ocrx_word' id='word_1_186' title='bbox 1905 1190 2052 1246; x_wconf 88' lang='lat' dir='ltr'><strong>modi</strong></span> <span class='ocrx_word' id='word_1_187' title='bbox 2088 1190 2211 1245; x_wconf 89' lang='lat' dir='ltr'><strong>aliis</strong></span> <span class='ocrx_word' id='word_1_188' title='bbox 2248 1189 2411 1245; x_wconf 83' lang='lat' dir='ltr'><strong>verba</strong></span> <span class='ocrx_word' id='word_1_189' title='bbox 2449 1190 2617 1259; x_wconf 87' lang='lat' dir='ltr'><strong>hujus</strong></span> <span class='ocrx_word' id='word_1_190' title='bbox 2661 1188 2768 1243; x_wconf 88' lang='lat' dir='ltr'><strong>loci</strong></span> <span class='ocrx_word' id='word_1_191' title='bbox 2818 1203 2986 1243; x_wconf 89' lang='lat' dir='ltr'><strong>sensu</strong></span> <span class='ocrx_word' id='word_1_192' title='bbox 3029 1189 3223 1259; x_wconf 85' lang='lat' dir='ltr'><strong>quovis</strong></span> <span class='ocrx_word' id='word_1_193' title='bbox 3253 1188 3484 1260; x_wconf 81' lang='lat' dir='ltr'><strong>intelligi</strong></span> 
     </span>
    </p>
   </div>
   <div class='ocr_carea' id='block_1_28' title="bbox 1907 1264 3482 1355">
    <p class='ocr_par' dir='ltr' id='par_1_28' title="bbox 1907 1264 3482 1355">
     <span class='ocr_line' id='line_1_28' title="bbox 1907 1264 3482 1355; baseline -0.002 -16"><span class='ocrx_word' id='word_1_194' title='bbox 1907 1284 2143 1355; x_wconf 90' lang='lat' dir='ltr'><strong>possint.</strong></span> <span class='ocrx_word' id='word_1_195' title='bbox 2183 1282 2315 1351; x_wconf 68' lang='lat' dir='ltr'><strong>Quae</strong></span> <span class='ocrx_word' id='word_1_196' title='bbox 2346 1298 2473 1338; x_wconf 85' lang='lat' dir='ltr'><strong>vero</strong></span> <span class='ocrx_word' id='word_1_197' title='bbox 2514 1283 2583 1336; x_wconf 88' lang='lat' dir='ltr'><strong>ab</strong></span> <span class='ocrx_word' id='word_1_198' title='bbox 2617 1281 2723 1336; x_wconf 86' lang='lat' dir='ltr'><strong>iis:</strong></span> <span class='ocrx_word' id='word_1_199' title='bbox 2758 1299 2777 1331; x_wconf 80' lang='grc' dir='ltr'><strong>ι</strong></span> <span class='ocrx_word' id='word_1_200' title='bbox 2806 1280 2949 1347; x_wconf 85' lang='lat' dir='ltr'><strong>Quid</strong></span> <span class='ocrx_word' id='word_1_201' title='bbox 2997 1289 3083 1335; x_wconf 91' lang='lat' dir='ltr'><strong>est</strong></span> <span class='ocrx_word' id='word_1_202' title='bbox 3111 1264 3305 1346; x_wconf 75' lang='lat' dir='ltr'><strong>bomo,</strong></span> <span class='ocrx_word' id='word_1_203' title='bbox 3339 1282 3482 1353; x_wconf 90' lang='lat' dir='ltr'><strong>quod</strong></span> 
     </span>
    </p>
   </div>
   <div class='ocr_carea' id='block_1_29' title="bbox 1906 1371 3484 1444">
    <p class='ocr_par' dir='ltr' id='par_1_29' title="bbox 1906 1371 3484 1444">
     <span class='ocr_line' id='line_1_29' title="bbox 1906 1371 3484 1444; baseline -0.002 -16"><span class='ocrx_word' id='word_1_204' title='bbox 1906 1390 2115 1431; x_wconf 89' lang='lat' dir='ltr'><strong>memor</strong></span> <span class='ocrx_word' id='word_1_205' title='bbox 2140 1391 2199 1431; x_wconf 85' lang='lat' dir='ltr'><strong>es</strong></span> <span class='ocrx_word' id='word_1_206' title='bbox 2239 1375 2397 1444; x_wconf 84' lang='lat' dir='ltr'><strong>ejus?</strong></span> <span class='ocrx_word' id='word_1_207' title='bbox 2425 1382 2519 1428; x_wconf 88' lang='lat' dir='ltr'><strong>aut</strong></span> <span class='ocrx_word' id='word_1_208' title='bbox 2543 1371 2688 1428; x_wconf 86' lang='lat' dir='ltr'><strong>ﬁlius</strong></span> <span class='ocrx_word' id='word_1_209' title='bbox 2719 1371 3259 1441; x_wconf 88' lang='lat' dir='ltr'><strong>bominis,quoniam</strong></span> <span class='ocrx_word' id='word_1_210' title='bbox 3290 1372 3484 1426; x_wconf 84' lang='lat' dir='ltr'><strong>visitas</strong></span> 
     </span>
    </p>
   </div>
   <div class='ocr_carea' id='block_1_30' title="bbox 1905 1463 3485 1536">
    <p class='ocr_par' dir='ltr' id='par_1_30' title="bbox 1905 1463 3485 1536">
     <span class='ocr_line' id='line_1_30' title="bbox 1905 1463 3485 1536; baseline -0.004 -14"><span class='ocrx_word' id='word_1_211' title='bbox 1905 1468 2064 1522; x_wconf 89' lang='lat' dir='ltr'><strong>eum?</strong></span> <span class='ocrx_word' id='word_1_212' title='bbox 2099 1466 2345 1522; x_wconf 87' lang='lat' dir='ltr'><strong>Minuisti</strong></span> <span class='ocrx_word' id='word_1_213' title='bbox 2380 1482 2503 1522; x_wconf 88' lang='lat' dir='ltr'><strong>eum</strong></span> <span class='ocrx_word' id='word_1_214' title='bbox 2539 1465 2705 1536; x_wconf 89' lang='lat' dir='ltr'><strong>paulo</strong></span> <span class='ocrx_word' id='word_1_215' title='bbox 2739 1464 2923 1520; x_wconf 91' lang='lat' dir='ltr'><strong>minus</strong></span> <span class='ocrx_word' id='word_1_216' title='bbox 2953 1465 3021 1518; x_wconf 88' lang='lat' dir='ltr'><strong>ab</strong></span> <span class='ocrx_word' id='word_1_217' title='bbox 3047 1464 3277 1535; x_wconf 84' lang='lat' dir='ltr'><strong>angelis,</strong></span> <span class='ocrx_word' id='word_1_218' title='bbox 3312 1463 3485 1534; x_wconf 79' lang='lat' dir='ltr'><strong>gloria</strong></span> 
     </span>
    </p>
   </div>
   <div class='ocr_carea' id='block_1_31' title="bbox 1906 1553 3488 1625">
    <p class='ocr_par' dir='ltr' id='par_1_31' title="bbox 1906 1553 3488 1625">
     <span class='ocr_line' id='line_1_31' title="bbox 1906 1553 3488 1625; baseline -0.003 -12"><span class='ocrx_word' id='word_1_219' title='bbox 1906 1565 1961 1613; x_wconf 89' lang='lat' dir='ltr'><strong>et</strong></span> <span class='ocrx_word' id='word_1_220' title='bbox 1986 1558 2196 1615; x_wconf 86' lang='lat' dir='ltr'><strong>honore</strong></span> <span class='ocrx_word' id='word_1_221' title='bbox 2235 1557 2655 1613; x_wconf 86' lang='lat' dir='ltr'><strong>coronastieum</strong></span> <span class='ocrx_word' id='word_1_222' title='bbox 2686 1556 2751 1623; x_wconf 77' lang='lat'><strong>&quot;,</strong></span> <span class='ocrx_word' id='word_1_223' title='bbox 2787 1575 2806 1608; x_wconf 75' lang='grc' dir='ltr'><strong>ι</strong></span> <span class='ocrx_word' id='word_1_224' title='bbox 2844 1565 2898 1611; x_wconf 89' lang='lat' dir='ltr'><strong>et</strong></span> <span class='ocrx_word' id='word_1_225' title='bbox 2930 1555 3158 1625; x_wconf 88' lang='lat' dir='ltr'><strong>reliqua,</strong></span> <span class='ocrx_word' id='word_1_226' title='bbox 3190 1555 3256 1609; x_wconf 87' lang='lat' dir='ltr'><strong>ad</strong></span> <span class='ocrx_word' id='word_1_227' title='bbox 3298 1553 3488 1609; x_wconf 84' lang='lat' dir='ltr'><strong>Salva-</strong></span> 
     </span>
    </p>
   </div>
   <div class='ocr_carea' id='block_1_32' title="bbox 1908 1645 3485 1717">
    <p class='ocr_par' dir='ltr' id='par_1_32' title="bbox 1908 1645 3485 1717">
     <span class='ocr_line' id='line_1_32' title="bbox 1908 1645 3485 1717; baseline -0.002 -14"><span class='ocrx_word' id='word_1_228' title='bbox 1908 1658 2079 1705; x_wconf 91' lang='lat' dir='ltr'><strong>torem</strong></span> <span class='ocrx_word' id='word_1_229' title='bbox 2108 1657 2163 1705; x_wconf 91' lang='lat' dir='ltr'><strong>et</strong></span> <span class='ocrx_word' id='word_1_230' title='bbox 2204 1648 2493 1705; x_wconf 90' lang='lat' dir='ltr'><strong>Dominum</strong></span> <span class='ocrx_word' id='word_1_231' title='bbox 2540 1655 2786 1704; x_wconf 89' lang='lat' dir='ltr'><strong>nostrum</strong></span> <span class='ocrx_word' id='word_1_232' title='bbox 2813 1645 2998 1702; x_wconf 89' lang='lat' dir='ltr'><strong>Jesum</strong></span> <span class='ocrx_word' id='word_1_233' title='bbox 3045 1648 3099 1701; x_wconf 92' lang='lat' dir='ltr'><strong>in</strong></span> <span class='ocrx_word' id='word_1_234' title='bbox 3135 1646 3376 1717; x_wconf 79' lang='lat' dir='ltr'><strong>Epistula</strong></span> <span class='ocrx_word' id='word_1_235' title='bbox 3419 1646 3485 1700; x_wconf 91' lang='lat' dir='ltr'><strong>ad</strong></span> 
     </span>
    </p>
   </div>
   <div class='ocr_carea' id='block_1_33' title="bbox 1907 1740 3486 1812">
    <p class='ocr_par' dir='ltr' id='par_1_33' title="bbox 1907 1740 3486 1812">
     <span class='ocr_line' id='line_1_33' title="bbox 1907 1740 3486 1812; baseline 0.001 -16"><span class='ocrx_word' id='word_1_236' title='bbox 1907 1741 2165 1798; x_wconf 69' lang='lat' dir='ltr'><strong>Hebrmos</strong></span> <span class='ocrx_word' id='word_1_237' title='bbox 2202 1741 2539 1805; x_wconf 82' lang='lat' dir='ltr'><strong>referuntur,</strong></span> <span class='ocrx_word' id='word_1_238' title='bbox 2584 1741 2675 1797; x_wconf 92' lang='lat' dir='ltr'><strong>ubi</strong></span> <span class='ocrx_word' id='word_1_239' title='bbox 2702 1751 2830 1812; x_wconf 90' lang='lat' dir='ltr'><strong>post</strong></span> <span class='ocrx_word' id='word_1_240' title='bbox 2858 1742 2973 1807; x_wconf 89' lang='lat' dir='ltr'><strong>illa,</strong></span> <span class='ocrx_word' id='word_1_241' title='bbox 3004 1760 3022 1791; x_wconf 76' lang='grc' dir='ltr'><strong>ι</strong></span> <span class='ocrx_word' id='word_1_242' title='bbox 3057 1740 3253 1795; x_wconf 86' lang='lat' dir='ltr'><strong>Omnia</strong></span> <span class='ocrx_word' id='word_1_243' title='bbox 3301 1741 3486 1811; x_wconf 88' lang='lat' dir='ltr'><strong>subje-</strong></span> 
     </span>
    </p>
   </div>
   <div class='ocr_carea' id='block_1_34' title="bbox 233 1826 1813 1904">
    <p class='ocr_par' dir='ltr' id='par_1_34' title="bbox 233 1826 1808 1899">
     <span class='ocr_line' id='line_1_34' title="bbox 233 1826 1808 1899; baseline 0 -19"><span class='ocrx_word' id='word_1_244' title='bbox 233 1826 502 1893; x_wconf 77' lang='grc' dir='ltr'>ὑπέταξας</span> <span class='ocrx_word' id='word_1_245' title='bbox 531 1828 789 1882; x_wconf 78' lang='grc' dir='ltr'>ὑποκάτω</span> <span class='ocrx_word' id='word_1_246' title='bbox 838 1828 943 1881; x_wconf 83' lang='grc' dir='ltr'><strong>τῶν</strong></span> <span class='ocrx_word' id='word_1_247' title='bbox 988 1828 1163 1882; x_wconf 85' lang='grc' dir='ltr'>ποδῶν</span> <span class='ocrx_word' id='word_1_248' title='bbox 1190 1828 1377 1893; x_wconf 80' lang='grc' dir='ltr'>αὐτοῦ,</span> <span class='ocrx_word' id='word_1_249' title='bbox 1421 1847 1440 1880; x_wconf 80' lang='grc' dir='ltr'><strong>ι</strong></span> <span class='ocrx_word' id='word_1_250' title='bbox 1492 1827 1808 1899; x_wconf 82' lang='grc' dir='ltr'>ἐπιφέρεται</span> 
     </span>
    </p>
   </div>
   <div class='ocr_carea' id='block_1_35' title="bbox 1919 1826 3485 1904">
    <p class='ocr_par' dir='ltr' id='par_1_35' title="bbox 1919 1832 3485 1904">
     <span class='ocr_line' id='line_1_35' title="bbox 1919 1832 3485 1904; baseline -0.002 -14"><span class='ocrx_word' id='word_1_251' title='bbox 1919 1834 2034 1890; x_wconf 80' lang='lat' dir='ltr'><strong>cisti</strong></span> <span class='ocrx_word' id='word_1_252' title='bbox 2068 1834 2171 1889; x_wconf 92' lang='lat' dir='ltr'><strong>sub</strong></span> <span class='ocrx_word' id='word_1_253' title='bbox 2206 1832 2436 1904; x_wconf 87' lang='lat' dir='ltr'><strong>pedibus</strong></span> <span class='ocrx_word' id='word_1_254' title='bbox 2466 1832 2587 1902; x_wconf 88' lang='lat' dir='ltr'><strong>ejus</strong></span> <span class='ocrx_word' id='word_1_255' title='bbox 2616 1832 2683 1897; x_wconf 75' lang='lat'><strong>&quot;,</strong></span> <span class='ocrx_word' id='word_1_256' title='bbox 2718 1851 2737 1884; x_wconf 78' lang='grc' dir='ltr'><strong>ι</strong></span> <span class='ocrx_word' id='word_1_257' title='bbox 2775 1832 3109 1903; x_wconf 89' lang='lat' dir='ltr'><strong>adjiciuntur</strong></span> <span class='ocrx_word' id='word_1_258' title='bbox 3138 1848 3201 1887; x_wconf 92' lang='lat' dir='ltr'><strong>ea</strong></span> <span class='ocrx_word' id='word_1_259' title='bbox 3233 1851 3244 1887; x_wconf 93' lang='lat'><strong>:</strong></span> <span class='ocrx_word' id='word_1_260' title='bbox 3282 1852 3300 1884; x_wconf 79' lang='grc' dir='ltr'><strong>ι</strong></span> <span class='ocrx_word' id='word_1_261' title='bbox 3328 1832 3485 1887; x_wconf 89' lang='lat' dir='ltr'><strong>Nunc</strong></span> 
     </span>
    </p>
   </div>
   <div class='ocr_carea' id='block_1_36' title="bbox 231 1918 1813 1992">
    <p class='ocr_par' dir='ltr' id='par_1_36' title="bbox 231 1918 1813 1992">
     <span class='ocr_line' id='line_1_36' title="bbox 231 1918 1813 1992; baseline 0.001 -20"><span class='ocrx_word' id='word_1_262' title='bbox 231 1919 308 1973; x_wconf 88' lang='grc' dir='ltr'>τό·</span> <span class='ocrx_word' id='word_1_263' title='bbox 342 1938 360 1971; x_wconf 81' lang='grc' dir='ltr'><strong>ι</strong></span> <span class='ocrx_word' id='word_1_264' title='bbox 392 1920 505 1973; x_wconf 88' lang='grc' dir='ltr'>Νῦν</span> <span class='ocrx_word' id='word_1_265' title='bbox 538 1920 595 1974; x_wconf 82' lang='grc' dir='ltr'>δὲ</span> <span class='ocrx_word' id='word_1_266' title='bbox 640 1919 851 1973; x_wconf 77' lang='grc' dir='ltr'>οὐδέπω</span> <span class='ocrx_word' id='word_1_267' title='bbox 888 1918 1103 1992; x_wconf 79' lang='grc' dir='ltr'>ὁρῶμεν</span> <span class='ocrx_word' id='word_1_268' title='bbox 1130 1919 1277 1991; x_wconf 81' lang='grc' dir='ltr'>αὐτῷ</span> <span class='ocrx_word' id='word_1_269' title='bbox 1302 1918 1371 1973; x_wconf 85' lang='grc' dir='ltr'>τὰ</span> <span class='ocrx_word' id='word_1_270' title='bbox 1418 1919 1595 1974; x_wconf 88' lang='grc' dir='ltr'>πάντα</span> <span class='ocrx_word' id='word_1_271' title='bbox 1622 1922 1813 1975; x_wconf 86' lang='grc' dir='ltr'>ὑποτε-</span> 
     </span>
    </p>
   </div>
   <div class='ocr_carea' id='block_1_37' title="bbox 231 2012 1810 2085">
    <p class='ocr_par' dir='ltr' id='par_1_37' title="bbox 231 2012 1810 2085">
     <span class='ocr_line' id='line_1_37' title="bbox 231 2012 1810 2085; baseline -0.001 -18"><span class='ocrx_word' id='word_1_272' title='bbox 231 2014 494 2084; x_wconf 85' lang='grc' dir='ltr'>ταγμένα.</span> <span class='ocrx_word' id='word_1_273' title='bbox 521 2013 627 2067; x_wconf 86' lang='grc' dir='ltr'>Τὸν</span> <span class='ocrx_word' id='word_1_274' title='bbox 654 2013 710 2067; x_wconf 84' lang='grc' dir='ltr'>δὲ</span> <span class='ocrx_word' id='word_1_275' title='bbox 745 2012 916 2085; x_wconf 86' lang='grc' dir='ltr'>βραχύ</span> <span class='ocrx_word' id='word_1_276' title='bbox 964 2031 1018 2067; x_wconf 90' lang='grc' dir='ltr'><strong>τι</strong></span> <span class='ocrx_word' id='word_1_277' title='bbox 1074 2014 1203 2084; x_wconf 85' lang='grc' dir='ltr'>παρ’</span> <span class='ocrx_word' id='word_1_278' title='bbox 1244 2012 1511 2082; x_wconf 79' lang='grc' dir='ltr'><strong>ἀγγέλους</strong></span> <span class='ocrx_word' id='word_1_279' title='bbox 1566 2013 1810 2082; x_wconf 70' lang='grc' dir='ltr'>ἠλαττω-</span> 
     </span>
    </p>
   </div>
   <div class='ocr_carea' id='block_1_38' title="bbox 235 2103 1808 2178">
    <p class='ocr_par' dir='ltr' id='par_1_38' title="bbox 235 2103 1808 2178">
     <span class='ocr_line' id='line_1_38' title="bbox 235 2103 1808 2178; baseline -0.001 -19"><span class='ocrx_word' id='word_1_280' title='bbox 235 2106 392 2178; x_wconf 84' lang='grc' dir='ltr'>μένον</span> <span class='ocrx_word' id='word_1_281' title='bbox 414 2105 682 2178; x_wconf 80' lang='grc' dir='ltr'>βλέπομεν</span> <span class='ocrx_word' id='word_1_282' title='bbox 715 2105 944 2178; x_wconf 85' lang='grc' dir='ltr'>Ἰησοῦν,</span> <span class='ocrx_word' id='word_1_283' title='bbox 970 2105 1056 2160; x_wconf 80' lang='grc' dir='ltr'><strong>διὰ</strong></span> <span class='ocrx_word' id='word_1_284' title='bbox 1083 2106 1142 2159; x_wconf 85' lang='grc' dir='ltr'>τὸ</span> <span class='ocrx_word' id='word_1_285' title='bbox 1172 2106 1403 2177; x_wconf 83' lang='grc' dir='ltr'>πάθημα</span> <span class='ocrx_word' id='word_1_286' title='bbox 1434 2104 1528 2158; x_wconf 91' lang='grc' dir='ltr'><strong>τοῦ</strong></span> <span class='ocrx_word' id='word_1_287' title='bbox 1557 2103 1808 2168; x_wconf 81' lang='grc' dir='ltr'>Θανάτου,</span> 
     </span>
    </p>
   </div>
   <div class='ocr_carea' id='block_1_39' title="bbox 230 2195 1810 2273">
    <p class='ocr_par' dir='ltr' id='par_1_39' title="bbox 230 2195 1810 2273">
     <span class='ocr_line' id='line_1_39' title="bbox 230 2195 1810 2273; baseline -0.003 -21"><span class='ocrx_word' id='word_1_288' title='bbox 230 2197 357 2273; x_wconf 75' lang='grc' dir='ltr'>δόξῃ</span> <span class='ocrx_word' id='word_1_289' title='bbox 390 2198 485 2251; x_wconf 72' lang='grc' dir='ltr'>καὶ</span> <span class='ocrx_word' id='word_1_290' title='bbox 514 2201 647 2270; x_wconf 88' lang='grc' dir='ltr'>τιμῇ</span> <span class='ocrx_word' id='word_1_291' title='bbox 679 2198 1176 2269; x_wconf 73' lang='grc' dir='ltr'>ἐστεφανωμένον.»</span> <span class='ocrx_word' id='word_1_292' title='bbox 1215 2195 1373 2250; x_wconf 83' lang='grc' dir='ltr'>Εἴποι</span> <span class='ocrx_word' id='word_1_293' title='bbox 1414 2196 1458 2249; x_wconf 83' lang='grc' dir='ltr'>δ’</span> <span class='ocrx_word' id='word_1_294' title='bbox 1504 2196 1568 2251; x_wconf 79' lang='grc' dir='ltr'>ἄν</span> <span class='ocrx_word' id='word_1_295' title='bbox 1610 2213 1693 2259; x_wconf 90' lang='grc' dir='ltr'><strong>τις</strong></span> <span class='ocrx_word' id='word_1_296' title='bbox 1737 2195 1810 2265; x_wconf 82' lang='grc' dir='ltr'>μὴ</span> 
     </span>
    </p>
   </div>
   <div class='ocr_carea' id='block_1_40' title="bbox 237 2285 1811 2359">
    <p class='ocr_par' dir='ltr' id='par_1_40' title="bbox 237 2285 1811 2359">
     <span class='ocr_line' id='line_1_40' title="bbox 237 2285 1811 2359; baseline -0.001 -18"><span class='ocrx_word' id='word_1_297' title='bbox 237 2287 394 2359; x_wconf 88' lang='grc' dir='ltr'>μόνον</span> <span class='ocrx_word' id='word_1_298' title='bbox 417 2286 505 2341; x_wconf 82' lang='grc' dir='ltr'><strong>διὰ</strong></span> <span class='ocrx_word' id='word_1_299' title='bbox 535 2287 596 2340; x_wconf 85' lang='grc' dir='ltr'><strong>τὸ</strong></span> <span class='ocrx_word' id='word_1_300' title='bbox 625 2285 854 2359; x_wconf 85' lang='grc' dir='ltr'>πάθημα</span> <span class='ocrx_word' id='word_1_301' title='bbox 876 2285 967 2340; x_wconf 84' lang='grc' dir='ltr'><strong>τοῦ</strong></span> <span class='ocrx_word' id='word_1_302' title='bbox 992 2287 1247 2345; x_wconf 86' lang='grc' dir='ltr'>θανάτου.</span> <span class='ocrx_word' id='word_1_303' title='bbox 1275 2286 1410 2341; x_wconf 81' lang='grc' dir='ltr'><strong>ἀλλὰ</strong></span> <span class='ocrx_word' id='word_1_304' title='bbox 1435 2286 1529 2340; x_wconf 79' lang='grc' dir='ltr'><strong>καὶ</strong></span> <span class='ocrx_word' id='word_1_305' title='bbox 1560 2287 1627 2340; x_wconf 81' lang='grc' dir='ltr'>δι’</span> <span class='ocrx_word' id='word_1_306' title='bbox 1644 2286 1811 2357; x_wconf 80' lang='grc' dir='ltr'>αὐτὴν</span> 
     </span>
    </p>
   </div>
   <div class='ocr_carea' id='block_1_41' title="bbox 232 2377 1812 2451">
    <p class='ocr_par' dir='ltr' id='par_1_41' title="bbox 232 2377 1812 2451">
     <span class='ocr_line' id='line_1_41' title="bbox 232 2377 1812 2451; baseline -0.002 -18"><span class='ocrx_word' id='word_1_307' title='bbox 232 2378 330 2451; x_wconf 80' lang='grc' dir='ltr'><strong>τὴν</strong></span> <span class='ocrx_word' id='word_1_308' title='bbox 359 2378 771 2451; x_wconf 82' lang='grc' dir='ltr'>ἐνανθρώπησιν</span> <span class='ocrx_word' id='word_1_309' title='bbox 800 2379 966 2433; x_wconf 86' lang='grc' dir='ltr'>αὑτοῦ</span> <span class='ocrx_word' id='word_1_310' title='bbox 1003 2377 1345 2450; x_wconf 76' lang='grc' dir='ltr'>ἠλαττῶσθαι</span> <span class='ocrx_word' id='word_1_311' title='bbox 1369 2378 1532 2432; x_wconf 80' lang='grc' dir='ltr'>αὐτὸν</span> <span class='ocrx_word' id='word_1_312' title='bbox 1559 2377 1730 2448; x_wconf 81' lang='grc' dir='ltr'>βραχύ</span> <span class='ocrx_word' id='word_1_313' title='bbox 1759 2394 1812 2430; x_wconf 90' lang='grc' dir='ltr'><strong>τι</strong></span> 
     </span>
    </p>
   </div>
   <div class='ocr_carea' id='block_1_42' title="bbox 236 2470 1809 2544">
    <p class='ocr_par' dir='ltr' id='par_1_42' title="bbox 236 2470 1809 2544">
     <span class='ocr_line' id='line_1_42' title="bbox 236 2470 1809 2544; baseline -0.002 -18"><span class='ocrx_word' id='word_1_314' title='bbox 236 2472 363 2544; x_wconf 81' lang='grc' dir='ltr'>παρ’</span> <span class='ocrx_word' id='word_1_315' title='bbox 390 2472 673 2541; x_wconf 80' lang='grc' dir='ltr'>ἀγγέλους·</span> <span class='ocrx_word' id='word_1_316' title='bbox 735 2491 752 2524; x_wconf 84' lang='grc' dir='ltr'><strong>ι</strong></span> <span class='ocrx_word' id='word_1_317' title='bbox 781 2472 929 2537; x_wconf 88' lang='grc' dir='ltr'>Ὅτε,</span> <span class='ocrx_word' id='word_1_318' title='bbox 967 2472 1024 2525; x_wconf 86' lang='grc' dir='ltr'><strong>ἐν</strong></span> <span class='ocrx_word' id='word_1_319' title='bbox 1086 2474 1264 2544; x_wconf 82' lang='grc' dir='ltr'>μορφῇ</span> <span class='ocrx_word' id='word_1_320' title='bbox 1315 2470 1450 2525; x_wconf 85' lang='grc' dir='ltr'>Θεοῦ</span> <span class='ocrx_word' id='word_1_321' title='bbox 1520 2471 1809 2543; x_wconf 82' lang='grc' dir='ltr'>ὑπάρχων,</span> 
     </span>
    </p>
   </div>
   <div class='ocr_carea' id='block_1_43' title="bbox 231 2558 1814 2634">
    <p class='ocr_par' dir='ltr' id='par_1_43' title="bbox 231 2558 1814 2634">
     <span class='ocr_line' id='line_1_43' title="bbox 231 2558 1814 2634; baseline 0.001 -19"><span class='ocrx_word' id='word_1_322' title='bbox 231 2562 331 2633; x_wconf 82' lang='grc' dir='ltr'><strong>οὐχ</strong></span> <span class='ocrx_word' id='word_1_323' title='bbox 358 2562 649 2634; x_wconf 82' lang='grc' dir='ltr'>ἁρπαγμὸν</span> <span class='ocrx_word' id='word_1_324' title='bbox 682 2563 1027 2633; x_wconf 82' lang='grc' dir='ltr'>ἡγησάμενος</span> <span class='ocrx_word' id='word_1_325' title='bbox 1048 2563 1107 2616; x_wconf 85' lang='grc' dir='ltr'><strong>τὸ</strong></span> <span class='ocrx_word' id='word_1_326' title='bbox 1148 2564 1238 2616; x_wconf 81' lang='grc' dir='ltr'>ἴσα</span> <span class='ocrx_word' id='word_1_327' title='bbox 1262 2561 1381 2633; x_wconf 75' lang='grc' dir='ltr'><strong>Θεῷ</strong></span> <span class='ocrx_word' id='word_1_328' title='bbox 1431 2558 1587 2623; x_wconf 72' lang='grc' dir='ltr'>εἶναι,</span> <span class='ocrx_word' id='word_1_329' title='bbox 1618 2562 1814 2616; x_wconf 84' lang='grc' dir='ltr'>ἐκένω-</span> 
     </span>
    </p>
   </div>
   <div class='ocr_carea' id='block_1_44' title="bbox 236 2651 1811 2728">
    <p class='ocr_par' dir='ltr' id='par_1_44' title="bbox 236 2651 1811 2728">
     <span class='ocr_line' id='line_1_44' title="bbox 236 2651 1811 2728; baseline -0.001 -21"><span class='ocrx_word' id='word_1_330' title='bbox 236 2671 328 2707; x_wconf 90' lang='grc' dir='ltr'><strong>σεν</strong></span> <span class='ocrx_word' id='word_1_331' title='bbox 355 2653 549 2708; x_wconf 82' lang='grc' dir='ltr'>ἐαυτὸν</span> <span class='ocrx_word' id='word_1_332' title='bbox 573 2655 787 2728; x_wconf 84' lang='grc' dir='ltr'>μορφὴν</span> <span class='ocrx_word' id='word_1_333' title='bbox 818 2654 1001 2707; x_wconf 87' lang='grc' dir='ltr'>δούλου</span> <span class='ocrx_word' id='word_1_334' title='bbox 1039 2652 1239 2718; x_wconf 85' lang='grc' dir='ltr'>λαϐὼν,</span> <span class='ocrx_word' id='word_1_335' title='bbox 1281 2672 1299 2706; x_wconf 86' lang='grc'><strong>›</strong></span> <span class='ocrx_word' id='word_1_336' title='bbox 1323 2681 1334 2692; x_wconf 88' lang='grc'><strong>·</strong></span> <span class='ocrx_word' id='word_1_337' title='bbox 1355 2655 1449 2707; x_wconf 74' lang='grc' dir='ltr'><strong>καὶ</strong></span> <span class='ocrx_word' id='word_1_338' title='bbox 1500 2654 1593 2707; x_wconf 76' lang='grc' dir='ltr'><strong>ἐπὶ</strong></span> <span class='ocrx_word' id='word_1_339' title='bbox 1621 2651 1811 2706; x_wconf 86' lang='grc' dir='ltr'>τοσοῦ-</span> 
     </span>
    </p>
   </div>
   <div class='ocr_carea' id='block_1_45' title="bbox 232 2744 1815 2818">
    <p class='ocr_par' dir='ltr' id='par_1_45' title="bbox 232 2744 1815 2818">
     <span class='ocr_line' id='line_1_45' title="bbox 232 2744 1815 2818; baseline 0 -19"><span class='ocrx_word' id='word_1_340' title='bbox 232 2763 325 2800; x_wconf 87' lang='grc' dir='ltr'><strong>τον</strong></span> <span class='ocrx_word' id='word_1_341' title='bbox 346 2746 677 2816; x_wconf 80' lang='grc' dir='ltr'>ἠλάττωσεν,</span> <span class='ocrx_word' id='word_1_342' title='bbox 703 2746 778 2810; x_wconf 86' lang='grc' dir='ltr'>ὡς</span> <span class='ocrx_word' id='word_1_343' title='bbox 827 2747 945 2800; x_wconf 76' lang='grc' dir='ltr'>ἀντὶ</span> <span class='ocrx_word' id='word_1_344' title='bbox 1000 2747 1095 2817; x_wconf 80' lang='grc' dir='ltr'><strong>τῆς</strong></span> <span class='ocrx_word' id='word_1_345' title='bbox 1148 2747 1204 2798; x_wconf 87' lang='grc' dir='ltr'><strong>ἐν</strong></span> <span class='ocrx_word' id='word_1_346' title='bbox 1260 2748 1438 2818; x_wconf 84' lang='grc' dir='ltr'>μορφῇ</span> <span class='ocrx_word' id='word_1_347' title='bbox 1472 2744 1606 2798; x_wconf 82' lang='grc' dir='ltr'>Θεοῦ</span> <span class='ocrx_word' id='word_1_348' title='bbox 1658 2744 1815 2816; x_wconf 80' lang='grc' dir='ltr'>δόξης</span> 
     </span>
    </p>
   </div>
   <div class='ocr_carea' id='block_1_46' title="bbox 232 2836 1817 2909">
    <p class='ocr_par' dir='ltr' id='par_1_46' title="bbox 232 2836 1817 2909">
     <span class='ocr_line' id='line_1_46' title="bbox 232 2836 1817 2909; baseline 0 -19"><span class='ocrx_word' id='word_1_349' title='bbox 232 2836 491 2909; x_wconf 80' lang='grc' dir='ltr'>λεχθῆναι</span> <span class='ocrx_word' id='word_1_350' title='bbox 521 2838 652 2909; x_wconf 67' lang='grc' dir='ltr'>περὶ</span> <span class='ocrx_word' id='word_1_351' title='bbox 683 2837 845 2891; x_wconf 81' lang='grc' dir='ltr'>αὐτοῦ</span> <span class='ocrx_word' id='word_1_352' title='bbox 897 2839 976 2892; x_wconf 88' lang='grc' dir='ltr'>τό·</span> <span class='ocrx_word' id='word_1_353' title='bbox 1021 2858 1039 2888; x_wconf 82' lang='grc' dir='ltr'><strong>ι</strong></span> <span class='ocrx_word' id='word_1_354' title='bbox 1083 2837 1308 2909; x_wconf 79' lang='grc' dir='ltr'>Εἴδομεν</span> <span class='ocrx_word' id='word_1_355' title='bbox 1348 2838 1531 2901; x_wconf 80' lang='grc' dir='ltr'>αὑτὸν,</span> <span class='ocrx_word' id='word_1_356' title='bbox 1584 2837 1676 2891; x_wconf 82' lang='grc' dir='ltr'>καὶ</span> <span class='ocrx_word' id='word_1_357' title='bbox 1716 2838 1817 2891; x_wconf 82' lang='grc' dir='ltr'><strong>οὑκ</strong></span> 
     </span>
    </p>
   </div>
   <div class='ocr_carea' id='block_1_47' title="bbox 235 2924 1818 3002">
    <p class='ocr_par' dir='ltr' id='par_1_47' title="bbox 235 2924 1818 3002">
     <span class='ocr_line' id='line_1_47' title="bbox 235 2924 1818 3002; baseline 0.001 -19"><span class='ocrx_word' id='word_1_358' title='bbox 235 2925 380 3002; x_wconf 78' lang='grc' dir='ltr'>εἶχεν</span> <span class='ocrx_word' id='word_1_359' title='bbox 401 2925 537 2994; x_wconf 76' lang='grc' dir='ltr'>εἶδος</span> <span class='ocrx_word' id='word_1_360' title='bbox 570 2930 691 2983; x_wconf 79' lang='grc' dir='ltr'>οὐδὲ</span> <span class='ocrx_word' id='word_1_361' title='bbox 720 2929 935 2994; x_wconf 85' lang='grc' dir='ltr'>κάλλος.</span> <span class='ocrx_word' id='word_1_362' title='bbox 977 2930 1091 2983; x_wconf 77' lang='grc' dir='ltr'><strong>ἀλλ’</strong></span> <span class='ocrx_word' id='word_1_363' title='bbox 1112 2926 1180 3002; x_wconf 78' lang='grc' dir='ltr'>ἦν</span> <span class='ocrx_word' id='word_1_364' title='bbox 1232 2930 1291 2983; x_wconf 83' lang='grc' dir='ltr'><strong>τὸ</strong></span> <span class='ocrx_word' id='word_1_365' title='bbox 1329 2924 1468 2994; x_wconf 81' lang='grc' dir='ltr'>εἶδος</span> <span class='ocrx_word' id='word_1_366' title='bbox 1507 2930 1669 2983; x_wconf 77' lang='grc' dir='ltr'>αὐτοῦ</span> <span class='ocrx_word' id='word_1_367' title='bbox 1701 2929 1818 2985; x_wconf 81' lang='grc' dir='ltr'>ἄτι-</span> 
     </span>
    </p>
   </div>
   <div class='ocr_carea' id='block_1_48' title="bbox 239 3022 1812 3095">
    <p class='ocr_par' dir='ltr' id='par_1_48' title="bbox 239 3022 1812 3095">
     <span class='ocr_line' id='line_1_48' title="bbox 239 3022 1812 3095; baseline -0.001 -17"><span class='ocrx_word' id='word_1_368' title='bbox 239 3041 362 3095; x_wconf 84' lang='grc' dir='ltr'>μον,</span> <span class='ocrx_word' id='word_1_369' title='bbox 395 3023 489 3078; x_wconf 78' lang='grc' dir='ltr'>καὶ</span> <span class='ocrx_word' id='word_1_370' title='bbox 511 3022 758 3077; x_wconf 74' lang='grc' dir='ltr'>ἐκλεῖπον</span> <span class='ocrx_word' id='word_1_371' title='bbox 788 3024 936 3095; x_wconf 71' lang='grc' dir='ltr'>παρὰ</span> <span class='ocrx_word' id='word_1_372' title='bbox 983 3025 1107 3087; x_wconf 79' lang='grc' dir='ltr'>τοὺς</span> <span class='ocrx_word' id='word_1_373' title='bbox 1139 3025 1287 3087; x_wconf 72' lang='grc' dir='ltr'>υἱοὺς</span> <span class='ocrx_word' id='word_1_374' title='bbox 1320 3022 1427 3076; x_wconf 83' lang='grc' dir='ltr'><strong>τῶν</strong></span> <span class='ocrx_word' id='word_1_375' title='bbox 1457 3022 1812 3094; x_wconf 74' lang='grc' dir='ltr'>ἀνθρώπων-ι</span> 
     </span>
    </p>
   </div>
   <div class='ocr_carea' id='block_1_49' title="bbox 237 3105 1821 3186">
    <p class='ocr_par' dir='ltr' id='par_1_49' title="bbox 237 3105 1821 3186">
     <span class='ocr_line' id='line_1_49' title="bbox 237 3105 1821 3186; baseline 0.001 -19"><span class='ocrx_word' id='word_1_376' title='bbox 237 3111 354 3167; x_wconf 81' lang='grc' dir='ltr'>ἀνθ’</span> <span class='ocrx_word' id='word_1_377' title='bbox 386 3105 461 3165; x_wconf 84' lang='grc' dir='ltr'>ὧν</span> <span class='ocrx_word' id='word_1_378' title='bbox 483 3112 842 3184; x_wconf 83' lang='grc' dir='ltr'>ἀμειϐόμενος</span> <span class='ocrx_word' id='word_1_379' title='bbox 869 3114 897 3165; x_wconf 85' lang='grc' dir='ltr'><strong>ὁ</strong></span> <span class='ocrx_word' id='word_1_380' title='bbox 929 3112 1140 3185; x_wconf 76' lang='grc' dir='ltr'>Πατὴρ,</span> <span class='ocrx_word' id='word_1_381' title='bbox 1180 3133 1198 3165; x_wconf 79' lang='grc' dir='ltr'><strong>ι</strong></span> <span class='ocrx_word' id='word_1_382' title='bbox 1226 3113 1353 3184; x_wconf 82' lang='grc' dir='ltr'><strong>δόξῃ</strong></span> <span class='ocrx_word' id='word_1_383' title='bbox 1383 3114 1478 3167; x_wconf 77' lang='grc' dir='ltr'>καὶ</span> <span class='ocrx_word' id='word_1_384' title='bbox 1503 3117 1635 3186; x_wconf 86' lang='grc' dir='ltr'>τιμῇ</span> <span class='ocrx_word' id='word_1_385' title='bbox 1670 3116 1821 3168; x_wconf 81' lang='grc' dir='ltr'>ἐστ-ε-</span> 
     </span>
    </p>
   </div>
   <div class='ocr_carea' id='block_1_50' title="bbox 1912 1922 3485 1995">
    <p class='ocr_par' dir='ltr' id='par_1_50' title="bbox 1912 1922 3485 1995">
     <span class='ocr_line' id='line_1_50' title="bbox 1912 1922 3485 1995; baseline -0.001 -14"><span class='ocrx_word' id='word_1_386' title='bbox 1912 1934 2091 1981; x_wconf 82' lang='lat' dir='ltr'><strong>autem</strong></span> <span class='ocrx_word' id='word_1_387' title='bbox 2138 1925 2369 1981; x_wconf 90' lang='lat' dir='ltr'><strong>necdum</strong></span> <span class='ocrx_word' id='word_1_388' title='bbox 2412 1926 2661 1982; x_wconf 87' lang='lat' dir='ltr'><strong>videmus</strong></span> <span class='ocrx_word' id='word_1_389' title='bbox 2712 1925 2897 1980; x_wconf 84' lang='lat' dir='ltr'><strong>omnia</strong></span> <span class='ocrx_word' id='word_1_390' title='bbox 2941 1926 3187 1995; x_wconf 82' lang='lat' dir='ltr'><strong>subjecta</strong></span> <span class='ocrx_word' id='word_1_391' title='bbox 3234 1925 3305 1980; x_wconf 91' lang='lat' dir='ltr'><strong>ei.</strong></span> <span class='ocrx_word' id='word_1_392' title='bbox 3343 1922 3485 1980; x_wconf 87' lang='lat' dir='ltr'><strong>Eum</strong></span> 
     </span>
    </p>
   </div>
   <div class='ocr_carea' id='block_1_51' title="bbox 1912 2016 3489 2088">
    <p class='ocr_par' dir='ltr' id='par_1_51' title="bbox 1912 2016 3489 2088">
     <span class='ocr_line' id='line_1_51' title="bbox 1912 2016 3489 2088; baseline 0.001 -17"><span class='ocrx_word' id='word_1_393' title='bbox 1912 2025 2115 2085; x_wconf 86' lang='lat' dir='ltr'><strong>autem,</strong></span> <span class='ocrx_word' id='word_1_394' title='bbox 2142 2017 2236 2088; x_wconf 88' lang='lat' dir='ltr'><strong>qui</strong></span> <span class='ocrx_word' id='word_1_395' title='bbox 2264 2016 2481 2073; x_wconf 90' lang='lat' dir='ltr'><strong>modico</strong></span> <span class='ocrx_word' id='word_1_396' title='bbox 2508 2031 2671 2087; x_wconf 89' lang='lat' dir='ltr'><strong>quam</strong></span> <span class='ocrx_word' id='word_1_397' title='bbox 2713 2017 2891 2087; x_wconf 81' lang='lat' dir='ltr'><strong>angeli</strong></span> <span class='ocrx_word' id='word_1_398' title='bbox 2927 2016 3234 2071; x_wconf 86' lang='lat' dir='ltr'><strong>minoratus</strong></span> <span class='ocrx_word' id='word_1_399' title='bbox 3269 2025 3374 2081; x_wconf 89' lang='lat' dir='ltr'><strong>est,</strong></span> <span class='ocrx_word' id='word_1_400' title='bbox 3406 2018 3489 2074; x_wconf 82' lang='lat' dir='ltr'><strong>vi-</strong></span> 
     </span>
    </p>
   </div>
   <div class='ocr_carea' id='block_1_52' title="bbox 1911 2106 3489 2178">
    <p class='ocr_par' dir='ltr' id='par_1_52' title="bbox 1911 2106 3489 2178">
     <span class='ocr_line' id='line_1_52' title="bbox 1911 2106 3489 2178; baseline -0.001 -14"><span class='ocrx_word' id='word_1_401' title='bbox 1911 2109 2103 2165; x_wconf 92' lang='lat' dir='ltr'><strong>demus</strong></span> <span class='ocrx_word' id='word_1_402' title='bbox 2126 2107 2335 2171; x_wconf 80' lang='lat' dir='ltr'><strong>Jesum,</strong></span> <span class='ocrx_word' id='word_1_403' title='bbox 2373 2115 2598 2178; x_wconf 85' lang='lat' dir='ltr'><strong>propter</strong></span> <span class='ocrx_word' id='word_1_404' title='bbox 2630 2107 2942 2178; x_wconf 88' lang='lat' dir='ltr'><strong>passionem</strong></span> <span class='ocrx_word' id='word_1_405' title='bbox 2979 2107 3194 2170; x_wconf 86' lang='lat' dir='ltr'><strong>mortis,</strong></span> <span class='ocrx_word' id='word_1_406' title='bbox 3230 2106 3401 2177; x_wconf 80' lang='lat' dir='ltr'><strong>gloria</strong></span> <span class='ocrx_word' id='word_1_407' title='bbox 3434 2114 3489 2163; x_wconf 93' lang='lat' dir='ltr'><strong>et</strong></span> 
     </span>
    </p>
   </div>
   <div class='ocr_carea' id='block_1_53' title="bbox 1911 2199 3488 2268">
    <p class='ocr_par' dir='ltr' id='par_1_53' title="bbox 1911 2199 3488 2268">
     <span class='ocr_line' id='line_1_53' title="bbox 1911 2199 3488 2268; baseline 0 -13"><span class='ocrx_word' id='word_1_408' title='bbox 1911 2200 2121 2256; x_wconf 86' lang='lat' dir='ltr'><strong>honore</strong></span> <span class='ocrx_word' id='word_1_409' title='bbox 2150 2211 2471 2256; x_wconf 90' lang='lat' dir='ltr'><strong>coronatum</strong></span> <span class='ocrx_word' id='word_1_410' title='bbox 2497 2202 2562 2255; x_wconf 72' lang='grc' dir='ltr'><strong>ιδ.</strong></span> <span class='ocrx_word' id='word_1_411' title='bbox 2599 2219 2618 2253; x_wconf 76' lang='grc' dir='ltr'><strong>ι</strong></span> <span class='ocrx_word' id='word_1_412' title='bbox 2655 2199 2772 2254; x_wconf 86' lang='lat' dir='ltr'><strong>Dici</strong></span> <span class='ocrx_word' id='word_1_413' title='bbox 2797 2199 2998 2268; x_wconf 88' lang='lat' dir='ltr'><strong>poterit</strong></span> <span class='ocrx_word' id='word_1_414' title='bbox 3031 2213 3139 2253; x_wconf 93' lang='lat' dir='ltr'><strong>non</strong></span> <span class='ocrx_word' id='word_1_415' title='bbox 3174 2206 3384 2253; x_wconf 90' lang='lat' dir='ltr'><strong>tantum</strong></span> <span class='ocrx_word' id='word_1_416' title='bbox 3417 2200 3488 2255; x_wconf 92' lang='lat' dir='ltr'><strong>ob</strong></span> 
     </span>
    </p>
   </div>
   <div class='ocr_carea' id='block_1_54' title="bbox 1911 2279 3485 2362">
    <p class='ocr_par' dir='ltr' id='par_1_54' title="bbox 1911 2279 3485 2362">
     <span class='ocr_line' id='line_1_54' title="bbox 1911 2279 3485 2362; baseline -0.001 -17"><span class='ocrx_word' id='word_1_417' title='bbox 1911 2291 2109 2348; x_wconf 88' lang='lat' dir='ltr'><strong>mortis</strong></span> <span class='ocrx_word' id='word_1_418' title='bbox 2160 2292 2518 2362; x_wconf 83' lang='lat' dir='ltr'><strong>passionem.</strong></span> <span class='ocrx_word' id='word_1_419' title='bbox 2565 2290 2661 2347; x_wconf 88' lang='lat' dir='ltr'><strong>sed</strong></span> <span class='ocrx_word' id='word_1_420' title='bbox 2714 2294 2878 2345; x_wconf 90' lang='lat' dir='ltr'><strong>etiam</strong></span> <span class='ocrx_word' id='word_1_421' title='bbox 2931 2290 3002 2343; x_wconf 89' lang='lat' dir='ltr'><strong>ob</strong></span> <span class='ocrx_word' id='word_1_422' title='bbox 3051 2279 3485 2345; x_wconf 85' lang='lat' dir='ltr'><strong>incarnationem</strong></span> 
     </span>
    </p>
   </div>
   <div class='ocr_carea' id='block_1_55' title="bbox 1914 2381 3489 2453">
    <p class='ocr_par' dir='ltr' id='par_1_55' title="bbox 1914 2381 3489 2453">
     <span class='ocr_line' id='line_1_55' title="bbox 1914 2381 3489 2453; baseline -0.003 -14"><span class='ocrx_word' id='word_1_423' title='bbox 1914 2398 2068 2439; x_wconf 88' lang='lat' dir='ltr'><strong>suam</strong></span> <span class='ocrx_word' id='word_1_424' title='bbox 2092 2397 2216 2439; x_wconf 91' lang='lat' dir='ltr'><strong>eum</strong></span> <span class='ocrx_word' id='word_1_425' title='bbox 2254 2383 2583 2439; x_wconf 89' lang='lat' dir='ltr'><strong>minoratum</strong></span> <span class='ocrx_word' id='word_1_426' title='bbox 2617 2383 2787 2439; x_wconf 80' lang='lat' dir='ltr'><strong>fuisse</strong></span> <span class='ocrx_word' id='word_1_427' title='bbox 2816 2381 2980 2452; x_wconf 89' lang='lat' dir='ltr'><strong>paulo</strong></span> <span class='ocrx_word' id='word_1_428' title='bbox 3017 2381 3196 2437; x_wconf 91' lang='lat' dir='ltr'><strong>minus</strong></span> <span class='ocrx_word' id='word_1_429' title='bbox 3225 2381 3293 2437; x_wconf 92' lang='lat' dir='ltr'><strong>ab</strong></span> <span class='ocrx_word' id='word_1_430' title='bbox 3326 2396 3489 2453; x_wconf 86' lang='lat' dir='ltr'><strong>ange-</strong></span> 
     </span>
    </p>
   </div>
   <div class='ocr_carea' id='block_1_56' title="bbox 1913 2473 3491 2545">
    <p class='ocr_par' dir='ltr' id='par_1_56' title="bbox 1913 2473 3491 2545">
     <span class='ocr_line' id='line_1_56' title="bbox 1913 2473 3491 2545; baseline -0.004 -13"><span class='ocrx_word' id='word_1_431' title='bbox 1913 2479 2018 2533; x_wconf 85' lang='lat' dir='ltr'><strong>lis:</strong></span> <span class='ocrx_word' id='word_1_432' title='bbox 2060 2495 2079 2530; x_wconf 76' lang='grc' dir='ltr'><strong>ι</strong></span> <span class='ocrx_word' id='word_1_433' title='bbox 2110 2476 2244 2532; x_wconf 91' lang='lat' dir='ltr'><strong>Cum</strong></span> <span class='ocrx_word' id='word_1_434' title='bbox 2274 2477 2328 2532; x_wconf 91' lang='lat' dir='ltr'><strong>in</strong></span> <span class='ocrx_word' id='word_1_435' title='bbox 2363 2476 2536 2533; x_wconf 82' lang='lat' dir='ltr'><strong>forma</strong></span> <span class='ocrx_word' id='word_1_436' title='bbox 2568 2475 2663 2533; x_wconf 90' lang='lat' dir='ltr'><strong>Dei</strong></span> <span class='ocrx_word' id='word_1_437' title='bbox 2705 2484 2870 2541; x_wconf 83' lang='lat' dir='ltr'><strong>esset,</strong></span> <span class='ocrx_word' id='word_1_438' title='bbox 2918 2491 3027 2530; x_wconf 92' lang='lat' dir='ltr'><strong>non</strong></span> <span class='ocrx_word' id='word_1_439' title='bbox 3060 2475 3305 2545; x_wconf 91' lang='lat' dir='ltr'><strong>rapinam</strong></span> <span class='ocrx_word' id='word_1_440' title='bbox 3340 2473 3491 2529; x_wconf 84' lang='lat' dir='ltr'><strong>arbi-</strong></span> 
     </span>
    </p>
   </div>
   <div class='ocr_carea' id='block_1_57' title="bbox 1914 2568 3484 2641">
    <p class='ocr_par' dir='ltr' id='par_1_57' title="bbox 1914 2568 3484 2641">
     <span class='ocr_line' id='line_1_57' title="bbox 1914 2568 3484 2641; baseline -0.001 -17"><span class='ocrx_word' id='word_1_441' title='bbox 1914 2577 2090 2624; x_wconf 89' lang='lat' dir='ltr'><strong>tratus</strong></span> <span class='ocrx_word' id='word_1_442' title='bbox 2131 2577 2368 2626; x_wconf 88' lang='lat' dir='ltr'><strong>estesse</strong></span> <span class='ocrx_word' id='word_1_443' title='bbox 2416 2586 2476 2627; x_wconf 93' lang='lat' dir='ltr'><strong>se</strong></span> <span class='ocrx_word' id='word_1_444' title='bbox 2515 2571 2775 2641; x_wconf 68' lang='lat' dir='ltr'><strong>aequalem</strong></span> <span class='ocrx_word' id='word_1_445' title='bbox 2810 2569 2939 2635; x_wconf 90' lang='lat' dir='ltr'><strong>Deo,</strong></span> <span class='ocrx_word' id='word_1_446' title='bbox 2986 2568 3080 2625; x_wconf 86' lang='lat' dir='ltr'><strong>sed</strong></span> <span class='ocrx_word' id='word_1_447' title='bbox 3133 2569 3484 2638; x_wconf 78' lang='lat' dir='ltr'><strong>semetipsum</strong></span> 
     </span>
    </p>
   </div>
   <div class='ocr_carea' id='block_1_58' title="bbox 1915 2660 3488 2731">
    <p class='ocr_par' dir='ltr' id='par_1_58' title="bbox 1915 2660 3488 2731">
     <span class='ocr_line' id='line_1_58' title="bbox 1915 2660 3488 2731; baseline -0.001 -14"><span class='ocrx_word' id='word_1_448' title='bbox 1915 2661 2215 2717; x_wconf 78' lang='lat' dir='ltr'><strong>exinanivit</strong></span> <span class='ocrx_word' id='word_1_449' title='bbox 2260 2661 2487 2717; x_wconf 81' lang='lat' dir='ltr'><strong>formam</strong></span> <span class='ocrx_word' id='word_1_450' title='bbox 2519 2661 2664 2719; x_wconf 89' lang='lat' dir='ltr'><strong>servi</strong></span> <span class='ocrx_word' id='word_1_451' title='bbox 2700 2661 2975 2731; x_wconf 88' lang='lat' dir='ltr'><strong>accipiens</strong></span> <span class='ocrx_word' id='word_1_452' title='bbox 3000 2662 3064 2723; x_wconf 74' lang='lat'><strong>&#39;°,</strong></span> <span class='ocrx_word' id='word_1_453' title='bbox 3099 2682 3116 2711; x_wconf 71' lang='grc' dir='ltr'><strong>ο</strong></span> <span class='ocrx_word' id='word_1_454' title='bbox 3151 2668 3314 2730; x_wconf 88' lang='lat' dir='ltr'><strong>atque</strong></span> <span class='ocrx_word' id='word_1_455' title='bbox 3351 2660 3488 2716; x_wconf 85' lang='lat' dir='ltr'><strong>adeo</strong></span> 
     </span>
    </p>
   </div>
   <div class='ocr_carea' id='block_1_59' title="bbox 1916 2752 3489 2824">
    <p class='ocr_par' dir='ltr' id='par_1_59' title="bbox 1916 2752 3489 2824">
     <span class='ocr_line' id='line_1_59' title="bbox 1916 2752 3489 2824; baseline 0 -17"><span class='ocrx_word' id='word_1_456' title='bbox 1916 2753 2190 2807; x_wconf 82' lang='lat' dir='ltr'><strong>imminuit</strong></span> <span class='ocrx_word' id='word_1_457' title='bbox 2223 2769 2304 2817; x_wconf 90' lang='lat' dir='ltr'><strong>se,</strong></span> <span class='ocrx_word' id='word_1_458' title='bbox 2345 2760 2406 2808; x_wconf 91' lang='lat' dir='ltr'><strong>ut</strong></span> <span class='ocrx_word' id='word_1_459' title='bbox 2433 2767 2541 2807; x_wconf 89' lang='lat' dir='ltr'><strong>non</strong></span> <span class='ocrx_word' id='word_1_460' title='bbox 2562 2753 2674 2822; x_wconf 91' lang='lat' dir='ltr'><strong>jam</strong></span> <span class='ocrx_word' id='word_1_461' title='bbox 2712 2754 2769 2808; x_wconf 91' lang='lat' dir='ltr'><strong>in</strong></span> <span class='ocrx_word' id='word_1_462' title='bbox 2815 2752 2986 2807; x_wconf 84' lang='lat' dir='ltr'><strong>forma</strong></span> <span class='ocrx_word' id='word_1_463' title='bbox 3029 2752 3120 2808; x_wconf 85' lang='lat' dir='ltr'><strong>Dei</strong></span> <span class='ocrx_word' id='word_1_464' title='bbox 3149 2753 3336 2824; x_wconf 74' lang='lat' dir='ltr'><strong>gloria:</strong></span> <span class='ocrx_word' id='word_1_465' title='bbox 3365 2767 3489 2809; x_wconf 87' lang='lat' dir='ltr'><strong>esse</strong></span> 
     </span>
    </p>
   </div>
   <div class='ocr_carea' id='block_1_60' title="bbox 1916 2841 3488 2912">
    <p class='ocr_par' dir='ltr' id='par_1_60' title="bbox 1916 2841 3488 2912">
     <span class='ocr_line' id='line_1_60' title="bbox 1916 2841 3488 2912; baseline -0.001 -16"><span class='ocrx_word' id='word_1_466' title='bbox 1916 2841 2215 2907; x_wconf 90' lang='lat' dir='ltr'><strong>diceretur,</strong></span> <span class='ocrx_word' id='word_1_467' title='bbox 2260 2843 2355 2899; x_wconf 89' lang='lat' dir='ltr'><strong>sed</strong></span> <span class='ocrx_word' id='word_1_468' title='bbox 2384 2862 2397 2898; x_wconf 92' lang='lat'><strong>:</strong></span> <span class='ocrx_word' id='word_1_469' title='bbox 2431 2862 2449 2893; x_wconf 77' lang='grc' dir='ltr'><strong>ι</strong></span> <span class='ocrx_word' id='word_1_470' title='bbox 2481 2841 2736 2900; x_wconf 77' lang='lat' dir='ltr'><strong>Vidimus</strong></span> <span class='ocrx_word' id='word_1_471' title='bbox 2766 2859 2913 2909; x_wconf 86' lang='lat' dir='ltr'><strong>eum,</strong></span> <span class='ocrx_word' id='word_1_472' title='bbox 2948 2851 3135 2898; x_wconf 91' lang='lat' dir='ltr'><strong>etnon</strong></span> <span class='ocrx_word' id='word_1_473' title='bbox 3172 2849 3289 2898; x_wconf 88' lang='lat' dir='ltr'><strong>erat</strong></span> <span class='ocrx_word' id='word_1_474' title='bbox 3329 2856 3488 2912; x_wconf 84' lang='lat' dir='ltr'><strong>aspe-</strong></span> 
     </span>
    </p>
   </div>
   <div class='ocr_carea' id='block_1_61' title="bbox 1918 2934 3493 3007">
    <p class='ocr_par' dir='ltr' id='par_1_61' title="bbox 1918 2934 3493 3007">
     <span class='ocr_line' id='line_1_61' title="bbox 1918 2934 3493 3007; baseline -0.001 -16"><span class='ocrx_word' id='word_1_475' title='bbox 1918 2945 2043 2993; x_wconf 89' lang='lat' dir='ltr'><strong>ctus</strong></span> <span class='ocrx_word' id='word_1_476' title='bbox 2094 2953 2272 3007; x_wconf 87' lang='lat' dir='ltr'><strong>neque</strong></span> <span class='ocrx_word' id='word_1_477' title='bbox 2315 2936 2502 3002; x_wconf 88' lang='lat' dir='ltr'><strong>decor,</strong></span> <span class='ocrx_word' id='word_1_478' title='bbox 2538 2945 2592 2992; x_wconf 91' lang='lat' dir='ltr'><strong>et</strong></span> <span class='ocrx_word' id='word_1_479' title='bbox 2634 2935 3067 2992; x_wconf 82' lang='lat' dir='ltr'><strong>desideravimus</strong></span> <span class='ocrx_word' id='word_1_480' title='bbox 3104 2950 3252 2999; x_wconf 87' lang='lat' dir='ltr'><strong>eum,</strong></span> <span class='ocrx_word' id='word_1_481' title='bbox 3298 2934 3493 3006; x_wconf 86' lang='lat' dir='ltr'><strong>despc-</strong></span> 
     </span>
    </p>
   </div>
   <div class='ocr_carea' id='block_1_62' title="bbox 1918 3024 3494 3091">
    <p class='ocr_par' dir='ltr' id='par_1_62' title="bbox 1918 3024 3494 3091">
     <span class='ocr_line' id='line_1_62' title="bbox 1918 3024 3494 3091; baseline -0.003 -9"><span class='ocrx_word' id='word_1_482' title='bbox 1918 3033 2091 3091; x_wconf 89' lang='lat' dir='ltr'><strong>ctum,</strong></span> <span class='ocrx_word' id='word_1_483' title='bbox 2132 3034 2187 3082; x_wconf 88' lang='lat' dir='ltr'><strong>et</strong></span> <span class='ocrx_word' id='word_1_484' title='bbox 2244 3026 2606 3082; x_wconf 83' lang='lat' dir='ltr'><strong>novissimum</strong></span> <span class='ocrx_word' id='word_1_485' title='bbox 2657 3025 2901 3081; x_wconf 84' lang='lat' dir='ltr'><strong>virorum</strong></span> <span class='ocrx_word' id='word_1_486' title='bbox 2930 3025 2993 3081; x_wconf 86' lang='grc'><strong>¹⁷.</strong></span> <span class='ocrx_word' id='word_1_487' title='bbox 3028 3044 3047 3077; x_wconf 73' lang='grc' dir='ltr'><strong>ι</strong></span> <span class='ocrx_word' id='word_1_488' title='bbox 3081 3024 3283 3079; x_wconf 90' lang='lat' dir='ltr'><strong>Contra</strong></span> <span class='ocrx_word' id='word_1_489' title='bbox 3314 3033 3494 3079; x_wconf 91' lang='lat' dir='ltr'><strong>autem</strong></span> 
     </span>
    </p>
   </div>
   <div class='ocr_carea' id='block_1_63' title="bbox 1921 3117 3499 3190">
    <p class='ocr_par' dir='ltr' id='par_1_63' title="bbox 1921 3117 3499 3190">
     <span class='ocr_line' id='line_1_63' title="bbox 1921 3117 3499 3190; baseline -0.002 -17"><span class='ocrx_word' id='word_1_490' title='bbox 1921 3119 2258 3190; x_wconf 80' lang='lat' dir='ltr'><strong>respondens</strong></span> <span class='ocrx_word' id='word_1_491' title='bbox 2307 3117 2510 3186; x_wconf 89' lang='lat' dir='ltr'><strong>Pater,</strong></span> <span class='ocrx_word' id='word_1_492' title='bbox 2568 3137 2588 3170; x_wconf 77' lang='grc' dir='ltr'><strong>ι</strong></span> <span class='ocrx_word' id='word_1_493' title='bbox 2619 3118 2790 3190; x_wconf 86' lang='lat' dir='ltr'><strong>gloria</strong></span> <span class='ocrx_word' id='word_1_494' title='bbox 2846 3126 2901 3174; x_wconf 86' lang='lat' dir='ltr'><strong>et</strong></span> <span class='ocrx_word' id='word_1_495' title='bbox 2947 3117 3157 3173; x_wconf 88' lang='lat' dir='ltr'><strong>honore</strong></span> <span class='ocrx_word' id='word_1_496' title='bbox 3213 3118 3499 3173; x_wconf 86' lang='lat' dir='ltr'><strong>coronavit</strong></span> 
     </span>
    </p>
   </div>
   <div class='ocr_carea' id='block_1_64' title="bbox 239 3203 1813 3287">
    <p class='ocr_par' dir='ltr' id='par_1_64' title="bbox 239 3203 1813 3278">
     <span class='ocr_line' id='line_1_64' title="bbox 239 3203 1813 3278; baseline 0.001 -20"><span class='ocrx_word' id='word_1_497' title='bbox 239 3203 489 3275; x_wconf 84' lang='grc' dir='ltr'>φάνωσεν</span> <span class='ocrx_word' id='word_1_498' title='bbox 515 3204 697 3258; x_wconf 84' lang='grc' dir='ltr'>αὐτόν·</span> <span class='ocrx_word' id='word_1_499' title='bbox 731 3206 831 3257; x_wconf 85' lang='grc' dir='ltr'><strong>ύπε</strong></span> <span class='ocrx_word' id='word_1_500' title='bbox 843 3203 1095 3276; x_wconf 72' lang='grc' dir='ltr'>ρυψώσας</span> <span class='ocrx_word' id='word_1_501' title='bbox 1124 3205 1219 3258; x_wconf 74' lang='grc' dir='ltr'>καὶ</span> <span class='ocrx_word' id='word_1_502' title='bbox 1277 3205 1642 3277; x_wconf 80' lang='grc' dir='ltr'>χαρισάμενος</span> <span class='ocrx_word' id='word_1_503' title='bbox 1669 3206 1813 3278; x_wconf 79' lang='grc' dir='ltr'>αὐτῷ</span> 
     </span>
    </p>
   </div>
   <div class='ocr_carea' id='block_1_65' title="bbox 1919 3203 3496 3287">
    <p class='ocr_par' dir='ltr' id='par_1_65' title="bbox 1920 3206 3496 3278">
     <span class='ocr_line' id='line_1_65' title="bbox 1920 3206 3496 3278; baseline -0.003 -13"><span class='ocrx_word' id='word_1_504' title='bbox 1920 3225 2044 3265; x_wconf 90' lang='lat' dir='ltr'><strong>eum</strong></span> <span class='ocrx_word' id='word_1_505' title='bbox 2070 3210 2135 3273; x_wconf 77' lang='lat'><strong>&quot;,</strong></span> <span class='ocrx_word' id='word_1_506' title='bbox 2168 3209 2427 3264; x_wconf 80' lang='lat' dir='ltr'><strong>exaltavit</strong></span> <span class='ocrx_word' id='word_1_507' title='bbox 2461 3209 2614 3263; x_wconf 88' lang='lat' dir='ltr'><strong>illum</strong></span> <span class='ocrx_word' id='word_1_508' title='bbox 2647 3216 2701 3265; x_wconf 92' lang='lat' dir='ltr'><strong>et</strong></span> <span class='ocrx_word' id='word_1_509' title='bbox 2729 3208 2952 3263; x_wconf 85' lang='lat' dir='ltr'><strong>donavit</strong></span> <span class='ocrx_word' id='word_1_510' title='bbox 2978 3208 3054 3262; x_wconf 87' lang='lat' dir='ltr'><strong>illi</strong></span> <span class='ocrx_word' id='word_1_511' title='bbox 3085 3222 3306 3272; x_wconf 90' lang='lat' dir='ltr'><strong>nomen,</strong></span> <span class='ocrx_word' id='word_1_512' title='bbox 3349 3206 3496 3278; x_wconf 93' lang='lat' dir='ltr'><strong>quod</strong></span> 
     </span>
    </p>
   </div>
   <div class='ocr_carea' id='block_1_66' title="bbox 229 3295 1820 3370">
    <p class='ocr_par' dir='ltr' id='par_1_66' title="bbox 229 3295 1820 3370">
     <span class='ocr_line' id='line_1_66' title="bbox 229 3295 1820 3370; baseline 0.001 -20"><span class='ocrx_word' id='word_1_513' title='bbox 229 3297 299 3351; x_wconf 78' lang='grc' dir='ltr'><strong>τὸ</strong></span> <span class='ocrx_word' id='word_1_514' title='bbox 324 3295 496 3368; x_wconf 77' lang='grc' dir='ltr'>ὄνομα</span> <span class='ocrx_word' id='word_1_515' title='bbox 526 3296 586 3349; x_wconf 81' lang='grc' dir='ltr'>τὸ</span> <span class='ocrx_word' id='word_1_516' title='bbox 615 3297 751 3370; x_wconf 83' lang='grc' dir='ltr'>ὑπὲρ</span> <span class='ocrx_word' id='word_1_517' title='bbox 782 3298 888 3350; x_wconf 82' lang='grc' dir='ltr'><strong>πᾶν</strong></span> <span class='ocrx_word' id='word_1_518' title='bbox 911 3296 1098 3366; x_wconf 69' lang='grc' dir='ltr'>ὄνομα·</span> <span class='ocrx_word' id='word_1_519' title='bbox 1152 3297 1217 3351; x_wconf 83' lang='grc' dir='ltr'>ἵν’</span> <span class='ocrx_word' id='word_1_520' title='bbox 1249 3299 1306 3351; x_wconf 92' lang='grc' dir='ltr'><strong>ἐν</strong></span> <span class='ocrx_word' id='word_1_521' title='bbox 1334 3296 1410 3368; x_wconf 82' lang='grc' dir='ltr'>τῷ</span> <span class='ocrx_word' id='word_1_522' title='bbox 1446 3297 1670 3368; x_wconf 87' lang='grc' dir='ltr'>ὀνόματι</span> <span class='ocrx_word' id='word_1_523' title='bbox 1718 3299 1820 3369; x_wconf 85' lang='grc' dir='ltr'><strong>Ἰη-</strong></span> 
     </span>
    </p>
   </div>
   <div class='ocr_carea' id='block_1_67' title="bbox 241 3386 1819 3460">
    <p class='ocr_par' dir='ltr' id='par_1_67' title="bbox 241 3386 1819 3460">
     <span class='ocr_line' id='line_1_67' title="bbox 241 3386 1819 3460; baseline 0 -18"><span class='ocrx_word' id='word_1_524' title='bbox 241 3386 338 3442; x_wconf 92' lang='grc' dir='ltr'><strong>σοῦ</strong></span> <span class='ocrx_word' id='word_1_525' title='bbox 370 3391 477 3442; x_wconf 78' lang='grc' dir='ltr'><strong>πᾶν</strong></span> <span class='ocrx_word' id='word_1_526' title='bbox 500 3389 629 3458; x_wconf 86' lang='grc' dir='ltr'>γόνυ</span> <span class='ocrx_word' id='word_1_527' title='bbox 660 3388 853 3460; x_wconf 68' lang='grc' dir='ltr'>κάμψῃ</span> <span class='ocrx_word' id='word_1_528' title='bbox 899 3388 1258 3460; x_wconf 82' lang='grc' dir='ltr'>ἐπουρανίων,</span> <span class='ocrx_word' id='word_1_529' title='bbox 1285 3390 1379 3443; x_wconf 71' lang='grc' dir='ltr'>καὶ</span> <span class='ocrx_word' id='word_1_530' title='bbox 1412 3391 1690 3459; x_wconf 83' lang='grc' dir='ltr'>ἐπιγείων,</span> <span class='ocrx_word' id='word_1_531' title='bbox 1725 3390 1819 3444; x_wconf 77' lang='grc' dir='ltr'><strong>καὶ</strong></span> 
     </span>
    </p>
   </div>
   <div class='ocr_carea' id='block_1_68' title="bbox 238 3480 1819 3555">
    <p class='ocr_par' dir='ltr' id='par_1_68' title="bbox 238 3480 1819 3555">
     <span class='ocr_line' id='line_1_68' title="bbox 238 3480 1819 3555; baseline 0.001 -19"><span class='ocrx_word' id='word_1_532' title='bbox 238 3480 629 3553; x_wconf 80' lang='grc' dir='ltr'>καταχθονίων,</span> <span class='ocrx_word' id='word_1_533' title='bbox 670 3483 763 3536; x_wconf 71' lang='grc' dir='ltr'><strong>καὶ</strong></span> <span class='ocrx_word' id='word_1_534' title='bbox 789 3484 938 3535; x_wconf 81' lang='grc' dir='ltr'>πᾶσα</span> <span class='ocrx_word' id='word_1_535' title='bbox 976 3482 1198 3551; x_wconf 82' lang='grc' dir='ltr'>γλῶσσα</span> <span class='ocrx_word' id='word_1_536' title='bbox 1243 3481 1700 3555; x_wconf 82' lang='grc' dir='ltr'>ἐξομολογήσηται</span> <span class='ocrx_word' id='word_1_537' title='bbox 1737 3484 1819 3537; x_wconf 85' lang='grc' dir='ltr'>ὅτι</span> 
     </span>
    </p>
   </div>
   <div class='ocr_carea' id='block_1_69' title="bbox 237 3574 1816 3649">
    <p class='ocr_par' dir='ltr' id='par_1_69' title="bbox 237 3574 1816 3649">
     <span class='ocr_line' id='line_1_69' title="bbox 237 3574 1816 3649; baseline 0.001 -20"><span class='ocrx_word' id='word_1_538' title='bbox 237 3576 445 3646; x_wconf 81' lang='grc' dir='ltr'>Κύριος</span> <span class='ocrx_word' id='word_1_539' title='bbox 476 3574 680 3647; x_wconf 84' lang='grc' dir='ltr'>Ἰησοῦς</span> <span class='ocrx_word' id='word_1_540' title='bbox 706 3574 937 3647; x_wconf 81' lang='grc' dir='ltr'>Χριστὸς</span> <span class='ocrx_word' id='word_1_541' title='bbox 954 3577 1032 3638; x_wconf 85' lang='grc' dir='ltr'><strong>είς</strong></span> <span class='ocrx_word' id='word_1_542' title='bbox 1059 3574 1215 3641; x_wconf 77' lang='grc' dir='ltr'>δόξαν</span> <span class='ocrx_word' id='word_1_543' title='bbox 1238 3574 1371 3630; x_wconf 87' lang='grc' dir='ltr'>Θεοῦ</span> <span class='ocrx_word' id='word_1_544' title='bbox 1402 3576 1629 3649; x_wconf 84' lang='grc' dir='ltr'>Πατρός.</span> <span class='ocrx_word' id='word_1_545' title='bbox 1646 3597 1664 3628; x_wconf 75' lang='grc' dir='ltr'><strong>ι</strong></span> <span class='ocrx_word' id='word_1_546' title='bbox 1686 3578 1816 3632; x_wconf 84' lang='grc' dir='ltr'>Καί·</span> 
     </span>
    </p>
   </div>
   <div class='ocr_carea' id='block_1_70' title="bbox 246 3666 1821 3740">
    <p class='ocr_par' dir='ltr' id='par_1_70' title="bbox 246 3666 1821 3740">
     <span class='ocr_line' id='line_1_70' title="bbox 246 3666 1821 3740; baseline 0.002 -20"><span class='ocrx_word' id='word_1_547' title='bbox 246 3688 266 3720; x_wconf 75' lang='grc' dir='ltr'><strong>ι</strong></span> <span class='ocrx_word' id='word_1_548' title='bbox 298 3666 618 3739; x_wconf 81' lang='grc' dir='ltr'>Κατέστησε</span> <span class='ocrx_word' id='word_1_549' title='bbox 669 3667 715 3720; x_wconf 81' lang='grc' dir='ltr'>δ’</span> <span class='ocrx_word' id='word_1_550' title='bbox 764 3667 926 3721; x_wconf 75' lang='grc' dir='ltr'>αὑτὸν</span> <span class='ocrx_word' id='word_1_551' title='bbox 957 3666 1049 3720; x_wconf 71' lang='grc' dir='ltr'><strong>ἐπὶ</strong></span> <span class='ocrx_word' id='word_1_552' title='bbox 1091 3666 1158 3720; x_wconf 83' lang='grc' dir='ltr'>τὰ</span> <span class='ocrx_word' id='word_1_553' title='bbox 1185 3666 1321 3739; x_wconf 79' lang='grc' dir='ltr'>ἔργα</span> <span class='ocrx_word' id='word_1_554' title='bbox 1360 3668 1467 3722; x_wconf 87' lang='grc' dir='ltr'>τῶν</span> <span class='ocrx_word' id='word_1_555' title='bbox 1496 3667 1694 3740; x_wconf 83' lang='grc' dir='ltr'>χειρῶν</span> <span class='ocrx_word' id='word_1_556' title='bbox 1726 3669 1821 3723; x_wconf 83' lang='grc' dir='ltr'>αὑ-</span> 
     </span>
    </p>
   </div>
   <div class='ocr_carea' id='block_1_71' title="bbox 237 3759 1822 3833">
    <p class='ocr_par' dir='ltr' id='par_1_71' title="bbox 237 3759 1822 3833">
     <span class='ocr_line' id='line_1_71' title="bbox 237 3759 1822 3833; baseline 0 -18"><span class='ocrx_word' id='word_1_557' title='bbox 237 3760 390 3815; x_wconf 77' lang='grc' dir='ltr'>τοῦ-ι</span> <span class='ocrx_word' id='word_1_558' title='bbox 426 3761 563 3832; x_wconf 84' lang='grc' dir='ltr'>ὅπερ</span> <span class='ocrx_word' id='word_1_559' title='bbox 612 3761 707 3814; x_wconf 58' lang='grc' dir='ltr'><strong>κει.)⁸</strong></span> <span class='ocrx_word' id='word_1_560' title='bbox 755 3759 886 3812; x_wconf 77' lang='grc' dir='ltr'>αὐτὸ</span> <span class='ocrx_word' id='word_1_561' title='bbox 913 3759 991 3831; x_wconf 81' lang='grc' dir='ltr'><strong>τῷ</strong></span> <span class='ocrx_word' id='word_1_562' title='bbox 1026 3760 1122 3830; x_wconf 81' lang='grc' dir='ltr'><strong>μὲν</strong></span> <span class='ocrx_word' id='word_1_563' title='bbox 1154 3760 1247 3813; x_wconf 85' lang='grc' dir='ltr'><strong>τοῦ</strong></span> <span class='ocrx_word' id='word_1_564' title='bbox 1269 3760 1521 3831; x_wconf 80' lang='grc' dir='ltr'>Σωτῆρος</span> <span class='ocrx_word' id='word_1_565' title='bbox 1542 3761 1700 3833; x_wconf 77' lang='grc' dir='ltr'>ἡμῶν</span> <span class='ocrx_word' id='word_1_566' title='bbox 1729 3763 1822 3832; x_wconf 85' lang='grc' dir='ltr'><strong>ἁρ-</strong></span> 
     </span>
    </p>
   </div>
   <div class='ocr_carea' id='block_1_72' title="bbox 244 3850 1821 3923">
    <p class='ocr_par' dir='ltr' id='par_1_72' title="bbox 244 3850 1821 3923">
     <span class='ocr_line' id='line_1_72' title="bbox 244 3850 1821 3923; baseline 0.001 -18"><span class='ocrx_word' id='word_1_567' title='bbox 244 3852 481 3923; x_wconf 75' lang='grc' dir='ltr'>μόζοντα</span> <span class='ocrx_word' id='word_1_568' title='bbox 508 3850 694 3922; x_wconf 78' lang='grc' dir='ltr'>(ζοιτο)</span> <span class='ocrx_word' id='word_1_569' title='bbox 728 3850 1005 3923; x_wconf 87' lang='grc' dir='ltr'>προσώπῳ</span> <span class='ocrx_word' id='word_1_570' title='bbox 1034 3850 1124 3904; x_wconf 77' lang='grc' dir='ltr'>διὰ</span> <span class='ocrx_word' id='word_1_571' title='bbox 1154 3851 1246 3905; x_wconf 82' lang='grc' dir='ltr'><strong>τὸν</strong></span> <span class='ocrx_word' id='word_1_572' title='bbox 1276 3853 1333 3905; x_wconf 90' lang='grc' dir='ltr'><strong>ἐν</strong></span> <span class='ocrx_word' id='word_1_573' title='bbox 1376 3852 1525 3923; x_wconf 75' lang='grc' dir='ltr'>αὐτῷ</span> <span class='ocrx_word' id='word_1_574' title='bbox 1566 3852 1656 3906; x_wconf 74' lang='grc' dir='ltr'>τὸν</span> <span class='ocrx_word' id='word_1_575' title='bbox 1689 3852 1821 3907; x_wconf 77' lang='grc' dir='ltr'>Θεὸν</span> 
     </span>
    </p>
   </div>
   <div class='ocr_carea' id='block_1_73' title="bbox 236 3940 1820 4013">
    <p class='ocr_par' dir='ltr' id='par_1_73' title="bbox 236 3940 1820 4013">
     <span class='ocr_line' id='line_1_73' title="bbox 236 3940 1820 4013; baseline 0.001 -17"><span class='ocrx_word' id='word_1_576' title='bbox 236 3941 436 4012; x_wconf 84' lang='grc' dir='ltr'>Λόγον,</span> <span class='ocrx_word' id='word_1_577' title='bbox 467 3942 648 3995; x_wconf 83' lang='grc' dir='ltr'>οὐκέτι</span> <span class='ocrx_word' id='word_1_578' title='bbox 687 3940 742 3995; x_wconf 81' lang='grc' dir='ltr'>δὲ</span> <span class='ocrx_word' id='word_1_579' title='bbox 780 3943 874 3995; x_wconf 75' lang='grc' dir='ltr'>καὶ</span> <span class='ocrx_word' id='word_1_580' title='bbox 921 3941 999 4012; x_wconf 82' lang='grc' dir='ltr'>τῷ</span> <span class='ocrx_word' id='word_1_581' title='bbox 1029 3941 1263 4013; x_wconf 84' lang='grc' dir='ltr'>τυχόντι,</span> <span class='ocrx_word' id='word_1_582' title='bbox 1292 3941 1347 3995; x_wconf 84' lang='grc' dir='ltr'><strong>εῐ</strong></span> <span class='ocrx_word' id='word_1_583' title='bbox 1399 3959 1463 4011; x_wconf 88' lang='grc' dir='ltr'><strong>γε</strong></span> <span class='ocrx_word' id='word_1_584' title='bbox 1493 3945 1550 3997; x_wconf 85' lang='grc' dir='ltr'><strong>ἐν</strong></span> <span class='ocrx_word' id='word_1_585' title='bbox 1592 3946 1701 4007; x_wconf 89' lang='grc' dir='ltr'>τοῖς</span> <span class='ocrx_word' id='word_1_586' title='bbox 1728 3943 1820 3997; x_wconf 88' lang='grc' dir='ltr'><strong>τοῦ</strong></span> 
     </span>
    </p>
   </div>
   <div class='ocr_carea' id='block_1_74' title="bbox 238 4033 1822 4106">
    <p class='ocr_par' dir='ltr' id='par_1_74' title="bbox 238 4033 1822 4106">
     <span class='ocr_line' id='line_1_74' title="bbox 238 4033 1822 4106; baseline 0.001 -17"><span class='ocrx_word' id='word_1_587' title='bbox 238 4034 381 4089; x_wconf 86' lang='grc' dir='ltr'>Θεοῦ</span> <span class='ocrx_word' id='word_1_588' title='bbox 411 4034 591 4106; x_wconf 76' lang='grc' dir='ltr'>ἔργοις</span> <span class='ocrx_word' id='word_1_589' title='bbox 624 4033 862 4096; x_wconf 75' lang='grc' dir='ltr'>καὶτοὺς</span> <span class='ocrx_word' id='word_1_590' title='bbox 887 4034 1147 4105; x_wconf 74' lang='grc' dir='ltr'>οὐρανοὺς</span> <span class='ocrx_word' id='word_1_591' title='bbox 1178 4034 1534 4105; x_wconf 87' lang='grc' dir='ltr'>καταριθμεῖν</span> <span class='ocrx_word' id='word_1_592' title='bbox 1565 4034 1684 4100; x_wconf 77' lang='grc' dir='ltr'>ἔθος</span> <span class='ocrx_word' id='word_1_593' title='bbox 1712 4038 1822 4101; x_wconf 90' lang='grc' dir='ltr'>τοῖς</span> 
     </span>
    </p>
   </div>
   <div class='ocr_carea' id='block_1_75' title="bbox 243 4124 1821 4198">
    <p class='ocr_par' dir='ltr' id='par_1_75' title="bbox 243 4124 1821 4198">
     <span class='ocr_line' id='line_1_75' title="bbox 243 4124 1821 4198; baseline 0.002 -19"><span class='ocrx_word' id='word_1_594' title='bbox 243 4127 414 4198; x_wconf 79' lang='grc' dir='ltr'>ἱεροῖς</span> <span class='ocrx_word' id='word_1_595' title='bbox 444 4124 642 4194; x_wconf 85' lang='grc' dir='ltr'>λόγοις.</span> <span class='ocrx_word' id='word_1_596' title='bbox 672 4126 813 4180; x_wconf 84' lang='grc' dir='ltr'>κατὰ</span> <span class='ocrx_word' id='word_1_597' title='bbox 842 4125 923 4191; x_wconf 85' lang='grc' dir='ltr'><strong>τὸ,</strong></span> <span class='ocrx_word' id='word_1_598' title='bbox 965 4143 983 4175; x_wconf 83' lang='grc' dir='ltr'><strong>ι</strong></span> <span class='ocrx_word' id='word_1_599' title='bbox 1007 4125 1118 4179; x_wconf 67' lang='grc' dir='ltr'>Καὶ</span> <span class='ocrx_word' id='word_1_600' title='bbox 1170 4124 1306 4197; x_wconf 80' lang='grc' dir='ltr'>ἔργα</span> <span class='ocrx_word' id='word_1_601' title='bbox 1341 4125 1446 4180; x_wconf 84' lang='grc' dir='ltr'><strong>τῶν</strong></span> <span class='ocrx_word' id='word_1_602' title='bbox 1475 4126 1673 4198; x_wconf 83' lang='grc' dir='ltr'>χειρῶν</span> <span class='ocrx_word' id='word_1_603' title='bbox 1729 4145 1821 4182; x_wconf 89' lang='grc' dir='ltr'><strong>σου</strong></span> 
     </span>
    </p>
   </div>
   <div class='ocr_carea' id='block_1_76' title="bbox 239 4215 1823 4288">
    <p class='ocr_par' dir='ltr' id='par_1_76' title="bbox 239 4215 1823 4288">
     <span class='ocr_line' id='line_1_76' title="bbox 239 4215 1823 4288; baseline 0 -16"><span class='ocrx_word' id='word_1_604' title='bbox 239 4216 387 4272; x_wconf 68' lang='grc' dir='ltr'>εἰσιν</span> <span class='ocrx_word' id='word_1_605' title='bbox 406 4219 454 4270; x_wconf 84' lang='grc' dir='ltr'><strong>οί</strong></span> <span class='ocrx_word' id='word_1_606' title='bbox 483 4217 754 4288; x_wconf 69' lang='grc' dir='ltr'>οὐρανοί.»</span> <span class='ocrx_word' id='word_1_607' title='bbox 787 4217 931 4287; x_wconf 83' lang='grc' dir='ltr'>Πρὸς</span> <span class='ocrx_word' id='word_1_608' title='bbox 954 4215 1184 4282; x_wconf 85' lang='grc' dir='ltr'>τούτοις·</span> <span class='ocrx_word' id='word_1_609' title='bbox 1222 4235 1240 4268; x_wconf 81' lang='grc' dir='ltr'><strong>ι</strong></span> <span class='ocrx_word' id='word_1_610' title='bbox 1275 4217 1385 4270; x_wconf 72' lang='grc' dir='ltr'>Καὶ</span> <span class='ocrx_word' id='word_1_611' title='bbox 1415 4218 1589 4272; x_wconf 86' lang='grc' dir='ltr'>πάντα</span> <span class='ocrx_word' id='word_1_612' title='bbox 1620 4219 1823 4272; x_wconf 84' lang='grc' dir='ltr'>ὑπέτα-</span> 
     </span>
    </p>
   </div>
   <div class='ocr_carea' id='block_1_77' title="bbox 242 4306 1824 4381">
    <p class='ocr_par' dir='ltr' id='par_1_77' title="bbox 242 4306 1824 4381">
     <span class='ocr_line' id='line_1_77' title="bbox 242 4306 1824 4381; baseline 0.002 -20"><span class='ocrx_word' id='word_1_613' title='bbox 242 4306 339 4374; x_wconf 82' lang='grc' dir='ltr'>ξεν</span> <span class='ocrx_word' id='word_1_614' title='bbox 370 4309 476 4362; x_wconf 79' lang='grc' dir='ltr'><strong>ὑπὸ</strong></span> <span class='ocrx_word' id='word_1_615' title='bbox 508 4309 634 4372; x_wconf 70' lang='grc' dir='ltr'>τοὺς</span> <span class='ocrx_word' id='word_1_616' title='bbox 660 4308 822 4372; x_wconf 85' lang='grc' dir='ltr'>πόδας</span> <span class='ocrx_word' id='word_1_617' title='bbox 843 4307 1029 4371; x_wconf 81' lang='grc' dir='ltr'>αὐτοῦ,</span> <span class='ocrx_word' id='word_1_618' title='bbox 1077 4308 1325 4381; x_wconf 87' lang='grc' dir='ltr'>πρόϐατα</span> <span class='ocrx_word' id='word_1_619' title='bbox 1367 4310 1462 4363; x_wconf 75' lang='grc' dir='ltr'><strong>καὶ</strong></span> <span class='ocrx_word' id='word_1_620' title='bbox 1498 4308 1626 4380; x_wconf 82' lang='grc' dir='ltr'>βόας</span> <span class='ocrx_word' id='word_1_621' title='bbox 1680 4310 1824 4364; x_wconf 81' lang='grc' dir='ltr'>άπά-</span> 
     </span>
    </p>
   </div>
   <div class='ocr_carea' id='block_1_78' title="bbox 244 4400 1826 4472">
    <p class='ocr_par' dir='ltr' id='par_1_78' title="bbox 244 4400 1826 4472">
     <span class='ocr_line' id='line_1_78' title="bbox 244 4400 1826 4472; baseline 0 -17"><span class='ocrx_word' id='word_1_622' title='bbox 244 4418 372 4466; x_wconf 87' lang='grc' dir='ltr'>σας,</span> <span class='ocrx_word' id='word_1_623' title='bbox 408 4400 489 4454; x_wconf 78' lang='grc' dir='ltr'><strong>ἐτι</strong></span> <span class='ocrx_word' id='word_1_624' title='bbox 510 4400 566 4453; x_wconf 81' lang='grc' dir='ltr'>δὲ</span> <span class='ocrx_word' id='word_1_625' title='bbox 599 4402 692 4454; x_wconf 75' lang='grc' dir='ltr'><strong>καὶ</strong></span> <span class='ocrx_word' id='word_1_626' title='bbox 721 4400 790 4454; x_wconf 82' lang='grc' dir='ltr'>τὰ</span> <span class='ocrx_word' id='word_1_627' title='bbox 839 4402 1007 4470; x_wconf 79' lang='grc' dir='ltr'>κτήνη</span> <span class='ocrx_word' id='word_1_628' title='bbox 1039 4400 1131 4453; x_wconf 89' lang='grc' dir='ltr'><strong>τοῦ</strong></span> <span class='ocrx_word' id='word_1_629' title='bbox 1166 4400 1368 4465; x_wconf 82' lang='grc' dir='ltr'>πεδίου,</span> <span class='ocrx_word' id='word_1_630' title='bbox 1407 4401 1476 4455; x_wconf 86' lang='grc' dir='ltr'>τὰ</span> <span class='ocrx_word' id='word_1_631' title='bbox 1521 4400 1581 4471; x_wconf 79' lang='grc' dir='ltr'><strong>(ι.</strong></span> <span class='ocrx_word' id='word_1_632' title='bbox 1608 4400 1698 4472; x_wconf 73' lang='grc'><strong>20)</strong></span> <span class='ocrx_word' id='word_1_633' title='bbox 1729 4417 1826 4455; x_wconf 78' lang='grc' dir='ltr'>πε-</span> 
     </span>
    </p>
   </div>
   <div class='ocr_carea' id='block_1_79' title="bbox 240 4491 1820 4565">
    <p class='ocr_par' dir='ltr' id='par_1_79' title="bbox 240 4491 1820 4565">
     <span class='ocr_line' id='line_1_79' title="bbox 240 4491 1820 4565; baseline -0.001 -19"><span class='ocrx_word' id='word_1_634' title='bbox 240 4492 405 4546; x_wconf 84' lang='grc' dir='ltr'>τεινὰ</span> <span class='ocrx_word' id='word_1_635' title='bbox 435 4491 528 4545; x_wconf 90' lang='grc' dir='ltr'><strong>τοῦ</strong></span> <span class='ocrx_word' id='word_1_636' title='bbox 561 4492 813 4562; x_wconf 85' lang='grc' dir='ltr'>οὐρανοῦ,</span> <span class='ocrx_word' id='word_1_637' title='bbox 845 4492 1085 4555; x_wconf 72' lang='grc' dir='ltr'>καὶτοὺς</span> <span class='ocrx_word' id='word_1_638' title='bbox 1118 4491 1304 4561; x_wconf 85' lang='grc' dir='ltr'>ἰχθύας</span> <span class='ocrx_word' id='word_1_639' title='bbox 1335 4495 1434 4564; x_wconf 83' lang='grc' dir='ltr'><strong>τῆς</strong></span> <span class='ocrx_word' id='word_1_640' title='bbox 1463 4491 1759 4565; x_wconf 80' lang='grc' dir='ltr'>θαλάσσηςο</span> <span class='ocrx_word' id='word_1_641' title='bbox 1800 4511 1820 4545; x_wconf 71' lang='grc' dir='ltr'><strong>ι</strong></span> 
     </span>
    </p>
   </div>
   <div class='ocr_carea' id='block_1_80' title="bbox 1924 3296 3497 3370">
    <p class='ocr_par' dir='ltr' id='par_1_80' title="bbox 1924 3296 3497 3370">
     <span class='ocr_line' id='line_1_80' title="bbox 1924 3296 3497 3370; baseline -0.003 -14"><span class='ocrx_word' id='word_1_642' title='bbox 1924 3308 2009 3356; x_wconf 91' lang='lat' dir='ltr'><strong>est</strong></span> <span class='ocrx_word' id='word_1_643' title='bbox 2039 3315 2205 3370; x_wconf 89' lang='lat' dir='ltr'><strong>super</strong></span> <span class='ocrx_word' id='word_1_644' title='bbox 2255 3314 2417 3355; x_wconf 89' lang='lat' dir='ltr'><strong>omne</strong></span> <span class='ocrx_word' id='word_1_645' title='bbox 2457 3315 2681 3364; x_wconf 88' lang='lat' dir='ltr'><strong>nomen,</strong></span> <span class='ocrx_word' id='word_1_646' title='bbox 2712 3310 2773 3354; x_wconf 92' lang='lat' dir='ltr'><strong>ut</strong></span> <span class='ocrx_word' id='word_1_647' title='bbox 2820 3300 2874 3353; x_wconf 92' lang='lat' dir='ltr'><strong>in</strong></span> <span class='ocrx_word' id='word_1_648' title='bbox 2919 3299 3140 3354; x_wconf 87' lang='lat' dir='ltr'><strong>nomine</strong></span> <span class='ocrx_word' id='word_1_649' title='bbox 3162 3296 3291 3353; x_wconf 84' lang='lat' dir='ltr'><strong>Jesu</strong></span> <span class='ocrx_word' id='word_1_650' title='bbox 3334 3312 3497 3353; x_wconf 91' lang='lat' dir='ltr'><strong>omne</strong></span> 
     </span>
    </p>
   </div>
   <div class='ocr_carea' id='block_1_81' title="bbox 1925 3390 3495 3464">
    <p class='ocr_par' dir='ltr' id='par_1_81' title="bbox 1925 3390 3495 3464">
     <span class='ocr_line' id='line_1_81' title="bbox 1925 3390 3495 3464; baseline -0.001 -16"><span class='ocrx_word' id='word_1_651' title='bbox 1925 3408 2067 3464; x_wconf 82' lang='lat' dir='ltr'><strong>genu</strong></span> <span class='ocrx_word' id='word_1_652' title='bbox 2101 3390 2355 3447; x_wconf 84' lang='lat' dir='ltr'><strong>ﬂectatur</strong></span> <span class='ocrx_word' id='word_1_653' title='bbox 2381 3391 2715 3456; x_wconf 73' lang='lat' dir='ltr'><strong>cmlcstium,</strong></span> <span class='ocrx_word' id='word_1_654' title='bbox 2740 3390 3108 3456; x_wconf 89' lang='lat' dir='ltr'><strong>terrestrium,</strong></span> <span class='ocrx_word' id='word_1_655' title='bbox 3157 3399 3211 3446; x_wconf 88' lang='lat' dir='ltr'><strong>et</strong></span> <span class='ocrx_word' id='word_1_656' title='bbox 3252 3390 3495 3447; x_wconf 83' lang='lat' dir='ltr'><strong>inferno-</strong></span> 
     </span>
    </p>
   </div>
   <div class='ocr_carea' id='block_1_82' title="bbox 1926 3481 3496 3554">
    <p class='ocr_par' dir='ltr' id='par_1_82' title="bbox 1926 3481 3496 3554">
     <span class='ocr_line' id='line_1_82' title="bbox 1926 3481 3496 3554; baseline 0 -16"><span class='ocrx_word' id='word_1_657' title='bbox 1926 3499 2087 3552; x_wconf 90' lang='lat' dir='ltr'><strong>rum;</strong></span> <span class='ocrx_word' id='word_1_658' title='bbox 2130 3492 2184 3539; x_wconf 92' lang='lat' dir='ltr'><strong>et</strong></span> <span class='ocrx_word' id='word_1_659' title='bbox 2229 3483 2412 3539; x_wconf 90' lang='lat' dir='ltr'><strong>omnis</strong></span> <span class='ocrx_word' id='word_1_660' title='bbox 2449 3483 2635 3554; x_wconf 81' lang='lat' dir='ltr'><strong>lingua</strong></span> <span class='ocrx_word' id='word_1_661' title='bbox 2681 3482 3028 3546; x_wconf 81' lang='lat' dir='ltr'><strong>conﬁteatur,</strong></span> <span class='ocrx_word' id='word_1_662' title='bbox 3073 3482 3200 3553; x_wconf 91' lang='lat' dir='ltr'><strong>quia</strong></span> <span class='ocrx_word' id='word_1_663' title='bbox 3229 3481 3496 3538; x_wconf 91' lang='lat' dir='ltr'><strong>Dominus</strong></span> 
     </span>
    </p>
   </div>
   <div class='ocr_carea' id='block_1_83' title="bbox 1924 3571 3496 3645">
    <p class='ocr_par' dir='ltr' id='par_1_83' title="bbox 1924 3571 3496 3645">
     <span class='ocr_line' id='line_1_83' title="bbox 1924 3571 3496 3645; baseline -0.002 -14"><span class='ocrx_word' id='word_1_664' title='bbox 1924 3574 2086 3633; x_wconf 84' lang='lat' dir='ltr'><strong>Jesus</strong></span> <span class='ocrx_word' id='word_1_665' title='bbox 2131 3575 2384 3631; x_wconf 86' lang='lat' dir='ltr'><strong>Christus</strong></span> <span class='ocrx_word' id='word_1_666' title='bbox 2424 3576 2479 3629; x_wconf 93' lang='lat' dir='ltr'><strong>in</strong></span> <span class='ocrx_word' id='word_1_667' title='bbox 2526 3574 2698 3645; x_wconf 84' lang='lat' dir='ltr'><strong>gloria</strong></span> <span class='ocrx_word' id='word_1_668' title='bbox 2744 3581 2830 3629; x_wconf 90' lang='lat' dir='ltr'><strong>est</strong></span> <span class='ocrx_word' id='word_1_669' title='bbox 2880 3574 2975 3627; x_wconf 91' lang='lat' dir='ltr'><strong>Dei</strong></span> <span class='ocrx_word' id='word_1_670' title='bbox 3019 3571 3203 3627; x_wconf 88' lang='lat' dir='ltr'><strong>Patris</strong></span> <span class='ocrx_word' id='word_1_671' title='bbox 3230 3574 3292 3626; x_wconf 72' lang='grc' dir='ltr'>ιθ.</span> <span class='ocrx_word' id='word_1_672' title='bbox 3332 3593 3350 3625; x_wconf 77' lang='grc' dir='ltr'><strong>ι</strong></span> <span class='ocrx_word' id='word_1_673' title='bbox 3383 3571 3496 3628; x_wconf 76' lang='lat' dir='ltr'><strong>Et:</strong></span> 
     </span>
    </p>
   </div>
   <div class='ocr_carea' id='block_1_84' title="bbox 1931 3663 3492 3735">
    <p class='ocr_par' dir='ltr' id='par_1_84' title="bbox 1931 3663 3492 3735">
     <span class='ocr_line' id='line_1_84' title="bbox 1931 3663 3492 3735; baseline -0.001 -17"><span class='ocrx_word' id='word_1_674' title='bbox 1931 3685 1953 3718; x_wconf 73' lang='grc' dir='ltr'><strong>ι</strong></span> <span class='ocrx_word' id='word_1_675' title='bbox 1982 3664 2283 3722; x_wconf 88' lang='lat' dir='ltr'><strong>Constituit</strong></span> <span class='ocrx_word' id='word_1_676' title='bbox 2308 3681 2433 3720; x_wconf 83' lang='lat' dir='ltr'><strong>eum</strong></span> <span class='ocrx_word' id='word_1_677' title='bbox 2454 3679 2619 3735; x_wconf 90' lang='lat' dir='ltr'><strong>super</strong></span> <span class='ocrx_word' id='word_1_678' title='bbox 2643 3679 2810 3735; x_wconf 82' lang='lat' dir='ltr'><strong>Opera</strong></span> <span class='ocrx_word' id='word_1_679' title='bbox 2832 3678 3095 3719; x_wconf 90' lang='lat' dir='ltr'><strong>manuum</strong></span> <span class='ocrx_word' id='word_1_680' title='bbox 3131 3678 3352 3718; x_wconf 86' lang='lat' dir='ltr'><strong>suarum</strong></span> <span class='ocrx_word' id='word_1_681' title='bbox 3374 3663 3443 3718; x_wconf 78' lang='grc' dir='ltr'><strong>ὀ.</strong></span> <span class='ocrx_word' id='word_1_682' title='bbox 3471 3681 3492 3717; x_wconf 73' lang='grc' dir='ltr'><strong>ι</strong></span> 
     </span>
    </p>
   </div>
   <div class='ocr_carea' id='block_1_85' title="bbox 1927 3755 3499 3829">
    <p class='ocr_par' dir='ltr' id='par_1_85' title="bbox 1927 3755 3499 3829">
     <span class='ocr_line' id='line_1_85' title="bbox 1927 3755 3499 3829; baseline -0.004 -15"><span class='ocrx_word' id='word_1_683' title='bbox 1927 3758 2059 3825; x_wconf 73' lang='lat' dir='ltr'><strong>Quae</strong></span> <span class='ocrx_word' id='word_1_684' title='bbox 2099 3757 2321 3829; x_wconf 88' lang='lat' dir='ltr'><strong>quidem</strong></span> <span class='ocrx_word' id='word_1_685' title='bbox 2375 3757 2677 3814; x_wconf 87' lang='lat' dir='ltr'><strong>Salvatoris</strong></span> <span class='ocrx_word' id='word_1_686' title='bbox 2725 3756 2901 3812; x_wconf 88' lang='lat' dir='ltr'><strong>nostri</strong></span> <span class='ocrx_word' id='word_1_687' title='bbox 2950 3770 3199 3827; x_wconf 81' lang='lat' dir='ltr'><strong>personae</strong></span> <span class='ocrx_word' id='word_1_688' title='bbox 3235 3763 3382 3825; x_wconf 89' lang='lat' dir='ltr'><strong>apta,</strong></span> <span class='ocrx_word' id='word_1_689' title='bbox 3428 3755 3499 3809; x_wconf 90' lang='lat' dir='ltr'><strong>ob</strong></span> 
     </span>
    </p>
   </div>
   <div class='ocr_carea' id='block_1_86' title="bbox 1931 3848 3502 3922">
    <p class='ocr_par' dir='ltr' id='par_1_86' title="bbox 1931 3848 3502 3922">
     <span class='ocr_line' id='line_1_86' title="bbox 1931 3848 3502 3922; baseline -0.001 -19"><span class='ocrx_word' id='word_1_690' title='bbox 1931 3849 2099 3907; x_wconf 89' lang='lat' dir='ltr'><strong>Deum</strong></span> <span class='ocrx_word' id='word_1_691' title='bbox 2129 3848 2371 3905; x_wconf 77' lang='lat' dir='ltr'><strong>Verbum</strong></span> <span class='ocrx_word' id='word_1_692' title='bbox 2402 3850 2549 3922; x_wconf 89' lang='lat' dir='ltr'><strong>quod</strong></span> <span class='ocrx_word' id='word_1_693' title='bbox 2580 3851 2724 3907; x_wconf 89' lang='lat' dir='ltr'><strong>inest</strong></span> <span class='ocrx_word' id='word_1_694' title='bbox 2752 3850 2807 3905; x_wconf 91' lang='lat' dir='ltr'><strong>in</strong></span> <span class='ocrx_word' id='word_1_695' title='bbox 2837 3864 2923 3913; x_wconf 90' lang='lat' dir='ltr'><strong>ea,</strong></span> <span class='ocrx_word' id='word_1_696' title='bbox 2955 3864 3066 3903; x_wconf 92' lang='lat' dir='ltr'><strong>non</strong></span> <span class='ocrx_word' id='word_1_697' title='bbox 3105 3855 3284 3903; x_wconf 87' lang='lat' dir='ltr'><strong>autem</strong></span> <span class='ocrx_word' id='word_1_698' title='bbox 3315 3848 3502 3902; x_wconf 88' lang='lat' dir='ltr'><strong>huma-</strong></span> 
     </span>
    </p>
   </div>
   <div class='ocr_carea' id='block_1_87' title="bbox 1929 3940 3501 4014">
    <p class='ocr_par' dir='ltr' id='par_1_87' title="bbox 1929 3940 3501 4014">
     <span class='ocr_line' id='line_1_87' title="bbox 1929 3940 3501 4014; baseline -0.002 -16"><span class='ocrx_word' id='word_1_699' title='bbox 1929 3959 2014 3998; x_wconf 72' lang='lat' dir='ltr'><strong>na:</strong></span> <span class='ocrx_word' id='word_1_700' title='bbox 2043 3957 2312 4014; x_wconf 73' lang='lat' dir='ltr'><strong>personae,</strong></span> <span class='ocrx_word' id='word_1_701' title='bbox 2363 3943 2409 3998; x_wconf 89' lang='lat' dir='ltr'><strong>si</strong></span> <span class='ocrx_word' id='word_1_702' title='bbox 2446 3941 2666 4013; x_wconf 89' lang='lat' dir='ltr'><strong>quidem</strong></span> <span class='ocrx_word' id='word_1_703' title='bbox 2713 3942 2768 3997; x_wconf 93' lang='lat' dir='ltr'><strong>in</strong></span> <span class='ocrx_word' id='word_1_704' title='bbox 2803 3940 2898 3996; x_wconf 93' lang='lat' dir='ltr'><strong>Dei</strong></span> <span class='ocrx_word' id='word_1_705' title='bbox 2943 3941 3200 4011; x_wconf 86' lang='lat' dir='ltr'><strong>operibus</strong></span> <span class='ocrx_word' id='word_1_706' title='bbox 3243 3955 3501 3995; x_wconf 84' lang='lat' dir='ltr'><strong>annume-</strong></span> 
     </span>
    </p>
   </div>
   <div class='ocr_carea' id='block_1_88' title="bbox 1930 4030 3503 4102">
    <p class='ocr_par' dir='ltr' id='par_1_88' title="bbox 1930 4030 3503 4102">
     <span class='ocr_line' id='line_1_88' title="bbox 1930 4030 3503 4102; baseline -0.002 -14"><span class='ocrx_word' id='word_1_707' title='bbox 1930 4043 2122 4088; x_wconf 90' lang='lat' dir='ltr'><strong>rantur</strong></span> <span class='ocrx_word' id='word_1_708' title='bbox 2158 4032 2307 4099; x_wconf 71' lang='lat' dir='ltr'><strong>cmli,</strong></span> <span class='ocrx_word' id='word_1_709' title='bbox 2339 4041 2401 4087; x_wconf 92' lang='lat' dir='ltr'><strong>ut</strong></span> <span class='ocrx_word' id='word_1_710' title='bbox 2444 4033 2501 4088; x_wconf 93' lang='lat' dir='ltr'><strong>in</strong></span> <span class='ocrx_word' id='word_1_711' title='bbox 2550 4032 2724 4089; x_wconf 89' lang='lat' dir='ltr'><strong>sacris</strong></span> <span class='ocrx_word' id='word_1_712' title='bbox 2776 4030 3079 4102; x_wconf 87' lang='lat' dir='ltr'><strong>Scripturis</strong></span> <span class='ocrx_word' id='word_1_713' title='bbox 3119 4031 3278 4093; x_wconf 88' lang='lat' dir='ltr'><strong>solet,</strong></span> <span class='ocrx_word' id='word_1_714' title='bbox 3311 4046 3503 4087; x_wconf 85' lang='lat' dir='ltr'><strong>secun-</strong></span> 
     </span>
    </p>
   </div>
   <div class='ocr_carea' id='block_1_89' title="bbox 1929 4123 3494 4198">
    <p class='ocr_par' dir='ltr' id='par_1_89' title="bbox 1929 4123 3494 4198">
     <span class='ocr_line' id='line_1_89' title="bbox 1929 4123 3494 4198; baseline -0.004 -15"><span class='ocrx_word' id='word_1_715' title='bbox 1929 4128 2059 4183; x_wconf 90' lang='lat' dir='ltr'><strong>dum</strong></span> <span class='ocrx_word' id='word_1_716' title='bbox 2101 4127 2237 4182; x_wconf 87' lang='lat' dir='ltr'><strong>illud</strong></span> <span class='ocrx_word' id='word_1_717' title='bbox 2271 4147 2285 4182; x_wconf 90' lang='lat'><strong>:</strong></span> <span class='ocrx_word' id='word_1_718' title='bbox 2323 4146 2341 4179; x_wconf 78' lang='grc' dir='ltr'><strong>ι</strong></span> <span class='ocrx_word' id='word_1_719' title='bbox 2366 4126 2542 4198; x_wconf 88' lang='lat' dir='ltr'><strong>Opera</strong></span> <span class='ocrx_word' id='word_1_720' title='bbox 2591 4141 2854 4181; x_wconf 87' lang='lat' dir='ltr'><strong>manuum</strong></span> <span class='ocrx_word' id='word_1_721' title='bbox 2895 4123 3017 4194; x_wconf 89' lang='lat' dir='ltr'><strong>ejus</strong></span> <span class='ocrx_word' id='word_1_722' title='bbox 3051 4134 3181 4180; x_wconf 90' lang='lat' dir='ltr'><strong>sunt</strong></span> <span class='ocrx_word' id='word_1_723' title='bbox 3228 4124 3441 4179; x_wconf 66' lang='lat' dir='ltr'><strong>caeli”.</strong></span> <span class='ocrx_word' id='word_1_724' title='bbox 3475 4142 3494 4175; x_wconf 75' lang='grc' dir='ltr'><strong>ι</strong></span> 
     </span>
    </p>
   </div>
   <div class='ocr_carea' id='block_1_90' title="bbox 1928 4211 3503 4289">
    <p class='ocr_par' dir='ltr' id='par_1_90' title="bbox 1928 4211 3503 4289">
     <span class='ocr_line' id='line_1_90' title="bbox 1928 4211 3503 4289; baseline -0.004 -15"><span class='ocrx_word' id='word_1_725' title='bbox 1928 4219 2061 4277; x_wconf 89' lang='lat' dir='ltr'><strong>Post</strong></span> <span class='ocrx_word' id='word_1_726' title='bbox 2105 4220 2223 4275; x_wconf 75' lang='lat' dir='ltr'><strong>haec</strong></span> <span class='ocrx_word' id='word_1_727' title='bbox 2255 4218 2481 4289; x_wconf 84' lang='lat' dir='ltr'><strong>adjicit:</strong></span> <span class='ocrx_word' id='word_1_728' title='bbox 2519 4237 2537 4271; x_wconf 77' lang='grc' dir='ltr'><strong>ι</strong></span> <span class='ocrx_word' id='word_1_729' title='bbox 2567 4215 2762 4273; x_wconf 91' lang='lat' dir='ltr'><strong>Omnia</strong></span> <span class='ocrx_word' id='word_1_730' title='bbox 2814 4215 3097 4286; x_wconf 88' lang='lat' dir='ltr'><strong>subjecisti</strong></span> <span class='ocrx_word' id='word_1_731' title='bbox 3145 4214 3247 4269; x_wconf 93' lang='lat' dir='ltr'><strong>sub</strong></span> <span class='ocrx_word' id='word_1_732' title='bbox 3272 4211 3503 4285; x_wconf 75' lang='lat' dir='ltr'><strong>pedibus</strong></span> 
     </span>
    </p>
   </div>
   <div class='ocr_carea' id='block_1_91' title="bbox 1931 4305 3502 4382">
    <p class='ocr_par' dir='ltr' id='par_1_91' title="bbox 1931 4305 3502 4382">
     <span class='ocr_line' id='line_1_91' title="bbox 1931 4305 3502 4382; baseline -0.006 -18"><span class='ocrx_word' id='word_1_733' title='bbox 1931 4311 2073 4382; x_wconf 89' lang='lat' dir='ltr'><strong>ejus,</strong></span> <span class='ocrx_word' id='word_1_734' title='bbox 2117 4325 2246 4365; x_wconf 87' lang='lat' dir='ltr'><strong>oves</strong></span> <span class='ocrx_word' id='word_1_735' title='bbox 2292 4318 2347 4365; x_wconf 94' lang='lat' dir='ltr'><strong>et</strong></span> <span class='ocrx_word' id='word_1_736' title='bbox 2396 4309 2564 4364; x_wconf 89' lang='lat' dir='ltr'><strong>boves</strong></span> <span class='ocrx_word' id='word_1_737' title='bbox 2600 4307 2907 4369; x_wconf 83' lang='lat' dir='ltr'><strong>universas,</strong></span> <span class='ocrx_word' id='word_1_738' title='bbox 2952 4305 3178 4373; x_wconf 71' lang='lat' dir='ltr'><strong>insuper</strong></span> <span class='ocrx_word' id='word_1_739' title='bbox 3220 4308 3274 4357; x_wconf 88' lang='lat' dir='ltr'><strong>et</strong></span> <span class='ocrx_word' id='word_1_740' title='bbox 3306 4315 3502 4371; x_wconf 87' lang='lat' dir='ltr'><strong>pecora</strong></span> 
     </span>
    </p>
   </div>
   <div class='ocr_carea' id='block_1_92' title="bbox 1932 4394 3503 4473">
    <p class='ocr_par' dir='ltr' id='par_1_92' title="bbox 1932 4394 3503 4473">
     <span class='ocr_line' id='line_1_92' title="bbox 1932 4394 3503 4473; baseline -0.006 -16"><span class='ocrx_word' id='word_1_741' title='bbox 1932 4403 2142 4473; x_wconf 86' lang='lat' dir='ltr'><strong>campi;</strong></span> <span class='ocrx_word' id='word_1_742' title='bbox 2173 4401 2423 4456; x_wconf 90' lang='lat' dir='ltr'><strong>volucres</strong></span> <span class='ocrx_word' id='word_1_743' title='bbox 2458 4399 2581 4455; x_wconf 72' lang='lat' dir='ltr'><strong>cmli</strong></span> <span class='ocrx_word' id='word_1_744' title='bbox 2611 4408 2665 4454; x_wconf 92' lang='lat' dir='ltr'><strong>et</strong></span> <span class='ocrx_word' id='word_1_745' title='bbox 2694 4397 2876 4469; x_wconf 90' lang='lat' dir='ltr'><strong>pisces</strong></span> <span class='ocrx_word' id='word_1_746' title='bbox 2908 4398 3098 4459; x_wconf 90' lang='lat' dir='ltr'><strong>maris,</strong></span> <span class='ocrx_word' id='word_1_747' title='bbox 3148 4394 3240 4464; x_wconf 91' lang='lat' dir='ltr'><strong>qui</strong></span> <span class='ocrx_word' id='word_1_748' title='bbox 3284 4410 3503 4464; x_wconf 89' lang='lat' dir='ltr'><strong>peram-</strong></span> 
     </span>
    </p>
   </div>
   <div class='ocr_carea' id='block_1_93' title="bbox 1930 4486 3506 4556">
    <p class='ocr_par' dir='ltr' id='par_1_93' title="bbox 1930 4486 3506 4556">
     <span class='ocr_line' id='line_1_93' title="bbox 1930 4486 3506 4556; baseline -0.005 -7"><span class='ocrx_word' id='word_1_749' title='bbox 1930 4493 2124 4549; x_wconf 87' lang='lat' dir='ltr'><strong>bulant</strong></span> <span class='ocrx_word' id='word_1_750' title='bbox 2159 4492 2386 4547; x_wconf 87' lang='lat' dir='ltr'><strong>semitas</strong></span> <span class='ocrx_word' id='word_1_751' title='bbox 2416 4491 2585 4546; x_wconf 90' lang='lat' dir='ltr'><strong>maris</strong></span> <span class='ocrx_word' id='word_1_752' title='bbox 2607 4490 2676 4545; x_wconf 84' lang='grc'><strong>²¹.</strong></span> <span class='ocrx_word' id='word_1_753' title='bbox 2708 4509 2727 4540; x_wconf 72' lang='grc' dir='ltr'><strong>ι</strong></span> <span class='ocrx_word' id='word_1_754' title='bbox 2760 4487 2859 4544; x_wconf 80' lang='lat' dir='ltr'><strong>llis</strong></span> <span class='ocrx_word' id='word_1_755' title='bbox 2884 4486 3141 4542; x_wconf 91' lang='lat' dir='ltr'><strong>videntur</strong></span> <span class='ocrx_word' id='word_1_756' title='bbox 3170 4486 3346 4556; x_wconf 78' lang='lat' dir='ltr'><strong>magis</strong></span> <span class='ocrx_word' id='word_1_757' title='bbox 3375 4486 3506 4541; x_wconf 89' lang='lat' dir='ltr'><strong>alle-</strong></span> 
     </span>
    </p>
   </div>
   <div class='ocr_carea' id='block_1_94' title="bbox 237 4572 1813 4658">
    <p class='ocr_par' dir='ltr' id='par_1_94' title="bbox 237 4572 1813 4654">
     <span class='ocr_line' id='line_1_94' title="bbox 237 4572 1813 4654; baseline 0 -15"><span class='ocrx_word' id='word_1_758' title='bbox 237 4584 316 4639; x_wconf 83' lang='grc' dir='ltr'>δι’</span> <span class='ocrx_word' id='word_1_759' title='bbox 345 4576 421 4637; x_wconf 81' lang='grc' dir='ltr'>ὧν</span> <span class='ocrx_word' id='word_1_760' title='bbox 448 4582 621 4637; x_wconf 77' lang='grc' dir='ltr'>ἔοικεν</span> <span class='ocrx_word' id='word_1_761' title='bbox 655 4580 1155 4654; x_wconf 84' lang='grc' dir='ltr'>ἁλληγορικώτερον</span> <span class='ocrx_word' id='word_1_762' title='bbox 1187 4572 1497 4652; x_wconf 59' lang='grc' dir='ltr'>’δηλοῦσθαι</span> <span class='ocrx_word' id='word_1_763' title='bbox 1545 4583 1655 4637; x_wconf 84' lang='grc' dir='ltr'>τῶν</span> <span class='ocrx_word' id='word_1_764' title='bbox 1714 4585 1813 4639; x_wconf 84' lang='grc' dir='ltr'><strong>ἀλο</strong></span> 
     </span>
    </p>
   </div>
   <div class='ocr_carea' id='block_1_95' title="bbox 1919 4572 3505 4658">
    <p class='ocr_par' dir='ltr' id='par_1_95' title="bbox 1933 4579 3505 4658">
     <span class='ocr_line' id='line_1_95' title="bbox 1933 4579 3505 4658; baseline -0.005 -18"><span class='ocrx_word' id='word_1_765' title='bbox 1933 4585 2116 4658; x_wconf 88' lang='lat' dir='ltr'><strong>gorice</strong></span> <span class='ocrx_word' id='word_1_766' title='bbox 2168 4582 2379 4640; x_wconf 90' lang='lat' dir='ltr'><strong>ostendi</strong></span> <span class='ocrx_word' id='word_1_767' title='bbox 2424 4583 2620 4637; x_wconf 66' lang='lat' dir='ltr'><strong>animae</strong></span> <span class='ocrx_word' id='word_1_768' title='bbox 2662 4581 2862 4645; x_wconf 60' lang='lat' dir='ltr'><strong>stultas,</strong></span> <span class='ocrx_word' id='word_1_769' title='bbox 2918 4587 2972 4635; x_wconf 88' lang='lat' dir='ltr'><strong>et</strong></span> <span class='ocrx_word' id='word_1_770' title='bbox 2995 4579 3505 4650; x_wconf 86' lang='lat' dir='ltr'><strong>quodammodope—</strong></span> 
     </span>
    </p>
   </div>
   <div class='ocr_carea' id='block_1_96' title="bbox 240 4672 1828 4747">
    <p class='ocr_par' dir='ltr' id='par_1_96' title="bbox 240 4672 1828 4747">
     <span class='ocr_line' id='line_1_96' title="bbox 240 4672 1828 4747; baseline 0.001 -19"><span class='ocrx_word' id='word_1_771' title='bbox 240 4675 513 4747; x_wconf 81' lang='grc' dir='ltr'>γωτέρων</span> <span class='ocrx_word' id='word_1_772' title='bbox 534 4674 628 4727; x_wconf 74' lang='grc' dir='ltr'><strong>καὶ</strong></span> <span class='ocrx_word' id='word_1_773' title='bbox 647 4677 737 4727; x_wconf 84' lang='grc' dir='ltr'><strong>τὸν</strong></span> <span class='ocrx_word' id='word_1_774' title='bbox 768 4673 964 4746; x_wconf 87' lang='grc' dir='ltr'>τρόπον</span> <span class='ocrx_word' id='word_1_775' title='bbox 995 4672 1206 4745; x_wconf 87' lang='grc' dir='ltr'>κτηνῶν</span> <span class='ocrx_word' id='word_1_776' title='bbox 1228 4673 1494 4746; x_wconf 83' lang='grc' dir='ltr'>δευτέρων</span> <span class='ocrx_word' id='word_1_777' title='bbox 1542 4675 1748 4747; x_wconf 78' lang='grc' dir='ltr'>ψυχῶν,</span> <span class='ocrx_word' id='word_1_778' title='bbox 1794 4675 1828 4746; x_wconf 71' lang='grc' dir='ltr'>ἢ</span> 
     </span>
    </p>
   </div>
   <div class='ocr_carea' id='block_1_97' title="bbox 1934 4668 3503 4742">
    <p class='ocr_par' dir='ltr' id='par_1_97' title="bbox 1934 4668 3503 4742">
     <span class='ocr_line' id='line_1_97' title="bbox 1934 4668 3503 4742; baseline -0.006 -10"><span class='ocrx_word' id='word_1_779' title='bbox 1934 4678 2154 4733; x_wconf 90' lang='lat' dir='ltr'><strong>coribus</strong></span> <span class='ocrx_word' id='word_1_780' title='bbox 2185 4675 2415 4742; x_wconf 85' lang='lat' dir='ltr'><strong>similes,</strong></span> <span class='ocrx_word' id='word_1_781' title='bbox 2445 4673 2532 4729; x_wconf 90' lang='lat' dir='ltr'><strong>vel</strong></span> <span class='ocrx_word' id='word_1_782' title='bbox 2560 4673 2803 4728; x_wconf 69' lang='lat' dir='ltr'><strong>adversae</strong></span> <span class='ocrx_word' id='word_1_783' title='bbox 2832 4676 3151 4741; x_wconf 88' lang='lat' dir='ltr'><strong>potestates,</strong></span> <span class='ocrx_word' id='word_1_784' title='bbox 3181 4669 3284 4725; x_wconf 89' lang='lat' dir='ltr'><strong>sub</strong></span> <span class='ocrx_word' id='word_1_785' title='bbox 3310 4668 3503 4739; x_wconf 85' lang='lat' dir='ltr'><strong>jugum</strong></span> 
     </span>
    </p>
   </div>
   <div class='ocr_carea' id='block_1_98' title="bbox 243 4763 1813 4838">
    <p class='ocr_par' dir='ltr' id='par_1_98' title="bbox 243 4765 1813 4838">
     <span class='ocr_line' id='line_1_98' title="bbox 243 4765 1813 4838; baseline -0.001 -16"><span class='ocrx_word' id='word_1_786' title='bbox 243 4766 354 4822; x_wconf 75' lang='grc' dir='ltr'>καὶ</span> <span class='ocrx_word' id='word_1_787' title='bbox 382 4765 663 4838; x_wconf 88' lang='grc' dir='ltr'>δυνάμεων</span> <span class='ocrx_word' id='word_1_788' title='bbox 693 4766 1101 4837; x_wconf 79' lang='grc' dir='ltr'>ἀντικειμένων,</span> <span class='ocrx_word' id='word_1_789' title='bbox 1126 4766 1159 4833; x_wconf 81' lang='grc' dir='ltr'>ἠ</span> <span class='ocrx_word' id='word_1_790' title='bbox 1184 4767 1289 4821; x_wconf 79' lang='grc' dir='ltr'>ὑπὸ</span> <span class='ocrx_word' id='word_1_791' title='bbox 1307 4766 1397 4821; x_wconf 73' lang='grc' dir='ltr'>τὸν</span> <span class='ocrx_word' id='word_1_792' title='bbox 1421 4766 1585 4836; x_wconf 78' lang='grc' dir='ltr'>ζυγὸν</span> <span class='ocrx_word' id='word_1_793' title='bbox 1614 4767 1707 4822; x_wconf 74' lang='grc' dir='ltr'><strong>καὶ</strong></span> <span class='ocrx_word' id='word_1_794' title='bbox 1732 4766 1813 4838; x_wconf 64' lang='grc' dir='ltr'>τὴι</span> 
     </span>
    </p>
   </div>
   <div class='ocr_carea' id='block_1_99' title="bbox 1919 4763 2853 4838">
    <p class='ocr_par' dir='ltr' id='par_1_99' title="bbox 1932 4763 2853 4824">
     <span class='ocr_line' id='line_1_99' title="bbox 1932 4763 2853 4824; baseline -0.005 0"><span class='ocrx_word' id='word_1_795' title='bbox 1932 4769 2018 4824; x_wconf 84' lang='lat' dir='ltr'><strong>vel</strong></span> <span class='ocrx_word' id='word_1_796' title='bbox 2051 4768 2279 4824; x_wconf 86' lang='lat' dir='ltr'><strong>rationis</strong></span> <span class='ocrx_word' id='word_1_797' title='bbox 2307 4766 2568 4822; x_wconf 89' lang='lat' dir='ltr'><strong>ditionem</strong></span> <span class='ocrx_word' id='word_1_798' title='bbox 2600 4763 2853 4820; x_wconf 64' lang='lat' dir='ltr'><strong>redactae.</strong></span> 
     </span>
    </p>
   </div>
   <div class='ocr_carea' id='block_1_100' title="bbox 233 4857 1092 4930">
    <p class='ocr_par' dir='ltr' id='par_1_100' title="bbox 233 4857 1092 4930">
     <span class='ocr_line' id='line_1_100' title="bbox 233 4857 1092 4930; baseline 0 -18"><span class='ocrx_word' id='word_1_799' title='bbox 233 4857 353 4930; x_wconf 56' lang='grc' dir='ltr'><strong>¹’τοῦ</strong></span> <span class='ocrx_word' id='word_1_800' title='bbox 381 4857 539 4911; x_wconf 74' lang='grc' dir='ltr'>λόγου</span> <span class='ocrx_word' id='word_1_801' title='bbox 567 4857 807 4912; x_wconf 87' lang='grc' dir='ltr'>δουλείαν</span> <span class='ocrx_word' id='word_1_802' title='bbox 827 4860 1092 4930; x_wconf 82' lang='grc' dir='ltr'>ὑποταγή.</span> 
     </span>
    </p>
   </div>
   <div class='ocr_carea' id='block_1_101' title="bbox 789 4969 1299 5026">
    <p class='ocr_par' dir='ltr' id='par_1_101' title="bbox 789 4969 1299 5026">
     <span class='ocr_line' id='line_1_101' title="bbox 789 4969 1299 5026; baseline 0.008 -5"><span class='ocrx_word' id='word_1_803' title='bbox 789 4969 1180 5023; x_wconf 80' lang='grc' dir='ltr'><strong>ΚΕΦΑΔΑῙΟΝ</strong></span> <span class='ocrx_word' id='word_1_804' title='bbox 1224 4970 1299 5026; x_wconf 88' lang='lat' dir='ltr'><strong>E&#39;.</strong></span> 
     </span>
    </p>
   </div>
   <div class='ocr_carea' id='block_1_102' title="bbox 873 5084 1218 5139">
    <p class='ocr_par' dir='ltr' id='par_1_102' title="bbox 873 5084 1218 5139">
     <span class='ocr_line' id='line_1_102' title="bbox 873 5084 1218 5139; baseline -0.003 0"><span class='ocrx_word' id='word_1_805' title='bbox 873 5084 1123 5139; x_wconf 72' lang='grc' dir='ltr'><strong>Ψαλαοῦ</strong></span> <span class='ocrx_word' id='word_1_806' title='bbox 1151 5087 1218 5139; x_wconf 80' lang='grc' dir='ltr'><strong>θ’.</strong></span> 
     </span>
    </p>
   </div>
   <div class='ocr_carea' id='block_1_103' title="bbox 340 5102 1824 5247">
    <p class='ocr_par' dir='ltr' id='par_1_103' title="bbox 340 5102 1824 5247">
     <span class='ocr_line' id='line_1_103' title="bbox 878 5102 1218 5139; baseline 0 0"><span class='ocrx_word' id='word_1_807' title='bbox 878 5102 1005 5139; x_wconf 56' lang='grc' dir='ltr'>καλ</span> <span class='ocrx_word' id='word_1_808' title='bbox 1052 5103 1123 5139; x_wconf 91' lang='grc' dir='ltr'><strong>ου</strong></span> <span class='ocrx_word' id='word_1_809' title='bbox 1151 5102 1218 5139; x_wconf 73' lang='grc' dir='ltr'><strong>ιγ.</strong></span> 
     </span>
     <span class='ocr_line' id='line_1_104' title="bbox 340 5102 1824 5247; baseline -0.001 -17"><span class='ocrx_word' id='word_1_810' title='bbox 340 5176 411 5230; x_wconf 82' lang='grc' dir='ltr'><strong>Ἦ</strong></span> <span class='ocrx_word' id='word_1_811' title='bbox 441 5175 537 5231; x_wconf 89' lang='grc' dir='ltr'><strong>τοῦ</strong></span> <span class='ocrx_word' id='word_1_812' title='bbox 565 5176 755 5231; x_wconf 77' lang='grc' dir='ltr'>ἐνάτου</span> <span class='ocrx_word' id='word_1_813' title='bbox 775 5175 990 5247; x_wconf 75' lang='grc' dir='ltr'>ψαλμοῦ</span> <span class='ocrx_word' id='word_1_814' title='bbox 1003 5102 1292 5247; x_wconf 52' lang='grc' dir='ltr'>ἔπιγραφὴ</span> <span class='ocrx_word' id='word_1_815' title='bbox 1310 5174 1531 5245; x_wconf 89' lang='grc' dir='ltr'>τοιαύτη</span> <span class='ocrx_word' id='word_1_816' title='bbox 1554 5173 1639 5238; x_wconf 87' lang='grc' dir='ltr'><strong>τίς</strong></span> <span class='ocrx_word' id='word_1_817' title='bbox 1659 5175 1824 5229; x_wconf 85' lang='grc' dir='ltr'>ἐστιν·</span> 
     </span>
    </p>
   </div>
   <div class='ocr_carea' id='block_1_104' title="bbox 256 5256 1825 5340">
    <p class='ocr_par' dir='ltr' id='par_1_104' title="bbox 256 5256 1825 5340">
     <span class='ocr_line' id='line_1_105' title="bbox 256 5256 1825 5340; baseline -0.003 -17"><span class='ocrx_word' id='word_1_818' title='bbox 256 5290 280 5323; x_wconf 74' lang='lat' dir='ltr'><strong>c</strong></span> <span class='ocrx_word' id='word_1_819' title='bbox 310 5268 413 5333; x_wconf 70' lang='grc' dir='ltr'><strong>Εἰς</strong></span> <span class='ocrx_word' id='word_1_820' title='bbox 431 5267 494 5321; x_wconf 79' lang='grc' dir='ltr'>τὸ</span> <span class='ocrx_word' id='word_1_821' title='bbox 512 5267 664 5333; x_wconf 86' lang='grc' dir='ltr'>τέλος</span> <span class='ocrx_word' id='word_1_822' title='bbox 680 5268 819 5340; x_wconf 84' lang='grc' dir='ltr'>ὑπὲρ</span> <span class='ocrx_word' id='word_1_823' title='bbox 843 5267 950 5321; x_wconf 85' lang='grc' dir='ltr'>τῶν</span> <span class='ocrx_word' id='word_1_824' title='bbox 971 5267 1235 5339; x_wconf 81' lang='grc' dir='ltr'>κρυφίων.</span> <span class='ocrx_word' id='word_1_825' title='bbox 1250 5256 1480 5336; x_wconf 75' lang='grc' dir='ltr'>Ψαλμὸς</span> <span class='ocrx_word' id='word_1_826' title='bbox 1494 5265 1573 5337; x_wconf 80' lang='grc' dir='ltr'>τῷ</span> <span class='ocrx_word' id='word_1_827' title='bbox 1613 5264 1792 5319; x_wconf 80' lang='grc' dir='ltr'><strong>Δαυῖδ.</strong></span> <span class='ocrx_word' id='word_1_828' title='bbox 1806 5284 1825 5316; x_wconf 79' lang='grc' dir='ltr'><strong>ι</strong></span> 
     </span>
    </p>
   </div>
   <div class='ocr_carea' id='block_1_105' title="bbox 2548 4961 2888 5021">
    <p class='ocr_par' dir='ltr' id='par_1_105' title="bbox 2548 4961 2888 5021">
     <span class='ocr_line' id='line_1_106' title="bbox 2548 4961 2888 5021; baseline 0 -2"><span class='ocrx_word' id='word_1_829' title='bbox 2548 4961 2781 5021; x_wconf 79' lang='lat' dir='ltr'><strong>CAPUT</strong></span> <span class='ocrx_word' id='word_1_830' title='bbox 2820 4961 2888 5019; x_wconf 74' lang='grc' dir='ltr'>ν.</span> 
     </span>
    </p>
   </div>
   <div class='ocr_carea' id='block_1_106' title="bbox 2487 5077 2959 5148">
    <p class='ocr_par' dir='ltr' id='par_1_106' title="bbox 2487 5077 2959 5148">
     <span class='ocr_line' id='line_1_107' title="bbox 2487 5077 2959 5148; baseline -0.002 -16"><span class='ocrx_word' id='word_1_831' title='bbox 2487 5077 2532 5132; x_wconf 83' lang='lat' dir='ltr'><em>E</em></span> <span class='ocrx_word' id='word_1_832' title='bbox 2559 5079 2764 5148; x_wconf 78' lang='lat' dir='ltr'><strong>psalmo</strong></span> <span class='ocrx_word' id='word_1_833' title='bbox 2799 5095 2959 5133; x_wconf 84' lang='lat' dir='ltr'><strong>nono.</strong></span> 
     </span>
    </p>
   </div>
   <div class='ocr_carea' id='block_1_107' title="bbox 2010 5167 3509 5241">
    <p class='ocr_par' dir='ltr' id='par_1_107' title="bbox 2010 5167 3509 5241">
     <span class='ocr_line' id='line_1_108' title="bbox 2010 5167 3509 5241; baseline 0 -17"><span class='ocrx_word' id='word_1_834' title='bbox 2010 5169 2138 5227; x_wconf 63' lang='lat' dir='ltr'><strong>Hac</strong></span> <span class='ocrx_word' id='word_1_835' title='bbox 2168 5178 2253 5227; x_wconf 89' lang='lat' dir='ltr'><strong>est</strong></span> <span class='ocrx_word' id='word_1_836' title='bbox 2280 5170 2411 5225; x_wconf 92' lang='lat' dir='ltr'><strong>noni</strong></span> <span class='ocrx_word' id='word_1_837' title='bbox 2447 5171 2644 5241; x_wconf 89' lang='lat' dir='ltr'><strong>psalmi</strong></span> <span class='ocrx_word' id='word_1_838' title='bbox 2693 5169 3021 5240; x_wconf 89' lang='lat' dir='ltr'><strong>inscriptio:</strong></span> <span class='ocrx_word' id='word_1_839' title='bbox 3056 5188 3075 5220; x_wconf 84' lang='grc' dir='ltr'><strong>ι</strong></span> <span class='ocrx_word' id='word_1_840' title='bbox 3116 5168 3175 5223; x_wconf 90' lang='lat' dir='ltr'><strong>In</strong></span> <span class='ocrx_word' id='word_1_841' title='bbox 3206 5167 3371 5223; x_wconf 82' lang='lat' dir='ltr'><strong>ﬁnem</strong></span> <span class='ocrx_word' id='word_1_842' title='bbox 3410 5183 3509 5239; x_wconf 83' lang='lat' dir='ltr'><strong>pro</strong></span> 
     </span>
    </p>
   </div>
   <div class='ocr_carea' id='block_1_108' title="bbox 1938 5257 3514 5331">
    <p class='ocr_par' dir='ltr' id='par_1_108' title="bbox 1938 5257 3514 5331">
     <span class='ocr_line' id='line_1_109' title="bbox 1938 5257 3514 5331; baseline 0.002 -19"><span class='ocrx_word' id='word_1_843' title='bbox 1938 5258 2189 5315; x_wconf 85' lang='lat' dir='ltr'><strong>occultis.</strong></span> <span class='ocrx_word' id='word_1_844' title='bbox 2216 5257 2470 5315; x_wconf 88' lang='lat' dir='ltr'><strong>Psalmus</strong></span> <span class='ocrx_word' id='word_1_845' title='bbox 2505 5257 2676 5315; x_wconf 91' lang='lat' dir='ltr'><strong>David</strong></span> <span class='ocrx_word' id='word_1_846' title='bbox 2696 5259 2762 5314; x_wconf 77' lang='lat'><strong>“.</strong></span> <span class='ocrx_word' id='word_1_847' title='bbox 2800 5280 2819 5312; x_wconf 74' lang='grc' dir='ltr'><strong>ι</strong></span> <span class='ocrx_word' id='word_1_848' title='bbox 2861 5259 3223 5331; x_wconf 85' lang='lat' dir='ltr'><strong>Symmachus</strong></span> <span class='ocrx_word' id='word_1_849' title='bbox 3251 5274 3381 5314; x_wconf 89' lang='lat' dir='ltr'><strong>vero</strong></span> <span class='ocrx_word' id='word_1_850' title='bbox 3429 5260 3514 5315; x_wconf 84' lang='lat' dir='ltr'><strong>sic</strong></span> 
     </span>
    </p>
   </div>
   <div class='ocr_carea' id='block_1_109' title="bbox 264 5350 1813 5430">
    <p class='ocr_par' dir='ltr' id='par_1_109' title="bbox 264 5355 1813 5430">
     <span class='ocr_line' id='line_1_110' title="bbox 264 5355 1813 5430; baseline -0.005 -13"><span class='ocrx_word' id='word_1_851' title='bbox 264 5361 418 5418; x_wconf 77' lang='grc' dir='ltr'>’Δνθ’</span> <span class='ocrx_word' id='word_1_852' title='bbox 450 5355 527 5415; x_wconf 80' lang='grc' dir='ltr'>ὧν</span> <span class='ocrx_word' id='word_1_853' title='bbox 553 5360 582 5414; x_wconf 82' lang='grc' dir='ltr'><strong>ὁ</strong></span> <span class='ocrx_word' id='word_1_854' title='bbox 607 5358 898 5430; x_wconf 86' lang='grc' dir='ltr'>Σύμμαχος</span> <span class='ocrx_word' id='word_1_855' title='bbox 955 5357 1267 5422; x_wconf 83' lang='grc' dir='ltr'>ἐκδέδωκεν,</span> <span class='ocrx_word' id='word_1_856' title='bbox 1307 5374 1326 5408; x_wconf 73' lang='grc' dir='ltr'><strong>ι</strong></span> <span class='ocrx_word' id='word_1_857' title='bbox 1362 5356 1655 5411; x_wconf 82' lang='grc' dir='ltr'>Ἐπινίκιον</span> <span class='ocrx_word' id='word_1_858' title='bbox 1706 5357 1813 5427; x_wconf 81' lang='grc' dir='ltr'><strong>περ</strong></span> 
     </span>
    </p>
   </div>
   <div class='ocr_carea' id='block_1_110' title="bbox 1919 5350 3506 5430">
    <p class='ocr_par' dir='ltr' id='par_1_110' title="bbox 1938 5350 3506 5409">
     <span class='ocr_line' id='line_1_111' title="bbox 1938 5350 3506 5409; baseline -0.001 -3"><span class='ocrx_word' id='word_1_859' title='bbox 1938 5351 2147 5408; x_wconf 87' lang='lat' dir='ltr'><strong>edidit:</strong></span> <span class='ocrx_word' id='word_1_860' title='bbox 2181 5371 2201 5404; x_wconf 79' lang='grc' dir='ltr'><strong>ι</strong></span> <span class='ocrx_word' id='word_1_861' title='bbox 2236 5350 2492 5409; x_wconf 70' lang='lat' dir='ltr'><strong>Victoria:</strong></span> <span class='ocrx_word' id='word_1_862' title='bbox 2522 5368 2743 5408; x_wconf 87' lang='lat' dir='ltr'><strong>carmen</strong></span> <span class='ocrx_word' id='word_1_863' title='bbox 2767 5353 2835 5408; x_wconf 90' lang='lat' dir='ltr'><strong>de</strong></span> <span class='ocrx_word' id='word_1_864' title='bbox 2868 5360 3045 5407; x_wconf 89' lang='lat' dir='ltr'><strong>morte</strong></span> <span class='ocrx_word' id='word_1_865' title='bbox 3073 5350 3188 5405; x_wconf 80' lang='lat' dir='ltr'><strong>filii.</strong></span> <span class='ocrx_word' id='word_1_866' title='bbox 3218 5350 3506 5406; x_wconf 87' lang='lat' dir='ltr'><strong>Canticum</strong></span> 
     </span>
    </p>
   </div>
   <div class='ocr_carea' id='block_1_111' title="bbox 250 5443 1832 5523">
    <p class='ocr_par' dir='ltr' id='par_1_111' title="bbox 250 5443 1832 5523">
     <span class='ocr_line' id='line_1_112' title="bbox 250 5443 1832 5523; baseline -0.007 -12"><span class='ocrx_word' id='word_1_867' title='bbox 250 5453 360 5511; x_wconf 77' lang='grc' dir='ltr'><strong>τοῦ</strong></span> <span class='ocrx_word' id='word_1_868' title='bbox 386 5454 617 5508; x_wconf 87' lang='grc' dir='ltr'>θανάτου</span> <span class='ocrx_word' id='word_1_869' title='bbox 642 5453 736 5509; x_wconf 89' lang='grc' dir='ltr'><strong>τοῦ</strong></span> <span class='ocrx_word' id='word_1_870' title='bbox 766 5443 916 5508; x_wconf 79' lang='grc' dir='ltr'>υἱοῦ.’</span> <span class='ocrx_word' id='word_1_871' title='bbox 943 5447 1131 5523; x_wconf 75' lang='grc' dir='ltr'><strong>τᾼσμα</strong></span> <span class='ocrx_word' id='word_1_872' title='bbox 1163 5450 1255 5504; x_wconf 89' lang='grc' dir='ltr'><strong>τοῦ</strong></span> <span class='ocrx_word' id='word_1_873' title='bbox 1286 5450 1464 5504; x_wconf 76' lang='grc' dir='ltr'>Δαυῒδ.</span> <span class='ocrx_word' id='word_1_874' title='bbox 1481 5468 1498 5501; x_wconf 79' lang='grc' dir='ltr'><strong>ι</strong></span> <span class='ocrx_word' id='word_1_875' title='bbox 1546 5449 1760 5520; x_wconf 80' lang='grc' dir='ltr'>Ὠσπερ</span> <span class='ocrx_word' id='word_1_876' title='bbox 1787 5446 1832 5500; x_wconf 84' lang='grc' dir='ltr'>δ’</span> 
     </span>
    </p>
   </div>
   <div class='ocr_carea' id='block_1_112' title="bbox 1940 5442 3515 5516">
    <p class='ocr_par' dir='ltr' id='par_1_112' title="bbox 1940 5442 3515 5516">
     <span class='ocr_line' id='line_1_113' title="bbox 1940 5442 3515 5516; baseline -0.001 -18"><span class='ocrx_word' id='word_1_877' title='bbox 1940 5444 2132 5500; x_wconf 89' lang='lat' dir='ltr'><strong>David.</strong></span> <span class='ocrx_word' id='word_1_878' title='bbox 2166 5464 2185 5498; x_wconf 77' lang='grc' dir='ltr'><strong>ι</strong></span> <span class='ocrx_word' id='word_1_879' title='bbox 2214 5444 2382 5501; x_wconf 87' lang='lat' dir='ltr'><strong>Nobis</strong></span> <span class='ocrx_word' id='word_1_880' title='bbox 2423 5447 2604 5516; x_wconf 91' lang='lat' dir='ltr'><strong>potior</strong></span> <span class='ocrx_word' id='word_1_881' title='bbox 2644 5446 2858 5500; x_wconf 88' lang='lat' dir='ltr'><strong>videtur</strong></span> <span class='ocrx_word' id='word_1_882' title='bbox 2897 5442 3162 5499; x_wconf 82' lang='lat' dir='ltr'><strong>chraica</strong></span> <span class='ocrx_word' id='word_1_883' title='bbox 3206 5444 3369 5500; x_wconf 91' lang='lat' dir='ltr'><strong>lectio</strong></span> <span class='ocrx_word' id='word_1_884' title='bbox 3406 5445 3515 5498; x_wconf 90' lang='lat' dir='ltr'><strong>hoc</strong></span> 
     </span>
    </p>
   </div>
   <div class='ocr_carea' id='block_1_113' title="bbox 249 5537 3439 5616">
    <p class='ocr_par' dir='ltr' id='par_1_113' title="bbox 249 5537 3439 5616">
     <span class='ocr_line' id='line_1_114' title="bbox 249 5537 3439 5616; baseline -0.003 -15"><span class='ocrx_word' id='word_1_885' title='bbox 249 5542 359 5601; x_wconf 77' lang='grc' dir='ltr'><strong>οὖν</strong></span> <span class='ocrx_word' id='word_1_886' title='bbox 385 5546 481 5600; x_wconf 70' lang='grc' dir='ltr'><strong>καὶ</strong></span> <span class='ocrx_word' id='word_1_887' title='bbox 513 5545 712 5616; x_wconf 77' lang='grc' dir='ltr'>μᾶλλον</span> <span class='ocrx_word' id='word_1_888' title='bbox 758 5544 932 5599; x_wconf 76' lang='grc' dir='ltr'>ἔοικεν</span> <span class='ocrx_word' id='word_1_889' title='bbox 983 5543 1126 5615; x_wconf 76' lang='grc' dir='ltr'>ἔχειν</span> <span class='ocrx_word' id='word_1_890' title='bbox 1186 5542 1247 5599; x_wconf 81' lang='grc' dir='ltr'><strong>τὸ</strong></span> <span class='ocrx_word' id='word_1_891' title='bbox 1307 5541 1590 5616; x_wconf 81' lang='grc' dir='ltr'>Ἐϐραῖκὸν</span> <span class='ocrx_word' id='word_1_892' title='bbox 1647 5539 1836 5594; x_wconf 88' lang='grc' dir='ltr'>τοῦτον</span> <span class='ocrx_word' id='word_1_893' title='bbox 1941 5538 2137 5593; x_wconf 88' lang='lat' dir='ltr'><strong>modo:</strong></span> <span class='ocrx_word' id='word_1_894' title='bbox 2172 5538 2510 5610; x_wconf 79' lang='grc' dir='ltr'>Δαμανασσὴ</span> <span class='ocrx_word' id='word_1_895' title='bbox 2537 5537 2777 5610; x_wconf 80' lang='grc' dir='ltr'>Ἀλμαὺθ</span> <span class='ocrx_word' id='word_1_896' title='bbox 2826 5538 2917 5609; x_wconf 79' lang='grc' dir='ltr'><strong>βὲν</strong></span> <span class='ocrx_word' id='word_1_897' title='bbox 2959 5537 3236 5611; x_wconf 82' lang='grc' dir='ltr'>μασμωρά</span> <span class='ocrx_word' id='word_1_898' title='bbox 3258 5537 3439 5593; x_wconf 76' lang='grc' dir='ltr'><strong>Δαυῖδ.</strong></span> 
     </span>
    </p>
   </div>
   <div class='ocr_carea' id='block_1_114' title="bbox 327 5721 1813 5793">
    <p class='ocr_par' dir='ltr' id='par_1_114' title="bbox 327 5725 1813 5793">
     <span class='ocr_line' id='line_1_115' title="bbox 327 5725 1813 5793; baseline -0.003 -9"><span class='ocrx_word' id='word_1_899' title='bbox 327 5728 384 5793; x_wconf 78' lang='lat'><strong>“_</strong></span> <span class='ocrx_word' id='word_1_900' title='bbox 418 5727 780 5791; x_wconf 81' lang='lat' dir='ltr'><strong>Psal.vm,6,</strong></span> <span class='ocrx_word' id='word_1_901' title='bbox 816 5728 872 5782; x_wconf 94' lang='lat'><strong>7.</strong></span> <span class='ocrx_word' id='word_1_902' title='bbox 948 5726 991 5760; x_wconf 75' lang='lat'><em>“</em></span> <span class='ocrx_word' id='word_1_903' title='bbox 1029 5727 1162 5782; x_wconf 83' lang='lat' dir='ltr'><strong>ibid.</strong></span> <span class='ocrx_word' id='word_1_904' title='bbox 1195 5728 1249 5784; x_wconf 89' lang='lat'><strong>8.</strong></span> <span class='ocrx_word' id='word_1_905' title='bbox 1322 5727 1372 5771; x_wconf 13' lang='lat'><strong>7&quot;</strong></span> <span class='ocrx_word' id='word_1_906' title='bbox 1393 5725 1555 5784; x_wconf 86' lang='lat' dir='ltr'><strong>Hebr.</strong></span> <span class='ocrx_word' id='word_1_907' title='bbox 1592 5742 1654 5787; x_wconf 80' lang='grc' dir='ltr'>ιι.</span> <span class='ocrx_word' id='word_1_908' title='bbox 1675 5725 1730 5791; x_wconf 90' lang='grc'>8,</span> <span class='ocrx_word' id='word_1_909' title='bbox 1761 5725 1813 5782; x_wconf 85' lang='lat'><strong>9.</strong></span> 
     </span>
    </p>
   </div>
   <div class='ocr_carea' id='block_1_115' title="bbox 1919 5721 2174 5793">
    <p class='ocr_par' dir='ltr' id='par_1_115' title="bbox 1919 5721 2174 5793">
     <span class='ocr_line' id='line_1_116' title="bbox 1919 5721 2174 5793; baseline -0.008 -15"><span class='ocrx_word' id='word_1_910' title='bbox 1919 5725 1939 5756; x_wconf 85' lang='grc'>⁶</span> <span class='ocrx_word' id='word_1_911' title='bbox 1962 5721 2174 5793; x_wconf 87' lang='lat' dir='ltr'><strong>Philipp</strong></span> 
     </span>
    </p>
   </div>
   <div class='ocr_carea' id='block_1_116' title="bbox 253 5790 883 5871">
    <p class='ocr_par' dir='ltr' id='par_1_116' title="bbox 253 5790 883 5871">
     <span class='ocr_line' id='line_1_117' title="bbox 253 5790 883 5871; baseline -0.006 -14"><span class='ocrx_word' id='word_1_912' title='bbox 253 5802 312 5837; x_wconf 66' lang='grc' dir='ltr'><strong>ιν</strong></span> <span class='ocrx_word' id='word_1_913' title='bbox 351 5790 590 5871; x_wconf 73' lang='lat' dir='ltr'><strong>Philipp.</strong></span> <span class='ocrx_word' id='word_1_914' title='bbox 623 5790 697 5865; x_wconf 85' lang='grc' dir='ltr'><strong>ιι,</strong></span> <span class='ocrx_word' id='word_1_915' title='bbox 729 5797 883 5855; x_wconf 79' lang='lat' dir='ltr'><strong>9-H.</strong></span> 
     </span>
    </p>
   </div>
   <div class='ocr_carea' id='block_1_117' title="bbox 550 5893 1218 5957">
    <p class='ocr_par' dir='ltr' id='par_1_117' title="bbox 550 5893 1218 5957">
     <span class='ocr_line' id='line_1_118' title="bbox 550 5893 1218 5957; baseline 0.001 -3"><span class='ocrx_word' id='word_1_916' title='bbox 550 5893 821 5955; x_wconf 77' lang='lat' dir='ltr'><strong>PA&#39;rnOL.</strong></span> <span class='ocrx_word' id='word_1_917' title='bbox 854 5895 971 5957; x_wconf 79' lang='lat' dir='ltr'><strong>Gn.</strong></span> <span class='ocrx_word' id='word_1_918' title='bbox 1013 5894 1218 5957; x_wconf 79' lang='lat' dir='ltr'><strong>XXII.</strong></span> 
     </span>
    </p>
   </div>
   <div class='ocr_carea' id='block_1_118' title="bbox 2181 5721 3511 5790">
    <p class='ocr_par' dir='ltr' id='par_1_118' title="bbox 2181 5721 3511 5790">
     <span class='ocr_line' id='line_1_119' title="bbox 2181 5721 3511 5790; baseline 0.001 -14"><span class='ocrx_word' id='word_1_919' title='bbox 2181 5762 2194 5776; x_wconf 97' lang='lat'><strong>.</strong></span> <span class='ocrx_word' id='word_1_920' title='bbox 2235 5721 2369 5788; x_wconf 81' lang='lat' dir='ltr'><strong>n.6,</strong></span> <span class='ocrx_word' id='word_1_921' title='bbox 2404 5722 2455 5778; x_wconf 92' lang='lat'><strong>7.</strong></span> <span class='ocrx_word' id='word_1_922' title='bbox 2535 5723 2577 5755; x_wconf 82' lang='lat'>&quot;</span> <span class='ocrx_word' id='word_1_923' title='bbox 2612 5723 2717 5780; x_wconf 87' lang='lat' dir='ltr'><strong>lsa.</strong></span> <span class='ocrx_word' id='word_1_924' title='bbox 2754 5737 2885 5787; x_wconf 85' lang='lat' dir='ltr'><strong>un,</strong></span> <span class='ocrx_word' id='word_1_925' title='bbox 2917 5723 3050 5790; x_wconf 77' lang='lat'><strong>2,3.</strong></span> <span class='ocrx_word' id='word_1_926' title='bbox 3132 5722 3356 5782; x_wconf 76' lang='lat' dir='ltr'><strong>“Hebr.</strong></span> <span class='ocrx_word' id='word_1_927' title='bbox 3375 5738 3437 5789; x_wconf 86' lang='grc' dir='ltr'><strong>ιι,</strong></span> <span class='ocrx_word' id='word_1_928' title='bbox 3461 5722 3511 5777; x_wconf 87' lang='lat'><strong>7.</strong></span> 
     </span>
    </p>
   </div>
   <div class='ocr_carea' id='block_1_119' title="bbox 991 5792 3155 5886">
    <p class='ocr_par' dir='ltr' id='par_1_119' title="bbox 991 5792 3155 5886">
     <span class='ocr_line' id='line_1_120' title="bbox 991 5792 3155 5886; baseline -0.001 -35"><span class='ocrx_word' id='word_1_929' title='bbox 991 5799 1035 5831; x_wconf 78' lang='lat'><strong>&#39;°</strong></span> <span class='ocrx_word' id='word_1_930' title='bbox 1075 5797 1238 5855; x_wconf 85' lang='lat' dir='ltr'><strong>Hebr.</strong></span> <span class='ocrx_word' id='word_1_931' title='bbox 1274 5813 1346 5864; x_wconf 85' lang='grc' dir='ltr'><strong>ιι,</strong></span> <span class='ocrx_word' id='word_1_932' title='bbox 1385 5798 1436 5854; x_wconf 92' lang='lat'><strong>7.</strong></span> <span class='ocrx_word' id='word_1_933' title='bbox 1512 5798 1569 5870; x_wconf 80' lang='lat'><strong>_&quot;</strong></span> <span class='ocrx_word' id='word_1_934' title='bbox 1612 5795 1756 5855; x_wconf 78' lang='lat' dir='ltr'><strong>Psal.</strong></span> <span class='ocrx_word' id='word_1_935' title='bbox 1793 5810 1868 5863; x_wconf 81' lang='lat' dir='ltr'><strong>Cl,</strong></span> <span class='ocrx_word' id='word_1_936' title='bbox 1901 5793 1991 5850; x_wconf 81' lang='lat'><strong>26.</strong></span> <span class='ocrx_word' id='word_1_937' title='bbox 2031 5792 2323 5886; x_wconf 33' lang='lat' dir='ltr'><strong>’z’Psal.</strong></span> <span class='ocrx_word' id='word_1_938' title='bbox 2352 5808 2455 5880; x_wconf 62' lang='lat' dir='ltr'><strong>vni</strong></span> <span class='ocrx_word' id='word_1_939' title='bbox 2510 5794 2543 5850; x_wconf 91' lang='lat'>8</span> <span class='ocrx_word' id='word_1_940' title='bbox 2590 5794 2645 5851; x_wconf 90' lang='lat'><strong>9.</strong></span> <span class='ocrx_word' id='word_1_941' title='bbox 2720 5794 2766 5827; x_wconf 81' lang='grc'>³³</span> <span class='ocrx_word' id='word_1_942' title='bbox 2803 5792 2949 5851; x_wconf 86' lang='lat' dir='ltr'><strong>Psal.</strong></span> <span class='ocrx_word' id='word_1_943' title='bbox 2987 5810 3064 5862; x_wconf 76' lang='lat' dir='ltr'><strong>ix,</strong></span> <span class='ocrx_word' id='word_1_944' title='bbox 3103 5794 3155 5849; x_wconf 78' lang='grc'><strong>1.</strong></span> 
     </span>
    </p>
   </div>
   <div class='ocr_carea' id='block_1_120' title="bbox 2085 5872 2138 5881">
    <p class='ocr_par' dir='ltr' id='par_1_120' title="bbox 2085 5872 2138 5881">
     <span class='ocr_line' id='line_1_121' title="bbox 2085 5872 2138 5881; baseline -0.019 0"><span class='ocrx_word' id='word_1_945' title='bbox 2085 5872 2138 5881; x_wconf 62' lang='grc' dir='ltr'><strong>η-</strong></span> 
     </span>
    </p>
   </div>
   <div class='ocr_carea' id='block_1_121' title="bbox 3121 5888 3201 5951">
    <p class='ocr_par' dir='ltr' id='par_1_121' title="bbox 3121 5888 3201 5951">
     <span class='ocr_line' id='line_1_122' title="bbox 3121 5888 3201 5951; baseline 0.025 -2"><span class='ocrx_word' id='word_1_946' title='bbox 3121 5888 3201 5951; x_wconf 83' lang='grc'><strong>35</strong></span> 
     </span>
    </p>
   </div>
  </div>
