3868 6264
462 426 479 478 l
492 426 594 481 099

1160 425 1427 482 EUSEBII
1468 423 1945 483 CAESARIENSIS
1979 422 2129 480 OPP.
2166 420 2347 477 PARS
2384 419 2471 476 111.
2511 451 2582 461 -
2621 418 3035 477 EXEGETICA.

3572 423 3699 478 “00

458 546 521 601 ιιὶι
551 544 837 617 pulchrum
869 542 1073 601 Judaeis
1096 545 1190 616 qui
1218 545 1322 600 hoc
1365 554 1595 600 utuntur
1633 555 1808 612 textu,
1862 546 2008 600 incer

2139 541 2462 613 περιέχοντα
2510 539 2602 592 τὸν
2650 539 2870 611 τρόπον’
2934 538 3302 609 «Λαμανασση
3359 536 3573 608 ἀ).μαῦθ
3618 537 3701 608 βὲν

457 648 568 691 tum
600 637 797 690 habere
824 636 891 691 de
920 653 1026 706 qua
1064 646 1237 693 morte
1274 647 1367 691 aut
1402 639 1468 693 de
1502 656 1613 712 quo
1645 639 1756 693 lilio
1785 640 2031 709 psalmus

455 730 635 783 dictus
669 730 739 783 sit
774 728 982 783 Davidi.
1034 729 1203 787 Nobis
1234 734 1455 802 quidem
1492 734 1780 804 perspicue
1808 740 2030 803 apparet

454 822 521 874 de
550 818 853 876 Salvatoris
893 824 1148 891 passione
1191 826 1595 895 proplictizare.
1638 824 1751 879 Hoc
1801 835 1854 879 et
1882 839 2032 879 arca-

455 927 583 966 num
617 913 907 968 obscurius
956 913 1230 986 designari
1276 915 1629 989 Septuaginta
1674 923 2022 987 putaverunt.

451 1003 571 1075 ipse
603 1004 820 1074 quidem
868 1006 1063 1076 Aquila
1094 1008 1481 1064 demonstrans
1515 1024 1769 1081 magnum
1820 1008 2025 1079 aliquid

456 1097 666 1153 fortiter
692 1106 926 1169 gestum,
979 1100 1047 1154 ad
1076 1102 1385 1172 passionem
1432 1101 1734 1156 Salvatoris
1774 1100 2025 1155 attribuit

449 1186 642 1243 dicens
682 1207 695 1242 :
752 1208 770 1239 ι
800 1190 1023 1243 Auctori
1074 1191 1318 1246 victoria:
1364 1191 1478 1245 lilii.
1550 1191 1720 1247 Meles
1774 1189 1969 1249 David.
1999 1207 2017 1240 ι

448 1279 647 1335 Omnia
679 1292 858 1337 autem
883 1284 1077 1353 psalmi
1110 1284 1279 1347 dicta,
1306 1285 1351 1341 si
1385 1286 1507 1356 quis
1536 1292 1740 1339 attente
1768 1299 2025 1354 perscru-

447 1382 615 1439 tetur,
653 1387 777 1445 apta
806 1384 935 1431 sunt
962 1375 1186 1431 Christo
1216 1393 1231 1443 ;
1266 1377 1597 1447 indigentem
1626 1383 1680 1431 et
1712 1375 2021 1429 mendicum

446 1476 573 1515 eum
613 1469 771 1515 vocat
803 1468 858 1514 et
891 1460 959 1515 de
987 1460 1107 1529 ejus
1132 1462 1540 1516 resurrectione
1572 1476 1600 1514 a
1635 1461 1869 1515 mortuis
1895 1474 2023 1530 pro-

434 1550 688 1620 *phetizat
720 1552 804 1606 his
835 1551 1015 1606 verbis
1043 1569 1053 1603 :
1085 1569 1102 1601 ι
1134 1550 1394 1606 Miserere
1429 1552 1555 1615 mei,
1609 1550 1855 1616 Domine,
1899 1551 2021 1607 vide

446 1642 811 1698 humilitatem
852 1658 1027 1697 meam
1069 1642 1137 1697 de
1169 1643 1411 1699 inimicis
1464 1644 1633 1710 meis;
1678 1643 1774 1715 qui
1809 1644 2020 1699 exultas

444 1751 531 1790 me
561 1734 629 1790 d'e
660 1737 833 1805 portis
866 1737 1077 1799 mortis,
1129 1745 1189 1792 ut
1230 1738 1551 1792 annuntiem
1588 1752 1780 1793 omnes
1830 1737 2021 1791 lauda-

440 1826 620 1881 tiones
639 1835 760 1881 tuas
783 1828 836 1881 in
867 1829 1038 1898 portis
1066 1828 1189 1883 lilia:
1204 1826 1342 1883 Sion
1372 1829 1439 1884 “.
1473 1848 1489 1880 ι
1516 1827 1689 1899 Cujus
1705 1844 1834 1884 vero
1858 1826 2012 1893 Sion,

2138 632 2413 704 μασμωρὰ
2440 631 2653 686 Δαυΐδ.»
2692 633 2802 685 Καὶ
2856 630 3019 685 καλόν
3071 647 3133 698 γε
3162 632 3273 693 τοῖς
3303 631 3367 682 ὲκ
3409 630 3701 701 περιτομῆς

2132 724 2280 795 αύτῷ
2312 724 2610 795 χρωμένοις
2652 724 2924 795 ἀπορῆσαι
2987 723 3113 793 περὶ
3166 721 3320 775 ποίου
3369 720 3624 786 θανάτου,
3672 722 3730 792 ῆ’

2132 815 2369 887 περὶτοῦ
2400 816 2543 880 τίνος
2574 817 2689 869 υἱοῦ
2723 815 2980 886 ὀψαλμὸς
3011 815 3224 887 εἴρηται
3257 814 3332 886 τῷ
3352 814 3535 887 Age-€6-
3580 817 3704 884 ἡμῖν

2133 908 2230 978 μὲν
2264 907 2371 980 γὰρ
2398 908 2580 975 σαφῶς
2608 908 2855 977 φαίνεται
2890 907 3017 977 περὶ
3042 907 3136 960 τοῦ
3164 907 3366 969 πάθους
3390 906 3485 958 τοῦ
3534 905 3701 974 Σωτῆ-

2129 1017 2220 1071 ρος
2248 1001 2702 1073 προφητεύεσθαι·
2740 1000 2895 1054 τοῦτο
2923 1001 2977 1052 δὲ
3008 1000 3099 1053 καὶ
3136 1001 3260 1062 τοὺς
3298 1000 3353 1052 0⁸
3386 997 3699 1068 νενοηκὸτας

2126 1092 2561 1163 ἁπορῤητότερον
2588 1090 2822 1163 ᾐνίχθαι·
2854 1096 2882 1145 ο
2911 1092 3092 1160 μέντοι
3121 1108 3183 1158 γε
3226 1090 3458 1153 ’Λκύλας
3489 1091 3584 1143 καὶ
3609 1089 3698 1143 αὑ-

2123 1181 2214 1246 τὸς
2239 1183 2515 1254 ἐμφαίνων
2541 1184 2683 1255 μέγα
2731 1201 2783 1236 τι
2833 1184 3223 1256 ἀνδραγάθημα
3254 1183 3395 1237 κατὰ
3449 1182 3511 1235 τὸ
3538 1183 3699 1247 πάθος

2123 1266 2344 1344 γεγονὸς
2400 1275 2494 1328 τοῦ
2551 1277 2799 1347 Σωτῆρος
2867 1275 3126 1340 ἐξέδωκεν
3178 1274 3369 1341 εἰπὼν,
3427 1296 3445 1326 ι
3491 1276 3583 1346 Τῷ
3630 1295 3698 1329 νι-

2124 1367 2328 1439 κοποιῷ
2367 1368 2708 1439 νεανιότητος
2733 1368 2825 1422 τοῦ
2853 1369 2991 1422 υἱοῦ.
3022 1369 3330 1440 Μελώδημα
3357 1368 3454 1422 τοῦ
3484 1369 3691 1423 Δαυῖδ.ι

2123 1460 2233 1513 Καὶ
2258 1460 2354 1513 ὅλα
2386 1461 2442 1514 δὲ
2473 1459 2542 1513 τὰ
2564 1460 2703 1532 ῥητά
2721 1460 2813 1513 τοῦ
2838 1459 3052 1531 ψαλμοῦ
3074 1477 3153 1523 τις
3180 1461 3522 1532 ἐπιτηρήσας
3545 1463 3696 1531 ὲφαρ-

2122 1550 2338 1622 μὸσειεν
2368 1553 2531 1624 am}.
2562 1552 2800 1624 Χριστῷ,
2845 1553 3052 1625 πένητα
3102 1554 3195 1605 καὶ
3258 1552 3475 1623 πτωχὸν
3517 1552 3694 1607 ἑαυτὸν

2118 1644 2496 1715 ὀνομάζοντος,
2549 1646 2642 1698 καὶ
2696 1645 2949 1717 περὶτῆς
2999 1647 3063 1698 ὲκ
3113 1646 3322 1717 νεκρῶν
3351 1646 3694 1709 ἀναστάσεως

2117 1735 2280 1789 αὑτοῦ
2313 1737 2765 1808 προφητεύοντος,
2821 1738 2878 1790 ὲν
2903 1735 3003 1807 τῷ,
3034 1758 3051 1786 ‹
3098 1737 3347 1807 Ἐλέησόν
3387 1755 3478 1808 με,
3509 1738 3689 1809 Κύριε,

2120 1828 2194 1882 ἴδε
2222 1827 2321 1900 τὴν
2348 1828 2678 1882 ταπείνωσίν
2727 1845 2827 1900 μού
2854 1830 2915 1882 ὲκ
2943 1828 3049 1881 τῶν
3077 1827 3286 1900 ἐχθρῶν
3336 1845 3462 1899 μου·
3502 1831 3531 1882 ὁ
3554 1828 3691 1898 ὑψῶν

440 1916 583 1970 infra
617 1918 776 1973 nobis
798 1918 1129 1973 ostenditur.
1160 1918 1226 1973 Et
1248 1919 1316 1975 de
1338 1919 1594 1991 gentibus
1620 1920 1690 1975 ab
1712 1935 1779 1975 eo
1801 1919 2008 1974 salvan.

2119 1922 2271 1992 μεὲκ
2298 1922 2406 1975 τῶν
2435 1921 2618 1975 πυλῶν
2651 1920 2741 1975 τοῦ
2791 1921 3042 1986 θανάτου,
3091 1922 3237 1984 ὅπως
3280 1921 3346 1973 ἂν
3401 1920 3690 1989 ἐξαγγείλω

439 2007 547 2067 dis,
581 2011 740 2079 quasi
773 2009 840 2063 de
869 2011 1139 2065 mendicis
1166 2018 1221 2065 et
1252 2011 1544 2082 egentibus
1587 2010 1836 2080 quaadam
1875 2025 2016 2081 prm-

440 2102 681 2166 nnntiat,
725 2102 868 2155 inter
902 2118 1024 2171 quae
1068 2111 1123 2156 et
1173 2101 1307 2155 illa:
1347 2120 1365 2153 ι
1396 2101 1708 2165 (ἶοηειίιυε,
1762 2099 2013 2167 Domine,

439 2195 804 2265 legislatorem
847 2209 1013 2265 super
1044 2209 1161 2259 eos,
1206 2202 1265 2249 ut
1310 2194 1490 2249 sciant
1528 2203 1721 2264 gentes
1755 2193 2015 2263 quoniam

439 2289 688 2344 homines
722 2296 849 2343 sunt
870 2289 938 2341 ".
980 2306 997 2339 ι
1034 2287 1136 2341 llic
1159 2294 1213 2342 et
1246 2288 1537 2342 ostendere
1568 2303 1747 2356 opera:
1781 2287 2015 2356 pretium

436 2391 544 2450 est,
579 2382 855 2453 quomodo
892 2396 999 2436 non
1033 2382 1144 2436 sint
1171 2389 1357 2453 gentes
1383 2379 1588 2451 Moysis
1625 2380 1729 2450 legi
1762 2379 2012 2435 subdilze.

436 2475 570 2530 lllud
599 2474 987 2546 proferendum
1031 2483 1115 2528 est
1147 2474 1356 2528 dictum
1401 2473 1747 2528 circumcisis
1783 2474 2013 2544 gentiles

434 2567 862 2624 criminantibus
909 2567 1056 2638 quod
1095 2566 1396 2621 secundum
1449 2564 1653 2636 Moysis
1689 2564 1862 2635 legem
1902 2580 2012 2620 non

434 2664 651 2727 vivunt,
683 2664 877 2734 eisque
909 2662 1401 2718 demonstrandum
1433 2659 1580 2731 quod
1612 2660 1857 2715 futurum
1890 2675 2014 2716 esse

435 2755 604 2809 alium
654 2770 683 2808 a
744 2753 929 2826 Moyse
978 2754 1347 2823 legislatorem
1404 2752 1649 2821 gentium
1694 2752 2010 2822 prophetica

434 2846 676 2901 ostendit
713 2843 1028 2916 Scriptura;
1058 2860 1183 2898 cum
1218 2843 1351 2898 dicit
1389 2843 1443 2897 in
1495 2845 1785 2898 oratione:
1814 2861 1833 2894 ι
1867 2842 2013 2897 Con-

433 2939 624 3005 stitue,
660 2936 908 3002 Domine,
955 2937 1325 3008 legislatorem
1357 2951 1523 3005 super
1563 2950 1688 3000 eos,
1723 2954 1742 2988 ι
1791 2936 2013 2989 manife-

430 3038 513 3085 ste
570 3041 759 3102 gentes
807 3029 1136 3083 innuuntur.
1187 3027 1393 3097 Adjicit
1426 3028 1632 3099 igitur:
1664 3048 1683 3079 ι
1716 3027 1786 3083 Ut
1831 3029 2009 3085 sciant

429 3130 619 3191 gentes
652 3120 907 3192 quoniam
943 3119 1196 3174 homines
1225 3126 1391 3185 sunt;
1427 3138 1444 3170 ι
1472 3119 1632 3189 quasi
1660 3120 1890 3185 diceret,
1923 3135 2009 3174 ac-

431 3213 637 3284 cipiant
689 3219 879 3282 gentes
936 3211 1219 3266 notionem
1278 3218 1333 3265 et
1394 3212 1679 3267 scientiam
1740 3212 2005 3282 spiritalis

2122 2014 2300 2078 πάσας
2321 2014 2419 2079 τὰς
2448 2015 2682 2079 αἰνέσεις
2713 2033 2804 2068 σου
2831 2017 2887 2067 ὲν
2932 2017 3051 2078 ταῖς
3077 2015 3271 2078 πύλαις
3309 2014 3405 2083 τῆς
3430 2014 3689 2082 θυγατρὸς

2120 2104 2308 2159 Σιών-ι
2348 2106 2505 2170 ποίας
2533 2108 2587 2160 δὲ
2621 2106 2780 2171 Σιὼν,
2815 2106 2994 2178 μικρῷ
3030 2105 3263 2177 πρόσθεν
3287 2107 3419 2175 ἡμῖν
3475 2103 3688 2176 δεδήλω-

2116 2215 2225 2252 ται·
2264 2198 2360 2253 καὶ
2407 2200 2533 2270 περὶ
2563 2199 2671 2254 τῶν
2703 2199 2872 2252 ὲθνῶν
2906 2199 2963 2252 δὲ
3000 2198 3107 2251 τῶν
3155 2198 3221 2251 δι’
3246 2196 3413 2251 αὐτοῦ
3458 2197 3689 2268 σωθησο-

2121 2289 2317 2362 μένων,
2349 2292 2426 2355 ὼς
2450 2292 2578 2363 περὶ
2602 2290 2833 2362 πτωχῶν
2881 2292 2975 2344 καὶ
3015 2290 3258 2359 πενήτων
3292 2291 3349 2341 ὲν
3379 2287 3533 2358 αὐτῷ
3577 2306 3689 2342 τινα

2119 2383 2540 2455 προφητεύεται,
2594 2385 2653 2437 ὲν
2701 2380 2783 2447 οἷς
2834 2384 3072 2436 ἐστικαὶ
3128 2382 3209 2446 τὸ,
3256 2401 3274 2432 ι
3311 2381 3688 2451 Κατάστησον,

2116 2476 2309 2547 Κύριε,
2337 2474 2635 2547 νομοθέτην
2660 2475 2860 2537 αὐτοῖς·
2890 2473 3181 2543 γνώτωσαν
3203 2472 3330 2543 ἔθνη
3380 2473 3466 2525 ὃτι
3499 2472 3692 2542 ἄνθρω-

2118 2567 2208 2621 ποί
2242 2568 2433 2623 είσιν.ι
2476 2567 2643 2620 Ἔνθα
2670 2569 2763 2621 καὶ
2790 2568 3080 2638 ἐπιστῆσαι
3103 2566 3270 2630 ἄξιον,
3309 2565 3387 2627 ὡς
3427 2566 3529 2634 οὐχ
3564 2564 3689 2616 imo-

2116 2678 2328 2714 κεινται
2357 2660 2425 2715 τὰ
2455 2660 2581 2731 ἔθνη
2612 2659 2688 2731 τῷ
2708 2659 2988 2721 Μωῦσέως
3015 2659 3182 2730 νόμῳ·
3239 2658 3333 2710 καὶ
3357 2655 3688 2729 προσακτέον

2114 2770 2177 2823 γε
2206 2756 2316 2815 τοῖς
2350 2753 2415 2807 ἐκ
2445 2753 2744 2824 περιτομῆς
2791 2751 2852 2805 τὸ
2902 2751 3067 2823 ῥητὸν
3117 2748 3406 2817 ἐγκαλοῦσι
3462 2750 3579 2810 τοῖς
3633 2747 3687 2812 ἐξ

2114 2846 2282 2900 ἐθνῶν
2305 2845 2392 2900 διὰ
2425 2845 2484 2898 τὸ
2539 2847 2612 2917 μὴ
2669 2844 2816 2915 βιοῦν
2865 2842 3005 2898 κατὰ
3064 2843 3155 2896 τὸν
3182 2841 3462 2905 Μωῦσέως
3507 2841 3684 2909 νόμον,

2111 2937 2352 3011 δεικτέον
2376 2955 2434 2990 τε
2461 2937 2536 3001 ὡς
2566 2937 2674 3008 ἄρα
2732 2936 2918 3007 ἕτερόν
2944 2922 3241 3006 τιναπαρὰ
3269 2932 3513 2988 Μωῦσέα
3528 2929 3706 3002 νομο-⁹

2112 3028 2272 3101 θέτην
2304 3027 2521 3082 ἔσεσθαι
2585 3028 2693 3082 τῶν
2723 3026 2892 3081 ἐθνῶν
2947 3027 2977 3078 ὁ
3023 3025 3355 3097 προφητικὸς
3402 3024 3685 3077 ἐπίσταται

2111 3119 2287 3191 λόγος,
2310 3121 2386 3185 ῶς
2408 3121 2465 3174 ὲν
2491 3121 2622 3193 εύχῇ
2658 3121 2882 3190 φάσκων
2908 3120 2988 3186 τὸ,
3021 3138 3039 3170 ι
3076 3120 3453 3188 Κατάστησον,
3497 3117 3683 3187 Κύριε,

2110 3212 2404 3284 νομοθέτην
2424 3214 2657 3279 αύτοῖς,»
2687 3212 2845 3283 δῆλον
2872 3213 2918 3267 δ’
2934 3213 3013 3267 ὃτι
3041 3216 3151 3275 τοῖς
3182 3211 3409 3263 ἔθνεσιν
3438 3210 3683 3280 ἐπιφέρει

427 3306 746 3362 substantiae
767 3319 900 3371 suae,
929 3320 1024 3375 per
1056 3305 1423 3375 legislatorem
1447 3304 1540 3374 qui
1566 3319 1732 3375 super
1746 3319 1841 3359 eos
1868 3320 2003 3358 con-

2112 3307 2157 3375 γ’
2180 3301 2273 3358 οὖν
2294 3304 2465 3376 τούτῳ
2494 3305 2573 3368 τὸ,
2629 3325 2647 3355 ι
2672 3304 2970 3359 Γνώτωσαν
2999 3304 3123 3375 ἔθνη
3176 3304 3256 3356 ὅτι
3300 3302 3581 3374 ἄνθρωποί
3610 3303 3683 3354 εἱ·-

427 3398 739 3463 stituendus
770 3404 875 3453 est.
909 3395 1010 3451 Hic
1040 3405 1221 3452 autem
1253 3405 1400 3452 esset
1438 3396 1712 3461 Christus,
1746 3396 1837 3467 qui
1862 3412 2004 3450 com-

423 3505 595 3544 mune
639 3487 797 3543 nobis
848 3495 1239 3543 testamentum
1290 3485 1464 3541 edixit
1522 3487 1754 3541 dicens:
1797 3504 1815 3537 ι
1847 3483 2002 3539 Dicta

424 3590 554 3635 sunt
577 3580 821 3650 antiquis
846 3580 959 3633 haec
991 3587 1044 3633 et
1068 3578 1194 3645 illa;
1221 3593 1322 3649 ego
1344 3586 1525 3632 autem
1549 3578 1674 3632 dico
1694 3578 1852 3634 vobis
1880 3577 1956 3646 ";
1980 3598 1997 3629 ι

423 3670 517 3740 qni
550 3670 736 3724 divina
768 3680 819 3723 et
850 3685 1052 3723 arcana
1090 3677 1360 3739 potestate
1403 3667 1665 3723 stabilivit
1695 3668 1842 3740 leges
1870 3682 2002 3723 suas

424 3778 534 3816 non
568 3762 621 3816 in
660 3777 766 3815 una
799 3762 883 3816 vel
915 3763 1084 3815 altera
1123 3768 1303 3831 gente,
1337 3774 1444 3814 non
1471 3760 1525 3815 in
1560 3759 1794 3830 quadam
1830 3763 2002 3816 totius

421 3855 575 3910 orbis
613 3862 786 3924 parte.
821 3869 930 3907 non
958 3853 1194 3908 breviter
1220 3853 1589 3917 obsoleturas,
1617 3853 1713 3909 sed
1738 3864 1795 3908 ut
1816 3868 2002 3924 exspe-

422 3946 680 4001 ctandum
724 3953 808 4000 est
855 3944 923 3999 de
966 3944 1151 4000 divina
1196 3947 1396 4000 virtute
1443 3962 1539 4001 sua
1573 3947 1627 3999 in
1678 3954 2000 4017 perpetuum

424 4049 586 4109 atque
612 4039 754 4108 apud
789 4039 1075 4094 universas
1107 4045 1317 4110 gentes.
1355 4037 1487 4104 Qure
1511 4037 1585 4091 ita
1617 4054 1677 4095 se
1721 4038 1923 4095 habere
1951 4040 1999 4095 si

423 4131 550 4201 quis
575 4145 684 4185 non
715 4129 989 4197 admittat,
1025 4128 1277 4186 ostendat
1315 4132 1563 4200 quemvis
1589 4131 1779 4195 alium,
1804 4140 2001 4201 praeter

425 4222 763 4279 Salvatorem
797 4222 1195 4294 Dominumque
1217 4231 1466 4277 nostrum
1485 4220 1672 4278 Jesum
1694 4222 1994 4289 Christum,

422 4327 787 4388 congruenter
849 4330 974 4370 cum
1020 4314 1123 4369 hac
1172 4316 1460 4386 prophetia
1508 4316 1877 4386 Iegislatorem
1930 4316 1999 4370 ab

420 4407 665 4462 omnium
694 4406 804 4462 Deo
831 4408 1193 4462 constitutum
1227 4409 1502 4477 gentibus,
1547 4407 1748 4463 factum
1780 4410 1996 4466 cunctis

418 4499 734 4557 hominibus
761 4500 981 4572 pietatis
1015 4501 1336 4573 magistrum
1377 4516 1505 4573 erga
1539 4515 1721 4556 rerum
1748 4500 1993 4555 omnium

418 4593 753 4650 Creatorem.
784 4636 787 4641 .

2110 3413 2247 3460 σιν,›
2274 3397 2406 3451 ὡσεὶ
2462 3397 2666 3466 ἔλεγεν,
2701 3395 3128 3467 ἀναλαμϐανέτω
3180 3393 3249 3447 τά
3299 3393 3427 3465 ἔθνη
3490 3394 3685 3462 γνῶσιν

2107 3491 2201 3543 καὶ
2222 3490 2529 3561 ἐπιστήμην
2556 3489 2654 3559 τῆς
2683 3489 2903 3560 λογικῆς
2927 3487 3107 3542 αὐτῶν
3130 3488 3314 3550 οὐσίας
3333 3486 3423 3540 διὰ
3450 3485 3545 3541 τοῦ
3564 3487 3682 3558 μέλ·

2104 3581 2286 3645 λοντος
2311 3583 2495 3645 αὐτοῖς
2518 3580 2875 3635 καθίστασθαι
2906 3579 3215 3651 νομοθέτου·
3250 3575 3407 3642 οὗτος
3431 3578 3478 3631 δ’
3505 3579 3569 3633 ἂν
3602 3580 3679 3648 εἴη

2103 3676 2132 3727 ὁ
2164 3674 2419 3746 Χριστὸς,
2452 3677 2480 3728 ὁ
2508 3675 2606 3745 τὴν
2633 3673 2815 3744 κοινὴν
2840 3672 3205 3745 νομοθετήσας
3260 3674 3392 3742 ἡμῖν
3425 3672 3679 3743 διαθήην

2103 3765 2181 3836 τῷ
2204 3765 2418 3835 λέγειν·
2452 3786 2468 3818 ι
2510 3766 2740 3838 Ἐρρέθη
2786 3770 2898 3831 τοῖς
2944 3764 3187 3837 ἀρχαίοις
3219 3764 3345 3818 τάδε
3396 3764 3536 3827 τινὰ,
3574 3760 3679 3832 ἐγὼ

2102 3859 2323 3929 δὲλέγω
2342 3859 2522 3913 τάδε’)
2553 3858 2610 3922 ὃς
2634 3858 2728 3912 καὶ
2761 3857 2880 3929 θεία
2911 3857 3004 3910 κα1⁵
3040 3857 3262 3930 ἀρρήτῳ
3291 3855 3518 3925 δυνάμει
3551 3872 3677 3927 κραο

2100 3951 2254 4005 τῦναι
2305 3955 2428 4017 τοὺς
2490 3951 2684 4004 ἑαυτοῦ
2744 3951 2943 4022 νόμους
2997 3950 3097 4003 οὐκ
3135 3949 3226 4001 ἐπὶ
3264 3948 3321 4000 ἓν
3363 3964 3417 4000 τι
3461 3944 3673 4015 ἔθνοςῆ

2100 4043 2368 4115 δεύτερον,
2400 4043 2508 4098 οὐδ’
2530 4044 2623 4096 ἐπὶ
2653 4042 2816 4116 μέρος
2839 4060 2891 4095 τι
2924 4041 3023 4112 τῆς
3051 4041 3178 4112 ὅλης
3202 4040 3547 4111 οἰκουμένης,
3564 4038 3672 4093 ἀλλ’

2100 4136 2218 4190 οὐδὲ
2248 4138 2333 4189 ἐπ’
2350 4135 2528 4204 ὀλίγον
2550 4135 2670 4189 τινα
2707 4134 2988 4205 δεδύνηται
3033 4132 3244 4204 χρόνον,
3272 4131 3388 4185 ἀλλ’
3421 4133 3497 4194 ὡς
3535 4131 3673 4184 ἐστιν

2100 4228 2158 4293 ἐξ
2181 4229 2346 4299 αὐτῆς
2373 4228 2704 4300 παραλαϐεῖν
2755 4228 2855 4296 τῆς
2907 4226 3184 4298 ἐνεργείας
3213 4225 3293 4288 εἰς
3334 4225 3397 4277 τὺ
3437 4223 3672 4295 διηνεκὲς

2100 4321 2193 4373 καὶ
2215 4320 2305 4373 ἐπὶ
2340 4320 2517 4374 πάντα
2540 4319 2609 4373 τά
2635 4318 2784 4393 ἔθνη.
2813 4320 2871 4373 Ei
2901 4318 2957 4371 δὲ
2988 4317 3063 4390 μὴ
3109 4316 3387 4389 προσίοιτό
3416 4334 3499 4381 τις
3524 4314 3667 4368 ταῦθ’

2098 4410 2270 4476 οὕτως
2296 4412 2457 4484 ἔχειν,
2487 4412 2747 4466 δεικνύτω
2775 4412 2896 4465 τίνα
2919 4410 2985 4464 ἂν
3005 4410 3161 4465 ἄλλον
3193 4409 3305 4481 ἔχοι
3334 4409 3512 4477 λέγειν
3529 4406 3668 4479 παρά

2097 4504 2188 4557 τὸν
2219 4505 2448 4578 Σωτῆρα
2468 4505 2561 4559 καὶ
2594 4504 2797 4577 Κύριον
2824 4503 2980 4576 ἡμῶν
3021 4501 3226 4575 Ἰησοῦν
3256 4501 3515 4574 Χριστὸν,
3550 4502 3666 4554 ἀκο-

2098 4596 2298 4662 λούθως
2323 4600 2388 4670 τῇ
2424 4597 2562 4670 μετὰ
2592 4601 2779 4671 χεῖρας
2807 4597 3111 4669 προφητείᾳ
3139 4596 3440 4667 νομοθέτην
3460 4595 3563 4648 ὑπὸ
3578 4590 3661 4645 τοῦ

415 4686 523 4743 τῶν
551 4687 687 4743 ὅλων
712 4688 846 4744 Θεοῦ
883 4690 1287 4746 κατασταθέντα
1311 4694 1419 4755 τοῖς
1442 4690 1637 4755 ἔθνεσι,
1676 4688 1994 4743 διδάσκαλον
2031 4692 2394 4763 γεγενημένον
2429 4693 2632 4748 ἅπασιν
2654 4690 2962 4764 ἀνθρώποις
3017 4692 3116 4763 τῆς
3177 4691 3257 4754 είς
3281 4690 3372 4744 τὸν
3404 4688 3511 4742 τῶν
3538 4686 3660 4740 ὅλων

413 4783 752 4854 Δημιουργὸν
789 4783 1088 4848 εὐσεϐείας.

1027 4900 1258 4958 CAPUT
1297 4901 1385 4956 Vl.

887 4992 936 5045 E
967 4994 1174 5060 psalmo
1226 4995 1522 5050 undecimo.

486 5084 543 5139 In
579 5084 868 5140 undecimo
917 5084 1128 5155 psalmo
1176 5084 1439 5141 Dominus
1478 5086 1611 5141 dicit
1644 5106 1657 5141 :
1700 5104 1717 5137 ι
1763 5084 1991 5155 Propter
2022 5081 2067 5136 ι)

412 5177 692 5231 miseriam
724 5175 969 5246 inopum,
1003 5182 1057 5229 et
1085 5175 1342 5244 gemitum
1358 5191 1690 5246 pauperum,
1716 5191 1863 5229 nunc
1892 5190 1989 5231 ex-

412 5284 657 5339 surgam,
680 5266 815 5323 dicit
843 5266 1130 5324 Dominus.
1160 5265 1364 5322 Ponam
1397 5269 1449 5322 in
1478 5268 1730 5333 salutari,
1766 5265 1989 5321 ﬁducia-

413 5360 535 5415 liter
566 5376 722 5433 agam
755 5361 812 5415 in
851 5376 917 5416 eo
952 5361 1019 5414 "’.
1053 5378 1070 5414 ι
1134 5358 1500 5431 Exquiramus
1552 5376 1735 5416 annon
1781 5356 1985 5414 Christi

410 5466 659 5520 personae
683 5468 839 5507 suam
868 5467 898 5506 a
941 5452 1171 5509 mortuis
1214 5454 1674 5509 resurrectionem
1723 5466 1979 5522 praenun-

411 5545 567 5598 tianti
601 5545 715 5602 haec
736 5547 1371 5616 convenirent,quorum
1420 5546 1507 5599 hic
1555 5560 1752 5600 sensus
1798 5552 1983 5599 esset:

409 5649 629 5708 propter
660 5647 854 5709 gentes
888 5640 942 5694 in
972 5638 1278 5708 iniquitatis
1298 5638 1519 5692 miseria
1551 5644 1733 5701 natas,
1766 5636 1978 5705 inopes-

409 5749 516 5802 que
554 5731 822 5803 probrose
847 5740 1089 5797 vocatas,
1116 5746 1181 5786 eo
1212 5731 1357 5801 quod
1395 5728 1490 5784 Dei
1518 5729 1734 5785 divitiis
1759 5729 1983 5800 privata:

2634 4893 3030 4948 ΚΕΦΑΑΑιοΝ
3060 4895 3148 4959 ς’.

2691 4986 2937 5055 Ψαεζμοῦ
2974 4992 3066 5039 ια’.

2186 5081 2338 5134 Ἐπεὶ
2370 5080 2427 5133 ὲν
2475 5078 2555 5149 τῷ
2613 5078 2883 5148 ἑνδεκάτῳ
2931 5074 3131 5147 ψαλμῷ
3164 5077 3193 5128 ὁ
3236 5074 3439 5146 Κύριός
3471 5089 3648 5146 φησιν·

2100 5196 2119 5227 ι
2152 5176 2376 5228 Ἕνεκεν
2406 5173 2506 5244 τῆς
2550 5170 2927 5243 ταλαιπωρίας
2983 5169 3091 5222 τῶν
3124 5167 3381 5238 πτωχῶν,
3435 5168 3522 5220 καὶ
3565 5163 3649 5218 τοῦ

2094 5263 2397 5336 στεναγμοῦ
2432 5263 2578 5335 (ΜΟ
2602 5263 2674 5333 v°)
2703 5261 2812 5315 τῶν
2837 5262 3086 5331 πενήτων
3126 5258 3222 5312 νῦν
3270 5258 3647 5326 ἁναστήσομαι,

2091 5354 2237 5424 λέγει
2294 5353 2516 5426 Κύριος·
2550 5352 2784 5424 θήσομαι
2821 5353 2878 5406 ὲν
2913 5349 3185 5420 σωτηρίῳ,
3218 5344 3646 5419 παρρησιάσομαι

2093 5451 2151 5504 ἐν
2178 5447 2377 5520 αὐτῷ’»
2418 5446 2738 5517 ἐξετάζομεν
2763 5444 2835 5516 μὴ
2866 5442 2991 5514 περὶ
3030 5440 3266 5514 Χριστοῦ
3296 5439 3560 5520 προσῴπῳ
3586 5436 3646 5487 τὰ

2093 5542 2349 5613 περὶτῆς
2401 5540 2465 5593 ὲκ
2496 5537 2705 5610 νεκρῶν
2737 5535 3083 5597 ἀναστάσεως
3144 5532 3312 5586 αὐτοῦ
3366 5516 3642 5585 διδάσκοντι

2093 5637 2185 5689 καὶ
2203 5634 2376 5688 ταῦτα
2399 5633 2465 5686 ἂν
2491 5629 2740 5703 ἁρμόζοι,
2763 5627 2969 5683 τοιάνδε
2994 5627 3234 5681 διάνοιαν
3271 5626 3476 5696 ἔχοντα⁸
3496 5622 3644 5675 ἕνεκα

2089 5723 2199 5777 τῶν
2240 5725 2298 5777 ὲν
2325 5721 2670 5793 ταλαιπωρίᾳ
2694 5720 2888 5784 κακίας
2925 5717 3225 5788 γεγονότων
3277 5715 3459 5780 ἐθνῶν,
3506 5726 3643 5767 πτω-

478 5890 524 5922 νι
565 5886 690 5941 i’sal
743 5902 820 5954 ix,
860 5887 954 5952 M,
994 5887 1080 5940 15.
1157 5887 1202 5917 ’⁸
1242 5885 1372 5940 ibid.
1405 5886 1494 5941 2i.
1573 5888 1616 5918 '°
1659 5884 1846 5940 Matth.
1877 5901 1931 5952 ν,
1962 5882 1997 5936 2

2112 5882 2150 5937 1.
2227 5881 2271 5914 ³⁷
2310 5880 2455 5937 Psal.
2493 5896 2586 5947 χι,
2618 5879 2669 5934 6.
