3868 6264
256 375 388 432 “(li

1275 377 1566 436 ECLOGA?
1607 379 2085 436 PROPIIETICAS.
2120 411 2190 421 —
2228 380 2355 436 LIB.
2399 382 2463 437 ll.

3371 391 3505 447 “02

256 497 370 569 χῶν
406 497 818 568 ὀνομαζομένων
862 496 1078 567 ψεκτῶς
1125 498 1213 551 διὰ
1267 499 1327 552 τὸ
1384 500 1708 573 ἐστερῆσθαι
1739 498 1821 553 τοῦ

1937 508 2085 566 sunt,
2120 500 2445 556 exinaniens
2482 501 2858 572 semetipsum,
2888 506 3187 559 certamine
3209 520 3383 577 usque
3435 512 3503 565 ad

255 590 401 644 κατὰ
425 589 557 643 Θεὸν
580 589 830 654 πλούτου,
890 591 1134 652 κενώσας
1180 591 1369 644 ἐαυτὸν
1387 631 1402 653 ,
1440 589 1831 661 ἀναδεξάμενός

251 696 315 733 τε
354 680 513 751 μέχρι
555 680 648 733 καὶ
685 679 912 733 θανάτου
969 681 1059 734 τὸν
1108 681 1246 752 ὑπὲρ
1272 681 1450 734 αὐτῶν
1500 681 1705 749 ἀγῶνα,
1736 679 1829 733 νῦν

253 770 650 842 ἀναστήσομαι,
688 773 783 826 καὶ
806 772 869 845 δὴ
898 772 1076 827 λαϐὼν
1113 773 1211 845 τὴν
1242 773 1381 828 κατὰ
1439 773 1656 828 πάντων
1681 773 1827 839 ἐξου-

257 864 380 919 σίαν
406 863 557 935 παρὰ
591 864 685 918 τοῦ
718 865 948 936 Πατρὸς,
976 867 1181 930 πάντας
1212 868 1338 929 τοὺς
1383 868 1462 927 εἰς
1494 867 1592 936 ἐμὲ
1616 864 1827 918 πιστεύ-

256 974 458 1021 σαντας
494 958 728 1029 θήσομαι
777 959 857 1023 εἰς
907 959 1197 1030 σωτηρίαν,
1246 960 1339 1012 καὶ
1380 957 1827 1031 παρρησιάσομαι

254 1049 315 1101 ὲν
344 1047 513 1119 αύτῷ,
536 1049 655 1120 ῆτοι
678 1047 755 1120 τῷ
785 1050 979 1121 Πατρὶ,
1012 1049 1044 1119 ἢ
1078 1049 1155 1120 τῷ
1197 1050 1570 1123 πεπραγμένῳ
1605 1066 1694 1120 μοι
1737 1049 1831 1101 ἐπὶ

255 1140 502 1212 σωτηρίᾳ
524 1141 633 1194 τῶν
665 1142 930 1197 τοσούτων
966 1142 1485 1213 ἀνδραγαθημάτων.
1527 1143 1637 1196 Καὶ¹
1660 1145 1693 1213 ἡ
1732 1144 1829 1213 μὲν

252 1231 348 1285 τοῦ
384 1231 548 1302 ῥητοῦ
578 1234 799 1305 τοιαύτη
832 1251 917 1297 τις
948 1232 1014 1287 ἀν
1043 1234 1126 1304 εἴη
1156 1233 1380 1287 διάνοια·
1424 1233 1491 1285 τά
1533 1234 1712 1303 μέντοι
1767 1251 1829 1302 γε

252 1321 448 1392 πρῶτα
463 1321 557 1375 τοῦ
584 1321 819 1395 ψαλμοῦ,
856 1345 873 1375 ι
904 1323 1081 1376 Σῶσόν
1112 1339 1202 1393 με,
1238 1323 1267 1375 6
1294 1320 1446 1385 Θεὸς,
1471 1340 1489 1372 ι
1514 1322 1832 1393 περιέχοντα

257 1432 278 1465 ι
308 1415 391 1468 ὅτι
412 1413 720 1467 ἐκλέλοιπεν
747 1415 911 1478 ὅσιος,
927 1434 944 1465 ι
966 1414 1060 1468 καὶ
1073 1415 1140 1468 τά
1156 1415 1303 1486 ἑξῆς,
1328 1416 1416 1469 τὸν
1432 1415 1620 1486 καιρὸν
1636 1414 1756 1468 καθ’
1773 1413 1831 1468 δν

252 1506 518 1561 πέπονθεν
550 1507 729 1571 ὁποῖός
755 1524 839 1571 τις
869 1506 1082 1580 ὑπῆρχε
1118 1507 1284 1579 δηλοῖ·
1319 1526 1338 1558 ι
1363 1506 1691 1561 Ἐκλελοίπει
1718 1506 1830 1578 γὰρ

250 1598 399 1661 ὅσιος
440 1618 459 1651 ι
494 1598 635 1665 τότε,
655 1599 747 1652 καὶ
787 1617 805 1651 ι
848 1596 1208 1670 Ὠλιγώθησαν
1238 1600 1291 1652 αἱ
1319 1598 1565 1669 ἀλήθειαι
1589 1597 1696 1651 ἀπὸ
1727 1595 1832 1649 τῶν

1938 600 2167 647 mortem
2211 607 2310 662 pro
2342 592 2448 647 illis
2500 601 2756 664 suscepto
2789 593 2856 658 ³⁸,
2889 609 3035 649 nunc
3067 611 3358 668 exsurgam
3410 615 3506 657 ac-

1936 676 2255 753 cipiensqite
2286 700 2316 738 a
2347 682 2509 738 Patre
2540 685 2594 738 in
2620 686 2874 740 omnibus
2907 687 3356 755 dominationem,
3384 706 3505 746 om-

1934 792 2033 831 nes
2068 777 2159 846 qui
2192 777 2356 832 inme
2387 778 2628 840 credent,
2652 797 2670 828 ι
2698 794 2893 847 ponam
2928 780 2983 835 in
3003 783 3254 850 salutari,
3279 792 3333 838 et
3365 784 3504 840 (ldu-

1934 867 2145 922 cialiter
2178 882 2331 937 agam
2366 868 2420 921 in
2444 882 2535 932 eo,
2565 888 2584 919 ι
2608 869 2722 924 sive
2752 870 2805 922 in
2843 868 3024 935 Patre,
3050 873 3165 928 sive
3187 875 3240 927 in
3271 888 3337 929 eo
3357 876 3505 945 quod

1936 958 2037 1012 feci
2070 957 2388 1027 praeclarum
2426 956 2481 1011 in
2521 972 2709 1012 eorum
2743 960 2996 1015 salutem.
3031 961 3128 1017 llic
3157 962 3321 1034 igitur
3345 964 3504 1021 nobis

1934 1047 2151 1103 videtur
2185 1048 2378 1118 psalmi
2417 1064 2630 1105 sensus.
2675 1048 2855 1103 Prima
2884 1058 3064 1107 autem
3098 1055 3262 1124 hujus
3292 1055 3457 1111 verba
3485 1075 3499 1110 :

1941 1156 1961 1189 ι
2004 1138 2222 1194 δειπνοίη
2274 1155 2361 1195 me
2406 1139 2511 1207 fac,
2542 1140 2790 1208 Domine,
2820 1144 3077 1213 quoniam
3125 1146 3326 1202 defecit
3374 1162 3503 1204 san-

1936 1238 2059 1287 ctus
2087 1231 2154 1296 ",
2187 1251 2206 1284 ι
2231 1239 2284 1286 et
2315 1232 2542 1302 reliqua,
2566 1248 2675 1302 quo
2713 1243 2956 1304 tempore
2992 1250 3189 1306 passus
3218 1238 3291 1295 sit
3319 1247 3504 1296 osten-

1936 1321 2093 1380 dunt.
2141 1323 2294 1378 Tunc
2334 1324 2478 1379 enim
2521 1344 2533 1379 :
2572 1342 2592 1377 ι
2626 1324 2831 1382 Deiecit
2888 1336 3134 1395 sanctus,
3169 1339 3224 1387 et
3263 1333 3502 1389 diminu-

1938 1422 2007 1469 ta;
2030 1426 2158 1471 sunt
2183 1416 2440 1472 veritates
2463 1432 2493 1471 a
2511 1416 2639 1474 ﬁliis
2660 1417 2941 1475 hominum
2965 1438 2980 1487 ;
3015 1437 3155 1477 vana
3174 1424 3340 1481 locuti
3373 1438 3500 1484 sunt

1939 1509 2314 1579 unusquisque
2357 1509 2424 1564 ad
2465 1509 2769 1581 proximum
2825 1527 2985 1569 suum
3013 1516 3079 1571 ³⁰.
3123 1536 3143 1569 ι
3190 1516 3317 1575 Ηεεο
3352 1521 3499 1577 enim

1938 1599 2143 1662 omnia,
2167 1606 2360 1670 etquae
2381 1608 2707 1668 sequuntur,
2728 1602 2821 1659 illo
2843 1612 3084 1675 tempore
3110 1606 3328 1678 impleta
3350 1619 3496 1666 sunt.

247 1692 383 1745 υἱῶν
410 1691 516 1775 τῶν
544 1691 864 1764 ἀνθρώπων
892 1692 1095 1763 μάταια
1127 1692 1383 1765 ἐλάλησεν
1412 1693 1642 1755 ἕκαστος
1694 1691 1828 1764 πρὸς
1862 1692 1954 1747 τὸν
1978 1693 2201 1764 πλησίον
2263 1694 2447 1747 αὐτοῦ’
2497 1716 2515 1748 ι
2551 1698 2644 1750 καὶ
2681 1697 2748 1752 τά
2770 1698 2978 1764 τούτοις
3012 1701 3070 1756 δὲ
3116 1686 3241 1775 ἑξῆς
3284 1704 3499 1762 ἅπαντα

248 1785 372 1838 κατ’
394 1767 598 1839 ἐκεῖνον
621 1785 943 1858 πεπλήρωτο
971 1784 1061 1839 τὸν
1077 1829 1082 1835 .
1096 1786 1303 1858 χρόνον.

779 1904 1171 1957 ΚΕΦΑΛΔΙΟΝ
1220 1904 1292 1957 Ζ’.

853 1992 1103 2061 Ψαλμοῦ
1153 1999 1237 2046 ιε’.

288 2134 299 2141 .
326 2103 346 2138 ι
382 2084 735 2158 Προωρώμην
764 2085 853 2139 τὸν
885 2085 1088 2156 Κύριον
1115 2085 1345 2141 ἐνώπιόν
1372 2104 1472 2158 μου
1513 2087 1824 2153 διαπαντὸς,

243 2179 332 2234 ὅτι
364 2178 428 2232 ἐκ
456 2177 644 2244 δεξιῶν
680 2195 780 2250 μου
805 2179 961 2233 ἐστὶν
1008 2179 1092 2232 ἵνα
1143 2179 1217 2251 μὴ
1257 2179 1515 2234 σαλευθῶ.
1543 2179 1641 2233 Διά
1671 2178 1829 2232 τοῦτο

247 2268 536 2342 ηὐφράνθη
562 2271 594 2341 ἡ
625 2269 825 2341 καρδία
859 2287 982 2341 μου,
1011 2271 1106 2324 καὶ
1130 2270 1497 2341 ἠγαλλιάσατο
1528 2273 1561 2342 ὴ
1607 2270 1828 2340 γλῶσσά

249 2376 381 2430 μου,
417 2359 498 2412 ἔτι
525 2359 580 2413 δὲ
609 2360 760 2431 κα).ιή
800 2359 935 2432 σάρξ
967 2377 1066 2431 μου
1096 2360 1502 2433 κατασκηνώσει
1532 2361 1617 2414 ἐπ’
1630 2360 1822 2414 ἐλπίδι.

247 2453 377 2508 Ὅτι
411 2454 512 2508 οὐκ
544 2454 954 2525 ἐγκαταλείψεις
979 2454 1076 2526 τὴν
1097 2455 1274 2527 ψυχήν
1304 2473 1403 2527 μου
1436 2457 1515 2518 εἰς
1536 2454 1826 2527 ᾂδην,οὐδὲ

246 2543 442 2608 δώσεις
473 2545 563 2600 τὸν
586 2545 731 2599 ὅσιόν
758 2563 848 2599 σου
877 2546 1003 2600 ἰδεῖν
1028 2546 1344 2617 διαφθοράν.
1380 2546 1709 2618 Ἐγνώρισάς
1736 2563 1825 2616 μοι

244 2634 402 2699 ὀδοὺς
460 2635 627 2707 ζωῆς,
686 2635 993 2708 πληρώσεις
1042 2655 1108 2709 με
1135 2639 1473 2710 εὐφροσύνης
1536 2638 1675 2709 μετὰ
1729 2639 1822 2693 τοῦ

246 2726 543 2800 προσώπου
570 2745 682 2781 σου.
711 2747 729 2779 ι
754 2729 876 2781 Ὅτι
903 2728 959 2783 δὲ
981 2730 1258 2784 καὶταῦτα
1279 2733 1358 2794 εἰς
1389 2733 1677 2805 πρόσωπον
1692 2733 1823 2786 ἀνα-

247 2820 481 2889 φέρεται
529 2821 765 2890 Χριστοῦ
805 2824 1074 2893 μαρτυρεῖ
1118 2824 1147 2875 ό
1206 2823 1413 2894 Πέτρος
1456 2826 1514 2878 ἐν
1542 2826 1659 2888 ταῖς
1715 2823 1823 2878 τῶν

244 2911 559 2965 ἀποστόλων
606 2910 866 2982 Πράξεσι,
901 2913 965 2966 δι’
990 2907 1064 2966 ὧν
1103 2911 1275 2967 ταῦτά
1319 2929 1500 2985 φησιν’
1541 2931 1560 2964 ι
1618 2912 1824 2985 Ἰησοῦν

244 3002 339 3054 τὸν
367 3000 703 3073 Ναζωραῖον,
726 3003 895 3076 ἀνδρα
944 3004 1395 3076 ἀποδεδειγμένον
1427 3006 1508 3069 εἰς
1527 3006 1670 3076 ὑμᾶς
1712 3005 1822 3059 ἀπὸ

243 3090 384 3145 Θεοῦ
406 3091 664 3162 δυνάμεσι
689 3093 783 3146 καὶ
814 3095 1003 3164 τέρασι
1039 3095 1132 3147 καὶ
1162 3094 1426 3167 σημείοις,
1454 3090 1538 3159 οἷς
1600 3094 1821 3166 ἐποίησε

244 3182 315 3236 δι’
347 3181 511 3235 αὐτοῦ
537 3186 564 3236 6
595 3182 725 3247 Θεὸς
754 3186 811 3238 ἐν
847 3185 996 3255 μέσῳ
1029 3185 1204 3256 ὑμῶν,
1231 3185 1412 3249 καθὼς
1438 3187 1592 3240 αὐτοὶ
1622 3186 1819 3251 οἴδατε,

2517 1897 2743 1953 CAPUT
2799 1899 2909 1958 VII.

2344 1986 2392 2040 E
2418 1989 2622 2056 psalmo
2657 1993 2839 2062 quinto
2872 1995 3097 2053 decimo.
3410 2064 3413 2067 _

2006 2095 2024 2128 ‹
2060 2076 2418 2132 Providebam
2458 2077 2749 2136 Dominum
2795 2083 2849 2138 in
2876 2096 3174 2158 conspectu
3206 2105 3326 2148 meo
3347 2109 3494 2151 sem-

1928 2184 2057 2240 per;
2089 2170 2347 2240 quoniam
2397 2186 2428 2225 a
2475 2171 2684 2229 dextris
2713 2183 2795 2229 est
2826 2177 2978 2242 mihi,
3015 2194 3085 2234 ne
3127 2195 3490 2245 commoveat.

1926 2260 2154 2332 Propter
2183 2261 2287 2317 hoc
2314 2262 2551 2317 laetatum
2584 2274 2668 2319 cst
2689 2279 2785 2319 cor
2801 2281 2979 2322 meum
2995 2277 3050 2324 et
3072 2272 3368 2329 exsultavit
3389 2262 3494 2332 lin—

1928 2367 2035 2424 gua
2062 2367 2179 2408 mea
2209 2370 2220 2404 :
2259 2353 2485 2423 insuper
2516 2361 2571 2409 et
2617 2369 2747 2410 caro
2795 2373 2915 2413 mea
2948 2361 3254 2431 requiescet
3293 2365 3348 2420 in
3372 2382 3489 2438 spe.

1927 2444 2195 2511 Quoniam
2240 2459 2350 2498 non
2380 2444 2728 2516 derelinques
2756 2447 2994 2503 animam
3027 2465 3203 2507 meam
3233 2453 3290 2509 in
3323 2456 3492 2514 inier-

1927 2550 2018 2602 no,
2047 2550 2146 2590 nec
2177 2531 2334 2591 dabis
2369 2545 2625 2591 sanctum
2661 2543 2815 2592 tuum
2844 2539 3028 2596 videre
3061 2547 3488 2617 corruptionem.

1924 2627 2094 2683 Notas
2127 2627 2260 2682 mihi
2306 2628 2484 2683 feciSti
2530 2628 2648 2686 vias
2676 2630 2823 2694 vitae,
2848 2631 3169 2704 adimplebis
3198 2654 3284 2695 me
3304 2641 3490 2699 laetitia

1925 2732 2049 2771 cum
2079 2718 2232 2773 vultu
2275 2725 2369 2773 tuo
2396 2718 2463 2772 ³¹.
2503 2737 2524 2772 ι
2552 2717 2677 2774 Haec
2703 2736 2920 2792 quoque
2953 2725 3021 2778 ad
3060 2724 3265 2784 Christi
3305 2747 3494 2802 perso-

1925 2823 2050 2862 nam
2086 2816 2334 2878 spectare
2369 2817 2605 2867 testatur
2643 2810 2839 2870 Petrus
2869 2815 2925 2869 in
2953 2816 3185 2877 Actibus
3212 2827 3490 2893 apostolo-

1924 2915 2068 2964 rum,
2098 2900 2186 2955 his
2215 2902 2400 2959 verbis
2433 2922 2445 2957 :
2495 2921 2513 2954 ι
2550 2902 2737 2958 Jesum
2772 2904 3120 2965 Nazarenum
3141 2951 3158 2976 ,
3189 2914 3366 2970 virum
3394 2932 3491 2988 ap—

1924 2993 2211 3061 probatum
2241 3008 2270 3046 a
2308 2992 2421 3049 Deo
2453 2995 2510 3049 in
2544 2995 2721 3061 vobis,
2759 2998 3075 3067 virtutibus,
3107 3012 3162 3058 et
3203 3008 3488 3079 prodigiis,

1925 3093 1978 3138 et
2024 3084 2217 3154 signis,
2252 3101 2375 3156 quae
2422 3086 2548 3142 fecit
2601 3087 2744 3146 Deus
2772 3105 2869 3160 per
2901 3093 3055 3149 illum
3099 3097 3154 3151 in
3185 3099 3365 3156 medio
3395 3118 3490 3157 ve-

1926 3175 2048 3243 stri,
2075 3176 2220 3232 sicut
2250 3188 2297 3233 et
2332 3194 2431 3236 vos
2460 3180 2617 3238 scitis
2646 3200 2662 3238 :
2697 3182 2845 3238 hunc
2877 3183 3102 3244 deﬁnito
3149 3192 3400 3261 consilio,
3437 3201 3492 3249 et

241 3272 434 3329 τοῦτον
471 3278 538 3346 τῇ
560 3275 839 3348 ὡρισμένῃ
873 3276 1035 3349 βουλῇ
1064 3278 1158 3331 καὶ
1187 3277 1491 3349 προγνώσει
1542 3279 1636 3333 τοῦ
1683 3280 1817 3333 Θεοῦ

1928 3266 2266 3334 praescientia
2291 3268 2387 3325 Dei
2445 3272 2727 3339 traditum,
2783 3290 2882 3346 per
2943 3292 3139 3335 manus
3174 3282 3488 3354 iniquorum

242 3363 460 3418 ἔκδοτον
490 3363 761 3428 λαϐόντες,
806 3365 894 3419 διὰ
942 3365 1124 3435 χειρὸς
1158 3366 1375 3436 ἀνόμων
1407 3365 1818 3437 προσπήξαντες

241 3459 512 3513 ἀνείλατε
547 3458 605 3512 ὃν
637 3461 665 3512 6
693 3458 826 3522 Θεὸς
879 3460 1161 3531 ἀνέστησε,
1185 3457 1353 3522 λύσας
1374 3459 1474 3522 τὰς
1500 3458 1694 3522 ὠδῖνας
1721 3457 1815 3512 τοῦ

243 3548 500 3615 θανάτου,
540 3549 660 3602 καθ’
690 3551 773 3603 ὅτι
798 3550 896 3602 οὐκ
935 3544 1002 3621 ῆν
1040 3548 1258 3603 δυνατὸν
1289 3548 1603 3621 κρατεῖσθαι
1657 3549 1818 3602 αὐτὸν

242 3641 340 3694 ὑπ’
366 3640 552 3695 αὐτοῦ.
581 3640 742 3694 Δαυῖδ
790 3640 898 3712 γὰρ
920 3641 1089 3710 λέγει,
1125 3640 1479 3713 Προωρώμην
1506 3641 1595 3695 τὸν
1616 3640 1817 3711 Κύριον

239 3730 474 3787 ἐνώπιόν
510 3750 611 3804 μου
666 3734 977 3797 διαπαντός.
1022 3752 1040 3784 ι
1095 3730 1229 3787 Εἷτά
1248 3750 1367 3786 τινα
1401 3731 1604 3804 μεταξὺ
1626 3731 1813 3796 εἰπὼν,

240 3825 501 3897 ἐπιφέρει
525 3825 695 3878 ταῦτα
733 3825 873 3879 κατὰ
916 3825 1081 3891 λέξινσ
1124 3843 1142 3875 ι
1188 3824 1414 3897 ’Ἄνδρες
1442 3824 1675 3893 ἀδελφοὶ,
1699 3823 1817 3888 ἐξὸν

237 3920 421 3972 εἰπεῖν
482 3917 619 3989 μετά
676 3917 986 3991 παρρησίας
1022 3917 1159 3990 πρὸς
1208 3918 1352 3988 ὑμᾶς
1415 3918 1542 3988 περὶ
1582 3915 1676 3971 τοῦ
1709 3934 1815 3970 πα-

236 4011 506 4084 τριάρχου
525 4010 707 4074 Δαυῒδ,
748 4012 830 4065 ὅτι
864 4011 958 4064 καὶ
981 4009 1297 4080 ἐτελεύτησε
1351 4010 1444 4062 καὶ
1488 4010 1682 4080 ἐτάφη,
1722 4010 1817 4063 καὶ

238 4104 305 4157 τὸ
345 4105 533 4175 μνῆμα
553 4103 715 4157 αὐτοῦ
745 4106 891 4157 ἐστιν
915 4104 972 4155 ἐν
1003 4099 1134 4174 ἡμῖν
1163 4102 1267 4165 ἕως
1303 4103 1401 4173 τῆς
1442 4102 1652 4174 ἡμέρας
1684 4100 1815 4155 ταύ-

237 4213 362 4268 της·
389 4197 673 4269 προφήτης
724 4192 815 4250 οὖν
847 4197 1126 4267 ὑπάρχων,
1186 4195 1282 4249 καὶ
1337 4193 1493 4259 εἰδὼς
1535 4196 1618 4248 δτι
1668 4196 1815 4266 ὅρκῳ

236 4286 455 4359 ὤμοσεν
480 4288 627 4358 αὐτῷ
659 4290 688 4341 6
715 4287 865 4352 Θεὸς,
898 4289 961 4340 ἐκ
1013 4286 1227 4359 καρποῦ
1270 4287 1370 4356 τῆς
1401 4285 1598 4356 ὀσφύος
1653 4286 1813 4340 αὑτοῦ

118 4396 127 4403 “
239 4379 464 4434 καθίσαι
486 4379 580 4433 ἐπὶ
603 4380 693 4432 τὸν
716 4379 904 4451 θρόνον
929 4377 1116 4442 αὐτοῦ,
1165 4376 1399 4450 προϊδὼν
1429 4376 1658 4448 ἐλάλησε
1689 4378 1815 4447 περὶ

236 4471 716 4543 τῆςιάναστάσεως
747 4469 839 4523 τοῦ
863 4470 1120 4542 Χριστοῦ,
1153 4472 1233 4524 ὅτι
1259 4468 1383 4524 οὔτε
1422 4467 1812 4540 ἐγκατελείφθη

237 4562 325 4624 εὶς
359 4559 512 4631 ᾅδην,
543 4558 665 4612 οὔτε
691 4562 724 4631 ἡ
754 4559 889 4631 σὰρξ
932 4559 1095 4613 αὐτοῦ
1154 4559 1229 4612 ἴδε
1290 4558 1606 4633 διαφθοράν.
1647 4579 1667 4611 ι
1701 4558 1808 4612 Τοῦ

235 4653 306 4723 δὴ
335 4623 541 4725 Ιίέτρου
569 4623 748 4706 τοίνυν
799 4623 1197 4715 ἀποδεδωκότος
1228 4656 1306 4716 εἰς
1332 4623 1422 4708 τὸν
1453 4623 1681 4725 έωτῆρα
1711 4653 1808 4724 τὴν
1840 4623 1885 4678 D

234 4742 343 4811 τῆς
392 4744 1064 4820 προφητείαςέρμηνείαν,
1107 4744 1372 4816 παρέσται
1396 4745 1474 4816 τῷ
1507 4746 1581 4816 μὴ
1603 4745 1810 4816 πάρερ-

236 4853 339 4907 γον
360 4836 456 4908 τὴν
479 4836 681 4890 τούτων
728 4836 951 4908 ἔρευναν
992 4838 1317 4908 ποιουμένῳ,
1371 4837 1489 4908 ἦτοι
1540 4840 1626 4891 ἐπ’
1664 4837 1812 4908 αὐτῷ

236 4929 422 4982 πᾶσαν
447 4929 546 4999 τὴν
594 4929 652 4983 ἐν
684 4928 760 5000 τῷ
798 4927 997 4999 ψαλμῷ
1043 4927 1186 4993 λέξιν
1226 4928 1534 4991 ἀκολούθως
1581 4929 1821 5000 ἐφαρμό-

235 5022 353 5087 ζειν
380 5015 463 5085 οἷς
492 5023 587 5074 καὶ
620 5023 648 5074 6
703 5021 904 5092 Πέτρος
947 5020 1245 5093 ἐξείληφεν,
1274 5020 1305 5091 ἢ
1351 5023 1462 5084 τοῖς
1502 5021 1591 5088 ὑφ’
1618 5021 1817 5091 ἐτέρων

233 5112 321 5176 εἰς
362 5110 455 5165 τὸν
510 5110 721 5182 ψαλμὸν
770 5109 1327 5181 ὑπομνηματισθεὶσιν
1371 5111 1632 5180 ἐντυχείνο
1687 5111 1816 5180 ἡμῖν

232 5203 349 5274 γάρ
380 5204 409 5255 6
451 5203 649 5266 σκοπὸς
668 5202 817 5256 οὐδὲν
842 5202 1022 5256 πλεῖον
1050 5201 1157 5254 τῶν
1186 5201 1489 5273 εἰρημένων
1528 5200 1706 5269 λέγειν
1736 5202 1817 5264 εἰς

232 5297 364 5361 τοὺς
389 5296 587 5359 τόπους
619 5297 926 5368 ἐπιτρέπει.

764 5388 1159 5443 ΚΕΦΛΛΑΙΟΝ
1198 5387 1281 5440 Η’.

825 5479 1072 5549 Ψαλμοῦ
1111 5478 1210 5543 ις’.

302 5571 416 5624 Καὶ
445 5570 506 5625 τὸ
537 5571 828 5644 λεγόμενον
862 5575 920 5625 ἐν
954 5572 1326 5642 ἑκκαιδεκάτῳ
1349 5568 1567 5641 ψαλμῷ,
1606 5587 1624 5620 ι
1660 5567 1806 5621 Ἐδο-

230 5663 475 5734 κίμασας
502 5643 601 5735 τὴν
628 5643 853 5736 καρδίαν
884 5682 1004 5736 μου,
1032 5665 1311 5735 ἐπισκέψω
1354 5663 1568 5725 νυκτὸς,
1596 5659 1808 5731 ἐπύρω-

304 5779 623 5856 ’ἶΡιιίΙὶρμ
662 5801 724 5853 ιι,
762 5783 814 5852 7,
846 5786 899 5843 8.
974 5785 1203 5845 "‘Psal.
1241 5784 1416 5854 me.
1492 5785 1536 5818 ³ο
1575 5783 1710 5841 ibid.
1771 5782 1840 5848 ε,

231 5850 393 5909 29-51
405 5892 420 5908 .

1920 3359 2199 3433 adigentes
2227 3363 2578 3421 interemistis
2608 3384 2621 3418 :
2645 3365 2968 3436 quem'Deus
2989 3373 3272 3428 suscitavit
3293 3375 3489 3435 solutis

1920 3452 2203 3508 doloribus
2250 3452 2471 3519 inferni,
2503 3457 2659 3524 juxta
2707 3457 2854 3526 quod
2889 3459 3223 3530 impossibile
3255 3470 3375 3518 erat
3408 3472 3489 3520 te-

1920 3544 2037 3600 neri
2067 3544 2221 3599 illum
2267 3543 2335 3599 ab
2367 3560 2453 3600 eo.
2492 3544 2660 3602 David
2688 3549 2832 3604 enim
2856 3549 2988 3606 dicit
3016 3553 3072 3605 in
3094 3567 3218 3606 eum
3246 3570 3259 3606 :
3296 3553 3489 3610 Provi-

1921 3636 2116 3693 debam
2176 3636 2464 3693 Dominum
2515 3639 2572 3694 in
2617 3651 2914 3711 conspectu
2958 3658 3080 3698 meo
3122 3658 3336 3713 semper
3360 3646 3424 3702 ³².
3463 3665 3481 3699 ι

1922 3725 2140 3797 Aliquot
2166 3744 2295 3783 vero
2339 3729 2701 3799 interpositis,
2728 3731 2844 3792 haec
2885 3731 3109 3801 subjicit
3148 3732 3430 3805 Scriptura
3469 3756 3481 3789 :

1925 3838 1943 3870 ι
1996 3817 2107 3872 Viri
2156 3817 2377 3881 fratres.
2409 3820 2570 3874 liceat
2621 3819 2887 3876 audenter
2937 3821 3119 3877 dicere
3174 3822 3240 3877 ad
3276 3839 3372 3878 vos
3417 3824 3488 3880 de

1918 3911 2228 3981 patriarcha
2261 3910 2449 3977 David,
2481 3913 2767 3984 quoniam}
2791 3911 3080 3969 defunctus
3108 3921 3193 3969 est
3219 3923 3273 3969 et
3303 3915 3481 3985 sepul-

1920 4009 2008 4057 tus
2034 4020 2047 4055 :
2073 4009 2128 4057 et
2166 4003 2477 4073 sepulcrum
2513 4003 2635 4074 ejus
2661 4010 2746 4060 est
2779 4004 2921 4074 apud
2962 4019 3063 4059 nos
3093 4020 3266 4075 usque
3296 4006 3352 4060 in
3387 4007 3486 4062 ho-

1916 4092 2165 4148 diernum
2205 4093 2369 4149 diem.
2401 4093 2670 4165 Propheta
2702 4095 2867 4167 igitur
2894 4110 3017 4149 cum
3049 4102 3217 4160 esset,
3235 4104 3289 4152 et
3319 4097 3485 4154 sciret

1918 4188 2044 4255 quia
2078 4185 2440 4256 jurejurando
2464 4186 2708 4256 jurasset
2734 4187 2811 4242 illi
2839 4186 2983 4244 Deus
3009 4187 3075 4242 de
3106 4187 3287 4243 fructu
3312 4190 3484 4245 lumbi

1916 4278 2038 4350 ejus
2083 4279 2277 4335 sedere
2316 4295 2480 4351 super
2520 4279 2701 4335 sedem
2731 4281 2893 4350 ejus;
2922 4281 3214 4351 providens
3269 4284 3484 4339 locutus

1916 4380 2002 4428 est
2023 4373 2090 4429 de
2118 4372 2523 4429 resurrectione
2550 4371 2775 4437 Christi,
2808 4373 2939 4443 quia
2973 4389 3148 4445 neque
3189 4375 3484 4430 derelictus

1915 4475 2001 4521 est
2053 4465 2111 4519 in
2165 4465 2403 4530 inferno,
2452 4480 2631 4534 neque
2666 4479 2797 4519 caro
2842 4463 2962 4533 ejus
3005 4465 3138 4518 vidit
3169 4467 3482 4536 corruptio:-

1914 4569 2038 4609 nem
2067 4553 2132 4609 ³³.
2168 4572 2188 4606 ι
2227 4552 2389 4608 Petro
2414 4555 2575 4624 igitur
2606 4555 2743 4609 hanc
2787 4552 2856 4608 de
2894 4552 3113 4608 Christo
3141 4556 3481 4624 prophetiam

1912 4643 2033 4713 ipso
2056 4642 2468 4711 interpretante,
2492 4640 2865 4711 reliquumest
2895 4656 3351 4712 supervacaneam
3383 4644 3483 4698 ho-

1915 4750 2038 4790 rum
2059 4733 2460 4804 indagationem
2490 4747 2599 4786 non
2626 4732 2866 4798 facienti;
2891 4734 2976 4787 vel
3004 4732 3053 4787 ei
3083 4748 3297 4788 onmem
3332 4737 3482 4805 psal-

1918 4826 1996 4882 mi
2031 4832 2346 4882 contextum
2394 4830 2763 4895 congruenter
2804 4822 3217 4881 accommodare
3242 4841 3368 4880 cum
3414 4827 3484 4881 iis

1920 4933 2043 4990 quae
2077 4917 2273 4974 Petrus
2310 4916 2548 4981 censuit,
2573 4916 2657 4972 vel
2690 4916 2923 4986 prolatis
2959 4918 3014 4970 in
3039 4917 3185 4971 hunc
3212 4918 3482 4988 psalmum

1919 5009 2328 5065 commentariis
2370 5008 2494 5065 aliis
2540 5006 3079 5064 iucumhere.‘Nobis
3106 5009 3250 5064 enim
3283 5024 3486 5081 propo-

1919 5102 2084 5157 situm
2114 5102 2225 5172 jam
2264 5101 2333 5157 de
2374 5101 2477 5157 hac
2509 5101 2733 5155 materia
2783 5096 2950 5154 dicrie
2995 5098 3293 5173 quidquam
3341 5109 3487 5157 vetat

1919 5194 2170 5264 adjicere.

2506 5377 2732 5436 CAPUT
2771 5379 2901 5437 Vlll.

2338 5467 2388 5522 Ε
2414 5470 2621 5539 psalmo
2649 5475 2849 5528 decimo
2893 5482 3060 5528 sexto.

1985 5564 2102 5620 Hoc
2128 5564 2182 5619 in
2205 5564 2422 5622 decimo
2461 5577 2616 5623 sexto
2636 5567 2845 5638 psalmo
2877 5566 3083 5621 dictum
3117 5583 3132 5620 :
3180 5582 3199 5615 ι
3238 5562 3489 5620 Probasti

1915 5672 2012 5713 cor
2053 5672 2234 5712 meum
2274 5664 2332 5717 et
2362 5660 2594 5717 visitasti
2633 5667 2829 5714 nocte:
2864 5657 2989 5729 igne
3018 5671 3106 5712 me
3130 5656 3489 5722 exatninasti,

1874 5778 1928 5838 ε.
2006 5779 2046 5811 ιιι
2087 5776 2237 5840 Psal.
2297 5783 2574 5851 “,8-11.
2653 5783 2696 5815 ει
2733 5781 2854 5836 Act.
2893 5777 3190 5848 mas-25.
3268 5776 3314 5808 ιθ
3354 5777 3484 5832 sum.
