3868 6264
458 357 597 415 1105

1159 349 1425 409 EUSEBII
1463 347 1940 405 CESABIENSIS
1975 348 2126 406 OPP.
2166 347 2348 403 PARS
2388 347 2476 403 Ill.
2521 379 2592 392 -—
2627 346 3035 405 EXEGETICA.

3519 358 3623 417 ιιοι

459 482 512 533 οι
541 489 648 532 non
674 479 757 528 est
786 478 1005 529 inventa
1023 470 1076 524 in
1094 484 1180 525 me
1196 469 1458 540 iniquitas
1480 468 1545 535 “,
1589 486 1607 520 ι
1641 467 1800 539 quasi
1829 467 2033 522 Christi

2141 465 2240 529 σάς
2272 481 2338 536 με
2371 463 2435 535 (f.
2466 464 2580 536 ει),
2620 465 2714 519 καὶ
2744 464 2842 535 οὐχ
2871 463 3067 537 εὑρέθη
3097 464 3153 516 ἐν
3182 462 3299 533 ἐμοὶ
3329 465 3501 533 ἀδικία,
3534 471 3626 537 »ὡς

424 628 429 633 ,
460 580 592 622 voce
618 566 885 635 prolatum
915 561 1421 626 animadvertimus,
1456 575 1580 615 cum
1607 575 1718 614 non
1748 560 1906 614 aliter
1926 558 2029 612 bu-

460 670 633 711 mana:
659 662 867 709 natura:
888 652 993 708 hoc
1021 652 1203 709 dicere
1223 653 1501 723 proprium
1531 636 1695 708 esset.
1721 648 2032 721 Omnesque

459 746 624 817 hujus
676 746 870 816 psalmi
927 746 1213 801 sententia:
1246 762 1340 800 eas
1372 752 1629 800 accurate
1676 743 2029 814 perpendenti

459 845 713 910 spectare
741 836 808 892 ad
836 835 1176 892 Salvatorem
1200 837 1478 892 videmur.

1004 1038 1015 1053 Ι
1055 969 1284 1025 CAPUT
1337 970 1428 1025 Ix.

846 1106 894 1163 E
918 1108 1124 1177 psalmo
1152 1108 1353 1163 decimo
1392 1109 1635 1179 septimo.

528 1239 664 1297 Cum
697 1243 988 1314 septimum
1025 1251 1079 1300 et
1110 1242 1382 1299 decimum
1419 1244 1685 1314 psalmum
1721 1258 1826 1300 non
1864 1245 2028 1300 alium

459 1335 705 1403 quemvis
741 1334 1028 1405 designare
1079 1335 1391 1389 circumcisi
1428 1343 1656 1405 putant,
1714 1336 1822 1390 nisi
1857 1334 2031 1389 Davi-

459 1423 580 1480 dem
600 1467 614 1492 ,
643 1440 710 1481 eo
742 1425 886 1496 quod
923 1426 975 1481 id
1022 1425 1307 1496 inscriptio
1337 1425 1581 1481 indicare
1605 1424 1819 1481 videtur
1841 1466 1855 1490 ,
1902 1442 2033 1481 con-

461 1515 750 1573 fundemus
818 1532 913 1574 eos
976 1518 1121 1573 hunc
1185 1520 1364 1573 locum
1438 1518 1578 1574 tueri
1638 1530 2028 1589 nequeuntes:

464 1627 484 1663 ι
521 1608 734 1683 Eripics
777 1627 861 1666 me
909 1611 976 1667 de
1012 1613 1539 1668 contradictionibus
1573 1613 1756 1684 papuli
1783 1632 1795 1666 :
1826 1612 2032 1669 consti-

460 1711 579 1759 tues
611 1719 696 1760 me
738 1704 793 1760 in
842 1715 1005 1775 caput
1056 1707 1320 1776 gentium.
1361 1703 1637 1775 Populus,
1698 1719 1859 1777 quem
1920 1720 2028 1760 non

459 1794 726 1865 cognovi,
779 1796 1002 1850 servivit
1048 1795 1218 1849 mihi:
1258 1796 1312 1849 in
1369 1795 1557 1849 auditu
1606 1796 1756 1851 auris
1790 1794 2029 1850 obedivit

2132 557 2240 611 ἀπὸ
2264 555 2503 627 Χριστοῦ
2541 554 2726 626 φωνῆς
2751 555 3018 626 τυγχάνον
3055 555 3507 626 ἐσημειωσάμεθα,
3537 560 3628 617 ἐπεὶ

2135 651 2209 722 μὴ
2239 650 2413 714 ἄλλως
2451 650 2764 723 ἀνθρωπεία
2788 651 2949 721 φύσει
2976 649 3136 703 τοῦτο
3165 650 3380 719 φάσκειν
3406 652 3627 723 ἁρμόττει.

2132 746 2224 796 καὶ
2252 742 2449 806 πάντες
2468 743 2524 797 δὲ
2542 743 2592 795 οί
2613 743 2673 795 ἐν
2693 743 2768 814 τῷ
2788 742 2986 814 ψαλμῷ
3012 743 3159 812 λόγοι
3176 740 3252 813 τῷ
3268 742 3489 817 ἐνορῶντι
3516 747 3628 821 ἀκρι-

2135 834 2246 891 6ῶς
2274 833 2469 897 αὐτοὺς
2500 835 2588 886 ἐπὶ
2616 834 2708 887 τὸν
2734 835 2960 907 Σωτῆρα
2988 833 3351 906 ἀναφέρεσθαι
3382 834 3604 893 δύνανται.

2652 970 3049 1025 ΚΕΦΑΛΑΙΟΝ
3086 972 3164 1027 Θ’.

2730 1104 2979 1174 Ψαλμοῦ
3016 1101 3103 1165 ιζ’.

2216 1236 2369 1289 Ἐπεὶ
2399 1235 2495 1289 καὶ
2544 1236 2637 1289 τὸν
2683 1237 3140 1292 ἑπτακαιδέκατον
3178 1237 3382 1310 ψαλμὸν
3408 1242 3493 1295 οὐκ
3506 1244 3554 1309 ἐξ
3574 1247 3631 1301 ἄλ·

2134 1327 2226 1380 λου
2257 1327 2403 1393 τινδς
2439 1326 2696 1397 λέγεσθαι
2724 1327 2998 1399 νομιοῦσιν
3028 1330 3078 1382 οί
3113 1330 3177 1382 ἐκ
3208 1332 3485 1404 περιτομῆς
3511 1334 3538 1403 ἦ
3570 1336 3638 1391 τοῦ

2132 1419 2316 1485 Δαυῒδ,
2349 1419 2435 1473 διὰ
2468 1419 2528 1472 τὸ
2558 1423 2651 1474 καὶ
2682 1419 2778 1491 τὴν
2805 1421 3118 1493 ἐπιγραφὴν
3148 1422 3312 1476 αὑτοῦ
3341 1424 3484 1477 τοῦτο
3511 1425 3642 1481 δοκεῖν

2132 1513 2433 1584 ἐμφαίνειν,
2461 1511 2717 1583 θλίψομεν
2746 1513 2938 1577 αὐτοὺς
2960 1514 3018 1566 οὐ
3039 1513 3364 1586 δυναμένους
3393 1516 3558 1581 σώζειν
3580 1521 3641 1573 ἐπ’

2133 1605 2298 1658 αὐτοῦ
2325 1606 2403 1669 τὸ,
2452 1623 2471 1656 ι
2522 1604 2687 1677 Ῥύσῃ
2720 1623 2787 1677 με
2817 1605 2875 1672 ἐξ
2903 1606 3208 1675 ἀντιλογίας
3237 1606 3363 1661 λαοῦ
3386 1649 3399 1671 ,
3428 1615 3645 1683 καταστή-

2135 1714 2247 1761 σεις
2271 1715 2337 1768 με
2366 1699 2447 1761 είς
2486 1697 2727 1768 κεφαλὴν
2759 1696 2945 1751 ἐθνῶν·
2973 1698 3118 1762 λαὸς,
3142 1698 3201 1752 ὃν
3227 1699 3324 1752 οὐκ
3351 1699 3521 1769 ἔγνων,
3534 1702 3644 1756 ἐδού-

2133 1787 2290 1842 λευσέ
2313 1806 2435 1860 μοι,
2487 1792 2568 1854 είς
2594 1790 2764 1861 ἀκοὴν
2797 1789 2958 1843 ὠτίου
3006 1791 3288 1861 ὑπήκουσέ
3320 1809 3423 1862 μοι·
3464 1794 3552 1847 υἱοὶ
3580 1795 3647 1849 ἀλ-

460 1886 612 1941 mihi.
649 1885 770 1943 Filii
808 1888 970 1943 alieni
1001 1889 1211 1943 mentiti
1246 1895 1375 1943 sunt
1416 1888 1569 1952 mihi,
1617 1887 1711 1942 ﬁlii
1746 1888 1906 1943 alieni
1948 1888 2033 1941 in-

2137 1881 2335 1953 λότριοι
2352 1881 2646 1951 ἐψεύσαντό
2669 1900 2778 1954 μοι,
2809 1883 2915 1937 υἱοὶ
2940 1882 3210 1956 ἀλλότριοι
3238 1884 3643 1958 ἐπαλαιώθησαν.»

460 1979 683 2035 veterati
711 1989 839 2035 sunt
868 1981 934 2035 ³³.
970 2000 988 2033 ι
1045 1981 1288 2048 Quarum
1337 1982 1481 2035 enim
1514 1984 1752 2052 gentium
1788 1981 1840 2035 in
1876 1988 2038 2051 caput

462 2070 718 2127 Davidem
754 2073 1112 2128 constitutum
1165 2073 1451 2129 ostendere
1495 2073 1716 2138 valent,
1772 2081 1867 2127 aut
1913 2074 2039 2144 quis

461 2165 566 2220 iste
598 2165 830 2236 populus
850 2205 865 2230 ,
899 2180 1058 2236 quem
1093 2180 1201 2220 non
1229 2174 1556 2237 cognoverat
1586 2169 1740 2236 prius
1768 2208 1781 2229 .
1838 2168 2040 2238 quique

460 2269 639 2312 tamen
668 2258 716 2313 ei
746 2259 965 2321 serviit,
1005 2260 1059 2313 in
1103 2258 1291 2313 auditu
1323 2260 1471 2315 auris
1501 2259 1763 2314 obediens
1799 2261 1881 2314 ei!
1935 2260 2039 2324 Qui

461 2359 511 2405 et
546 2351 757 2407 mentlti
798 2353 845 2405 ei
888 2351 982 2405 iilii
1012 2353 1174 2408 alieni
1203 2352 1482 2417 dicuntur,
1523 2362 1577 2408 et
1615 2353 1930 2417 inveterati,
1986 2363 2040 2410 et

460 2442 831 2500 claudicantes
860 2460 889 2499 a
922 2444 1131 2499 semitis
1156 2444 1310 2500 suis?
1339 2446 1406 2498 At
1436 2445 1591 2500 nobis
1624 2447 1757 2498 nihil
1793 2447 1952 2515 plane
1973 2462 2033 2501 ex

461 2534 528 2590 iis
553 2550 673 2606 qua:
705 2536 759 2590 in
792 2536 895 2591 hoc
940 2536 1152 2606 psalmo
1189 2534 1521 2600 referuntur,
1549 2551 1579 2591 a
1623 2553 1853 2608 persona
1884 2538 2042 2593 Chri-

460 2628 530 2683 sti
567 2628 963 2684 detrahendum
988 2669 1003 2691 ,
1060 2629 1151 2699 qui
1205 2630 1260 2684 in
1297 2631 1541 2701 gentium
1581 2629 1839 2687 Ecclesia:
1877 2639 2040 2701 caput

461 2722 795 2777 constitutus
824 2730 947 2788 est;
989 2721 1241 2793 hancque
1295 2723 1636 2793 prophetiam
1663 2766 1677 2787 ,
1715 2725 1858 2778 sicut
1896 2724 2042 2777 acci-

462 2816 677 2887 pimus,
729 2815 888 2885 plane
933 2815 1208 2884 impletum
1253 2815 1520 2870 videmus.
1573 2814 1803 2869 Eramus
1859 2816 2037 2879 enim,

461 2921 683 2960 eramus
733 2920 858 2961 vere
903 2923 920 2955 ι
969 2904 1187 2959 alienati
1241 2920 1271 2959 a
1324 2905 1683 2959 conversione
1736 2901 1932 2968 Israel,
1988 2911 2042 2958 et

463 3000 708 3070 hospites
727 3004 1176 3054 testamentorum
1204 2995 1580 3066 promissionis
1610 2994 1676 3059 ",
1703 3013 1721 3047 ι
1756 3002 1810 3049 et
1838 2994 2043 3049 idcirco

463 3091 626 3147 Verbi
673 3090 766 3145 Dei
813 3089 1124 3162 cognitione
1169 3089 1420 3158 indigni;
1465 3089 1559 3143 sed
1599 3105 1618 3137 ι
1662 3102 1810 3142 nunc
1837 3070 2041 3158 cogno-

462 3189 681 3242 scentes
705 3180 897 3245 Deum,
926 3181 1036 3235 imo
1070 3196 1099 3233 a
1125 3179 1234 3235 Deo
1263 3179 1465 3248 cogniti
1503 3178 1587 3247 ³⁷;
1621 3178 1713 3249 qui
1752 3177 2043 3247 aliquando

2138 1974 2313 2028 Ποίων
2346 1976 2454 2048 γὰρ
2477 1975 2646 2029 ἐθνῶν
2673 1979 2753 2040 είς
2791 1975 3031 2048 κεφαλὴν
3060 1977 3403 2031 καταστάντα
3425 1979 3506 2032 τὸν
3532 1978 3652 2034 Δαυίδ

2136 2064 2311 2135 ἔχοιεν
2339 2068 2708 2138 παραστῆσαι,
2746 2066 2779 2138 ἢ
2813 2070 2964 2131 ποῖος
2997 2062 3149 2132 οὗτος
3173 2068 3321 2133 λαὸς,
3344 2069 3400 2123 δν
3418 2070 3506 2123 οὐκ
3528 2071 3647 2139 ἐγνώ-

2138 2172 2223 2208 κει
2258 2156 2355 2226 μὲν
2385 2157 2546 2221 αὐτὸς
2574 2158 2855 2230 πρότερον,
2893 2159 3041 2230 ὅμως
3060 2159 3115 2211 δέ
3145 2160 3451 2216 ἐδούλευσεν
3467 2162 3652 2232 αὐτῷείς

2137 2247 2340 2316 ἀκουὴν
2373 2246 2533 2300 ὠτίου
2570 2248 2885 2312 ὑπακούσας
2924 2248 3091 2319 αὐτῷ’
3124 2250 3271 2314 τίνες
3299 2251 3355 2304 δὲ
3386 2252 3470 2304 καὶ
3489 2254 3530 2305 oi
3559 2253 3650 2320 ψευ-

2138 2338 2363 2408 σάμενοι
2389 2337 2538 2409 αὐτῷ
2560 2340 2665 2392 υἱοὶ
2686 2339 2951 2411 ἀλλότριοι
2970 2340 3277 2411 λεγόμενοι,
3300 2341 3391 2394 καὶ
3408 2343 3453 2395 οί
3472 2342 3651 2397 παλαιω

2139 2426 2321 2490 θέντες
2350 2428 2444 2480 καὶ
2473 2427 2812 2497 χωλάναντες
2835 2429 2942 2483 ἀπὸ
2960 2428 3068 2483 τῶν
3092 2430 3303 2502 τρίϐων
3335 2432 3528 2497 αὐτῶνς
3556 2433 3657 2485 Ἀλλ’

2088 2548 2095 2558 ·
2138 2523 2269 2592 ἡμῖν
2300 2522 2409 2575 οὐδ’
2434 2522 2571 2587 ὅλως
2592 2540 2645 2576 τι
2667 2523 2773 2577 τῶν
2799 2526 2857 2578 ἐν
2888 2525 2965 2596 τῷ
2991 2524 3187 2607 ψαλμῷ
3216 2526 3508 2598 λεγομένων
3534 2545 3659 2598 πρθσ.

2138 2614 2292 2683 κόψει
2318 2616 2381 2668 ἐκ
2416 2615 2707 2687 προσώπου
2738 2617 2833 2671 τοῦ
2858 2619 3117 2688 Χριστοῦ,
3154 2620 3254 2674 τοῦ
3295 2621 3658 2683 κατασταθέντος

2139 2707 2219 2769 εἰς
2243 2706 2483 2779 κεφαλὴν
2509 2709 2608 2779 τῆς
2630 2707 2690 2773 ἐξ
2720 2709 2886 2764 ἐθνῶν
2924 2709 3273 2782 Ἐκκλησίας,
3292 2713 3384 2766 καὶ
3394 2713 3572 2783 ταύτην
3595 2714 3661 2766 ἐκ-

2140 2795 2473 2867 λαμϐάνουσι
2502 2800 2599 2871 τὴν
2631 2802 2964 2872 προφητείαν
2980 2801 3249 2875 θεωροῦσί
3278 2821 3338 2857 τε
3367 2804 3520 2876 αὐτὴν
3548 2806 3661 2875 ἐναρ-

2140 2887 2252 2957 γῶς
2286 2888 2741 2961 πεπληρωμένην·
2778 2888 2920 2963 ἦμεν
2945 2892 3075 2963 γὰρ,
3096 2891 3130 2965 ἦ
3141 2912 3243 2966 μεν
3274 2896 3481 2968 ἀληθῶς
3508 2898 3663 2969 ιάπηλ-

2140 2976 2493 3050 λοτριωμένοι
2519 2982 2618 3052 τῆς
2650 2982 2923 3047 πολιτείας
2946 2983 3040 3037 τοῦ
3076 2984 3320 3058 Ἰσραὴλ,
3344 2989 3433 3042 καὶ
3449 2988 3569 3055 ξένοι
3586 2988 3663 3041 τῶν

2141 3069 2413 3143 διαθηκῶν
2439 3075 2537 3144 τῆς
2568 3074 2919 3143 ἐπαγγελίας,
2954 3096 2973 3128 ι
3024 3078 3115 3131 καὶ
3148 3079 3240 3132 διὰ
3285 3079 3441 3134 τοῦτο
3462 3081 3528 3152 μὴ
3563 3080 3665 3148 ἄξιοι

2141 3162 2243 3232 τῆς
2262 3162 2358 3216 τοῦ
2385 3163 2544 3233 λόγου
2568 3164 2661 3219 τοῦ
2688 3166 2823 3220 Θεοῦ
2858 3167 3131 3235 γνώσεώς⁵
3168 3169 3309 3225 ἀλλά
3340 3192 3358 3223 ι
3380 3172 3471 3226 νῦν
3497 3172 3665 3240 γνόντες

461 3289 684 3333 eramus
735 3273 929 3344 longe,
966 3271 1094 3327 facti
1136 3287 1327 3327 sumus
1380 3285 1546 3341 prope
1577 3270 1642 3335 ³⁸,
1681 3288 1699 3323 ι
1735 3277 1789 3325 et
1816 3269 2037 3325 servivi-

2144 3253 2296 3319 Θεὸν,
2323 3255 2520 3326 μᾶλλον
2535 3257 2591 3310 δὲ
2613 3258 2945 3327 γνωσθέντες
2976 3263 3066 3315 ὑπ’
3087 3263 3280 3329 αὐτοῦ,
3308 3282 3327 3316 ι
3350 3236 3556 3336 ἡμεῖς-οἱ
3574 3263 3669 3316 ποτὲ

462 3384 589 3425 mus
626 3383 729 3424 nos
773 3366 902 3422 olim
935 3381 1043 3420 non
1085 3365 1459 3436 cognoscenti,
1489 3372 1544 3419 et
1580 3363 1632 3418 in
1665 3364 1853 3417 auditu
1891 3361 2042 3416 auris

462 3460 805 3519 obedivimus
833 3461 904 3524 ei,
931 3467 1156 3530 accepto
1196 3459 1318 3514 novi
1341 3457 1674 3514 Testamentl
1704 3456 1823 3526 ejus
1850 3455 2037 3519 verbo,

463 3554 610 3626 quod
639 3555 693 3609 in
718 3569 821 3610 nos
852 3551 1071 3608 infudit.
1105 3551 1238 3608 Mire
1266 3559 1445 3608 autem
1476 3558 1599 3624 post
1628 3548 1782 3614 illud,
1814 3567 1833 3600 ι
1868 3564 2043 3620 popu-

463 3646 552 3701 lus
582 3660 744 3718 quem
771 3660 881 3701 non
914 3644 1164 3717 cognovi,
1199 3645 1423 3701 servivit
1454 3645 1610 3713 mihi,
1648 3664 1666 3697 ι
1701 3653 1757 3701 et
1786 3653 1909 3717 post
1946 3662 2042 3701 vo-

464 3740 733 3794 cationem
764 3744 1039 3803 nostram,
1077 3743 1312 3793 veterem
1354 3736 1693 3809 Synagogam
1741 3738 1918 3792 innuit
1954 3737 2042 3794 his

463 3833 690 3889 verbis:
728 3850 746 3884 ι
795 3831 916 3886 Filii
976 3831 1136 3885 alieni
1197 3829 1407 3885 mentiti
1468 3838 1597 3885 sunt
1654 3829 1808 3893 mihi,
1860 3848 1878 3882 ι
1922 3845 2044 3901 qua:

464 3926 608 3983 idem
638 3933 838 3982 sonant
867 3939 947 3988 ac,
993 3942 1010 3974 ι
1059 3922 1227 3978 Filios
1264 3921 1498 3977 enutrivi
1531 3928 1585 3976 et
1623 3922 1854 3977 exaltavi
1881 3962 1896 3987 ,
1940 3924 2041 3994 ipsi

465 4027 647 4074 autem
700 4023 1021 4087 Spreverunt
1060 4030 1144 4070 me
1192 4014 1257 4069 ³⁸.
1311 4034 1331 4067 ι
1391 4012 1486 4069 lsti
1538 4021 1718 4069 autem
1758 4014 2039 4071 inveterati

466 4124 596 4168 sunt
620 4110 993 4166 claudicantes
1035 4108 1090 4162 in
1122 4108 1333 4163 semitis
1367 4108 1503 4172 suis,
1537 4114 1590 4164 et
1622 4106 1718 4162 Dei
1761 4107 2040 4162 Christum

464 4219 576 4261 non
609 4202 978 4273 accipientes:
1029 4201 1121 4271 qui
1169 4200 1237 4254 ab
1276 4199 1356 4255 eis
1403 4199 1670 4268 rejectus,
1704 4205 2039 4256 constitutus

465 4306 549 4355 est
581 4313 611 4352 a
632 4298 795 4352 Patre
831 4295 886 4350 in
910 4304 1072 4364 caput
1097 4293 1471 4355 servientium,
1501 4299 1555 4347 et
1582 4292 1637 4346 in
1662 4292 1850 4347 auditu
1887 4293 2038 4348 auris

463 4388 834 4445 obedientium
883 4387 931 4442 ei
991 4385 1231 4457 gentium
1265 4424 1280 4449 ,
1345 4383 1645 4440 secundum
1694 4385 2036 4455 prophetiam

465 4484 601 4538 alias
629 4483 897 4537 dicentem
938 4498 949 4534 :
1014 4498 1032 4531 ι
1087 4476 1345 4549 Lapidem
1396 4492 1557 4547 quem
1609 4477 2038 4547 reprobaverunt

463 4575 814 4637 aediﬁcantes,
834 4572 923 4626 hic
936 4571 1112 4627 factus
1128 4571 1281 4627 estin
1295 4569 1651 4640 caputanguli
1665 4568 1729 4623 ⁸ο.
1746 4588 1762 4621 ι
1781 4567 1918 4622 Ρυιο
1935 4584 2033 4622 au-
2065 4584 2113 4642 ι)

464 4670 572 4719 tem
605 4661 946 4716 divinitatem
984 4659 1297 4729 Christique
1323 4658 1388 4712 ad
1429 4659 1676 4714 homines
1708 4658 2034 4714 descensum

464 4755 658 4827 p‘rimis
710 4753 906 4823 psalmi
955 4752 1238 4808 versiculis
1278 4751 1532 4817 ostendi;
1582 4766 1702 4822 quae
1750 4751 2038 4823 mysterio-

466 4848 584 4903 sius
614 4846 759 4902 dicta
801 4861 910 4901 non
953 4843 1305 4901 adventitiam
1361 4850 1415 4897 et
1447 4843 1751 4897 breviorem
1785 4842 2037 4913 explana-

464 4943 668 4997 tionem
700 4939 1095 5000 desiderarent,
1144 4938 1444 5009 praesertim
1480 4937 1534 4990 in
1568 4938 1669 4990 hoc
1698 4936 1855 4991 loco:
1894 4953 1912 4986 ι
1947 4934 2035 4988 ln-

464 5031 689 5089 clinavit
715 5033 883 5087 caelos
921 5038 974 5084 et
1001 5028 1323 5093 descendit,
1370 5036 1424 5083 et
1465 5027 1639 5098 caligo
1677 5026 1779 5081 sub
1809 5026 2038 5096 pedibus

464 5123 607 5190 ejus.
634 5128 689 5176 et
729 5120 975 5176 ascendit
1009 5118 1487 5188 soperCherubim
1526 5125 1579 5172 et
1606 5117 1850 5171 volavit:
1888 5117 2040 5171 vola-

466 5200 545 5266 vit
579 5227 745 5282 super
769 5225 978 5279 pennas
1003 5216 1290 5262 ventorum
1324 5208 1388 5259 ".
1424 5226 1440 5259 ι
1478 5205 1608 5274 Quae
1632 5213 1935 5277 sequuntur
1970 5205 2037 5260 ad

467 5301 562 5360 Dei
598 5304 830 5360 Verbum
857 5310 1123 5373 spectant.

2141 3346 2294 3411 ὄντες
2315 3349 2532 3419 μακρὰν
2561 3349 2899 3421 ἐγενήθημεν
2926 3353 3110 3420 ἐγγὺς,
3154 3372 3174 3405 ι
3207 3354 3305 3407 καὶ
3334 3353 3668 3424 ἐδουλεύσαμεν

2141 3436 2219 3509 τῷ
2254 3439 2422 3492 πάλαι
2450 3439 2524 3511 μὴ
2552 3441 2732 3509 γνόντι
2758 3443 2790 3511 ἡ
2799 3442 2925 3510 μᾶς,
2959 3445 3054 3496 καὶ
3077 3445 3158 3507 είς
3182 3444 3356 3516 ἀκοὴν
3386 3444 3536 3498 ὠτίου
3561 3446 3669 3515 ὑπη-

2142 3527 2417 3600 κούσαμεν
2442 3530 2607 3601 αὐτῷ,
2636 3531 3067 3603 παραδεξάμενοι
3101 3535 3193 3588 τὸν
3235 3537 3338 3608 τῆς
3377 3537 3550 3607 καινῆς
3574 3538 3667 3587 Ata-

2142 3619 2316 3693 θήκης
2345 3622 2508 3676 αὑτοῦ
2536 3623 2709 3692 λόγον,
2740 3624 2797 3676 δν
2817 3624 3180 3697 διέθετοπρὸς
3205 3630 3377 3698 ἡμᾶς.
3399 3626 3670 3697 Θαυμασίως

2140 3710 2199 3763 δέ
2234 3712 2371 3782 μετά
2401 3712 2481 3777 τὸ,
2518 3732 2536 3763 ι
2575 3713 2720 3778 λαὸς,
2764 3715 2823 3767 ὂν
2851 3716 2950 3768 οὐκ
2971 3715 3139 3784 ἔγνων
3164 3761 3179 3784 ,
3232 3717 3507 3772 ἐδούλευσέ
3546 3734 3666 3788 pm,»

2142 3806 2236 3857 καὶ
2261 3804 2356 3874 τὴν
2376 3807 2501 3877 περὶ
2523 3806 2679 3877 ἡμῶν
2713 3807 2901 3878 κλῆσιν
2931 3809 2999 3862 τὰ
3023 3809 3154 3881 περὶ
3177 3811 3283 3881 τῆς
3305 3811 3560 3883 προτέρας
3576 3809 3672 3862 Συν-

2139 3897 2361 3966 αγωγῆς
2398 3897 2668 3951 ἐκτίθεται
2708 3899 2794 3953 διὰ
2841 3899 2958 3964 τοῦ,
3019 3919 3038 3951 ι
3089 3901 3209 3954 Υἱοὶ
3261 3902 3520 3973 ἀλλότριοι

2143 3987 2301 4039 σαντό
2331 4004 2440 4058 μοι,
2482 4008 2499 4039 ι
2552 3990 2903 4061 ἰσοδυναμοῦν
2928 3990 3041 4061 τῷ,
3083 4011 3101 4043 ι
3135 3993 3304 4059 Υίοὺς
3343 3991 3674 4065 ἐγέννησακαὶ

2142 4077 2352 4147 ὖψωσα,
2373 4081 2524 4134 αὐτοὶ
2559 4081 2615 4134 δέ
2642 4098 2708 4153 με
2723 4082 3012 4154 ἠθέτησαν
3033 4103 3052 4135 ι
3074 4079 3219 4139 οὗτοι
3246 4086 3305 4139 δὲ
3334 4088 3427 4140 καὶ
3455 4081 3673 4139 ἐπαλαιώο

2141 4170 2309 4240 θησαν
2339 4172 2676 4243 χωλάναντες
2703 4175 2810 4228 ἀπὸ
2839 4175 2946 4229 τῶν
2963 4176 3165 4249 τρίϐων
3187 4178 3394 4242 αὐτῶν,
3410 4180 3498 4232 καὶ
3522 4176 3584 4248 μὴ
3603 4191 3673 4228 πα·

2144 4259 2490 4334 ραδεξάμενοι
2521 4263 2612 4318 τὸν
2637 4265 2868 4336 Χριστὸν
2896 4266 2991 4320 τοῦ
3014 4266 3250 4332 Θεοῦ,ὃς
3270 4264 3674 4337 ἀποδοκιμασθεὶς

2140 4353 2231 4407 ὐπ’
2260 4353 2437 4408 αὐτῶν
2482 4355 2783 4427 κατεστάθη
2825 4357 2930 4411 ὑπὸ
2966 4359 3060 4413 τοῦ
3106 4360 3327 4431 Πατρὸς
3368 4363 3446 4425 είς
3482 4355 3674 4429 κεφαλὴν

2137 4444 2245 4499 τῶν
2271 4446 2704 4513 δουλευσάντων,
2752 4450 2846 4502 καὶ
2871 4451 2950 4514 εἱς
2988 4451 3155 4523 ἀκοὴν
3184 4453 3353 4507 ὠτίου
3392 4450 3674 4527 ὑπακουσάν-

2137 4553 2245 4591 των
2281 4537 2428 4609 αὐτῷ
2469 4538 2668 4604 ἐθνῶν,
2692 4540 2832 4594 κατά
2864 4542 2962 4612 τὴν
2988 4543 3214 4614 ἑτέρωθι
3248 4544 3548 4615 φάσκουσαν
3577 4556 3675 4610 προ-

2140 4629 2386 4697 φητείαν,
2417 4646 2435 4680 ι
2466 4628 2646 4693 Λίθον,
2686 4629 2745 4683 ὃν
2778 4632 3188 4703 ἀπεδοκίμασαν
3211 4638 3261 4689 οί
3296 4634 3671 4705 οἰκοδομοῦντες.

2137 4714 2291 4784 οὗτος
2319 4721 2547 4795 ἐγενήθη
2583 4724 2663 4786 είς
2690 4724 2928 4797 κεφαλὴν
2953 4726 3173 4795 γωνίας.
3207 4746 3229 4781 ι
3262 4724 3429 4799 Οἶμαι
3456 4727 3509 4780 δὲ
3528 4725 3605 4779 καὶ
3624 4721 3672 4776 τὰ

2139 4813 2267 4881 περὶ
2297 4812 2397 4883 τῆς
2425 4813 2672 4887 θεότητος
2692 4816 2787 4869 καὶ
2814 4817 2912 4887 τῆς
2930 4820 3011 4883 εἰς
3025 4819 3354 4892 ἀνθρώπους
3377 4818 3672 4875 καταϐάσεως

2138 4906 2305 4960 αὐτοῦ
2333 4908 2389 4960 ἐν
2419 4910 2529 4970 τοῖς
2569 4907 2803 4979 πρώτοις
2827 4909 3118 4981 δηλοῦσθαι
3143 4913 3244 4968 τοῦ
3287 4912 3499 4986 ψαλμοῦ
3522 4927 3534 4940 ’
3565 4910 3670 4976 ειπερ

2138 4995 2200 5048 οὐ
2221 4996 2322 5066 τῆς
2363 4998 2421 5049 ἐν
2454 4998 2716 5070 παρέργῳ
2753 5001 2849 5053 καὶ
2889 4999 3212 5076 παραδρομῇ
3244 5005 3407 5059 δέοιτ’
3436 5004 3499 5058 ἄν
3523 4999 3672 5071 ἐξητίγ

2142 5102 2280 5149 σεως
2297 5086 2730 5160 ἀπορῤητότερον
2746 5091 2866 5162 είρη
2876 5091 3027 5160 μένα·
3043 5087 3132 5146 οἷά
3145 5095 3297 5148 ἐστιν
3316 5094 3423 5149 ἀπὸ
3434 5092 3542 5153 τοῦ.
3565 5086 3670 5143 «Kai-

2140 5170 2347 5228 ἔκλινεν
2376 5178 2636 5248 οὐρανοὺς
2679 5182 2769 5232 καὶ
2800 5181 3004 5254 κατέϐη
3026 5225 3040 5248 ,
3076 5184 3168 5237 καὶ
3220 5186 3421 5255 γνόςοος
3452 5184 3547 5237 ὑπὸ
3575 5181 3668 5240 τοὺς

2142 5266 2307 5331 πόδας
2330 5268 2516 5322 αὐτοῦ·
2552 5271 2644 5324 καὶ
2670 5271 2837 5344 ἐπέϐη
2866 5274 2958 5327 ἐπὶ
2983 5275 3251 5348 Χερουσὶν
3284 5279 3382 5332 καὶ
3410 5272 3666 5341 ἐπετάσθην

2145 5358 2416 5428 ἐπετάσθη
2459 5361 2552 5414 ἐπὶ
2583 5362 2868 5433 πτερύγων
2915 5365 3150 5437 ἀνέμων·
3192 5386 3213 5419 ι
3252 5368 3349 5422 καὶ
3367 5367 3470 5420 ῡσα
3501 5361 3666 5418 τούτοις

2148 5451 2537 5522 παραπλησίως
2565 5456 2656 5508 ἐπὶ
2680 5456 2772 5509 τὸν
2791 5456 2884 5511 τοῦ
2914 5457 3048 5512 Θεοῦ
3072 5459 3245 5527 Λόγον
3267 5459 3595 5529 ἀναφέρεται.

542 5709 791 5797 λΡειιιλ
833 5715 1090 5797 ηιρλδ..
1147 5717 1190 5746 "
1228 5713 1390 5797 PsaAl.‘
1425 5714 1796 5797 utrubi-.46.
1902 5713 2184 5797 ‘anphes.
2248 5734 2326 5784 ιι,
2363 5719 2449 5775 12.
2562 5719 2604 5755 ³⁷
2645 5718 2824 5778 Galat.
2887 5722 3052 5790 ιν,·9.
3128 5724 3173 5757 ³⁸
3214 5723 3419 5797 Ephes.
3471 5738 3541 5790 tt,
3594 5718 3655 5775 t3-

473 5785 516 5816 ”
548 5781 650 5835 lsa.
684 5796 721 5846 ι,
757 5779 813 5833 9..
892 5781 936 5813 ⁸ο
971 5783 1414 5849 Psal.cxvn,22.
1493 5783 1535 5816 ἰι
1576 5783 1720 5841 Psal.
1755 5801 1888 5847 xv",
1927 5779 2135 5846 10.7“.
