3868 6264
200 327 344 387 1105

755 440 1147 495 ΚΕΦΑΛΑΙΟΝ
1189 441 1245 497 l'.
1354 488 1359 491 _

798 552 1044 622 ‘Fadyoﬁ
1090 552 1183 621 ιη’.

278 688 300 725 ι
334 672 447 726 Ούκ
471 671 577 724 εἰσί
602 669 785 724 λαλιαί
806 669 928 723 οὐδὲ
961 669 1131 737 λόγοι,
1161 662 1235 723 ὦν
1259 670 1380 739 οὐχὶ
1408 670 1694 723 ἀκούονται
1729 669 1785 722 αἰ

204 764 381 836 φωναὶ
411 762 611 818 αὐτῶν.
638 764 733 825 Εἰς
764 764 942 816 πᾶσαν
963 762 1061 833 τὴν
1091 761 1195 832 γῆν
1230 761 1451 833 ἐξῆλθεν
1486 764 1514 816 6
1552 760 1785 831 φθόγγος

206 855 403 921 αὐτῶν,
440 856 533 910 καί⁵
559 857 640 919 εἰς
671 854 739 909 τά
771 855 983 924 πέρατα
1010 853 1111 923 τῆς
1132 854 1458 926 οἰκουμένης
1486 853 1553 907 τά
1572 855 1786 925 ῥήματα

207 947 405 1004 αὐτῶν.
455 967 473 997 ο
506 945 785 1017 Ζητοῦμεν
813 947 972 999 τίνων
999 948 1079 1011 εἰς
1105 948 1283 999 πᾶσαν
1306 946 1403 1018 τὴν
1435 947 1537 1015 γῆν
1568 945 1786 1018 ἐξῆλθεν

205 1043 233 1092 ό
264 1037 519 1109 φθόγγος,
552 1036 645 1091 καὶ
676 1035 743 1090 τὰ
773 1037 993 1110 ῥήματα
1029 1036 1134 1101 ἕως
1165 1036 1275 1090 τῶν
1307 1037 1557 1109 περάτων
1589 1036 1781 1108 τῆςζίί.

214 1132 305 1196 2|,
324 1131 400 1203 νο)
426 1130 768 1202 οἰκουμένης,
795 1130 869 1194 ὡς
897 1131 970 1202 μὴ
996 1131 1413 1200 καταλελεῖφθαι
1427 1130 1617 1199 λόγους
1639 1130 1787 1203 παρά

204 1239 313 1277 τισι
340 1223 433 1277 καὶ
461 1221 652 1284 λαλιὰς
682 1221 811 1291 παρ’
840 1216 922 1286 οἷς
954 1224 1054 1276 οὐκ
1089 1220 1439 1294 ἠκούσθησαν
1460 1222 1555 1275 καὶ
1583 1224 1639 1275 αἰ
1667 1222 1787 1275 τού-

204 1331 313 1366 των
343 1313 535 1381 φωναί·
588 1311 701 1366 ἀλλ’
748 1313 847 1365 οὐκ
899 1312 965 1367 ἂν
1004 1312 1116 1382 ἔχοι
1154 1318 1238 1377 τις
1269 1313 1488 1384 ἑτέρους
1525 1312 1787 1379 ἐπιδεῖξαι

205 1405 311 1459 τῶν
340 1406 501 1478 ἰερῶν
524 1405 853 1471 ἀποστόλων,
886 1406 966 1469 εἰς
987 1404 1084 1469 οὓς
1108 1407 1140 1477 ή
1168 1406 1470 1477 προφητεία
1499 1407 1789 1478 πεπλήρω-

205 1514 294 1551 ται
320 1497 605 1567 διαϐοήτου
634 1496 733 1567 τῆς
763 1497 891 1567 περὶ
924 1495 1017 1549 τοῦ
1052 1494 1289 1566 Χριστοῦ
1318 1493 1664 1558 διδασκαλίας
1689 1495 1787 1548 αύ-

205 1591 315 1644 τῶν
351 1593 430 1654 εἰς
463 1591 642 1644 πᾶσαν
664 1589 762 1661 τὴν
791 1590 881 1642 ὑπ’
907 1574 1133 1661 οὐρανὸν
1152 1588 1468 1660 γενομένης,
1496 1588 1584 1642 ὅτε
1611 1591 1790 1642 ἐνεπι-

205 1686 266 1755 δη
277 1683 505 1755 μοῦντες
526 1683 604 1754 τῷ
629 1683 727 1754 βίῳ
752 1683 888 1755 μετά
908 1683 1008 1753 τῆς
1034 1675 1400 1754 συνεργούσης
1422 1682 1603 1746 αὐτοῖς
1628 1682 1787 1736 δυνά-

210 1794 357 1847 μεως
383 1775 534 1838 θείας
567 1775 673 1829 ἀνά
698 1778 877 1828 πᾶσαν
905 1774 1003 1845 τὴν
1024 1776 1345 1846 οἰκουμένην
1376 1775 1678 1868 ἐκήρυσσον
1692 1774 1790 1845 τὴν
1826 1814 1866 1868 Β

207 1870 285 1933 εἰς
314 1868 407 1921 τὸν
440 1867 670 1940 Χριστὸν
713 1866 808 1921 τοῦ
847 1866 981 1921 θεοῦ
1017 1868 1227 1920 πίστιν’
1276 1868 1404 1939 περὶ
1434 1858 1495 1919 οὗ
1531 1865 1667 1937 μετά
1690 1868 1791 1939 τὴν

207 1963 514 2033 πρόρρησιν
559 1962 653 2015 τοῦ
697 1961 805 2015 τῶν
860 1960 1170 2014 ἀποστόλων
1224 1960 1386 2013 αὐτοῦ
1438 1958 1789 2032 κηρύγματος

206 2053 335 2125 liii;
368 2056 397 2108 6
428 2054 584 2122 λόγος
615 2053 875 2117 διδάσκει,
901 2054 975 2117 ὡς
1004 2054 1113 2125 ἄρα
1148 2072 1165 2104 ι
1202 2054 1259 2105 ὲν
1284 2051 1361 2123 τῷ
1387 2051 1520 2124 ἡλίῳ
1549 2052 1701 2106 ἔθετο
1730 2053 1791 2107 τὸ

209 2150 475 2217 σκήνωμα
510 2144 677 2199 αὐτοῦ
699 2162 711 2175 ’
753 2164 770 2197 ι
806 2145 958 2216 ἡλίου
982 2145 1269 2215 νοουμένου
1296 2144 1394 2214 τῆς
1416 2143 1688 2215 θεότητος,
1711 2144 1793 2209 εἰς

209 2240 275 2309 ήν
304 2238 402 2310 τὴν
433 2236 624 2292 ἑαυτοῦ
663 2237 828 2309 μονὴν
870 2236 964 2290 καὶ
1020 2236 1118 2307 τὴν
1165 2236 1326 2289 οἰονεί
1376 2236 1791 2305 κατασκήνωσιν

208 2324 382 2390 ἔθετο,
432 2326 595 2396 ἥκαί
640 2326 778 2397 ὅπερ
825 2327 890 2379 ἐκ
930 2325 1031 2395 τῆς
1078 2324 1355 2398 Παρθένου
1406 2323 1562 2378 ἔλαϐε
1613 2324 1791 2395 σῶμα,

210 2418 351 2490 ὅπερ
376 2414 443 2488 ἦν
475 2418 716 2491 ὡσπερεὶ
749 2418 1013 2489 σκήνωμα
1042 2417 1141 2488 τῆς
1186 2418 1245 2470 ὲν
1276 2416 1425 2488 αὐτῷ
1457 2414 1794 2487 καταμενού-

210 2526 313 2581 σης
336 2509 484 2574 θείας
507 2509 807 2581 δυνάμεως·
841 2502 993 2572 οὗτος
1017 2508 1073 2561 δὲ
1104 2509 1197 2562 καὶ
1224 2508 1440 2579 ιῶσπερ
1455 2508 1685 2578 νυμφίος
1708 2510 1795 2561 ὲκ-

208 2603 571 2676 ποριυὸμενος
593 2604 658 2656 ὲκ
679 2602 884 2656 παστοῦ
919 2602 1107 2664 αὑτοῦ,
1144 2600 1505 2671 ἠγαλλιάσατο
1527 2601 1601 2665 ὡς
1633 2601 1792 2669 γίγας

208 2697 437 2769 δραμεῖν
460 2698 598 2752 όδόν”
626 2691 739 2752 »οἷα
753 2698 861 2769 γάρ
883 2715 964 2762 τις
990 2697 1223 2769 νυμφίος
1243 2697 1331 2750 διὰ
1354 2697 1450 2769 τὴν
1477 2697 1640 2751 αὑτοῦ
1656 2696 1791 2767 νύμ-

213 2808 323 2861 φην
354 2791 454 2860 τὴν
492 2791 816 2861 Ἐκκλησίαν
847 2789 1032 2844 ἐκτῶν
1056 2788 1337 2861 πατρικῶν
1352 2789 1642 2853 διαναστὰς
1671 2789 1794 2842 κόλ-

210 2899 351 2948 πων,
388 2883 480 2937 καὶ
518 2886 677 2939 ὁποῖά
721 2900 806 2947 τις
850 2882 1009 2952 γίγας
1043 2881 1283 2952 ἀνδρεῖος
1320 2882 1413 2934 καί
1460 2879 1674 2952 ἰσχυρός
1700 2879 1792 2932 τὸν

211 2978 402 3047 ἀγῶνα
422 2977 515 3033 τὸν
544 2977 899 3049 προκείμενον
938 2974 1086 3046 αὐτῷ
1130 2975 1419 3046 διαθλήσας
1437 3015 1451 3039 ,
1481 2976 1706 3047 νικήσας
1732 2991 1791 3027 τε

214 3071 311 3125 καί⁵
332 3072 846 3142 καταγωνισάμενος
887 3070 1010 3132 τοὺς
1042 3068 1368 3131 ἀντιπάλους
1387 3109 1401 3132 ,
1428 3068 1793 3137 ἠγαλλιάσατο

1234 328 1318 386 EC
1334 329 1539 387 LOGIE
1582 328 2070 387 PROPHETICE.
2110 359 2178 370 —
2215 328 2344 384 LIB.
2382 326 2465 394 ll.[

1816 461 1863 516 Α

3326 322 3467 380 “06’

2526 435 2756 497 CAPUT
2796 435 2838 492 Χ

2303 554 2352 609 Ε
2385 554 2591 624 psalmo
2629 565 2811 610 octavo
2843 551 3062 608 decimo.

1964 690 1980 721 ι
2023 672 2136 725 Non
2162 680 2287 725 sunt
2310 670 2574 740 loquelae,
2626 678 2802 738 nettue
2850 681 3130 723 sermones
3156 705 3170 730 ,
3229 680 3460 735 quorum

1888 781 1997 820 non
2058 764 2353 819 audiantur
2401 778 2560 817 voces
2609 776 2817 818 eorum.
2874 762 2935 814 ιη
2995 774 3212 814 omnem
3262 765 3460 813 terram

1887 855 2054 913 exivit
2086 871 2256 911 sonus
2304 870 2515 916 eorum.
2542 861 2597 909 et
2647 855 2703 908 in
2732 852 2866 908 lines
2909 851 3060 907 orbis
3087 859 3245 907 terrae
3298 848 3461 904 verba

1887 964 2075 1004 eorum
2111 948 2176 1000 η.
2216 966 2234 999 ›
2264 946 2570 1013 Quaerimus
2610 960 2842 1016 quorum
2893 945 2947 999 in
2990 958 3205 998 omnem
3260 949 3462 998 terram

1888 1041 2054 1096 exivit
2080 1055 2271 1104 sonus,
2297 1040 2572 1109 verbaque
2611 1038 2665 1092 in
2697 1037 2831 1092 lines
2877 1036 3027 1092 orbis
3053 1043 3210 1091 terra
3234 1074 3251 1097 ,
3284 1049 3352 1089 ne
3380 1049 3462 1089 rev

1889 1133 2207 1203 linquantur
2237 1129 2567 1203 quibusdam
2621 1130 2848 1201 loquelze
2881 1136 2934 1184 et
2975 1143 3256 1183 sermones
3284 1167 3299 1192 ,
3343 1125 3449 1195 qui-

1890 1227 1992 1283 bus
2039 1241 2148 1281 non
2191 1225 2389 1280 audita:
2445 1225 2556 1280 sint
2603 1225 2833 1280 istorum
2878 1237 3059 1277 voces.
3106 1220 3290 1291 Neque
3324 1220 3464 1273 ullos

1890 1318 2026 1374 alios
2057 1318 2364 1372 invenimus
2414 1331 2477 1371 ac
2511 1323 2731 1371 sanctos
2775 1314 3086 1384 apostolos,
3128 1312 3327 1382 quibus
3363 1311 3464 1365 ini-

1890 1409 2067 1480 pletur
2122 1406 2406 1479 prophetia
2440 1448 2455 1474 ,
2524 1406 2838 1476 pervulgata
2900 1404 2956 1457 in
3001 1418 3218 1458 onmem
3261 1410 3465 1456 terram

1889 1516 2076 1556 eorum
2111 1500 2179 1556 de
2214 1499 2437 1556 Christo
2465 1499 2745 1560 doctrina.
2794 1513 2919 1552 cum
2949 1497 3099 1551 omni
3128 1496 3238 1550 vita
3288 1508 3445 1563 perer

1892 1602 2095 1660 rantes,
2122 1593 2413 1664 adjuvante
2440 1607 2534 1648 eos
2588 1600 2855 1662 potestate
2894 1589 3101 1652 divina,
3132 1603 3229 1659 per
3251 1586 3467 1641 univer-

1892 1702 2012 1742 sum
2035 1687 2222 1743 orbem
2253 1695 2522 1743 terrarum
2549 1685 2707 1741 ﬁdem
2742 1686 2797 1738 in
2832 1682 3111 1738 Christum
3151 1678 3246 1735 Dei
3276 1676 3470 1749 praedi-

1891 1788 2173 1835 caverunt.
2225 1778 2301 1835 De
2335 1796 2444 1849 quo
2496 1786 2618 1850 post
2670 1777 3048 1848 prwvisionem
3099 1772 3470 1844 apostolorum

1893 1871 2013 1941 ejus
2046 1870 2466 1940 praedicationis.
2497 1870 2760 1924 continuo
2795 1866 3079 1936 Scriptura
3126 1864 3305 1927 docet,
3324 1860 3470 1932 quod

1897 1983 1916 2016 ι
1958 1963 2014 2018 in
2044 1964 2159 2019 sole
2197 1962 2381 2035 posuit
2418 1961 2832 2017 tabernaculum
2865 1973 3023 2015 suum
3050 1957 3136 2025 “;
3175 1976 3194 2009 δ
3226 1954 3308 2011 sol
3356 1952 3472 2009 dei-

1890 2064 2055 2113 tatem
2088 2057 2288 2119 innuit,
2314 2057 2369 2109 in
2397 2070 2503 2125 qua
2534 2053 2715 2109 sedem
2746 2065 2911 2109 suam
2948 2058 3000 2106 et
3025 2050 3184 2122 quasi
3219 2050 3473 2104 taberna«

1890 2149 2075 2204 culum
2109 2148 2312 2219 posuit,
2342 2148 2428 2203 vel
2456 2145 2603 2218 quod
2631 2161 2695 2202 ex
2729 2144 2955 2215 Virgine
2978 2141 3214 2211 sumpsit
3251 2154 3471 2210 corpus.

1892 2242 2037 2312 quod
2072 2242 2230 2312 quasi
2259 2240 2673 2296 tabernaculum
2705 2245 2824 2295 erat
2869 2238 3067 2293 divinae
3100 2234 3386 2306 potestatis
3417 2232 3473 2288 in

1892 2348 1958 2389 eo
1992 2335 2383 2404 permanentis.
2430 2330 2532 2387 Hic
2564 2338 2617 2386 et
2654 2348 2673 2381 ι
2711 2339 2968 2400 tanquam
2997 2342 3235 2398 sponsus
3283 2339 3466 2396 prece.

1892 2424 2028 2481 dens
2056 2425 2125 2480 de
2154 2426 2396 2480 thalamo
2444 2438 2579 2491 suo;
2619 2424 2912 2480 exsultavit
2958 2431 3016 2476 ut
3050 2421 3203 2491 gigas
3246 2418 3315 2473 ad
3347 2431 3476 2472 cur-

1892 2518 2120 2573 rendam
2145 2517 2286 2573 viam
2317 2516 2383 2572 ⁸⁵.
2421 2535 2440 2569 ι
2481 2516 2553 2572 Ut
2598 2515 2745 2571 enim
2799 2528 3037 2586 sponsus
3090 2512 3162 2567 ob
3211 2520 3473 2581 sponsam

1894 2612 2066 2683 ipsius
2098 2609 2395 2666 Ecclesiam
2427 2624 2457 2663 e
2484 2609 2663 2679 patrio
2685 2620 2990 2677 exsurgens
3024 2604 3145 2659 sinu
3170 2642 3186 2665 ,
3231 2611 3285 2657 et
3315 2601 3473 2671 quasi

1892 2704 2070 2759 virilis
2104 2703 2475 2773 rohustusque
2507 2701 2660 2773 gigas
2700 2708 2978 2756 certamen
3005 2698 3108 2754 sibi
3136 2695 3474 2766 propositum

1893 2797 2166 2859 certavit,
2199 2798 2516 2866 victorque.
2568 2804 2623 2851 et
2654 2794 2947 2865 prostratis
2981 2791 3340 2852 adversariis,
3379 2805 3479 2844 ex-

1893 2888 2117 2945 sultavit
2159 2889 2265 2941 tori
2300 2888 2505 2944 sociam
2552 2901 2918 2959 sponsamque
2962 2884 3261 2953 excipiens.
3313 2879 3478 2935 Facta

1893 2990 1977 3039 est
2004 2990 2187 3038 autem
2218 3000 2237 3033 ι
2287 2996 2317 3035 a
2351 2998 2568 3038 summo
2596 2984 2738 3039 coelo
2777 2980 3022 3054 egressio
3063 2978 3185 3047 ejus
3227 2976 3309 3038 "z
3369 2992 3387 3025 ι
3423 2981 3479 3029 ct

1893 3089 2131 3130 rursus:
2167 3094 2185 3126 ι
2248 3073 2316 3128 Et
2357 3089 2624 3130 occursus
2677 3075 2797 3145 ejus
2851 3086 3024 3143 usque
3076 3070 3142 3125 ad
3204 3080 3477 3124 sumntum

210 3161 313 3232 τὴν
338 3159 502 3214 αὐτοῦ
544 3161 774 3228 σύζυγόν
812 3177 871 3212 τε
908 3159 1000 3213 καὶ
1031 3159 1249 3230 νύμφην
1285 3158 1590 3213 ἀπολαϐών·
1630 3161 1788 3229 γεγέ-

1900 3167 2010 3238 Plus
2038 3166 2125 3234 ⁸⁶;
2168 3187 2187 3220 ι
2218 3175 2272 3223 et
2310 3188 2322 3222 :
2360 3187 2377 3219 ι
2406 3167 2576 3224 Nemo
2599 3168 2741 3223 alius
2774 3165 3018 3222 ascendit
3046 3164 3100 3217 in
3129 3161 3350 3224 malum,
3370 3156 3478 3212 nisi

213 3272 375 3326 νηται
393 3255 450 3308 δὲ
468 3255 633 3309 αὑτοῦ
660 3256 754 3309 καὶ
783 3273 800 3305 ι
821 3257 854 3327 ή
878 3254 1052 3322 ἔξοδος
1074 3256 1168 3308 ἀπ’
1184 3255 1350 3326 ἄκρου
1378 3252 1471 3306 τοῦ
1495 3254 1780 3326 ούρανοῦ-ο

208 3349 503 3403 καὶπάλινδ
540 3348 645 3402 «Τὸ
669 3347 905 3419 κατάντη
914 3364 990 3417 μα
1016 3346 1179 3401 αὐτοῦ
1212 3347 1316 3410 ἕως
1340 3346 1509 3418 ἄκρου
1539 3347 1702 3402 αὐτοῦ
1722 3366 1736 3380 ·
1764 3368 1782 3400 ι

212 3440 337 3493 ἐπεὶ
375 3459 393 3491 ι
429 3441 504 3511 μὴ
534 3440 578 3492 δ’
610 3433 689 3504 εἷς
711 3439 866 3503 ἀλλος
890 3438 1226 3509 ἀναϐέϐηκεν
1252 3441 1330 3503 εἰς
1361 3439 1451 3493 τὸν
1472 3439 1721 3511 οὐρανὸν,
1741 3442 1789 3495 εἰ

216 3532 296 3604 μὴ
325 3533 354 3585 6
373 3534 436 3585 ὲκ
462 3532 555 3587 τοῦ
577 3533 636 3585 οὐ
646 3532 806 3603 ρανοῦ
838 3530 1102 3595 καταϐάς,
1118 3533 1147 3585 6
1176 3529 1305 3594 Υἱὸς
1325 3530 1419 3585 τοῦ
1442 3531 1750 3604 ἀνθρώπου·
1767 3553 1784 3585 ι

214 3624 314 3679 καὶ
330 3623 512 3678 πάλιν
535 3643 553 3676 ι
577 3625 634 3679 '0
656 3624 920 3689 καταϐάς,
934 3623 1095 3687 αὑτός
1115 3624 1338 3678 ἐστικαὶ
1357 3624 1385 3678 6
1406 3624 1612 3689 ἀναϐὰς
1628 3627 1795 3699 ὑπερ-

213 3717 330 3771 άνω
362 3716 576 3770 πάντων
593 3717 701 3771 τῶν
750 3716 1049 3788 ούρανῶν,ι
1072 3715 1213 3770 κατὰ
1241 3715 1331 3769 τὸν
1354 3716 1495 3787 ἱερὸν
1538 3717 1794 3772 Ἀπόστο-

212 3810 325 3863 low
364 3808 499 3863 άλλά
525 3827 543 3859 ι
565 3809 676 3862 Καὶ
696 3810 796 3862 οὐκ
825 3808 970 3861 ἔστιν
990 3807 1048 3871 ὃς
1081 3806 1523 3878 άποκρυϐήσεται
1551 3808 1648 3877 τήν
1671 3808 1794 3881 θέρ-

219 3916 331 3971 μην
364 3897 549 3953 αὐτοῦ·
579 3918 597 3947 ι
642 3900 769 3970 περὶ
792 3894 860 3971 ἦς
893 3897 988 3950 καί⁹
1016 3897 1178 3961 αὐτὸς
1205 3893 1357 3950 εἶπεν
1389 3898 1470 3961 τὸ,
1518 3917 1535 3948 ι
1559 3897 1678 3970 Πῦρ
1699 3895 1794 3968 ἧλ-

1894 3259 1990 3329 qui
2020 3258 2305 3316 descendit
2354 3262 2421 3315 de
2442 3261 2614 3323 CtBIO,
2650 3258 2818 3314 Filius
2858 3255 3097 3312 hominis
3128 3253 3204 3320 ιτς
3245 3270 3262 3304 ι
3316 3257 3481 3319 atque

1897 3351 2093 3407 iterum
2124 3371 2134 3405 :
2180 3370 2197 3403 ι
2247 3351 2351 3417 Qui
2388 3351 2711 3413 descendit,
2759 3352 2875 3419 ipse
2910 3357 2991 3403 est
3020 3357 3075 3401 et
3097 3346 3187 3415 qui
3228 3339 3480 3397 ascendit

1898 3458 2063 3513 super
2088 3457 2277 3497 omnes
2298 3443 2491 3508 coctos,
2522 3450 2580 3496 ut
2607 3443 2852 3510 impleret
2892 3439 3097 3497 omnia,
3132 3456 3151 3489 υ
3178 3432 3476 3491 secundum

1898 3544 2151 3589 sanctum
2198 3533 2521 3604 Apostolum
2554 3534 2618 3587 “’.
2658 3532 2764 3588 Sed
2797 3543 2851 3587 et
2905 3551 2923 3583 ι
2974 3530 3093 3583 Non
3142 3537 3227 3581 est
3275 3526 3369 3596 qui
3418 3536 3481 3579 se

1897 3626 2201 3681 abscondat
2232 3642 2261 3681 a
2298 3628 2481 3683 calore
2518 3626 2639 3695 ejus
2668 3626 2742 3693 “;
2783 3644 2801 3675 ›
2837 3625 2903 3679 de
2925 3639 3035 3694 quo
3070 3629 3123 3675 et
3156 3621 3273 3691 ipse
3300 3617 3437 3672 dixit
3468 3631 3475 3639 ·

1901 3738 1919 3769 ι
1960 3719 2140 3790 Ignem
2169 3722 2291 3775 veni
2323 3722 2542 3776 mittere
2573 3721 2628 3774 in
2667 3729 2887 3781 terram,
2922 3725 2976 3771 et
3009 3714 3139 3785 quid
3182 3712 3324 3777 volo,
3368 3711 3474 3769 nisi

1897 3821 1956 3865 ut
1988 3813 2321 3868 accendatur
2348 3814 2441 3867 "1'
2469 3834 2487 3866 υ
2526 3811 2710 3868 Facile
2739 3809 2913 3866 cuivis
2944 3808 3044 3863 erit
3072 3804 3278 3875 reliqua
3314 3801 3477 3871 hujus

1898 3906 2092 3976 psalmi
2118 3906 2185 3962 ad
2216 3907 2494 3963 Christum
2526 3905 2777 3962 similiter
2806 3900 3031 3957 referre.

215 3993 313 4047 θον
342 3992 522 4063 βαλεῖν
543 3994 636 4047 ἐπὶ
664 3994 762 4065 τὴν
790 3994 912 4064 γῆν,
935 3994 1028 4048 καὶ
1054 3993 1105 4046 τί
1160 3992 1299 4047 θέλω
1329 3995 1377 4046 εἰ
1403 3993 1503 4064 ήδη
1539 3995 1750 4067 ἀνήφθη
1773 4015 1786 4063 ;
1835 4018 1852 4051 δ
1898 4002 2152 4076 Εὐχερῶς
2190 4004 2234 4058 6’
2260 4005 2325 4060 ἀν
2345 4021 2429 4068 τις
2444 4001 2619 4073 ἑαυτῷ
2648 3999 2855 4063 τούτοις
2887 3990 3161 4064 ἀναλόγως
3190 3989 3479 4065 ἐξεργάσεο

215 4106 311 4144 ται
343 4088 411 4143 τὰ
440 4089 581 4144 κατὰ
610 4090 703 4142 τὸν
717 4090 900 4144 τόπον.

746 4200 1141 4257 ΚΕΦΑΛΑΙΟΝ
1160 4200 1260 4253 IA’.

819 4315 1070 4385 Ψαλμοῦ
1102 4315 1193 4370 ιϐ’.

286 4427 363 4481 Τὸ
389 4427 445 4480 ὲν
474 4427 550 4499 τῷ
578 4427 1037 4482 ὲννεακαιδεκάτω
1069 4426 1269 4499 ψαλμῷ
1296 4428 1607 4500 λεγόμενον,
1641 4449 1658 4482 ι
1682 4430 1795 4484 Νῦν

2516 4199 2741 4259 CAPUT
2782 4197 2873 4255 Xl.

2325 4318 2373 4373 Ε
2410 4319 2615 4390 psalmo
2658 4317 2859 4370 decimo
2899 4330 3055 4368 nono.

1974 4410 2104 4478 Quae
2131 4411 2185 4465 in
2215 4410 2429 4466 decimo
2470 4423 2617 4465 nono
2667 4407 2879 4479 psalmo
2915 4404 3212 4460 dicuntur:
3252 4422 3270 4454 ι
3322 4401 3479 4461 Nunc

213 4522 391 4591 ἔγνων
411 4521 493 4575 ὅτι
521 4495 697 4575 έσωσε
720 4520 922 4593 Κύριος
952 4521 1043 4574 τὸν
1330 4495 1518 4585 αύτοῦ,
1539 4542 1557 4574 ι
1596 4522 1790 4593 ἐμφαί-

1901 4505 2131 4574 cognovi
2162 4502 2419 4573 quoniam
2464 4502 2670 4557 salvum
2727 4500 2856 4556 fecit
2896 4496 3158 4554 Dominus
3201 4495 3478 4552 Christum

212 4617 439 4676 νει⁸πως
464 4612 555 4666 τοῦ
578 4613 828 4684 Σωτῆρος
850 4610 1004 4683 ἡμῶν
1041 4610 1215 4684 Ἰησοῦ
1233 4612 1470 4684 Χριστοῦ
1492 4614 1590 4685 τὴν
1615 4614 1681 4667 ἐκ
1701 4611 1795 4667 τοῦ

216 4706 453 4761 θανάτου
485 4705 774 4777 σωτηρίαν·
809 4704 957 4775 αὐτῷ
984 4703 1092 4776 γὰρ
1109 4703 1321 4777 εἴρηται
1345 4706 1439 4759 καί
1454 4706 1536 4768 τὸ,
1564 4724 1583 4756 ι
1608 4705 1799 4774 Ἀγαλ-

210 4797 532 4870 λιασὼμεθα
561 4799 617 4851 ὲν
648 4797 724 4869 τῷ
756 4796 1006 4869 σωτηρίῳ
1040 4814 1153 4850 σου’
1188 4818 1207 4851 ι
1239 4798 1330 4851 καὶ
1350 4797 1444 4851 ὅλα
1476 4797 1532 4851 δὲ
1562 4798 1629 4851 τὰ
1662 4799 1799 4851 κατὰ

1904 4605 2061 4645 suum
2096 4588 2164 4653 “,
2201 4609 2220 4641 ι
2258 4590 2553 4645 ostendunt
2592 4589 2865 4659 quomodo
2901 4586 3151 4641 Salvator
3179 4592 3366 4640 noster
3390 4583 3481 4642 Je-

1905 4696 2000 4736 sus
2062 4680 2314 4736 Christus
2375 4696 2406 4735 a
2468 4690 2644 4736 morte
2696 4681 2770 4737 sit
2824 4691 3096 4737 servatus.
3146 4675 3284 4733 Huic
3333 4679 3478 4735 enim

1906 4772 2168 4827 dicuntur
2196 4780 2251 4829 et
2286 4774 2412 4829 illa:
2453 4792 2471 4825 ι
2510 4772 2840 4830 Lastabimur
2870 4775 2925 4829 in
2958 4775 3185 4830 salutari
3213 4782 3309 4829 tuo
3332 4772 3412 4839 ⁸²ς
3455 4790 3473 4824 ι

210 4889 309 4944 τὸν
341 4866 503 4944 τόπον
530 4866 989 4961 ἐφαρμοσθείηνᾶν
1016 4887 1163 4959 αὐτῷ
1186 4888 1285 4959 τῆς
1309 4887 1685 4960 προσηκούσης
1708 4904 1790 4940 τυ-

1909 4869 2199 4937 exterique
2219 4867 2382 4936 hujus
2415 4867 2608 4937 psalmi
2635 4866 2890 4923 versiculi
2926 4882 3050 4922 cum
3078 4866 3181 4922 hac
3213 4867 3480 4934 interpre-

213 4981 385 5055 χόντα
419 4979 749 5052 ἐξηγήσεως.

754 5091 1145 5145 ΚΕΦΑΛΛῘΟΝ
1169 5089 1269 5144 ΙΒ’.

833 5203 1081 5273 Ψαλμοῦ
1107 5204 1181 5257 κ’.

287 5299 365 5354 Τὸ
399 5300 524 5370 μέν’
559 5316 578 5351 ι
603 5297 796 5369 Κύριε,
820 5299 877 5349 ὲν
896 5299 962 5368 τῇ
989 5295 1216 5366 δυνάμει
1248 5311 1341 5348 σου
1363 5292 1797 5365 εὐφρανθήσεται

216 5392 249 5444 6
284 5389 558 5461 βασιλεὺς,
585 5408 603 5440 ι
632 5389 726 5442 καὶ
746 5388 814 5440 τά
840 5387 985 5458 ἑξῆς,
1019 5385 1162 5439 εἴποι
1190 5386 1255 5440 ἀν
1277 5402 1362 5449 τις
1392 5383 1484 5437 ἐπὶ
1512 5383 1603 5437 τὸν
1635 5381 1800 5435 Δαυῖδ

219 5480 882 5555 ἀναφέρεσθαιδύνασθαν
908 5481 970 5533 τό
995 5496 1058 5547 γε
1089 5477 1208 5549 μὲν,
1231 5493 1250 5527 ι
1276 5476 1429 5547 Ζωὴν
1450 5473 1687 5546 ᾑτήσατό
1715 5489 1796 5537 σε,

213 5577 315 5631 καὶ
351 5575 558 5638 ἔδωκας
586 5573 737 5645 αὐτῷ
786 5573 1099 5645 μακρότητα
1132 5567 1350 5641 ἡμερῶν
1375 5570 1455 5631 εἰς
1482 5566 1654 5621 αἰῶνα
1701 5565 1798 5618 καὶ

1904 4962 2109 5017 tatione
2137 4961 2339 5032 optime
2375 4968 2707 5032 congruunt.

2502 5071 2732 5127 CAPUT
2767 5070 2876 5127 ΧΠ.

2405 5186 2449 5242 Ε
2475 5186 2681 5257 psalmo
2720 5187 2983 5241 vicesimo.

1978 5281 2113 5338 Illud
2137 5280 2354 5353 quidem
2383 5299 2397 5335 :
2435 5299 2453 5331 ι
2490 5276 2737 5340 Domine,
2775 5277 2830 5331 in
2857 5277 3059 5330 virtute
3093 5280 3187 5326 tua
3212 5268 3482 5326 latabitur

1907 5391 2003 5432 rex
2032 5374 2102 5441 ",
2141 5394 2160 5428 ι
2193 5382 2248 5430 et
2268 5379 2464 5429 caetera
2485 5410 2499 5437 ,
2548 5378 2797 5442 spectare
2825 5368 2894 5423 ad
2930 5366 3183 5422 Davidem
3208 5369 3478 5434 possunt;

1909 5469 2024 5523 haec
2054 5483 2224 5525 vero:
2271 5485 2290 5517 ι
2331 5462 2506 5519 Vitam
2537 5463 2690 5534 petiit
2721 5477 2753 5517 a
2796 5469 2870 5524 te,
2907 5467 2963 5513 et
2997 5456 3234 5514 tribuisti
3266 5454 3313 5510 ei
3364 5453 3483 5508 lon-

1906 5559 2204 5631 gitudinem
2232 5558 2440 5613 dierum
2469 5555 2523 5610 in
2552 5554 2833 5617 saaculum,
2857 5559 2908 5608 et
2960 5551 3016 5605 in
3068 5548 3326 5605 saeculum
3377 5558 3481 5600 ste-

296 5752 343 5783 "
381 5748 525 5804 Psal.
557 5764 725 5803 xvm.
784 5748 849 5807 ό.
886 5747 939 5802 5.
1018 5746 1062 5811 δε
1099 5745 1232 5801 ibid.
1263 5744 1319 5797 6.
1395 5743 1440 5776 “
1479 5743 1610 5799 ibid.
1687 5744 1731 5774 "
1769 5742 1899 5801 ihjd.
1956 5741 2007 5794 7.
2084 5739 2132 5811 ἒξ
2169 5735 2435 5811 ὶίξίιί.η⁸ί
2459 5730 2615 5811 Joan.
2655 5747 2750 5811 ut,
2792 5731 2871 5786 l3.
2948 5729 2994 5762 "
3031 5727 3230 5800 Ephes.
3266 5741 3337 5794 tv,
3390 5723 3478 5783 10.

223 5822 266 5855 ⁸⁸
309 5820 453 5878 Psal.
492 5834 658 5879 xvm.
693 5818 743 5872 7.
817 5818 867 5848 "
903 5816 1033 5873 Luc.
1070 5832 1178 5883 λιι,
1213 5813 1300 5870 49.
1379 5815 1426 5848 ³⁸
1462 5813 1606 5871 Psal.
1645 5830 1768 5878 nx,
1817 5813 1866 5867 7.

1944 5812 1987 5843 ⁸³
2028 5809 2157 5867 ibid.
2193 5810 2244 5863 ti.
2321 5808 2366 5839 "
2401 5804 2542 5861 Psal.
2580 5821 2677 5871 xx,
2713 5801 2768 5857 2.
