3868 6264
437 318 575 374 1107
1139 313 1410 369 EUSEBII
1449 310 1815 368 CAESr‘rRIEN
1825 306 1930 363 SIS

2090 310 2120 364 ⁵.
2156 305 2335 361 PARS
2373 304 2460 361 III.
2489 336 2557 346 —
2582 301 2989 359 EXEGETICA.
3516 305 3617 355 tum

432 434 542 488 cuii
571 432 639 498 ⁸⁸,
675 450 695 485 ι
736 448 842 486 non
874 430 985 499 jam
1022 428 1211 482 Davidi
1261 430 1626 492 conveniunt,
1678 427 1837 497 cujus
1868 443 1955 480 mo

2120 423 2197 486 εἰς
2225 422 2394 475 αἰῶνα
2435 420 2657 484 αἰῶνος,
2686 440 2704 472 ι
2740 418 2921 472 οὐκέτι
2955 415 3031 487 τῷ
3059 414 3216 469 Δαυῗδ
3244 414 3443 486 ἀρξλοζει
3477 418 3549 471 διὰ
3573 421 3616 475 ’³⁸³

432 532 709 596 comperta
740 533 841 585 est,
877 523 1107 592 vita'que
1136 530 1352 592 tempus
1383 536 1491 576 non
1545 521 1717 574 multo
1746 535 1956 574 annoru

2122 516 2217 570 καὶ
2247 516 2345 587 τὴν
2375 515 2630 585 τελευτὴν
2662 513 2825 568 αὐτοῦ
2861 510 3218 583 ἐμφαίνεσθαι
3257 511 3343 563 καὶ
3367 510 3445 563 τὸν
3471 514 3617 583 χρόνον

435 632 662 673 numero
708 615 1209 684 circumscriptum.
1269 612 1411 684 Ergo
1446 614 1627 684 agitur
1659 612 1726 667 de.
1759 611 1962 667 Christi

2116 608 2216 676 τῆς
2243 606 2387 676 ζωῆς
2410 604 2597 665 αὐτοῦ,
2661 600 2728 676 ἧς
2760 605 2820 657 οὐ
2854 602 3019 656 πολὺν
3048 602 3234 674 χρόνον
3267 600 3387 654 ἐτῶν
3413 606 3618 676 περιωρὶ·

432 707 524 777 qui
556 722 647 761 rex
704 723 731 758 a
784 705 943 759 Patre
1000 706 1065 760 ad
1127 705 1458 775 regnandum
1513 720 1677 775 super
1734 705 1957 759 cmleste

2119 700 2263 753 σθαι.
2291 701 2388 769 Εἵη
2407 698 2472 752 ἂν
2500 696 2590 753 οὖν
2617 700 2645 752 6
2670 696 2901 769 Χριστὸς
2923 697 2952 748 6
2982 695 3231 766 βασιλεὺς
3243 693 3340 747 ὑπὸ
3363 693 3443 747 τοῦ
3458 696 3619 766 Πατρὸς

434 807 671 852 montem
699 797 828 851 Sim:
855 801 1188 855 constitutus
1218 805 1330 862 est;
1362 797 1455 867 qui
1504 806 1559 851 et
1584 798 1750 850 vitam
1780 795 1934 865 petiit

2118 791 2421 861 βασιλεύειν
2447 793 2539 845 ἐπὶ
2586 789 2722 843 Σιὼν
2754 789 2879 860 ὅρος
2918 787 2977 841 τὸ
3012 787 3326 856 ἐπουράνιον
3366 786 3616 850 καταστάς·

431 890 590 943 Patre
618 932 632 954 ,
666 905 775 942 non
828 890 1047 944 sibimet
1076 890 1200 959 ipsi,
1234 890 1349 958 ipse
1395 889 1539 943 enim
1572 889 1681 942 vita
1710 897 1865 951 erat,
1917 904 1958 942 ει

2115 886 2174 952 ὃς
2197 888 2290 941 καὶ
2307 887 2450 956 ζωὴν
2482 887 2721 957 ᾐτήσατο
2758 884 2848 937 τδν
2878 881 3097 953 Πατέρα
3124 879 3243 949 οὐχὶ
3286 879 3467 950 ἐαυτῷ,
3500 880 3620 945 αὐτὸς

430 982 687 1036 munibus
720 984 772 1034 in
813 997 936 1035 eum
981 978 1331 1036 credentibus
1356 982 1435 1048 ";
1466 982 1725 1053 deditque
1757 983 1804 1038 ei
1851 999 1957 1054 pos:

2116 980 2224 1053 γὰρ
2255 976 2322 1051 ἦν
2356 982 2387 1050 ἡ
2422 978 2554 1049 ζωὴ,
2590 976 2723 1031 ἀλλὰ
2755 978 2886 1029 πᾶσι
2924 977 3033 1037 τοῖς
3072 975 3152 1037 εἰς
3187 973 3341 1027 αὑτὸν
3371 972 3622 1027 πιστεύσου-

432 1092 622 1131 omnes
674 1076 726 1129 in
777 1092 835 1131 se
865 1077 1151 1131 credentes
1181 1076 1416 1132 educere
1458 1092 1488 1130 e
1544 1084 1720 1132 morte
1754 1076 1808 1130 in
1844 1077 1953 1131 vita

2117 1088 2188 1124 σι·
2222 1071 2315 1124 καὶ
2357 1068 2555 1122 ἔδωκεν
2596 1064 2744 1135 αὐτῷ
2807 1066 2882 1128 ὡς
2925 1062 3133 1125 πάντας
3170 1059 3414 1113 δύνασθαι
3439 1060 3542 1123 τοὺς
3566 1062 3623 1123 εἰς

430 1178 686 1224 :eternam
718 1170 784 1232 ⁵⁸,
816 1179 867 1224 et
901 1170 953 1223 in
981 1169 1374 1239 longitudinem
1405 1168 1548 1239 apud
1574 1168 1741 1224 Deum
1774 1170 1957 1225 dierur

2116 1161 2275 1216 αὐτὸν
2316 1161 2713 1223 πιστεύσαντας
2751 1158 3096 1231 μεταϐαίνειν
3126 1157 3189 1208 ἐκ
3230 1154 3321 1207 τοῦ
3347 1153 3541 1207 θανάτου
3567 1154 3623 1217 εις

430 1281 552 1334 quae
581 1264 783 1319 suntin
815 1263 1073 1318 szeculum
1103 1270 1155 1317 et
1184 1264 1236 1317 in
1280 1264 1538 1320 saeculum
1571 1263 1775 1318 saeculi.
1804 1262 1957 1318 Caele]

2114 1254 2212 1327 τὴν
2247 1254 2391 1325 ζωὴν
2424 1254 2521 1324 τὴν
2552 1252 2786 1317 αἰώνιον,
2816 1251 2909 1304 καὶ
2938 1251 3017 1313 εἰς
3054 1248 3363 1321 μακρότητα
3389 1246 3481 1299 τῶν
3510 1247 3626 1315 παρὰ

432 1371 560 1412 vero
586 1357 747 1426 hujus
784 1355 975 1426 psalmi
1008 1356 1164 1425 quasi
1198 1355 1265 1410 de
1305 1371 1427 1427 rege
1462 1356 1646 1426 gloriae
1667 1356 1844 1421 dicta,
1886 1372 1954 1410 cu

2113 1346 2231 1418 Θεῷ
2255 1346 2317 1417 (I'.
2347 1346 2436 1413 29.)
2464 1345 2702 1416 ἡμερῶν.
2736 1344 2800 1397 αἵ
2821 1344 2959 1396 εἰσιν
2979 1343 3059 1405 εἰς
3084 1340 3255 1394 αἰῶνα
3283 1339 3372 1391 καὶ
3400 1340 3470 1401 εἰς
3496 1338 3626 1391 αἰῶνα

434 1463 605 1516 pauca
630 1462 736 1501 non
771 1449 881 1502 sint
906 1489 921 1512 ,
960 1447 1155 1502 melius
1180 1447 1422 1511 Christo,
1447 1448 1493 1503 si
1531 1446 1826 1519 prudenter
1848 1447 1960 1503 inte

2113 1442 2326 1505 αἰῶνος·
2354 1440 2446 1493 καὶ
2477 1439 2545 1493 τά
2574 1438 2735 1491 λοιπά
2759 1437 2815 1490 δέ
2842 1436 2909 1489 τὰ
2938 1438 2994 1489 ἐν
3019 1433 3096 1505 τῷ
3116 1431 3313 1503 ψαλμῷ
3338 1432 3405 1493 ὡς
3429 1429 3627 1501 περὶτῆς

433 1540 697 1612 liguntur,
727 1556 889 1612 quam
924 1539 1109 1595 Davidi
1136 1541 1513 1596 convenirent.

2109 1530 2204 1585 τοῦ
2243 1531 2512 1603 βασιλέως
2540 1529 2700 1600 δόξης
2748 1527 3049 1596 λεγόμενα,
3088 1525 3149 1577 οὑ
3199 1522 3367 1594 μικρά
3392 1521 3628 1612 ὕντα,ἀρ-

2119 1624 2304 1695 μόττοι
2335 1623 2400 1677 ἂν
2425 1621 2500 1692 τῷ
2534 1620 2755 1693 Χριστῷ
2796 1617 2995 1690 μᾶλλον
3023 1617 3058 1687 ἢ
3092 1616 3167 1687 τῷ
3195 1614 3373 1677 Δαυῖδ,
3405 1616 3491 1684 τῆς
3514 1611 3630 1675 ἀξίας

2046 1785 2087 1840 Β
2114 1716 2343 1787 τυχόντα
2369 1714 2687 1784 σαφηνείας.

1014 1823 1248 1881 CAPUT
1291 1823 1431 1881 XIII.
2047 1823 2087 1840 ⁵¹

2047 1823 2087 1840 ν
2645 1829 3038 1883 ΚΕΦΑΛΑΙΟΝ
3071 1829 3172 1880 Il"'.

822 1936 869 1990 Ε
903 1938 1108 2006 psalmo
1147 1939 1388 1992 vicesimo
1424 1939 1615 2007 primo.

1579 1953 1615 1990 ἰ
2709 1943 2959 2015 Ψαλμοῦ
2998 1942 3106 1999 κα’.

506 2027 764 2086 Omnium
796 2047 1066 2087 consensu
1099 2031 1326 2088 ﬁdeliter
1354 2032 1407 2085 in
1451 2030 1733 2085 Christum
1775 2026 2006 2083 creden~

2187 2036 2379 2107 Σαφῶς
2428 2036 2840 2108 ἀνωμολόγηται
2889 2035 3042 2106 παρά
3080 2035 3213 2087 πᾶσι
3245 2034 3353 2094 τοῖς
3399 2030 3544 2099 υγιῶς
3578 2030 3638 2093 ei;

438 2123 575 2179 dum
605 2130 821 2178 constat
849 2123 1078 2192 hujusce
1113 2123 1303 2194 psalmi
1353 2123 1530 2185 initia,
1562 2123 1617 2176 in
1648 2121 1850 2192 quibus
1892 2120 1965 2175 ha

2116 2128 2346 2203 Χριστὸν
2372 2127 2812 2191 πεπιστευκόσιν,
2842 2126 2919 2189 ὡς
2941 2127 2972 2196 ἡ
2999 2123 3250 2195 καταρχὴ
3289 2121 3379 2175 τοῦ
3417 2121 3533 2193 μετὰ
3555 2122 3636 2191 χεῖ-

432 2223 595 2272 sunt:
627 2235 644 2266 ι
687 2216 846 2278 Deus,
874 2214 1012 2270 Deus
1038 2231 1212 2272 meus.
1244 2215 1452 2285 respice
1477 2215 1531 2269 in
1555 2229 1678 2282 me;
1712 2231 1884 2287 quare
1923 2231 1959 2268 π

2119 2239 2215 2294 ρας
2248 2220 2462 2292 ψαλμοῦ
2488 2219 2676 2272 τοῦτον
2693 2218 2891 2289 ἔχουσα
2913 2217 3004 2271 τὸν
3033 2217 3257 2288 τρόπον,
3287 2234 3304 2266 ι
3343 2215 3396 2267 '0
3418 2213 3531 2276 Θεός
3546 2229 3636 2282 μου,

432 2308 774 2377 dereliquisti
830 2306 910 2360 ‘7?
951 2327 967 2357 ›
1027 2308 1095 2361 ab
1155 2323 1219 2361 eo
1250 2306 1521 2377 passionis
1578 2315 1821 2377 tempore
1863 2305 1959 2360 ἀίει

2116 2315 2145 2366 6
2174 2312 2305 2374 Θεός
2328 2330 2450 2383 μου,
2476 2312 2711 2385 πρόσχες
2738 2327 2849 2382 μοι,
2873 2310 2961 2363 ἵνα
2980 2308 3033 2362 τί
3057 2306 3408 2377 ἐγκατέλιπές
3430 2322 3514 2377 με;
3541 2301 3636 2358 »ὑπ’

433 2400 620 2456 fuisse.
677 2398 793 2454 Iloc
846 2399 990 2454 enim
1044 2399 1283 2454 ostendit
1328 2407 1383 2454 et
1436 2398 1491 2453 in
1541 2413 1704 2455 cruce
1757 2399 1960 2453 clamor

2118 2406 2283 2463 αὑτοῦ
2304 2408 2445 2461 κατὰ
2473 2407 2565 2460 τὸν
2595 2404 2782 2478 καιρὸν
2803 2405 2895 2458 τοῦ
2921 2402 3127 2467 πάθους
3154 2401 3386 2473 εἴρηται·
3408 2399 3544 2452 τοῦτο
3561 2396 3639 2468 γὰρ

435 2512 456 2545 ι
496 2493 638 2557 Eloi,
677 2491 815 2556 Eloi,
848 2493 988 2546 Iama
1041 2492 1398 2549 sabachthani
1430 2494 1520 2548 '3?
1555 2512 1573 2545 ι
1620 2492 1820 2548 Verum
1853 2502 1962 2550 anu

2119 2502 2306 2574 ἐδήλου
2333 2502 2475 2573 καὶὴ
2495 2501 2587 2554 ἐπὶ
2611 2500 2702 2553 τοῦ
2722 2496 2953 2570 σταυροῦ
2977 2496 3125 2568 φωνὴ
3141 2497 3197 2567 ἡ,
3220 2515 3241 2546 ι
3265 2493 3457 2557 Ἐλωεὶ,
3482 2490 3637 2549 Ἐλιυεὶ,

436 2600 598 2655 quam
620 2585 810 2656 psalmi
828 2585 1164 2656 prophetiam
1177 2586 1244 2641 de
1257 2602 1322 2642 eo
1337 2587 1775 2657 interpretemur,
1795 2584 1963 2642 Judaei

2118 2593 2267 2663 λαμὰ
2292 2592 2637 2663 σαϐαχθανεῇ
2676 2611 2693 2642 ι
2734 2590 2894 2644 Ἀλλά
2929 2590 3038 2661 γὰρ
3068 2589 3197 2660 πρὶν
3227 2584 3505 2659 ἀρξώμεθα
3525 2580 3639 2650 ἐντῷ

436 2678 756 2747 rogabimus
770 2680 895 2749 quis
920 2678 1083 2748 huj-us
1109 2679 1299 2749 psalmi
1317 2679 1482 2734 verba
1497 2678 1715 2734 dixerit.
1731 2676 1848 2733 Non
1866 2678 1963 2733 eui]

2117 2685 2317 2757 ψαλμῷ
2339 2686 2674 2756 προφητείαν
2690 2684 2765 2748 ὡς
2791 2686 2877 2737 ἐπ’
2904 2682 3065 2735 αὑτδν
3094 2677 3641 2752 μὲταλαμϐάνειν,πευ-

393 2772 405 2789 ‘
433 2772 662 2840 quilibet
702 2781 919 2837 cmtera,
950 2780 1113 2842 atque
1158 2773 1273 2827 haec
1295 2772 1500 2828 dixisse
1532 2772 1779 2827 videtur:
1812 2791 1830 2823 ι
1862 2770 1920 2838 Qu

2122 2777 2325 2849 σόμεθα
2364 2777 2473 2830 τῶν
2504 2777 2605 2848 τὴν
2643 2774 2941 2847 περιτομὴν
2970 2773 3320 2843 αὐχούντων,
3355 2770 3433 2833 τίς
3462 2768 3518 2821 ἂν
3542 2767 3642 2843 ετῃὸ

436 2864 577 2919 niam
600 2872 659 2919 tu
675 2880 756 2927 es,
782 2866 873 2934 qui
903 2864 1185 2921 extruxisti
1205 2880 1291 2919 me
1315 2864 1383 2917 de
1409 2871 1627 2919 ventre:
1654 2879 1778 2934 spes
1801 2877 1919 2919 mea
1944 2879 1963 2916 ι

2122 2868 2344 2938 φάσκων
2382 2868 2449 2921 τὰ
2486 2868 2542 2920 ἐν
2574 2866 2655 2937 τῷ
2678 2864 2896 2937 ψαλμῷ·
2927 2864 3023 2935 οὐχ
3059 2867 3088 2917 6
3118 2863 3299 2933 τυχὼν
3324 2861 3426 2933 γάρ
3447 2872 3521 2921 τις
3542 2852 3643 2909 εἶναι

437 2956 698 3012 uberibus
725 2957 919 3011 matris
954 2973 1105 3012 meae.
1132 2954 1187 3009 In
1210 2964 1263 3010 te
1285 2957 1564 3027 projectus
1595 2971 1716 3011 sum
1747 2971 1810 3011 ex
1835 2963 1964 3011 uteri

2122 2963 2372 3032 φαίνεται
2396 2961 2466 3015 τά
2504 2978 2562 3013 τε
2593 2958 2727 3013 ἀλλά
2758 2959 2851 3012 καὶ
2881 2955 3053 3010 ταῦτα
3091 2955 3268 3023 λέγων
3287 2996 3302 3020 ,
3343 2971 3359 3003 ι
3392 2953 3502 3003 ’Ότι
3528 2948 3579 3000 σὺ
3610 2940 3645 2997 εἷ

436 3052 503 3104 de
526 3058 714 3104 ventre
746 3049 940 3103 matris
974 3064 1107 3102 meae
1138 3047 1405 3103 Dominus
1439 3046 1580 3104 Deus
1607 3063 1761 3103 meus
1787 3063 1848 3104 es
1882 3058 1956 3103 tu.

2120 3059 2149 3110 6
2180 3055 2461 3118 ἐκσπάσας
2502 3070 2567 3125 με
2592 3054 2656 3105 ἐκ
2669 3050 2934 3120 γαστρός·
2965 3049 2999 3120 ἡ
3030 3046 3181 3110 ἐλπίς
3212 3064 3316 3117 μου
3350 3043 3451 3098 ἀπὸ
3474 3035 3646 3113 μαστῶν

437 3139 684 3196 Narrabo
712 3156 914 3195 nomen
946 3150 1100 3195 tuum
1134 3140 1400 3195 fratribus
1430 3140 1587 3204 meis,
1623 3140 1679 3194 in
1709 3140 1889 3195 medio
1912 3139 1964 3194 Ει

2118 3148 2213 3219 τῆς
2246 3146 2449 3219 μητρός
2492 3161 2614 3213 μου·
2651 3143 2743 3196 ἐπὶ
2773 3141 2832 3194 σέ
2880 3140 3181 3211 ἐπερῤίφην
3238 3139 3303 3191 ἐκ
3349 3137 3568 3207 μήτρας
3596 3131 3645 3180 ἐκ

436 3232 622 3287 elesize
651 3230 885 3287 laudabo
906 3238 961 3287 te
981 3232 1046 3287 ³³.
1089 3250 1107 3282 ι
1152 3230 1219 3285 Ει
1242 3246 1436 3286 rursus
1471 3248 1485 3285 :
1523 3249 1542 3282 ι
1570 3229 1681 3285 Nec
1702 3231 1899 3286 avertit
1928 3231 1963 3284 l:

2119 3240 2320 3303 κοιλίας
2348 3238 2554 3310 μητρός
2577 3253 2678 3308 μου
2702 3233 2833 3298 Θεός
2863 3250 2963 3304 μου
2981 3227 3033 3285 εἷ
3060 3231 3147 3285 σύ·
3172 3230 3271 3284 καὶ
3294 3228 3545 3298 ἐπιφέρων
3562 3222 3646 3291 διη-

438 3324 575 3379 ciem
603 3337 758 3379 suam
777 3338 807 3377 a
836 3338 941 3386 me,
962 3330 1149 3378 etcum
1167 3322 1461 3379 clamarem
1479 3322 1547 3378 ad
1571 3338 1718 3393 eum,
1737 3323 1965 3380 exaudiv

2122 3337 2352 3405 γήσομαι
2378 3332 2438 3385 τὸ
2465 3330 2634 3401 ὄνομά
2652 3345 2744 3382 σου
2769 3329 2882 3391 τοῖς
2914 3325 3158 3394 ἀδελφοῖς
3186 3339 3314 3393 μου,
3342 3322 3396 3373 ἐν
3424 3318 3553 3389 μέσῳ
3565 3315 3649 3405 Ἔτ’

441 3431 548 3471 me.
580 3415 734 3483 Apud
782 3423 836 3470 te
873 3416 994 3472 laus
1031 3431 1181 3482 mea;
1222 3415 1523 3472 conﬁtebor
1560 3416 1657 3471 tibi
1686 3417 1741 3471 in
1768 3415 1968 3472 Ecclesi

2121 3403 2343 3497 κλησίας
2372 3425 2595 3495 ὑμνήσω
2614 3437 2693 3474 σε⁸
2731 3439 2750 3471 ι
2783 3419 2877 3473 καὶ
2896 3418 3079 3472 πάλιν·
3119 3436 3137 3468 ι
3169 3416 3286 3470 Οὐκ
3321 3403 3648 3482 ἀπέστρεψεώ

441 3522 633 3578 magna
680 3525 693 3559 :
730 3516 856 3561 vota
894 3522 1013 3563 mea
1041 3507 1262 3565 reddam
1292 3508 1346 3562 in
1380 3516 1679 3578 conspectu
1707 3508 1968 3563 timentim

2120 3494 2401 3589 πρόσωπον
2431 3494 2594 3570 αὐτοῦ
2625 3513 2717 3566 ἀπ’
2751 3509 2885 3582 ἐμοῦ
2908 3550 2923 3575 ,
2955 3509 3047 3562 καὶ
3074 3508 3130 3561 ἐν
3158 3506 3241 3577 τῷ
3274 3500 3577 3575 κεκραγέναι
3601 3510 3647 3565 με

440 3615 563 3656 eum
582 3601 645 3656 ⁸ο.
672 3619 690 3653 ι
707 3598 839 3656 Post
866 3601 1001 3664 haec,
1019 3611 1321 3670 caeteraque
1342 3601 1506 3670 hujus
1531 3601 1743 3671 psalmi,
1763 3600 1947 3655 dicant

2117 3609 2254 3680 πρὸς
2285 3607 2447 3662 αὑτὸν
2478 3601 2764 3676 εἰσήκουσέ
2797 3616 2920 3672 μου·
2952 3597 3103 3669 παρά
3131 3597 3227 3650 σοῦ
3256 3598 3285 3649 6
3313 3591 3516 3655 ἔπαινός
3550 3602 3641 3680 μου·

438 3693 690 3764 quemvis
712 3702 1024 3749 sanctorum
1043 3694 1286 3749 virorum
1310 3695 1546 3750 habeant
1563 3694 1650 3749 cui
1667 3695 1779 3750 haac
1799 3709 1965 3749 accon

2120 3678 2176 3755 ἐν
2203 3700 2470 3770 ἐκκλησία
2506 3696 2716 3769 μεγάλῃ
2753 3688 3223 3764 ἐξομολογήσομαί
3259 3704 3374 3741 σοι·
3405 3684 3496 3747 τὰς
3526 3678 3647 3770 εὐχάς

443 3784 684 3838 modent.
702 3781 836 3848 Quis
850 3783 996 3839 enim
1013 3784 1137 3839 talis
1154 3784 1257 3839 erit
1269 3784 1483 3855 qualem
1502 3783 1786 3854 Scriptura
1803 3785 1970 3840 deseri

2123 3812 2223 3865 μου
2250 3790 2513 3845 ἀποδώσω
2537 3787 2765 3842 ἐνώπιον
2796 3786 2904 3840 τῶν
2923 3781 3273 3856 φοϐουμένων
3298 3777 3471 3832 αὐτόν.
3508 3794 3525 3826 ι
3558 3769 3650 3825 Ἐπὶ

442 3875 560 3930 bit:
595 3895 614 3927 ι
654 3873 857 3931 Omnes
879 3875 1128 3932 videntes
1154 3891 1238 3932 me
1261 3920 1275 3942 ,
1308 3877 1620 3933 deriserunt
1648 3893 1734 3934 me
1758 3878 1835 3943 “;
1870 3896 1889 3928 ι
1933 3893 1965 3929 v

2125 3883 2329 3946 τούτοις
2351 3881 2407 3935 δὲ
2436 3880 2530 3934 καὶ
2560 3878 2631 3932 τὰ
2661 3877 2794 3933 ἄλλα
2831 3874 2901 3929 τὰ
2928 3877 2986 3928 ἐν
3023 3873 3101 3945 τῷ
3132 3870 3335 3943 ψαλμῷ
3375 3868 3652 3936 λεγέτωσαν,

441 3968 510 4025 de
537 3982 667 4037 quo,
706 3983 726 4018 ι
755 3965 944 4021 Loculi
994 3976 1123 4021 sunt
1173 3968 1355 4033 labiis,
1385 3975 1440 4021 et
1491 3949 1778 4022 moverunt
1831 3981 1968 4037 eapu

2122 3977 2170 4028 εἰ
2194 3973 2367 4045 ἒχοιέν
2398 3989 2502 4026 τινι
2530 3969 2638 4024 τῶν
2657 3967 2825 4038 ἁγίων
2848 3966 3056 4039 ἀνδρῶν
3082 3961 3431 4035 ἐφαρμόζειν
3456 3957 3559 4010 τίνα
3572 3950 3649 4045 γάρ

444 4057 709 4119 dicentes,
739 4056 988 4126 Speravit
1011 4058 1066 4111 in
1102 4057 1349 4119 Domino,
1381 4057 1578 4127 eripiat
1616 4072 1763 4121 eum,
1807 4057 1971 4113 salvur

2129 4042 2366 4119 τοιοῦτον
2391 4060 2684 4131 γενόμενον
2709 4053 2819 4111 οἷον
2845 4053 3244 4127 προδιὲγραψεν
3273 4055 3301 4106 ὁ
3325 4050 3493 4119 λόγος,
3522 4042 3656 4096 «Πάν-ν

445 4149 610 4203 faciat
659 4163 807 4211 eum,
868 4149 1124 4217 quoniam
1181 4151 1297 4203 vult
1337 4150 1604 4204 eum“?n
1665 4148 1837 4216 Quem
1891 4168 1972 4207 vel

2122 4176 2212 4223 τες
2237 4160 2284 4211 οἱ
2318 4154 2648 4225 θεωροῦντες
2674 4170 2741 4223 με
2768 4151 3238 4220 ἐξεμυκτήρισαν;
3267 4165 3284 4199 ι
3320 4144 3353 4218 ἦ
3380 4144 3498 4215 περὶ
3523 4138 3647 4198 τινος·

448 4264 467 4293 ι
508 4241 660 4296 vituli
691 4240 866 4301 multi,
914 4262 932 4293 ι
979 4249 1033 4296 et
1057 4241 1215 4311 cujus
1251 4252 1480 4309 naturze,
1518 4263 1536 4294 ι
1567 4259 1731 4301 canes
1773 4253 1828 4300 et
1876 4253 1968 4300 tau

2130 4271 2148 4303 ι
2170 4249 2467 4320 Ἐλάλησαν
2494 4248 2551 4300 ἐν
2576 4245 2827 4317 χείλεσιν,
2845 4242 3101 4312 ἐκίνησαν
3134 4239 3398 4311 κεφαλὴν,
3433 4234 3650 4301 λέγοντες.

446 4335 677 4406 pingues
704 4333 1215 4402 circumdederunt;
1240 4344 1572 4406 aperuerunt
1605 4351 1770 4407 super
1805 4354 1930 4394 eum
1959 4356 1973 4394 ι

2127 4343 2388 4396 Ἤλπισεν
2423 4339 2515 4393 ἐπὶ
2543 4335 2767 4407 Κύριον,
2794 4333 3044 4405 ῥυσάσθω
3073 4333 3253 4393 αὐτὸν,
3284 4328 3500 4384 σωσάτω
3512 4320 3650 4377 αὑτὸν,

447 4439 628 4487 suum,
645 4424 787 4480 sicut
817 4425 900 4480 leo
930 4426 1145 4495 rapiens
1166 4442 1219 4480 et
1246 4427 1467 4497 rugiens
1490 4428 1571 4481 “3?
1598 4449 1617 4480 ι
1640 4431 1716 4483 Ac
1739 4441 1974 4499 praztere:

2126 4438 2210 4491 ὅτι
2238 4435 2380 4488 θέλει
2402 4431 2599 4494 αὐτόν;
2638 4449 2657 4483 ι
2684 4430 2806 4484 τίνα
2834 4424 2889 4482 δέ
2919 4427 3107 4499 μόσχοι
3142 4425 3328 4479 πολλοὶ
3354 4420 3443 4475 καὶ
3471 4411 3651 4471 ποταποὶ

451 4532 613 4587 quem
651 4536 667 4566 ι
704 4517 998 4571 concilium
1036 4518 1447 4589 malignantium
1478 4519 1715 4585 obsedit,
1740 4498 1822 4575 ita
1850 4531 1909 4575 ut
1947 4522 1978 4575 l'.

2129 4528 2227 4599 τὴν
2261 4526 2443 4594 φύσιν,
2479 4543 2496 4573 ι
2528 4523 2703 4584 Κύνες
2724 4538 2782 4573 τε
2816 4519 2908 4573 καὶ
2931 4519 3123 4588 ταῦροι
3144 4516 3325 4577 πίονες
3344 4504 3649 4584 περιεκύκλαν

447 4607 639 4663 derent
691 4622 885 4663 manus
942 4617 997 4663 et
1055 4609 1219 4687 pedes
1277 4610 1438 4680 ejus,
1491 4619 1545 4666 et
1616 4612 1974 4669 dinumeraret

2132 4598 2247 4675 σαν·
2286 4617 2503 4691 ἧνοιξάν
2534 4633 2596 4669 τε
2636 4614 2808 4685 στόμα
2850 4612 2937 4665 ἐπ’
2969 4611 3152 4671 αὑτὸν,
3180 4610 3256 4673 ὡς
3284 4608 3419 4660 λέων
3444 4598 3652 4691 ἁρπάζων

447 4699 629 4754 omnia
662 4715 795 4769 ossa
830 4701 986 4772 ejus;
1018 4684 1323 4758 diviserunt
1371 4704 1474 4759 sibi
1520 4705 1848 4775 vestimenta
1881 4709 1967 4776 ejn

2129 4714 2223 4767 καὶ
2247 4684 2557 4781 ὠρυόμενος
2580 4726 2593 4773 ;
2621 4726 2638 4759 ι
2674 4707 2768 4759 καὶ
2788 4707 2881 4757 ἐπί
2910 4703 3141 4766 τούτοιςο
3172 4719 3189 4752 ι
3210 4700 3392 4769 Τίναή
3418 4684 3648 4760 συναγωγὴ

448 4800 502 4849 et
532 4809 700 4865 super
730 4801 935 4849 vestem
975 4795 1096 4864 ejus
1143 4796 1409 4853 miserunt.
1464 4808 1666 4853 sortem
1693 4800 1787 4854 δεῖ
1818 4821 1836 4852 ι
1872 4800 1969 4855 Tal

2128 4806 2237 4861 τῶν
2264 4802 2709 4874 πονηρευομένων
2741 4795 3050 4866 περιέσχενο
3081 4793 3175 4847 καὶ
3207 4790 3487 4864 περιέσχεν
3501 4783 3649 4838 οὖτωξι

448 4888 595 4941 enim
641 4885 789 4940 fatur
836 4887 883 4942 is
928 4903 1088 4957 quem
1140 4888 1384 4959 psalmus
1416 4890 1647 4957 inducit,
1679 4902 1864 4964 totque
1911 4911 1975 4965 pe

2129 4901 2206 4964 ὡς
2242 4898 2336 4951 καὶ
2361 4873 2552 4968 ὀρύξαι
2595 4890 2761 4947 αὑτοῦ
2794 4892 2980 4961 χεῖρας
3025 4888 3117 4941 καὶ
3146 4886 3333 4949 πόδας,
3385 4880 3473 4935 καὶ

355 5053 369 5069 ο
449 4981 649 5050 pessis,
694 4979 882 5049 adjicit
911 4980 1074 5034 etiam
1108 5001 1119 5034 :
1153 5001 1169 5032 ι
1199 4981 1446 5038 Narrabo
1475 5001 1674 5041 nomen
1720 4995 1873 5042 tuum

2134 4990 2298 5045 αὐτοῦ
2369 4967 2729 5060 ἐξαριθμῆσαι
2795 4982 2863 5034 τὰ
2937 4981 3109 5043 ὀστᾶ,
3172 4967 3568 5069 διαμερίσασθαί
3610 4975 3647 5069 ξε

448 5075 628 5130 tribus
682 5074 842 5131 meis.
899 5072 954 5126 in
1001 5073 1180 5129 medio
1240 5074 1503 5133 Ecclesia!
1554 5079 1785 5135 laudabo
1820 5090 1873 5136 te
1895 5083 1959 5134 ⁸⁸.

2136 5088 2346 5148 ἑαυτοῖς
2373 5053 2537 5136 αὐτοῦ
2676 5078 2885 5148 ἱμάτια,
2922 5073 3207 5145 βάλλοντας
3240 5069 3438 5139 κλῆρον
3480 5061 3559 5116 ἐπὶ
3587 5053 3647 5148 τὺξ

449 5162 886 5236 lnterpretentur
935 5173 1116 5219 autem
1175 5166 1287 5221 lucc
1338 5170 1426 5223 isti
1480 5170 1644 5225 simul
1699 5180 1753 5227 et
1811 5174 1976 5244 reliqui

2136 5175 2424 5250 ἱματισμὸν
2466 5171 2658 5238 αὑτοῦ;
2682 5191 2698 5220 ο
2742 5166 2977 5222 Τοιαῦτα
3015 5163 3121 5237 γάρ
3152 5162 3273 5215 τινά
3302 5176 3429 5230 φησι
3456 5156 3511 5207 τὸ
3529 5152 3643 5250 ἐνιτιε

450 5262 666 5327 psalmi,
699 5259 1003 5328 prassertim
1031 5260 1099 5313 ab
1126 5260 1227 5314 hoc
1251 5261 1371 5316 loco
1407 5283 1419 5318 :
1457 5282 1476 5315 ι
1504 5242 1977 5321 Βειιιὶιιίεεεηιιιιίε

2132 5242 2340 5339 φαλμιῖί
2355 5264 2643 5332 πρόσωπον
2662 5300 2676 5323 ,
2705 5260 2733 5312 ὃ
2761 5259 2855 5313 καὶ
2878 5256 3015 5327 μετά
3040 5256 3100 5308 τὸ
3126 5252 3360 5308 τοσαῦτα
3385 5245 3555 5302 παθεῖν
3573 5242 3641 5339 ἐπι

451 5360 837 5409 convertentur
870 5352 939 5406 ad
968 5351 1259 5408 Dominum
1301 5356 1544 5412 universi
1594 5357 1730 5414 I‘mes
1763 5368 1978 5425 terra)“

2137 5330 2291 5433 φέρει
2305 5330 2488 5424 ’λέγων
2508 5393 2522 5417 ,
2553 5370 2572 5403 ι
2600 5352 2936 5422 Διηγήσομαι
2954 5350 3015 5402 τὸ
3036 5346 3204 5418 ὄνομα
3224 5361 3320 5398 σου
3338 5344 3444 5403 τοῖς
3459 5330 3645 5433 ἀδελφοξξ

453 5439 759 5497 adorabunt
793 5443 847 5496 in
873 5452 1172 5515 conSpectu
1197 5445 1319 5515 ejus
1348 5447 1619 5504 universa:
1650 5448 1867 5504 familiae
1892 5467 1980 5521 ger

2140 5417 2272 5523 μου,
2308 5452 2365 5502 ἐν
2395 5447 2543 5516 μέσῳ
2582 5441 2905 5513 Ἑκκλησίας
2933 5441 3161 5510 ὑμνήσω
3184 5453 3243 5490 σε
3263 5453 3275 5465 ·
3306 5454 3324 5485 ι
3356 5417 3644 5525 λυέτωσιινιξξ

453 5534 676 5595 tium“,
716 5554 733 5587 ι
794 5549 970 5603 usque
1018 5536 1083 5589 ad
1140 5538 1291 5591 illum
1327 5559 1339 5594 :
1381 5560 1400 5591 ε
1450 5541 1881 5598 Annuntiabitur
1924 5543 1980 5596 De

2138 5542 2290 5597 ταῦθ’
2322 5541 2437 5610 ἅμα
2458 5538 2549 5590 καὶ
2577 5535 2646 5589 τὰ
2675 5533 2835 5587 λοιπά
2853 5531 2945 5586 τοῦ
2966 5529 3179 5602 ψαλμοῦ
3202 5526 3530 5599 διηγούμενοι
3545 5557 3558 5577 ,
3578 5528 3641 5583 μα·

526 5647 569 5677 "‘
596 5645 1010 5728 _Ifsal‘._xx,§._
1034 5654 1085 5728 ξιξ
1125 5654 1294 5728 Joan.
1317 5659 1507 5722 v.25.
1586 5661 1632 5692 ⁸⁸
1667 5660 1824 5718 Joan.
1860 5680 1911 5728 ν,
1948 5663 2037 5716 24.

2112 5664 2156 5694 ⁸⁷
2196 5661 2340 5719 Psal.
2379 5674 2468 5713 xxI
2492 5698 2505 5714 ,
2534 5654 2614 5728 2._
2668 5645 3264 5728 5f_BIaltli,_3tr\'tt,_£(_i.n
3318 5637 3623 5728 "uP'sazlglgj

467 5716 557 5795 ιυ.ἶ
595 5695 1105 5780 ι“ι”,“ξσ’.””ε“δ’ίι›ῑ‹ι.
1125 5695 1396 5791 sise."
1421 5695 1507 5761 “5'
1530 5695 1985 5789 ίωίι.’ἕῗ“ἀ⁷’ίῶ

458 5784 505 5837 “3
545 5784 674 5841 thid'.
710 5788 800 5844 28.

2115 5774 2132 5800 ι
2165 5695 2340 5789 εἶτ’τέ
2380 5695 2511 5788 fuit:
2540 5695 2646 5791 ἴε,
2686 5695 3286 5779 ιιῖ’”“ἐἳ’ἶιὶἰζίζἨλὶ).
3364 5714 3405 5745 ει
3442 5705 3555 5765 ibid.
3583 5695 3642 5751 93
