3868 6264
296 242 437 299 1109

1325 243 1620 301 ΕΟιΟϐᾹΞ
1662 243 2147 302 ΡΒΟΡΙΙΕΤΙΟᾸΕ.
2189 273 2256 284 -—
2293 242 2423 299 LIB.
2465 241 2531 299 ll.

3430 242 3563 297 1H0

292 358 452 414 λιστα
482 359 590 414 ἀπὸ
617 358 711 413 τοῦ
729 400 742 423 ,
778 381 796 412 ι
819 362 1234 433 Μνησθήσονται
1260 364 1352 417 καὶ
1377 364 1851 436 ἐπιστραφήσοντα

1977 363 2139 429 mino
2194 362 2475 435 generatio
2555 367 2830 417 ventura:
2866 368 2922 417 et
2969 359 3376 416 annuntiabunt
3430 359 3557 413 coeli

293 452 431 525 πρδς
455 452 657 523 Κύριον
681 454 856 507 πάντα
883 454 949 508 τὰ
984 456 1195 527 πέρατα
1230 456 1327 526 τῆς
1354 457 1481 525 γῆς·
1515 458 1608 511 καὶ⁵
1643 475 1880 530 προσκυ-

290 546 544 619 νήσουσιν
565 548 792 603 ἐνώπιον
818 550 980 604 αὑτοῦ
1005 553 1173 605 πᾶσαι
1196 553 1251 605 αἱ
1280 552 1505 623 πατριαὶ
1524 551 1632 607 τῶν
1652 554 1871 618 ἐθνῶν,›

293 639 459 713 μέχρι
484 642 598 703 τοῦ,
640 662 658 693 ι
683 642 1136 714 Ἀναγτελήσεται
1160 643 1237 714 τῷ
1267 647 1456 717 Κυρίῳ
1477 646 1639 715 γενεὰ
1667 649 1699 717 ὴ
1727 649 1879 719 ἐρχο-

293 732 429 804 μένη
447 775 463 799 ,
487 736 581 787 καὶ
599 735 958 805 ἀναγγελοῦσι
985 738 1082 808 τὴν
1104 737 1448 810 δικαιοσύνην
1473 739 1638 793 αὑτοῦ
1661 739 1776 810 λαῷ
1799 741 1878 812 τῷ

289 823 700 896 τεχθησομένῳ,
730 826 788 878 ὃν
822 827 1073 898 ἐποίησεν
1105 830 1133 880 ό
1165 828 1386 901 Κύριος.
1413 850 1428 881 3
1452 832 1877 903 Παριστάτωσαν

288 914 400 987 γὶρ
434 916 530 988 τὴν
564 917 683 970 τότε
719 918 815 988 μὲν
853 917 928 989 μὴ
964 920 1313 991 ὑπάρχουσάν
1349 940 1433 975 πω
1467 922 1659 991 γενεὰν
1681 963 1695 987 ,
1726 923 1876 995 ἥξειν

286 1004 346 1059 δὲ
368 1008 450 1070 τίς
477 1006 739 1077 μέλλοντα
770 1010 960 1079 χρόνον
986 1011 1467 1084 προφητευομένην
1483 1029 1496 1043 ·
1524 1014 1619 1068 καὶ
1641 1014 1732 1067 τὸν
1755 1014 1877 1086 πρό-

284 1115 441 1171 τερον
479 1100 578 1169 μὲν
611 1100 835 1172 μηδέπω
868 1102 997 1155 ὄντα
1026 1102 1175 1167 λαὸν,
1205 1104 1563 1176 τεχθήσεσθαι
1595 1106 1651 1159 δὲ
1681 1108 1736 1160 ἐν
1762 1110 1876 1171 τοῖς

287 1191 582 1262 μετέπειτα
616 1194 827 1263 χρόνοις
854 1194 1235 1266 προορώμενον
1253 1212 1267 1227 ο
1306 1196 1613 1265 λεγέτωσάν
1639 1216 1697 1252 τε
1725 1200 1777 1252 τί
1808 1200 1874 1254 ἂν

283 1281 489 1336 εἴποιεν
507 1284 745 1355 περὶτῆς
764 1284 854 1338 διὰ
902 1284 1057 1356 Ιησοῦ
1076 1285 1310 1357 Χριστοῦ
1333 1286 1427 1340 τοῦ
1446 1288 1597 1359 Σωτῆ
1607 1306 1694 1358 ρος
1717 1290 1749 1360 ἡ
1758 1289 1873 1360 μῶν

283 1374 561 1445 συστάσης
586 1377 649 1429 ὲκ
675 1377 893 1431 πάντων
913 1376 1019 1429 τῶν
1043 1377 1212 1430 ὲθνῶν
1246 1378 1599 1449 Ἐκκλησίας·
1629 1377 1737 1452 ἆρα
1765 1381 1873 1451 γὰρ

281 1469 377 1522 ἐπὶ
409 1472 521 1533 τοῖς
559 1470 835 1532 τοσούτοις
870 1468 1098 1540 πλήθεσι
1130 1470 1237 1523 τῶν
1271 1472 1357 1525 διὰ
1388 1470 1479 1524 τοῦ
1514 1473 1751 1542 Χριστοῦ
1782 1474 1872 1527 τὸν

280 1561 389 1617 τῶν
412 1562 548 1616 ὅλων
578 1562 709 1616 Θεὸν
736 1562 1128 1626 ἐπεγνωκότων
1155 1561 1218 1631 (f.
1250 1563 1321 1617 22
1344 1580 1371 1616 v
1389 1565 1432 1633 °)
1460 1565 1561 1618 οὐκ
1590 1564 1655 1619 ἂν
1679 1565 1871 1635 όμολο⁶

278 1652 510 1724 τήσαιεν
540 1652 931 1723 πεπληρῶσθαι
966 1653 1058 1719 τὸ,
1115 1673 1131 1704 ι
1158 1654 1573 1726 Μνησθήσονται
1617 1656 1709 1709 καὶ
1748 1659 1871 1711 ἐπι-

1979 455 2250 526 justitiam
2282 456 2403 524 ejus
2434 455 2635 526 popqu
2664 454 2761 526 qui
2790 463 3072 518 nascetur,
3105 466 3268 522 quem
3296 449 3421 505 fecit
3456 449 3563 504 Do-

1981 548 2164 602 minus
2184 548 2250 601 ⁶⁷.
2285 565 2302 598 3
2358 546 2667 603 Ostendant
2722 546 2868 601 enim
2939 548 3384 617 generationem,
3440 558 3562 613 qua:

1981 641 2225 696 nondum
2278 641 2588 705 exstiterat,
2646 641 2806 711 quasi
2872 646 3158 694 venturam
3212 642 3267 693 in
3318 636 3560 691 futurum

1982 735 2368 806 prophetizari,
2388 743 2734 805 veteremque
2756 734 2849 804 qui
2874 734 3113 789 nondum
3138 739 3256 788 erat
3276 718 3558 802 populum,

1980 829 2324 883 nasciturum
2353 827 2407 882 in
2440 827 2845 897 posterioribus
2866 828 2998 881 aevis
3033 823 3342 896 praevideri.
3368 822 3563 876 Dicant

1978 920 2108 990 quid
2129 919 2324 976 afferre
2350 921 2566 991 possint
2590 919 2659 974 de
2686 918 2933 974 Ecclesia
2954 934 3051 988 per
3070 918 3256 974 Jesum
3280 915 3561 971 Christum

1981 1010 2322 1067 Salvatorem
2373 1017 2625 1065 nostrum
2667 1011 2927 1066 omnibus
2990 1009 3248 1081 gentibus
3302 1006 3556 1062 conﬂata.

1978 1100 2231 1156 Profecto
2265 1101 2411 1157 enim
2437 1102 2493 1156 in
2524 1108 2675 1156 tanta
2714 1116 2905 1157 eorum
2931 1101 3285 1156 multitudine
3313 1100 3429 1169 qui,
3463 1112 3560 1167 per

1975 1190 2276 1256 Christum,
2316 1199 2595 1246 auctorem
2650 1192 2895 1246 onmium
2948 1191 3116 1247 Deum
3162 1199 3553 1262 cognoverunt,

1976 1300 2085 1338 non
2140 1293 2365 1356 possent
2401 1301 2510 1339 non
2561 1284 2811 1340 conﬁteri
2856 1285 2988 1340 illud
3041 1284 3321 1355 impletum
3368 1283 3556 1346 fuisse,

1976 1375 2205 1439 scilicet,
2248 1394 2265 1425 ι
2280 1373 2742 1447 Βοωίηἰεοθηιυιο
2770 1382 2825 1428 et
2858 1379 3253 1427 convertentur
3282 1371 3349 1424 ad
3376 1369 3559 1423 Domi—

1976 1482 2106 1521 num
2147 1476 2338 1524 omnes
2374 1466 2510 1522 lines
2534 1475 2731 1533 terrm;
2774 1485 2791 1518 3
2854 1481 2956 1519 nec
3009 1480 3141 1529 non,
3182 1482 3201 1515 ι
3235 1462 3556 1516 Adorabunt

1974 1558 2030 1612 in
2060 1568 2359 1630 conspectu
2390 1558 2510 1629 ejus
2542 1558 2813 1613 universae
2854 1556 3077 1612 familia:
3106 1556 3371 1627 gentium.
3409 1573 3426 1605 ι
3463 1552 3558 1607 Ve-

1980 1653 2380 1706 rumenimvero
2437 1651 2570 1708 hora
2634 1658 2717 1707 est
2763 1651 2853 1713 iis,
2881 1650 2974 1720 qui
3010 1661 3157 1704 recte
3212 1663 3406 1718 sapere
3463 1661 3558 1699 vo-

280 1744 493 1815 στραφή
503 1760 682 1797 σονται
703 1743 840 1815 πρὸς
858 1744 1059 1815 Κύριον
1077 1745 1253 1798 πάντα
1270 1744 1335 1798 τὰ
1358 1746 1570 1817 πέρατα
1590 1747 1688 1818 τῆς
1708 1750 1829 1818 γῆς·
1847 1768 1858 1799 ι

1974 1743 2113 1809 lunt,
2158 1744 2500 1814 prophetiam
2568 1743 2726 1798 fateri
2778 1744 2846 1797 ab
2897 1742 3004 1796 alio
3054 1741 3206 1795 nullo
3251 1739 3552 1809 itpiClhm.

278 1832 374 1885 καὶ
426 1833 517 1895 τὸ,
560 1832 1077 1904 (Προσκυνήσουσιν
1124 1833 1354 1888 ἐνώπιον
1397 1836 1563 1890 αὑτοῦ
1606 1839 1779 1892 πᾶσαι
1812 1843 1867 1893 αἱ

277 1925 507 1998 πατριαὶ
538 1926 646 1980 τῶν
680 1925 867 1981 ἐθνῶν.
893 1946 910 1977 3
960 1926 1118 1982 Ἀλλὰ
1158 1928 1266 2001 γὰρ
1293 1929 1411 2002 ῶρα
1448 1934 1559 1994 τοῖς
1590 1933 1868 2004 εὐγνωμο-

277 2019 391 2070 νεῖν
421 2017 694 2071 εθέλουσιν
713 2059 728 2081 ,
771 2019 872 2072 οὐκ
904 2020 991 2073 ἐπ’
1025 2021 1185 2075 ἄλλου
1216 2022 1359 2087 τινὸς
1389 2023 1420 2094 ἦ
1456 2024 1549 2076 ἐπὶ
1582 2025 1743 2095 μόνου
1774 2025 1867 2078 τοῦ

272 2110 482 2181 Κυρίου
512 2111 608 2164 καὶ
635 2112 884 2182 Σωτῆρος
916 2113 1071 2184 ἡμῶν
1109 2114 1284 2183 Ἰησοῦ
1316 2116 1553 2188 Χριστοῦ
1584 2118 1867 2189 ὁμολογεῖν

271 2200 668 2272 πεπληρῶσθαι
721 2203 820 2275 τὴν
856 2204 1222 2275 προφητείαν,
1269 2200 1330 2261 οῦ
1362 2208 1500 2261 κατὰ
1530 2208 1629 2279 τὴν
1663 2225 1867 2280 παρου-

271 2294 397 2346 σίαν
428 2292 591 2347 αὐτοῦ
620 2294 763 2366 καὶὴ
794 2294 903 2349 τῶν
928 2295 1099 2350 ἐθνῶν
1128 2298 1430 2370 ἐπιστροφὴ
1457 2299 1739 2367 γίγνεσθαι
1768 2301 1866 2372 ἦρ-

270 2383 400 2449 ξατο
416 2426 429 2444 .
454 2386 902 2459 παραγενομένης
921 2388 1020 2458 τῆς
1040 2388 1511 2461 προφητευθείσης
1531 2371 1745 2459 λίενεᾶς,
1771 2371 1864 2445 καὶ

266 2477 364 2530 τοῦ
396 2477 527 2531 λαοῦ
566 2479 660 2532 τοῦ
704 2480 1063 2551 τεχθήσεσθαί
1098 2482 1157 2533 οὐ
1196 2482 1356 2552 μόνον
1392 2482 1625 2536 ἐνταῦθα
1659 2484 1860 2555 προδη-

268 2569 531 2639 ὶουμενου
552 2610 567 2634 ,
593 2569 729 2623 ἀλλὰ
762 2570 854 2623 καὶ
880 2572 938 2623 ἐν
968 2572 1243 2642 ἐκατόστῳ
1278 2571 1477 2643 πρώτῳ
1510 2572 1712 2644 ψαλμῴ
1731 2615 1745 2639 ,
1773 2574 1862 2628 διὰ

265 2657 365 2713 τοῦ
384 2699 399 2721 ,
438 2678 457 2711 α
487 2660 754 2731 Γριιρήτω
787 2660 925 2733 αῦτη
955 2664 1034 2725 είς
1065 2662 1259 2731 γενεὰν
1296 2664 1513 2735 ἑτέραν·
1558 2666 1650 2718 καὶ
1682 2665 1807 2729 λαὸς
1834 2667 1863 2717 ὁ

267 2750 585 2822 κτιζόμενος
603 2752 803 2805 αἰνέσει
832 2753 923 2805 τὸν
954 2754 1176 2824 Κύριον.
1194 2774 1211 2804 3
1244 2746 1413 2817 Οὗτος
1436 2755 1493 2808 δέ
1521 2757 1781 2828 ἐστιπερὶ
1800 2750 1861 2810 οὗ

268 2843 364 2896 καὶ
387 2844 445 2897 ὲν
478 2842 547 2909 ιζ’
571 2843 757 2916 εἴρητο
777 2885 790 2907 ,
823 2864 841 2895 t
867 2845 1007 2908 Aab;
1033 2846 1092 2899 ὃν
1117 2847 1217 2899 οὐκ
1233 2846 1402 2915 ἔγνων
1426 2847 1705 2901 ὲδούλευσέ
1735 2866 1823 2919 μοι
1842 2865 1858 2880 ο

266 2937 352 2999 εἰς
379 2934 550 3007 ἀκοὴν
576 2936 736 2990 ὠτίου
768 2937 1047 3007 ὑπήκουσέ
1077 2955 1198 3008 μου.
1228 2957 1245 2988 ι
1278 2938 1475 2993 Τοῦτον
1501 2935 1592 2993 οῦν
1621 2939 1712 2992 τὸν
1747 2941 1858 2994 Σω-

261 3029 411 3101 τῆρα
439 3034 533 3084 καὶ
558 3030 759 3103 Κύριον
782 3031 960 3103 ἡμῶν,
982 3034 1159 3103 σάρκα
1186 3033 1522 3088 ἀναλαϐόντα
1554 3035 1647 3088 καὶ
1668 3034 1734 3088 δι’
1759 3036 1855 3088 αύ-

263 3122 367 3193 τὴν
416 3141 433 3172 ι
463 3121 721 3194 σκώληκα
743 3142 762 3175 3
819 3123 1266 3194 χρηματίσαντα,
1310 3145 1327 3176 ι
1358 3126 1598 3190 ’Όνειδός
1662 3145 1722 3179 τε
1755 3128 1852 3181 ἀνι

258 3213 500 3286 θρώπων
541 3216 829 3286 γενόμενον
871 3214 966 3268 καί
1004 3215 1341 3288 ὲξουδένωμα
1370 3216 1500 3271 λαοῦ
1522 3258 1537 3281 ,
1573 3218 1774 3282 πάντες
1805 3219 1855 3271 οἱ

259 3306 596 3378 θεωροῦντες
632 3324 699 3377 με
742 3308 1208 3380 ἐξεμυκτήρισαν,
1232 3330 1251 3363 3
1311 3311 1543 3382 μάλιστα
1594 3312 1734 3364 κατὰ
1762 3311 1853 3365 τὸν

260 3399 455 3471 καιρὸν
486 3397 580 3452 τοῦ
614 3398 852 3465 πάθους,
886 3401 975 3454 ὅτε
1020 3384 1143 3455 τῶύ¹
1169 3403 1227 3454 ὲν
1266 3405 1331 3473 τῇ
1364 3400 1670 3474 προφητείᾳ
1704 3403 1856 3468 τέλος

261 3490 524 3561 ἰσχόντων
548 3493 595 3544 οί
629 3492 1134 3564 παραπορευόμενοι
1155 3492 1543 3565 ἐϐλασφήμουν
1572 3493 1733 3547 αὐτὸν
1760 3496 1854 3548 καὶ

256 3583 629 3656 ἑμυκτήριζον
648 3583 894 3653 λέγοντες
919 3625 934 3649 ,
962 3605 980 3636 ι
997 3584 1221 3648 ’Ἄλλους
1246 3584 1437 3650 ἔσωσε,
1477 3585 1706 3639 σωσάτω
1725 3587 1852 3639 ἐαυ-

254 3676 354 3731 τόν
370 3695 382 3706 ·
411 3696 428 3728 3
458 3677 580 3730 τότε
601 3677 658 3730 δὲ
684 3677 779 3731 καὶ
803 3697 822 3730 ι
848 3678 1146 3750 Ἑλάλησαν
1169 3680 1226 3731 ὲν
1251 3678 1453 3750 χείλεσι
1479 3681 1573 3734 καὶ
1594 3680 1853 3751 ἐκίνησαν

257 3768 506 3840 κεφαλὴν
529 3788 547 3818 3
580 3769 789 3823 ἑαυτῶν
816 3772 936 3826 κατ’
964 3770 1128 3824 αὐτοῦ
1145 3788 1159 3802 ο
1192 3771 1376 3835 αὐτοῖς
1410 3773 1647 3845 ῥήμασιν
1673 3776 1853 3828 εἰπόν-

254 3876 354 3924 τες
371 3859 453 3922 τδ,
492 3878 511 3909 t
538 3861 804 3914 Ἥλπισεν
820 3864 912 3915 ὲπὶ
935 3862 1159 3934 Κύριον,
1189 3863 1443 3933 ῥυσάσθω
1466 3865 1649 3930 αὐτὸν,
1678 3866 1852 3920 σωσά-

254 3968 339 4003 τω
366 3952 548 4019 αύτὸν,
578 3954 659 4006 ὅτι
677 3952 821 4007 θέλει
849 3954 1041 4007 αὐτόν’
1068 3974 1085 4005 3
1119 3953 1259 4007 αὐτὰ
1287 3955 1396 4026 γὰρ
1422 3956 1485 4027 δὴ
1514 3957 1687 4011 ταῦτα
1709 3957 1852 4011 κατὰ

252 4044 321 4097 τὸ
348 4043 520 4107 πάθος
544 4044 793 4116 εἰρῆσθαι
821 4046 909 4098 ἐπ’
927 4045 1076 4115 αὐτῷ
1110 4047 1167 4099 ὲν
1193 4049 1306 4110 τοῖς
1341 4047 1693 4117 Εὐαγγελίοις
1720 4051 1851 4103 ἀνα-

254 4133 587 4206 γέγραπται.
651 4136 837 4206 Τούτῳ
870 4132 962 4189 οὖν
1000 4137 1095 4189 καὶ
1144 4136 1289 4207 μόνῳ
1332 4137 1467 4208 πρὸς
1509 4139 1602 4192 τὸν
1632 4140 1850 4211 Πατέρα

253 4227 441 4297 λέγειν
461 4228 692 4300 ἁρμόζει
719 4248 737 4279 ι
753 4229 873 4281 ’Ὁτι
901 4229 964 4281 σὺ
988 4225 1079 4281 εἷὸ
1101 4228 1385 4294 ὲκσπάσας
1413 4247 1480 4301 με
1498 4232 1560 4285 ἐκ
1580 4233 1814 4304 γαστρός
1831 4252 1844 4264 ·

252 4322 292 4391 ἡ
318 4319 471 4384 ἐλπίς
493 4338 595 4390 μου
614 4322 721 4374 ἀπὸ
746 4322 964 4392 μαστῶν
985 4321 1084 4392 τῆς
1113 4323 1318 4394 μητρός
1335 4340 1435 4394 μου
1458 4340 1469 4353 ·
1492 4324 1585 4377 ἐπὶ
1608 4323 1667 4377 σὲ
1690 4327 1855 4397 amp-

254 4411 427 4484 ρίφην
468 4414 532 4467 ὲκ
581 4416 822 4485 μήτρας·
863 4415 926 4467 ἐκ
957 4414 1163 4478 κοιλίας
1199 4416 1403 4487 μητρός
1439 4432 1539 4486 μου
1573 4415 1706 4481 Θεός
1740 4436 1843 4489 μου

1973 1835 2080 1890 nisi
2110 1851 2140 1888 a
2172 1836 2291 1892 solo
2325 1835 2556 1890 Domino
2588 1842 2643 1890 et
2671 1835 2956 1889 Salvatore
3002 1843 3195 1888 nostro
3225 1830 3355 1886 Jesu
3391 1829 3554 1885 (Ἀπί--

1972 1936 2083 1992 sto,
2111 1929 2271 1999 cujus
2298 1944 2395 1997 per
2422 1928 2856 1982 incarnationem
2892 1926 3098 1996 incepit
3145 1925 3387 1996 gentium
3419 1938 3553 1977 con—

1972 2020 2172 2084 versio,
2243 2020 2666 2091 superveniente
2728 2020 3092 2090 praenuntiata
3160 2018 3551 2089 generatione.

1969 2128 2071 2167 nec
2123 2128 2234 2168 non
2301 2114 2503 2184 popqu
2557 2115 2651 2184 qui
2705 2112 3021 2169 nasciturus
3069 2125 3176 2163 non
3221 2110 3397 2163 solum
3463 2108 3552 2162 hic

1969 2206 2267 2278 praedictus
2295 2213 2400 2270 est,
2437 2206 2531 2262 sed
2568 2214 2623 2260 et
2669 2204 2723 2259 in
2755 2204 3058 2259 centesimo
3100 2202 3276 2273 primo
3317 2202 3548 2271 psalmo,

1969 2299 2055 2355 his
2075 2298 2257 2354 verbis
2290 2315 2304 2353 :
2343 2316 2361 2349 ι
2401 2296 2731 2354 Scribantur
2751 2296 2867 2351 hare
2894 2296 2948 2349 in
2977 2294 3331 2366 generatione
3352 2296 3545 2357 altera,

1966 2399 2019 2445 et
2050 2391 2305 2461 populus,
2339 2390 2433 2461 qui
2468 2390 2770 2451 creabitur,
2817 2387 3064 2441 laudabit
3102 2386 3392 2442 Dominum
3414 2387 3478 2442 ⁸⁸⁸.
3522 2406 3541 2439 3

1965 2481 2066 2537 llie
2128 2489 2213 2538 est
2268 2481 2335 2537 de
2397 2497 2508 2553 quo
2554 2489 2610 2537 et
2653 2484 2709 2538 in
2750 2484 2963 2539 decimo
3012 2482 3244 2551 septimo
3295 2479 3541 2535 dicitur:

1970 2592 1990 2626 ι
2029 2573 2297 2645 Populus,
2330 2590 2493 2645 quem
2547 2591 2657 2629 non
2691 2576 2922 2648 cognovi
2950 2617 2964 2639 ,
3016 2575 3242 2631 servivit
3273 2572 3405 2627 mihi
3442 2592 3455 2627 :
3488 2573 3544 2626 in

1964 2665 2155 2721 auditu
2199 2667 2351 2722 auris
2402 2667 2644 2722 obedivit
2697 2669 2828 2723 mihi
2852 2671 2916 2725 ⁸³.
2951 2688 2969 2720 ι
3019 2668 3176 2722 Hunc
3228 2667 3394 2738 igitur
3427 2664 3547 2720 Sal-

1963 2770 2202 2814 vatorem
2221 2765 2275 2814 et
2304 2758 2591 2813 Dominum
2622 2770 2896 2823 nostrum,
2914 2775 3081 2815 carne
3097 2766 3374 2829 suscepta,
3401 2757 3545 2812 ideo-

1962 2869 2070 2922 que
2100 2869 2326 2908 cermem
2362 2854 3033 2924 vocaturumopprobrium
3059 2852 3342 2907 hominum
3373 2861 3428 2909 et
3456 2852 3546 2905 ab-

1957 2946 2251 3016 jectionem
2284 2945 2460 3015 plebis
2493 2964 2504 2998 :
2538 2960 2731 2999 omnes
2783 2945 3033 3000 videntes
3074 2961 3182 3008 me,
3233 2943 3543 2999 deriserunt

1963 3055 2048 3093 me
2069 3038 2137 3102 ⁷ο,
2175 3058 2195 3091 3
2229 3037 2538 3108 prmsertim
2584 3037 2636 3090 in
2669 3038 2947 3106 passionis
2990 3047 3252 3106 tempore,
3278 3051 3403 3091 cum
3428 3035 3539 3097 isti,

1960 3131 2053 3200 qui
2082 3131 2221 3184 hanc
2246 3131 2604 3201 impleverunt
2628 3131 2990 3201 prophetiam,
3018 3136 3367 3184 transeuntes
3392 3128 3540 3183 blas-

1966 3221 2296 3292 phemabant
2347 3236 2472 3276 eum
2515 3232 2569 3276 et
2624 3220 2945 3276 deridebant
2987 3219 3275 3274 dicentes:
3328 3236 3344 3265 σ
3392 3216 3543 3272 Alios

1958 3315 2139 3370 salvos
2174 3314 2319 3379 fecit,
2366 3330 2425 3370 se
2470 3315 2683 3368 salvum
2717 3312 2964 3377 faciat“,
3002 3332 3020 3364 3
3069 3320 3199 3366 tunc
3233 3320 3288 3365 et
3320 3330 3338 3362 ι
3373 3312 3539 3365 locuti

1959 3417 2086 3461 sunt
2112 3405 2274 3460 labiis
2308 3416 2363 3460 et
2410 3410 2703 3459 moverunt
2738 3405 2972 3473 caput"
3007 3422 3025 3455 3
3064 3419 3225 3458 suum
3276 3404 3541 3457 adversus

1955 3514 2119 3563 eum;
2155 3498 2336 3554 verbis
2397 3496 2591 3552 iisdem
2632 3496 2880 3551 dicentes
2908 3516 2920 3550 :
2948 3513 2967 3545 ι
3005 3493 3256 3565 Speravit
3313 3493 3367 3547 in
3432 3493 3538 3547 Do-

1958 3591 2129 3653 mino,
2166 3589 2509 3661 eripiateum
2541 3607 2553 3642 :
2585 3589 2798 3642 salvum
2855 3587 3020 3640 faciat
3070 3602 3194 3642 eum
3222 3625 3237 3651 ,
3276 3585 3535 3655 quoniam

1955 3681 2069 3734 vult
2100 3680 2310 3734 eum".
2351 3697 2367 3730 3
2407 3676 2543 3732 lluic
2593 3677 2760 3748 igitur
2828 3677 2929 3732 soli
2977 3676 3042 3730 ad
3097 3675 3311 3729 Patrem
3353 3676 3536 3730 dicere

1957 3772 2234 3834 convenit,
2269 3791 2287 3821 ι
2324 3770 2593 3838 Quoniam
2626 3779 2682 3825 tu
2711 3786 2771 3825 es
2793 3810 2806 3833 ,
2836 3770 2928 3839 qui
2968 3767 3258 3824 extruxisti
3327 3784 3412 3822 tne
3468 3767 3538 3825 de

1954 3873 2183 3918 ventre:
2221 3878 2346 3933 spes
2375 3879 2493 3918 mea
2544 3863 2613 3917 ab
2656 3862 2922 3918 uberibus
2965 3862 3159 3916 matris
3197 3875 3348 3914 meae.
3389 3859 3447 3913 In
3480 3867 3534 3916 te

1954 3955 2232 4025 projectus
2253 3969 2373 4012 sum
2396 3970 2462 4008 ex
2486 3962 2644 4009 utero
2668 3973 2682 4008 ι
2706 3952 2773 4009 de
2796 3961 2984 4009 ventre
3013 3953 3203 4008 matris
3234 3969 3365 4009 mea:
3392 3952 3534 4007 Deus

1954 4061 2109 4101 meus
2148 4061 2208 4101 es
2239 4045 2381 4100 tu“.
2424 4064 2443 4097 3
2486 4043 2757 4101 Praeterea
2784 4046 2944 4101 docet
2986 4060 3089 4100 nos
3117 4043 3362 4115 psalmus
3385 4042 3532 4112 quod

1951 4138 2200 4210 quaedam
2250 4139 2604 4209 nequissimze
2629 4149 2683 4194 et
2712 4140 2840 4194 ferre
2865 4148 3163 4209 potestates
3203 4136 3432 4193 insidias
3481 4137 3532 4192 ei

1953 4239 2293 4296 struxerunt,
2318 4232 2385 4289 de
2415 4233 2617 4302 quibus
2646 4233 2782 4288 dicit
2812 4252 2825 4288 :
2859 4251 2877 4283 ι
2908 4230 3401 4288 Circumdederunt
3446 4246 3532 4284 me

1953 4324 2105 4378 vituli
2140 4325 2320 4388 multi,
2350 4325 2495 4378 tauri
2529 4326 2762 4396 pingues
2807 4324 3142 4379 obsederunt
3165 4339 3249 4377 me
3272 4323 3347 4386 ⁷⁸;
3394 4341 3412 4372 3
3447 4320 3532 4374 di-

1951 4417 2025 4471 cit
2086 4416 2249 4471 etiam
2302 4415 2369 4472 de
2414 4416 2866 4471 circumcisorum
2929 4412 3212 4485 Synagoga
3267 4411 3530 4467 adversus

253 4501 311 4558 εἴ
336 4506 422 4559 σύ.
451 4525 471 4558 3
506 4505 649 4577 Πλὴν
679 4506 770 4558 ἐπὶ
801 4505 1011 4569 τούτοις
1038 4509 1066 4559 ό
1096 4506 1254 4575 λόγος
1281 4508 1428 4578 ἡμᾶς
1463 4508 1731 4572 παιδεύει,
1764 4510 1841 4574 ὡς

1962 4525 2070 4565 tum
2097 4510 2372 4564 concitata
2404 4524 2415 4560 :
2449 4529 2466 4559 ι
2506 4507 2998 4563 Circtnndederunt
3021 4523 3106 4561 me
3130 4520 3296 4560 canes
3320 4505 3478 4559 multi
3513 4522 3525 4558 :

253 4594 367 4664 ipa
396 4596 490 4649 καὶ
530 4593 787 4666 δυνάμεις
816 4596 1049 4669 πονηραί
1074 4612 1218 4660 τινες
1247 4598 1341 4651 καὶ
1366 4597 1649 4672 θηριώδεις
1678 4601 1841 4672 ἐνήρ-

258 4705 434 4759 τησαν
455 4688 554 4758 τὴν
593 4691 711 4743 κατ’
738 4688 902 4742 αὑτοῦ
937 4689 1225 4761 ἐπιϐουλὴν
1246 4732 1260 4755 ,
1304 4690 1370 4745 δι’
1395 4691 1461 4755 ἃς
1487 4694 1583 4747 xal.
1609 4693 1837 4764 ἔφασκε,

257 4801 279 4832 ι
306 4781 757 4853 Περιεκύκλωσάν
800 4800 866 4853 με
914 4782 1102 4854 μόσχοι
1150 4785 1336 4840 πολλοί
1359 4804 1372 4817 ’
1418 4784 1609 4857 ταῦροι
1656 4786 1840 4850 πίονες

254 4875 547 4946 περιέσχον
598 4892 694 4945 με’
720 4894 739 4927 3
792 4876 887 4929 καὶ
922 4878 1047 4947 περὶ
1082 4877 1181 4947 τῆς
1222 4877 1592 4947 ὲπισυστάσης
1626 4877 1682 4931 δὲ
1718 4879 1836 4932 κατ’

253 4967 421 5022 αὐτοῦ
445 4970 507 5022 ὲκ
528 4970 825 5041 περιτομῆς
848 4970 1178 5040 Συναγωγῆς
1199 4987 1364 5041 φησιν
1383 5010 1397 5032 ,
1424 4971 1503 5023 ὅτι
1533 4990 1549 5021 ι
1574 4970 1840 5024 Ἑκύκλω-

254 5060 357 5115 σάν
390 5078 457 5131 με
485 5060 645 5125 κύνες
677 5062 858 5115 πολλοί
879 5080 891 5094 ·
930 5061 1223 5132 συναγωγὴ
1254 5062 1705 5133 πονηρευομένων
1738 5074 1837 5115 πε-

253 5152 471 5225 ριέσχον
512 5167 600 5222 με’
628 5149 774 5208 οῦτοι
800 5154 966 5208 δὲκαὶ
994 5152 1207 5225 ὤρυξαν
1234 5154 1296 5205 οὐ
1328 5154 1514 5224 μόνον(
1536 5152 1633 5216 τὰς
1650 5157 1837 5225 χεῖρας

253 5243 440 5308 αὐτοῦ,
471 5244 608 5298 ἀλλὰ
656 5246 750 5299 καὶ
776 5246 902 5307 τοὺς
932 5246 1117 5310 πόδαςο
1156 5266 1174 5299 3
1205 5247 1261 5317 ἢ,
1302 5246 1442 5300 κατὰ
1457 5246 1548 5299 τὸν
1582 5247 1833 5311 Ἀκύλαν,

258 5336 539 5407 «ᾔσχυναν
558 5377 573 5401 ,
601 5357 616 5387 ι
649 5338 895 5407 φήσαντα
916 5378 930 5401 ,
968 5358 986 5389 ι
1010 5340 1249 5409 ᾔσχυναν
1274 5341 1461 5412 χεῖράς
1492 5357 1592 5411 μου
1617 5341 1712 5394 καὶ
1739 5341 1835 5393 πό-

255 5428 351 5492 δας
382 5446 484 5499 μου
502 5446 513 5459 ·
543 5449 561 5481 3
593 5428 622 5481 ὅ
643 5430 737 5482 καλ⁵
773 5429 990 5501 ἀληθῶς
1012 5431 1267 5502 ἐτελέσθη
1293 5471 1309 5497 ,
1345 5433 1434 5486 ὅτε
1460 5433 1835 5504 κρεμάσαντες

1948 4603 2241 4657 concilium
2297 4600 2714 4672 malignantium
2770 4599 2986 4654 obsedit
3030 4613 3156 4659 me:
3198 4595 3452 4652 foderunt
3505 4618 3522 4649 3

1949 4712 2058 4750 non
2124 4701 2336 4748 tantum
2394 4712 2411 4744 ι
2471 4708 2668 4747 manus
2737 4708 2928 4753 meas,
2967 4710 2985 4742 3
3040 4690 3134 4746 s‘ed
3189 4710 3206 4741 ι
3246 4698 3299 4745 et
3364 4690 3530 4760 pedes

1948 4804 2099 4844 meos
2119 4789 2192 4855 7‘;
2231 4806 2248 4838 3
2285 4788 2389 4848 vel,
2438 4785 2738 4842 secundum
2767 4785 3017 4855 Aquilam
3046 4823 3062 4846 ,
3103 4802 3120 4833 ι
3163 4781 3527 4837 dedecorave-

1948 4888 2094 4941 runt,
2131 4900 2148 4931 3
2186 4878 2284 4942 ait,
2330 4898 2348 4929 ι
2379 4879 2849 4934 dedecoraverunt
2898 4891 3261 4930 manusmeas
3283 4882 3336 4930 et
3360 4873 3526 4944 pedes

1945 4989 2137 5029 meos:
2169 4992 2190 5028 ι
2231 4971 2376 5043 quod
2404 4981 2459 5025 et
2488 4985 2616 5025 vere
2646 4968 2900 5023 effectum
2935 4976 3040 5034 est,
3080 4983 3205 5022 cum
3240 4966 3387 5037 ligno
3419 4964 3527 5018 alii-

1943 5075 2135 5138 gentes
2159 5081 2280 5120 eum
2326 5065 2496 5119 clavis
2526 5064 2647 5132 ejus
2679 5075 2984 5131 manusque
3023 5060 3299 5130 pedesque
3348 5058 3525 5128 perfo—

1944 5166 2225 5224 raverunt,
2276 5165 2331 5212 et
2366 5156 2654 5226 pulchrum
2693 5153 2939 5224 quidem,
2982 5150 3030 5206 si
3069 5150 3197 5221 quis
3242 5156 3522 5220 expeteret

1943 5257 2004 5304 ut
2036 5248 2318 5318 Scriptura
2362 5246 2688 5317 probaretur
2726 5240 2872 5313 quod
2907 5239 3162 5295 Christus
3204 5242 3355 5294 cruci
3391 5254 3538 5324 ειιῃιΙ

1946 5341 2165 5412 plicium
2215 5354 2483 5410 passurus
2532 5336 2826 5407 prmdictus
2861 5342 2968 5401 est,
3011 5334 3155 5387 inter
3199 5332 3305 5386 alia
3350 5331 3520 5385 docu—

1943 5425 2124 5487 menta
2146 5437 2200 5485 et
2228 5430 2361 5485 illud
2384 5428 2578 5485 aﬂ‘crre
2604 5447 2616 5483 :
2651 5447 2668 5480 ι
2710 5426 3155 5490 Perioraverunt,
3189 5443 3207 5476 3
3237 5430 3291 5479 et
3314 5424 3517 5494 potius.

329 5611 374 5642 "
415 5610 697 5676 Psal.:xt,
723 5612 810 5667 52.
889 5613 933 5644 ⁶³
976 5610 1119 5668 Psal.
1155 5627 1239 5675 Cl,
1278 5612 1364 5668 19.
1442 5610 1486 5641 "’
1522 5606 1838 5677 Ρεξιιηινιι,

1962 5654 1964 5663 ,
2041 5611 2086 5642 ⁷⁸
2126 5609 2271 5666 Psal.
2309 5628 2435 5677 ut,
2473 5610 2524 5677 '7,
2556 5611 2609 5667 8.
2685 5610 2728 5641 “
2772 5606 2903 5664 Luc.
2942 5621 3113 5672 χχιιι,
3151 5603 3221 5662 55
3264 5643 3279 5661 .
3317 5602 3517 5662 "Psal.

257 5696 384 5747 ut,
419 5683 473 5739 8.
550 5682 596 5714 ⁷³
638 5682 767 5738 ibid.
799 5684 850 5738 9.
930 5684 975 5715 ”
1016 5682 1149 5739 ibid.
1186 5683 1287 5741 10,
1330 5681 1417 5737 Η.

1494 5678 1549 5747 7',
1582 5674 1719 5733 ibid.
1757 5677 1846 5733 15.
1922 5681 1969 5715 ⁷⁸
2007 5680 2140 5738 ibid.
2182 5682 2272 5737 18.
