3868 6264
411 261 540 318 illi

1115 260 1380 315 EESEBII
1418 260 1893 317 CJESARIENSIS
1930 260 2081 318 OPP.
2124 261 2303 317 PARS
2342 263 2427 317 ι;ι.
2469 295 2539 305 -—
2577 261 2983 319 EXEGETICA.

3481 277 3587 327 lll‘.
3643 284 3649 291 '

413 402 431 434 ι
466 381 936 439 dedecoraverunt
995 397 1190 436 manus
1235 396 1386 436 meas
1431 387 1485 437 et
1532 381 1695 452 pedes
1727 396 1914 438 meos:
1958 402 1975 434 ι

2097 383 2245 436 ιύτὸν
2286 383 2378 436 ἐπὶ
2422 381 2515 435 τοῦ
2559 382 2729 454 ἰκρίου
2770 382 2916 453 ἥλοις
2956 380 3117 434 αὐτοῦ
3143 386 3237 446 τὰς
3262 398 3315 434 τε
3338 386 3496 454 χεῖρας
3516 390 3589 441 καὶ

406 476 606 547 quibus
654 478 905 543 protluus
956 472 1174 527 additur
1211 494 1221 527 :
1258 492 1275 525 ι
1310 473 1623 529 Diviseruut
1673 474 1776 531 sibi
1826 474 1984 530 vesti-

408 577 589 623 menta
620 581 762 629 mea,
791 575 844 619 et
867 581 1034 635 super
1060 573 1266 620 vestem
1320 581 1495 620 meam
1554 566 1824 621 miserunt
1863 581 1982 621 sor-

408 655 617 724 rem";
659 675 677 707 ι
722 653 867 725 quod
917 656 1136 725 quidem
1168 656 1363 726 Aquila
1417 657 1498 713 sic
1539 656 1750 713 edidit:
1781 678 1797 709 ι
1837 656 1981 711 Divi-

408 753 660 810 deut-sibi
686 754 1069 810 vestimentum
1105 770 1306 817 meum,
1325 762 1378 810 et
1400 771 1565 825 super
1586 762 1791 810 vestem
1806 768 1980 808 meam

408 845 621 898 mittent
654 851 900 912 sortem;
944 864 962 896 ι
1000 844 1363 915 Symmachus
1391 861 1541 910 vero,
1580 864 1598 897 ι
1637 844 1831 900 Partiti
1854 852 1983 901 sunt

409 935 730 991 vestimenta
752 951 871 991 mea
900 937 1042 993 inter
1071 953 1152 1001 se,
1193 946 1247 992 et
1270 938 1338 994 de
1364 947 1513 993 veste
1562 952 1681 992 mea
1724 937 1981 1006 conjeee-

408 1037 537 1082 runt
563 1035 788 1082 sortem.
820 1048 837 1081 ο
865 1025 1000 1082 Illud
1027 1044 1245 1098 quoque
1268 1028 1323 1083 in
1352 1029 1606 1099 passione
1628 1027 1980 1097 adimpletum

408 1125 511 1183 est,
542 1132 667 1171 cum
695 1117 788 1187 qui
812 1115 1198 1172 cruciﬁxeraut
1228 1133 1375 1183 eum,
1406 1138 1424 1170 ι
1458 1125 1789 1189 acceperunt
1826 1116 1985 1173 vcsti-

408 1216 590 1263 meuta
626 1210 767 1279 ejus,
797 1216 851 1264 et
875 1207 1123 1264 fecerunt
1152 1217 1387 1280 quatuor
1420 1219 1603 1281 partes
1624 1250 1639 1276 ,
1687 1211 1984 1279 unicuique

408 1301 566 1355 militi
595 1310 828 1372 partem,
854 1310 908 1356 et
933 1301 1193 1357 tunicam.
1220 1301 1350 1357 Erat
1376 1313 1555 1359 autem
1584 1302 1768 1358 tunica
1799 1303 1985 1357 incon-

409 1394 615 1457 sutilis,
656 1394 893 1465 desuper
927 1402 1183 1451 contexta
1208 1411 1304 1466 per
1333 1404 1527 1451 totum.
1563 1394 1826 1451 Dixerunt
1853 1412 1984 1468 ergo

409 1485 476 1539 ad
504 1485 735 1540 invicem
773 1502 784 1537 :
822 1483 937 1541 Non
965 1484 1283 1542 scindamus
1311 1499 1452 1549 eam,
1476 1484 1569 1540 sed
1602 1486 1895 1540 sortiamur
1917 1486 1985 1541 de

410 1576 499 1629 illa
522 1576 683 1645 cujus
717 1576 872 1632 sit".
918 1598 936 1629 ι
973 1574 1186 1643 Quibus
1222 1575 1413 1646 adjicit
1446 1578 1776 1648 evangelista
1810 1597 1821 1633 :
1857 1597 1875 1629 ‹
1913 1577 1984 1632 Ut

410 1666 696 1737 Scriptura
755 1667 1073 1737 impleretur
1126 1664 1314 1722 dicens
1347 1687 1360 1722 :
1393 1665 1588 1720 Partiti
1635 1675 1764 1721 sunt
1817 1669 1984 1723 vesti-

2087 479 2211 541 τοὺς
2234 478 2397 539 πόδας
2421 478 2777 548 περιέπειραν
2792 493 2807 507 ·
2836 477 2928 529 καὶ
2954 475 3114 529 καλόν
3135 491 3197 543 γε
3218 476 3263 528 εί
3292 476 3509 548 ἀπαιτοίη
3528 497 3591 543 τις

2088 572 2195 625 ἀπὸ
2227 572 2448 643 Γραφῆς
2480 572 2860 643 παραστῆσαι,
2904 572 2978 634 ὡς
3009 572 3117 644 ἄρα
3151 570 3239 625 καὶ
3269 588 3470 642 σταυρον
3492 575 3592 628 ὑπο-

2091 667 2269 733 μεῖναι
2291 666 2319 716 6
2349 663 2579 735 Χριστὸς
2606 665 2911 736 προείρητο,
2939 665 3074 736 μετὰ
3100 664 3193 717 καὶ
3217 662 3377 716 ἄλλων
3395 664 3485 717 τῶν
3502 668 3594 719 τού-

2085 772 2179 807 του
2212 756 2631 827 παραπατικῶν
2655 758 2747 810 καὶ
2774 756 2832 809 τὸ
2867 776 2882 807 ι
2908 756 3162 825 Ὢρυξαν,
3189 774 3207 805 ι
3228 753 3316 808 καὶ
3343 755 3511 825 μᾶλλον
3531 758 3591 819 τὺ,

2094 868 2110 895 ι
2139 848 2375 918 ᾔσχυναν
2402 849 2589 920 χεῖράς
2616 866 2715 919 μου
2748 850 2838 902 καὶ
2873 848 3038 911 πόδας
3069 865 3169 917 μου
3190 864 3249 905 .1
3286 847 3591 917 παραθέσθαισ

2087 934 2166 1000 οἷς
2196 938 2318 1008 ἑξῆς
2342 938 2656 1009 ἐπιφέρεται
2676 938 2755 1000 τὸ,
2793 958 2811 988 ι
2836 938 3220 1009 Διεμερίσαντο
3245 936 3311 989 τὰ
3332 936 3497 1006 ἱμάτιά
3520 955 3594 1007 μου

2091 1030 2320 1093 ἑαυτοῖς,
2355 1030 2444 1083 καὶ
2480 1030 2572 1083 ἐπὶ
2600 1030 2689 1083 τὸν
2722 1029 3013 1100 ἱματισμόν
3041 1046 3141 1100 μου
3168 1028 3352 1082 ἔϐαλον
3371 1027 3595 1098 κλῆρον-ν

2087 1120 2224 1191 ὅπερ
2243 1123 2270 1173 6
2296 1120 2392 1190 μὲν
2412 1119 2636 1183 Ἀκύλας
2658 1119 2825 1183 οὕτως
2849 1118 3128 1183 ἐξέδωκεν,
3157 1136 3174 1167 ι
3194 1116 3488 1189 Μερίσουσιν

2088 1212 2197 1264 τιόν
2218 1229 2317 1282 μου
2337 1213 2568 1275 ἑαυτοῖς,
2589 1212 2680 1264 καὶ
2696 1213 2785 1264 ἐπὶ
2802 1211 2920 1264 ἐνδυ
2930 1211 3009 1263 σίν
3035 1227 3134 1280 μου
3158 1209 3369 1279 βαλοῦσι
3385 1208 3597 1279 κλῆρον·ι

2088 1307 2115 1358 ὁ
2146 1305 2201 1358 δὲ
2232 1305 2547 1375 Σύμμαχος,
2588 1324 2605 1355 ι
2631 1304 2944 1374 Διενέμοντο
2975 1304 3042 1356 τὰ
3075 1303 3265 1374 ἱμάτιά
3298 1320 3391 1372 μου
3418 1304 3602 1365 ἑαυτοῖς,

2090 1398 2182 1451 καὶ
2212 1398 2337 1469 περὶ
2363 1396 2588 1466 ἐσθῆτος
2616 1413 2715 1467 μου
2739 1395 3031 1466 ἐλάγχανον
3052 1413 3063 1424 ·
3092 1416 3108 1446 ι
3136 1395 3163 1448 ὃ
3192 1394 3284 1447 καὶ
3314 1392 3434 1447 αὐτὸ
3453 1393 3607 1464 ἆματε

2088 1487 2164 1559 τῷ
2207 1488 2364 1542 πάθει
2409 1488 2791 1558 πεπλήρωται,
2830 1489 2917 1541 ὅτε
2961 1489 3008 1540 οἱ
3058 1484 3453 1556 σταυρώσαντες
3482 1484 3607 1538 αὐτὸν

2094 1599 2112 1629 ι
2137 1579 2389 1642 λαϐόντες
2421 1581 2487 1633 τὰ
2517 1581 2705 1650 ἱμάτια
2730 1574 2890 1633 αὑτοῦ
2922 1578 3179 1646 ἐποίησαν
3212 1577 3440 1647 τέσσαρα
3470 1575 3608 1646 μέρη,

2090 1669 2302 1739 ἑκάστῳ
2329 1668 2632 1741 στρατιώτῃ
2663 1669 2825 1740 μέρος
2849 1711 2863 1732 ,
2893 1669 2987 1720 καὶ
3016 1667 3105 1719 τὸν
3126 1666 3354 1736 χιτῶνα·
3385 1662 3445 1736 ἦν
3468 1665 3516 1717 δὲ
3538 1666 3611 1736 ἄῤ-

410 1766 590 1812 menta
627 1772 747 1811 mea
772 1758 901 1826 sibi,
931 1766 984 1813 et
1007 1758 1063 1811 in
1092 1764 1299 1812 vestem
1340 1772 1514 1812 meam
1564 1757 1834 1811 miserunt
1863 1770 1983 1811 sor-

2097 1763 2254 1829 ΰαιρος
2274 1801 2287 1824 ,
2319 1763 2381 1813 ἐκ
2405 1760 2511 1813 τῶν
2534 1760 2737 1813 ἄνωθεν
2765 1760 2995 1827 ὑφαντὸς
3018 1758 3084 1811 δι’
3110 1759 3231 1810 ὅλου
3254 1797 3271 1820 ,
3291 1756 3367 1810 διὸ
3386 1757 3471 1810 καὶ
3487 1752 3613 1812 εἶπαν

409 1859 515 1903 tem
539 1851 609 1904 τ’.
649 1870 666 1900 ι
701 1847 826 1905 Haec
870 1850 1092 1921 quidem
1137 1848 1421 1920 prophetia
1460 1849 1528 1903 de
1574 1864 1639 1904 eo
1681 1848 1980 1905 secundum

2097 1854 2219 1925 πρὸς
2260 1853 2548 1924 ἀλλήλους·
2595 1853 2685 1923 Μὴ
2714 1852 2988 1923 σχίσωμεν
3026 1851 3186 1904 αὑτὸν
3206 1893 3221 1915 ,
3254 1848 3386 1902 ἀλλὰ
3406 1848 3614 1918 λάχωμεν

411 1940 737 1997 Hebraieum
764 1943 907 1999 sicut
950 1944 1079 1996 ἐννᾶ
1106 1942 1385 2007 continet;
1413 1949 1747 2011 quapropter
1793 1939 1987 2009 adjici-

2097 1946 2211 2015 περὶ
2242 1945 2404 1998 αὐτοῦ
2427 1987 2440 2006 ,
2463 1945 2606 2007 τίνος
2629 1945 2777 1998 ἔσται
2795 1963 2809 1977 ⁸
2839 1965 2855 1996 ι
2884 1938 2967 2007 οἷς
2990 1942 3242 2014 ἐπιφέρει
3263 1941 3425 2010 λέγων
3447 1943 3474 1994 6
3492 1941 3616 2009 εὐαγ-

409 2043 498 2087 tur
526 2042 581 2088 et
617 2034 673 2087 in
706 2035 918 2104 psalmo
951 2032 1413 2103 quemadmodum
1448 2040 1502 2085 et
1545 2031 1599 2085 in
1632 2030 1941 2100 Evangeliis
1967 2069 1982 2094 ,

2097 2036 2363 2108 γελιστὴς,
2403 2056 2422 2088 ι
2449 2039 2565 2090 Ἵνα
2595 2038 2626 2107 ἡ
2656 2036 2845 2107 Γραφὴ
2878 2034 3164 2105 πληρωθῇ,
3191 2034 3256 2086 τό
3286 2032 3617 2103 Διεμερίσαντο

414 2145 432 2177 ι
469 2123 797 2180 Benedictus
826 2126 918 2194 qui
944 2124 1092 2179 venit
1120 2125 1174 2178 in
1210 2124 1431 2178 nomine
1461 2121 1673 2177 Domini
1699 2123 1767 2188 ⁸⁸,
1793 2141 1811 2174 ι
1838 2122 1985 2193 quod

2097 2128 2155 2182 τὰ
2180 2129 2368 2199 ἱμάτια
2394 2147 2493 2199 μου
2516 2130 2743 2190 ἑαυτοῖς,
2769 2128 2861 2181 καὶ
2882 2128 2973 2181 ἐπὶ
2994 2127 3084 2180 τὸν
3105 2125 3393 2197 ἱματισμόν
3421 2142 3508 2195 μου
3528 2124 3618 2177 ἐθα-

410 2217 629 2289 quidem
688 2217 819 2271 mihi
871 2216 1183 2287 signiﬁcare
1225 2216 1442 2271 videtur
1474 2234 1487 2268 :
1519 2214 1680 2270 Salva
1707 2258 1722 2282 ,
1758 2214 1984 2270 benedi-

2097 2222 2178 2273 λον
2212 2220 2431 2292 κλῆρον.
2455 2241 2472 2271 ι
2503 2220 2610 2273 Καὶ
2631 2219 2800 2272 ταῦτα
2825 2218 2888 2289 (f.
2915 2219 3004 2289 23)
3032 2218 3128 2289 μὲν
3152 2220 3183 2287 ή
3218 2217 3503 2288 προψητεία
3522 2215 3618 2285 περὶ

410 2318 552 2372 ctus,
594 2308 688 2381 qui
720 2310 876 2365 venis
926 2309 980 2364 in
1022 2309 1242 2365 nomine
1275 2308 1511 2373 Domini,
1556 2308 1737 2364 Patris
1784 2317 1838 2363 et
1888 2307 1980 2362 Dei

2097 2311 2254 2365 αὐτοῦ
2277 2312 2335 2365 τὸ
2370 2312 2652 2384 Ἐϐραῖκὺν
2681 2313 2811 2365 ὡσεί
2836 2308 2982 2365 ἐννᾶ
3009 2310 3271 2382 περιέχει·
3296 2302 3339 2377 ᾧ
3364 2306 3620 2370 ἀκολούθως

410 2404 673 2460 amnium.
2092 2403 2408 2474 ἐπιφέρεται
2450 2405 2543 2458 καὶ
2579 2406 2636 2458 ἐν
2675 2404 2754 2476 τῷ
2794 2401 2993 2474 ψαλμῷ
3025 2401 3213 2473 ὥσπερ
3246 2401 3309 2472 δὴ
3347 2401 3434 2452 καὶ
3462 2401 3511 2451 ἐν
3536 2401 3622 2461 τοῖς

411 2493 781 2565 Εὑαγγελίοις,
816 2498 877 2550 τὸ
912 2517 930 2549 ι
968 2498 1346 2569 Εὐλογημένος
1403 2500 1431 2551 6
1473 2498 1763 2570 ἐρχόμενος
1802 2498 1859 2548 ἐν
1923 2493 2146 2565 ὀνόματι
2181 2496 2386 2567 Κυρίου
2410 2515 2421 2527 ·
2460 2516 2477 2547 ι
2520 2497 2658 2568 ὅπερ
2701 2496 2937 2551 τοιοῦτόν
2977 2497 3030 2550 τί
3066 2514 3154 2568 μοι
3211 2495 3401 2567 δηλοῦν
3457 2493 3620 2547 ἔοικεν’

411 2587 589 2643 Σῶσον
610 2591 695 2662 δὴ,
721 2591 1101 2664 εὐλογημένος,
1126 2593 1154 2645 6
1173 2589 1462 2662 ἐρχόμενος
1484 2592 1540 2644 ἐν
1557 2591 1778 2662 ὀνόματι
1805 2588 2029 2660 Κυρίου,
2069 2588 2161 2642 τοῦ
2194 2590 2406 2661 Πατρός
2434 2591 2526 2643 καὶ
2545 2588 2678 2643 Θεοῦ
2712 2589 2819 2643 τῶν
2844 2590 2999 2643 ὅλων.

994 2682 1223 2739 CAPUT
1257 2683 1398 2740 XIV.

656 2774 704 2828 Ε
721 2776 928 2844 psalmo
960 2775 1241 2829 centesimo
1273 2776 1538 2830 tricesimo
1566 2777 1757 2846 primo.

489 2882 506 2906 ι
546 2861 760 2918 Iuravit
791 2863 1052 2919 Dominus
1085 2863 1252 2919 David
1296 2866 1600 2931 veritatem,
1627 2876 1681 2922 et
1718 2883 1826 2923 non
1866 2869 1951 2925 fru

2618 2684 3009 2737 ΚΕΦΑΛΑΙΟΝ
3044 2684 3149 2737 1Δ’.

2662 2774 2911 2845 Ψαλμοῦ
2942 2779 3103 2843 ρλαν.
3200 2806 3203 2809 -

2172 2888 2188 2917 ι
2213 2869 2414 2938 Ὠμοσε
2436 2867 2639 2941 Κύριος
2662 2867 2737 2937 τῷ
2757 2866 2917 2919 Δαυῒδ
2941 2865 3220 2936 ἀλήθειαν,
3247 2865 3341 2918 καὶ
3367 2864 3424 2917 οὐ
3448 2862 3514 2934 μὴ
3532 2859 3627 2914 ἀθε-

413 2953 683 3008 strabitur
714 2971 837 3009 eum
872 2974 883 3009 :
918 2955 986 3010 de
1022 2957 1201 3010 fructu
1232 2958 1438 3012 ventris
1466 2959 1542 3011 tui
1590 2974 1787 3028 ponam
1824 2980 1988 3035 super

2097 2962 2246 3031 τήσει
2267 2960 2447 3025 αὑτὸν,
2483 2960 2578 3013 Ἐκ
2608 2959 2822 3031 καρποῦ
2844 2960 2943 3030 τῆς
2965 2957 3172 3020 κοιλίας
3199 2974 3299 3010 σου
3324 2954 3539 3027 θήσομαι
3557 2953 3628 3004 ἐπὶ

416 3045 602 3100 sedem
661 3048 895 3121 tuam".
936 3069 954 3100 ι
1010 3048 1073 3101 Et
1126 3065 1322 3104 rursus
1363 3070 1376 3104 :
1422 3070 1441 3103 ι
1498 3049 1633 3107 Illuc
1682 3055 1983 3124 producam

2097 3051 2181 3104 τὸν
2210 3051 2394 3123 θρόνον
2425 3069 2572 3105 σου.»
2605 3053 2713 3105 Καὶ
2743 3051 2923 3113 πάλιν,
2957 3071 2974 3101 ι
2999 3051 3146 3103 Ἐκεῖ
3172 3048 3471 3112 ἐξανατελῶ
3496 3045 3629 3116 κέρας

414 3150 588 3188 cornu
642 3133 834 3200 David,
878 3139 1065 3207 paravi
1120 3138 1397 3194 lucernam
1431 3141 1655 3199 Christo
1691 3162 1833 3204 meo.
1877 3150 1988 3204 Ini-

2097 3140 2171 3211 τῷ
2197 3116 2381 3203 Δαυῖδ,
2414 3141 2681 3212 ήτοίμασα
2703 3141 2893 3212 λύχνον
2919 3140 2996 3211 τῷ
3024 3138 3245 3212 Χριστῷ
3279 3156 3396 3209 μου.
3425 3138 3545 3197 Τοὺς
3564 3136 3630 3204 ἐχ·

416 3229 590 3283 micos
617 3228 736 3298 ejus
766 3230 987 3284 induam
1020 3230 1341 3287 confusione
1367 3252 1379 3288 :
1414 3250 1578 3305 super
1602 3238 1780 3307 ipsum
1808 3249 1988 3298 autem

2097 3229 2257 3302 θρούς
2290 3248 2383 3284 σου
2416 3231 2621 3284 ἐνδύσω
2651 3231 2912 3302 αἰσχύνην
2932 3271 2946 3291 ,
2983 3230 3073 3283 ἐπὶ
3100 3229 3156 3282 δὲ
3185 3215 3352 3282 αὐτον
3388 3225 3631 3297 ἐξανθήσει

416 3316 683 3374 efllorebit
713 3321 1074 3376 sanctificatio
1108 3338 1227 3378 mea
1247 3322 1456 3379 ".illic
1481 3326 1770 3383 manifeste
1799 3330 1989 3387 Davidi

419 3426 543 3464 cum
573 3409 933 3480 jurejurando
963 3428 992 3466 a
1021 3412 1131 3468 Deo
1152 3414 1443 3483 promissio
1465 3414 1532 3470 de
1559 3415 1779 3472 Christo
1807 3419 1989 3488 datur,

419 3504 575 3574 quasi
616 3522 645 3559 e
674 3506 884 3561 semine
925 3506 1046 3575 ejus
1097 3507 1402 3574 nascituro,
1447 3509 1678 3582 ejusque
1731 3511 1989 3567 thronum

418 3609 809 3651 conscensum.
837 3597 1060 3651 Multam
1115 3597 1203 3651 hic
1234 3599 1389 3654 locus
1427 3601 1862 3670 explanationem
1898 3604 1993 3660 de-

420 3683 707 3747 sideraret,
750 3702 873 3738 cum
925 3702 1033 3740 non
1066 3687 1315 3742 videatur
1342 3690 1706 3759 corporaliter
1736 3690 1991 3749 Christus

421 3790 586 3844 super
618 3774 840 3831 Davidis
871 3777 1068 3831 solium
1103 3777 1335 3847 ejusque
1361 3793 1588 3848 regnum
1622 3780 1941 3836 consedisse
1974 3800 1989 3848 ;

420 3865 569 3936 quod
600 3882 729 3921 vero
775 3867 1196 3937 praatcribimus,
1236 3884 1360 3924 cum
1409 3885 1440 3923 a
1478 3871 1760 3941 proposito
1804 3882 1993 3927 nostro

424 3958 659 4013 alienum
701 3958 774 4012 sit
832 3958 995 4028 hujus
1043 3961 1238 4029 psalmi
1292 3961 1728 4032 interpretationi
1775 3979 1990 4020 vacare.

423 4052 727 4110 Prudenter
766 4056 912 4110 enim
971 4071 1194 4112 necesse
1240 4064 1323 4112 est
1366 4072 1475 4112 nou
1537 4074 1648 4112 uno
1700 4056 1994 4129 Scriptum

423 4148 567 4209 loco,
613 4146 658 4199 si
691 4159 799 4199 non
825 4145 999 4214 possit
1027 4147 1298 4216 corporali
1328 4162 1494 4201 sensu
1524 4146 1742 4203 Christo
1778 4163 1996 4204 aconm-

423 4238 655 4301 modari,
706 4253 829 4308 quae
894 4239 1081 4293 multis
1116 4239 1251 4293 locis
1310 4240 1597 4295 manifeste
1629 4223 1696 4296 de
1735 4256 1801 4296 eo
1848 4242 1992 4296 dicta

424 4339 554 4387 sunt
596 4333 845 4403 rejicere.
885 4329 1171 4386 Sincerum
1214 4331 1378 4402 igitur
1425 4332 1649 4387 verbum
1678 4342 1990 4403 sequentes,

422 4431 477 4480 et
510 4424 613 4494 ipsi
654 4425 853 4479 divinae
887 4424 1103 4479 innixos
1159 4423 1477 4495 Scriptura,
1509 4427 1790 4481 attendere
1817 4427 1990 4489 decet,

422 4513 571 4585 quod
590 4514 790 4569 alicubi
809 4515 986 4585 ipsum
1014 4513 1322 4570 mendicum
1337 4515 1648 4585 quemdam,
1667 4523 1722 4569 et
1743 4515 1923 4579 vilem,
1944 4526 1999 4570 et

425 4608 737 4678 ignobilem,
758 4623 933 4678 neque
956 4609 1190 4677 speciem
1217 4608 1505 4662 habentem
1528 4624 1703 4679 neque
1718 4607 1994 4672 decorem,

424 4708 715 4755 venturum
742 4717 865 4756 esse
890 4702 1242 4771 praenuntiat,
1259 4702 1395 4755 alias
1416 4716 1548 4757 vero
1574 4717 1753 4772 regem
1776 4700 1996 4770 conspi-

424 4810 588 4848 cuum
615 4792 895 4864 praedicat.
931 4792 1175 4860 Quorum
1203 4794 1449 4863 quaedam
1473 4793 1690 4863 quidem
1722 4801 1776 4848 et
1802 4808 1999 4864 corpo-

422 4888 614 4943 raliter
631 4885 849 4955 impleta
866 4901 988 4939 esse
1002 4884 1507 4955 possunt.qua:dam
1528 4898 1681 4949 vero,
1698 4884 2003 4937 solummo-

422 4980 492 5036 do
519 4976 823 5035 secuudum
845 4974 1187 5043 spiritualem
1209 4970 1507 5043 Scriptura:
1542 4989 1787 5038 sensum,
1822 4973 1877 5027 in
1909 4988 1995 5027 se-

423 5073 605 5128 eundo
636 5070 757 5139 ejus
792 5067 1028 5122 adventu
1059 5066 1334 5136 implenda
1359 5064 1805 5120 existimandum.
1850 5066 2001 5118 Atta-

425 5182 550 5221 men
583 5180 677 5219 rex
714 5161 1032 5217 Judaaorum
1065 5168 1293 5214 vocatus
1327 5166 1411 5213 est
1440 5156 1707 5214 Dominus
1731 5168 1917 5214 noster
1941 5157 1997 5213 in

426 5258 602 5325 primo
639 5257 760 5325 ejus
799 5254 1057 5317 adventu,
1095 5258 1296 5306 nonut
1339 5251 1541 5304 factum
1590 5258 1673 5305 est
1706 5249 1882 5305 Pilato
1905 5250 1997 5325 ju:
2102 5249 2317 5314 κητέον.
2359 5249 2503 5313 Πλὴν
2535 5249 2629 5294 καὶ
2659 5249 2910 5311 βασιλεὺς
2955 5249 3219 5291 Ἰουδαίων
3247 5249 3603 5334 expugna“.

426 5349 588 5404 beute
617 5349 770 5403 cruci
799 5347 922 5418 ejus
952 5343 1182 5407 Graecis,
1216 5341 1479 5398 Romanis
1509 5351 1563 5398 et
1593 5342 1878 5399 Hebraicis
1910 5343 1988 5398 lit-

2104 5338 2307 5409 Κύριος
2327 5336 2483 5407 ἡμῶν
2513 5334 2654 5388 κατὰ
2676 5334 2774 5405 τὴν
2802 5332 3021 5405 πρώτην
3044 5330 3205 5385 αὐτοῦ
3232 5326 3542 5399 παρουσίαν,
3561 5326 3636 5417 οὐχ

426 5440 561 5494 teris
586 5439 812 5493 inscribi
839 5456 851 5490 :
888 5436 987 5491 Hic
1024 5445 1104 5491 est
1133 5449 1225 5490 rex
1247 5432 1638 5489 Judworum”.

2104 5430 2178 5492 ὡς
2200 5429 2354 5497 ἔτυχε
2376 5444 2469 5480 του
2491 5426 2723 5479 Πιλάτου
2747 5423 3100 5484 κελεύσαντος
3120 5418 3485 5490 ἐπιγραφῆναι
3501 5413 3634 5467 αὖταῦ

426 5529 503 5598 τῷ
526 5530 742 5600 σταυρῷ
763 5530 1084 5601 γράμμασιν
1112 5527 1439 5597 Ἑλληνικοῖς
1455 5526 1548 5581 καὶ
1576 5527 1903 5597 Ῥωμαϊκοῖς
1925 5522 2337 5595 καὶἘϐραῖκοῐς
2357 5520 2437 5584 τὸ,
2451 5517 2638 5585 Οὗτός
2655 5520 2826 5573 ἐστιν
2847 5514 3184 5582 όβασιλεὺς
3196 5512 3317 5566 τῶν
3346 5506 3632 5565 Ἰουδαίων·

499 5641 725 5715 "Psal.
758 5664 871 5709 xxi,
898 5647 985 5700 l9.
1061 5646 1106 5677 ⁷⁸
1143 5644 1300 5701 Joan.
1339 5662 1453 5711 xu,
1488 5645 1579 5715 23,
1609 5646 1704 5704 24.
1778 5648 1821 5679 τ’
1863 5644 1988 5700 ἰδίεις

2100 5684 2116 5699 .
2194 5644 2240 5675 ⁸ο
2272 5640 2460 5697 Natta.
2494 5656 2585 5695 xx:
2639 5639 2693 5694 9.
2805 5638 2845 5670 “
2888 5635 3029 5691 Psal.
3065 5648 3245 5699 eam,
3292 5630 3376 5686 ll.
3449 5627 3490 5657 “
3527 5618 3632 5678 ibid.

432 5712 514 5772 l7,
560 5710 644 5764 18.
719 5717 762 5748 ⁸³
801 5716 990 5771 Matth.
1028 5730 1212 5778 xxvii,
1250 5714 1338 5769 57.

2095 3323 2155 3375 τὸ
2185 3324 2431 3394 ἁγίασμά
2462 3341 2583 3394 μου.
2611 3342 2629 3375 ι
2658 3325 2766 3377 Καὶ
2785 3321 3015 3375 ἐνταῦθα
3045 3321 3231 3390 σαφῶς
3259 3320 3337 3391 τῷ
3365 3317 3516 3372 Δαυῖδ
3537 3316 3632 3387 μεθ’

2096 3415 2259 3485 ὅρκου
2291 3414 2395 3466 ὑπὸ
2424 3412 2515 3467 τοῦ
2546 3412 2679 3466 Θεοῦ
2711 3411 3009 3481 ἐπαγγελία
3050 3412 3178 3483 περὶ
3207 3410 3307 3464 τοῦ
3334 3406 3551 3480 Χριστοῦ
3575 3404 3632 3457 δί-

2096 3503 2276 3566 δοται,
2308 3504 2382 3567 ὡς
2416 3503 2481 3557 ἂν
2514 3505 2578 3557 ἐκ
2602 3502 2913 3573 σπέρματος
2936 3498 3095 3553 αὐτοῦ
3121 3496 3505 3568 γενηθήσεσθαι
3536 3491 3634 3561 μέλ-

2095 3596 2276 3660 λοντος
2296 3636 2310 3659 ,
2347 3596 2441 3650 καὶ
2469 3594 2787 3660 καθέξοντος
2815 3593 2977 3647 αὐτοῦ
3012 3593 3101 3646 τὸν
3129 3590 3337 3662 θρόνον.
3393 3586 3575 3656 Πολλῆς
3598 3582 3633 3635 δ’

2098 3688 2393 3755 ἐξετάσεως
2433 3690 2620 3761 χρῄζοι
2662 3688 2726 3742 ἂν
2755 3689 2821 3741 τὰ
2853 3686 2990 3739 κατὰ
3026 3686 3151 3747 τοὺς
3181 3684 3414 3745 τόπους,
3444 3680 3552 3735 ἐπεὶ
3576 3677 3635 3748 μὴ

2096 3781 2224 3852 δοκῇ
2262 3779 2586 3851 σωματικῶς
2616 3781 2644 3831 6
2672 3777 2903 3850 Χριστὸς
2934 3776 3025 3828 ἐπὶ
3053 3775 3141 3827 τὸν
3177 3774 3368 3843 Θρόνον
3389 3770 3476 3825 τοῦ
3502 3766 3636 3821 Amm

2098 3873 2190 3926 καὶ
2221 3872 2319 3943 τὴν
2349 3869 2622 3943 βασιλείαν
2644 3867 2805 3923 αὑτοῦ
2835 3866 3179 3922 κεκαθικέναι
3200 3906 3214 3928 ,
3252 3866 3289 3920 ἃ
3319 3862 3412 3919 καὶ
3437 3860 3635 3933 ὑπερθη·

2100 3964 2302 4035 σόμεθα
2339 3964 2428 4017 διὰ
2465 3962 2526 4015 τὸ
2566 3962 2640 4033 μὴ
2679 3961 2779 4030 τῆς
2817 3958 3098 4032 παρούσης
3127 3955 3267 4013 εἶναι
3296 3951 3635 4029 πραγματείας

2099 4058 2250 4129 παρὰ
2282 4057 2371 4110 τὸν
2417 4055 2775 4127 προκείμενον
2808 4052 3007 4105 σκοπὸν
3041 4049 3390 4122 κατατρίϐειν
3419 4049 3511 4105 τὴν
3537 4059 3636 4113 σχο-

2098 4146 2196 4218 λὴν
2230 4146 2321 4198 ἐπὶ
2345 4142 2443 4216 τὴν
2467 4142 2562 4198 τοῦ
2588 4141 2801 4212 ψαλμοῦ
2828 4141 3076 4212 διήγησιν
3094 4158 3108 4172 ·
3134 4139 3488 4210 εὐγνωμόνως
3505 4134 3556 4188 δέ
3572 4149 3635 4185 τοι

2098 4239 2202 4311 χρὴ
2241 4237 2313 4309 μὴ
2343 4237 2451 4291 ἀπὸ
2483 4237 2609 4309 μιᾶς
2634 4235 2855 4307 Γραφῆς
2874 4275 2887 4297 ,
2916 4236 2964 4286 εί
2993 4233 3065 4305 μὴ
3098 4232 3183 4303 εἴη
3216 4231 3417 4303 δυνατὴ
3442 4227 3567 4283 κατὰ
3588 4225 3637 4278 τὸ

2100 4330 2407 4401 σωματικὸν
2429 4327 2756 4400 ἐφαρμόζειν
2771 4325 2848 4397 τῷ
2871 4325 3087 4397 Χριστῷ
3104 4369 3118 4389 ,
3136 4324 3201 4378 τὰ
3224 4323 3461 4393 πολλαχῆ
3484 4316 3635 4387 σαφῶς

2031 4458 2071 4514 D
2101 4423 2229 4495 περὶ
2272 4422 2433 4476 αὑτοῦ
2472 4419 2736 4491 εἰρημένα
2774 4417 3245 4489 παρακρούεσθαν
3282 4415 3562 4514 ἑπομένους
3587 4423 3637 4476 τε

2105 4516 2210 4586 μὴν
2252 4512 2441 4585 ἁληθεί
2473 4512 2642 4582 λόγῳ,
2680 4512 2770 4565 καὶ
2804 4512 2939 4581 αὐτῇ
2981 4513 3046 4581 τῇ
3083 4509 3201 4580 θείᾳ
3239 4504 3637 4580 παρισταμένως

2101 4610 2288 4679 Γραφῇ
2312 4646 2324 4668 ,
2348 4605 2627 4675 έφίσταναι
2651 4603 2917 4674 προσήκει
2940 4641 2954 4665 ,
2976 4600 3034 4664 ὃς
3064 4601 3194 4654 ποτὲ
3219 4601 3319 4671 μὲν
3337 4599 3491 4652 αὑτὸν
3517 4610 3637 4648 πτω-

2103 4699 2196 4769 χόν
2227 4715 2349 4752 τινα
2375 4698 2468 4751 καὶ
2496 4695 2685 4766 εὖτελῆ
2715 4696 2808 4748 καὶ
2837 4693 3050 4764 ἄτιμον,
3072 4694 3146 4764 μὴ
3173 4692 3367 4763 ἔχοντα
3392 4686 3520 4752 εἶδος
3548 4702 3632 4757 μη-

2102 4792 2158 4844 δὲ
2186 4791 2379 4853 κάλλος
2398 4829 2411 4851 ,
2435 4787 2756 4848 ἐλεύσεσθαι,
2778 4785 3127 4859 προφητεύει,
3158 4784 3345 4839 ἄλλοτε
3370 4783 3425 4836 δὲ
3450 4777 3636 4851 βασιλέα

2104 4883 2317 4954 ἔντιμον
2346 4880 2505 4935 αὐτόν
2533 4897 2725 4950 φησιν·
2753 4873 2827 4933 ὧν
2848 4878 2920 4931 τὰ
2953 4878 3051 4948 μὲν
3077 4877 3169 4931 καὶ
3192 4872 3511 4947 σωματικῶς
3530 4871 3635 4922 ἀπο·

2106 4973 2493 5046 πεπληρῶσθαι
2520 4971 2760 5033 δύναται,
2793 4969 2933 5023 τὰδὲ
2962 4968 3102 5023 κατᾶ
3130 4968 3288 5039 μόνον
3315 4966 3407 5019 τὸν
3432 4974 3630 5030 πνευμα-

2104 5066 2254 5120 τικὸν
2298 5065 2397 5136 τῆς
2433 5062 2654 5134 Γραφῆς
2695 5060 2852 5125 νοῦν,
2903 5059 3004 5129 ἤδη
3046 5058 3103 5112 δέ
3131 5073 3247 5110 τινα
3281 5051 3534 5110 καὶκατὰ
3558 5049 3636 5118 τὴν

2103 5156 2360 5227 δευτέραν
2408 5152 2570 5209 αὑτοῦ
2618 5149 2917 5223 παρουσίαν
2960 5144 3409 5218 πληρωθήσεσθαι
3443 5138 3635 5227 προσδοέ

2102 5226 2317 5314 κητέον.
2358 5242 2503 5313 Πλὴν
2535 5242 2629 5294 καὶ
2659 5238 2910 5311 βασιλεὺς
2954 5238 3219 5291 Ἰουδαίων
3247 5226 3635 5305 ἐχρημάτισενό
