3868 6264
206 282 341 338 1115

729 405 951 460 ΚΕΦΑΛ
959 407 1120 462 ΔΙΟΝ
1160 408 1261 462 ιε’.

773 519 1025 588 Ψαλμοῦ
1051 516 1208 589 ρμιί.

272 605 383 660 Καὶ
414 606 475 660 τὸ
510 606 695 662 ἐνθάδε
744 608 1036 680 λεγόμενον
1058 650 1073 673 ,
1107 630 1124 663 ι
1175 612 1304 683 Ἐμὲ
1343 611 1669 684 ὑπομενοῦσι
1717 615 1786 668 δί-

209 715 347 751 καιοι
373 698 478 763 ἕως
518 694 578 754 οὗ
620 701 932 771 ἀνταποδῷς
963 719 1074 773 μοι,
1117 721 1133 754 ι
1170 702 1344 755 ἔοικεν
1384 704 1447 756 ἐκ
1492 702 1782 773 προσώπου

209 788 454 857 Αέγεσθαι
493 789 588 843 τοῦ
620 773 887 863 Σωτῆρος
936 790 1056 845 τίνα
1107 791 1215 864 γάρ
1253 792 1408 847 ἄλλον
1458 794 1783 865 ὑπομενοῦσι

209 882 400 936 δίκαιοι
444 882 548 946 ἓως
596 874 657 935 οῦ
700 882 977 953 ἀνταποδῷ
1025 882 1172 954 αὐτῷ
1215 884 1244 936 ὁ
1287 883 1437 948 Θεὸς,
1474 884 1506 955 ἢ
1558 886 1781 953 τοῦτον;

214 968 370 1026 Ἐπεὶ
402 972 584 1037 καθὼς
616 974 833 1046 εἴρηταί
883 991 984 1028 που
1025 975 1151 1047 περὶ
1193 975 1300 1028 τῶν
1334 976 1499 1030 πάλαι
1538 976 1781 1043 δικαίων,

207 1065 280 1130 ὡς
310 1066 418 1136 ἄρα
455 1086 473 1117 ι
514 1066 966 1140 Μαρτυρηθέντες
997 1067 1096 1121 οὐκ
1139 1068 1461 1138 ἐκομίσαντο
1489 1070 1585 1134 τὰς
1616 1073 1787 1142 ἐπαγ-

213 1157 411 1228 γελίας,
438 1156 532 1211 τοῦ
559 1157 693 1211 Θεοῦ
729 1157 973 1229 κρεῖττόν
993 1146 1045 1211 ἶτι
1081 1159 1207 1229 περὶ
1233 1158 1389 1230 ἡμῶν
1414 1159 1788 1232 προϐλεψαμέ-

208 1266 295 1302 νου
322 1249 407 1302 ἵνα
444 1249 517 1319 μὴ
560 1250 728 1320 χωρὶς
767 1248 922 1319 ἡμῶν
965 1249 1343 1307 τελειωθῶσιν.
1386 1272 1405 1303 ι
1434 1251 1601 1321 Δῆλον
1632 1251 1675 1306 δ’
1702 1254 1784 1306 ὅτι

207 1339 368 1394 αὐτὸν
394 1334 494 1411 όρᾷ
531 1340 591 1393 τὸ
636 1340 797 1414 ῥητὸν
823 1341 930 1395 ἀπὸ
955 1340 1047 1394 τοῦ
1094 1343 1187 1395 καὶ⁵
1226 1342 1297 1396 τά
1329 1343 1470 1397 κατά
1510 1342 1573 1396 τὸ
1616 1344 1786 1407 πάθος

207 1431 369 1485 αὐτοῦ
405 1434 462 1485 ἐν
498 1432 573 1503 τῷ
602 1431 803 1503 ψαλμῷ
856 1432 1166 1497 ἀκολούθως
1189 1435 1307 1497 ταῖς
1352 1433 1539 1498 ἄλλαις
1572 1452 1784 1505 προφη-

206 1525 375 1588 τείαις
426 1524 926 1598 προσημαίνεσθαιδ
991 1527 1298 1597 γέγραπται
1324 1526 1475 1595 γοῦν,
1513 1545 1532 1577 ι
1583 1528 1786 1597 Ἐκχεῶ

206 1617 436 1671 ἐνώπιον
475 1616 637 1671 αὐτοῦ
671 1617 769 1689 τὴν
820 1616 1001 1689 δέησίν
1038 1636 1157 1690 μου,
1195 1618 1292 1689 τὴν
1330 1617 1507 1688 θλίψιν
1553 1635 1652 1689 μου
1702 1620 1785 1671 ἐν-

206 1708 376 1762 ώπιον
401 1707 563 1761 αὑτοῦ
586 1708 900 1777 ἀπαγγελῶ.
936 1710 1022 1762 Ἐν
1050 1708 1126 1780 τῷ
1152 1709 1421 1763 ἐκλείπειν
1465 1707 1523 1773 ἐξ
1564 1708 1696 1780 ἐμοῦ
1721 1710 1783 1762 τὺ

206 1801 424 1871 πνεῦμά
458 1819 580 1872 μου,
614 1801 707 1854 καὶ
748 1801 811 1853 σὺ
843 1800 1013 1870 ἔγνως
1045 1802 1142 1866 τὰς
1173 1801 1391 1873 τρίϐους
1426 1819 1525 1872 μου
1547 1820 1559 1831 ·
1586 1804 1642 1855 ἐν
1683 1801 1786 1873 ὁδῷ

211 1891 400 1964 ταύτῃ,
524 1892 887 1964 ἐπορευόμην,
935 1891 1178 1963 ἔκρυψαν
1224 1892 1426 1961 παγίδα
1479 1908 1601 1963 μοι·
1635 1914 1653 1946 ι
1694 1893 1787 1947 καὶ

211 1988 388 2053 πάλιν,
412 2008 430 2040 ‹
461 1989 649 2043 Ῥῦσαί
670 2007 734 2060 με
754 1991 817 2043 ἐκ
837 1990 943 2043 τῶν
963 1990 1403 2044 καταδιωκόντων
1427 2009 1514 2061 με.
1536 1991 1595 2053 (Γ.
1621 1992 1692 2046 25
1709 1995 1783 2062 τ’)

205 2083 284 2135 ’ὅτι
337 2082 787 2154 ἐκραταιώθησαν
842 2083 980 2155 ὑπὲρ
1038 2084 1158 2154 ἐμέ.
1203 2103 1219 2134 ι
1255 2084 1477 2148 Τούτοις
1522 2086 1648 2157 ἑξῆς
1692 2085 1786 2138 καὶ

207 2170 333 2245 περὶ
376 2174 476 2245 τῆς
527 2176 589 2228 ἐκ
632 2175 841 2248 νεκρῶν
887 2177 1232 2241 ἀναστάσεως
1284 2176 1446 2231 αὑτοῦ
1497 2178 1787 2249 εὐχόμενός

204 2282 391 2336 φησιν’
422 2283 441 2316 ι
487 2264 746 2333 Ἐξάγαγε
780 2266 842 2317 ἐκ
886 2266 1131 2336 φυλακῆς
1180 2266 1278 2336 τὴν
1312 2265 1489 2336 ψυχήν
1537 2283 1657 2336 μου,
1691 2265 1784 2319 τοῦ

207 2356 699 2427 ἐξομολογήσασθαι
729 2354 806 2427 τῷ
836 2356 1057 2427 ὀνόματί
1092 2372 1184 2409 σου
1210 2371 1224 2385 ⁸
1267 2376 1284 2407 ι
1322 2351 1403 2419 οἷς
1435 2356 1783 2428 ὲπιφέρειτὸ,

209 2464 231 2499 α
277 2446 414 2517 Ἐμέ
474 2446 801 2517 ὑπομένουσι
844 2446 1038 2499 δίκαιοι
1084 2445 1189 2509 ἕως
1241 2444 1555 2516 ἁνταποδῷς
1614 2463 1722 2517 μοι.
1761 2464 1779 2497 ι

216 2539 549 2610 ’Υπέμειναν
598 2533 690 2591 οὖν
723 2537 814 2591 τὸν
858 2537 1089 2607 Χριστὸν
1140 2536 1337 2601 πάντες
1381 2539 1576 2591 ἐκεῖνοι
1614 2540 1661 2591 οἱ
1705 2537 1781 2590 δί-

206 2648 352 2684 καιοι
414 2631 519 2695 ’ἐως
571 2623 631 2683 οῦ
685 2629 965 2701 ἀνταποδῷ
1025 2629 1174 2699 αὐτῷ
1215 2630 1242 2681 ὁ
1288 2630 1510 2701 Πατὴρ,
1554 2629 1669 2683 ἀνθ’
1711 2623 1786 2684 ὧν

210 2744 229 2776 ι
264 2726 529 2780 ἐκένωσεν
579 2724 790 2787 ἑαυτὸν,
819 2724 1060 2795 ὑπήκοος
1102 2722 1248 2792 αὐτῷ
1294 2723 1582 2794 γενόμενος
1627 2724 1787 2795 μέχρι

205 2817 460 2871 θανάτου.
505 2836 524 2869 ι
549 2817 683 2869 Τίνα
715 2815 771 2868 δὲ
792 2814 1072 2886 ἀνταποδῴ
1104 2814 1310 2886 αὑτῷῆ
1352 2834 1369 2866 ι
1400 2816 1467 2868 τὰ
1498 2815 1624 2886 ἔθνη
1660 2815 1788 2886 κλη-

207 2906 483 2979 ρονομίαν,
528 2898 619 2960 κάὶ
649 2907 748 2977 τὴν
780 2907 1104 2977 κατάσχεσιν
1138 2905 1299 2960 αὐτοῦ
1345 2903 1412 2959 τά
1440 2905 1654 2977 πέρατα
1685 2909 1786 2978 τῆς

206 3001 309 3071 γῆς
327 3018 338 3031 ·
383 3018 401 3050 ο
432 3000 499 3053 ἵν’
528 3001 654 3054 ὅταν
681 2999 742 3053 τὸ
768 2998 1041 3070 πλήρωμα
1066 2991 1174 3053 τῶν
1202 2998 1372 3052 ἐθνῶν
1393 2996 1629 3072 εἰσέλθῃ,
1664 2999 1786 3051 τότε

1218 283 1511 373 scaeam
1551 284 2035 345 PBOPHE’I‘ICE.
2078 321 2148 331 --
2186 288 2316 346 LIB.
2353 289 2422 346 ιι.
2520 298 2525 301 ·

3319 295 3456 347 MM

2480 406 2710 464 CAPUT
2741 406 2855 464 XV.

2049 524 2096 578 E
2126 523 2334 595 psalmo
2363 522 2645 578 centesimo
2673 519 3082 593 quadragesimo
3109 506 3301 588 primo.

1940 602 2087 682 'Qua:
2122 616 2210 669 hic
2237 614 2497 670 dicuntur
2527 630 2541 667 :
2582 632 2600 665 ι
2640 612 2723 669 Me
2755 619 3073 682 exspectant
3098 610 3255 681 justi,
3284 609 3458 666 donec

1884 707 2159 761 retribuas
2194 705 2427 760 mihi“:
2465 725 2483 756 ι
2520 706 2586 759 de
2620 703 2922 759 Salvatoris
2969 717 3202 774 persona
3241 701 3348 756 dici
3376 701 3461 756 vi-

1886 799 2101 854 dentur.
2133 796 2305 864 Quem
2341 797 2485 852 enim
2529 797 2697 851 alium
2732 796 3129 866 exspectabunt
3172 794 3331 863 justi,
3360 792 3460 847 ἀοι

1883 908 1985 948 nec
2016 891 2159 947 Deus
2188 891 2454 947 retribuat
2482 890 2554 954 ei,
2583 889 2689 944 nisi
2717 889 2862 942 hunc
2900 887 3118 959 ipsum?
3146 885 3458 941 Sicutenim

1884 984 2092 1039 dictum
2123 994 2207 1038 est
2236 982 2303 1037 de
2338 981 2616 1052 prioribus
2661 980 2855 1050 justis,
2896 997 2915 1030 ι
2956 978 3021 1032 Et
3055 978 3109 1032 lii
3143 992 3331 1033 omnes
3379 982 3463 1031 te-

1886 1078 2144 1134 stimonio
2174 1075 2295 1131 ﬁdei
2318 1074 2552 1145 probati,
2587 1088 2698 1127 non
2724 1068 3462 1142 acceperuntrepromissio-

1885 1186 2033 1233 nem.
2077 1169 2185 1225 Deo
2216 1184 2314 1240 pro
2358 1167 2518 1223 nobis
2551 1166 2747 1221 melius
2779 1163 2982 1234 aliquid
3031 1163 3367 1233 providente,
3399 1168 3459 1214 ut

1886 1279 1997 1319 non
2035 1264 2153 1318 sine
2195 1262 2355 1317 nobis
2406 1267 2927 1315 consummarentur
2949 1258 3017 1322 ⁸⁸,
3065 1276 3085 1309 ι
3120 1263 3267 1327 patet
3311 1254 3457 1325 quod

1884 1370 2011 1410 cum
2045 1354 2250 1409 indicat
2282 1353 2528 1424 psalmus
2558 1366 2654 1421 per
2682 1350 2955 1420 passionis
2983 1356 3200 1418 tempus
3219 1354 3274 1402 et
3299 1347 3366 1401 ab
3392 1361 3459 1401 eo

1885 1456 2129 1517 tempore
2179 1445 2393 1502 ostendi
2449 1444 2704 1499 similiter
2762 1457 2825 1496 ac
2876 1442 2930 1495 in
2980 1440 3103 1493 aliis
3137 1438 3456 1509 proplietiis.

1889 1536 2167 1607 Scriptum
2215 1542 2299 1591 est
2329 1534 2538 1606 igitur:
2579 1551 2598 1583 ι
2634 1529 2869 1584 Eﬁ‘undo
2904 1529 2961 1582 in
3007 1534 3305 1595 conspectu
3341 1524 3460 1593 ejus

1887 1629 2191 1683 orationem
2238 1641 2441 1690 meam,
2474 1632 2524 1680 et
2559 1623 2965 1677 tribulationem
3010 1631 3187 1672 meam
3231 1623 3358 1670 ante
3387 1616 3461 1686 ip»

1887 1739 2008 1778 sum
2064 1721 2383 1793 pronuntio.
2450 1717 2508 1773 ln
2567 1715 2870 1772 deﬁciendo
2926 1728 2994 1767 ex
3057 1725 3146 1766 me
3207 1709 3461 1779 spiritum

1890 1830 2093 1882 meum,
2128 1822 2182 1869 et
2214 1824 2270 1867 tu
2322 1810 2626 1881 cognovisti
2671 1808 2894 1863 semitas
2940 1818 3109 1859 meas.
3146 1800 3201 1856 In
3234 1802 3319 1855 via
3360 1801 3462 1854 hac

1888 1923 1995 1976 qua
2022 1905 2393 1966 ambulabam,
2439 1900 2849 1957 absconderunt
2885 1899 3137 1967 laqueum
3182 1892 3403 1960 mihi“;
3435 1910 3456 1945 ι

1888 2008 1942 2054 et
1987 2013 2182 2053 rursus
2225 2017 2237 2051 :
2295 2014 2314 2046 ‹
2358 1993 2552 2049 Libera
2600 2007 2687 2047 me
2737 2005 2767 2045 a
2810 1986 3266 2059 persequentibus
3310 1999 3398 2040 me
3442 1998 3456 2036 :

1887 2089 2012 2158 quia
2045 2085 2338 2142 confortati
2372 2091 2499 2139 sunt
2529 2097 2697 2153 super
2729 2096 2813 2135 me
2829 2078 2895 2133 θ’.
2933 2100 2951 2130 ι
2975 2077 3107 2131 Post
3137 2077 3252 2130 haec
3281 2074 3460 2130 couti-

1889 2195 1998 2235 uuo
2036 2179 2105 2233 de
2144 2192 2243 2232 sua
2274 2193 2303 2231 a
2352 2175 2583 2230 mortuis
2630 2171 3038 2227 resurrectione
3074 2183 3241 2223 orans
3269 2166 3402 2222 dicit
3442 2186 3457 2222 :

1893 2294 1913 2327 ‹
1959 2273 2111 2327 Educ
2140 2273 2207 2327 de
2236 2271 2486 2327 custodia
2520 2269 2756 2323 animam
2784 2280 2958 2320 meam
2991 2264 3059 2318 ad
3089 2262 3460 2318 conﬁtendum

1888 2363 2098 2419 nomini
2129 2371 2224 2416 tuo
2257 2377 2271 2415 :
2298 2375 2384 2415 me
2431 2363 2753 2428 exspectant
2782 2356 2940 2424 justi,
2973 2354 3149 2408 donec
3186 2354 3462 2408 retribuas

1887 2453 2103 2508 mihi”.
2133 2472 2151 2504 ι
2189 2451 2658 2522 Exspectaverunt
2688 2448 2855 2518 igitur
2881 2461 3074 2501 omnes
3114 2446 3168 2499 hi
3194 2445 3332 2514 justi
3361 2442 3462 2499 do-

1888 2559 1989 2599 nec
2015 2544 2065 2599 ei
2091 2544 2357 2600 retribuat
2385 2543 2563 2608 Pater,
2596 2557 2662 2597 eo
2681 2539 2826 2610 quod
2850 2556 2869 2590 ι
2909 2538 3230 2594 exinaniens
3263 2544 3455 2592 semet-

1887 2637 2088 2708 ipsum,
2160 2637 2422 2693 obediens
2484 2636 2535 2692 ei
2592 2634 2770 2689 factus
2824 2642 2908 2688 est
2966 2645 3141 2701 usque
3186 2628 3254 2684 ad
3309 2643 3460 2682 mor-

1888 2738 1996 2786 tem
2012 2731 2081 2788 ”.
2121 2750 2139 2782 ι
2170 2729 2305 2799 Qum
2352 2746 2486 2786 vero
2523 2730 2789 2785 retribuet
2826 2728 2897 2792 ei,
2942 2726 3053 2781 nisi
3085 2743 3103 2776 ι
3136 2730 3328 2796 gentes
3350 2724 3461 2778 h2-

1886 2824 2195 2889 reditatem,
2227 2833 2280 2878 et
2305 2822 2686 2893 possessiones
2719 2821 2840 2891 ejus
2865 2818 3131 2874 terminos
3160 2813 3403 2881 terrae“;
3437 2833 3455 2865 ο

1890 2922 1969 2980 ιιι,
2002 2929 2126 2968 cum
2156 2915 2556 2970 consummatio
2590 2912 2829 2984 gentium
2860 2910 3092 2973 eveniet,
3115 2916 3247 2962 tunc
3271 2914 3326 2962 et
3348 2922 3460 2961 om-

1888 3003 1976 3058 nis
2004 3004 2168 3060 Israel
2197 3004 2457 3067 salvetur,
2494 3005 2789 3074 omniaque
2818 3017 2940 3072 quae
2968 3002 3021 3054 in
3077 3001 3284 3070 psalmo
3315 2998 3460 3053 dicta

207 3094 301 3149 καὶ
329 3096 358 3148 ὁ
384 3096 490 3155 πᾶς
528 3091 740 3166 Ἰσραὴλ
775 3092 940 3163 σωθῇ,
970 3092 1064 3145 καὶ
1094 3091 1189 3145 ὅλα
1214 3091 1270 3144 δὲ
1304 3090 1370 3145 τὰ
1400 3093 1456 3144 ἐν
1489 3091 1566 3160 τῷ
1589 3089 1785 3161 ψαλμῷ

1893 3101 2040 3160 sunt,
2074 3094 2141 3150 ad
2174 3095 2296 3165 ejus
2340 3095 2775 3151 incarnationem
2806 3093 2861 3148 in
2904 3107 3013 3164 qua
3057 3090 3298 3147 insidiati
3334 3095 3463 3145 sunt

205 3187 517 3259 ἐφαρμόσαι
546 3186 611 3240 ἂν
648 3184 725 3255 τῷ
760 3183 1001 3256 Χριστῷ,
1035 3183 1103 3235 τὰ
1132 3181 1272 3236 κατά
1304 3182 1399 3253 τὴν
1440 3179 1787 3252 ἐνανθρώπη-

206 3295 292 3334 σιν
325 3274 511 3339 αὑτοῦ,
547 3274 665 3329 καθ’
700 3276 766 3345 ἢν
797 3272 1181 3343 ἐπεϐουλεύθη,
1216 3274 1555 3344 περιέχοντα.

726 3388 1119 3444 nmmum
1162 3389 1243 3455 1:,-
1259 3387 1295 3440 '.

790 3479 1037 3548 Ψαλμοῦ
1056 3484 1206 3548 pm".

290 3575 380 3628 Ἐν
417 3576 514 3645 μὲν
546 3573 624 3644 τῷ
655 3571 795 3645 μετά
825 3575 1013 3643 χεῖρας
1047 3569 1246 3641 ψαλμῷ
1277 3569 1513 3639 λέγεται,
1544 3590 1562 3620 ι
1590 3569 1786 3640 Κύριε,

207 3669 384 3724 κλῖνον
416 3668 676 3738 οὐρανοὺς
715 3665 809 3719 καὶ
828 3663 1115 3735 κατάϐηθι,
1153 3683 1170 3714 ι
1215 3662 1347 3715 suae
1378 3661 1457 3732 τῷ
1491 3659 1574 3725 ιζ’,
1616 3679 1634 3711 ι
1679 3661 1790 3714 Καὶ

205 3759 415 3814 ἔκλινεν
435 3761 697 3832 οὐρανοὺς
726 3757 819 3811 καὶ
846 3755 1070 3826 κατέϐη.
1103 3775 1120 3807 ι
1165 3753 1653 3825 Ἐσημειωσάμεθα
1682 3752 1783 3825 μὲν

207 3847 303 3906 δῦν
332 3853 493 3906 κάκεῖ
524 3852 617 3905 καὶ
643 3850 703 3903 τὸ
740 3849 921 3921 ῥητὸν,
956 3847 1049 3901 καὶ
1080 3846 1313 3901 ἐνταῦθα
1345 3847 1403 3900 δὲ
1435 3846 1625 3900 ταυτὸν
1668 3864 1789 3899 ποι-

207 3939 396 4003 οῦντες
415 3939 543 4011 περὶ
566 3937 657 3992 τοῦ
686 3939 860 4007 Λόγου
895 3936 990 3990 τοῦ
1019 3935 1153 3989 Θεοῦ
1175 3936 1347 3990 ταῦτα
1367 3936 1620 4005 λέγεσθαι
1646 3937 1792 3989 ὑπει-

206 4034 482 4104 λήφαμεν.
528 4032 726 4095 κλίνας
763 4031 871 4102 γὰρ
922 4030 1181 4102 οὐρανοὺς
1213 4027 1292 4099 τῷ
1328 4028 1563 4082 κενῶσαι
1599 4028 1790 4082 ἐαυτὸν

208 4126 310 4197 τῆς
338 4126 658 4196 ἐπουρανίου
690 4126 784 4179 καὶ
814 4127 872 4178 ὲν
899 4125 1080 4194 μορφῇ
1102 4121 1238 4175 Θεοῦ
1271 4120 1450 4193 δόξης,
1484 4123 1563 4185 εἰς
1586 4120 1655 4174 τά
1690 4138 1791 4174 κα-

1889 3187 1963 3253 ei,
2002 3186 2332 3243 referantur.

2485 3381 2712 3438 CAPUT
2750 3381 2887 3435 XVI.

2066 3475 2115 3531 E
2141 3475 2346 3545 psalmo
2370 3477 2651 3529 centesimo
2676 3473 3085 3544 quadragesimo
3118 3470 3290 3524 tertio.

1962 3568 2021 3624 In
2056 3569 2160 3625 hoc
2186 3568 2396 3638 psalmo
2425 3566 2667 3621 dicitur:
2709 3583 2727 3615 ‹
2770 3563 3014 3627 Domine,
3044 3558 3255 3614 inclina
3292 3556 3460 3612 cmlos

1891 3670 2018 3718 tuos
2056 3670 2110 3716 et
2143 3659 2515 3725 descende";
2559 3678 2576 3710 ι
2610 3665 2660 3713 et
2700 3657 2753 3710 in
2785 3656 2997 3711 decimo
3025 3653 3263 3723 septimo
3291 3664 3304 3702 :
3339 3665 3359 3700 ι
3382 3647 3445 3703 In

1889 3758 2114 3813 clinavit
2143 3756 2314 3811 cmlos
2340 3761 2394 3810 et
2425 3751 2792 3808 descendit".
2824 3769 2841 3801 ι
2871 3747 3224 3803 Ostendimus
3253 3743 3387 3813 jam,
3410 3749 3459 3798 et

1888 3866 2039 3905 nune
2081 3849 2277 3903 iterum
2316 3847 2431 3900 haec
2463 3844 2531 3899 de
2556 3842 2733 3898 Verbo
2767 3840 2860 3895 Dei
2918 3833 3334 3894 commemorari
3366 3830 3458 3887 de-

1892 3947 2282 3997 monstramus.
2306 3936 2584 3991 lnclinans
2606 3933 2752 3991 enim
2784 3932 2974 3994 cmlos,
3007 3943 3131 3984 cum
3163 3926 3460 3989 cmlestem,

1889 4041 1946 4090 et
1980 4033 2074 4088 Dei
2110 4030 2295 4104 gloria:
2342 4029 2574 4084 formam
2621 4033 2864 4088 exueret,
2904 4024 2960 4079 in
3021 4017 3451 4093 profundissima

1892 4134 2054 4181 terra:
2084 4121 2369 4178 descendit
2414 4134 2478 4174 ea
2512 4117 2693 4188 specie
2732 4129 2896 4186 quam
2936 4128 3036 4184 pro
3064 4110 3346 4165 hominum
3378 4120 3458 4161 sao

212 4216 424 4289 τώτερα
458 4216 557 4287 τῆς
608 4216 711 4286 γῆς
746 4213 1076 4285 κατελήλυθε
1117 4212 1182 4266 δι’
1213 4212 1281 4282 ἢν
1322 4212 1605 4276 ἀνεδέξατο
1648 4213 1785 4285 ὑπὲρ

1893 4217 2005 4272 lute
2034 4214 2261 4284 accepit.
2292 4210 2446 4267 Unde
2472 4221 2596 4264 ante
2625 4209 2740 4263 haec
2796 4220 2918 4276 quae
2963 4203 3252 4258 retulimus
3277 4198 3460 4255 verba.

208 4306 309 4378 τῆς
342 4304 643 4378 ἀνθρώπων
686 4304 955 4376 σωτηρίας
1001 4302 1337 4374 οἰκονομίαν·
1378 4302 1500 4355 ὅθεν
1546 4302 1669 4374 πρὸ·
1696 4300 1785 4355 τοῦ

1893 4310 2143 4381 psalmus
2175 4306 2452 4362 admirans
2483 4303 2615 4358 dicit
2645 4321 2658 4356 :
2702 4318 2721 4351 ι
2762 4299 3007 4360 Domine,
3034 4294 3163 4365 quid
3191 4298 3275 4348 est
3304 4291 3461 4345 homo

209 4399 522 4462 ἐκτεθέντος
562 4397 723 4469 ῥητοῦ
757 4394 1151 4467 ἀποθαυμάσας
1185 4397 1214 4448 ὁ
1239 4393 1393 4463 λόγος
1426 4394 1595 4464 φησί·
1630 4411 1649 4444 ι
1679 4392 1785 4447 Κύ-

1897 4401 2026 4472 quia
2058 4398 2347 4455 innotuisti
2386 4397 2459 4460 ei,
2492 4404 2587 4451 aut
2612 4395 2757 4450 ﬁlius
2796 4390 3055 4454 hominis,
3082 4388 3211 4457 quia
3244 4390 3459 4454 reputas

209 4511 319 4566 ριε,
360 4492 412 4546 τί
448 4461 905 4559 ἐστιν-ἄνθρωπος
947 4461 1028 4542 ὅτι
1072 4461 1349 4557 ἐγνώσθη-ς
1398 4461 1565 4555 αυτῷ,
1607 4484 1641 4557 ἢ
1680 4485 1785 4549 υἱὸς

1896 4461 2020 4552 eum
2038 4493 2085 4528 "
2112 4493 2137 4548 ‘l
2173 4513 2191 4545 ι
2218 4490 2499 4546 Inclinatis
2527 4502 2677 4558 ergo,
2705 4486 2847 4542 sicut
2871 4483 3132 4544 diximus,
3160 4477 3334 4543 caelis,
3355 4476 3451 4530 de-

208 4583 499 4656 ἀνϐρώπου
525 4583 606 4635 ὅτι
634 4580 824 4653 λογίζῃ
864 4578 1057 4647 αὐτόν;
1093 4596 1111 4629 ι
1143 4578 1237 4640 Εἰς
1272 4575 1426 4630 τοῦτο
1457 4575 1566 4647 γάρ
1608 4574 1785 4639 κλίνας

1896 4585 2117 4642 scendit
2153 4581 2248 4638 Dei
2289 4580 2553 4645 Verbum,
2597 4585 2655 4632 ut
2697 4576 2947 4647 cognitus
2974 4572 3125 4628 ﬁeret
3148 4569 3458 4623 incarnatus

208 4679 339 4741 τοὺς
372 4674 695 4744 λεγομένους
744 4671 1003 4743 οὐρανοὺς
1039 4667 1402 4740 κατελήλυθεν
1446 4667 1474 4719 ὁ
1520 4666 1611 4721 τοῦ
1653 4664 1785 4719 Θεοῦ

1896 4676 2178 4733 hominum
2219 4673 2427 4746 generi,
2449 4669 2595 4742 quod
2622 4669 2775 4737 prius
2795 4664 3084 4738 ignorabat
3108 4676 3260 4727 eum;
3289 4673 3458 4729 neque

212 4770 409 4837 Λόγος,
431 4767 506 4830 ὡς
533 4766 599 4821 ἂν
625 4762 891 4835 γνωσθείη
923 4761 1345 4834 ἐνανθρωπήσας
1363 4760 1439 4831 τῷ
1459 4759 1566 4813 τῶν
1587 4759 1685 4812 ἀνθ
1695 4758 1785 4831 ρώ-

1893 4768 2221 4839 contempsit
2263 4765 2525 4837 parvique
2588 4762 2744 4818 duxit
2774 4760 2941 4814 ﬁlium
2984 4754 3255 4817 hominis,
3291 4751 3344 4806 id
3383 4759 3459 4806 est

210 4877 334 4913 πων
363 4859 509 4927 γένει
544 4857 804 4927 πρότερον
841 4852 1199 4924 ἀγνοούμενος
1220 4850 1368 4922 αὐτῷ
1392 4867 1405 4879 ·
1442 4852 1536 4905 καὶ
1550 4852 1610 4904 οὐ
1632 4868 1785 4922 περι-

1896 4875 2112 4916 omnem
2153 4857 2450 4928 spiritalem
2482 4862 2536 4910 et
2564 4855 2629 4908 ad
2660 4851 2950 4922 imaginem
2988 4846 3080 4902 Dei
3121 4844 3317 4899 factam
3345 4842 3455 4896 ani-

210 4952 513 5024 εφρόνησεν
560 4949 687 5021 παρ’
745 4946 896 5001 οὐδὲν
961 4945 1303 5017 ἡγησάμενος
1354 4944 1446 4997 τὸν
1504 4943 1785 5015 γενόμενον

1899 4966 2064 5007 mam.
2094 4949 2325 5019 Reliqua
2361 4961 2492 5001 vero
2525 4943 2723 5016 psalmi
2764 4940 3084 5013 spiritaliter
3117 4932 3452 5005 intelligenti-

210 5044 332 5098 υἱὸν
372 5038 681 5111 ἀνθρώπου,
726 5035 870 5091 τοῦτ’
899 5035 1013 5089 ἐστι
1062 5036 1240 5088 πᾶσαν
1278 5032 1375 5104 τὴν
1423 5031 1647 5103 λογικὴν
1699 5034 1785 5087 καὶ

1900 5045 2002 5102 bus
2028 5042 2317 5116 perspicua
2338 5047 2518 5095 erunt.

211 5134 337 5188 κατ’
371 5130 557 5184 εἰκόνα
592 5127 726 5182 Θεοῦ
758 5126 1054 5198 γενομένην
1084 5124 1280 5195 ψυχήνο
1321 5123 1413 5177 καὶ
1447 5123 1517 5177 τά
1549 5122 1709 5177 λοιπὰ
1736 5123 1794 5177 δὲ

212 5224 312 5279 τοῦ
345 5221 562 5293 ψαλμοῦ
596 5218 980 5291 πνευματικῶς
999 5217 1354 5288 ἐκλαμϐάνων
1379 5216 1650 5287 νοήσειας.

742 5332 1136 5387 ΚΕΦΑΛΑΙΟΝ
1174 5331 1269 5384 ΙΖ’.

801 5424 1049 5494 Ψαλμοῦ
1071 5422 1215 5493 ρμζ’.

290 5525 401 5578 Καὶ
426 5523 506 5587 τὸ,
535 5542 553 5574 ς
606 5523 662 5575 ’0
703 5519 1046 5575 ἀποστέλλων
1077 5517 1138 5570 τὸ
1178 5516 1355 5585 λόγιον
1392 5512 1555 5569 αὐτοῦ
1602 5516 1667 5585 τῇ
1700 5516 1792 5585 γῇ,

2463 5324 2691 5383 CAPUT
2722 5322 2886 5380 XVII.

2034 5420 2080 5476 E
2113 5420 2316 5490 psalmo
2347 5419 2626 5474 centesimo
2652 5414 3061 5488 quadragesimo
3093 5411 3335 5480 septimo.

1979 5531 1997 5564 ι
2039 5512 2144 5579 Qui
2190 5511 2388 5568 emittit
2441 5510 2714 5582 eloquium
2759 5522 2918 5562 suum
2973 5512 3155 5569 terras.
3206 5499 3456 5558 velociter

297 5680 344 5712 “
373 5680 518 5736 Psal.
552 5695 700 5744 esu,
734 5678 788 5735 8.
863 5677 911 5710 ⁸⁸
949 5675 1111 5732 Hebr.
1149 5690 1226 5738 ιι,
1262 5674 1352 5737 '59,
1382 5673 1471 5744 ιο.
1537 5672 1591 5744 ⁷⁸⁸
1626 5669 1772 5726 Psal.

1893 5669 2161 5744 .r._s,_s._
2200 5668 2394 5723 "ibid.
2433 5668 2487 5744 7_.
2561 5667 2605 5700 ιο
2641 5664 2773 5721 ibid.
2808 5666 2863 5721 ε.
2941 5659 3249 5733 "Philipp.
3308 5656 3457 5723 ωε.

214 5753 264 5788 ⁸⁸
305 5750 450 5809 Psal.
492 5767 564 5818 ιι,
594 5750 646 5805 8.
689 5737 767 5781 ’θ’
806 5746 949 5804 Psal.
980 5762 1178 5809 cxuu.
1215 5737 1267 5801 5.
1342 5746 1386 5777 "
1428 5742 1569 5799 Psal.
1607 5756 1755 5808 xvu',
1793 5740 1881 5797 10.
1956 5739 2001 5771 ’³
2041 5737 2186 5796 Psal.
2221 5754 2422 5803 οτιιιι,
2456 5739 2508 5793 5.
