3868 6264
452 243 589 300 1115
1155 231 1944 293 ΕΙΙΞΕΒΙΙὈΛΕΞΑΒΙΕΝΕΛΘ
1980 237 2132 294 ΟΡΡ.
2166 236 2346 291 PARS
2385 235 2471 291 Ill.
2508 268 2578 277 —
2615 236 3027 294 EXEGETICA.
3552 244 3666 300 Ill6

450 353 622 412 currit
651 367 831 408 sermo
859 350 1061 420 ejus".
1103 370 1122 402 ι
1158 350 1271 405 Hoc
1312 342 1721 422 intelligehdum
1754 352 1971 407 videtur

2141 372 2223 417 ιως
2255 353 2453 423 τάχους
2497 352 2781 424 δραμεῖται
2830 356 2859 407 6
2887 353 3041 422 λόγος
3079 352 3265 417 αὑτοῦ,
3304 372 3322 404 ι
3354 369 3668 426 παρασημει-

448 445 604 517 quasi
641 445 870 498 docente
895 442 999 496 hoc
1028 442 1149 497 loco
1187 441 1472 512 Scriptura
1518 443 1722 514 aliquid
1762 445 1969 499 snbstar

2143 443 2365 497 ὗσασθαι
2392 444 2588 511 ἔδοξεν,
2611 445 2684 508 ὡς
2706 444 3059 516 διδασκούσης
3082 446 3175 498 καὶ
3194 444 3424 499 ἐνταῦθα
3446 447 3538 516 τῆς
3556 447 3670 520 Γρα-

447 538 650 593 tialiter
681 552 801 591 esse
829 534 921 589 Dei
955 533 1217 596 Verbum,
1238 550 1361 589 cum
1387 537 1458 591 sit
1486 536 1627 597 alius
1649 553 1712 589 ac
1734 536 1898 591 Pater
1927 554 1974 606 qi

2144 537 2232 606 Ρῆς
2263 535 2336 598 ὠς
2370 536 2476 605 ἄρα
2510 536 2809 589 ὑπόστατόν
2842 554 2895 590 τι
2932 538 3161 608 πρᾶγμα
3189 539 3218 590 6
3242 536 3334 590 τοῦ
3360 537 3494 591 Θεοῦ
3529 539 3671 608 Λόγος

448 630 595 685 misit
626 643 775 681 eum.
814 626 1044 681 Attende
1082 629 1357 696 quomodo
1388 638 1759 699 congruenter
1788 629 1975 697 adjicia

2147 628 2398 696 ῖυγχάνει,
2436 627 2621 696 ’ἑτερος
2653 628 2728 680 ὢν
2773 628 2923 700 παρὰ
2979 628 3068 681 τὸν
3118 628 3510 682 ἀποστέλλοντα
3553 632 3674 701 αὐτῷ

447 730 575 775 tur:
615 740 632 771 ι
673 719 851 774 Donec
918 719 1175 774 velociter
1243 720 1415 773 currit
1455 736 1637 774 sermo
1667 721 1804 790 ejus.
1856 740 1873 772 ι
1910 721 1974 776 11(

2147 719 2373 786 Ιατέρασ
2405 719 2505 791 ὅρα
2534 719 2589 772 δὲ
2617 720 2733 784 πῶς
2762 721 2886 793 ἐξῆς
2915 722 3233 792 ἐπιφέρεται
3268 721 3345 785 τὸ,
3387 741 3405 773 ι
3447 722 3581 786 Ἕως
3600 725 3674 777 τά·

446 813 797 883 adimpletum
832 812 1017 867 videre
1043 820 1127 867 est
1161 821 1283 882 post
1309 814 1742 868 incarnationem
1772 814 1973 869 Christi

2147 826 2254 879 [ους
2294 810 2578 882 δραμεῖται
2608 814 2636 865 ό
2677 812 2833 881 λόγος
2865 813 3058 866 αὐτοῦ’
3095 832 3112 863 s
3144 812 3171 865 ὃ
3199 812 3291 865 καὶ
3329 814 3461 865 αὐτὸ
3499 813 3674 885 πεπλη-

444 903 581 959 ldeo
621 904 948 959 brevissimo
981 904 1245 975 temporis
1286 903 1483 973 spatio,
1519 915 1682 973 atque
1719 903 1775 957 in
1805 919 1971 958 omne:

2146 901 2366 972 »ωμένον
2403 902 2550 956 ἔστιν
2597 903 2722 956 ἰδεῖν
2766 904 2901 973 μετὰ
2948 904 3048 977 τὴν
3092 903 3326 976 Χριστοῦ
3381 905 3673 975 παρουσίαν,

443 1000 644 1051 terram
676 999 865 1066 paucis
894 998 1054 1052 annis
1082 1012 1255 1067 usque
1303 995 1367 1050 ad
1422 996 1687 1050 terminos
1726 1001 1883 1049 terra:
1916 994 1969 1049 di

2149 990 2263 1044 ῦτω
2303 994 2360 1046 ὲν
2398 994 2598 1064 σφόδρα
2635 993 2824 1067 βραχεῖ
2854 994 3029 1066 χρόνῳ
3055 995 3479 1066 διαδραμούσης,
3506 996 3676 1061 καὶείς

444 1083 717 1157 ῐιιςθτειὶυς
737 1088 1044 1160 disciplina,
2124 1087 2303 1138 πᾶσαν
2334 1086 2431 1156 τὴν
2485 1086 2586 1156 γῆν
2613 1087 2671 1138 ἐν
2710 1086 2768 1139 οὐ
2806 1086 3016 1150 πολλοῖς
3055 1086 3199 1139 ἔτεσι
3256 1087 3419 1159 μέχρι
3457 1085 3549 1138 καὶ
3591 1088 3677 1139 τῶν

2124 1177 2372 1248 περάτων
2421 1178 2518 1248 τῆς
2565 1177 2886 1249 οἰκουμένης
2935 1178 3339 1250 κεκρατηκυίας
3394 1176 3559 1232 αὑτοῦ
3604 1180 3682 1249 τῆς

2121 1267 2359 1339 διδαχῆς.

1005 1350 1234 1406 CAPUT
1270 1350 1451 1405 XVIII.

2642 1381 3033 1434 ΚΕΦΛΛΑΙΟΝ
3068 1379 3168 1433 III'.

587 1462 634 1516 E
664 1463 869 1534 psalmo
902 1466 1179 1519 centesimo
1214 1464 1616 1535 quadragesimo
1653 1471 1854 1518 octavo.

1598 1479 1616 1516 ν
1653 1471 1854 1518 octavo.
2687 1472 2936 1540 Ψαλμοῦ
2968 1470 3125 1542 ρμη’.

513 1559 645 1626 Quae
686 1561 775 1615 hic
817 1561 1122 1615 dicuntur:
1159 1580 1177 1612 ι
1213 1559 1460 1614 Laudent
1516 1573 1712 1613 nomen
1764 1556 2013 1621 Domini,

2189 1564 2300 1617 Καὶ
2332 1563 2391 1616 τὸ
2423 1563 2609 1617 ἐνθάδε
2640 1563 2948 1634 λεγόμενον,
2981 1582 2999 1614 ‹
3032 1564 3413 1617 Αἱνεσάτωσαν
3445 1562 3506 1616 τὸ
3536 1563 3683 1634 ὄνομα

438 1653 569 1721 quia
586 1653 701 1721 ipse
715 1651 872 1717 dixit,
894 1660 947 1707 et
965 1651 1104 1706 facta
1124 1660 1272 1713 sunt.
1298 1653 1415 1721 ipse
1432 1650 1726 1713 mandavit,
1757 1659 1811 1704 et
1833 1661 1965 1703 crca1

2155 1655 2346 1726 Lupiou,
2378 1655 2460 1708 ὅτι
2494 1654 2652 1718 αὐτὸς
2697 1650 2848 1709 εἶπεν
2888 1656 2982 1709 καὶ
3026 1653 3381 1727 ἐγενήθησαν,
3423 1654 3586 1717 αὐτὸς
3616 1657 3682 1707 ὲν-

440 1745 652 1807 sunt",
695 1763 714 1795 ι
748 1745 801 1798 in
829 1745 1159 1800 testimoniis
1189 1745 1256 1803 de
1288 1744 1379 1797 Dei
1397 1742 1575 1797 Verbo
1605 1743 1659 1796 in
1691 1741 1848 1795 initio
1873 1757 1967 1811 apu

2156 1746 2355 1799 τείλατο
2382 1746 2475 1798 κοιλ⁵
2511 1746 2856 1817 ἐκτίσθησαν,
2896 1765 2915 1796 ι
2952 1748 3009 1799 ἐν
3040 1749 3151 1808 τοῖς
3183 1747 3309 1815 περὶ
3339 1745 3437 1798 τοῦ
3472 1747 3530 1798 ἐν
3559 1747 3683 1816 ἀρχῇ

442 1834 609 1891 Deum
640 1836 750 1906 jam
773 1838 1082 1892 retulimus.
1119 1836 1212 1891 Dei
1245 1834 1506 1899 Verbum,
1539 1849 1847 1905 nomenque
1895 1835 1963 1903 ejt

2154 1837 2253 1908 τρὸς
2282 1838 2371 1890 τὸν
2412 1837 2544 1890 Θεὸν
2578 1836 2709 1890 Θεοῦ
2743 1837 2916 1905 Λόγου
2953 1837 3271 1909 μαρτυρίοις
3304 1834 3681 1906 ἀνελεξὰμεθα,

439 1929 676 1999 quadam
726 1928 1172 1983 denominatione
1225 1926 1292 1981 de
1344 1943 1408 1981 co
1455 1926 1812 1996 cogitationes
1869 1925 1965 1981 des

2156 1929 2204 1981 5v
2236 1927 2331 1980 τοῦ
2378 1926 2511 1981 Θεοῦ
2546 1928 2739 1996 Λόγον,
2776 1928 2871 1981 καὶ
2914 1927 3085 1999 ὄνομα
3132 1928 3294 1982 αὑτοῦ
3338 1925 3683 2000 χρηματίζειν

439 2036 608 2092 gnare
628 2028 964 2090 compertum
994 2019 1275 2076 habentes.
1308 2021 1445 2073 Cum
1471 2019 1636 2088 igitur
1658 2018 1864 2072 dictum
1891 2028 1966 2074 cst

2157 2021 2492 2091 εμαθηκότες
2529 2020 2672 2073 κατά
2705 2039 2826 2075 τινα
2878 2020 3245 2093 προσηγορίαν
3290 2020 3401 2075 τῶν
3440 2020 3571 2091 περὶ
3600 2019 3682 2072 αύ-

444 2130 465 2163 ‹
504 2110 748 2166 Laudate
781 2111 1067 2166 Dominum
1085 2111 1153 2177 “,
1195 2132 1213 2165 ι
1247 2112 1450 2182 passim
1473 2118 1837 2181 congruenter
1857 2112 1971 2180 jubt

2155 2109 2203 2163 οῦ
2228 2110 2478 2163 ἐπινοιῶν
2498 2127 2512 2142 ο
2545 2109 2680 2181 μετὰ
2711 2110 2842 2180 γοῦν
2875 2109 2936 2163 τὸ
2977 2113 3276 2182 προειπεῖν,
3315 2128 3333 2161 ι
3372 2095 3586 2162 Αἰνεῖτέ
3607 2110 3682 2163 τὸν

436 2200 678 2274 Spiritus
712 2202 926 2258 Patrem
973 2203 1213 2267 laudare,
1248 2204 1468 2257 nomine
1505 2202 1625 2273 ejus
1677 2218 1963 2257 commemt

2155 2205 2334 2277 optov,
2378 2224 2397 2256 ι
2434 2204 2559 2257 τάδε
2605 2205 2699 2257 καὶ
2738 2204 2862 2257 τάδε
2905 2202 3213 2266 ἀκολούθως
3259 2201 3682 2272 παρακελεύεται

437 2302 578 2359 rato,
612 2313 631 2344 ι
669 2297 926 2363 quoniam
960 2294 1076 2365 ipse
1102 2294 1240 2348 dixit
1271 2302 1324 2349 ct
1360 2292 1503 2348 facta
1535 2302 1683 2360 sunt,
1710 2295 1827 2366 ipse
1859 2310 1964 2349 mat

2155 2309 2169 2349 δ
2201 2296 2425 2367 Πνεῦμα
2453 2297 2622 2349 αἰνεῖν
2654 2296 2716 2365 (f.
2752 2294 2840 2366 Ἡ)
2871 2294 3009 2366 μετὰ
3035 2294 3125 2349 τὸν
3159 2295 3401 2365 Πατέρα,
3436 2293 3498 2347 τὸ
3525 2293 3682 2363 ὄνομα

432 2385 585 2441 davit
614 2397 665 2441 et
689 2396 871 2441 creata
904 2396 1053 2443 sunt.
1098 2408 1116 2440 ι
1159 2388 1329 2457 Igitur
1362 2387 1682 2457 praecipiens
1709 2396 1872 2457 atque
1906 2387 1959 2441 in

2153 2386 2271 2439 ὑτοῦ
2297 2386 2580 2455 ἐπιλέγων,
2618 2406 2635 2436 ι
2660 2387 2747 2450 Ὠς
2780 2387 2885 2458 ἄρα
2915 2386 3077 2449 αὐτὸς
3104 2382 3278 2448 εἶπεν,
3317 2386 3411 2439 καὶ
3436 2376 3680 2456 ἐγενήθη·

436 2492 636 2548 perans
666 2490 812 2536 esset
841 2481 1086 2535 omnium
1114 2481 1256 2536 Deus
1276 2488 1329 2536 et
1357 2479 1542 2547 Pater,
1576 2480 1963 2536 subministran

2152 2496 2227 2540 ιν,
2268 2479 2427 2542 αὐτὸς
2450 2477 2769 2542 ἐνετείλατο,
2805 2479 2900 2531 καὶ
2940 2476 3285 2547 ἐκτίσθησαν.
3321 2499 3338 2531 ι
3384 2479 3443 2531 ’0
3472 2478 3571 2549 μὲν
3604 2473 3679 2530 οὖν

432 2585 563 2625 vero
591 2571 684 2627 Dei
718 2573 977 2637 Verbum,
1007 2581 1062 2629 et
1092 2573 1282 2643 patria:
1327 2572 1594 2626 voluntati
1647 2572 1907 2627 obediens
1950 2573 1959 2625 i

2154 2572 2456 2643 ροστάττων
2481 2571 2573 2624 καὶ
2598 2570 2971 2640 ἐντελλόμενος
3000 2569 3083 2639 εἴη
3114 2570 3178 2624 ἂν
3201 2574 3229 2624 6
3265 2571 3375 2624 τῶν
3404 2570 3545 2624 ὅλων
3563 2568 3680 2632 Θεὸς

431 2680 615 2719 rerum
669 2660 912 2719 omnium
958 2667 1253 2721 creatione.
1305 2664 1864 2720 Animadvertendum
1920 2681 1958 2720 e:

2151 2662 2198 2714 αἱ
2227 2660 2433 2732 Πατὴρ,
2466 2664 2494 2715 6
2525 2661 2570 2714 δ’
2596 2662 2927 2733 ὑπουργῶνὸ
2953 2662 3045 2715 τοῦ
3072 2661 3205 2715 Θεοῦ
3234 2664 3405 2732 Λόγος
3424 2662 3678 2733 ἐξυπηρε⁹

431 2755 547 2810 11ωο
581 2757 768 2811 eadem
807 2756 859 2810 in
902 2756 1185 2811 tricesimo
1207 2756 1450 2812 secundo
1491 2757 1700 2826 psalmo
1746 2772 1958 2826 express

2151 2751 2361 2821 nipavo;
2382 2749 2460 2821 τῷ
2509 2750 2759 2822 πατρικῴ
2804 2750 3065 2821 θελήματι
3094 2751 3227 2821 πρὸς
3252 2750 3350 2822 τὴν
3389 2750 3501 2801 τῶν
3531 2765 3678 2816 γενη-

427 2845 532 2901 dici
567 2866 578 2900 :
613 2865 631 2897 ι
671 2848 790 2917 Ipse
819 2848 974 2912 dixit,
1017 2858 1070 2903 et
1103 2847 1245 2902 facta
1282 2855 1433 2911 sunt,
1474 2849 1589 2917 ipse
1618 2847 1914 2912 mandavit,
1949 2871 1954 2897 ι

2149 2842 2207 2894 ὒν
2229 2841 2608 2912 δημιουργίαν.
2651 2840 2926 2911 Τηρητέον
2966 2842 3010 2893 δ’
3045 2843 3126 2894 ὅτι
3165 2842 3258 2894 καὶ
3291 2844 3347 2895 ὲν
3376 2839 3455 2893 λ6’
3487 2839 3676 2910 ψαλμῷ

426 2944 610 2991 creata
648 2939 857 2992 sunt".
890 2959 909 2992 ο
951 2938 1057 2994 Sed
1108 2939 1183 2993 ibi
1227 2939 1447 3009 quidem
1492 2947 1638 2992 terra
1693 2947 1950 3008 terramqr

2149 2931 2241 2985 κτὰ
2269 2931 2408 2995 λέξιν
2431 2932 2727 3003 ἐμφέρεται
2756 2933 2834 2995 τὸ,
2860 2951 2877 2981 ι
2914 2932 3082 2995 Αὐτὸς
3110 2928 3280 2994 εἶπεν,
3310 2931 3406 2985 καὶ
3428 2932 3676 3002 ἐγενήθη-

425 3024 796 3082 inhabitantes
837 3028 1230 3098 designantur;
1261 3028 1350 3082 hic
1399 3041 1529 3082 vero
1578 3042 1699 3097 quae
1739 3028 1791 3081 in
1843 3028 1945 3082 mal

2148 3042 2221 3087 ιν,
2254 3022 2417 3087 αὐτὸς
2460 3023 2781 3085 ἐνετείλατο,
2814 3022 2905 3074 καὶ
2953 3022 3307 3093 ἐκτίσθησαν·
3352 3045 3372 3074 ι
3407 3021 3525 3074 ἀλλ’
3570 3023 3675 3074 ἐκεῖ

2148 3117 2156 3130 .
2336 3116 2349 3130 .
2421 3116 2445 3127 -
2546 3118 2570 3130 ..
2709 3115 2722 3130 .
2798 3114 2821 3125 ..
3124 3115 3135 3128 .
3349 3115 3361 3130 .
3474 3116 3486 3126 .
3644 3113 3658 3130 ,

425 3124 574 3183 sunt,
606 3120 968 3174 excelsissimi
1003 3120 1181 3189 angeli
1207 3128 1260 3174 et
1292 3127 1608 3190 potestates,
1637 3119 1739 3179 sol,
1764 3126 1817 3172 et
1846 3119 1952 3172 Iun:

2147 3117 2200 3168 ἐν
2232 3116 2359 3188 περὶ
2386 3116 2483 3186 τῆς
2505 3118 2607 3186 γῆς
2637 3115 2731 3167 καὶ
2757 3114 2863 3166 τῶν
2887 3115 3280 3167 κατοικούντων
3310 3115 3414 3182 τὴν
3437 3113 3674 3184 οἰκουμὲ·

422 3214 476 3258 et
511 3207 710 3274 sidera,
740 3217 793 3264 et
828 3212 1009 3265 omnia
1040 3228 1160 3281 qua:
1191 3227 1348 3267 sacra
1379 3220 1665 3267 enumerat
1691 3211 1949 3280 Scriptur:

2146 3227 2192 3278 γν
2223 3207 2455 3278 εἴρηται,
2479 3206 2665 3259 ἐνθάδε
2695 3204 2751 3258 δὲ
2781 3206 2907 3276 περὶ
2932 3206 3038 3257 τῶν
3078 3208 3135 3258 ἐν
3171 3207 3421 3277 οὐρανοῖς
3450 3206 3542 3258 καὶ
3574 3206 3673 3257 τῶν

420 3293 619 3351 docent
651 3314 752 3353 nos
787 3301 931 3370 quod
962 3317 1057 3371 per
1084 3299 1347 3366 Verbum,
1372 3310 1431 3355 ut
1476 3301 1552 3355 ait
1596 3309 1820 3355 sanctus
1850 3303 1947 3371 Apr

2143 3301 2399 3371 εγομένων
2434 3304 2489 3354 ἐν
2515 3299 2756 3369 ὑψίστοις
2785 3298 3027 3366 ἀγγέλων
3052 3316 3109 3351 τε
3137 3301 3228 3352 καὶ
3253 3299 3559 3369 δυνάμεων,
3598 3298 3670 3350 ἔτι

421 3389 616 3455 stolus,
658 3409 676 3442 ι
707 3392 924 3446 condita
955 3401 1084 3447 sunt
1116 3395 1370 3449 universa
1394 3393 1447 3446 in
1466 3394 1715 3456 cmlis,et
1742 3392 1795 3445 in
1824 3402 1948 3447 terr:

2139 3410 2151 3445 ε
2170 3393 2320 3463 ἡλίου
2344 3393 2434 3444 καὶ
2458 3391 2683 3462 σελήνης
2705 3390 2798 3443 καὶ
2816 3390 3051 3460 ἄστρων,
3068 3393 3161 3445 καὶ
3181 3392 3397 3445 πάντων
3419 3392 3528 3443 τῶν
3550 3389 3666 3459 ἑξῆς

419 3479 651 3535 visibilia
685 3488 739 3537 et
772 3483 1087 3549 invisibilia,
1150 3485 1263 3540 sive
1286 3485 1489 3547 throni,
1522 3484 1636 3539 sive
1666 3482 1946 3538 dominatit

2137 3482 2655 3553 υγκατειλεγμένων,
2699 3481 3054 3551 διδασκούσης
3097 3486 3243 3553 ἡμᾶς
3299 3484 3400 3554 τῆς
3428 3483 3579 3545 θείας
3614 3483 3664 3532 ἐν

419 3581 538 3629 nes,
574 3568 689 3623 sive
728 3572 1091 3642 principatus,
1135 3574 1251 3628 sive
1278 3580 1578 3642 potestates
1622 3591 1632 3624 :
1677 3570 1857 3625 omnia
1891 3588 1946 3642 pe

2135 3573 2298 3638 δύτοις
2326 3574 2567 3645 Γραφῆς,
2593 3574 2668 3635 ὡς
2686 3572 2793 3643 ἄρα
2815 3571 2902 3624 διὰ
2924 3572 3017 3624 τοῦ
3039 3573 3212 3640 Λόγου
3243 3574 3386 3626 κατὰ
3414 3573 3507 3625 τὸν
3532 3571 3662 3640 ἱερὸν

418 3652 596 3721 ipsum
642 3665 696 3713 et
738 3658 793 3712 in
828 3661 947 3730 ipso
986 3672 1166 3717 creata
1193 3662 1421 3732 suntl”:
1454 3670 1509 3717 et
1552 3662 1671 3717 sine
1699 3662 1815 3731 ipso
1848 3662 1941 3715 nib

2131 3667 2418 3720 Λπόστολον
2455 3685 2473 3717 ι
2527 3665 2777 3735 Ἐκτίσθη
2826 3663 2892 3717 τὰ
2925 3666 3100 3719 πάντα
3131 3666 3199 3718 τά
3226 3683 3286 3718 τε
3329 3668 3389 3718 ἐν
3420 3665 3535 3727 τοῖς
3576 3663 3658 3713 οὐ·

418 3746 620 3802 I‘actum
662 3759 746 3805 est
768 3753 856 3808 9".
904 3774 923 3805 ι
2091 3761 2269 3829 ρανοῖς
2303 3758 2396 3812 καὶ
2423 3759 2491 3812 τὰ
2526 3758 2617 3811 ἐπὶ
2642 3757 2740 3827 τῆς
2772 3756 2895 3825 γῆς,
2935 3755 3046 3809 εἴτε
3075 3756 3262 3828 ὁρατὰ,
3301 3757 3413 3810 εἴτε
3442 3757 3656 3827 ἀόρατα,

414 3838 522 3891 εἴτε
552 3839 748 3910 θρόνοι,
797 3844 907 3898 εἴτε
947 3847 1286 3918 κυριότητες,
1327 3847 1436 3899 εἴτε
1466 3847 1652 3917 ἀρχαὶ,
1697 3848 1804 3901 εἴτε
1848 3845 2083 3912 ἐξουσίαι
2107 3869 2121 3883 ο
2183 3852 2252 3906 τὰ
2290 3852 2466 3907 πάντα
2496 3854 2563 3907 δι’
2602 3855 2765 3909 αὑτοῦ
2801 3856 2893 3909 καὶ
2927 3857 2983 3909 ἐν
3028 3855 3174 3926 αὐτῷ
3250 3854 3515 3908 ἔκτισται·
3571 3854 3653 3905 καὶ

412 3933 581 4004 χωρὶς
605 3935 768 3989 αὐτοῦ
808 3937 1024 4006 ἐγένετο
1055 3939 1175 3993 οὐδέ
1199 3939 1278 3992 ἐν.
1320 3958 1336 3992 ι

483 4023 608 4077 Haec
652 4034 839 4080 nostra
869 4028 922 4081 in
946 4026 1194 4083 Psalmos
1223 4028 1556 4098 explanatio.
1586 4024 1715 4080 Post
1755 4025 1973 4081 brevius

2152 4023 2401 4079 Τοσαῦτα
2445 4026 2543 4097 μὲν
2564 4026 2625 4098 δὴ
2656 4026 2725 4080 τὰ
2759 4029 2866 4083 ἀπὸ
2894 4030 3002 4083 τῶν
3030 4030 3274 4102 Ψαλμῶν
3293 4050 3306 4061 ·
3347 4034 3572 4105 μετρίαν
3599 4033 3646 4086 δέ

409 4123 465 4171 et
498 4118 775 4187 proposito
795 4119 1047 4174 idoneum
1076 4121 1465 4185 summarium,
1497 4128 1722 4174 caeteras
1749 4121 1802 4173 in
1844 4135 1936 4189 poc

2118 4116 2174 4168 αὶ
2193 4116 2436 4187 αὐτάρκη
2464 4117 2557 4169 τοῦ
2581 4117 2735 4186 λόγου
2769 4121 3112 4192 περιγραφὴν
3136 4122 3440 4191 εἰληφότος,
3474 4121 3531 4187 ἐξ
3548 4122 3642 4176 ἐτέ-

407 4207 549 4262 ticos
586 4206 778 4274 libros,
809 4210 1092 4281 primoque
1118 4212 1174 4266 in
1204 4211 1495 4281 prophetas
1523 4208 1740 4280 eclogas
1775 4224 1934 4280 aggre

2112 4223 2181 4269 ας
2212 4207 2385 4277 ἀρχῆς
2418 4207 2516 4270 τὰς
2561 4207 2667 4260 ἀπὸ
2697 4208 2805 4261 τῶν
2836 4209 3035 4263 λοιπῶν
3077 4211 3350 4281 στιχηρῶν
3392 4214 3487 4265 καὶ
3530 4212 3639 4283 ἑξῆς

407 4299 642 4356 diemur,
2076 4297 2175 4363 τὰς
2205 4299 2311 4352 ἀπὸ
2332 4298 2439 4352 τῶν
2470 4301 2762 4371 προφητῶν
2796 4301 3022 4370 ἐκλογὰς
3056 4305 3414 4374 ποιησόμεθα.

3393 4459 3610 4472 ————-

406 4601 579 4672 lli/EC
599 4600 977 4672 ΙΝΑΤΕΠΤΙΟ
1000 4602 1631 4660 PROPHETICARUM
1651 4602 1933 4659 DECHRI

2101 4607 2153 4657 Ἀ
2163 4603 2245 4655 ΔΕ
2292 4603 2489 4655 ΕΝΕΣ
2499 4604 2622 4655 TIN
2667 4605 2772 4656 EN
2825 4605 2908 4672 Τῼ
2946 4605 3009 4655 Γν
3050 4606 3235 4672 ΤΟΜῼ
3290 4607 3431 4657 mN
3468 4607 3628 4658 mm

435 4671 575 4728 STO
616 4670 1054 4729 ECLOGARUM
1094 4674 1313 4729 LIBRO
1354 4673 1922 4730 CONTINENTUR.

2159 4676 2242 4726 T0
2255 4674 2300 4725 Υ
2333 4674 2602 4725 ΧΡΙΣΤο
2616 4674 2661 4724 Υ
2693 4670 3173 4727 ΠΡΟΦΗΤΙΚΩΝ
3200 4670 3355 4729 ΕΚΛ
3365 4677 3563 4729 υΙὮΝ.

992 4790 1035 4843 Ε
1065 4790 1386 4844 Proverbiis.

2521 4785 2662 4839 Ἀπὸ
2696 4783 2814 4837 τῶν
2851 4784 3198 4855 Παροιμιῶν.

401 4900 481 4955 De
516 4901 613 4955 Dei
659 4898 823 4956 Verbo
855 4903 1009 4965 quasi
1035 4902 1099 4954 de
1122 4901 1391 4971 Sapientia
1411 4901 1837 4956 substantialiter
1869 4916 1928 4955 ex

2089 4898 2199 4966 Iepi
2231 4899 2359 4971 τοῦ-
2389 4896 2535 4951 Θεοῦ
2566 4897 2760 4971 Λόγου
2790 4898 2878 4971 ὡς
2911 4898 3044 4971 napi
3079 4898 3307 4971 Σοφίας
3336 4895 3616 4971 οὐσιωδῶς

469 4972 680 5026 sistente
701 4982 747 5025 et
782 4982 902 5025 ante
925 4972 1119 5026 swcula
1149 4966 1318 5043 a'Deo
1337 4985 1536 5036 creata,
1568 4973 1875 5043 diversaque
1894 4972 1959 5025 ab

2130 4967 2491 5043 ﬁgasarcbo‘nc
2525 4966 2621 5043 grai
2655 4966 2766 5035 πρὸ
2810 4966 2927 5019 τῶν
2951 4966 3455 5043 αίώνῳνιὺπὺ-τοῦ
3487 4966 3613 5043 Θεοῦ

465 5058 544 5108 eo,
581 5051 629 5096 et
661 5059 779 5095 cum
802 5059 861 5097 eo
889 5043 1142 5096 universis
1172 5042 1323 5095 rebus
1358 5035 1677 5096 consulente.
1790 5035 1800 5043 ’

2130 5039 2479 5114 κτισθείσης
2517 5035 2724 5114 erepat,-
2764 5054 2827 5114 re
2871 5038 3006 5114 πυρί
3037 5037 3234 5114 ,αὑτὸν
3265 5038 3491 5114 φύσης,
3530 5035 3612 5089 καὶ

2132 5108 2253 5161 σὺν
2281 5105 2439 5171 αὐτῷ
2468 5105 2587 5157 τῶν
2617 5105 2773 5159 ὅλων
2800 5107 3227 5175 ἐπιμελόμενος
3258 5108 3397 5175 (sic).

462 5197 539 5253 De
570 5198 780 5253 Christo
811 5199 1131 5272 quasiRegis
1160 5199 1298 5255 Filio
1320 5212 1369 5256 et
1393 5203 1456 5255 de
1475 5203 1588 5268 eius
1619 5202 1895 5270 apostolis.

2079 5196 2199 5265 περὶ
2245 5197 2372 5272 τοῦ.
2397 5195 2651 5272 Χριστοῦ
2815 5196 2946 5272 περὶ
3000 5197 3136 5272 ὶςὶοῦ
3184 5198 3486 5262 Βασιλέως
3525 5193 3606 5249 ml

2129 5264 2256 5334 περὶ
2300 5264 2418 5318 τῶν
2460 5266 2816 5319 ἀποστόλων
2859 5267 3064 5323 αὐτοῦ.

394 5347 467 5403 De
497 5350 706 5424 Christo
739 5355 891 5421 quasi
919 5357 1048 5417 viro,
1075 5364 1125 5409 et
1169 5357 1232 5409 de
1272 5357 1384 5423 eius
1410 5359 1466 5412 in
1488 5359 1642 5412 caelos
1676 5359 1917 5413 ascensio

2073 5355 2197 5423 Περὶ
2224 5354 2328 5407 τοῦ
2358 5353 2625 5424 ΔΧριστοῦ
2654 5354 2734 5417 ὡς
2786 5354 2918 5423 περὶ
2964 5354 3201 5423 ἀνδρὸς,
3244 5356 3341 5410 καὶ
3384 5356 3489 5424 τῆς
3529 5355 3600 5424 {1c

459 5434 522 5472 ne
551 5434 568 5471 :
595 5419 658 5473 de
694 5419 924 5491 gentium
950 5419 1333 5483 dominatione.

2125 5419 2424 5493 οὐρανοὺς(
2441 5422 2785 5494 ἀναϐάσεως
2805 5419 2988 5478 αὐτοῦ
3005 5442 3017 5453 ·
3045 5419 3139 5477 viai
3164 5424 3275 5494 τῆς
3297 5425 3414 5480 τῶν
3435 5419 3597 5480 ἐθνῶν

2021 5551 2027 5559 _
2125 5492 2631 5562 κατακρατήσεως.

468 5627 516 5658 ’⁸
534 5625 963 5709 ΡδθῙ-(ἒιινιιρᾶ.
1038 5643 1244 5701 “Psal.
1279 5661 1507 5717 curui,
1535 5650 1581 5715 l,
1620 5649 1670 5704 5.
1748 5652 1793 5683 ³⁸
1827 5651 1995 5706 ibi-LI

2108 5649 2310 5706 “Psai.
2347 5666 2528 5715 xxxii,
2569 5653 2619 5706 9.
2697 5652 3155 5718 "Coloss.l,l6.
3243 5648 3584 5714 “‘Joan.t,3.
