3868 6264
1222 397 1513 457 ECLOGA:
1553 401 2034 463 PROPHETICAE.
2075 438 2143 448 -—
2182 407 2308 463 LlB.
2348 407 2438 466 Ill.

3368 414 3506 468 “‘22

248 505 355 559 τῶν
392 506 655 562 ἀνέκαθεν
688 512 985 583 προφητῶν
1027 512 1125 577 τὰς
1170 516 1298 587 περὶ
1325 517 1490 571 αὑτοῦ
1526 524 1821 591 πιστουμέ-

1929 522 2052 579 inde
2073 538 2184 579 non
2212 524 2485 579 immerito
2511 524 2940 595 exprobraretur
2957 523 3194 588 Judaeis.
3221 526 3315 599 qui
3346 528 3505 584 Chri-

248 613 352 650 νων
400 596 722 664 ἀποδείξεις.
772 600 935 655 Ὅθεν
986 604 1208 667 είκότως
1238 607 1302 661 ἄν
1334 626 1418 671 τις
1465 609 1737 676 Ἰουδαίοις
1770 630 1829 667 τε

250 684 326 757 μὴ
354 685 446 739 τὸν
479 688 710 757 Χριστὸν
734 690 1218 763 παραδεξαμένοις,
1242 697 1334 750 καὶ
1356 699 1468 760 τοῖς
1492 700 1591 763 τὰς
1618 717 1831 773 προφη-

140 806 147 811 π
248 780 398 842 τείας
445 778 1075 853 ἀθετοῦσιαὶρεσιώταις
1102 788 1517 859 καταμέμψοιτο
1564 793 1642 854 εἰς
1696 793 1829 846 ἀσύ-

248 885 419 924 στατα
450 873 933 945 περιτρεπομένοις
953 892 966 905 ·
991 878 1041 929 οἱ
1073 877 1168 947 μὲν
1189 878 1297 949 γὰρ
1315 879 1390 943 ὡς
1411 880 1545 934 Θεοῦ
1568 882 1667 947 τὰς
1699 901 1830 957 προ-

248 962 476 1033 φητείας
506 964 913 1037 ἀποδεχόμενοι,
944 967 1143 1032 ταύτας
1181 969 1395 1040 ψευδεῖς
1438 974 1829 1045 ἀπελέγχουσιν

247 1052 459 1116 ἀτελεῖς
485 1053 653 1119 αὐτὰς
676 1055 1114 1122 καταλείποντες,
1142 1060 1223 1113 ὃτι
1256 1059 1329 1132 μὴ
1352 1062 1453 1126 τάς
1483 1066 1562 1127 είς
1587 1065 1675 1117 τὸν
1698 1066 1830 1137 Χρι-

249 1143 376 1197 στὸν
402 1144 892 1217 ἀποπληρωθείσας
914 1149 1022 1203 τῶν
1053 1153 1396 1223 προφητειῶν
1443 1155 1696 1220 ἐκϐάσεις
1725 1152 1827 1210 οἷοί

246 1235 312 1289 τέ
339 1237 445 1289 εἰσι
475 1238 877 1309 παραδέξασθαι
898 1258 911 1271 °
948 1245 995 1296 οί
1027 1243 1083 1297 δὲ
1108 1245 1199 1298 τὸν
1223 1247 1456 1317 Χριστὸν
1502 1249 1826 1320 ὁμολογοῦν-

247 1345 340 1392 τες
372 1328 673 1384 ἀσύστατον
704 1334 797 1387 καὶ
827 1334 1211 1405 ἀναπόδεικτον
1232 1340 1331 1410 τὴν
1351 1343 1430 1403 εἰς
1462 1342 1624 1396 αὑτὸν
1647 1343 1828 1397 πίστιν

248 1423 590 1494 περιέπουσι,
628 1425 701 1498 μὴ
734 1429 846 1492 τοῖς
879 1428 1202 1500 θαυμασίοις
1234 1432 1327 1486 τοῦ
1357 1432 1491 1487 Θεοῦ
1524 1437 1828 1506 προφήταις

144 1530 152 1536 ·
246 1513 319 1569 τὰ
338 1516 466 1587 περὶ
487 1516 650 1571 αὑτοῦ
680 1524 1216 1594 προμαρτυρομένοις
1238 1524 1611 1597 συγχρώμενοι
1636 1544 1648 1556 ·
1668 1530 1826 1599 ἡμεῖς

248 1607 315 1674 γέ
335 1623 436 1659 τον
468 1608 567 1672 τὰς
610 1609 789 1680 μέντοι
821 1614 1153 1684 προφητείας
1193 1615 1280 1668 διὰ
1313 1618 1410 1688 τῆς
1446 1618 1539 1670 τοῦ
1590 1620 1826 1691 Χριστοῦ

249 1700 572 1770 παρουσίας,
608 1702 815 1774 ταύτην
830 1704 887 1756 δὲ
913 1705 1002 1759 διὰ
1032 1706 1141 1760 τῶν
1164 1709 1505 1780 προφητειῶν
1534 1713 1829 1784 πιστούμε-

247 1807 351 1856 νοι,
392 1791 452 1845 τὸ
480 1792 647 1860 φανὸν
694 1795 787 1847 καὶ
820 1798 1045 1868 στερρὸν
1095 1798 1195 1868 τῆς
1241 1799 1497 1872 ἀληθείας
1546 1803 1828 1876 ἀνεξελέγ-

247 1900 399 1948 κτοις
456 1885 759 1950 ἀποδείξεσι
814 1891 1187 1963 παριστῶμεν.
1224 1892 1433 1947 ’Ταῦτα
1486 1895 1585 1967 μὲν
1634 1897 1711 1961 ὡς
1763 1901 1821 1954 ὲν

190 1971 202 1982 ’
248 1977 521 2049 προοιμίῳ
541 1996 553 2008 ·
586 1979 752 2050 ἴωμεν
774 1979 829 2033 δὲ
854 1982 947 2034 ἐπὶ
973 1982 1032 2034 τὸ
1064 1985 1444 2056 προκείμενον.

775 2094 1172 2150 ΚΕΦΑΛΑΙΟΝ
1225 2099 1307 2153 A'.

719 2209 849 2264 Ἀπὸ
884 2209 1004 2265 τῶν
1028 2212 1379 2283 Παροιμιῶν.

319 2320 476 2375 Πᾶσα
522 2322 618 2393 μὲν
651 2324 683 2392 ἡ
719 2322 897 2393 βίϐλος
928 2323 1036 2377 τῶν
1073 2326 1389 2397 Παροιμιῶν
1422 2329 1485 2381 ὲκ
1535 2329 1825 2401 προσώπου

245 2411 500 2482 λέγεσθαι
522 2414 622 2483 τῆς
655 2413 852 2484 Σοφίας
875 2415 1038 2483 ἔοικε,
1064 2418 1139 2489 πῆ
1173 2418 1272 2489 μὲν
1304 2420 1396 2473 τὸν
1430 2420 1617 2491 ἠθικὸν
1645 2424 1829 2477 ὑποτι-

247 2504 482 2576 θεμένης
535 2504 667 2576 βίον,
715 2508 792 2578 πῆ
823 2508 879 2562 δὲ
920 2511 1442 2583 προσωποποιούσης
1492 2514 1696 2586 ἐτέρων
1741 2516 1829 2569 λό-

244 2614 412 2666 γους·
447 2598 541 2651 καὶ
576 2600 704 2652 ποτὲ
741 2600 837 2670 μὲν
870 2600 1164 2671 αἰνίγματα
1199 2601 1661 2676 προϐαλλομένης,
1697 2608 1826 2661 ποτὲ

245 2691 294 2744 δ’
328 2685 394 2745 αὖ
429 2691 561 2763 περὶ
587 2693 756 2764 αὑτῆς
784 2710 905 2747 τινα
936 2692 1309 2765 διδασκούσης,
1339 2697 1435 2749 καὶ
1475 2698 1544 2752 τὰ
1578 2701 1705 2771 περὶ
1732 2699 1826 2754 τοῦ

245 2781 447 2854 ἑαυτῆς
499 2782 681 2837 ἐνθέου
733 2783 1042 2855 ἀξιώματος
1102 2786 1480 2859 παιδευούσης.
1538 2790 1756 2844 Τούτων
1781 2791 1826 2845 δ’

243 2874 618 2946 ἀναλεξόμεθα
649 2875 713 2929 δι’
746 2869 821 2929 ὧν
879 2876 1219 2949 μανθάνομεν
1266 2879 1347 2932 ὃτι
1403 2880 1467 2952 δὴ
1517 2879 1651 2945 ζῶον
1685 2882 1826 2938 θεῖον

244 2968 343 3021 καὶ
372 2968 546 3039 πάντη
576 2969 674 3041 τὴν
705 2969 864 3038 φύσιν
900 2970 1152 3042 ἐνάρετον
1197 2972 1229 3041 ἡ
1264 2972 1434 3041 Σοφία
1481 2974 1760 3044 τυγχάνει,
1790 2978 1823 3049 ἡ

244 3061 384 3134 αὑτὴ
425 3057 557 3114 οὖσα
611 3060 689 3133 τῷ
719 3061 855 3133 μετά
902 3061 993 3115 τὸν
1022 3062 1236 3135 πρῶτον
1288 3062 1420 3117 Θεὸν
1451 3064 1687 3138 δευτέρῳ
1718 3067 1828 3121 τῶν

240 3153 382 3209 ὅλων
437 3152 594 3223 αίτίῳ
618 3191 633 3217 ,
682 3153 760 3225 τῷ
809 3170 869 3207 τε
905 3172 924 3205 ι
963 3156 1021 3208 ὲν
1054 3156 1197 3226 ἀρχῇ
1225 3155 1363 3227 πρὸς
1402 3156 1492 3210 τὸν
1529 3157 1661 3211 Θεὸν
1707 3158 1827 3230 Θεῷ

242 3244 422 3316 Λόγῳ,
458 3263 477 3297 ›
509 3246 602 3300 καὶ
626 3248 691 3316 τῇ
720 3244 997 3317 διοικούσῃ
1039 3246 1134 3298 καὶ
1183 3247 1541 3320 οἰκονομούσῃ
1571 3248 1639 3301 τά
1688 3249 1825 3321 σύμ-

242 3342 446 3401 παντα,
476 3335 570 3389 καὶ
600 3337 760 3407 μέχρι
785 3336 893 3390 τῶν
919 3338 1012 3391 ἐπὶ
1034 3338 1137 3408 γῆς
1180 3339 1521 3408 πραγμάτων
1551 3338 1823 3414 φθανούσῃ
1854 3353 1894 3408 C

241 3427 473 3501 προνοίᾳ
498 3427 593 3482 τοῦ
632 3429 788 3497 Θεοῦ,
823 3430 857 3501 ἡ
907 3431 1001 3484 καὶ
1031 3430 1138 3502 πρὸ
1168 3430 1350 3501 πάσης
1381 3431 1569 3496 οὐσίας
1623 3450 1683 3488 τε
1731 3436 1825 3488 καὶ

242 3521 594 3585 ὑποστάσεως
620 3522 888 3589 ἔκτισται,
919 3521 1060 3594 ἀρχὴ
1101 3522 1236 3577 ὁδῶν
1264 3518 1398 3577 οὖσα
1431 3525 1530 3595 τῆς
1561 3525 1688 3597 ὅλης
1727 3526 1824 3598 δη·-

245 3612 558 3684 μιουργίας.
594 3612 674 3666 Τὰ
698 3613 755 3666 δὲ
791 3612 930 3684 ρητά
956 3614 1032 3677 ὡς
1062 3611 1121 3677 ἐξ
1147 3613 1316 3683 αὐτῆς
1339 3612 1439 3683 τῆς
1473 3614 1674 3684 Σοφίας
1701 3614 1826 3668 τοῦ-

240 3722 337 3760 τον
359 3691 606 3759 λέλεκται
646 3705 739 3759 τὸν
765 3705 963 3777 τρόπον
986 3719 999 3733 ·
1040 3723 1059 3757 ι
1095 3704 1236 3775 Ἐγὼ
1284 3705 1513 3778 ἡΣοφία
1554 3708 1824 3779 κατεσκή-

241 3813 396 3850 νωσα
428 3795 623 3867 βουλὴν
656 3797 750 3851 καὶ
776 3795 997 3865 γνῶσιν,
1037 3794 1129 3850 καὶ
1158 3795 1364 3849 ἔννοιαν
1404 3794 1515 3865 ἐγὼ
1569 3797 1826 3851 ἐπεκαλε-

243 3888 449 3960 σάμην,
504 3886 672 3954 Φόϐος
724 3889 927 3960 Κυρίου
981 3890 1131 3960 μισεῖ
1173 3889 1388 3953 κακίαν,
1443 3888 1599 3961 ὓϐριν
1632 3908 1690 3944 τε
1729 3891 1824 3945 καὶ

242 3981 624 4054 ὑπερηφανίαν
663 3981 754 4035 καὶ
803 3981 955 4045 ὁδοὺς
992 3981 1275 4053 πονηρῶν,
1336 3981 1573 4052 ἐμίσησα
1615 3982 1671 4036 δὲ
1713 3984 1823 4053 ἐγὼ

239 4070 678 4144 διεστραμμένας
713 4072 863 4135 ὁδοὺς
893 4071 1100 4125 κακῶν.
1133 4073 1270 4143 Ἐμὴ
1310 4070 1470 4144 βουλὴ
1511 4074 1606 4126 καὶ
1644 4075 1822 4145 ἀσφά-

240 4165 394 4221 λεια·
430 4165 542 4235 ἐγὼ
573 4160 817 4229 σύνεσις,
858 4166 964 4237 ἐμὴ
999 4166 1055 4220 δὲ
1083 4166 1253 4237 ἰσχύς.
1296 4168 1374 4220 Δι’
1408 4166 1543 4237 ἐμοῦ
1585 4168 1821 4239 βασιλεῖς

244 4257 623 4330 βασιλεύουσι,
697 4259 791 4311 καὶ
861 4260 909 4312 οἱ
959 4259 1216 4314 δυνάσται
1284 4260 1555 4332 γράφουσι
1613 4262 1819 4316 δικαιο-

244 4352 435 4424 σύνην.
460 4351 537 4404 Δι’
576 4350 710 4423 ἐμοῦ
759 4353 1079 4422 μεγιστᾶνες
1138 4352 1549 4422 μεγαλύνονται,
1597 4353 1689 4406 καὶ
1726 4352 1821 4406 τύ-

245 4461 427 4516 ραννοι
467 4442 535 4498 δι’
589 4444 723 4515 ἐμοῦ
761 4443 1024 4514 κρατοῦσι
1053 4444 1172 4515 γῆς·
1220 4445 1359 4514 Ἐγὼ
1406 4446 1533 4509 τοὺς
1576 4447 1675 4516 ἐμὲ
1735 4464 1822 4516 φι-

240 4535 468 4598 λοῦντας
542 4533 761 4603 ἀγαπῶ,
815 4535 864 4587 οἱ
906 4534 963 4588 δὲ
1012 4535 1112 4603 ἐμὲ
1173 4534 1466 4603 ζητοῦντες
1532 4537 1819 4608 εὑρήσουσι

239 4633 420 4702 χάριν.
455 4628 691 4691 Πλοῦτος
718 4629 810 4682 καὶ¹
859 4627 984 4693 δόξα
1030 4629 1153 4698 ἐμοὶ
1207 4628 1471 4699 ὑπάρχει,
1506 4630 1599 4682 καὶ
1629 4632 1818 4701 κτῆσις

242 4720 453 4777 πολλῶν
506 4721 600 4775 καὶ
637 4719 973 4791 δικαιοσύνη.
1025 4720 1243 4774 Βέλτιον
1302 4722 1401 4791 ἐμὲ
1456 4721 1818 4793 καρπίζεσθαι

241 4815 385 4887 ὑπὲρ
419 4813 642 4886 χρυσίον
699 4814 795 4868 καὶ
850 4812 996 4867 λίθον
1052 4812 1230 4885 τίμιον
1265 4813 1462 4867 πολύνο
1491 4814 1560 4868 τὰ
1609 4815 1663 4868 δὲ
1711 4816 1819 4886 ὲμά

239 4908 556 4979 γεννήματα
587 4906 824 4978 κρείσσω
852 4906 1113 4977 ἀργυοίου
1142 4904 1418 4961 ὲκλεκτοῦ.
1489 4908 1576 4960 Ἐν
1602 4906 1681 4977 (F.
1712 4908 1819 4978 26)

238 5000 378 5064 ὁδοῖς
429 4998 774 5067 δικαιοσύνης
828 4998 1142 5069 περιπατῶ,
1179 4998 1272 5052 καὶ
1296 4998 1567 5070 ἀναμέσον
1616 5001 1817 5071 τρίϐων

239 5089 607 5160 δικαιώματος
671 5089 1113 5159 ἀναστρέφομαιο
1167 5088 1253 5141 ἵνα
1307 5089 1520 5159 μερίσω
1560 5093 1672 5154 τοῖς
1717 5090 1817 5161 ἐμὲ

238 5181 529 5252 ἀγαπῶσιν
564 5179 819 5253 ὓπαρξιν,
851 5181 1094 5243 καὶτοὺς
1135 5179 1440 5251 θησαυροὺς
1486 5180 1669 5233 αὐτῶν
1714 5182 1815 5252 ἐμ-

241 5275 438 5347 πλήσω
468 5273 687 5343 ἀγαθῶν
704 5289 718 5303 ·
754 5271 847 5325 ἐὰν
876 5273 1182 5341 ἀναγγείλω
1205 5274 1331 5344 ὑμῖν
1357 5272 1427 5327 τὰ
1455 5272 1576 5327 καθ’
1602 5274 1813 5346 ἡμέραν

239 5368 523 5439 γινόμενα,
551 5368 907 5439 μνημονεύσω
927 5367 994 5420 τά
1038 5366 1096 5434 ἐξ
1122 5363 1317 5428 αἰῶνος
1350 5363 1669 5436 ἀριθμῆσαι.
1710 5364 1816 5417 Κύ-

242 5476 357 5531 ριος
380 5458 561 5512 ἔκτισε
585 5476 651 5530 με
671 5459 844 5530 ἀρχὴν
868 5456 1001 5512 όδῶν
1033 5456 1195 5511 αὑτοῦ
1227 5459 1304 5520 είς
1330 5456 1467 5527 ἔργα
1497 5455 1686 5521 αὑτοῦ,
1710 5458 1815 5530 πρὸ

236 5549 333 5604 τοῦ
358 5549 552 5614 αἰῶνος
572 5549 896 5621 ὲθεμελίωσέ
923 5566 1009 5620 με,
1037 5551 1093 5602 ὲν
1122 5551 1261 5620 ἀρχῇ
1310 5549 1415 5619 πρὸ
1450 5547 1544 5601 τοῦ
1584 5547 1682 5617 τὴν
1714 5550 1816 5619 γῆν

139 5662 145 5668 ·
239 5642 485 5712 ποιῆσαι,
512 5643 607 5696 καὶ
639 5641 744 5715 πρὸ
766 5641 861 5694 τοῦ
890 5640 988 5705 τὰς
1007 5640 1275 5705 ἀϐύσσους
1307 5641 1550 5711 ποιῆσαι,
1586 5640 1693 5711 πρὸ
1719 5638 1812 5692 τοῦ

239 5734 417 5791 ἐλθεῖν
448 5735 548 5800 τὰς
580 5736 761 5806 πηγὰς
808 5733 914 5788 τῶν
966 5734 1202 5788 ὑδάτων·
1246 5734 1350 5804 πρὸ
1394 5730 1487 5787 τοῦ
1522 5731 1622 5804 ὅρη
1652 5733 1813 5804 ἑδρα-

1936 623 2081 670 stum
2110 632 2221 670 non
2253 616 2568 682 admittunt,
2600 633 2700 673 nec
2727 633 2836 673 non
2887 619 3158 676 luereticis
3195 621 3508 692 prophetias

1937 708 2334 776 rejicientibus,
2386 709 2531 780 quod
2589 711 2644 765 in
2692 712 3184 768 contradictionem
3233 714 3503 769 incidunt.

1935 801 2015 855 llli
2037 802 2180 855 enim
2211 803 2359 857 velut
2390 817 2419 856 a
2448 801 2558 857 Deo
2584 803 2901 873 prophetias
2946 805 3245 875 accipiunt,
3278 806 3505 862 menda-

1935 893 2005 948 cii
2027 906 2205 951 autem
2229 911 2323 951 eas
2344 905 2601 966 arguunt,
2630 897 2757 950 dum
2782 896 3127 967 imperfectas
3151 913 3274 953 esse
3295 899 3501 961 sinunt,

1935 984 1990 1038 in
2013 986 2233 1041 Christo
2255 996 2693 1043 consummatum
2723 986 2895 1044 fuisse
2914 989 3318 1059 prophetiarum
3336 1006 3503 1045 even-

1936 1083 2050 1130 tum
2098 1092 2393 1149 agnoscere
2418 1089 2784 1147 nequeuntes;
2815 1079 2869 1133 hi
2917 1096 3067 1143 vero,
3097 1081 3189 1150 qui
3225 1081 3503 1136 Christum

1934 1169 2283 1234 conﬁtentur,
2315 1170 2606 1226 absurdam
2635 1179 2816 1227 tamen
2851 1187 3027 1241 neque
3058 1176 3222 1229 certis
3258 1172 3502 1227 fulcitam

1932 1260 2281 1318 documentis
2322 1263 2482 1321 ﬁdem
2520 1265 2642 1334 ejus
2696 1265 3059 1327 contendunt,
3108 1265 3504 1320 admirabiliter

1934 1352 2028 1407 Dei
2063 1356 2380 1425 prophetas,
2413 1357 2507 1427 qui
2541 1358 2918 1413 testimonium
2965 1358 3093 1413 olim
3141 1357 3209 1411 de
3260 1373 3324 1411 eo
3376 1356 3504 1411 red-

1932 1447 2211 1516 diderunt,
2233 1464 2342 1503 non
2373 1459 2752 1520 agnoscentes.
2783 1450 2924 1516 Quid
2954 1465 3082 1505 vero
3111 1450 3245 1504 nos?
3271 1448 3503 1519 PrOphe-

1933 1539 2039 1596 tias
2073 1542 2293 1610 quidem
2333 1551 2554 1613 propter
2607 1544 2811 1599 Christi
2867 1543 3181 1606 adventum,
3214 1543 3358 1596 hunc
3405 1557 3500 1595 au—

1931 1638 2041 1687 tem
2077 1646 2299 1705 prepter
2342 1638 2654 1707 prophetias
2703 1638 2996 1702 credimus,
3039 1653 3104 1691 ac
3171 1636 3499 1692 evidentiam

1941 1730 2227 1801 roburque
2250 1733 2495 1787 veritatis
2529 1733 2856 1788 arctissimis
2890 1732 3240 1788 ostendemus
3276 1731 3501 1785 demon-

1934 1821 2315 1878 strationibus.
2343 1822 2447 1879 Sed
2480 1824 2611 1880 satis
2638 1824 2705 1880 de
2733 1823 3027 1894 prommio;
3047 1822 3160 1891 jam
3202 1821 3267 1875 ad
3305 1834 3502 1891 propo-

1928 1912 2091 1968 situm
2132 1922 2494 1972 transeamus.

2562 2118 2793 2174 CAPUT
2828 2119 2870 2174 1.

2523 2228 2573 2284 Ε
2600 2230 2922 2288 Prorerbit’s.

2001 2341 2171 2399 Totus
2194 2342 2613 2419 Proverbiorum
2635 2347 2773 2404 liber
2795 2347 2862 2403 de
2883 2346 3185 2419 Sapientia,
3208 2348 3252 2404 si
3276 2349 3341 2404 ad
3365 2349 3500 2405 titu-

1928 2435 2040 2491 lum
2092 2437 2379 2507 respicias,
2408 2446 2649 2493 tractare
2688 2439 2932 2504 videtur;
2966 2456 3110 2497 nunc
3143 2442 3390 2497 moribus
3421 2445 3501 2496 vi—

1925 2536 2038 2584 tam
2071 2531 2315 2598 instruit,
2359 2547 2506 2586 nunc
2547 2532 2684 2588 alios
2728 2533 3012 2603 loquentes
3060 2533 3311 2588 inducit:
3357 2550 3499 2588 non-

1927 2637 2206 2691 nunquam
2241 2623 2498 2693 proponit
2544 2625 2866 2695 aenigmata;
2901 2624 3073 2694 ipsam
3127 2625 3401 2681 interdum
3433 2624 3502 2679 de

1928 2743 1987 2784 se
2015 2729 2262 2799 qumdam
2290 2729 2631 2793 edorentem,
2661 2731 2939 2800 multaque
2962 2730 3028 2784 de
3059 2731 3242 2785 divina
3275 2733 3496 2785 suimet-

1928 2820 2103 2891 ipsius
2161 2821 2430 2891 dignitate
2478 2822 2876 2877 ostendentem.
2928 2822 3169 2888 Quorum
3221 2838 3283 2877 ea
3348 2825 3502 2893 prius

1927 2910 2246 2980 colligemus
2271 2904 2472 2980 quibus
2503 2923 2839 2980 compertum
2884 2913 3147 2968 habemus
3178 2915 3385 2985 aliquid
3416 2914 3501 2969 di-

1926 3003 2112 3057 vinum
2141 3018 2263 3057 esse
2288 3003 2610 3072 sapientiam
2636 3013 2688 3059 et
2714 3012 2908 3058 natura
2929 3007 3151 3060 omnino
3182 3009 3501 3077 praecellen—

1927 3101 2060 3158 tem,
2094 3094 2379 3164 ipsamque
2409 3095 2729 3161 secundam,
2767 3105 2891 3167 post
2920 3098 3157 3168 priorem
3192 3098 3382 3163 Deum,
3416 3116 3502 3156 re-

1927 3217 2049 3255 rum
2106 3202 2486 3258 universarum
2540 3218 2789 3269 causam,
2821 3221 2953 3276 qua:
2984 3207 3202 3275 quidem
3251 3224 3372 3263 cum
3430 3210 3503 3264 sit

1936 3313 1954 3345 ι
1993 3295 2048 3349 in
2087 3297 2360 3368 principio
2383 3301 2523 3370 apud
2548 3300 2716 3357 Deum
2751 3299 2893 3356 Deus
2916 3298 3155 3355 Verbum
3171 3303 3239 3364 ’9.
3265 3321 3284 3355 ι
3320 3303 3500 3356 omnia

1930 3402 2125 3457 regens
2172 3396 2335 3458 atque
2363 3391 2647 3454 ordinans,
2677 3400 2730 3445 et
2753 3391 2846 3446 Dei
2878 3393 3218 3462 providentia
3245 3394 3502 3448 omnibus

1928 3494 2048 3548 quae
2098 3488 2227 3535 sunt
2281 3496 2446 3550 super
2486 3489 2685 3536 terram
2734 3485 3050 3543 consulens,
3099 3492 3226 3538 ante
3283 3499 3498 3538 omnem

1926 3572 2221 3625 essentiam
2286 3581 2340 3626 et
2394 3571 2759 3626 substantiam
2833 3584 3145 3644 procreata,
3210 3575 3500 3645 omnisque

1927 3663 2222 3717 crcationis
2245 3663 2457 3717 viarum
2484 3664 2835 3734 principium.
2864 3663 2988 3719 Haec
3027 3680 3154 3719 vero
3187 3680 3308 3735 qua:
3341 3666 3497 3736 quasi

1926 3766 1992 3821 de
2023 3783 2082 3821 se
2115 3767 2230 3836 ipsa
2258 3766 2534 3838 Sapientia
2563 3769 2696 3824 dicit
2728 3785 2740 3821 :
2780 3789 2797 3820 ι
2840 3768 2953 3839 Ego
2999 3767 3277 3839 Sapientia
3312 3770 3498 3827 habito

1925 3859 1982 3914 in
2037 3860 2291 3923 consilio,
2329 3868 2384 3915 et
2439 3861 2670 3917 eruditis
2734 3864 2997 3916 intersum
3049 3862 3493 3931 cogitationibus.

1925 3950 2112 4007 Timor
2134 3953 2344 4007 Domini
2368 3955 2485 4009 odit
2515 3955 2717 4010 malum
2750 3976 2763 4008 -.
2798 3956 3190 4024 arrogantiam,
3223 3963 3275 4011 et
3308 3971 3495 4025 super~

1923 4044 2090 4109 biam,
2137 4053 2192 4100 et
2244 4047 2388 4101 viam
2435 4062 2682 4117 pravam,
2729 4059 2778 4103 et
2827 4064 2890 4102 os
2935 4048 3179 4118 bilingue
3230 4049 3491 4104 detestor.

1926 4136 2100 4192 Meum
2135 4146 2220 4193 est
2246 4139 2558 4203 consilium,
2590 4147 2642 4193 et
2673 4139 2942 4210 aequitas;
2979 4156 3096 4196 mea
3146 4150 3228 4196 est
3257 4140 3496 4209 pruden-

1923 4231 2039 4295 tia;
2078 4245 2195 4284 mea
2229 4238 2313 4285 est
2355 4230 2635 4285 fortitudo.
2666 4228 2772 4285 Per
2812 4247 2898 4285 me
2950 4246 3107 4301 reges
3156 4238 3407 4302 regnant,
3439 4237 3494 4284 et

1925 4323 2104 4391 legum
2149 4322 2462 4376 conditores
2503 4320 2654 4390 justa
2712 4320 3048 4386 decernunt;
3092 4336 3187 4390 per
3222 4337 3308 4375 me
3337 4321 3489 4388 prin-

1923 4414 2072 4483 cipes
2143 4414 2433 4484 imperant,
2499 4422 2553 4468 et
2613 4414 2826 4484 tyranni
2894 4421 3051 4469 terra:
3109 4413 3487 4469 dominantur.

1923 4503 2036 4577 Ego
2056 4506 2345 4575 diligentes
2383 4522 2468 4561 me
2504 4507 2672 4577 diligo
2732 4525 2744 4559 :
2781 4515 2833 4561 et
2861 4506 2954 4575 qui
2985 4520 3144 4560 mane
3169 4505 3395 4575 vigilant
3423 4506 3490 4560 ad

1923 4625 2028 4672 me,
2063 4610 2341 4664 invenient
2368 4625 2484 4665 me.
2518 4609 2727 4665 Merum
2779 4616 2906 4664 sunt
2950 4608 3168 4667 divitiae,
3197 4615 3251 4661 et
3297 4607 3488 4676 gloria,

1853 4708 1895 4761 D
1924 4717 2056 4772 opes
2093 4702 2361 4772 superbae.
2394 4710 2447 4758 et
2485 4703 2719 4773 institia.
2751 4701 2941 4757 Melior
2972 4710 3057 4755 est
3088 4701 3231 4755 enim
3279 4698 3491 4775 fructus

1923 4811 2078 4850 meus
2129 4810 2283 4859 auro,
2321 4803 2375 4850 et
2425 4794 2603 4864 lapide
2645 4795 2904 4865 pretioso,
2937 4801 2990 4848 et
3048 4791 3320 4863 genimina
3371 4805 3489 4847 mea

1921 4894 2150 4957 argento
2188 4887 2383 4943 electo.
2438 4887 2491 4941 In
2547 4888 2651 4943 viis
2692 4886 2920 4957 justitia:
2944 4885 3185 4948 ambulo,
3228 4884 3280 4937 in
3310 4882 3491 4937 medio

1921 4981 2238 5034 semitarum
2268 4979 2482 5050 judicii,
2527 4987 2585 5033 ut
2620 4978 2787 5034 ditem
2822 4978 3110 5048 diligentes
3150 4991 3255 5039 me,
3290 4984 3344 5030 et
3372 4974 3494 5031 the-

1922 5086 2114 5126 sauros
2164 5088 2350 5126 eorum
2411 5073 2668 5143 repleam.
2710 5070 2971 5125 Dominus
3016 5067 3258 5138 possedit
3301 5082 3385 5121 me
3432 5067 3487 5120 in

1920 5165 2079 5219 initio
2108 5165 2316 5220 viarum
2359 5181 2604 5233 suarum,
2641 5172 2929 5234 antequam
2962 5159 3256 5232 quidquam
3288 5158 3491 5212 faceret

1921 5285 1952 5324 a
1978 5271 2265 5342 principio.
2319 5272 2403 5326 Ab
2432 5281 2637 5327 attento
2667 5269 2916 5324 ordinata
2956 5283 3076 5322 sum
3099 5307 3113 5328 ,
3148 5273 3203 5321 et
3243 5280 3309 5318 ex
3345 5263 3489 5316 anti-

1921 5363 2045 5431 quis
2074 5372 2364 5433 antequam
2405 5374 2547 5419 terra
2574 5364 2745 5418 ﬁeret.
2792 5360 3041 5415 Nondum
3091 5364 3247 5411 erant
3282 5355 3484 5426 abyssi,

1921 5467 1977 5514 et
1997 5474 2096 5529 ego
2124 5460 2238 5528 jam
2288 5469 2550 5529 concepta
2596 5473 2781 5520 eram;
2825 5454 3054 5509 necdum
3107 5451 3286 5505 fontes
3318 5463 3489 5517 aqua-

1923 5566 2042 5605 rum
2074 5560 2399 5620 eruperant;
2443 5549 2673 5606 necdum
2720 5556 2934 5602 montes
2966 5543 3113 5614 gravi
3188 5541 3328 5596 niole
3355 5554 3488 5594 con-

1925 5645 2175 5699 stiterant
2203 5659 2215 5693 :
2244 5650 2370 5696 ante
2396 5643 2563 5697 colles
2611 5655 2713 5711 ego
2764 5638 3125 5710 parturiebar.
3158 5633 3349 5687 Adhuc
3378 5638 3491 5684 ter-

1920 5749 2037 5789 ram
2089 5750 2200 5789 non
2258 5733 2483 5799 fecerat,
2522 5742 2577 5789 et
2637 5732 2882 5794 ﬂumina,
2927 5736 2983 5784 et
3029 5725 3281 5782 cardines
3336 5721 3486 5777 orbis

241 5824 459 5897 σθῆναι,
510 5825 615 5898 πρὸ
638 5825 695 5880 δὲ
745 5825 961 5880 πάντων
996 5824 1216 5895 βουνῶν,
1247 5824 1410 5895 γεννᾷ
1474 5839 1561 5894 με.
1609 5821 1812 5893 Κύριος

1929 5832 2099 5882 terrae.
2133 5826 2366 5893 Quando
2392 5824 2731 5898 praeparabat
2759 5823 2950 5888 caelos,
2984 5819 3235 5885 aderam;
3265 5813 3488 5887 quando

311 5942 554 6000 "Joan.
592 5942 736 5999 1.1.
