3868 6264
372 5264 378 5269 ’
462 5277 767 5332 stimcnto?
803 5276 937 5343 Quis
969 5278 1255 5332 suscitavit
1314 5293 1504 5333 omnes
1547 5278 1805 5333 terminos
1836 5286 1899 5333 tei

2139 5278 2196 5330 ἐν
2226 5278 2453 5348 ίματίῳ;
2488 5280 2572 5342 τίς
2602 5281 2870 5351 ἐκράτησε
2902 5281 3011 5336 τῶν
3062 5282 3242 5352 ἄκρων
3302 5280 3398 5350 τῆς
3440 5278 3533 5347 γῆς
3555 5293 3568 5341 ὅ
3614 5268 3649 5323 τί

491 384 630 440 “25
1172 378 1440 436 EUSEBll
1476 375 1952 436 CESARIENS‘S
1989 375 2138 431 OPP.
2180 374 2361 431 PARS
2400 374 2490 432 Ill.
2528 404 2601 415 —-
2636 374 3045 432 EXEGE'ﬂCA.
3543 383 3649 438 ιιιι

485 515 637 559 una
669 502 802 571 lege,
832 507 886 555 et
914 514 1045 571 gyro
1074 499 1307 553 vallabat
1336 499 1584 570 abyssos,
1610 497 1828 568 quando
1854 496 2012 557 aether

2154 495 2373 564 ἐποίησε
2403 494 2584 565 χώρας
2635 496 2727 547 καὶ
2770 495 3071 566 ἀοικήτους,
3117 497 3210 549 καὶ
3240 496 3377 566 ἄκρα
3412 499 3654 571 αἰτούμενα

488 595 744 651 ﬁrmabat
807 608 1050 653 sursum,
1103 600 1156 647 et
1218 592 1450 647 librabat
1510 591 1688 645 fontes
1752 606 2015 661 aquarum

2150 585 2251 654 τῆς
2284 585 2375 638 ὑπ’
2403 586 2647 656 οὐρανόν.
2685 586 2875 639 Ἡνίκα
2901 585 3160 657 ἡτοίμαζε
3182 586 3269 639 τὸν
3297 590 3524 658 οὐρανὸν,
3544 609 3651 664 συμ-

489 688 707 759 quando
731 685 1106 740 circumdabat
1137 684 1272 739 mari
1305 685 1594 739 terminum
1620 700 1777 738 suum
1798 692 1851 739 et
1880 684 2016 753 leget

2151 677 2412 746 παρὴμην
2433 676 2600 747 αὐτῷ,
2624 677 2787 747 ἡνίκα
2814 678 3056 750 άφώριζε
3082 677 3170 731 τὸν
3195 680 3380 732 ἑαυτοῦ
3407 680 3568 752 θρόνον
3586 686 3650 739 ἐπ’

488 783 722 850 ponebat
765 779 942 847 aquis,
993 794 1062 833 ne
1118 781 1415 835 transirent
1464 778 1596 834 lines
1623 793 1791 834 suos:
1828 777 2011 847 quand

2149 765 2382 837 ἀνέμων.
2425 767 2616 820 Ἦνίκα
2639 767 2832 839 ἰσχυρὰ
2857 769 3028 821 ἐποίει
3051 769 3117 822 τὰ
3145 769 3255 823 ἄνω
3298 768 3422 840 νέφη
3447 813 3460 836 ,
3497 772 3574 825 καὶ
3595 773 3652 838 ὡς

487 872 825 941 appendebat
874 871 1225 926 fundamenta
1274 880 1468 937 terrm;
1499 886 1621 925 eum
1652 886 1718 924 eo
1737 886 1885 925 eram
1914 885 2014 923 cun

2149 857 2412 926 ἀσφαλεῖς
2436 859 2600 912 ἐτίθει
2641 860 2821 929 πηγάς
2854 859 2951 928 τῆς
2977 859 3066 913 ὑπ’
3105 860 3347 931 οὐρανὸν,
3382 864 3435 915 ἐν
3458 862 3529 932 τῷ
3545 864 3652 919 1:06-

485 971 572 1017 cta
615 978 950 1033 componens
982 982 995 1017 :
1032 970 1086 1015 et
1125 963 1436 1017 delectabar
1489 979 1584 1031 per
1638 963 1885 1032 singulos
1907 962 2012 1016 dies

2149 965 2235 1000 ναι
2265 948 2425 1002 αὐτὸν
2453 952 2518 1020 τῇ
2543 950 2780 1023 Θαλάσσῃ
2804 950 3140 1021 άκριὸασμὸν
3188 951 3351 1023 αὐτοῦ
3374 992 3388 1013 ,
3422 954 3504 1005 καὶ
3524 952 3652 1010 ὕδατα

486 1055 679 1109 ludens
724 1069 908 1108 coram
964 1042 1031 1107 eo
1076 1054 1224 1107 omni
1273 1063 1544 1123 tempore;
1594 1053 1787 1108 ludens
1830 1053 1885 1105 in
1917 1053 2013 1106 orb

2146 1041 2208 1093 οὐ
2234 1040 2654 1112 παρελεύσονται
2681 1043 2856 1112 στόμα
2884 1043 3046 1096 αὐτοῦ
3068 1059 3083 1073 ·
3114 1044 3275 1113 ἡνίκα
3303 1045 3487 1114 ἰσχυρὰ
3520 1048 3653 1101 ἐποίει

485 1152 797 1199 terrarum:
831 1150 885 1198 et
933 1144 1141 1197 deliciae
1187 1159 1338 1207 meas,
1374 1159 1496 1197 esse
1537 1158 1659 1197 cum
1705 1144 1827 1198 ﬁliis
1873 1143 2012 1197 homi

2145 1130 2214 1185 τὰ
2247 1132 2468 1203 θεμέλια
2510 1133 2611 1203 τῆς
2647 1135 2749 1205 γῆς
2771 1175 2786 1199 ,
2821 1136 2969 1206 ἡμην
3010 1136 3140 1206 παρ’
3168 1134 3315 1205 αὐτῷ
3361 1137 3652 1208 ἁρμόζουσαυ

484 1254 613 1292 num
640 1238 679 1290 ¹.
719 1255 738 1287 ι
772 1234 897 1290 Haec
922 1235 1138 1304 quidem
1189 1234 1255 1288 de
1289 1250 1348 1290 se
1393 1236 1507 1305 ipsa
1539 1233 1816 1304 Sapientia
1850 1250 1863 1284 :
1898 1248 2011 1303 qua:

2146 1221 2255 1291 ἐγὼ
2291 1224 2467 1295 ἤμην,
2580 1225 2903 1296 προσέχαιρε
2937 1224 3057 1278 καθ’
3079 1225 3310 1297 ἡμέραν,
3343 1227 3656 1302 εὐφραινὸμὴν

483 1344 608 1385 nam
637 1342 765 1383 vero
789 1327 905 1397 ipsa
954 1328 1045 1390 sit,
1089 1333 1313 1381 sanctus
1337 1325 1632 1396 Apostolus
1676 1325 1916 1379 ostendit
1961 1324 2010 1378 di

2143 1312 2200 1366 δέ
2228 1317 2286 1367 ἐν
2310 1314 2582 1386 προσώπῳ
2610 1316 2774 1369 αὐτοῦ
2810 1320 2868 1369 ἐν
2908 1318 3070 1369 παντὶ
3108 1316 3321 1387 καιρῷ·
3363 1319 3445 1371 ὅτε
3473 1321 3656 1391 εὐφῴ-

488 1435 622 1474 cens
653 1438 665 1472 :
705 1437 723 1470 ι
752 1416 1008 1473 Christus
1038 1416 1131 1471 Dei
1160 1417 1335 1472 virtus
1364 1424 1417 1471 et
1449 1415 1539 1471 Dei
1571 1415 1900 1486 Sapientia’;
1932 1436 1951 1468 ›
1989 1432 2015 1470 e

2143 1423 2261 1459 νετο
2281 1406 2379 1478 τὴν
2411 1408 2734 1479 οἰκουμένην
2760 1408 3098 1473 συντελέσας,
3147 1409 3241 1462 καὶ
3289 1410 3580 1481 εὐφραίνετο
3613 1416 3657 1467 ἐν

483 1526 676 1567 rursus
708 1530 720 1564 :
760 1529 778 1562 ι
812 1510 916 1576 Qui
948 1510 1125 1565 factus
1153 1516 1237 1564 est
1274 1509 1434 1563 nobis
1459 1508 1736 1579 Sapientia
1768 1524 1798 1562 a
1822 1507 1930 1562 Deo
1951 1508 1990 1562 ³.

2144 1501 2277 1562 υἱοῖς
2299 1499 2405 1551 τῶν
2436 1498 2754 1569 ἀνθρώπων.
2786 1519 2803 1551 ι
2843 1500 3023 1552 Ταῦτα
3051 1500 3148 1571 μὲν
3177 1496 3270 1554 οὖν
3312 1501 3534 1556 διδάσκει
3561 1508 3656 1577 περὶ

481 1600 626 1673 Ergo
642 1602 895 1657 Christus
916 1611 1000 1656 est
1028 1602 1118 1671 qui
1148 1599 1372 1671 praefata
1396 1600 1644 1655 elocutus
1670 1609 1788 1666 est;
1814 1600 2008 1670 Sapien

2141 1591 2338 1662 ἑαυτῆς
2369 1593 2401 1662 ἡ
2429 1590 2594 1660 Σοφία
2616 1609 2629 1622 ο
2659 1591 2743 1655 τίς
2768 1591 2823 1645 δέ
2850 1592 2996 1645 ἐστιν
3026 1592 3184 1663 αὕτη,
3209 1595 3237 1646 6
3271 1594 3410 1664 ἱερὸς
3454 1595 3660 1650 Ἀπόστο-

482 1693 555 1745 tia
589 1702 642 1747 et
676 1691 912 1747 Verbum
952 1700 1037 1747 est
1090 1691 1204 1756 Dei,
1232 1706 1262 1745 a
1312 1705 1421 1760 quo
1467 1691 1649 1745 omnia
1698 1691 1837 1745 facta
1889 1698 2009 1745 sunt

2140 1682 2228 1747 λος
2257 1682 2500 1736 παιδεύει
2522 1683 2713 1751 λέγων,
2744 1702 2762 1733 ι
2787 1683 3018 1754 Χριστὸς
3043 1684 3177 1736 Θεοῦ
3206 1684 3433 1755 δύναμις
3452 1688 3535 1740 καὶ
3554 1687 3656 1741 Θεοῦ

483 1802 503 1835 ι
543 1782 603 1838 1η
633 1786 903 1855 principio
946 1795 1063 1841 erat
1105 1784 1366 1849 Verbum,
1398 1794 1452 1841 et
1480 1784 1716 1840 Verbum
1750 1792 1866 1839 erat
1894 1800 2010 1854 apin

2142 1774 2301 1842 σοφία
2325 1791 2338 1805 '
2375 1793 2394 1825 ι
2428 1775 2520 1827 καὶ¹
2553 1774 2713 1840 πάλιν
2735 1815 2750 1839 ,
2804 1793 2823 1826 ι
2864 1777 2957 1838 Ὃς
2980 1775 3206 1847 ἐγενήθη
3238 1777 3406 1846 Σοφία
3444 1779 3556 1849 ἡμῖν
3579 1781 3660 1833 ἀπὸ

477 1852 668 1940 Deum,
704 1884 757 1931 et
791 1852 933 1932 Deus
989 1885 1108 1932 erat
1168 1875 1426 1932 Verbum.
1468 1874 1662 1931 Omnia
1713 1891 1809 1946 per
1862 1852 2000 1944 ipsui

2140 1864 2295 1920 Θεοῦ.
2335 1884 2352 1917 ι
2387 1866 2619 1936 Χριστὸς
2644 1863 2735 1919 οῦν
2763 1867 2910 1919 ἐστιν
2928 1868 2956 1919 ό
2980 1866 3047 1919 τὰ
3070 1868 3441 1938 προειρημένα
3457 1869 3654 1938 φάσκων·

479 1967 620 2021 facta
650 1968 865 2035 sunt";
905 1987 925 2019 ›
957 1977 1010 2021 et
1038 1984 1049 2020 :
1088 1987 1105 2020 ι
1141 1968 1197 2022 ln
1223 1970 1342 2038 ipso
1364 1969 1579 2023 condita
1605 1977 1733 2021 sunt
1766 1968 2006 2023 universa

2139 1957 2172 2025 ἡ
2199 1956 2368 2026 Σοφία
2398 1956 2490 2009 καὶ
2520 1957 2691 2025 Λόγος
2720 1958 2836 2010 ἐστὶ
2860 1957 2994 2011 Θεοῦ
3015 1999 3030 2024 ,
3058 1958 3123 2010 δι’
3156 1953 3217 2012 οὗ
3243 1958 3311 2011 τά
3347 1960 3513 2014 πάντα
3538 1963 3658 2030 γεγέ-

476 2058 565 2112 inc
584 2059 705 2114 uelis
734 2066 787 2113 et
817 2058 869 2112 in
899 2067 1063 2122 terra,
1082 2042 1697 2128 visibiliafetinvisibilia
1720 2057 1762 2121 ⁸,
1792 2077 1810 2109 ι
1848 2074 2003 2113 secun

2140 2064 2325 2119 νηται·
2361 2065 2379 2097 ι
2433 2049 2521 2101 Ἐν
2550 2049 2687 2121 ἀρχῇ
2724 2050 2833 2121 γὰρ
2864 2046 2931 2121 ἦν
2953 2053 2981 2104 ό
3010 2051 3180 2119 Λόγος
3199 2093 3215 2117 ,
3252 2053 3346 2105 καὶ
3377 2056 3405 2106 ό
3430 2054 3578 2122 Λόγος
3608 2050 3658 2125 ἦν

474 2150 603 2204 dum
654 2151 995 2221 Apostolum.
1050 2149 1219 2216 Quem
1283 2153 1427 2205 enim
1482 2150 1548 2204 ad
1614 2150 1832 2203 modum
1901 2164 2001 2218 quo

2143 2140 2276 2208 πρὸς
2300 2140 2393 2193 τὸν
2413 2140 2562 2205 Θεὸν,
2594 2144 2687 2195 καὶ
2719 2142 2851 2205 Θεὸς
2869 2138 2937 2217 ἦν
2954 2145 2981 2180 λ
3014 2143 3200 2212 Λόγος.
3236 2145 3422 2198 Πάντα
3448 2144 3507 2198 δι’
3530 2144 3655 2199 αὐτοῦ

472 2239 595 2293 dam
610 2257 772 2295 sensu
788 2239 1021 2295 Verbum
1046 2239 1137 2294 Dei
1163 2240 1420 2309 loquitur,
1440 2239 1544 2292 alio
1563 2245 1739 2290 autem
1766 2254 1783 2287 ι
1807 2235 1914 2289 vita
1933 2235 1996 2298 δ’,

2141 2229 2355 2297 ἐγένετο
2375 2247 2389 2260 ·
2430 2250 2448 2282 ι
2488 2234 2599 2296 καὶ,
2632 2252 2648 2282 ι
2687 2233 2774 2287 Ἐν
2800 2233 2946 2303 αὑτῴ
2969 2234 3191 2306 ἐκτίσθη
3217 2235 3287 2289 τὰ
3318 2237 3506 2298 πάντα,
3540 2236 3595 2287 τὰ
3616 2236 3660 2289 ἐν

470 2339 526 2384 et
543 2346 755 2393 rursus,
767 2350 784 2382 ι
813 2330 1034 2386 veritas"
1048 2350 1064 2383 ι
1083 2337 1136 2384 et
1152 2348 1169 2380 ι
1195 2332 1285 2385 lux
1298 2342 1421 2383 vera
1436 2329 1502 2392 ",
1517 2334 1596 2381 iet
1617 2327 1821 2395 reliqua
1837 2323 1997 2395 quiva

2140 2325 2252 2384 τοῖς
2281 2322 2527 2392 οὐρανοῖς
2575 2324 2669 2377 καὶ
2702 2324 2770 2377 τὰ
2801 2325 2891 2378 ἐπὶ
2918 2326 3015 2395 τῆς
3041 2326 3141 2396 γῆς
3161 2367 3175 2391 ,
3213 2326 3325 2379 εἴτε
3354 2326 3531 2398 ὁρατὰ,
3577 2326 3656 2380 εἴτε

472 2437 595 2476 eum
620 2423 1028 2478 vocantdivinae
1056 2422 1374 2492 Scriptura,
1405 2421 1485 2475 sic
1510 2433 1729 2490 quoque
1755 2417 1998 2488 Sapienti

2140 2412 2395 2483 ἀόρατα,›
2422 2416 2561 2469 κατὰ
2585 2416 2674 2469 τὸν
2709 2416 3025 2471 Ἀπόστολον
3043 2436 3058 2450 ·
3086 2418 3254 2490 ὅνπερ
3281 2419 3338 2471 δὲ
3361 2420 3541 2489 τρόπον
3553 2418 3659 2471 κατά

473 2513 639 2577 fatur,
670 2512 816 2567 Patri
847 2514 1272 2569 subministratis
1300 2513 1354 2566 in
1383 2511 1624 2566 omnium
1647 2524 1827 2564 rerum
1859 2509 2000 2578 pravi

2138 2521 2257 2556 τινα
2283 2504 2526 2559 ἐπίνοιαν
2555 2506 2725 2575 Λόγος
2746 2508 2878 2561 Θεοῦ
2910 2510 3271 2580 χρηματίζει,
3316 2510 3409 2564 καὶ
3437 2508 3546 2563 καθ’
3573 2509 3659 2562 ἐτέ-

470 2600 656 2655 dentia
683 2610 736 2656 et
767 2602 1262 2656 administratione.

2143 2612 2242 2667 ραν
2273 2615 2291 2647 ι
2334 2597 2466 2668 ζωὴ,
2505 2616 2523 2648 ι
2549 2599 2643 2652 καὶ
2673 2600 2853 2665 πάλιν,
2894 2619 2913 2651 ι
2941 2600 3163 2671 ἀλήθεια
3196 2620 3216 2653 ι
3259 2603 3355 2655 καὶ
3391 2621 3409 2652 ι
3436 2601 3539 2664 φῶς
3561 2601 3661 2669 m-

470 2693 635 2760 θινὸν,
686 2711 707 2747 ι
749 2695 842 2748 καὶ
897 2694 961 2748 τὰ
990 2692 1152 2747 λοιπὰ
1198 2693 1372 2747 ὁπόσα
1435 2694 1599 2760 φασὶν
1630 2692 1789 2745 αὐτὸν
1826 2691 1883 2746 αἱ
1928 2690 2068 2743 θεῖαι
2103 2688 2334 2761 Γραφαὶ,
2382 2691 2473 2744 τὸν
2507 2692 2666 2745 αὐτὸν
2696 2692 2758 2764 δὴ
2778 2694 2973 2765 τρόπον
3004 2696 3097 2748 καὶ
3145 2695 3316 2765 Σοφία
3344 2696 3660 2768 προσηγόρευ·

467 2800 578 2851 ται,
605 2787 883 2859 ὑπηρέτης
927 2793 1267 2857 τυγχάνουσα
1297 2785 1390 2839 τοῦ
1421 2784 1633 2857 Πατρός
1660 2786 1738 2848 είς
1773 2783 1871 2853 τὴν
1899 2782 2035 2835 ὅλων
2073 2780 2328 2851 πρόνοιάν
2353 2799 2411 2835 τε
2432 2783 2525 2836 καὶ
2549 2786 2875 2855 οἰκονομίαν.

1076 2901 1308 2958 CAPUT
1348 2900 1417 2958 ll.

2658 2900 2835 2953 ΚΕΦΑ
2844 2901 3053 2955 ΛΑῘΟΝ
3103 2903 3176 2956 B'.

1045 3014 1095 3068 E
1135 3014 1452 3071 Proverbiis.

2668 3009 2789 3065 Τῶν
2830 3012 3175 3082 Παροιμιῶν.

392 3190 397 3198 ⁸
542 3145 563 3178 ι
598 3125 659 3180 in
712 3126 832 3181 luce
876 3126 967 3179 lilii
1015 3127 1157 3197 regis
1178 3127 1301 3181 vitae
1339 3146 1352 3181 :
1387 3125 1682 3181 familiares
1733 3133 1913 3179 autem

2214 3141 2233 3174 ι
2302 3123 2375 3178 Εν
2408 3123 2545 3193 φωτὶ
2587 3124 2704 3178 υίοῦ
2746 3124 3003 3195 βασιλέως
3030 3127 3176 3197 ζωή·
3204 3129 3259 3180 oi
3293 3128 3349 3181 δὲ
3393 3128 3662 3201 προσδεκτοὶ

465 3217 622 3288 quasi
646 3215 818 3270 imber
856 3216 1190 3273 serotiuus‘.
1224 3235 1243 3267 ι
1278 3214 1449 3283 Cujus
1497 3215 1638 3270 alius
1673 3215 1814 3284 regis
1858 3213 1991 3268 liliii

2136 3215 2284 3286 αὐτῷ
2318 3216 2507 3286 ὥσπερ
2537 3217 2697 3286 νέφος
2728 3217 2942 3288 ὄψιμον.
2985 3236 3003 3269 ι
3040 3219 3152 3271 Καὶ
3188 3221 3339 3284 τίνος
3370 3220 3520 3275 ἄλλου
3547 3219 3663 3291 βασι-

464 3309 588 3364 luce
611 3310 718 3363 vita
748 3315 852 3374 est,
889 3308 992 3362 nisi
1019 3309 1071 3362 in
1106 3307 1198 3363 Dei
1234 3306 1433 3375 Verbo,
1468 3309 1560 3377 qui
1599 3306 1761 3378 Regis
1789 3307 1991 3362 omniu:

2135 3305 2268 3370 λέως
2295 3306 2412 3359 υἱοῦ
2461 3309 2520 3359 ἐν
2555 3308 2694 3376 φωτὶ
2739 3308 2851 3379 ζωὴ
2882 3311 3158 3378 τυγχάνει,
3193 3311 3229 3381 ἢ
3264 3315 3324 3365 ἐν
3343 3312 3420 3381 τῷ
3453 3311 3539 3365 τοῦ
3560 3310 3662 3365 Θεοῦ

465 3399 559 3456 Dei
594 3399 763 3456 Filius
790 3401 912 3455 est?
935 3399 1057 3471 Ipse
1097 3400 1242 3456 enim
1270 3408 1354 3455 est
1407 3420 1424 3451 ι
1464 3399 1579 3454 Lux
1610 3415 1735 3453 vera
1765 3415 1885 3470 quae
1910 3399 1992 3452 illc

2134 3398 2313 3469 Λόγῳ,
2337 3396 2454 3451 υίοῦ
2492 3399 2849 3468 τυγχάνοντος
2874 3398 2966 3452 τοῦ
2995 3400 3212 3455 πάντων
3240 3402 3504 3468 Βασιλέως
3526 3400 3660 3455 Θεοῦ·

464 3493 642 3546 ιιιίηειι
686 3508 901 3547 omnem
952 3493 1227 3546 hominem
1275 3492 1581 3547 venientem
1617 3492 1672 3546 in
1701 3492 1844 3545 hunc
1874 3506 1991 3544 mur

2135 3489 2296 3553 αὐτὸς
2315 3489 2421 3561 γάρ
2439 3492 2585 3543 ἐστιν
2606 3490 2667 3543 τὸ
2688 3509 2705 3541 ι
2731 3489 2851 3551 Φῶς
2869 3490 2930 3542 τὸ
2956 3491 3204 3562 ἀληθινὸν
3232 3493 3263 3545 ὃ
3291 3492 3503 3563 φωτίζει
3526 3493 3660 3545 πάντα

466 3584 596 3644 dum
620 3586 672 3650 ⁷;
707 3604 726 3637 ι
758 3585 811 3637 in
844 3600 952 3654 quo
983 3585 1185 3640 lumine
1232 3585 1344 3639 vita
1406 3592 1509 3649 est,
1545 3584 1845 3639 secundum
1899 3584 1992 3637 illu

2137 3582 2417 3653 ἄνθρωπον
2438 3581 2729 3653 ἐρχόμενον
2752 3584 2830 3645 εἰς
2856 3583 2946 3637 τὸν
2976 3584 3178 3654 κόσμον
3198 3601 3213 3613 ·
3250 3606 3269 3636 ι
3297 3587 3354 3638 ἐν
3374 3580 3416 3653 ᾦ
3435 3585 3560 3654 φωτὶ
3579 3580 3664 3652 ζωὴ

463 3676 744 3747 Evangelii
776 3678 1001 3733 verbum
1038 3697 1051 3732 :
1086 3697 1104 3729 ι
1140 3679 1196 3732 In
1234 3678 1353 3749 ipso
1383 3681 1493 3733 vita
1531 3687 1668 3740 erat,
1696 3688 1748 3732 et
1777 3677 1885 3732 vita
1917 3693 1990 3731 er:

2133 3675 2389 3743 τυγχάνει
2438 3674 2577 3727 κατὰ
2611 3675 2700 3727 τὸν
2744 3676 2994 3745 φήσαντα
3029 3677 3124 3730 τοῦ
3162 3678 3493 3747 Εὑαγγελίου
3523 3677 3660 3743 λόγον,

464 3767 559 3823 lux
590 3768 877 3823 hominum
901 3770 944 3824 ⁸.
986 3788 1005 3821 ι
1044 3768 1219 3838 llujus
1247 3784 1375 3824 vero
1415 3769 1729 3832 familiares,
1755 3786 1894 3838 quos
1921 3786 1985 3823 ex

2140 3785 2159 3817 ι
2196 3767 2283 3820 Ἐν
2301 3765 2447 3836 αὑτῴ
2469 3765 2581 3838 ζωὴ
2612 3762 2699 3837 ἦν,
2720 3769 2815 3820 καὶ
2849 3770 2881 3839 ἡ
2918 3768 3029 3840 ζωὴ
3062 3763 3129 3838 ἧν
3152 3771 3211 3821 τὸ
3249 3771 3366 3838 φῶς
3382 3770 3484 3823 τῶν
3499 3765 3662 3839 ἀνθρὼ-

464 3856 754 3910 stimamus
794 3871 918 3911 esse
967 3857 1089 3926 ejus
1142 3858 1421 3926 apostolos
1454 3864 1508 3911 et
1541 3857 1863 3927 discipulos,
1902 3856 1986 3911 l‘ac

2136 3874 2280 3912 πων·
2320 3878 2338 3910 ι
2376 3858 2566 3911 τούτου
2599 3858 2655 3912 δέ
2701 3860 2794 3912 καὶ
2832 3861 2881 3913 οἱ
2922 3861 3266 3932 προσδεκτοὶ,
3294 3862 3389 3925 οὓς
3430 3858 3663 3930 ἡγούμεθα

464 3955 593 4002 sunt
618 3965 636 3997 ι
656 3948 812 4017 quasi
831 3947 1005 4002 imber
1037 3950 1311 4002 serotinus
1339 3967 1357 4000 ι
1395 3949 1449 4002 in
1471 3948 1781 4002 novissimis
1797 3948 1991 4002 dieruu

2134 3945 2417 4013 εἶναιτοὺς
2442 3950 2772 4014 ἀποστόλους
2801 3950 2965 4004 αὑτοῦ
2994 3952 3087 4005 καὶ
3122 3952 3393 4023 μαθητὰς,
3426 3952 3661 4021 γεγόνασιν

461 4046 517 4092 et
541 4038 597 4092 in
626 4040 1101 4095 consummatione
1133 4040 1339 4101 saeculi,
1367 4040 1639 4094 desertam
1673 4039 1803 4093 olim
1835 4039 1988 4094 sitiet

2136 4039 2319 4112 ὥσπερ
2358 4061 2376 4094 ι
2408 4042 2567 4112 νέφος
2594 4042 2787 4112 ὄψιμον
2822 4062 2839 4092 ι
2866 4043 2951 4097 ἐπ’
2975 4045 3204 4114 ἐσχάτου
3236 4045 3347 4098 τῶν
3372 4044 3571 4116 ἡμερῶν
3594 4039 3663 4093 καὶ

463 4140 681 4201 temque
727 4142 949 4196 terram,
984 4132 1036 4185 id
1088 4141 1173 4187 est
1220 4135 1462 4202 gentium
1519 4131 1839 4196 Eeclesiam,
1868 4132 1990 4202 spiri

2135 4133 2227 4185 ἐπὶ
2256 4133 2533 4205 συντελείᾳ
2566 4133 2659 4188 τοῦ
2692 4136 2904 4199 αἰῶνος,
2946 4136 3043 4206 τὴν
3078 4136 3286 4208 ἔρημόν
3328 4154 3454 4190 ποτε
3483 4136 3571 4204 γῆν
3591 4132 3662 4184 καὶ

462 4222 556 4277 tali
585 4224 686 4295 piae
711 4223 974 4279 doctrinae
1003 4239 1125 4279 rore
1159 4228 1465 4296 irrigantes.

2133 4225 2379 4298 ἄνυδρον,
2409 4226 2653 4279 τουτέστι
2680 4228 2779 4297 τὴν
2806 4228 2913 4280 τῶν
2944 4227 3113 4280 ἐθνῶν
3144 4228 3485 4299 Ἐκκλησίαν,
3508 4221 3659 4296 6962:3-

2135 4334 2325 4381 σαντες
2378 4316 2456 4387 τῷ
2506 4319 2860 4390 πνευματικῷ
2914 4319 3014 4389 τῆς
3055 4321 3315 4384 εὐσεϐοῦς
3364 4315 3661 4376 διδασκαλίας

2133 4410 2198 4462 αὐ
2206 4409 2279 4480 τῷ
2306 4408 2461 4480 ὑετῷ.

1071 4507 1299 4565 CAPUT
1334 4509 1421 4567 Ill.
2062 4525 2108 4581 ι)

2062 4525 2108 4581 ι)
2659 4525 3051 4578 ΚΕΦΑΛΑΙΟΝ
3096 4526 3168 4579 Ρ.

1044 4628 1092 4682 Ε
1128 4628 1444 4683 Proverbiis.
1950 4624 1957 4633 ’

1950 4624 1957 4633 ’
2671 4637 2791 4694 Τῶν
2822 4639 3174 4709 Παροιμιῶν.

489 4742 500 4753 ·
535 4739 555 4773 ι
592 4719 718 4776 Πειιο
751 4721 999 4803 ἀίοἰιινῐι·
1020 4723 1074 4775 in
1108 4721 1275 4775 Deum
1302 4720 1672 4786 credentibus,
1697 4730 1750 4774 et
1778 4719 2016 4790 quiesco.

2212 4748 2231 4781 ι
2271 4730 2408 4784 Τάδε
2437 4728 2585 4798 λέγει
2608 4730 2745 4802 ἀνὴρ
2774 4733 2885 4793 τοῖς
2916 4731 3228 4784 πιστεύουσι
3256 4730 3395 4803 Θεῷ,
3415 4731 3498 4784 καὶ
3528 4716 3656 4781 παύο-

464 4814 835 4870 Stultissimus
870 4788 1015 4869 duim
1068 4832 1186 4869 sum
1246 4816 1510 4877 virorum,
1544 4824 1597 4867 et
1629 4813 1897 4883 sapientia
1929 4813 1991 4867 ho

2138 4839 2253 4891 μαι.
2304 4788 2725 4891 Ἀφρονέστατος
2752 4788 2994 4891 γάρ-εἰμι
3022 4821 3235 4876 πάντων
3261 4788 3563 4894 ἀνθρώπων,
3587 4815 3654 4870 καὶ

463 4908 671 4961 minum
700 4921 809 4960 non
840 4914 924 4960 est
958 4921 1190 4960 mecum.
1215 4904 1356 4961 Deus
1385 4912 1567 4959 autem
1588 4905 1775 4960 docuit
1809 4920 1895 4960 me
1935 4920 1990 4958 sa

2137 4913 2398 4984 φρόνησις
2429 4912 2729 4985 ἀνθρώπων
2753 4912 2855 4963 οὑκ
2887 4911 3033 4965 ἔστιν
3071 4916 3127 4966 ἐν
3155 4914 3297 4984 ἐμοί.
3348 4912 3474 4976 Θεὸς
3512 4912 3550 4965 δ’
3573 4908 3651 4962 ἐδί-

464 5001 723 5070 pientiam
751 5038 764 5063 ,
804 5005 858 5053 et
890 4998 1173 5053 scientiam
1227 5008 1541 5054 sanctorum
1594 5013 1696 5067 ego
1720 4998 1866 5053 novi.
1898 4996 1991 5062 Qui

2136 5004 2293 5069 δαξέν
2341 5020 2406 5074 με
2441 5003 2653 5072 σοφίαν,
2707 5005 2800 5056 καὶ
2851 5001 3051 5070 γνῶσιν
3104 5004 3273 5072 ἁγίων
3313 5003 3421 5072 ἐγὼ
3464 5002 3649 5069 ἔγνωκα.

461 5091 709 5148 ascendit
734 5090 789 5144 in
822 5091 1020 5145 coelum
1050 5098 1212 5159 atque
1236 5090 1561 5145 descendit?
1594 5089 1728 5156 Quis
1762 5088 1985 5143 continu

2138 5096 2235 5162 Τίς
2256 5097 2419 5170 ἀνέϐη
2454 5100 2533 5161 είς
2555 5098 2646 5151 τὸν
2666 5098 2891 5167 οὐρανὸν
2915 5097 2932 5166 (
2957 5095 2995 5150 l'.
3030 5096 3099 5150 26
3129 5098 3208 5166 v")
3246 5098 3341 5149 καὶ
3364 5094 3546 5162 κατέϐη
3563 5109 3574 5155 ;
3593 5088 3652 5150 τίς

463 5195 654 5239 ventos
676 5184 732 5237 in
764 5183 927 5247 sinu?
953 5181 1089 5248 Quis
1138 5184 1415 5253 colligavit
1458 5197 1628 5251 aquas
1656 5182 1813 5251 quasi
1847 5183 1901 5235 in
1935 5198 1990 5236 ve

2139 5190 2441 5257 συνήγαγεν
2470 5188 2702 5258 ἀνέμους
2726 5190 2783 5241 ἐν
2814 5189 3030 5258 κόλπῳς
3059 5188 3137 5251 τίς
3169 5188 3513 5259 συνέστρεψεν
3545 5182 3650 5248 ὕδωρ

3614 5268 3650 5305 μί

461 5365 614 5429 Quod
650 5383 847 5422 nomen
873 5376 957 5423 est
984 5369 1141 5438 ejus?
1167 5369 1377 5439 etquod
1408 5385 1605 5425 nomen
1640 5370 1763 5425 [iliis
1789 5370 1909 5438 ejus
1934 5369 1988 5422 ’ί

2137 5368 2306 5439 ὄνομα
2339 5369 2521 5440 αὑτῷ;
2558 5371 2591 5442 ἡ
2640 5372 2692 5424 τί
2726 5371 2895 5443 ὄνομα
2929 5376 3040 5436 τοῖς
3079 5372 3286 5436 τέκνοις
3326 5372 3503 5435 aii-:06;
3529 5388 3545 5419 ι
3570 5362 3648 5418 Καὶ

463 5456 597 5521 Quis
621 5459 763 5514 alius
781 5460 864 5514 vir
888 5461 1001 5515 haec
1030 5460 1253 5522 diceret,
1278 5463 1384 5517 nisi
1415 5462 1732 5517 incarnatus
1765 5460 1990 5516 Dominu

2135 5461 2218 5525 τίς
2245 5461 2311 5515 ἂν
2333 5460 2416 5532 εἴη
2447 5462 2602 5526 ἄλλος
2629 5464 2769 5536 ἀνὴρ
2790 5467 2818 5517 6
2845 5464 3017 5518 ταῦτα
3044 5465 3286 5534 φάσκων,
3317 5465 3348 5535 ἡ
3383 5467 3410 5517 ό
3438 5457 3645 5529 ἐνανθρυ

411 5573 424 5588 ι
462 5556 671 5615 noster,
708 5551 824 5607 sive
880 5562 1105 5625 propter
1151 5557 1443 5611 amentiam
1471 5564 1738 5621 nostram,
1764 5571 1928 5625 quam

2133 5556 2313 5627 πὴσας
2353 5554 2557 5627 Κύριος
2588 5556 2767 5629 ἡμῶν,
2797 5559 2912 5629 ἡτοι
2940 5558 3028 5612 διὰ
3061 5559 3156 5622 τὰς
3182 5560 3338 5630 ἡμῶν
3368 5554 3641 5627 ἀφροσύνας,

538 5731 762 5812 [ξι-ον..
790 5750 918 5812 vin,
955 5738 1137 5812 ιε-ει.
1174 5738 1285 5812 "_.l
1318 5738 1445 5793 Cor.
1485 5753 1531 5802 ι,
1565 5737 1654 5812 2ξ.
1734 5738 1756 5812 ξ
1791 5736 1922 5812 ibid.
1959 5736 2050 5812 :50.

2128 5738 2170 5768 ³·
2206 5736 2369 5812 Ξῐοξιιιἒ
2404 5753 2456 5812 ι,
2493 5739 2647 5812 με,
2720 5740 2743 5772 ⁸
2778 5738 2997 5812 Coloss.
3025 5757 3071 5812 ι,
3103 5741 3184 5796 l6.
3260 5739 3446 5797 "Joan
3492 5727 3638 5796 myti-

462 5805 485 5838 ³
514 5803 646 5860 ibid.
720 5803 942 5859 "Joan.
973 5821 1010 5873 ι,
1038 5806 1091 5861 9.
1170 5809 1191 5840 '
1226 5806 1388 5863 Prov.
1426 5824 1536 5877 ινι,
1574 5809 1661 5863 15.
1737 5809 1757 5841 ⁷
1792 5803 1989 5863 Ιοιιη.’ς

1575 5809 1661 5863 15.
1737 5809 1757 5841 ⁷
1792 5803 2037 5874 Joan.'i,
2074 5806 2126 5862 9.
2202 5808 2224 5840 ⁸
2259 5803 2392 5864 ibid.
2428 5810 2481 5864 4.
2539 5803 2579 5843 ’⁸
2618 5809 2779 5868 Prov.
2816 5827 2953 5873 xxx,
2982 5803 3102 5869 L4.
