3868 6264
264 421 403 477 “ﬁ

1308 422 1627 515 ECLOGA):
1645 422 2126 480 PROPIIETICE.
2150 422 2358 480 —LIB.
2401 423 2488 485 111.

3387 432 3525 486 H26

263 540 328 604 ἃς
373 541 457 604 εἰς
499 541 690 594 ἐαυτὸν
740 540 1046 608 ἀνεδέξατο,
1096 544 1128 616 ἢ
1173 542 1261 598 διὰ
1291 544 1391 614 τὴν
1432 563 1449 595 ι
1491 516 1705 616 μωρίαν
1755 544 1847 598 τοῦ

1956 543 2136 614 seipso
2166 545 2419 617 sumpsit,
2453 545 2568 602 sive
2616 553 2838 618 propter
2879 563 2898 597 ι
2934 545 3220 603 stultitiam
3256 549 3527 621 pradica-

265 634 640 708 κηρύγματος,
670 654 689 688 ι
713 639 1025 710 σοφωτέραν
1059 639 1151 691 καὶ
1181 637 1536 710 ἰσχυροτέραν
1565 634 1729 691 οὖσαν
1749 638 1848 707 τῆς

264 728 373 781 τῶν
400 728 703 800 ἀνθρώπων
732 731 954 801 σοφίας;
989 730 1175 785 ἐνθάδε
1204 732 1302 802 μὲν
1337 730 1583 799 φάσκων,
1625 749 1643 781 ί
1677 731 1847 802 ἀφρο-

265 820 517 884 νέστατος
564 821 673 891 γάρ
722 825 838 894 είμι
889 824 1105 877 πάντων
1154 822 1488 896 ἀνθρώπωνο
1532 841 1550 874 ι
1585 825 1641 876 ἐν
1681 822 1737 875 δὲ
1770 821 1848 892 ξη’

262 908 483 981 ψαλμῷ,
522 929 540 961 ι
581 911 651 964 Σὺ
686 910 855 981 ἔγνως
891 913 988 984 τὴν
1018 912 1328 984 ἀφροσύνην
1372 928 1493 983 μου·
1538 931 1556 962 ›
1595 909 1758 981 φησὶν
1793 908 1850 962 δὲ

264 1003 367 1065 ὅτι,
407 1021 425 1053 ι
461 1003 572 1055 Καὶ
602 1004 862 1075 φρόνησις
888 1002 1187 1077 ἀνθρώπων
1224 1005 1323 1057 οὑκ
1363 1002 1509 1056 ἔστιν
1541 1005 1598 1056 ἐν
1643 1002 1788 1074 ἐμοὶ,
1821 1022 1840 1053 ι

263 1094 455 1167 ῶσπερ
500 1096 586 1149 ἐπ’
629 1095 1080 1168 ἀνδραγαθήματι
1120 1096 1582 1169 λαμπρυνάμενος
1627 1096 1721 1150 ἐπὶ
1771 1095 1850 1168 τῷ

267 1187 539 1258 μηδεμίαν
561 1189 849 1259 ἐσχηκέναι
874 1189 1134 1261 φρόνησιν
1149 1188 1257 1243 τῶν
1279 1188 1850 1260 παρασυμϐληθέντων

261 1282 377 1343 τοῖς
417 1266 637 1352 κτῆνεσι
681 1284 793 1345 τοῖς
821 1283 1087 1355 ἀνοήτοις,
1134 1282 1227 1336 καὶ
1260 1281 1634 1353 ὁμοιωθέντων
1667 1282 1849 1345 αὐτοῖς

261 1372 587 1445 ἀνθρώπων·
618 1374 650 1444 ἢ
687 1367 761 1428 ὧν
793 1376 890 1446 τὴν
919 1376 1110 1445 σοφίαν
1151 1374 1431 1446 ἐμώρανεν
1461 1376 1490 1427 ὁ
1515 1374 1646 1437 Θεὸς
1684 1374 1851 1445 μηδὲν

262 1465 430 1520 πλέον
454 1466 793 1539 φρονούντων
816 1467 883 1521 τὰ
923 1469 1014 1521 ἐπὶ
1045 1469 1144 1540 τῆς
1165 1468 1288 1538 γῆς,
1329 1468 1430 1521 ὅσα
1476 1467 1686 1536 πέφυκε
1718 1483 1852 1537 σαρ-

263 1559 377 1611 κῶν
400 1577 458 1611 τε
496 1560 589 1614 καὶ
626 1559 759 1630 ὖλης
797 1562 1000 1614 οἰκεῖα·
1039 1560 1160 1614 ὅθεν
1192 1560 1255 1632 δὴ
1278 1561 1373 1616 καὶ
1403 1560 1850 1632 μεμαρτύρηνται

262 1653 413 1723 ἐντῇ
444 1655 605 1724 γενεᾷ
650 1652 830 1706 αὑτῶν
878 1655 1127 1726 φρόνιμοι
1172 1651 1334 1721 εἶναι,
1357 1653 1561 1725 τὸ(τῷ)
1596 1655 1731 1726 μόνα
1780 1653 1850 1707 τὰ

260 1742 356 1795 ἐπὶ
385 1743 486 1813 γῆς
514 1740 696 1813 ζητεῖν
734 1746 829 1797 καὶ
864 1744 1191 1798 διανοεῖσθαι
1225 1745 1288 1798 ἐκ
1316 1745 1566 1816 νεότητος
1595 1745 1687 1797 ἐπὶ
1723 1743 1848 1816 (ἔτι)

256 1834 329 1887 τὰ
356 1836 590 1907 πονηρά⁹
616 1835 928 1908 ἀνθρωπεία
964 1838 1060 1908 μὲν
1091 1836 1343 1909 οὐδαμῶς
1370 1834 1437 1909 ἦν
1466 1840 1524 1892 ἐν
1554 1836 1633 1907 τῷ
1664 1854 1850 1909 προει-

260 1926 486 1997 ρημένῳ
528 1928 681 2000 ἀνδρὶ
715 1929 996 2002 φρόνησις,
1029 1929 1187 2000 δῆλον
1217 1930 1261 1984 δ’
1304 1931 1383 1984 ὅτι
1413 1930 1507 1984 καὶ
1535 1928 1653 1984 θεία
1680 1931 1851 2001 ὑπερ-

258 2018 578 2091 άνθρωπος’
614 2020 680 2073 δι’
715 2021 743 2074 ὃ
784 2022 878 2075 καὶ
916 2020 1166 2092 ἐπιφέρει
1204 2021 1398 2090 λέγων,
1437 2041 1455 2073 ι
1483 2021 1613 2085 Θεὸς
1658 2020 1701 2073 δ’
1739 2019 1847 2073 ἐδί-

256 2111 386 2179 δαξέ
428 2129 495 2183 με
539 2113 754 2183 σοφίαν,
795 2114 888 2167 καὶ
917 2113 1120 2183 γνῶσιν
1155 2114 1329 2183 ἀγίων
1370 2112 1481 2182 ἐγὼ
1527 2112 1770 2182 ἔγνωκα·
1826 2131 1845 2164 ι

256 2201 378 2259 εἶτα
401 2206 829 2277 ἐρωτηματικῶς
884 2219 1039 2278 φησι;
1076 2226 1093 2258 ι
1132 2205 1227 2268 Τίς
1259 2204 1424 2275 ἀνέϐη
1459 2207 1538 2269 εἰς
1568 2205 1661 2258 τὸν
1686 2204 1852 2276 οὐρα-

256 2297 350 2351 νὺν
388 2297 484 2351 καὶ
508 2298 746 2369 κατέϐη;
778 2317 795 2350 ι
829 2299 991 2352 οἱονεὶ
1021 2298 1301 2369 διεγείρων
1325 2298 1472 2368 ἡμᾶς
1500 2297 1593 2349 ἐπὶ
1619 2295 1849 2368 ζήτησιν

255 2389 352 2444 τοῦ
381 2390 452 2444 τὰ
478 2390 781 2462 τηλικαῦτα
827 2392 951 2464 περὶ
988 2390 1180 2445 ἐαυτοῦ
1228 2390 1592 2454 διδάσκοντος,
1620 2391 1748 2461 περὶ
1789 2383 1850 2444 οὑ

257 2482 354 2535 καὶ
401 2482 471 2536 τὰ
518 2482 646 2554 ἑξῆς
689 2481 905 2554 εἴρηται
943 2483 1081 2546 ίδίας
1126 2483 1356 2553 δεόμενα
1405 2482 1617 2553 σχολῆς.
1659 2483 1716 2535 ὐ
1752 2482 1851 2554 μὲν

254 2570 505 2638 οὖνῐθείος
520 2574 846 2638 Ἀπόστολος
866 2576 994 2646 περὶ
1017 2573 1180 2627 αὑτοῦ
1208 2573 1473 2628 διδάσκων
1495 2576 1640 2645 ἡμᾶς
1667 2590 1849 2644 φησιν,

262 2687 282 2718 ι
333 2668 391 2719 '0
420 2666 665 2731 καταϐὰς
695 2668 773 2731 είς
802 2666 871 2720 τὰ
911 2666 1196 2739 κατώτερα
1229 2667 1372 2738 μέρη
1408 2667 1507 2737 τῆς
1533 2667 1654 2738 γῆς,
1689 2666 1852 2729 αὐτός

253 2760 408 2812 ἐστιν
433 2759 527 2812 καὶ
552 2761 581 2812 ὁ
603 2759 811 2824 ἀναϐὰς
846 2760 1100 2832 ὑπεράνω
1134 2758 1244 2812 τῶν
1271 2758 1544 2832 οὑρανῶψ
1587 2779 1606 2811 ›
1650 2760 1853 2831 προτά-

256 2848 356 2914 ξας
376 2849 437 2902 τὸ
478 2849 897 2920 κατεληλυθέναι
915 2849 1097 2913 αὑτὸν,
1121 2844 1217 2902 εἶτ’
1254 2851 1618 2917 ἐπαναγαγὼν
1651 2848 1711 2900 τὸ
1758 2849 1851 2902 ἁν-

256 2939 579 3012 εληλυθέναι
599 2942 781 3014 φησὶν,
800 2941 987 2996 ἔπειτα
1007 2941 1447 3014 κατεληλυθέναι·
1466 2940 1696 3011 ἐπείπερ
1716 2939 1852 3009 μετά

252 3032 356 3105 τὴν
391 3036 454 3087 ἐκ
499 3034 707 3106 νεκρῶν
750 3035 1047 3089 ἀνάστασιν
1095 3035 1267 3089 εἰπὼν
1313 3037 1379 3106 τῇ
1417 3033 1669 3106 Μαριὰμ,
1702 3052 1721 3085 ι
1757 3034 1848 3105 Μή

257 3142 362 3197 μου
408 3124 598 3190 ἅπτου,
640 3126 794 3180 οὑπω
827 3126 935 3198 γὰρ
964 3126 1282 3199 ἀναϐέϐηκα
1318 3126 1454 3198 πρὸς
1494 3125 1587 3179 τὸν
1620 3124 1845 3197 Πατέρα

258 3233 393 3289 μου·
435 3237 453 3270 ι
491 3218 629 3288 μετὰ
652 3218 823 3271 ταῦτα
854 3217 1007 3290 ὤφθη
1042 3222 1152 3283 τοῖς
1189 3218 1456 3289 μαθηταῖς
1488 3217 1581 3270 ἐπὶ
1609 3217 1843 3287 ἡμέραις
1876 3248 1918 3305 c

253 3310 666 3382 τεσσαράκοντα
685 3309 1136 3381 συναυλιζόμενος
1155 3311 1338 3374 αὑτοῖς
1355 3329 1367 3341 ·
1398 3306 1738 3380 ἀνεληλυθώς
1759 3308 1851 3379 δη-

251 3400 390 3473 λαδὴ
418 3400 556 3474 πρὸς
584 3406 675 3455 τὸν
694 3402 933 3473 Πατέρα,
967 3401 1061 3454 καὶ
1082 3397 1238 3464 αὖθις
1265 3400 1332 3453 δι’
1353 3400 1419 3470 ἢν
1448 3396 1688 3451 ἐπετέλει
1714 3398 1852 3451 οίκο-

249 3491 448 3564 νομίαν
473 3490 872 3561 κατεληλυθώς.
923 3493 1013 3545 Διὸ
1041 3491 1136 3546 καὶ
1161 3490 1375 3563 εἴρηται
1403 3508 1417 3520 ·
1446 3508 1465 3541 ι
1511 3487 1744 3551 Ἀναϐὰς
1770 3489 1850 3551 είς

253 3584 393 3655 ὕψος
440 3584 859 3657 ᾐχμαλώτευσεν
894 3584 1291 3656 αἰχμαλωσίαν,
1339 3583 1507 3637 ἔδωκε
1550 3581 1761 3652 δόματα
1791 3583 1849 3634 ἐν

253 3674 586 3747 ἀνθρώποις.
620 3694 639 3727 ι
676 3676 810 3728 Τίνα
840 3674 895 3727 δέ
919 3673 1092 3728 ταῦτα
1122 3674 1154 3744 ἣ
1177 3673 1244 3726 τὰ
1264 3671 1351 3725 διὰ
1371 3672 1464 3725 τοῦ
1501 3670 1654 3739 ἁγίου
1680 3669 1850 3749 Πνεύ-

257 3783 428 3836 ματος
471 3765 805 3837 χαρίσματα,
835 3765 980 3835 ειπερ
1022 3763 1084 3828 ἐξ
1112 3763 1343 3835 οὐρανοῦ
1367 3760 1728 3826 κατεϐίϐασε;
1758 3760 1849 3813 Διὸ

254 3857 353 3911 καὶ
381 3857 614 3910 ἐνταῦθα
643 3857 794 3927 παρὰ
845 3856 922 3925 τῷ
960 3854 1162 3925 ’Λκὺλα
1202 3855 1436 3924 εἴρηται·
1478 3870 1497 3903 ι
1557 3852 1654 3916 Τίς
1680 3851 1847 3922 ἀνέϐη

250 3952 336 4013 εἰς
361 3949 453 4004 τὸν
479 3950 704 4020 οὐρανὸν
734 3950 828 4003 καὶ
853 3947 1209 4001 κατεϐίϐασεν
1233 3964 1247 4013 ;
1270 3946 1440 4001 Αὐτὸς
1468 3944 1526 3997 δέ
1560 3945 1655 3998 καὶ
1681 3943 1850 4015 ἐκρὰο

250 4059 389 4113 τησε
431 4042 539 4094 τῶν
570 4042 752 4112 ἄκρων
783 4041 887 4111 τῆς
925 4040 1050 4110 γῆς,
1082 4039 1224 4093 ὥστε
1273 4040 1352 4101 είς
1389 4040 1569 4093 πᾶσαν
1601 4037 1700 4110 τὴν
1742 4037 1847 4106 γῆν

249 4131 490 4200 ἐξελθεῖν
530 4133 621 4186 τὸν
650 4133 805 4202 λόγον
833 4131 1020 4196 αὑτοῦ,
1066 4130 1159 4184 καὶ
1201 4132 1281 4193 εἰς
1307 4131 1375 4184 τὰ
1406 4129 1619 4201 πέρατα
1640 4128 1741 4199 τῆς
1767 4129 1847 4182 οξ-

252 4226 529 4298 κουμένης
576 4226 645 4279 τὰ
698 4229 918 4298 ῥήματα
966 4224 1152 4279 αὑτοῦ.
1189 4243 1207 4276 ι
1244 4218 1314 4294 ᾯ
1354 4222 1411 4276 δέ
1444 4222 1648 4276 δέδοται
1692 4221 1848 4290 λόγος

252 4319 530 4389 γνώσεως,
563 4312 716 4383 οὗτος
749 4319 955 4373 εἴσεται
975 4319 1123 4382 ὅπως
1142 4317 1208 4371 ἂν
1232 4316 1451 4388 νοηθείη
1480 4315 1576 4367 καὶ
1593 4313 1661 4366 τὰ
1683 4312 1848 4367 λοιπὰ

251 4411 365 4466 τῶν
402 4411 546 4467 κατὰ
586 4412 676 4465 τὸν
717 4412 911 4464 τόπων
950 4411 1249 4482 προτρέπει
1276 4409 1332 4462 δέ
1370 4407 1519 4479 ἡμᾶς
1544 4405 1636 4459 ἐπὶ
1664 4405 1724 4457 τὸ
1750 4403 1847 4475 ζη-

251 4507 420 4578 τῆσαι
443 4507 496 4560 τί
517 4507 686 4579 ὄνομα
712 4504 862 4576 αὑτῷ
894 4523 953 4558 τε
984 4506 1078 4559 καὶ
1106 4507 1220 4567 τοῖς
1254 4503 1467 4565 τέκνοις
1498 4500 1685 4554 αὐτοῦ·
1710 4499 1846 4572 πρὸς

1954 632 2119 688 tionis
2153 632 2229 697 ¹⁰.
2274 652 2293 685 ι
2344 633 2732 704 sapientiorem
2792 633 3187 708 fortioremque
3239 638 3523 692 hominum

1953 724 2262 795 sapientia?
2294 723 2395 780 Hic
2424 727 2568 782 enim
2588 726 2800 792 dicens,
2829 745 2847 778 ι
2873 729 3232 785 stultissimus
3256 745 3377 784 sum
3408 744 3528 783 om-

1952 818 2105 871 nium
2136 817 2401 883 virorum,
2445 837 2465 869 ›
2517 827 2571 874 et
2601 820 2655 873 in
2696 822 3040 891 sexagesimo
3070 832 3263 877 octavo
3291 823 3525 894 psalmo,

1959 928 1976 960 ι
2006 908 2087 963 Tu
2110 910 2221 964 scis
2250 910 2616 982 insipientiam
2650 927 2822 967 meam
2845 913 2908 978 ",
2935 933 2952 966 ι
2990 916 3145 985 quasi
3167 917 3238 971 ob
3267 932 3530 986 generose

1953 999 2157 1056 factum
2208 1003 2546 1072 gloriﬁcatur
2591 1006 2735 1075 quod
2786 1006 2992 1060 nullam
3022 1023 3248 1078 prorsus
3291 1008 3516 1080 pruden-

1952 1096 2083 1151 tiam
2111 1096 2309 1150 habeat
2334 1112 2524 1153 eorum
2589 1099 2680 1169 qui
2735 1101 3029 1168 pecoribus
3059 1110 3114 1157 et
3144 1102 3529 1172 insipientibus

1951 1189 2273 1260 zequiparati
2305 1197 2455 1254 sunt,
2489 1191 2569 1245 vel
2597 1192 2910 1247 istiusmodi
2975 1193 3278 1260 hominum,
3308 1195 3529 1266 etquod

1952 1278 2214 1335 insanivit
2272 1281 2575 1335 secundum
2631 1282 2956 1352 sapientiam
3015 1297 3205 1336 eorum
3256 1282 3348 1352 qui
3389 1282 3533 1337 nihil

1952 1372 2062 1429 nisi
2088 1375 2392 1438 terrestria,
2427 1374 2666 1428 carnalia
2691 1382 2745 1430 et
2776 1374 3079 1429 materialia
3114 1375 3355 1447 sapiunt.
3394 1371 3528 1431 Inde

1951 1467 2255 1538 prudentiae
2276 1467 2538 1522 indicium
2565 1475 2649 1522 est
2696 1467 2752 1522 in
2783 1468 3133 1538 generatione
3156 1481 3278 1531 sua,
3318 1468 3365 1523 si
3404 1476 3527 1522 tan-

1951 1560 2235 1615 tummodo
2264 1576 2385 1631 quae
2413 1567 2541 1616 sunt
2586 1575 2750 1623 super
2780 1569 2982 1613 terram
3006 1561 3309 1631 requirant,
3338 1567 3392 1615 et
3409 1574 3533 1631 (μιαν

1951 1665 2118 1721 prava
2150 1660 2279 1708 sunt
2305 1651 2536 1722 juvenili
2572 1650 2785 1720 sapiant
2817 1650 3108 1721 imperitia.
3132 1648 3380 1704 Humana
3407 1650 3503 1721 qui

1952 1741 2075 1795 dem
2108 1756 2233 1796 cum
2256 1742 2483 1797 minime
2527 1741 2581 1794 in
2630 1741 2912 1810 przecitato
2960 1740 3185 1796 homine
3217 1740 3528 1795 inveniatur

1951 1834 2265 1903 prudentia,
2296 1834 2516 1889 divinus
2556 1834 2627 1888 sit
2657 1843 2710 1888 et
2737 1832 2956 1888 homine
2982 1835 3159 1903 major
3182 1849 3407 1890 necesse
3423 1840 3529 1890 est.

1951 1925 2134 1995 Quare
2168 1927 2360 1998 adjicit
2391 1926 2712 1997 Scriptura:
2749 1944 2768 1978 ‹
2802 1925 2943 1982 Deus
2975 1927 3163 1983 docuit
3183 1943 3269 1983 me
3312 1928 3530 1998 sapien-

1952 2021 2087 2074 tiam
2119 2058 2134 2083 ,
2178 2026 2232 2075 et
2291 2019 2578 2075 scientiam
2629 2026 2943 2075 sanctorum
3008 2036 3107 2089 ego
3153 2019 3301 2074 novi.
3341 2038 3360 2070 ι
3396 2017 3528 2073 Dein

1952 2111 2375 2181 interrogatorie
2404 2110 2567 2166 dicit:
2595 2128 2614 2161 ι
2643 2108 2778 2177 Quis
2800 2109 3117 2167 ascenditin
3148 2111 3345 2165 coelum
3368 2120 3531 2181 atque

1955 2198 2348 2255 descendit?»
2403 2198 2516 2255 Nos
2567 2199 2817 2255 videlicet
2878 2201 3202 2257 adhortatus
3252 2200 3320 2255 ad
3382 2202 3533 2255 illius

1952 2289 2429 2361 investigationem
2483 2291 2576 2361 qui
2622 2292 2751 2345 talia
2783 2290 2851 2346 de
2885 2308 2943 2347 se
2995 2293 3116 2361 ipso
3167 2292 3346 2349 docet.
3402 2292 3532 2360 Qum

1953 2393 2303 2453 sequuntur,
2348 2384 2621 2454 peculiare
2677 2386 3134 2439 commentarium
3193 2382 3529 2442 desiderant.

1954 2475 2183 2531 Divinos
2207 2476 2371 2546 igitur
2385 2476 2681 2547 Apostolus
2707 2476 2774 2532 de
2797 2492 2860 2531 eo
2890 2491 2991 2532 nos
3025 2477 3231 2532 docens
3264 2481 3401 2534 aitzc
3428 2478 3531 2546 Qni

1956 2563 2262 2627 descendit,
2292 2564 2408 2635 ipse
2440 2575 2524 2620 est
2544 2572 2597 2619 et
2622 2566 2714 2636 qui
2741 2565 2986 2620 ascendit
3014 2582 3180 2635 super
3206 2582 3399 2623 omnes
3420 2582 3531 2622 cm.

1953 2656 2035 2712 los
2065 2657 2128 2711 “.
2161 2675 2179 2706 ι
2213 2654 2369 2710 Ilunc
2403 2656 2547 2711 enim
2583 2656 2825 2712 vicissim
2871 2656 3224 2714 descendisse
3252 2666 3307 2714 et
3333 2676 3531 2715 ascen-

1951 2746 2104 2802 disse
2127 2749 2431 2816 rursusque
2457 2746 2846 2815 descendisse;
2873 2751 3213 2805 etenimcum
3244 2766 3273 2803 a
3305 2753 3532 2807 mortuis

1954 2835 2306 2899 surrexisset,
2342 2836 2525 2890 Mariae
2553 2836 2722 2892 dixit:
2745 2837 2903 2892 «Noli
2934 2851 3271 2911 metangere,
3290 2842 3532 2898 nondum

1951 2929 2099 2984 enim
2149 2929 2376 2984 ascendi
2409 2930 2473 2984 ad
2504 2928 2717 2985 Patrem
2753 2946 2934 2986 meum
2971 2932 3037 2986 ⁸³.
3076 2952 3094 2984 ι
3126 2931 3327 2989 Postea
3365 2936 3525 2991 disci-

1951 3018 2097 3089 pulis
2131 3019 2248 3075 suis
2280 3020 2432 3075 visus
2457 3028 2542 3074 est
2571 3036 2669 3091 per
2700 3021 2817 3077 dies
2864 3022 3248 3094 quadraginta,
3302 3026 3358 3081 in
3417 3042 3533 3084 me-

1951 3111 2044 3168 dio
2094 3128 2281 3169 eorum
2338 3127 2667 3183 congressus
2689 3113 2751 3166 ιθ.
2794 3112 3045 3169 Profecto
3081 3115 3148 3169 ad
3176 3114 3390 3171 Patrem
3421 3117 3534 3189 jam

1954 3221 2230 3270 reversus,
2264 3206 2464 3260 iterum
2496 3205 2564 3260 ad
2596 3221 2691 3261 eos
2740 3206 3108 3262 instituendos
3142 3208 3535 3271 descendebat.

1954 3293 2112 3350 Unde
2142 3306 2197 3349 et
2228 3294 2435 3349 dictum
2468 3302 2552 3348 est
2589 3312 2602 3349 :
2646 3314 2664 3345 ι
2703 3293 3020 3350 Ascendens
3044 3295 3097 3349 in
3124 3296 3291 3349 ultum
3314 3337 3328 3361 ,
3362 3299 3535 3367 capti-

1949 3402 2072 3441 vam
2103 3386 2258 3441 duxit
2288 3387 2657 3457 captivitatem
2697 3405 2710 3439 :
2745 3386 2893 3441 dedit
2912 3387 3052 3442 dona
3078 3388 3394 3445 hominibus
3428 3390 3530 3445 ".9

1951 3476 2083 3545 Quae
2110 3486 2313 3540 autem,
2340 3477 2445 3532 nisi
2470 3475 2708 3547 Spiritus
2741 3479 2919 3531 sancti
2949 3492 3197 3540 munera,
3227 3494 3349 3548 qua:
3372 3494 3402 3533 e
3420 3494 3535 3534 eos.

1950 3571 2019 3626 lis
2043 3570 2265 3625 demisit
2287 3568 2453 3624 ?ldeo
2508 3577 2563 3623 et
2608 3571 2751 3639 apud
2784 3569 3038 3640 Aquilam
3071 3569 3314 3625 dicitur:
3346 3589 3364 3621 ι
3396 3569 3534 3637 Quis

1950 3658 2196 3716 ascendit
2217 3660 2273 3715 in
2304 3660 2505 3715 omium
2538 3666 2592 3714 et
2621 3658 2892 3715 demisit?
2938 3657 3084 3713 Idem
3117 3662 3209 3731 qui
3260 3662 3530 3717 altissima

1949 3759 2111 3807 terra:
2154 3752 2455 3822 superavit,
2497 3751 2573 3805 ita
2618 3760 2678 3805 ut
2728 3752 2782 3805 in
2824 3765 3040 3806 onmem
3100 3759 3302 3807 terram
3359 3754 3533 3810 exiret

1951 3860 2121 3900 sonus
2165 3844 2306 3915 ejus,
2331 3852 2387 3898 et
2432 3844 2486 3898 in
2522 3844 2659 3899 ﬁnes
2683 3844 2834 3899 orbis
2880 3851 3038 3898 terrae
3062 3844 3223 3898 verba
3255 3845 3377 3915 ejus
3408 3845 3471 3899 “.
3492 3854 3525 3898 'p

1949 3937 2049 3992 Cui
2081 3952 2211 3992 vero
2239 3936 2426 3991 datum
2495 3945 2580 3993 est
2616 3937 2843 3992 verbum
2896 3937 3162 3999 scientia.
3205 3936 3531 3992 hieuoverit

1947 4030 2225 4101 quomodo
2265 4029 2614 4100 intelligenda
2659 4030 2770 4085 sint
2826 4037 3021 4085 caetera
3049 4030 3214 4100 hujus
3237 4030 3362 4086 loci.
3417 4031 3529 4088 Nos

1948 4122 2114 4193 igitur
2146 4120 2408 4178 admonet
2430 4132 2487 4176 ut
2519 4137 2832 4192 quaeramus
2863 4122 3009 4191 quod
3053 4123 3125 4177 sit
3175 4122 3247 4186 ei,
3299 4121 3528 4192 ejusque

1950 4215 2074 4272 ﬁliis
2121 4231 2341 4272 nomen.
2396 4214 2510 4270 Hae
2539 4215 2685 4270 enim
2718 4212 3140 4284 investigatione
3184 4214 3342 4269 nobis
3375 4229 3527 4270 com-

1947 4320 2161 4384 pertum
2195 4310 2304 4375 ﬁet,
2338 4311 2467 4365 huic
2496 4326 2691 4365 nomen
2718 4325 2841 4365 esse
2857 4307 3069 4373 Jesum,
3093 4308 3238 4378 quod
3259 4307 3354 4361 Dei
3375 4308 3524 4363 salus

1949 4405 2361 4475 interpretatur,
2425 4402 2573 4473 quod
2609 4409 2662 4457 et
2691 4409 2949 4471 parentes
2978 4400 3119 4466 ejus,
3176 4413 3207 4452 a
3266 4400 3521 4454 Gabriele

1948 4497 2235 4561 admoniti,
2264 4497 2647 4564 imposuerunt
2705 4494 2778 4561 ei,
2822 4493 2981 4547 istius
3011 4507 3233 4547 causam
3277 4493 3528 4547 denomi-

250 4599 415 4654 τοῦτο
436 4598 480 4652 δ’
512 4596 930 4669 ὑπακουσόμεθα
970 4598 1036 4650 ἐκ
1064 4597 1160 4667 τῆς
1187 4594 1467 4666 ἐνεργείας
1511 4592 1846 4663 παρειληφό-

1952 4588 2192 4644 nationis
2223 4587 2417 4657 angelo
2454 4586 2576 4656 ipso
2618 4586 2982 4655 signiﬁcante.
3018 4603 3036 4634 ι
3062 4585 3182 4654 Ipse
3215 4584 3383 4646 enim,
3441 4584 3527 4638 in-

251 4710 368 4756 τες,
412 4691 559 4763 αὑτῷ
595 4693 692 4762 μὲν
730 4691 995 4761 ὑπάρχειν
1024 4690 1193 4758 ὄνομα
1240 4685 1467 4759 Ἰησοῦς,
1494 4687 1631 4758 ὅπερ
1670 4686 1841 4756 ἐρμη-

252 4785 473 4839 νεύεται
509 4784 656 4839 Θεοῦ
684 4782 965 4852 σωτηρία’
994 4781 1023 4834 ὃ
1047 4781 1139 4834 καὶ
1171 4780 1220 4832 οἱ
1255 4777 1396 4832 κατά
1434 4778 1613 4849 σάρκα
1670 4791 1841 4847 προσ-

254 4881 482 4948 ήκοντες
516 4876 659 4931 κατά
682 4875 772 4928 τὸν
806 4875 900 4928 τοῦ
939 4872 1176 4945 Γαϐριὴλ
1225 4870 1608 4942 χρηματισμὸν
1658 4869 1842 4921 ἐπιτε-

254 4970 501 5024 θείκασιν
528 4967 696 5039 αὑτῷ,
724 4966 1059 5037 ὑποθεμένου
1088 4965 1183 5018 καὶ
1214 4964 1310 5034 τὴν
1339 4961 1518 5017 αἰτίαν
1552 4960 1646 5015 τοῦ
1677 4960 1843 5031 ἀγγέ-

252 5063 348 5117 λου
385 5062 488 5133 τῆς
522 5061 774 5131 τοιαύτης
808 5057 1198 5130 προσηγορίας,
1239 5075 1258 5105 ι
1299 5053 1468 5119 Αὐτὸς
1511 5054 1620 5125 γὰρ
1654 5053 1837 5118 σώσει,

253 5155 413 5227 φησὶ,
446 5154 537 5208 τὸν
573 5153 698 5206 λαὸν
754 5149 915 5205 αὑτοῦ
952 5150 1059 5203 ἀπὸ
1093 5148 1203 5202 τῶν
1252 5146 1540 5219 ἁμαρτιῶν
1574 5146 1774 5200 αὑτῶν.
1815 5164 1833 5197 ι

1949 4683 2089 4753 quit,
2145 4681 2357 4735 salvum
2410 4677 2573 4733 faciet
2598 4677 2857 4748 populum
2891 4692 3052 4732 suum
3102 4691 3133 4730 a
3162 4677 3404 4748 peccatis
3432 4693 3525 4733 eo-

1949 4789 2069 4829 rum
2109 4773 2171 4827 ".
2214 4792 2232 4825 ι
2288 4770 2496 4824 Nomen
2548 4785 2678 4824 vero
2740 4767 2976 4823 ﬁliorum
3017 4782 3264 4832 suorum,
3325 4768 3526 4838 quibiis

1950 4865 2127 4918 dixit:
2155 4884 2172 4913 ι
2200 4860 2405 4925 Filioli,
2433 4860 2613 4915 adhuc
2648 4859 2922 4913 modicum
2959 4859 3241 4914 vobiscum
3283 4874 3404 4914 sum
3423 4859 3521 4921 ",p

1948 4970 2249 5026 eorumque
2302 4955 2394 5024 qui
2425 4961 2548 5023 post
2576 4967 2671 5007 eos
2704 4952 2759 5005 in
2791 4952 3051 5007 omnibus
3106 4950 3369 5007 Eeclcsiis
3421 4967 3524 5005 na-

1950 5059 2172 5104 scentur
2194 5045 2454 5108 ﬁliorum,
2482 5053 2534 5098 et
2561 5052 2919 5114 pronepotum
2937 5058 3128 5098 eorum
3152 5083 3166 5108 ,
3203 5044 3346 5113 quod
3375 5043 3523 5097 aliud

1945 5151 2112 5204 esset,
2143 5140 2249 5195 nisi
2285 5137 2632 5194 benedictum
2662 5136 2795 5191 illud
2820 5136 3179 5191 christianum
3216 5133 3457 5189 nomen?

252 5251 329 5305 Τὸ
360 5251 417 5304 δὲ
448 5251 556 5304 τῶν
603 5251 805 5304 τέκνων
863 5247 1028 5302 αὑτοῦ
1065 5246 1254 5317 ὄνομα,
1288 5239 1369 5308 οἷς
1404 5243 1577 5313 ἔλεγε,
1610 5261 1628 5294 ι
1664 5242 1894 5306 Τεκνία,
1919 5239 1997 5293 ἔτι
2035 5237 2229 5310 μικρὸν
2263 5234 2324 5306 (f.
2366 5234 2458 5306 27)
2486 5233 2677 5305 χρόνον
2722 5231 2840 5303 μεθ’
2870 5230 3024 5302 ὑμῶν
3053 5232 3187 5301 εἰμι,
3227 5247 3247 5280 ι
3276 5230 3371 5283 καὶ
3416 5229 3522 5284 τῶν

253 5350 375 5421 μετ’
403 5347 644 5410 ἐκείνους
668 5348 725 5400 ἐν
746 5345 982 5408 ἀπάσαις
1008 5345 1122 5406 ταῖς
1163 5339 1509 5413 Ἐκκλησίαις
1545 5339 1676 5393 υίῶν
1716 5355 1775 5392 τε
1827 5334 1991 5391 αὑτοῦ
2033 5335 2128 5388 καὶ
2169 5331 2376 5387 υἱωνῶν
2419 5333 2514 5384 καὶ
2552 5328 2864 5398 ἀπογόνων,
2902 5326 2956 5380 τί
2992 5325 3056 5379 ἂν
3088 5324 3214 5379 ἄλλο
3264 5323 3348 5395 εἴη
3387 5323 3441 5393 ἢ.
3462 5324 3526 5377 τὸ

249 5441 449 5513 εὑλογη
458 5441 616 5512 μένον
637 5441 949 5513 χριστιανὸν
978 5439 1147 5510 ὄνομα
1167 5455 1182 5503 ;

798 5532 1193 5586 ΚΕΦΑΛᾹΙΟΝ
1230 5530 1303 5585 Δ’.

634 5624 777 5691 Ἀπὸ
805 5624 910 5678 τοῦ
959 5620 1459 5690 Ἑκκλησιαστοῦ.

401 5716 626 5787 Ἀγαθός
675 5719 804 5781 παῖς
854 5716 1023 5787 πένης
1070 5715 1162 5769 καὶ
1206 5713 1367 5783 σοφὸς
1415 5711 1557 5781 ὑπὲρ
1613 5708 1837 5780 βασιλέα

332 5851 377 5883 ¹⁹
412 5852 427 5904 1
463 5853 588 5909 Cor.
624 5850 797 5916 1,.21.
873 5850 913 5880 ¹¹
954 5847 1098 5904 Psal.
1134 5863 1301 5903 vam
1324 5888 1337 5908 .
1375 5846 1443 5901 6..

250 5938 345 5987 ιν,
392 5922 446 5978 8.
545 5923 590 5955 “
630 5915 773 5979 Psal.
812 5935 973 5986 xvm,
1009 5921 1061 5975 4.
1160 5920 1200 5952 ³⁷
1244 5916 1431 5974 Matth.
1481 5933 1530 5980 ι,
1566 5915 1656 5970 2|.

1510 5845 1554 5877 ¹²
1593 5842 1790 5904 Ephes.
1826 5857 1915 5904 tv,
1953 5840 2040 5895 10.
2121 5835 2357 5891 ¹³ν1οθη.
2394 5851 2495 5903 xz,
2525 5834 2653 5889 H7.
2732 5832 2775 5865 ιδ
2810 5831 2930 5887 Act.
2997 5845 3049 5896 ε,
3083 5829 3137 5885 5.

1640 5859 1790 5915 pnes.
1826 5859 1915 5904 IV,
1953 5859 2040 5895 πυ.
2122 5859 2357 5891 ’σνδυειιμ
2396 5859 2495 5903 xx,
2527 5859 2537 5908 ξ

1643 5954 1656 5969 .
1773 5913 1816 5946 ¹⁸
1848 5910 2005 5968 Joan.
2040 5925 2177 5970 xm.
2213 5909 2299 5962 33.

2552 5511 2783 5569 CAPUT
2815 5509 2902 5564 IV.

2498 5605 2581 5659 Ex
2620 5605 2959 5659 Ecclesiaste.

2019 5724 2037 5755 ‹
2076 5703 2263 5759 Melior
2311 5709 2395 5757 est
2427 5715 2559 5771 puer
2589 5713 2797 5769 pauper
2820 5707 2873 5751 et
2896 5693 3118 5765 sapiens
3151 5708 3279 5765 rege
3314 5709 3447 5751 sene
3465 5702 3521 5750 et

3233 5829 3276 5862 "
3314 5828 3512 5901 Ephes.
