3868 6264
444 397 580 454 1127

1161 390 1429 447 EUSEBII
1467 391 1943 450 CESARIENSIS
1977 390 2127 449 OPP.
2166 390 2348 446 PARS
2374 389 2463 444 Ill.
2500 420 2573 433 --
2606 384 3014 443 EXEGETICA.

3510 384 3612 441 ιιιιι

444 511 632 573 stulto,
670 510 763 581 qui
799 508 976 564 nescit
1002 508 1302 579 prmvidere
1350 510 1403 564 in
1433 516 1735 579 posterum.
1765 509 1920 576 Quod
1944 508 2011 564 de

2136 507 2484 580 πρεσϐύτερον
2513 508 2606 560 καὶ
2635 507 2863 576 ἄφρονα,
2893 504 2950 567 ὃς
2978 502 3078 555 οῦκ
3115 500 3250 568 ἔγνω
3271 499 3358 555 τοῦ
3387 501 3612 571 προσέχειν

444 615 665 656 carcere
718 601 1035 669 catenisque
1082 600 1356 654 interdum
1403 602 1529 670 quis
1582 602 1897 671 egrediatur
1943 602 2011 656 ad

445 707 673 763 regnum
701 710 713 745 :
742 700 795 745 et
829 691 969 746 alius
1000 697 1164 746 natus
1194 692 1249 744 in
1281 706 1472 761 regno,
1506 692 1688 761 inopia
1722 707 2014 748 consuma-

445 796 551 840 tur.
594 782 715 838 Vidl
743 793 973 840 cunctos
1009 785 1273 844 viventes.
1315 784 1409 854 qui
1441 784 1721 838 ambulant
1769 784 1872 840 sub
1900 786 2015 841 sole

445 892 569 932 cum
616 875 963 932 adolescente
1015 877 1280 942 secundo,
1312 878 1405 949 qui
1444 886 1739 949 consurget
1782 893 1882 948 pro
1927 895 2014 935 eo.

445 968 695 1024 inﬁnitus
726 984 988 1024 numerus
1033 976 1116 1024 est
1146 969 1330 1040 p0pu|i
1361 970 1604 1023 omnium
1629 1008 1644 1033 ,
1668 970 1759 1041 qui
1797 970 2016 1026 fuerunt

447 1068 576 1116 ante
611 1076 735 1116 eum
770 1080 785 1116 :
818 1062 980 1131 etqui
1021 1068 1209 1132 postea
1241 1061 1409 1116 futuri
1441 1070 1590 1126 sunt,
1618 1077 1724 1116 non
1754 1062 2017 1117 laetabun-

450 1157 537 1204 tur
589 1150 643 1204 in
704 1165 789 1203 en.
837 1149 942 1205 Sed
1000 1151 1054 1203 in
1108 1150 1231 1214 hoc,
1263 1150 1478 1206 vanitas
1521 1158 1577 1206 et
1606 1150 1826 1205 afﬂictio
1856 1152 2018 1222 spiri-

448 1250 540 1297 tus
568 1242 632 1297 “.
675 1240 846 1296 »Ουιιι
877 1240 1150 1303 Christus.
1183 1243 1274 1310 qui
1312 1260 1330 1292 ι
1368 1243 1635 1312 sapientia
1663 1243 1759 1298 Dei
1790 1244 1834 1274 ²⁶
1868 1262 1887 1296 ι
1913 1251 2017 1310 est,

450 1346 549 1403 pro
580 1331 736 1388 nobis
770 1330 1123 1395 mendicavit,
1155 1330 1309 1387 dives
1358 1333 1504 1395 licet,
1536 1333 1667 1386 mibi
1702 1334 1916 1389 videtur
1954 1336 2022 1389 de

451 1439 517 1479 eo
539 1424 687 1478 dici:
732 1442 750 1474 ι
798 1422 986 1478 Melior
1025 1433 1109 1478 est
1146 1438 1281 1495 puer
1313 1439 1520 1493 pauper
1557 1434 1610 1478 et
1647 1426 1866 1495 sapiens
1898 1441 2023 1496 rege

454 1531 585 1573 sene
623 1525 674 1569 et
724 1518 915 1578 stulto,
952 1535 969 1567 ι
1004 1532 1166 1586 quem
1200 1530 1400 1570 censeo
1431 1516 1870 1587 antiquissimum
1912 1533 2025 1571 ma-

453 1607 631 1662 lorum
660 1606 869 1660 dierum
900 1621 1021 1660 esse
1037 1605 1335 1660 diabolum.
1366 1604 1464 1659 llic
1486 1622 1677 1676 nempe
1702 1608 1768 1662 iis
1796 1623 1888 1662 rex
1916 1616 2020 1670 est,

453 1700 548 1772 qui
577 1708 801 1769 peccato
831 1713 926 1768 per
947 1714 1070 1753 eum
1104 1698 1159 1752 in
1182 1699 1313 1753 orbe
1346 1697 1545 1753 diﬂ'uso
1577 1709 1863 1769 reguntur;
1896 1702 2027 1757 stul-

453 1798 545 1847 tus
582 1806 709 1844 vero
738 1829 753 1855 ,
796 1800 853 1843 ιιι
884 1790 974 1860 qui
1009 1792 1214 1860 optima
1246 1796 1548 1845 secundum
1588 1789 1759 1847 Deum
1790 1794 2027 1864 pruden-

454 1885 528 1938 tia
577 1890 781 1939 careat.
823 1881 915 1938 Ille
955 1891 1134 1936 autem
1170 1883 1485 1952 praecitatus
1522 1901 1540 1934 ι
1589 1899 1723 1953 puer
1748 1894 2026 1955 pauperet
2056 1875 2099 1930 Β

453 1977 674 2048 sapiens
700 1976 767 2030 de
796 1991 1037 2039 carcere,
1071 1995 1089 2027 ι
1119 1976 1235 2030 sive
1266 1976 1333 2031 de
1358 1977 1462 2032 hoc
1494 1978 1747 2033 terrestri
1775 1979 1918 2042 loco,
1950 1980 2026 2034 si-

453 2084 520 2125 ve
543 2069 610 2124 de
630 2069 864 2134 inferno,
896 2083 926 2121 a
955 2070 1186 2124 mortuis
1208 2085 1496 2140 resurgens
1523 2085 1779 2140 egressus
1804 2078 1888 2125 est
1912 2068 2022 2124 Rex

455 2177 487 2217 ιι
509 2161 671 2216 Patre
699 2177 866 2232 super
899 2162 1176 2217 emlestem
1200 2162 1332 2217 Sion
1360 2171 1598 2218 montem
1634 2161 1728 2219 Dei
1758 2164 2028 2218 constitu-

457 2263 549 2310 tus
569 2256 636 2318 “,
677 2262 731 2309 et
782 2255 836 2308 in
889 2255 1009 2324 ipso
1067 2270 1235 2326 regno
1277 2258 1400 2327 ejus
1439 2257 1619 2312 factus
1664 2264 1749 2312 est
1799 2271 2024 2327 pauper,

463 2367 485 2402 ι
525 2363 633 2403 non
657 2348 900 2417 rapinam
931 2348 1229 2404 arbitratus
1249 2365 1371 2405 esse
1408 2365 1467 2405 se
1493 2350 1754 2420 aqualem
1782 2348 1892 2404 Deo
1909 2352 1976 2413 “,
2003 2368 2021 2401 ι

457 2441 552 2497 sed
582 2440 824 2511 seipsqu
861 2439 1182 2504 humilians,
1215 2450 1270 2496 et
1299 2441 1367 2497 de
1396 2442 1663 2497 altissima
1692 2441 2029 2498 descendens

457 2530 653 2602 gloria,
687 2540 908 2602 propter
950 2546 1046 2586 eos
1080 2532 1173 2602 qui
1226 2532 1508 2602 sapientiae
1551 2533 1673 2601 ejus
1715 2533 2026 2588 divitiarum

458 2623 755 2694 participes
779 2639 887 2678 non
915 2631 1091 2680 erant.
1113 2622 1217 2691 Qui
1249 2632 1431 2679 autem
1462 2623 1726 2680 adversus
1748 2641 1871 2679 eum
1906 2641 2030 2680 sur-

460 2716 669 2772 rexisse
709 2716 910 2771 dicilur
960 2719 1235 2772 secundus
1275 2717 1616 2779 adolescens,
1658 2716 2029 2772 Antichristus

460 2822 584 2865 esse
624 2810 754 2863 mibi
801 2808 1038 2873 videtur,
1071 2825 1308 2880 quocum
1342 2824 1533 2864 omnes
1561 2811 1669 2877 sub
1704 2810 1818 2865 sole
1844 2810 2031 2864 viven-

464 2908 549 2955 tes
573 2907 628 2954 et
658 2900 1001 2955 ambulantes
1047 2899 1253 2955 vidisse
1285 2899 1420 2954 dicit
1460 2898 1763 2969 Scriptura.
1797 2898 2029 2965 Quinam

462 2995 595 3046 vero
623 2992 713 3046 isti
742 2998 892 3054 sunt,
921 2990 1029 3045 nisi
1056 2998 1429 3061 quotcunque,
1479 3005 1599 3059 quae
1634 2991 1739 3044 sub
1768 2990 1882 3044 sole
1909 3004 2031 3045 esse

463 3074 689 3142 dicitur,
726 3096 744 3128 ι
784 3076 1084 3132 vanitatem
1122 3076 1424 3130 vanitatum
1450 3094 1469 3126 ι
1506 3075 1737 3145 amplexi
1766 3075 1940 3131 sunt?

1092 3348 1320 3406 CAPUT
1364 3348 1429 3405 Υ.

1030 3442 1115 3497 Ea:
1137 3442 1475 3501 Ecclesiaste.

545 3555 567 3594 ι
597 3535 748 3593 lianc
776 3552 993 3608 quoque
1032 3537 1136 3592 sub
1175 3537 1291 3591 sole
1316 3536 1427 3590 vidi
1458 3535 1803 3607 sapientiam,
1830 3543 1885 3593 et
1912 3551 2040 3607 pro-

468 3630 593 3688 bavi
621 3630 934 3685 maximam.
972 3626 1180 3683 Civitas
1207 3642 1393 3698 parva,
1422 3635 1476 3682 et
1513 3630 1670 3697 pauci
1701 3628 1756 3682 in
1787 3642 1853 3682 ea
1890 3628 1993 3686 viri
2023 3647 2035 3681 :

469 3721 621 3777 venit
650 3728 843 3776 contra
874 3734 994 3774 eam
1038 3736 1131 3774 rex
1168 3734 1421 3790 magnus,
1453 3727 1506 3775 et
1533 3720 1755 3774 vallavit
1775 3736 1916 3785 eam,
1944 3737 2041 3776 ειη

471 3813 781 3883 struxitque
830 3813 1166 3867 munitiones
1211 3827 1306 3883 per
1353 3826 1566 3883 gyrum,
1594 3820 1647 3867 et
1693 3811 1932 3883 perfecta
1959 3820 2042 3869 est

470 3908 706 3964 obsidio.
731 3906 1098 3976 lnventnsque
1114 3916 1197 3961 est
1223 3907 1278 3959 in
1296 3922 1357 3961 ea
1382 3906 1463 3959 vir
1486 3921 1690 3976 pauper
1716 3914 1770 3960 et
1796 3907 2038 3976 sapiens,

471 4008 526 4057 et
556 4000 806 4054 liberavit
849 3998 1040 4052 urbem
1071 4013 1169 4067 per
1196 3998 1519 4067 sapientiam
1551 4012 1728 4062 suam,
1763 4007 1818 4052 et
1862 4000 2042 4056 nullus

474 4090 733 4159 deinceps
761 4089 1083 4144 recordatus
1108 4095 1192 4143 est
1237 4088 1473 4142 hominis
1505 4088 1653 4143 illius
1674 4090 1950 4160 pauperis.
1979 4091 2045 4145 Et

473 4182 721 4239 dicebam
749 4197 851 4251 ego
878 4181 1156 4236 meliorem
1185 4195 1305 4235 esse
1331 4181 1650 4250 sapientiam
1684 4180 2000 4238 fortitudine
2027 4204 2040 4238 :

476 4274 752 4346 quomodo
774 4290 905 4346 ergo
932 4276 1201 4345 sapientia
1235 4276 1493 4347 pauperis
1530 4284 1843 4347 contempta
1863 4287 1968 4341 est,
1992 4287 2045 4333 et

476 4371 641 4428 verba
672 4369 792 4440 ejus
822 4384 928 4423 non
950 4378 1080 4424 sunt
1109 4368 1294 4423 audita
1317 4370 1387 4423 "1'
1424 4388 1440 4421 ι
1476 4366 1578 4434 Qui
1608 4368 1694 4423 hic
1726 4369 1863 4424 bella
1885 4370 2045 4439 gerit,

2113 599 2213 655 ἔτι.
2252 600 2373 652 ’Ὁτι
2406 599 2464 665 ἐξ
2488 597 2635 650 οίκου
2668 595 2900 667 δεσμίων
2937 592 3267 658 ἐξελεύσεται
3300 589 3387 645 τοῦ
3419 591 3603 661 βασιλεῦ-

2114 708 2224 755 σαι,
2256 692 2339 744 ὅτι
2372 690 2464 744 καί
2505 705 2569 757 γε
2611 690 2667 741 ὲν
2712 687 2957 758 βασιλείᾳ
2998 683 3161 739 αὐτοῦ
3209 682 3425 754 ἐγενήθη
3472 683 3618 755 πένης.

2114 781 2266 836 Εἶδον
2303 782 2617 853 σύμπαντας
2657 781 2781 843 τοὺς
2831 778 3038 843 ζῶντας
3081 776 3207 839 τοὺς
3256 774 3619 858 περιπατοῦντας

2114 872 2219 926 ὑπὸ
2245 872 2337 925 τὸν
2365 871 2514 942 ἥλιον
2557 868 2693 941 μετά
2736 867 2832 921 τοῦ
2876 868 3154 921 νεανίσκου
3187 864 3277 918 τοῦ
3324 865 3559 936 δευτέρου,
3580 866 3620 928 ὃς

2115 966 2478 1036 ἀναστήσεται
2499 965 2614 1018 ἀντ’
2639 961 2822 1017 αὐτοῦ.
2848 962 2962 1014 Ούκ
2989 961 3101 1013 ἐστι
3126 958 3393 1031 περασμὸς
3416 958 3482 1029 τῷ
3504 962 3620 1012 παντὶ

2117 1058 2232 1129 λαῷ
2261 1061 2371 1123 τοῖς
2404 1059 2589 1121 πᾶσιν,
2623 1058 2737 1110 ὅσοι
2759 1056 3006 1125 ἐγένοντο
3035 1052 3337 1125 ἔμπροσθεν
3362 1053 3533 1106 αὐτῶν
3559 1056 3624 1108 καί

2117 1168 2181 1220 γε
2207 1153 2255 1204 oi
2290 1150 2504 1221 ἔσχατοι
2544 1149 2643 1203 οὐκ
2689 1146 3152 1219 εὐφρανθήσονται
3189 1146 3246 1198 ὲν
3275 1143 3432 1214 αὐτῷ,
3462 1146 3530 1198 δτι
3561 1146 3627 1199 καί

2119 1262 2183 1313 γε
2238 1244 2397 1298 τοῦτο
2452 1242 2753 1314 ματαιότης
2791 1242 2884 1294 καὶ
2936 1239 3254 1312 προαίρεσις
3302 1227 3627 1307 πνεύματος.»

2133 1336 2283 1389 Ἐπεὶ
2310 1334 2542 1407 Χριστὸς
2572 1353 2590 1385 ι
2624 1333 2785 1402 σοφία
2808 1332 2941 1385 Θεοῦ
2973 1352 2991 1384 ι
3009 1329 3107 1395 ῶν,
3126 1329 3192 1383 δι’
3219 1330 3361 1400 ἡμᾶς
3380 1327 3631 1399 ἐπτώχευσε

2124 1428 2375 1491 πλούσιος
2404 1425 2500 1491 ῶν,
2529 1422 2682 1497 οἶμαι
2715 1426 2841 1497 περὶ
2870 1424 3030 1479 αὐτοῦ
3062 1423 3318 1492 λέγεσθαι
3345 1422 3418 1486 τὸ,
3453 1440 3468 1471 ι
3511 1423 3632 1489 Ἄγα-

2124 1519 2215 1583 θὸς
2239 1523 2366 1583 παῖς
2400 1520 2567 1590 πένης
2600 1519 2693 1571 καὶ
2718 1518 2878 1588 σοφὸς
2896 1516 3036 1588 ὑπὲρ
3076 1515 3297 1585 βασιλέα
3329 1513 3634 1587 πρεσϐύτερον

2123 1613 2219 1665 καὶ
2264 1612 2492 1684 ἄφροναο
2542 1630 2559 1661 ι
2596 1609 2653 1662 ὃν
2686 1609 2888 1681 νομίζω
2934 1602 3073 1662 εἶναι
3122 1608 3215 1661 τὸν
3253 1605 3636 1676 πεπαλαιωμένον

2125 1702 2344 1774 ἡμερῶν
2376 1701 2558 1756 κακῶν
2598 1702 2876 1756 διάϐολονο
2909 1701 2967 1764 ὃς
3004 1699 3249 1771 βασιλεὺς
3293 1698 3388 1769 μέν
3425 1701 3525 1751 ἐστι
3561 1697 3638 1751 τῶν

2130 1795 2555 1866 βασιλευομένων
2571 1794 2675 1847 ὑπὸ
2696 1793 2796 1863 τῆς
2812 1791 3209 1863 ἐνεργουμένης
3234 1791 3323 1843 ὑπ’
3342 1789 3493 1843 αὑτοῦ
3510 1791 3640 1861 ἀμαρι

2126 1888 2264 1953 τίσις,
2292 1888 2480 1959 ἄφρων
2512 1905 2576 1957 γε
2610 1886 2713 1958 μὴν
2746 1886 2834 1939 διὰ
2870 1886 2930 1939 τὸ
2959 1884 3282 1958 ἐστερῆσθαι
3309 1883 3405 1952 τῆς
3439 1881 3641 1953 ἐναρέτου

2127 1982 2219 2035 καὶ
2251 1980 2391 2035 κατά
2416 1980 2548 2034 Θεὸν
2581 1982 2915 2053 φρονήσεως⁸
2950 1981 2980 2032 6
3008 1979 3065 2031 δὲ
3087 1975 3472 2049 προειρημένος
3493 1993 3509 2025 ι
3541 1975 3643 2042 ἀγα-

2129 2072 2219 2136 θὸς
2261 2073 2356 2127 καὶ
2404 2073 2563 2142 σοφὸς
2599 2076 2746 2137 παῖς,
2791 2071 2849 2138 ἐξ
2891 2070 3038 2125 οἴκου
3092 2069 3350 2140 δεσμίων,
3388 2087 3406 2120 ι
3441 2069 3541 2138 ήτοι
3575 2065 3644 2119 τοῦ

2129 2166 2404 2238 περιγείου
2434 2168 2619 2231 τόπου,
2646 2168 2764 2237 ἦτοι
2783 2165 2891 2219 τῶν
2940 2167 2995 2218 ὲν
3020 2164 3158 2236 ’ᾼδῃ
3188 2161 3416 2233 χωρίων,
3434 2158 3559 2213 κατὰ
3576 2159 3645 2229 τὴν

2126 2260 2193 2313 ἐκ
2219 2258 2427 2331 νεκρῶν
2445 2261 2739 2313 ἀνάστασιν
2767 2255 3041 2329 προελθὼν
3063 2254 3325 2316 Βασιλεὺς
3352 2253 3451 2305 ὑπὸ
3473 2249 3552 2304 τοῦ
3568 2251 3646 2302 Πα-

2126 2350 2255 2423 τρὸς
2279 2351 2373 2403 ἐπὶ
2399 2349 2537 2404 Σιὼν
2563 2350 2623 2403 τὸ
2652 2349 2972 2421 ἐπουράνιον
2998 2348 3123 2419 ὅρος
3158 2345 3255 2400 τοῦ
3285 2344 3415 2398 Θεοῦ
3438 2343 3648 2410 κατέστη,

2130 2444 2223 2498 καὶ
2249 2445 2306 2496 ὲν
2332 2444 2469 2514 αὐτῇ
2489 2446 2554 2514 τῇ
2598 2441 2844 2513 βασιλείᾳ
2876 2440 3038 2495 αὐτοῦ
3072 2437 3305 2509 ἐγενήθη
3332 2437 3508 2506 πένης,
3534 2452 3550 2483 ι
3581 2433 3650 2501 οὐχ

2132 2535 2422 2607 ἁρπαγμὸν
2447 2534 2747 2606 ἡγούμενος
2774 2535 2835 2587 τὸ
2868 2527 3003 2587 εἶναι
3036 2531 3124 2584 ῐσα
3152 2529 3296 2601 Θεῷ,
3326 2549 3344 2582 ι
3380 2528 3483 2582 ἀλλ’
3508 2525 3652 2579 ἑαυτὸν

2128 2627 2397 2682 ταπεινῶν
2426 2626 2639 2694 καὶτῆς
2668 2626 2925 2679 ἀνωτάτω
2950 2624 3110 2694 δόξης
3153 2620 3576 2675 ὑποκαταϐαίνων
3591 2618 3653 2670 διὰ

2130 2720 2255 2782 τοὺς
2283 2719 2356 2790 μὴ
2378 2717 2683 2791 χωροῦντας
2712 2709 2875 2770 αὑτοῦ
2901 2719 2991 2770 τὸν
3018 2716 3118 2786 τῆς
3141 2714 3335 2784 σοφίας
3355 2712 3571 2767 πλοῦτον·
3589 2709 3656 2762 τὸν

2130 2811 2174 2864 δ’
2207 2812 2328 2865 ἀντὶ
2355 2810 2543 2887 τούτου
2569 2809 2858 2881 λεγόμενον
2891 2807 3292 2879 ἀναστήσεσθαι
3325 2805 3552 2876 δεύτερον
3566 2817 3654 2887 vsa:

2131 2902 2332 2966 νίσκον,
2367 2903 2457 2956 τὸν
2495 2902 2859 2973 Ἀντίχριστον
2900 2897 3040 2956 εῖναι
3079 2899 3461 2971 ὑπολαμϐάνω,
3491 2893 3587 2967 μεθ’
3614 2885 3659 2944 οὗ

2134 2993 2457 3064 σύμπαντας
2504 2995 2629 3057 τοὺς
2658 2994 2762 3046 ὑπὸ
2801 2993 2891 3046 τὸν
2922 2992 3070 3063 ἥλιον
3104 2992 3317 3057 ζῶντας
3360 2991 3450 3044 καὶ
3477 3000 3657 3057 rapim-

2131 3085 2356 3149 τοῦντας
2379 3087 2679 3156 ἑωρακέναι
2707 3086 2871 3157 φησιν
2893 3088 2921 3139 6
2949 3085 3125 3154 λόγος·
3153 3085 3305 3149 τίνες
3333 3085 3377 3138 δ’
3400 3084 3462 3137 ἂν
3486 3079 3578 3135 εἷεν
3599 3075 3660 3135 οὖα

2064 3180 2106 3238 C
2139 3195 2239 3242 τοι,
2262 3178 2297 3249 ἢ
2325 3177 2525 3242 πάντες
2548 3177 2599 3229 οἱ
2626 3177 2978 3248 περιέποντες
3004 3175 3101 3248 τὴν
3130 3177 3240 3229 ὑπὸ
3266 3177 3358 3230 τὸν
3392 3175 3530 3245 ἥλιον
3554 3173 3661 3241 λεγο

2140 3268 2307 3341 μένην
2344 3289 2361 3322 ι
2402 3270 2753 3340 Ματαιότητα
2788 3270 3191 3340 ματαιοτήτωνς
3247 3289 3265 3320 ι

2662 3363 3055 3419 ΚΕΦΑΛΛῘΟΝ
3106 3362 3183 3415 E'.

2532 3457 2635 3511 Ἐκ
2675 3455 2781 3511 τοῦ
2828 3454 3336 3522 Ἐκκλησιαστοῦ.

2214 3567 2233 3600 ‹
2281 3548 2390 3603 Καί
2434 3565 2499 3617 γε
2544 3548 2701 3601 τοῦτο
2731 3542 2868 3600 εἶδον
2912 3546 3103 3616 σοφίαν
3136 3545 3244 3599 ὑπὸ
3290 3544 3382 3598 τὸν
3418 3545 3569 3615 ἥλιον,
3599 3539 3664 3594 καὶ

2144 3638 2350 3711 μεγάλη
2406 3640 2523 3692 ἐστὶ
2561 3638 2698 3710 πρὸς
2749 3638 2835 3709 μέ.
2868 3638 3028 3702 Πόλις
3080 3639 3255 3709 μικρά
3311 3638 3406 3692 καὶ
3443 3637 3605 3707 ἄνδρες
3628 3637 3667 3686 ὲν

2140 3733 2275 3802 αὐτῇ
2307 3731 2499 3800 ὀλίγοι,
2535 3733 2626 3784 καὶ
2660 3729 2788 3803 ἔλθῃ
2814 3732 2892 3793 είς
2921 3729 3088 3801 αὐτὴν
3113 3730 3367 3799 βασιλεὺς
3397 3729 3569 3799 μέγας,
3601 3725 3667 3777 καὶ

2141 3822 2411 3878 κυκλώσει
2439 3824 2630 3892 αὐτὴν,
2665 3822 2760 3876 καὶ
2792 3821 3132 3893 οἰκοδομήσει
3158 3822 3247 3874 ἐπ’
3288 3821 3454 3892 αὐτὴν
3476 3821 3668 3891 χάρακας

2146 3918 2417 3990 μεγάλους
2438 3935 2451 3947 ·
2491 3917 2587 3970 καὶ
2624 3915 2759 3986 εῦρῃ
2793 3918 2850 3967 έν
2877 3916 3016 3985 αὑτῇ
3049 3914 3220 3985 ἄνδρα
3266 3913 3471 3986 πένητα
3509 3910 3586 3963 καὶ
3608 3923 3668 3961 σοι

2144 4012 2263 4082 φὺν,
2292 4012 2385 4065 καὶ
2425 4008 2679 4064 διασώσει
2712 4008 2876 4070 αὐτὸς
2917 4007 3013 4078 τὴν
3041 4006 3195 4060 πόλιν
3235 4009 3295 4061 ὲν
3321 4010 3388 4078 τῇ
3426 4005 3570 4075 σοφίᾳ
3601 4003 3669 4053 αὺ-

2142 4101 2259 4166 τοῦ,
2301 4102 2394 4155 καὶ
2419 4099 2704 4173 ἄνθρωπος
2743 4097 2844 4150 οὐκ
2864 4096 3107 4169 ἐμνήσθη
3149 4096 3245 4150 τοῦ
3276 4097 3465 4168 ἀνδρὸς
3491 4094 3570 4146 τοῦ
3600 4090 3669 4143 ﬁo

2144 4210 2303 4265 νητος
2344 4193 2576 4246 ἐκείνου.
2626 4190 2734 4244 Καὶ
2766 4185 2895 4243 εἶπα
2932 4188 3063 4257 ἐγὼ,
3121 4189 3328 4260 Ἀγαθὴ
3375 4188 3526 4257 σοφία
3567 4183 3671 4251 ὑπὲρ

2143 4284 2390 4356 δύναμιν·
2424 4285 2517 4337 καὶ
2559 4282 2721 4351 σοφία
2759 4280 2854 4334 τοῦ
2904 4282 3131 4350 πένητος
3170 4280 3576 4350 ἑξουδενωμένη,
3605 4274 3670 4327 καὶ

2145 4376 2291 4446 λόγοι
2337 4373 2499 4428 αὐτοῦ
2544 4374 2643 4427 οὑκ
2686 4373 2824 4427 εἰσὶν
2850 4373 3187 4443 ἀκουόμενοι.
3230 4393 3249 4426 ι
3299 4373 3449 4426 Ἐπεὶ
3489 4370 3571 4423 καὶ
3611 4369 3672 4419 ὲν-

477 4478 574 4519 rex
603 4460 841 4529 dicitur;
867 4468 921 4515 et
940 4461 1031 4530 qui
1055 4460 1126 4515 ab
1168 4476 1234 4516 eo
1271 4470 1631 4530 expugnatam
1673 4460 1876 4515 salvam
1919 4460 2032 4515 fecit

2147 4466 2320 4520 ταῦθα
2356 4467 2385 4517 6
2416 4464 2512 4536 μὲν
2538 4464 2608 4518 τὰ
2632 4464 2725 4517 τοῦ
2760 4463 2996 4534 πολέμου
3031 4461 3270 4534 ἐνεργῶν
3305 4461 3545 4533 βασιλεὺς
3567 4453 3672 4510 εἶναι

478 4557 691 4620 urbem,
716 4554 799 4608 vir
827 4569 1034 4625 pauper
1070 4561 1125 4608 et
1151 4554 1403 4623 sapiens;
1429 4552 1484 4606 in
1507 4550 1831 4620 praecedenti
1865 4558 2044 4605 autem

480 4645 659 4716 capite
686 4661 731 4698 ει
755 4643 1048 4705 Meliorest
1066 4659 1201 4716 puer
1228 4658 1434 4714 pauper
1455 4649 1509 4698 et
1533 4642 1751 4712 sapiens
1767 4658 1891 4714 rege
1920 4659 2051 4698 sene

483 4746 539 4793 et
559 4738 751 4801 stulto,
784 4755 804 4788 ι
845 4736 992 4806 quod
1012 4736 1358 4806 interpretati
1383 4750 1575 4791 sumus
1600 4735 1826 4789 stultum
1866 4749 2047 4805 regem

481 4846 606 4888 esse
642 4830 938 4892 diabolum,
964 4843 1256 4898 pauperem
1305 4842 1457 4891 vero,
1507 4827 1919 4898 sapientemque
1965 4843 2052 4883 se-

486 4925 665 4995 ipsum
722 4922 1041 4979 exinaniens
1076 4921 1493 4991 memiicumque
1550 4908 1772 4990 propter
1833 4935 1935 4977 nos
1971 4920 2053 4973 fa-

484 5030 634 5076 ctum
687 5018 781 5073 Dei
823 5018 1085 5074 Verbum.
1136 5014 1347 5070 Idcirco
1398 5013 1565 5084 priori
1617 5013 2051 5085 interpretationi

487 5120 689 5169 nostra
714 5117 1101 5181 congruenter,
1128 5123 1238 5163 non
1277 5107 1441 5160 alium
1468 5121 1590 5160 esse
1612 5104 1902 5174 Opinamur
1932 5104 2050 5159 bel-

489 5204 654 5257 licum
694 5201 787 5271 qui
839 5199 928 5255 hic
952 5197 1285 5255 describitur
1313 5210 1517 5268 regem,
1548 5211 1613 5250 ac
1667 5196 1818 5250 illum
1871 5210 2053 5265 regem

489 5296 740 5348 stultum.
794 5289 1057 5346 Similiter
1083 5290 1178 5360 qui
1223 5289 1440 5361 propria
1472 5287 1736 5358 sapientia
1780 5301 2056 5358 expugna-

487 5393 596 5439 tam
624 5393 810 5442 servat
829 5384 1043 5447 urbem,
1058 5383 1200 5437 idem
1218 5394 1300 5437 est
1324 5397 1387 5436 ac
1407 5382 1497 5436 ille
1513 5396 1719 5451 pauper
1740 5387 1794 5435 et
1810 5383 2051 5449 sapiens,

489 5491 652 5543 quem
683 5475 922 5531 diximus
967 5490 1091 5532 esse
1145 5474 1449 5529 Christum.
1493 5471 1600 5539 Qui
1642 5476 1786 5526 enim
1830 5486 2053 5541 parvam

493 5569 706 5635 urbem,
738 5569 884 5624 hunc
906 5570 1118 5623 scilicet
1148 5576 1464 5622 terrestrem
1496 5567 1699 5628 locum,
1737 5565 1784 5619 si
1808 5579 1931 5618 cum
1963 5579 2055 5618 or-

493 5655 559 5711 be
584 5657 839 5715 universo
867 5659 1144 5728 conferas,
1164 5659 1571 5725 brevissimum,
1603 5671 1905 5727 omnesque
1933 5669 2052 5710 eam

563 5808 610 5843 "4
646 5817 823 5871 Eccle.
861 5828 942 5868 tv.
979 5812 1165 5871 ιδ’-ιδ.
1244 5815 1289 5848 ὀ
1326 5813 1348 5869 1
1380 5812 1508 5870 Cor.
1547 5813 1728 5885 1,34.
1802 5813 1848 5845 ’ί
1872 5809 2019 5868 Psal.

2153 5807 2211 5868 6.
2287 5798 2590 5878 “Philipp.
2628 5824 2701 5878 ιι,
2735 5818 2789 5865 ti.

2150 4561 2383 4629 λέγεται,
2409 4560 2439 4611 6
2465 4558 2521 4611 δὲ
2564 4557 2839 4621 διασώζων
2873 4556 2971 4625 τὴν
3014 4556 3119 4609 ὑπὸ
3166 4555 3361 4609 τούτου
3410 4553 3672 4621 πολιορκου-

2155 4652 2320 4723 μένην
2346 4650 2498 4704 πόλιν
2526 4650 2666 4721 ἀνὴρ
2689 4649 2856 4720 πένης
2893 4649 2987 4701 καὶ
3016 4648 3196 4717 σοφός·
3231 4646 3515 4719 λεγομένου
3540 4643 3588 4696 δὲ
3604 4637 3671 4694 καὶ

2152 4744 2210 4796 ὲν
2242 4741 2323 4812 τῷ
2353 4742 2458 4812 πρὸ
2486 4740 2674 4795 τούτου
2705 4737 2984 4809 κεφαλαίῳ
3019 4738 3134 4802 τοῦ,
3177 4738 3407 4807 Ἀγαθὸς
3432 4737 3582 4804 πένης
3606 4726 3671 4783 καὶ

2154 4832 2467 4903 σοφὸςύπὲρ
2479 4831 2699 4902 βασιλέα
2725 4830 3091 4901 πρεσϐύτερον
3115 4830 3209 4883 καὶ
3228 4830 3457 4900 ἄφρονα,
3475 4845 3492 4877 ι
3506 4824 3583 4876 τὸν
3603 4817 3670 4891 μὲν

2153 4926 2362 4997 ἄφρονα
2414 4924 2638 4995 βασιλέα
2677 4923 2766 4976 τὸν
2803 4921 3047 4977 διάὃολον
3097 4921 3474 4993 ὲξειλήφαμεν,
3519 4917 3595 4969 τὸν
3631 4910 3671 4963 δὲ

2154 5018 2359 5088 πένητα
2389 5019 2482 5071 καὶ
2516 5016 2675 5084 σοφὸν
2699 5014 2789 5068 τὸν
2812 5014 2878 5068 δι’
2901 5016 3046 5086 ἡμᾶς
3075 5014 3263 5067 ἑαυτὸν
3294 5011 3585 5067 κενώσαντα
3605 5001 3670 5059 γεῖ

2156 5108 2548 5179 πτωχεύσαντα
2590 5107 2683 5162 τοῦ
2717 5107 2851 5161 Θεοῦ
2896 5109 3094 5176 Λόγον·
3126 5106 3318 5160 τούτου
3342 5105 3405 5175 δὴ
3434 5104 3577 5176 χάριν
3604 5094 3671 5152 ui

2155 5202 2224 5256 τὰ
2259 5200 2593 5273 προκείμενα
2631 5197 3104 5271 ὲσημειωσάμεθα,
3135 5199 3234 5251 οὐκ
3271 5196 3430 5250 ἄλλον
3469 5189 3590 5246 εἶναι
3618 5201 3671 5238 νον

2161 5292 2404 5363 μίζοντες
2435 5291 2525 5344 τὸν
2563 5289 2746 5344 ἐνθάδε
2779 5289 3204 5361 διαγραφόμενον
3253 5283 3535 5358 πολεμικὸν
3560 5279 3671 5350 βασιο

2158 5383 2253 5437 λέα
2285 5385 2344 5454 (f.
2379 5383 2446 5436 27
2480 5384 2556 5454 v°)
2589 5382 2682 5436 τοῦ
2712 5383 2828 5435 ἐκεῖ
2853 5382 3142 5453 λεγομένου
3171 5378 3432 5451 βασιλέως
3467 5375 3670 5444 ἄφρονος

2157 5474 2416 5537 ὡσαύτως
2437 5474 2495 5527 δὲ
2523 5473 2613 5527 τὸν
2642 5472 2874 5527 ἐνταῦθα
2900 5470 3229 5534 διασῴζοντα
3255 5472 3323 5541 τῇ
3355 5465 3533 5522 ἑαυτοῦ
3552 5457 3669 5529 σοφίὲ

2159 5565 2255 5637 τὴν
2284 5565 2746 5637 πολιορκουμένην
2775 5564 2928 5618 πόλιν
2959 5564 3051 5617 τοῦ
3087 5566 3202 5618 ἐκεῖ
3234 5564 3458 5633 πένητος
3492 5555 3572 5610 καὶ

2161 5634 2284 5725 φοῦ,
2312 5654 2370 5707 ὃν
2400 5634 2655 5727 ἔλέγομεν
2699 5634 2837 5709 εἶναι
2878 5655 2969 5709 τὸν
3005 5654 3261 5732 Χριστόνο
3296 5652 3356 5717 ὃς
3381 5652 3474 5724 τὴν
3514 5634 3669 5718 μικρὰν

2899 5810 2946 5845 ⁸⁸
2972 5808 3151 5868 Eccle.
3184 5823 3257 5866 lx.
3287 5805 3466 5863 i346.
