3868 6264
466 294 594 349 1131

1144 262 1431 339 'Eusesu
1473 278 1947 337 CIESARIENSIS
1985 277 2032 334 o

2131 272 2357 330 {PARS
2391 271 2484 330 ΙΙΙ.
2527 304 2596 315 -
2626 271 3032 328 EXEGETICA.

3520 275 3625 336 lli!

465 423 586 483 quae
611 417 664 465 et
712 408 910 461 multas
952 405 1061 475 jam
1110 400 1502 455 elucidationes
1542 405 1836 453 consecuta
1881 402 2031 460 sunt,

2136 393 2239 447 δων
2275 393 2368 447 καὶ
2411 392 2661 445 νεανίδων
2699 391 2990 462 διαφορᾶς,
3036 387 3128 442 καὶ
3172 388 3267 441 ὅσα
3315 388 3434 443 ἄλλα
3473 393 3626 447 ἐναπο-

464 509 520 559 et
550 500 619 558 ab
646 495 1015 570 impigerrimo
1055 495 1361 549 divinarum
1419 486 1827 561 Scripturarum
1860 489 2022 543 inter-

465 602 615 666 prete
651 588 1056 649 commentariis
1083 581 1527 642 illustrata'snnt.

1052 853 1279 910 CAPUT
1311 851 1421 907 VII.

1140 968 1185 1023 E
1213 967 1337 1023 Job.

522 1081 681 1139 ‘lnter
711 1083 816 1138 alia
845 1082 947 1139 Job
976 1083 1090 1139 haec
1134 1082 1199 1138 de
1230 1082 1461 1138 Domino
1490 1079 1621 1136 dicit
1653 1098 1667 1134 :
1705 1097 1723 1129 ι
1759 1077 1860 1144 Qui
1893 1090 2030 1148 pra:-

462 1179 596 1250 cipit
628 1178 755 1242 soli,
786 1185 841 1232 et
881 1192 991 1232 non
1025 1176 1241 1230 oritur:
1292 1182 1347 1230 et
1389 1173 1574 1229 stellas
1620 1170 1823 1226 claudit
1871 1168 2028 1240 quasi

464 1271 566 1327 sub
597 1270 876 1343 signaculo
902 1288 916 1323 :
947 1269 1037 1340 qui
1072 1267 1316 1324 extendit
1361 1265 1550 1328 caelos,
1583 1272 1637 1319 et
1663 1263 1908 1334 graditur
1939 1276 2031 1317 su-

463 1376 561 1432 per
582 1376 729 1417 mare
744 1368 1001 1430 tanquam
1024 1374 1187 1429 super
1205 1357 1569 1428 pavimentum
1584 1356 1650 1409 ”.
1675 1373 1693 1405 ι
1714 1353 1778 1407 Ει
1794 1368 1987 1408 rursus
2012 1370 2024 1406 :

468 1468 490 1503 ι
514 1451 618 1517 Qui
655 1464 911 1521 magnum
943 1454 1061 1503 cete
1089 1446 1460 1503 debellaturus
1487 1445 1647 1500 est”.
1671 1463 1688 1496 ι
1710 1443 1844 1498 Cum
1866 1442 2030 1513 igitur

466 1542 560 1600 Dei
578 1543 816 1598 omnium
839 1540 1286 1613 magnanimitate
1302 1537 1578 1609 indignum
1596 1537 1686 1601 sit,
1706 1552 1827 1591 eum
1854 1535 2030 1605 suspi-

468 1635 619 1700 cari,
651 1634 1012 1705 complentcm
1049 1632 1260 1695 omnia,
1286 1630 1645 1685 ambulavisse
1690 1644 1854 1699 super
1882 1641 2030 1682 mare

454 1734 634 1781 tanta:
651 1739 819 1795 capax
836 1721 1245 1793 magnitudinis,
1262 1730 1510 1793 superest
1546 1728 1607 1774 ut
1633 1719 1699 1775 de
1715 1718 1891 1773 Verbo
1916 1717 2029 1771 haec

456 1818 785 1887 cogitemus.
802 1813 975 1884 Cujus
992 1814 1191 1869 virtute
1208 1812 1395 1877 Josue,
1414 1810 1557 1866 [ilius
1572 1808 1740 1873 Nave,
1755 1810 1845 1879 qui
1864 1808 2028 1877 hujus

456 1916 587 1964 erat
620 1908 812 1977 ﬁgura,
853 1906 955 1961 soli
992 1904 1279 1976 imperavit
1324 1910 1377 1959 et
1420 1902 1566 1959 stetit
1602 1901 1654 1955 in
1693 1899 1915 1955 Gahaon
1940 1900 1980 1975 _“
2011 1917 2026 1965 ;

459 2012 526 2052 ac
574 1995 693 2065 ejus
737 1994 1010 2066 passionis
1049 2001 1312 2063 tempore,
1355 1992 1541 2046 divino
1598 1990 1746 2046 velut
1795 1987 2028 2059 quodam

457 2090 639 2162 iussu,
670 2089 754 2144 sol
790 2087 1100 2141 universam
1134 2092 1336 2138 terram
1369 2081 1661 2153 complevit
1698 2081 1939 2136 tenebris
1960 2068 2024 2133 ³⁵.

462 2182 565 2238 llic
600 2188 686 2236 est
735 2197 755 2231 ι
815 2178 906 2248 qui
956 2175 1201 2232 extendit
1256 2176 1425 2230 cnslos
1465 2182 1519 2230 et
1569 2173 1817 2245 graditur
1868 2186 2032 2243 super

462 2288 612 2328 mare
636 2270 681 2303 ⁸³
726 2269 883 2341 quasi
937 2284 1100 2338 super
1142 2267 1532 2339 pavimentum,
1595 2284 1615 2318 ι
1675 2280 1800 2319 cum
1854 2263 2030 2318 factus

463 2363 628 2418 homo
657 2361 918 2415 miracula
944 2367 1122 2430 patrat
1143 2375 1264 2428 quae
1294 2359 1349 2413 in
1378 2356 1685 2429 Evangeliis
1711 2363 2027 2411 narrantur.

462 2454 618 2522 Quod
641 2444 693 2510 si.
720 2455 948 2510 omnino
982 2454 1050 2509 ad
1077 2450 1175 2508 Dei
1217 2450 1451 2508 Verbum
1487 2457 1696 2521 spectat
1736 2450 1826 2504 hic
1853 2450 2028 2514 locus,

462 2545 530 2602 de
558 2562 625 2603 eo
654 2545 1007 2617 intelligenda
1045 2555 1173 2601 sunt
1212 2559 1318 2600 non
1350 2552 1560 2598 tantum
1590 2558 1711 2614 quae
1733 2542 1844 2612 jam
1884 2548 2033 2596 retu-

462 2634 648 2700 limus,
678 2634 780 2690 sed
810 2644 864 2690 et
892 2635 1075 2690 omnia
1113 2634 1300 2690 in‘hoc
1326 2632 1627 2706 fragmento
1655 2648 1685 2687 a
1714 2631 1818 2688 Job
1862 2631 2029 2687 dicta.

462 2724 675 2780 Etenim
728 2740 985 2796 magnum
1035 2733 1235 2780 cetum-
1268 2726 1419 2780 solus
1482 2724 1779 2800 superavit,
1839 2722 2034 2778 solutis

466 2816 661 2873 mortis
709 2817 966 2883 vinculis,
1014 2826 1067 2871 et
1117 2831 1313 2887 magno
1346 2831 1486 2871 *vere
1533 2815 1771 2870 dracone
1816 2814 2033 2871 diabolo

464 2913 762 2977 prnstrato,
807 2906 899 2977 qui
941 2906 1220 2977 quondam
1258 2906 1548 2960 hominum
1596 2906 1803 2960 animas
1845 2905 2034 2960 absor-

468 2999 662 3053 huerat
698 2999 911 3063 fortior,
967 2998 1074 3054 ceti
1122 2996 1525 3053 instar'Jonam
1560 2996 1807 3052 vorantis
1836 2997 1899 3055 ³⁸.
1929 3013 2034 3052 nu-

2127 482 2432 552 κέκρυπται
2466 483 2531 552 τῇ
2568 480 2733 551 βίϐλῳ
2762 479 3173 551 ἀπορρητότερα
3199 478 3483 550 μαθήματα,
3506 483 3535 536 ἃ
3559 487 3628 538 καὶ

2126 570 2501 642 πληρεστάτης
2524 570 2624 641 ήδη
2659 569 2952 641 σαφηνείας
2987 567 3192 638 ἔτυχεν,
3221 570 3274 621 ὲν
3309 563 3383 632 οἷς
3407 572 3433 623 6
3455 571 3627 639 φιλοπο-

2126 662 2363 725 νώτατος
2413 660 2521 714 τῶν
2570 661 2727 715 θείων
2777 660 3004 731 Γραφῶν
3052 661 3311 732 ἐξηγητὴς
3361 662 3628 735 ὑπεμνημα·

2126 752 2331 805 τίσατο.

2654 862 3045 917 ΚΕΦΑΛΔΙΟΝ
3085 864 3156 914 Ζι.
3272 828 3279 839 ’

2686 973 2826 1028 Ἀπὸ
2858 975 2962 1028 τοῦ
3007 973 3139 1027 Ἰὼϐ.

2209 1090 2267 1144 '0
2310 1087 2427 1144 Ἰὡϐ
2454 1090 2599 1142 ἐστιν
2625 1088 2655 1141 6
2679 1086 2900 1158 φάσκων
2933 1084 3059 1154 περὶ
3078 1078 3174 1137 τοῦ
3202 1081 3396 1155 Κυρίου
3429 1084 3545 1154 μετὰ
3565 1082 3635 1138 καὶ

2128 1182 2348 1252 ἐτέρων,
2378 1201 2396 1232 ‹
2438 1182 2497 1234 '0
2521 1180 2693 1249 λέγων
2714 1177 2791 1249 τῷ
2817 1177 2950 1250 ἡλίῳ
2982 1176 3075 1229 καὶ
3104 1176 3205 1229 οὐκ
3234 1174 3507 1238 ἀνατέλλει,
3529 1176 3636 1230 κατὰ

2126 1274 2184 1326 δὲ
2215 1273 2428 1347 ἄστρων
2482 1269 2939 1343 κατασφραγίζει·
2977 1272 3005 1323 6
3055 1266 3290 1332 τανύσας
3332 1267 3417 1320 τὸν
3457 1267 3637 1339 οὐρανὸν

2130 1366 2306 1436 μόνος,
2332 1367 2425 1420 καὶ
2450 1364 2759 1436 περιπατῶν
2779 1364 2854 1426 ὡς
2874 1363 2966 1415 ἐπὶ
2986 1362 3214 1431 ἐδάφους
3236 1360 3329 1414 ἐπὶ
3352 1358 3634 1429 θαλάσσης·ι

2128 1458 2221 1511 καὶ
2248 1457 2428 1525 πάλιν,
2457 1475 2475 1507 ι
2518 1458 2575 1510 '0
2599 1456 2804 1528 μέλλων
2825 1456 2885 1507 τὸ
2918 1454 3058 1526 μέγα
3080 1454 3244 1524 κῆτος
3270 1451 3634 1524 χειρώσασθαι.»

2140 1549 2292 1603 Ἐπεὶ
2317 1550 2497 1603 τοίνυν
2527 1549 2627 1601 οὐκ
2648 1547 2830 1618 ἔχεται
2858 1548 2958 1618 τῆς
2990 1546 3118 1618 περὶ
3140 1545 3234 1599 τοῦ
3263 1542 3367 1598 τῶν
3391 1544 3510 1602 ὅλων
3537 1543 3641 1604 Θεοὶ

2131 1640 2476 1712 μεγαλονοίας
2525 1639 2584 1694 τὸ
2634 1638 3031 1710 ὑπολαμϐάνειν
3082 1636 3244 1690 αὑτὸν
3292 1636 3357 1688 τὰ
3409 1634 3644 1705 σύμπαντα

2058 1769 2100 1825 Β
2128 1730 2432 1825 πληροῦντα
2479 1732 2571 1786 ἐπὶ
2599 1730 2857 1825 ,θαλάσσῃ
2906 1729 3014 1803 (ης)
3047 1730 3364 1801 περιπατεῖν
3414 1728 3643 1800 χωρούσης

2129 1822 2290 1876 αὑτοῦ
2324 1825 2384 1877 τὸ
2410 1822 2566 1876 τοσοῦ
2589 1821 2654 1893 (?)
2689 1821 2934 1893 μέγεθος,
2972 1820 3213 1875 λείπεται
3255 1821 3379 1891 περὶ
3398 1819 3484 1872 τοῦ
3510 1821 3645 1887 Λόγου

2127 1912 2297 1968 ταῦτα
2317 1916 2454 1968 νοεῖν
2474 1931 2487 1944 ·
2515 1907 2576 1967 οὗ
2603 1915 2669 1983 τῇ
2706 1912 2952 1983 δυνάμει,
2987 1909 3155 1975 τύπος
3192 1909 3357 1964 αὐτοῦ
3391 1910 3644 1981 τυγχάνων,

2127 2008 2155 2060 6
2188 2007 2279 2060 τοῦ
2324 2007 2476 2076 Ναυὴ
2515 2005 2719 2076 Ἰησοῦς
2770 2000 2919 2058 εἶπεν
2959 2002 3037 2074 τῷ
3077 2002 3214 2075 ήλίῳ
3266 2002 3360 2056 καὶ
3389 2001 3505 2071 ἔστη
3541 2000 3646 2054 κατὰ

2127 2098 2372 2164 Γαϐαὼν,
2408 2098 2541 2153 ἀλλά
2560 2100 2652 2153 καὶ
2674 2098 2816 2153 κατὰ
2836 2098 2927 2151 τὸν
2953 2097 3137 2169 καιρὸν
3157 2095 3255 2149 τοῦ
3285 2094 3478 2156 πάθους
3499 2091 3651 2160 αὐτοῦ,

2128 2190 2365 2261 ὡσπερεὶ
2385 2188 2505 2261 θείᾳ
2528 2190 2631 2242 τινὶ
2661 2188 2971 2260 προστάξει,
2992 2189 3021 2241 6
3042 2188 3189 2258 ἥλιος
3214 2186 3310 2239 ἐπὶ
3344 2187 3509 2237 πᾶσαν
3535 2182 3649 2236 ἐσκό-

2128 2297 2289 2334 τασεν
2334 2280 2433 2352 τήν
2464 2281 2588 2351 γῆν.
2631 2279 2802 2344 Αὐτὸς
2836 2279 2894 2333 δέ
2932 2280 3078 2332 ἐστιν
3111 2296 3130 2329 ι
3167 2280 3195 2332 6
3224 2276 3453 2339 τανύσας
3486 2273 3562 2328 τὸν
3584 2273 3651 2326 οὓς

2132 2369 2311 2441 ρανὸν,
2340 2371 2368 2422 6
2400 2372 2493 2423 καὶ
2520 2371 2891 2442 περιπατήσας
2913 2370 2986 2433 ὡς
3018 2371 3102 2422 ἐπ’
3131 2368 3363 2438 ἐδάφους
3389 2366 3475 2420 ἐπὶ
3496 2365 3651 2420 θαλὰσν

2132 2480 2248 2533 σης,
2280 2482 2298 2515 ι
2327 2461 2562 2532 ὁπηνίκα
2584 2461 3009 2534 ἐνανθρωπήσας
3036 2461 3288 2514 ἀπετέλει
3318 2458 3386 2511 τὰ
3404 2454 3649 2527 παράδοξα,

2132 2546 2312 2617 καθὼς
2341 2555 2398 2606 ἐν
2419 2556 2533 2617 τοῖς
2555 2554 2901 2623 Εὐαγγελίοις
2946 2553 3246 2625 ἱστόρηται.
3284 2553 3346 2604 Εἰ
3372 2551 3413 2604 δ’
3440 2550 3558 2612 ὅλως
3584 2548 3652 2599 ἔπι

2129 2646 2218 2697 τὸν
2249 2644 2341 2698 τοῦ
2380 2644 2515 2699 Θεοῦ
2548 2644 2719 2714 Λόγον
2759 2644 2829 2699 τά
2856 2643 2998 2699 κατὰ
3024 2645 3148 2708 τοὺς
3185 2645 3385 2706 τόπους
3421 2639 3651 2711 ἀναφέροι,

2131 2736 2190 2790 τδ
2238 2736 2367 2807 ἑξῆς
2394 2736 2459 2790 ἂν
2489 2737 2574 2809 εἴη
2608 2737 2682 2808 μὴ
2729 2736 2866 2806 μόνα
2912 2735 3055 2808 άπερ
3099 2734 3396 2806 ὲξεθέμεθα
3444 2731 3563 2804 ῥητὰ
3594 2731 3653 2794 είς

2133 2827 2292 2881 αὐτὸν
2326 2827 2705 2900 ἐκλαμϐάνειν,
2736 2828 2869 2882 ἀλλὰ
2908 2827 3003 2880 καὶ
3038 2827 3217 2881 πάντα
3250 2826 3318 2880 τὰ
3349 2827 3403 2878 ὲν
3437 2826 3496 2895 τῇ
3532 2836 3652 2892 πρι-

2134 2922 2274 2991 κοπῇ
2306 2919 2409 2973 ὑπὸ
2438 2919 2530 2973 τοῦ
2575 2919 2694 2973 Ἰὼϐ
2724 2920 3020 2990 λεγόμενα·
3085 2917 3178 2971 καὶ
3208 2916 3322 2988 γάρ
3348 2915 3437 2969 καὶ
3471 2914 3525 2968 τὸ
3546 2911 3657 2983 μέγα

2134 3011 2295 3082 κῆτος
2326 3011 2480 3082 μόνος
2517 3012 2676 3075 αὐτὸς
2704 3010 3051 3083 ἐχειρώσατο,
3078 3009 3250 3072 λύσας
3277 3007 3375 3071 τάς
3393 3004 3564 3067 ὠδῖνας
3583 2998 3653 3054 τοῦ

466 3088 705 3158 perrime
750 3104 880 3142 vero
927 3088 996 3143 ab
1028 3087 1361 3143 adversario
1412 3102 1512 3142 suo
1562 3086 1806 3143 devictus
1833 3126 1848 3151 ,
1894 3103 2032 3159 quos

2133 3103 2382 3169 θανάτου,
2411 3105 2503 3158 καὶ
2527 3104 2616 3157 τὸν
2642 3103 2811 3175 μέγαν
2839 3104 2915 3168 ὡς
2946 3102 3160 3173 ἀληθῶς
3185 3100 3450 3172 δράκοντα
3476 3097 3553 3151 τὸν
3571 3095 3658 3149 διά-

469 3178 599 3231 olim
630 3177 917 3232 sorbuerat
964 3177 1167 3241 emisit,
1198 3177 1655 3249 quemadmodum
1692 3178 2024 3235 incolumem

2131 3193 2281 3247 ϐολον
2316 3196 2683 3268 καταργήσας,
2719 3194 2778 3258 ὃς
2808 3194 2975 3249 πάλαι
3010 3194 3106 3265 μὲν
3136 3191 3243 3262 τὰς,
3276 3190 3385 3244 τῶν
3408 3186 3657 3259 ἀνθρώπων

471 3275 775 3324 monstrum
813 3268 1005 3323 Jonam
1041 3268 1315 3335 reddidit;
1350 3268 1429 3324 sic
1470 3268 1689 3339 impleta
1725 3271 2027 3341 prophetia,

2131 3284 2302 3355 ψυχὰς
2327 3284 2611 3339 κατέπινεν
2638 3286 2881 3357 ἰσχύσας,
2905 3286 3059 3358 δίκην
3078 3284 3171 3339 τοῦ
3195 3285 3292 3339 τὸν
3326 3283 3499 3338 Ἰωνᾶν
3523 3294 3655 3334 κατα-

468 3359 528 3414 in
557 3375 664 3430 qua
698 3360 903 3414 dictum
935 3367 1056 3415 est:
1097 3378 1115 3412 ι
1169 3359 1486 3430 Ahsumps‘it
1534 3375 1682 3415 mors
1716 3358 1927 3428 fortior,
1977 3370 2031 3417 et

2131 3377 2444 3441 πεπωκότος
2496 3380 2712 3449 κήτους,
2772 3376 3054 3451 χειρωθεὶς
3084 3376 3130 3431 δ’
3180 3377 3407 3446 ὕστερον
3452 3370 3547 3427 ὑπὸ
3587 3365 3657 3421 τοῦ

461 3452 675 3509 auferet
699 3452 961 3509 Dominus
999 3452 1140 3510 Deus
1171 3454 1463 3525 lacrymam
1493 3452 1560 3507 ab
1590 3453 1736 3508 omni
1759 3453 1974 3510 facie”.
2007 3475 2025 3507 ι

2131 3486 2270 3522 κατα
2291 3468 2650 3533 παλαίσαντος
2676 3469 2856 3534 αὐτὸν,
2893 3469 3204 3540 προήγαγεν
3239 3463 3393 3530 αὖθις
3418 3464 3504 3528 οὓς
3531 3460 3659 3515 πάλαι

464 3545 622 3613 Quod
649 3558 701 3603 et
731 3547 964 3602 dicimus
993 3554 1212 3618 pr0ptcr
1256 3561 1402 3609 eum,
1434 3547 1525 3617 qui
1561 3561 1812 3618 magnum
1851 3555 2030 3602 cetum

2133 3563 2541 3628 καταπεπώκει,
2582 3562 2781 3634 ὁμοίως
2814 3561 2892 3633 τῷ
2920 3562 3009 3614 τὸν
3045 3562 3232 3614 Ἰωνᾶν
3279 3558 3413 3613 σῶον
3438 3552 3658 3609 ἀποδεδω-

465 3635 556 3691 hic
596 3636 937 3708 designatum
971 3638 1287 3708 prostravit,
1342 3636 1678 3691 Salvatorem
1716 3635 2030 3691 Dominum-

466 3743 573 3796 quc
605 3736 871 3784 nostrum.
1379 3728 1384 3747 '

2134 3653 2251 3706 κότι
2276 3654 2448 3728 θηρίῳ
2467 3673 2480 3686 ’
2537 3655 2912 3726 πληρουμένης
2952 3655 3010 3707 ὲν
3041 3651 3212 3723 τούτῳ
3244 3649 3556 3723 προφητείας
3582 3660 3660 3712 φαα

2134 3746 2389 3818 σκούσης,
2429 3766 2446 3796 ι
2484 3746 2756 3801 Κατέπιεν
2795 3748 2822 3800 6
2853 3745 3077 3808 θάνατος
3126 3745 3374 3816 ἰσχύσας,
3422 3741 3506 3795 καὶ
3534 3735 3657 3791 πάλιν

468 3824 682 3893 ἀφεῖλεν
707 3827 736 3880 ὁ
766 3825 898 3890 θεὸς
919 3828 1026 3879 πᾶν
1049 3826 1280 3898 δάκρυον
1307 3825 1642 3888 ἀπδπαντδς
1666 3824 1974 3895 πρθσώπω”
2004 3848 2022 3881 ³
2065 3834 2092 3886 ὃ
2125 3841 2216 3893 καὶ
2281 3840 2506 3914 λέγομεν
2532 3842 2617 3895 διὰ
2640 3842 2727 3894 τὸν
2751 3841 2808 3893 τὸ
2845 3839 3133 3910 λεγόμενον
3178 3839 3412 3892 ἐνταῦθα
3441 3836 3567 3907 μέγα
3585 3830 3659 3898 κῆ·

468 3933 556 3980 τος
588 3916 989 3992 χειρωσάμενον
1016 3918 1244 3989 Σωτῆρα
1276 3917 1370 3970 καὶ¹
1399 3917 1601 3987 Κύριον
1629 3917 1801 3987 ἡμῶν.

685 4013 692 4025 ’
1055 4026 1283 4082 CAPUT
1308 4027 1440 4083 vm.

1160 4139 1207 4193 Ε
1230 4139 1353 4195 Job.

538 4256 801 4314 Dominus
827 4256 881 4309 in
933 4269 1033 4312 sua
1079 4253 1147 4309 ad
1191 4252 1295 4309 Job
1348 4254 1707 4323 apparitione,
1756 4256 2038 4327 sapientia:

462 4359 517 4405 et
544 4347 899 4422 providentiae
920 4362 1032 4403 suae
1060 4359 1225 4416 opera
1253 4358 1603 4409 enumerans,
1626 4344 1790 4400 dicit:
1831 4363 1849 4396 ‹
1886 4345 2039 4401 Νιιιι-

2656 4038 2954 4092 ΚΕΦΑΛΑΙ
2966 4038 3058 4092 ΟΝ
3096 4040 3178 4094 H'.

2694 4158 2825 4212 Ἀπὸ
2856 4157 2963 4210 τοῦ
3003 4154 3150 4210 Ἰὼϐ.

2217 4270 2274 4322 '0
2295 4270 2496 4342 Κύριος
2535 4272 2592 4324 ὲν
2624 4270 2703 4341 τῷ
2747 4270 2885 4342 πρὸς
2926 4269 3018 4325 τὸν
3060 4267 3180 4322 Ἰὼϐ
3229 4262 3572 4338 χρηματισμῷ
3607 4260 3656 4312 τὰ

2134 4357 2232 4428 τῆς
2257 4358 2449 4413 ἑαυτοῦ
2483 4358 2734 4431 προνοίας
2759 4361 2852 4413 καὶ
2873 4358 3186 4429 οἰκονομίας
3210 4356 3354 4428 ἔργα
3378 4351 3567 4419 διεξιών
3583 4366 3659 4419 φη-

465 4442 616 4512 quid,
645 4445 864 4509 sumpto
891 4445 1051 4493 terrae
1073 4437 1210 4501 luto,
1228 4434 1430 4490 animal
1459 4434 1761 4500 iabricasti,
1786 4438 2032 4508 loquens-

2153 4469 2232 4514 σι,
2271 4470 2290 4504 σ
2333 4452 2441 4505 Καὶ
2494 4450 2769 4505 συλλαϐὼν
2808 4451 2913 4520 γῆν
2942 4448 3127 4519 πηλὸν,
3165 4446 3403 4508 ἔπλασας
3430 4443 3566 4508 ζῶον,
3587 4435 3657 4489 καὶ

435 4549 573 4605 _que
604 4533 738 4588 illud
780 4530 1015 4602 posuisti
1067 4530 1123 4584 in
1155 4528 1346 4584 terra?
1399 4529 1686 4585 Abstulisti
1737 4532 1806 4586 ab
1852 4532 2035 4604 impiis

467 4627 737 4691 lucem,et
759 4622 984 4681 brachia
1008 4622 1369 4692 superborum
1392 4620 1755 4693 confregisti?
1783 4622 2035 4696 Nunquid

464 4721 745 4791 ingressus
767 4733 829 4774 es
875 4715 1052 4771 fontes
1078 4714 1266 4781 maris,
1313 4721 1366 4770 et
1415 4714 1472 4769 in
1498 4715 1811 4772 novissimis
1855 4718 2038 4788 abyssi

464 4813 823 4871 deambulasti
845 4814 869 4864 Ἰ
889 4808 1148 4881 Nunquid
1173 4817 1378 4881 aperta
1402 4819 1531 4866 sunt
1557 4811 1660 4865 tibi
1688 4825 1811 4866 cum
1845 4814 2037 4867 timore

467 4916 642 4979 portae
663 4907 877 4969 mortis,
901 4914 956 4959 et
971 4904 1109 4960 ostia
1125 4903 1415 4959 tenebrosa
1440 4902 1718 4959 vidisti"?
1742 4921 1762 4955 ι
1785 4901 1911 4957 Haec
1939 4919 2038 4958 au-

467 5009 575 5057 tem
591 5001 671 5056 ait
687 4999 948 5054 Dominus
966 4996 1035 5050 ad
1053 4994 1156 5051 Job
1169 4994 1238 5050 de
1258 4995 1491 5066 se'ipso,
1507 4995 1651 5066 quod
1679 5011 1709 5049 a
1738 4995 1889 5051 nullo
1907 4995 2033 5061 alio,

468 5093 577 5148 nisi
604 5107 637 5146 a
664 5092 957 5162 semetipso
1002 5088 1132 5142 talia
1185 5087 1299 5142 ﬁeri
1333 5087 1674 5158 potuissentJ
1702 5086 1839 5152 Quis
1867 5088 2033 5152 enim,

466 5192 686 5256 sumpta
708 5191 876 5248 terra,
893 5180 1291 5245 animalﬁnxit,
1314 5178 1422 5234 nisi
1440 5177 1584 5234 Deus
1600 5180 1691 5248 qui
1709 5181 1942 5250 sumpsit
1971 5180 2038 5234 de

469 5276 600 5331 limo
633 5284 794 5332 terra:
824 5276 1089 5345 ﬁnxitque
1137 5270 1459 5328 hominem?
1498 5269 1626 5326 Inde
1668 5272 1829 5326 simul
1878 5272 2040 5327 doce-

469 5381 612 5432 mur,
643 5368 879 5425 hominis
906 5368 1222 5424 Creatorem
1253 5362 1507 5420 eumdem
1540 5378 1663 5418 esse
1695 5377 1759 5417 ac
1796 5363 1886 5433 qui
1918 5378 2041 5434 pro—

472 5455 792 5514 [aridissima
820 5467 981 5516 terra:
1012 5460 1291 5531 ingressus
1323 5462 1428 5520 est,
1481 5462 1642 5525 atque
1667 5454 1724 5509 in
1752 5453 1871 5524 ejus
1900 5470 2037 5522 pra:-

2140 4542 2364 4612 λαλητὸν
2411 4542 2572 4597 αὐτὸν
2605 4542 2726 4596 ἔθου
2755 4543 2847 4596 ἐπὶ
2892 4543 2988 4613 τῆς
3029 4541 3164 4611 γῆς;
3204 4537 3452 4609 Ἀφείλας
3489 4534 3540 4587 δὲ
3578 4528 3658 4583 ἀπὸ

2141 4632 2350 4686 ἀσεϐῶν
2393 4633 2453 4686 τὸ
2481 4632 2615 4703 φῶς,
2644 4633 2934 4706 βραχίονας
2968 4632 3026 4686 δὲ
3054 4630 3416 4703 ὑπερηφάνων
3461 4622 3657 4689 συνέτρι-

2141 4724 2282 4795 ψας;
2322 4720 2523 4790 Ἦλθες
2555 4726 2612 4779 δὲ
2646 4727 2739 4780 ἐπὶ
2767 4726 2950 4797 πηγὴν
2982 4721 3275 4794 θαλάσσης,
3321 4721 3379 4773 ἐν
3415 4716 3468 4770 δὲ
3499 4715 3656 4786 ἴχνεσιν

2143 4816 2378 4871 ἀϐύσσου
2405 4817 2844 4890 περιεπάτησας;
2887 4815 3213 4884 Ἀνοίγονται
3239 4813 3299 4866 δέ
3328 4828 3408 4866 σοι
3434 4807 3564 4878 φόὸφ
3582 4798 3658 4852 πύ-

2143 4907 2230 4961 λαι
2270 4907 2518 4970 θανάτου,
2551 4908 2614 4977 (f.
2650 4907 2719 4962 28
2747 4911 2820 4975 νο)
2881 4904 3120 4977 πυλωροὶ
3151 4902 3208 4956 δὲ
3253 4901 3378 4973 ᾅδου
3421 4896 3652 4977 ἰδόντεξῦ

2144 5000 2414 5070 ἔπτηξανς
2447 5020 2465 5051 ι
2500 4976 2683 5053 Ταῦτα
2721 4999 2779 5052 δέ
2804 5015 2966 5069 φησιν
2991 4998 3021 5050 6
3040 4976 3251 5067 Κύριος
3294 4990 3427 5063 πρὸς
3459 4987 3538 5041 τὸν

2145 5067 2278 5163 περὶ.
2300 5088 2516 5155 ἑαυτοῦ,
2547 5088 2621 5152 ὡς
2673 5067 2898 5159 μηδενὸς
2932 5084 3119 5157 ἐτέρου
3164 5083 3305 5152 πλὴν
3336 5075 3488 5133 αὐτοῦ

2141 5156 2440 5253 δυναμένου
2472 5180 2538 5234 τὰ
2580 5156 2877 5250 τηλικαῦτα
2914 5156 3187 5248 ἐνεργεῖν·
3227 5174 3312 5237 τίς
3352 5169 3454 5239 γάρ
3489 5156 3653 5257 ἐστιν.6

2140 5272 2321 5328 λαϐὼν
2349 5274 2452 5343 γῆν
2479 5274 2573 5327 καὶ
2605 5272 2814 5335 πλάσας
2846 5269 3005 5336 ζῶον,
3044 5270 3077 5341 ἢ
3113 5271 3141 5322 6
3163 5266 3295 5329 Θεὸς
3322 5267 3351 5317 6
3377 5256 3543 5315 λαϐὼν
3559 5256 3652 5343 χοῦν

2142 5367 2249 5421 ἀπὸ
2279 5340 2378 5435 τῆς
2410 5340 2511 5436 γῆς
2549 5366 2641 5418 καὶ
2665 5365 2871 5428 πλάσας
2908 5364 2998 5416 τὸν
3026 5340 3334 5431 ἄνθρωπον;
3364 5356 3502 5422 Ἅμα
3528 5346 3574 5398 δὲ
3597 5340 3652 5393 δι’

2141 5455 2449 5528 δασκόμεθα
2473 5456 2738 5522 ἐντεῦθεν,
2775 5457 2849 5519 ὡς
2881 5455 2986 5525 ἄρα
3018 5455 3047 5506 6
3075 5453 3282 5513 πλάσας
3307 5449 3395 5501 τὸν
3422 5440 3650 5509 ἅνθρωποι

543 5634 587 5706 ’_'
621 5635 722 5691 Jnlt
752 5656 842 5704 Ix,
877 5642 929 5706 7,
963 5640 1009 5692 8.
1093 5642 1135 5672 ³⁸
1172 5641 1274 5694 Joh
1313 5656 1402 5702 ιιι,
1442 5640 1494 5694 8.
1573 5640 1615 5670 ³⁸
1655 5639 1768 5697 Jos.
1807 5656 1837 5693 x
1861 5680 1875 5704 ,
1912 5640 1998 5693 12.

2166 5637 2350 5693 Matth.
2391 5654 2569 5703 xxvn,
2607 5637 2695 5694 45.
2775 5637 2816 5669 ⁸³
2855 5633 2954 5691 Job
3002 5650 3086 5702 ιι,
3121 5633 3176 5689 8.
3255 5628 3301 5663 ³⁵
3338 5625 3492 5683 Jonas
3521 5635 3572 5684 ιι,
3606 5613 3641 5667 ιι

471 5704 514 5734 ³⁵
556 5702 657 5757 lsa.
696 5702 836 5769 xxv,
856 5711 908 5764 8.

990 5710 1033 5739 “
1066 5709 1166 5765 Job
1205 5726 1436 5773 XXXVIII,
1460 5709 1639 5767 H-l'i.

1888 5786 2019 5823 Ἰὶιιμ
