3868 6264
268 282 410 336 Ηὅῦ

1273 279 1572 335 ἘριοοΕ
1609 278 2079 336 ΡΒΟΡΗΕἸΊΟᾸΕ.
2121 311 2188 320 —-
2209 279 2338 337 LIB.
2373 279 2459 336 ιιι.

3333 285 3476 341 “56

266 404 434 466 αὐτός
468 405 612 456 ἐστιν
639 405 667 455 6
690 402 784 456 καὶ
818 402 896 466 εἰς
919 401 986 456 τὰ
1011 402 1288 475 κατώτερα
1313 403 1412 473 τῆς
1436 403 1536 473 γῆς
1571 402 1828 466 καταϐάς,

1946 400 2140 466 :ordia,
2167 415 2288 471 qua:
2311 402 2479 457 maris
2509 400 2776 473 profunda
2799 401 2929 457 mihi
2964 402 3267 474 signiﬁcare
3294 403 3481 457 viden—

272 505 365 550 καὶ
415 497 493 559 εἰς
539 495 634 566 τὴν
665 495 956 565 λεγομένην
1006 495 1228 567 καρδίαν
1277 496 1463 564 αὐτῆς,
1499 497 1686 566 ῆντινα
1734 496 1827 549 νῦν

271 584 636 655 ὑπολαμϐάνω
664 584 840 656 πηγὴν
878 584 1151 655 Θαλάσσης
1177 585 1517 654 ὠνομάσθαιο
1552 585 1630 638 ἔτι
1659 585 1714 638 δὲ
1737 586 1829 638 καὶ

268 681 299 732 6
341 682 399 732 ἐν
431 678 628 749 ῖχνεσιν
675 677 946 749 θαλάσσης
994 679 1388 750 περιπατήσας,
1429 672 1473 746 ᾦ
1517 679 1662 749 μόνῳ
1694 679 1831 749 μετὰ

273 770 436 839 φόϐου
457 770 802 840 ἠνεῴχθησαν
828 772 880 823 αἰ
906 769 997 822 τοῦ
1020 769 1248 825 Θανάτου
1281 769 1464 834 πύλαι,
1492 770 1612 824 καθ’
1638 771 1717 823 ὅτι
1735 771 1830 823 ούκ

271 857 339 932 ἦν
360 862 578 915 δυνατὸν
609 860 922 932 κρατεῖσθαι
947 860 1105 913 αὑτὸν
1132 861 1222 912 ὑπ’
1248 859 1432 924 αὐτοῦ,
1455 861 1512 914 ὃν
1537 862 1629 914 καί
1661 862 1708 914 οἰ
1732 879 1831 914 πυ-

272 954 435 1025 λωροὶ
475 953 566 1006 τοῦ
610 953 768 1024 ᾊδου
812 953 1006 1014 ἰδόντες
1036 950 1292 1022 ἔπτηξαν,
1325 951 1554 1024 ὁρῶντες
1598 953 1656 1006 τὸ
1687 955 1832 1016 νῖκος

270 1045 367 1097 καὶ
397 1044 456 1096 τὸ
480 1045 718 1115 κέντρον,
744 1044 836 1096 καὶ
858 1042 956 1106 τὰς
984 1043 1176 1105 ὠδῖνας
1198 1042 1290 1095 τοῦ
1319 1042 1546 1097 θανάτου
1566 1043 1631 1096 δι’
1669 1043 1830 1098 αὐτοῦ

269 1133 726 1205 καθαιρουμέναςο
759 1133 897 1203 τάχα
941 1133 997 1186 δέ
1026 1133 1233 1196 τούτοις
1271 1135 1379 1197 τοῖς
1426 1133 1690 1206 πυλωροῖς
1725 1135 1834 1188 τῶν

266 1226 454 1280 ’ἐνθάδε
479 1226 782 1296 λεγομένων
805 1225 982 1278 πυλῶν
1007 1225 1098 1278 τοῦ
1116 1224 1344 1279 θανάτου
1367 1226 1471 1280 ὑπό
1491 1242 1650 1280 τινων
1673 1227 1830 1281 θείων

267 1319 546 1389 δυνάμεων
584 1318 800 1386 ἐλέγετο
838 1317 979 1372 κατὰ
1017 1318 1108 1371 τὸν
1153 1318 1342 1388 καιρὸν
1379 1317 1473 1371 τοῦ
1506 1318 1708 1382 πάθους
1743 1321 1833 1373 καὶ

267 1411 368 1482 τῆς
398 1411 477 1472 εἰς
521 1409 611 1462 τδν
661 1409 828 1480 ’ᾼδην
867 1408 958 1462 τοῦ
993 1409 1241 1480 Σωτῆρος
1280 1407 1435 1480 ἡμῶν
1486 1409 1834 1473 καταϐάσεως

267 1500 349 1564 τὸ,
389 1517 408 1549 ι
450 1500 650 1570 ¹Ἀρατε
704 1498 893 1564 πύλας,
933 1501 980 1552 οἰ
1023 1499 1298 1570 ἄρχοντες,
1329 1497 1480 1569 ὑμῶν
1523 1500 1613 1552 καὶ
1662 1499 1832 1569 ἐπάρ-

270 1587 420 1658 θητε,
457 1589 618 1643 πύλαι
649 1589 874 1654 αἱώνιοι,
905 1591 998 1642 καὶ
1022 1589 1378 1642 εἰσελεύσεται
1401 1591 1430 1643 6
1464 1589 1712 1659 βασιλεὺς
1738 1590 1832 1662 τῆς

267 1681 454 1752 δόξης*
498 1702 516 1734 ι
553 1681 754 1735 αἰώνιοι
775 1683 830 1735 δέ
849 1682 1090 1754 εἴρηνται
1122 1683 1303 1747 πύλαι,
1335 1683 1409 1745 ώς
1449 1668 1830 1752 ὑπολαμϐάνω,

1935 503 2043 558 tur,
2088 493 2410 564 penetravit.
2447 493 2514 549 ln
2543 495 2856 552 novissimis
2895 511 3107 566 quoque
3161 494 3340 564 abyssi
3387 495 3481 548 de-

1935 585 2252 648 ambulavit,
2297 584 2385 640 cui
2441 586 2540 640 seli
2593 597 2788 656 aperta;
2849 595 2977 643 sunt
3023 595 3192 657 porta:
3244 586 3478 651 mortis;

1936 675 2088 732 nefas
2114 678 2312 746 quippe
2348 683 2464 732 erat
2497 692 2618 732 eum
2658 693 2687 732 ιι
2734 687 2908 734 morte
2941 678 3175 743 devinci,
3204 692 3363 748 quem
3399 679 3483 731 in-

1937 769 2074 824 ferni
2107 768 2318 823 ostiarii
2342 768 2587 824 videntes
2621 770 3031 839 pertimuerunt,
3065 768 3344 823 victoriam
3376 767 3484 822 sci-

1937 861 2082 925 licet,
2113 869 2166 915 et
2198 860 2498 924 stimulum,
2533 868 2586 916 et
2619 861 2834 915 vincula
2865 861 3056 917 mortis
3089 861 3156 916 ab
3183 877 3246 916 eo
3277 861 3482 914 sublata

1937 967 2062 1006 cum
2093 953 2528 1022 conspexissent.
2561 951 2656 1008 His
2686 964 2860 1009 autem
2898 955 3138 1009 ostiariis
3168 951 3363 1008 inferni
3398 951 3479 1020 ja-

1937 1057 2166 1097 nuarum
2196 1057 2226 1096 a
2273 1043 2595 1113 quibusdam
2639 1044 2837 1100 divinis
2876 1045 3232 1115 potestatibus
3283 1043 3487 1098 dictum

1938 1143 2021 1190 est
2053 1143 2296 1204 tempore
2327 1137 2595 1207 passionis
2626 1144 2679 1191 et
2707 1136 3009 1191 Salvatoris
3040 1137 3212 1190 nostri
3253 1133 3320 1189 ad
3350 1132 3487 1188 infe-

1937 1239 2030 1280 ros
2058 1226 2382 1282 descensus:
2413 1245 2431 1278 ι
2463 1223 2706 1282 Attollite
2729 1233 2934 1297 portas.
2958 1225 3253 1298 principes,
3279 1234 3488 1280 vestras

1937 1327 1990 1372 et
2015 1318 2321 1383 elevamini,
2357 1324 2525 1388 porta:
2551 1319 2852 1386 mternales,
2881 1324 2934 1373 et
2962 1316 3204 1372 introibit
3232 1316 3345 1370 Rex
3372 1316 3488 1386 glo-

1939 1410 2032 1464 ria:
2053 1410 2150 1465 ³⁷.»
2183 1409 2490 1467 Eternales
2516 1420 2682 1481 porta:
2715 1409 2990 1473 dicuntur,
3022 1417 3081 1462 ut
3109 1407 3322 1477 Opinor,
3357 1420 3489 1473 quo-

1939 1504 2082 1557 niam
2124 1502 2192 1557 ab
2219 1511 2419 1558 aeterno
2448 1502 2583 1557 nulli
2617 1517 2848 1573 unquam
2884 1507 3107 1570 patuere
3130 1498 3237 1553 nisi
3291 1497 3364 1550 illi
3395 1495 3489 1566 qui

1940 1604 2110 1650 morte
2139 1596 2409 1665 quondam
2447 1597 2690 1651 sublatos
2720 1594 2970 1649 liberavit
3007 1599 3061 1647 et
3092 1589 3160 1645 ad
3199 1589 3364 1644 vitam
3398 1603 3490 1642 re-

1941 1685 2189 1752 vocavit;
2241 1685 2307 1741 de
2337 1701 2445 1756 quo
2491 1687 2577 1741 hic
2625 1685 2866 1740 dicitur:
2911 1703 2929 1735 ι
2969 1682 3178 1752 Apertae
3224 1687 3350 1736 sunt
3391 1678 3486 1732 tibi

267 1773 355 1828 διά
383 1775 444 1827 τὸ
473 1774 530 1840 ἐξ
550 1774 742 1838 αἰῶνος
777 1775 964 1845 μηδενὶ
1001 1775 1142 1846 ἄλλῳ
1177 1773 1343 1838 αὐτὰς
1377 1773 1619 1828 ἀνεῖσθαι
1651 1775 1684 1847 ἢ
1721 1775 1840 1828 τού-

1946 1791 2064 1831 cum
2092 1778 2286 1831 timore
2312 1784 2478 1847 portae
2502 1781 2712 1842 mortis,
2745 1783 2798 1832 et
2831 1775 3028 1829 inferni
3065 1772 3272 1829 ostiarii
3299 1770 3487 1825 viden-

266 1881 346 1935 τῳ
375 1865 519 1936 μόνῳ
549 1864 627 1935 τῷ
655 1866 748 1918 καὶ
775 1865 899 1928 τοὺς
931 1865 1096 1919 πάλαι
1138 1865 1265 1917 ποτέ
1302 1863 1705 1927 καταποθέντας
1733 1864 1838 1917 ὑπὸ

266 1956 361 2010 τοῦ
403 1956 630 2010 θανάτου
672 1957 958 2029 ῥυσαμένῳ
990 1957 1082 2010 καὶ
1135 1955 1554 2036 ζωοποιήσαντιο
1602 1957 1731 2028 περὶ
1778 1948 1838 2008 οὗ

268 2048 453 2104 ἐνθάδε
483 2049 579 2120 μὲν
607 2051 817 2121 εἰρηται
851 2050 928 2114 τὸ,
952 2068 969 2100 ι
1013 2049 1336 2118 Ἀνοίγονται
1367 2049 1424 2102 δέ
1461 2067 1540 2104 σοι
1568 2049 1714 2120 φόϐῳ
1741 2048 1840 2102 πύ·

266 2140 355 2194 λαι
388 2141 636 2206 Θανάτου,
661 2141 896 2214 πυλωροὶ
921 2141 976 2194 δέ
1010 2139 1169 2212 ’ᾍδου
1227 2140 1422 2204 ἰδόντες
1445 2157 1502 2193 σε
1529 2139 1782 2212 ἔπτηξανο
1817 2160 1834 2192 ι

266 2235 324 2286 ἐν
354 2233 410 2288 δὲ
436 2232 512 2304 τῷ
546 2232 633 2305 pg’
655 2232 854 2304 ψαλμῷ
873 2233 952 2297 τὸ,
989 2253 1006 2283 ‹
1049 2234 1170 2285 Ὅτι
1193 2232 1475 2304 συνέτριψε
1511 2232 1682 2296 πύλας
1710 2233 1837 2303 χαλ-

267 2326 392 2389 κᾶς,
435 2345 454 2378 ι
488 2325 586 2378 οὑκ
612 2325 775 2390 ἄλλας
815 2325 998 2390 οὔσας,
1039 2328 1112 2392 ὡς
1145 2324 1316 2398 οἶμαι,
1359 2327 1392 2398 ἢ
1428 2325 1526 2390 τὰς
1555 2346 1572 2377 ι
1611 2327 1704 2380 τοῦ
1741 2327 1838 2380 θα-

265 2419 451 2482 νάτου,
479 2418 574 2472 καί.
625 2419 850 2489 μοχλοὺς
885 2419 1134 2491 σιδηροῦς
1169 2419 1502 2491 συνέτριψεν,
1549 2441 1567 2469 ι
1597 2420 1753 2491 δῆλον
1792 2421 1837 2474 δ’

263 2513 349 2564 ὅτι
386 2512 510 2575 τοὺς
553 2511 660 2564 τῶν
691 2512 1098 2583 προειρημένων
1140 2511 1340 2564 πυλῶν.
1383 2511 1568 2566 Ταῦτα
1609 2513 1705 2584 μὲν
1745 2508 1838 2566 οὖν

266 2605 399 2673 ἡμῖν
427 2604 501 2666 ώς
528 2603 594 2656 ἂν
621 2603 806 2674 μηδενί
831 2604 1001 2674 ἑτέρῳ
1030 2603 1158 2674 ῆτῷ
1186 2604 1402 2675 Χριστῷ
1434 2603 1737 2676 ἁρμόζοντα
1759 2606 1838 2670 εἰς

265 2694 429 2748 αὑτὸν
455 2693 764 2765 ἐξείληπται
788 2712 801 2725 ·
827 2694 986 2758 αὐτὸς
1009 2694 1117 2765 γάρ
1148 2695 1290 2748 ἐστιν
1327 2689 1370 2760 ᾧ
1399 2697 1574 2750 πᾶσαν
1601 2695 1698 2766 τὴν
1719 2697 1840 2767 κρί-

267 2803 354 2839 σιν
401 2785 596 2839 ἔδωκεν
624 2787 651 2837 ὁ
683 2785 890 2856 Πατὴρ,
927 2784 1064 2838 ὥστε
1099 2787 1256 2838 αὑτὸν
1301 2788 1551 2858 ἀφαιρεῖν
1595 2787 1692 2858 μέν
1731 2788 1838 2840 ἀπὸ

265 2877 478 2930 ἀσεϐῶν
510 2879 571 2930 τὸ
616 2877 749 2946 φῶς,
792 2875 1078 2949 βραχίονας
1116 2877 1170 2930 δέ
1213 2879 1571 2948 ὑπερηφάνων
1620 2880 1835 2950 συντρί-

267 2969 386 3023 ϐειν
405 2987 418 2999 ·
443 2971 490 3022 εἰ
518 2968 574 3021 δέ
605 2986 684 3031 τις
714 2968 840 3037 περὶ
865 2965 960 3020 τοῦ
982 2967 1088 3020 τῶν
1114 2968 1248 3020 ὅλων
1273 2966 1406 3019 Θεοῦ
1437 2966 1641 3038 οἰηθείη
1664 2967 1834 3021 ταῦτα

265 3059 540 3127 λέγεσθαι,
562 3057 907 3128 ἐπιστησάτω
925 3059 971 3109 εἰ
1000 3055 1217 3120 εὐσεϐές
1242 3057 1386 3108 ἐστιν
1416 3056 1505 3108 τὸν
1539 3056 1832 3126 φάσκοντα,

1942 1879 2021 1925 tes
2052 1877 2106 1924 te
2131 1871 2546 1941 pertimuerunt.
2596 1889 2614 1922 ι
2640 1868 2706 1923 Εῑ
2745 1869 2801 1923 in
2834 1868 3130 1924 centesimo
3159 1873 3313 1922 sexto
3347 1863 3493 1934 psal-

1940 1975 2064 2015 mo:
2106 1980 2124 2027 ι
2165 1960 2435 2015 Contrivit
2467 1967 2650 2031 portas
2695 1975 2862 2016 aereas
2887 1961 2952 2021 ³⁸,
2993 1978 3010 2010 ι
3043 1957 3232 2012 mortis
3265 1953 3490 2019 scilicet.

1939 2059 1999 2106 ut
2024 2051 2155 2106 mihi
2187 2051 2420 2116 videtur,
2452 2071 2469 2102 ‹
2497 2058 2551 2106 et
2581 2058 2760 2105 vectes
2795 2049 2999 2104 ferreos
3034 2046 3314 2116 confregit,
3350 2062 3370 2097 ι
3398 2044 3493 2098 ha-

1940 2157 2058 2196 rum
2098 2158 2290 2214 nempe
2317 2150 2614 2214 portarum.
2651 2141 2780 2207 Quae
2809 2139 3028 2212 quidem
3061 2139 3220 2194 nobis
3247 2138 3314 2192 de
3344 2135 3496 2189 nuli)

1939 2231 2066 2298 alio,
2113 2231 2218 2286 nisi
2277 2232 2341 2286 de
2400 2230 2618 2286 Christo
2647 2229 2993 2302 intelligenda
3051 2229 3324 2283 videntur.
3377 2223 3496 2295 [pse

1939 2323 2080 2378 enim
2116 2330 2219 2390 est,
2249 2324 2338 2377 cui
2382 2337 2540 2378 omne
2570 2320 2837 2390 judicium
2875 2321 3024 2376 dedit
3046 2317 3230 2381 Pater,
3270 2316 3340 2370 ad
3394 2331 3493 2370 au-

1940 2413 2214 2468 ferendam
2251 2415 2318 2469 ab
2349 2413 2529 2484 impiis
2561 2413 2754 2477 lucem,
2785 2422 2838 2466 et
2885 2412 3110 2467 brachia
3158 2409 3494 2464 excelsorum

1941 2507 2352 2577 confringenda.
2389 2507 2519 2574 Qua:
2547 2507 2593 2562 si
2630 2505 2752 2577 quis
2789 2506 3125 2561 existimaret
3151 2502 3217 2557 de
3257 2502 3494 2556 omnium

1941 2599 2052 2655 Deo
2079 2599 2207 2666 dici,
2237 2607 2451 2670 reputet
2485 2614 2551 2653 an
2578 2600 2724 2669 pium
2753 2604 2896 2654 esset
2925 2596 3076 2662 illud,
3120 2615 3137 2646 ι
3159 2580 3276 2649 Non
3298 2594 3493 2648 cadum

1940 2702 1994 2746 et
2043 2698 2246 2746 terram
2296 2705 2396 2762 ego
2449 2691 2655 2760 repleo,
2716 2689 2845 2744 dicit
2897 2687 3158 2744 Dominus
3184 2687 3250 2754 ",
3283 2705 3302 2738 ι
3338 2685 3496 2753 cujus

1946 2803 1965 2834 ‹
1993 2784 2188 2838 coelum
2227 2785 2478 2848 thmmls,
2512 2793 2764 2854 terraque
2777 2783 3068 2838 scabellum
3098 2779 3348 2851 pedum“
3377 2797 3395 2830 ι
3431 2777 3498 2830 ab

1942 2877 2033 2929 illo
2065 2876 2172 2930 Deo
2217 2875 2324 2931 dici
2373 2877 2465 2946 qui
2501 2875 2684 2931 omnia
2727 2875 3120 2944 complectitur,
3155 2873 3239 2928 vel
3280 2870 3495 2941 opinari

1941 2982 2062 3020 eum
2107 2982 2274 3036 super
2319 2981 2468 3022 mare
2517 2967 2901 3022 ambulavisse.
2950 2965 3157 3031 Quidve
3201 2963 3406 3018 mirum
3441 2970 3499 3018 et

1943 3057 2184 3112 increata
2244 3065 2439 3111 natura
2492 3057 2748 3128 dignum,
2797 3057 2953 3128 quasi
3005 3056 3234 3112 sublime
3283 3053 3498 3109 facinus

274 3171 293 3202 ι
321 3152 452 3221 Οὐχὶ
474 3151 560 3204 τὸν
576 3149 798 3220 οὐρανὸν
827 3150 920 3202 καί
939 3148 1034 3219 τὴν
1064 3149 1165 3218 γῆν
1197 3146 1305 3215 ἐγὼ
1329 3147 1544 3218 πληρῶ,
1565 3147 1711 3215 λέγει
1729 3147 1840 3198 Κύ-

1949 3150 2129 3204 dicere
2154 3149 2394 3219 patuisse
2421 3149 2469 3205 ei
2499 3151 2690 3205 mortis
2730 3149 2960 3220 portas?
3000 3147 3253 3218 Nunquid
3283 3147 3501 3202 deceret

273 3260 407 3316 ριος,
445 3260 461 3292 ι
492 3237 551 3296 οὗ
585 3261 603 3292 ‹
639 3244 667 3294 ὁ
690 3240 916 3311 οὐρανὸς
939 3238 1142 3308 θρόνος,
1177 3239 1211 3307 ή
1243 3237 1300 3289 δέ
1329 3237 1398 3306 γῆ
1423 3236 1706 3290 ὑποπόδιον
1727 3237 1835 3288 τῶν

264 3335 466 3398 ποδῶν,
511 3353 529 3385 ι
558 3334 646 3387 τὸν
693 3332 1084 3403 ἐμπεριέχοντα
1130 3329 1197 3382 τὰ
1248 3330 1420 3382 πάντα
1471 3327 1603 3380 Θεὸν
1654 3328 1838 3380 τοῦτον

267 3429 520 3497 φάσκειν,
548 3427 581 3498 ἢ
613 3427 716 3480 κᾶν
740 3427 936 3479 ἐννοεῖν
960 3425 1016 3475 ἐν
1046 3421 1212 3491 ἴχνεσι
1242 3419 1513 3490 θαλάσσης
1539 3435 1841 3490 περιπεπα-

267 3521 526 3594 τηκέναιο
559 3519 611 3573 τί
656 3520 713 3573 δέ
745 3520 838 3572 καὶ
879 3515 1205 3587 θαυμαστὸν,
1241 3513 1272 3584 ἢ
1321 3511 1467 3598 ἄξιον
1497 3512 1598 3583 τῆς
1643 3512 1841 3581 ’ἀγενή-

269 3634 366 3668 του
401 3614 631 3684 φύσεως,
667 3613 852 3681 ὥσπερ
890 3610 1030 3680 μέγα
1063 3625 1113 3659 τι
1145 3605 1370 3675 φάσκειν
1403 3603 1670 3674 ὴνεῷχθαι
1699 3603 1844 3673 αὐτῷ

267 3707 372 3770 τὰς
398 3705 492 3759 τοῦ
536 3705 764 3758 θανάτου
807 3702 1008 3764 πύλας;
1054 3695 1161 3770 ἆρα
1194 3697 1249 3749 δέ
1293 3695 1491 3767 πρέποι
1537 3694 1602 3748 ἂν
1627 3693 1702 3765 τῷ
1736 3694 1843 3746 τῶν

269 3797 408 3850 ὅλων
436 3795 553 3867 Θεῷ
579 3795 652 3858 ώς
687 3794 828 3865 μέγα
855 3811 905 3845 τι
935 3791 1026 3844 καί
1061 3787 1358 3859 παράδοξον
1393 3787 1518 3851 περί
1550 3785 1739 3839 ἐαυτοῦ
1763 3785 1840 3838 δι-

271 3887 588 3959 εξέρχεσθαι
614 3886 674 3938 τὸ
690 3885 815 3946 τοὺς
842 3884 1123 3954 πυλωροὺς
1145 3881 1235 3935 τοῦ
1255 3881 1420 3933 ’Ἄδου
1451 3878 1656 3940 ἰδόντας
1682 3876 1840 3929 αὑτὸν

1945 3242 2188 3295 omnium
2223 3241 2414 3306 Deum,
2446 3242 2603 3311 quasi
2635 3257 2886 3312 magnum
2919 3240 3188 3310 quoddam
3218 3246 3380 3309 atque
3411 3238 3500 3291 vix

1944 3331 2275 3386 credendum
2317 3332 2384 3386 de
2423 3348 2482 3387 se
2517 3331 2634 3400 ipso
2671 3331 2965 3400 praedicare
3012 3328 3214 3384 inferni
3249 3327 3502 3382 ostiarios

1948 3423 2067 3492 ipso
2099 3423 2214 3477 viso
2253 3423 2651 3477 contremuisse
2679 3423 2701 3474 ?
2729 3421 2988 3490 Equidem
3020 3435 3128 3474 non
3165 3419 3360 3489 opinor
3390 3418 3502 3471 haec

1949 3513 2017 3566 de
2048 3527 2113 3568 eo
2142 3512 2271 3576 dici,
2306 3512 2400 3567 sed
2431 3513 2517 3581 pie
2544 3527 2606 3564 ac
2630 3512 2683 3563 vi
2712 3511 2858 3564 nulla
2876 3511 3126 3580 adoptari
3149 3516 3376 3579 possunt
3407 3507 3501 3561 Dei

1954 3599 2150 3667 Verbo,
2187 3599 2454 3656 Salvatori
2488 3598 2824 3668 Dominoque
2867 3605 3058 3652 nostro
3098 3597 3226 3652 Jesu
3263 3595 3501 3657 Christo,

1949 3693 2043 3762 qui
2074 3693 2237 3746 homo
2284 3692 2458 3746 factus
2503 3701 2604 3754 est,
2642 3699 2870 3744 mortem
2917 3689 3058 3752 tulit,
3099 3686 3444 3755 surrexitque
3475 3703 3504 3746 ιι

1949 3786 2178 3839 mortuis
2239 3782 2418 3838 divina
2489 3791 2755 3854 potestate
2787 3820 2802 3845 ,
2866 3789 3192 3852 acceptaque
3256 3794 3284 3832 τι
3348 3777 3505 3839 Patre

1948 3878 2170 3933 virtute.

273 3978 603 4049 ἐπτηκέναι;
643 3975 780 4028 Ἀλλ’
814 3975 952 4045 (οὐκ)
981 3970 1132 4044 οἶμαι
1189 3973 1356 4026 ταῦτα
1387 3972 1515 4043 περὶ
1547 3969 1712 4023 αὑτοῦ
1774 3969 2046 4039 λέγεσθαι,
2078 3971 2298 4024 δύναταί
2330 3986 2390 4037 γε
2464 3969 2568 4040 μὴν
2604 3967 2929 4040 ἐφαρμόζειν
2962 3965 3194 4038 εὐσεϐῶς
3219 3964 3310 4019 καὶ
3347 3961 3505 4016 ἀϐιά-

275 4087 415 4133 στως
440 4069 530 4122 εει
556 4069 647 4121 τὸν
692 4067 786 4122 τοῦ
815 4067 948 4120 Θεοῦ
984 4067 1173 4133 Λόγον,
1207 4065 1295 4119 τὸν
1337 4065 1562 4135 Σωτῆρα
1610 4061 1703 4114 καὶ
1734 4061 1935 4133 Κύριον
1957 4062 2112 4134 ἡμῶν
2147 4060 2353 4132 Ἰησοῦν
2414 4059 2664 4132 Χριστὸν,
2714 4059 2804 4112 τὸν
2852 4058 3361 4132 ἐνανθρωπὴσαντα,
3415 4055 3508 4108 καὶ

269 4164 502 4218 ’θάνατον
540 4164 924 4234 ὑπομείναντα,
955 4162 1259 4216 ἀναστάντα
1293 4178 1348 4213 τε
1385 4161 1446 4212 ἐκ
1479 4156 1684 4228 νεκρῶν
1713 4156 1848 4229 μετὰ
1888 4157 2034 4225 θείας
2061 4157 2337 4229 δυνάμεως
2366 4158 2458 4211 καὶ
2499 4155 2597 4226 τῆς
2624 4153 2866 4224 δοθείσης
2895 4151 3040 4227 αὐτῷ
3081 4149 3228 4222 παρὰ
3264 4147 3355 4202 τοῦ
3405 4145 3510 4206 Παε-

275 4255 405 4328 τρδς
434 4254 694 4322 ἐξουσίας.

819 4371 1207 4424 ΚΕΦΑΛΑΙΟΝ
1235 4369 1308 4420 8'.

403 4549 409 4554 _
922 4487 1030 4539 Τοῦ
1074 4486 1216 4540 Ἰώό.

353 4599 522 4653 Πάλιν
555 4602 583 4652 6
613 4598 815 4672 Κύριος
845 4601 901 4652 ἐν
939 4598 1016 4668 τῷ
1051 4597 1184 4668 πρὸς
1211 4597 1302 4649 τὸν
1342 4596 1457 4649 Ἰὼϐ
1489 4595 1855 4666 χρηματισμῷ

267 4691 346 4763 ·(ΐ.
368 4691 460 4761 29)
497 4691 623 4762 περὶ
657 4690 750 4744 τοῦ
781 4691 1068 4762 δράκοντος,⁹
1114 4689 1489 4759 διαλεγόμενός
1516 4704 1698 4757 φησιν,
1728 4706 1746 4736 ‹
1781 4687 1854 4738 Οὐ

283 4785 549 4847 δέδοικας,
579 4785 660 4836 ὅτι
697 4783 1017 4854 ἡτοίμασταί
1054 4799 1174 4853 μοι;
1214 4803 1230 4832 ι
1265 4783 1426 4850 φησιν
1467 4782 1547 4834 ὃτι
1585 4783 1612 4833 6
1645 4779 1859 4850 δράκων

277 4875 386 4928 ὀὐκ
411 4874 567 4937 ἄλλος
602 4873 676 4928 ὢν
700 4873 792 4926 τοῦ
825 4873 1088 4927 διαϐόλου.
1107 4874 1248 4944 Ὅρα
1261 4869 1352 4925 οὖν
1378 4874 1424 4924 εἰ
1442 4871 1588 4938 ἄξιον
1611 4871 1854 4940 ὑπολαμ-

286 4967 469 5022 ϐάνειν
492 4967 583 5020 τὸν
597 4967 705 5021 τῶν
729 4967 864 5024 ὅλων
888 4968 1019 5019 Θεὸν
1039 4967 1192 5020 τοῦτο
1219 4967 1466 5035 φάσκειν·
1483 4964 1764 5038 άρμόζοιδ’
1789 4965 1854 5017 ἂν

290 5060 489 5129 μᾶλλον
525 5059 602 5132 τῷ
634 5059 822 5131 Κυρίῳ
858 5060 950 5112 καὶ
982 5059 1189 5128 Σωτῆρι
1234 5058 1409 5127 ἡμῶν,
1443 5051 1487 5125 ᾧ
1533 5057 1674 5127 μόνῳ
1713 5056 1856 5126 ἡτοί-

291 5169 492 5221 μασται
518 5155 546 5205 6
576 5152 678 5204 ὑπὸ
709 5151 932 5222 μηδενὸς
965 5152 1148 5221 ἐτέρου
1169 5149 1426 5220 νικηθεὶς,
1453 5149 1633 5220 σχεδὸν
1659 5148 1714 5200 δὲ
1746 5146 1854 5200 τῶν

290 5244 503 5297 πάντων
557 5242 922 5314 ὑπερισχύσας
959 5241 1217 5303 διάϐολος,
1261 5241 1440 5293 ὅντινα
1494 5239 1652 5310 μόνος
1695 5238 1857 5299 αὐτὸς

289 5339 318 5387 6
350 5336 564 5388 πάντων
623 5334 962 5404 ἰσχυρότερος
1001 5332 1093 5385 τοῦ
1127 5331 1259 5384 Θεοῦ
1314 5332 1481 5398 Λόγος
1528 5327 1858 5400 ἐχειρώσατο

291 5427 430 5480 κατὰ
465 5427 544 5488 τὸ,
579 5445 597 5476 ι
646 5428 703 5479 '0
738 5426 940 5496 μέλλων
969 5424 1028 5476 τὸ
1065 5424 1202 5494 μέγα
1236 5422 1399 5491 κῆτος
1424 5418 1806 5492 χειρώσασθαι·
1835 5438 1852 5468 ι

289 5519 319 5571 δ
355 5522 447 5572 καὶ
482 5520 881 5590 χειρωσάμενος
935 5515 1153 5585 θαρσεῖν
1200 5516 1310 5576 τοῖς
1349 5511 1542 5566 ἑαυτοῦ
1595 5510 1859 5581 μαθηταῖς

451 5675 590 5731 Psnl.
630 5693 796 5740 mn,
833 5677 883 5729 7.
989 5674 1030 5705 ³⁸
1067 5671 1212 5726 Psal.
1249 5687 1330 5725 ενι
1356 5710 1370 5734 ,
1410 5671 1490 5724 l6.

294 5760 357 5804 ιιι
383 5787 394 5811 ,
430 5748 480 5800 8.

1601 5669 1643 5701 ³³
1684 5665 1794 5720 Jcr.
1832 5676 2001 5728 χχιιι,
2031 5660 2123 5714 2t.

2570 4357 2793 4414 CAPUT
2838 4355 2926 4416 ΙΧ,

2632 4471 2680 4525 Ε
2720 4469 2844 4527 Job.

2014 4591 2260 4647 Rursum
2288 4588 2549 4642 Dominus
2595 4587 2648 4640 in
2679 4599 2778 4640 sua
2819 4581 2885 4636 ad
2927 4580 3028 4635 Job
3069 4579 3404 4650 apparitione
3445 4579 3510 4633 de

1954 4687 2190 4740 dracone
2227 4681 2530 4736 collocutus
2559 4677 2697 4734 dixit
2730 4692 2744 4726 ι
2782 4693 2801 4725 ι
2836 4671 3024 4728 Nonne
3053 4672 3213 4725 times
3241 4671 3384 4740 quod
3416 4685 3508 4739 pa-

1957 4785 2136 4830 ratum
2155 4781 2238 4831 est
2259 4771 2390 4827 mihi
2409 4770 2502 4824 ⁸ίῖ
2532 4789 2552 4823 ι
2577 4767 2868 4825 ostendens
2891 4765 3180 4821 draconem
3201 4779 3310 4816 non
3347 4762 3508 4814 alium

1954 4885 2075 4927 esse
2103 4885 2165 4924 ac
2191 4868 2488 4924 diabolum.
2523 4863 2658 4919 Vide
2687 4862 2849 4933 igitur
2877 4877 2945 4916 an
2977 4859 3197 4930 dignum
3222 4864 3366 4912 esset
3396 4855 3513 4910 exi-

1957 4963 2178 5017 stimare
2231 4959 2473 5014 omnium
2505 4956 2675 5012 Deum
2706 4955 2810 5010 hoc
2841 4952 3054 5017 dicere;
3083 4949 3279 5004 melius
3312 4959 3510 5002 conve-

1957 5055 2100 5109 niret
2129 5051 2260 5106 illud
2293 5049 2523 5104 Domino
2549 5056 2602 5104 et
2634 5045 2900 5101 Salvatori
2930 5050 3138 5105 nostro,
3167 5040 3254 5095 cui
3281 5039 3382 5095 soli
3412 5051 3510 5107 pa-

1956 5150 2108 5196 ratus
2136 5148 2220 5196 est
2243 5139 2332 5194 ille
2375 5151 2534 5208 quem
2584 5148 2744 5191 nemo
2785 5145 3025 5202 unquam
3053 5129 3278 5191 vicerat,
3316 5123 3515 5193 quique

1958 5233 2202 5286 omnium
2227 5231 2339 5286 fere
2366 5228 2649 5284 exstiterat
2667 5226 2861 5288 victor,
2887 5222 3154 5285 diabolus,
3181 5234 3339 5286 quem
3365 5217 3516 5272 solus

1960 5327 2078 5396 ipse
2109 5323 2350 5380 omnium
2382 5319 2733 5385 fortissimus,
2769 5315 2862 5372 Dei
2896 5313 3129 5370 Verbum
3174 5309 3392 5372 devicit,
3430 5322 3516 5362 se-

1960 5421 2196 5470 cundum
2234 5413 2366 5469 illud
2416 5431 2429 5466 :
2497 5429 2518 5462 ‹
2571 5409 2673 5476 Qui
2721 5420 2976 5479 magnum
3036 5413 3154 5460 cete
3205 5403 3516 5458 devicturus

1962 5514 2047 5560 est
2073 5504 2140 5559 δ’.
2183 5523 2200 5556 ι
2229 5501 2348 5568 Quo
2384 5500 2526 5555 enim
2569 5499 2863 5561 substrato,
2905 5495 3202 5564 discipulos
3231 5507 3358 5548 suos
3387 5508 3516 5546 con-

2237 5658 2280 5691 δο
2321 5655 2422 5711 lsa.
2461 5668 2583 5709 uvt
2610 5695 2624 5722 ,
2660 5652 2710 5706 l.
2824 5651 2866 5682 “
2909 5647 3008 5704 Job
3042 5663 3149 5713 xu,
3190 5648 3238 5701 l.
3335 5648 3375 5676 "
3413 5642 3516 5701 Joh
