3926 6260
479 277 632 332 ’⁸1155

1187 274 1453 331 EUSEBII
1490 273 1959 330 CESARIENSIS
2000 270 2147 328 OPP.
2192 270 2371 326 PARS
2405 270 2488 326 Ill.
2532 302 2600 311 —
2638 269 3045 328 EXEGETICA.

3540 280 3644 337 “38

494 394 659 450 ﬁdere
705 394 880 466 jubet,
903 393 1090 450 dicens
1128 414 1139 448 :
1180 414 1198 447 ι
1246 395 1533 466 Conlidite,
1586 412 1684 470 ego
1736 398 1841 454 vici
1888 410 2041 451 mun-

2149 394 2578 465 παρακελεύεται
2617 394 2805 464 λέγων,
2845 413 2862 445 ι
2892 393 3171 465 Θαρσεῖτε,
3206 393 3311 463 ἐγὼ
3335 398 3555 472 νενίκηκα
3575 407 3643 458 τὸν

492 488 625 544 dum
655 488 719 545 ⁸³.
757 510 775 543 ι

563 584 688 639 Haec
735 591 865 640 sunt
913 585 981 641 de
1025 585 1249 656 poeticis
1294 600 1415 657 quae
1464 550 1713 641 Psalmos
1746 592 2049 655 sequuntur

494 675 676 743 libris];
721 684 970 747 superest
998 688 1057 733 ut
1087 678 1141 733 in
1185 678 1529 749 propheticas
1568 675 1903 748 Scripturas,
1944 678 2052 748 pri-

492 783 747 840 mumque
783 772 837 823 in
866 768 1151 826 duodecim
1180 771 1600 827 commentarios
1633 770 1975 842 colligamus.

1094 882 1324 939 CAPUT
1362 883 1429 937 X.

1118 997 1202 1052 Ea:
1240 997 1391 1054 Osee.

564 1108 584 1141 α
614 1089 799 1161 itaque
826 1106 925 1162 ego
953 1107 1071 1147 sum
1101 1092 1258 1162 quasi
1290 1092 1493 1163 pardus
1518 1092 1773 1165 Ephraim
1811 1099 1865 1150 et
1892 1091 2045 1164 quasi

490 1177 574 1234 leo
600 1178 781 1234 domui
812 1177 949 1234 Juda
978 1180 1046 1235 “.
1084 1199 1103 1234 ι
1138 1181 1204 1235 Ει
1242 1181 1296 1236 in
1337 1182 1444 1237 alio
1488 1183 1611 1239 loco
1640 1183 1884 1254 ejusdem
1923 1198 2051 1254 pro-

490 1271 663 1341 phetae
695 1271 955 1330 Dominus
983 1271 1049 1328 de
1072 1288 1130 1329 se
1156 1272 1277 1344 ipso
1293 1273 1425 1329 dicit
1454 1292 1467 1329 :
1497 1294 1515 1327 ι
1548 1274 1616 1329 Ει
1639 1291 1734 1331 ero
1754 1276 1896 1330 sicut
1918 1289 2050 1345 par-

488 1362 591 1419 dus
620 1365 684 1419 ".
718 1384 737 1417 ι
764 1363 998 1422 Necesse
1021 1371 1106 1420 est
1134 1364 1297 1434 igitur
1324 1380 1446 1435 qum
1472 1365 1539 1423 de
1561 1366 1661 1421 hac
1691 1365 1804 1421 fera
1830 1373 2050 1420 narrata

490 1465 618 1510 sunt
644 1455 857 1523 videre;
898 1456 1241 1528 primumque
1287 1457 1401 1512 haec
1440 1459 1495 1513 in
1536 1456 1748 1530 Didymi
1804 1455 2049 1529 Physicis

489 1547 820 1603 invenimus.

554 1638 765 1696 Pardus
788 1639 988 1694 animal
1027 1655 1134 1695 non
1166 1641 1341 1697 solum
1377 1648 1466 1697 est
1495 1640 1777 1711 pulchrum
1820 1656 2048 1712 corpore

2152 503 2372 540 κοσαον.
2405 505 2421 540 1

2220 505 2251 539 σ
2296 505 2372 540 ον.
2405 505 2421 540 ι

2219 505 2401 631 Titum
2431 576 2524 632 καὶ
2552 577 2619 632 τὰ
2646 578 2754 632 ἀπὸ
2782 581 2891 632 τῶν
2929 578 3065 649 μετὰ
3098 579 3222 643 τοὺς
3247 577 3472 653 ψαλμοὺς
3500 601 3645 658 στιχη-

2153 669 2279 740 ρῶψ
2304 667 2477 721 λείπει
2520 667 2586 721 τὰ
2610 669 2715 722 ἀπὸ
2752 668 2857 722 τῶν
2897 668 3246 741 προφητικῶν
3272 670 3483 742 Γραφῶν
3508 676 3649 729 ἀναλέ-

2151 761 2359 827 ξασθαι,
2398 763 2487 814 καὶ
2519 761 2708 832 πρῶτά
2737 779 2800 831 γε
2828 762 2894 815 τὰ
2918 763 3024 817 ἀπὸ
3047 761 3157 815 τῶν
3188 763 3404 818 δώδεκα.
3614 768 3619 772 “

2674 875 3069 929 ΚΕΦΑΛᾺΙΟΝ
3131 877 3187 929 I'.

2680 987 2811 1040 Ἀπὸ
2845 985 2952 1040 τοῦ
2995 986 3189 1053 Ὠσηέ.

2226 1098 2244 1129 ε
2281 1079 2425 1132 Διότι
2459 1077 2569 1147 ἐγώ
2595 1079 2710 1148 εἰμι
2744 1076 2819 1141 ὡς
2856 1075 3071 1146 πάνθηρ
3114 1065 3193 1146 τῷ
3233 1075 3473 1147 Ἕφραῒμ,
3500 1079 3576 1132 καὶ
3597 1081 3651 1143 ὡς

2149 1172 2284 1227 λέων
2310 1172 2388 1243 τῷ
2415 1171 2549 1244 οἴκῳ
2590 1169 2777 1225 Ἰούδα.
2818 1189 2837 1221 ι
2879 1169 3029 1223 Ἐπεὶ
3058 1170 3151 1224 καὶ
3178 1172 3237 1223 ὲν
3260 1168 3420 1240 ἑτέρῳ
3443 1170 3568 1240 τόπῳ
3583 1171 3652 1224 τοῦ

2150 1264 2314 1319 αὐτοῦ
2337 1264 2615 1336 προφήτου
2632 1263 2660 1316 6
2685 1260 2885 1331 Κύριος
2916 1260 3043 1331 περὶ
3057 1256 3248 1313 ἑαυτοῦ
3277 1275 3430 1331 φησιν
3446 1258 3517 1322 τδ,
3541 1278 3555 1307 ι
3572 1260 3654 1312 Καὶ

2151 1356 2340 1428 ἔσομαι
2363 1356 2438 1419 ὡς
2467 1353 2701 1425 πάνθηρ,
2732 1372 2750 1405 ι
2783 1353 3075 1421 ἀναγκαῖον
3114 1350 3241 1403 ἰδεῖν
3267 1350 3332 1403 τὰ
3362 1349 3654 1421 ἱστορούμενα

2152 1447 2232 1521 [ἃ]
2263 1448 2392 1520 περὶ
2418 1445 2511 1499 τοῦ
2542 1444 2701 1511 ζώου·
2725 1444 2819 1498 καὶ
2850 1443 2914 1515 δὴ
2940 1441 3046 1497 άπδ
3063 1442 3156 1497 τοῦ
3186 1441 3399 1514 πρώτου
3426 1441 3522 1495 τῶν
3545 1442 3657 1494 Διδύ-

2155 1557 2254 1612 μου
2281 1535 2527 1591 Φυσικῶν
2555 1534 2726 1588 ταῦτα
2755 1534 3106 1606 παραθετέον.

2221 1629 2444 1700 Πάνθηρ
2468 1627 2690 1692 τὸζῶον
2733 1627 2793 1679 οὐ
2836 1626 2995 1698 μόνον
3023 1625 3141 1679 ἐστὶ
3176 1625 3318 1679 κατὰ
3347 1624 3403 1677 τὸ
3439 1623 3575 1694 σῶμα
3593 1623 3659 1676 εὓ-

486 1732 722 1797 stellato,
747 1732 843 1787 sed
870 1741 1062 1787 natura
1092 1747 1258 1789 suave
1279 1732 1453 1798 olens,
1474 1722 1673 1789 Indicis
1706 1733 2041 1789 aromatibus

2155 1738 2377 1796 μορφον,
2412 1719 2663 1791 καθάπερ
2695 1718 3029 1791 ἀστερωπὸς,
3060 1717 3173 1771 ἀλλ’
3202 1717 3326 1770 ἐπεὶ
3354 1717 3566 1785 πέφυκεν
3593 1715 3658 1769 εὐ-

487 1824 754 1880 suavitate
782 1825 1057 1894 praecellit.
1088 1824 1144 1880 ln
1166 1834 1344 1890 antro,
1381 1824 1486 1880 nisi
1518 1839 1642 1879 cum
1674 1823 1816 1880 fame
1843 1824 2043 1895 premi-

486 1925 596 1981 tur,
625 1923 809 1971 manet
849 1916 1204 1973 umbraticus.
1235 1915 1462 1983 Quando
1509 1925 1686 1970 autem
1723 1914 1915 1986 praeda:
1958 1932 2048 1971 ue-

485 2006 742 2064 cessitate
762 2009 1054 2073 excitatur,
1082 2009 1233 2064 solus
1261 2015 1522 2079 pererrat.
1556 2007 1689 2064 Aliae
1717 2006 2044 2075 feraepsuavi

483 2100 729 2172 corporis
754 2101 874 2171 ejus
900 2101 1193 2172 fragrantia
1224 2109 1412 2171 captaa,
1440 2107 1632 2170 sponte
1657 2115 1781 2155 eum
1805 2115 2047 2171 sequun-

485 2196 595 2245 tur.
629 2189 728 2245 Hic
761 2206 890 2246 vero
923 2191 1159 2261 obliquis
1189 2191 1364 2246 oculis
1395 2199 1639 2261 paratam
1670 2191 1774 2247 sibi
1807 2191 2043 2261 praedam

485 2281 817 2351 speculatur,
846 2290 1008 2352 atque
1039 2281 1297 2352 ingruens
1318 2281 1514 2337 aufert.

552 2540 679 2599 Haec
707 2543 925 2615 quidem
949 2544 1016 2600 de
1046 2544 1207 2615 hujus
1237 2544 1364 2601 ferae
1395 2553 1611 2603 natura.
1640 2547 1923 2615 Quomodo
1951 2563 2044 2604 au-

484 2640 589 2688 tem
620 2634 689 2689 ad
725 2634 898 2690 divini
943 2633 1107 2693 Verbi
1156 2636 1434 2706 virtutem,
1485 2653 1816 2710 suavemque
1865 2640 1936 2695 ab
1980 2655 2045 2695 eo

482 2725 790 2780 exhalatum
837 2727 1057 2784 odorem
1085 2728 1198 2784 haec
1256 2727 1539 2786 referenda
1572 2732 1702 2796 sint,
1759 2732 2047 2789 ostendere

483 2833 635 2874 nunc
659 2819 943 2890 prolixius.
980 2821 1094 2877 Hoc
1140 2822 1507 2893 objiciendum
1538 2832 1683 2880 esset
1723 2823 1923 2880 Judmis
1953 2827 2046 2896 qui

483 2908 716 2979 maligne
766 2924 832 2965 ac
868 2910 1131 2982 probrose
1159 2928 1189 2967 e
1231 2912 1401 2983 pardo
1451 2921 1642 2967 natum
1692 2929 1814 2970 esse
1856 2914 2046 2969 dicunt

484 2995 819 3057 Salvatorem
845 3000 1241 3074 Dominumque
1275 3012 1521 3060 nostrum
1538 3003 1723 3061 Jesum
1744 3004 2043 3065 Christum.

482 3089 638 3157 Quod
662 3108 807 3158 vero,
830 3093 876 3149 si
894 3096 1065 3167 magis
1081 3098 1309 3167 mystico
1322 3112 1487 3152 sensu
1509 3098 1834 3168 acciperent,
1852 3114 1960 3155 non
1979 3100 2045 3156 de

2148 1832 2309 1879 πνους
2335 1810 2659 1883 ὑπερϐάλλει
2688 1810 2780 1863 καὶ
2807 1808 2913 1863 τῶν
2950 1809 3080 1880 παρ’
3118 1807 3299 1871 Ἰνδοῖς
3328 1807 3596 1879 ἀρωμάτων
3620 1808 3660 1860 ὲν

2146 1901 2360 1973 εὐωδίᾳ·
2393 1894 2545 1966 οὗτος
2573 1900 2676 1964 ἓως
2703 1894 2764 1954 οὗ
2804 1900 2864 1953 οὐ
2889 1897 3217 1969 πεπείνηκεν
3248 1898 3306 1949 ὲν
3334 1897 3399 1967 τῇ
3425 1893 3661 1949 καταδύσει

2149 1993 2317 2063 μένει,
2364 1992 2532 2046 θέλων
2586 1991 2831 2062 οἰκουρός
2882 2007 2968 2053 τις
3007 1984 3164 2043 εἶναι·
3226 1987 3366 2041 ἐπὰν
3411 1987 3464 2040 δὲ
3502 1986 3662 2055 τροφῆς

2146 2082 2455 2156 ἐπιθυμήσῃ
2498 2079 2840 2152 μεταλαϐεῖν,
2882 2078 3156 2151 προελθὼν
3195 2077 3395 2148 βαδίζει
3433 2077 3585 2147 μόνον·
3611 2075 3662 2127 τὰ

2144 2173 2187 2225 δ’
2215 2172 2349 2227 ἄλλα
2380 2172 2543 2244 θηρία
2572 2171 2903 2242 ἁλισκόμενα
2924 2169 3028 2222 ὐπὺ
3050 2169 3149 2240 τῆς
3174 2168 3399 2230 εὐωδίας
3428 2165 3572 2218 αὐτοῦ
3590 2166 3662 2234 τῆς

2146 2265 2273 2337 περὶ
2300 2263 2361 2317 τὸ
2399 2263 2556 2333 σῶμα
2584 2261 2863 2315 ἀκολουθεῖ
2885 2259 3193 2332 κηλούμενα
3210 2277 3222 2290 ·
3239 2262 3270 2313 6
3290 2259 3345 2312 δὲ
3363 2258 3565 2326 πλάγιος
3581 2259 3662 2319 toi;

2147 2355 2443 2426 ὀφθαλμοῖς
2479 2354 2540 2407 τὸ
2572 2354 2871 2425 ἐπιτήδειον
2903 2352 3050 2423 αὐτῷ
3089 2351 3277 2424 θηρίον
3308 2351 3564 2422 αἱρεθῆναι
3592 2367 3662 2402 πε-

2148 2445 2388 2516 ριϐλέπει
2419 2444 2511 2498 καὶ
2540 2444 2884 2514 ἐπιπηδήσας
2912 2441 3047 2512 ἔχει.

2218 2536 2296 2590 T'z
2344 2536 2440 2607 μὲν
2484 2534 2546 2606 δὴ
2583 2535 2711 2606 περὶ
2751 2533 2850 2603 τῆς
2902 2532 3115 2602 φύσεως
3162 2531 3259 2584 τοῦ
3308 2529 3442 2596 ζὼου
3469 2528 3662 2582 τοιαῦτα

2145 2627 2292 2690 ὅπως
2327 2626 2371 2680 δ’
2400 2625 2494 2681 ἐπὶ
2519 2624 2616 2696 τὴν
2645 2622 2738 2678 τοῦ
2775 2623 2916 2677 θείου
2946 2622 3120 2691 Λόγου
3152 2620 3382 2692 δύναμιν
3409 2618 3495 2672 καὶ
3522 2617 3600 2687 τὴν

2148 2720 2313 2791 αὐτῆς
2342 2718 2715 2772 ἀποπνέουσαν
2743 2716 2967 2770 εὐωδίαν
2994 2714 3165 2768 ταῦτα
3191 2712 3550 2784 μεταφέροιτο,
3584 2727 3663 2778 με·

2147 2811 2277 2883 κρδν
2321 2810 2386 2864 ἂν
2432 2808 2515 2879 εἴη
2565 2808 2658 2862 νῦν
2699 2807 3021 2881 διηγεῖσθαι.
3065 2806 3405 2878 Παραθετέον
3447 2803 3501 2854 τὸ
3543 2799 3666 2875 ῥητὸν

2147 2901 2282 2974 πρὸς
2300 2901 2424 2965 τοὺς
2454 2903 2517 2954 ὲκ
2539 2903 2837 2972 περιτομῆς
2852 2899 2994 2953 κατά
3013 2915 3132 2951 τινα
3152 2897 3216 2968 δὴ
3233 2893 3476 2966 διαϐολὴν
3490 2895 3566 2946 καὶ
3584 2892 3667 2943 ὀι-

2145 2992 2329 3067 δορίαν
2365 2993 2671 3063 φάσκοντας
2715 2994 2779 3044 ὲκ
2823 2991 3097 3064 πάνθηρος
3134 2988 3455 3059 γεγενῆσθαι
3483 2985 3563 3037 st":
3584 2985 3668 3037 Σω-

2146 3086 2287 3159 τῆρα
2325 3086 2419 3141 καὶ
2443 3085 2646 3158 Κύριον
2672 3083 2830 3157 ἡμῶν
2878 3083 3081 3156 Ἰησοῦν
3112 3083 3367 3153 Χριστόν·
3401 3080 3428 3133 ὂ
3457 3079 3540 3133 καὶ
3562 3078 3669 3147 τάχα

481 3198 647 3240 sensu
695 3185 1049 3257 ambigerent,
1105 3202 1170 3243 eo
1220 3189 1363 3259 quod
1419 3204 1528 3245 non
1581 3197 1768 3261 aptum
1799 3192 2041 3248 videatur

2149 3178 2285 3233 κατά
2312 3195 2434 3233 τινα
2455 3177 2749 3249 παράδοσιν
2775 3175 3173 3247 μυστικώτερόν
3206 3191 3264 3228 τι
3292 3172 3539 3245 δηλοῦσαν
3564 3184 3670 3237 παρ-

484 3279 776 3350 prophetia
797 3281 996 3351 verbis,
1028 3284 1082 3337 in
1106 3298 1213 3354 qua
1241 3300 1299 3340 se
1328 3284 1507 3356 ipsum
1527 3284 1791 3343 Dominus
1813 3286 2042 3359 pardum

484 3372 751 3430 nominat.

1079 3555 1308 3612 CAPUT
1360 3556 1450 3615 XI.

1095 3689 1178 3744 Ea:
1208 3692 1407 3748 eodem.

562 3819 577 3851 ι
613 3801 917 3874 Consurget
948 3805 1213 3861 tumultus
1258 3806 1313 3861 in
1362 3809 1562 3879 populo
1592 3816 1723 3879 tuo;
1755 3818 1811 3866 et
1853 3825 2044 3868 omnes

478 3894 809 3953 munitiones
841 3905 946 3953 tua:
973 3899 1362 3965 vastabuntur;
1399 3902 1542 3958 sicut
1591 3904 1842 3975 princeps
1884 3902 2045 3959 Sala-

478 3998 604 4039 mon
635 4000 665 4040 e
690 3987 852 4042 domo
874 3986 1185 4056 Jeroboam,
1209 3992 1267 4046 in
1303 3992 1389 4048 die
1416 3994 1611 4063 prmlii,
1658 4004 1832 4051 matre
1877 4010 2044 4067 super

478 4075 618 4132 ﬁlios
646 4079 822 4142 allisa,
864 4081 944 4135 sic
974 4078 1144 4149 faciet
1172 4083 1325 4137 vobis
1354 4083 1548 4140 domus
1600 4085 1786 4151 lsrael,
1830 4102 1860 4141 a
1908 4087 2044 4141 facie

477 4168 695 4225 malitiae
725 4171 1088 4241 nequitiarum
1114 4181 1432 4241 vestrarum,
1463 4178 1590 4247 quia
1621 4194 1753 4247 puer
1776 4179 1964 4239 lsrael,
1991 4186 2043 4232 et

476 4258 641 4314 dilexi
671 4276 796 4316 eum
826 4277 838 4313 :
872 4269 926 4317 et
955 4278 1020 4317 ex
1046 4262 1279 4343 {Egypto
1309 4266 1497 4320 vocavi
1536 4264 1676 4321 ﬁlios
1712 4266 1851 4336 ejus.
1891 4266 2043 4319 Sicut

475 4352 665 4407 vocavi
690 4368 804 4421 eos,
837 4354 917 4410 sic
943 4356 1193 4411 abierunt
1242 4372 1273 4412 a
1322 4356 1459 4413 facie
1489 4373 1606 4413 mea
1636 4359 1700 4414 “.
1737 4378 1757 4411 ι
1812 4357 1916 4412 Pro
1956 4358 2041 4410 his

475 4443 688 4499 verbis:
716 4461 735 4494 ι
769 4441 835 4497 Et
855 4459 921 4499 ex
951 4442 1186 4518 Egypto
1210 4448 1399 4501 vocavi
1429 4446 1569 4503 ﬁlios
1589 4447 1729 4517 ejus,
1761 4465 1782 4498 ι
1810 4445 2040 4502 Hebrai-

475 4550 599 4591 cum
629 4546 852 4594 secutus
874 4538 1071 4611 Aquila
1111 4540 1426 4597 transtulit:
1450 4560 1470 4594 ι
1492 4540 1571 4596 Ex
1587 4540 1821 4613 IEgypto
1850 4543 2037 4597 vocavi
2073 4520 2115 4574 D

474 4624 646 4683 lilium
679 4642 878 4684 meum.
907 4650 927 4683 ι
958 4628 1278 4688 Necessario
1310 4630 1443 4687 illud
1468 4633 1674 4688 dictum
1706 4633 2035 4699 notavimus,

474 4731 599 4771 cum
626 4718 844 4788 quidem
872 4717 1156 4776 Matthaeus
1181 4720 1250 4776 ad
1279 4722 1512 4778 litteram
1538 4720 1777 4778 ostendit
1802 4725 2038 4796 prophe-

474 4806 607 4863 tiam
648 4810 1060 4867 accuratissime
1114 4812 1390 4882 impletam
1443 4812 1614 4870 fuisse
1673 4831 1703 4870 a
1760 4813 2038 4872 Salvatoie

474 4911 665 4960 nostro
696 4921 753 4957 ει
792 4904 1138 4976 Consurgens
1171 4904 1370 4978 Ioseph
1399 4908 1609 4978 accepit
1639 4907 1864 4964 Mariam
1895 4918 1948 4965 et
1980 4914 2038 4964 li-

475 4993 607 5050 lium
634 4994 776 5067 ejus,
798 5003 852 5052 et
867 4996 1081 5052 reduxit
1098 5013 1164 5054 ex
1185 4997 1416 5071 [Egypto
1435 5000 1490 5055 in
1512 5009 1712 5056 terram
1733 4999 1905 5058 Israel
1922 5003 1988 5059 ".
2012 5022 2029 5054 ι

475 5081 611 5141 Vide
648 5085 812 5156 igitur
850 5100 1033 5142 annon
1080 5090 1380 5146 secundum
1418 5091 1672 5163 Aquilam
1713 5093 1983 5150 dicentem
2020 5114 2035 5149 :

478 5195 498 5229 ι
534 5178 690 5235 Mane
723 5181 1040 5251 pertransiit
1082 5198 1179 5238 rex
1218 5183 1408 5252 lsrael,
1432 5186 1559 5256 quia
1595 5202 1730 5258 puer
1765 5186 1951 5252 lsrael,
1984 5197 2038 5242 ct

472 5266 805 5337 dilexieum,
829 5282 972 5329 et.ex
1001 5272 1234 5346 Egypto
1261 5276 1448 5331 vocavi
1501 5275 1694 5331 Filium
1765 5293 1964 5334 meum.
2013 5298 2031 5331 ι

474 5356 758 5420 Manifeste
808 5367 951 5420 enim
1000 5367 1309 5424 ostenditur
1364 5370 1516 5440 regni
1569 5370 1734 5427 Israel
1784 5370 2033 5441 rejectio,

474 5452 617 5515 quod
650 5469 773 5510 cum
795 5472 970 5529 usque
998 5460 1065 5514 ad
1100 5458 1399 5519 Salvatoris
1431 5464 1603 5519 nostri
1632 5463 2032 5520 manifestatio-

2148 3268 2424 3340 ειληφότες
2471 3268 2571 3321 οὐκ
2615 3265 2956 3320 ἐπιϐάλλουσι
3006 3267 3073 3336 τῇ
3116 3263 3364 3335 διανοίᾳ,
3405 3261 3488 3315 διά
3524 3260 3577 3313 τὸ
3615 3256 3671 3327 μή

2147 3360 2429 3429 ἐφιστάναι
2457 3361 2524 3430 τῇ
2549 3358 2888 3432 προκειμένῃ
2910 3357 3010 3427 τῆς
3040 3356 3380 3429 προφητείας
3407 3353 3555 3417 λέξει,
3575 3351 3620 3402 ἐν

2147 3451 2307 3514 αὐτὸς
2331 3454 2359 3505 6
2392 3449 2592 3522 Κύριος
2622 3449 2874 3522 πάνθηρα
2901 3448 3089 3501 ἑαυτὸν
3110 3447 3366 3518 ὀνομάζει

2651 3560 3042 3616 ΚΕΦΑΑΑΙΟΝ
3096 3560 3202 3613 IA'.

2680 3698 2811 3753 Ἀπὸ
2845 3696 2951 3751 τοῦ
2980 3695 3186 3751 αὐτοῦ.

2221 3836 2238 3867 ι
2274 3816 2384 3869 Καὶ
2421 3813 2842 3884 ὲξαναστήσεται
2878 3808 3123 3864 ἀπώλεια
3151 3808 3211 3863 ἐν
3242 3807 3319 3878 τῷ
3340 3805 3448 3877 λαῷ
3474 3822 3572 3881 σου,
3599 3798 3669 3854 καί

2146 3910 2324 3963 πάντα
2350 3906 2419 3960 τὰ
2446 3903 2951 3976 περιτετειχισμένα
2979 3900 3108 3954 ναοῦ
3140 3917 3234 3954 σου
3258 3901 3542 3971 οἰκήσεων
3570 3892 3669 3954 ὡςὸ

2145 4001 2324 4073 ἄρχων
2351 3995 2615 4068 Σαλαμὼν
2636 3999 2699 4049 ὲκ
2725 3994 2820 4048 τοῦ
2853 3995 3005 4047 οἴκου
3033 3992 3126 4046 τοῦ
3165 3990 3465 4062 Ἱεροϐοάμ,
3488 3990 3540 4041 ὲν
3563 3986 3667 4056 ἠμέ-

2146 4109 2266 4163 ραις
2311 4090 2544 4159 πολέμου
2591 4088 2801 4160 μητέρα
2846 4087 2938 4139 ἐπὶ
2978 4086 3189 4148 τέκνοις
3220 4083 3501 4155 ἠὸάφισαν,
3535 4078 3669 4138 οὕτως

2145 4183 2457 4253 ποιήσουσιν
2508 4181 2635 4252 ὑμῖν
2670 4174 2815 4241 οἶκος
2856 4176 2950 4229 τοῦ
3015 4175 3232 4246 Ἰσραὴλ
3275 4173 3383 4229 ἀπὸ
3426 4168 3667 4243 προσώπου

2144 4273 2349 4327 κακιῶν
2377 4271 2545 4343 ὑμῶν.
2586 4271 2727 4325 Διότι
2773 4272 2964 4340 νήπιος
3015 4267 3250 4339 Ἰσραὴλ,
3296 4266 3389 4320 καὶ
3426 4262 3527 4331 ἐγὼ
3558 4259 3662 4327 ἠγά-

2145 4380 2292 4435 πησα
2329 4363 2509 4425 αὐτὸν,
2550 4364 2643 4414 καὶ
2680 4360 2739 4426 ἐξ
2777 4358 3055 4428 Αἰγύπτου
3096 4356 3430 4429 μετεκάλεσα
3459 4354 3520 4407 τὰ
3539 4352 3668 4404 τέκνα

2144 4455 2327 4509 αὐτοῦ.
2364 4453 2562 4517 Καθὼς
2596 4452 2933 4524 μετεκάλεσα
2972 4451 3191 4513 αὐτοὺς,
3233 4448 3407 4512 οὕτως
3437 4443 3668 4515 ἁπῲχοντο

2144 4548 2208 4600 ὲκ
2234 4544 2521 4617 προσώπου
2545 4561 2665 4616 μου.
2688 4561 2708 4594 ι
2729 4542 2874 4596 Ἀντὶ
2900 4540 3045 4606 τοῦ,‹
3068 4541 3160 4593 καὶ
3190 4537 3250 4604 ἐξ
3278 4537 3538 4607 Αἰγύπτου
3571 4548 3669 4603 μετο

2144 4637 2375 4693 εκάλεσα
2389 4635 2456 4690 τὰ
2470 4636 2635 4689 τέκνα
2651 4632 2836 4698 αὐτοῦ,
2849 4653 2868 4684 ι
2881 4632 3166 4696 δουλεύσας
3275 4630 3545 4704 Ἐϐραῖκῷ,
3568 4648 3584 4678 ι
3601 4624 3668 4689 Ἐξ

2145 4726 2416 4796 Αἰγύπτου
2442 4723 2775 4797 μετεκάλεσα
2789 4724 2878 4777 τὸν
2895 4723 3009 4776 υἱόν
3024 4740 3146 4797 μου,
3168 4742 3186 4774 ι
3209 4722 3467 4789 ἐξέδωκεν
3490 4720 3516 4770 ὁ
3543 4714 3665 4770 Ἀκύ-

2146 4820 2263 4883 λας.
2296 4817 2629 4887 Ἀναγκαὲως
2653 4816 2710 4870 δὲ
2732 4815 2791 4868 τὸ
2815 4814 2973 4886 ῥητὸν
2996 4811 3466 4886 ἐσημειωσάμεθα,
3495 4805 3667 4874 ἐπειδὴ·

2143 4932 2246 4985 περ
2262 4917 2291 4967 6
2314 4912 2588 4974 Ματθαῖος
2609 4910 2753 4965 κατὰ
2778 4910 2922 4974 λέξιν
2952 4907 3225 4961 ἐκτίθεται
3254 4907 3355 4978 τὴν
3380 4901 3664 4977 προφητείαν

2144 5006 2344 5078 σφόδρα
2364 5005 2426 5076 (f.
2443 5005 2514 5058 29
2532 5004 2606 5074 νο)
2632 5001 3104 5074 ἀπηκριϐωμένως
3130 4996 3507 5071 πεπληρῶσθαι
3526 4993 3664 5062 φήσας

2146 5096 2309 5168 αὐτὴν
2336 5096 2427 5149 ἐπὶ
2454 5094 2547 5147 τοῦ
2572 5095 2817 5163 Σωτῆρος
2840 5092 3014 5164 ἡμῶν·
3046 5110 3064 5141 ι
3095 5086 3491 5167 Χρηματισθεξ
3514 5085 3539 5136 6
3574 5081 3661 5132 Ἰω·

2147 5189 2254 5263 σὴφ
2288 5188 2560 5262 παρέλαϐε
2601 5187 2697 5258 τὴν
2732 5185 2968 5258 Μαριὰμ
3011 5186 3105 5240 καὶ
3145 5185 3232 5237 τὸν
3264 5182 3381 5235 υἱὸν
3400 5177 3569 5246 αὐτῆς·
3590 5169 3661 5225 καὶ

2142 5283 2480 5355 ὑπέστρεψεν
2529 5281 2589 5346 εξ
2635 5280 2908 5347 Αἰγύπτου
2961 5280 3039 5341 εἰς
3087 5277 3191 5347 γῆν
3244 5272 3457 5347 Ἰσραήλ
3503 5291 3521 5322 ι
3553 5266 3661 5355 Ὅρα

2140 5375 2270 5446 γοῦν
2317 5353 2364 5429 εἰ
2409 5374 2483 5446 μὴ
2518 5373 2609 5427 καὶ
2655 5371 2797 5425 κατὰ
2833 5370 2924 5423 τὸν
2983 5368 3209 5422 Ἀκύλαν
3241 5367 3501 5437 φήσαντα,
3546 5376 3561 5407 ι
3593 5353 3658 5405 Ἔν

2138 5467 2318 5540 ὄρθρῳ
2366 5464 2750 5535 κατεσιωπὴθη
2805 5460 3057 5533 βασιλεὺς
3124 5458 3373 5532 Ἰσραὴλ,
3432 5457 3505 5508 ὅτι

476 5554 597 5594 nem
630 5555 1038 5615 permansisset,
1062 5565 1190 5609 tunc
1214 5556 1558 5628 reprobatum
1578 5565 1661 5613 est
1680 5566 1733 5613 et
1756 5569 2041 5628 pertrans:

2150 5538 2383 5629 Ἰσραὴλ,
2404 5558 2496 5610 καὶ
2524 5557 2784 5627 ἠγάπησα
2812 5553 2995 5619 αὐτὸν,
3026 5553 3120 5607 καὶ
3147 5552 3252 5607 ἀπὸ
3274 5548 3533 5620 Αἰγύπτου
3556 5538 3656 5595 ἑκά·

547 5718 593 5748 ⁸³
629 5717 782 5779 Joan.
818 5744 940 5793 xw.
983 5730 1068 5786 55.
1147 5735 1189 5768 ⁵⁵
1229 5736 1351 5792 Osc.
1388 5754 1440 5805 γ,
1484 5737 1564 5793 M.
1646 5737 1852 5793 “.Osc.
1889 5753 2022 5801 xm,

2190 5736 2233 5767 δ’
2272 5735 2397 5792 Osc.
2441 5752 2506 5803 κ,
2554 5734 2653 5802 Η,
2688 5733 2790 5802 l3;
2828 5749 2920 5803 κε,
2955 5732 3019 5802 1,
3070 5732 3127 5789 2.
3191 5730 3245 5790 ,⁸⁷
3286 5726 3469 5784 Matth.
3501 5736 3550 5781 tt,
3580 5713 3653 5770 9'-
