3926 6260
254 366 394 425 1137

1267 369 1564 435 ECLOGA:
1604 371 2084 430 PROPIIETIC‘E.
2120 406 2186 417 —-
2226 371 2355 429 LIB.
2394 371 2483 431 III.
2550 410 2551 413 η

3327 376 3468 435 1158

254 485 383 538 λεσα
411 484 498 538 τὸν
527 484 638 539 υἱόν
666 501 785 556 μου’
826 507 843 539 ι
885 488 1067 557 σαφῶς
1087 489 1194 560 γὰρ
1226 490 1477 560 δηλοῦται
1514 492 1547 562 ἡ
1581 491 1812 565 ἀποϐολὴ

1922 491 2012 560 iit;
2036 493 2108 547 ita
2131 499 2189 547 ut
2209 491 2513 547 diceretur:
2540 510 2558 543 ι
2586 490 2738 547 Mane
2773 493 3084 563 pertransiit
3110 511 3199 551 rex
3227 493 3415 552 Israel.
3444 517 3463 549 ι

255 575 353 644 τῆς
380 573 475 626 τοῦ
523 575 735 646 Ἰσραὴλ
764 575 1055 647 βασιλείας,
1091 579 1211 649 ἥτις
1244 579 1403 652 μέχρι
1446 580 1672 651 τῆςιτοῦ
1703 583 1817 635 Σω-

253 665 419 734 τῆρος
445 664 600 736 ἡμῶν
630 668 947 737 ἐπιφανείας
976 672 1213 723 συστᾶσα
1244 670 1301 738 ἐξ
1330 673 1497 744 αὐτῆς
1515 674 1815 745 ἀπερρίφη,

256 756 348 809 καὶ
374 756 775 829 κατεσιωπήθη·
804 758 878 823 ὡς
902 759 991 813 διὰ
1021 760 1178 814 τοῦτο
1200 763 1444 834 είρῆσθαι
1465 764 1542 826 τὸ,
1569 784 1587 815 ι
1612 766 1698 817 Ἐν
1726 764 1816 837 ὅρ-

256 847 369 918 θρῳ
393 849 774 922 κατεσιωπήθη
802 850 1048 921 βασιλεὺς
1075 854 1306 927 Ἰσραήλ·
1334 876 1349 906 ι
1374 855 1565 928 ὄρθρον
1587 857 1683 927 τὴν
1700 860 1817 911 ἑπι-

257 941 480 1009 φάνειαν
509 942 602 994 καὶ
631 943 729 1012 τὴν
757 944 876 997 τότε
906 936 1127 1018 πρωτην
1153 949 1231 1011 είς
1270 949 1475 1012 πάντας
1504 949 1819 1021 ἀνθρώπους

254 1032 513 1105 ἀνατολὴν
539 1033 632 1086 τοῦ
662 1033 804 1088 θείου
827 1036 998 1104 Λόγου
1030 1039 1129 1109 τῆς
1168 1040 1501 1110 προφητείας
1529 1041 1819 1111 ὁνομαζού-

256 1140 355 1193 σης
408 1142 427 1173 ι
468 1126 525 1177 ἐν
565 1124 762 1196 ὄρθρῳ·
814 1143 833 1176 ι
891 1126 1107 1181 δύναται
1161 1129 1255 1181 καὶ
1301 1130 1428 1199 περὶ
1480 1128 1576 1182 τοῦ
1644 1129 1818 1202 ’11ρώ-

249 1213 340 1266 δου
399 1212 852 1284 προθεσπίζεσθαι
903 1216 992 1280 τὸ,
1047 1235 1066 1266 ι
1126 1218 1511 1289 κατεσιωπήθη
1566 1218 1816 1289 βασιλεὺς

264 1305 500 1375 Ἰσραήλ·
537 1323 556 1356 ι
602 1304 677 1369 ὼς
717 1305 803 1359 διὰ
844 1306 934 1361 τὸν
979 1307 1413 1380 παραλογισμὸν,
1455 1309 1513 1362 ὃν
1553 1308 1816 1363 πέπονθεν

251 1396 358 1450 ὑπὸ
389 1397 495 1450 τῶν
523 1397 710 1469 μάγων
736 1400 826 1452 ἐπὶ
852 1402 916 1470 τῇ
946 1400 1038 1453 τοῦ
1066 1401 1317 1472 Σωτῆρος
1346 1402 1500 1473 ἡμῶν
1530 1402 1759 1470 γενέσει,
1781 1401 1816 1455 ἀ

250 1488 345 1541 καὶ
375 1489 716 1561 συμϐέϐηκεν
757 1490 843 1544 διὰ
880 1492 978 1563 τὴν
1010 1492 1103 1546 τοῦ
1145 1493 1359 1565 Πατρὸς
1396 1493 1525 1565 περὶ
1560 1493 1649 1545 τὸν
1688 1492 1815 1546 ἴδιον

248 1580 415 1633 παῖδα
434 1581 524 1633 τὸν
548 1580 750 1652 Κύριον
784 1581 938 1652 ἡμῶν
977 1583 1179 1655 Ἰησοῦν
1211 1584 1441 1657 Χριστὸν
1470 1584 1709 1656 ἀγάπην.
1740 1584 1814 1648 ὡς

247 1675 341 1727 καὶ
368 1676 425 1727 ὲν
445 1673 629 1736 ἀλλαις
647 1674 1002 1745 προφητείαις
1031 1677 1246 1749 Ἰσραὴλ
1270 1677 1363 1731 καὶ
1391 1676 1625 1731 ἐνταῦθα
1649 1694 1814 1747 προσ-

246 1764 658 1837 αγορευόμενον’
702 1766 762 1820 ὃν
803 1766 941 1820 κατὰ
967 1766 1154 1838 καιρὸν
1183 1768 1279 1838 μὲν
1306 1767 1692 1838 ᾠκονομήσατο
1719 1766 1811 1819 ἐπὶ

1926 583 2076 640 Mane
2105 582 2594 639 manifestationem
2626 583 2912 655 signiﬁcat,
2946 586 3280 657 primamque
3299 587 3469 643 divini

1922 673 2084 729 Verbi
2112 673 2179 727 ad
2209 672 2459 728 homines
2514 673 2915 737 revelationem.
2948 672 3246 731 Possumus
3294 686 3348 732 et
3400 676 3481 732 de

1920 762 2132 818 Herode
2160 762 2273 816 hzee
2298 761 2676 832 interpretari:
2704 780 2723 814 ι
2750 760 3071 818 Pertransiit
3103 780 3196 820 rex
3231 762 3421 831 Israel;
3444 782 3477 814 »ν

1918 852 2074 923 quasi
2111 860 2329 923 propter
2356 863 2596 907 errorem
2628 866 2785 920 quem
2817 867 3010 923 passus
3041 860 3123 910 est
3154 869 3185 908 a
3214 853 3385 924 magis
3412 853 3479 909 in!

1927 940 2222 1010 Salvatoris
2274 940 2442 997 nostri
2491 941 2797 1009 nativitate;
2851 942 2994 1013 quod
3040 944 3236 1001 accidit
3291 944 3487 1000 Patris-

1919 1051 2103 1089 amore
2132 1036 2182 1088 in
2218 1035 2493 1106 proprium
2517 1049 2743 1105 puerum
2782 1034 3067 1092 Dominum
3111 1046 3357 1094 nostrum
3385 1039 3469 1095 Je-

1918 1143 2035 1182 sum
2065 1127 2363 1189 Christum,
2391 1126 2533 1182 sicut
2562 1126 2616 1180 in
2640 1126 2761 1183 aliis
2790 1127 3086 1197 prophetiis
3106 1127 3269 1186 Israel
3300 1138 3350 1188 et
3379 1119 3467 1188 hic

1919 1212 2253 1273 nominatum
2280 1236 2294 1285 ;
2330 1233 2437 1288 quo
2464 1216 2679 1288 quidem
2711 1225 2952 1289 tempore
2977 1218 3118 1288 jussi
3146 1230 3274 1277 sunt
3303 1220 3471 1278 simul

1918 1307 2116 1380 Ioseph
2140 1322 2192 1364 et
2215 1320 2383 1365 mater
2405 1311 2458 1365 in
2480 1309 2771 1382 Egyplum
2793 1310 3087 1382 proﬁcisci,
3123 1327 3246 1368 cum
3274 1328 3465 1369 neces-

1918 1402 2048 1456 sitas
2080 1403 2398 1472 requireret,
2426 1402 2739 1459 insidiatum
2778 1404 2825 1457 ei
2858 1417 3060 1475 regem,
3093 1401 3365 1459 Herodem
3386 1403 3481 1460 vi-O

1916 1490 2129 1558 delicet,
2154 1501 2362 1548 constat
2386 1494 2808 1564 prmtermissum
2839 1492 3028 1550 fuisse.
3057 1493 3269 1550 Rursus
3291 1493 3467 1566 ipsum

1918 1582 2128 1639 Herode
2159 1592 2371 1638 mortuo
2424 1591 2640 1640 revocat
2691 1594 3051 1657 congruenter
3098 1601 3220 1640 cum
3249 1600 3312 1641 ea
3348 1598 3471 1656 quas

1914 1678 2072 1734 nobis
2106 1678 2159 1732 in
2192 1677 2439 1733 manibus
2466 1686 2550 1733 est
2578 1678 2876 1748 prophetia.
2917 1676 2972 1733 Si
3002 1679 3124 1749 quis
3153 1678 3219 1734 ad
3251 1676 3467 1733 Judaeo-

1915 1784 2032 1822 rum
2063 1769 2317 1839 populum
2349 1767 2463 1821 haec
2491 1766 2689 1822 referat
2719 1767 2906 1824 dicens
2937 1767 3004 1823 de
3051 1767 3249 1840 populo
3278 1767 3478 1833 Israel,

246 1856 344 1927 τὴν
378 1856 645 1924 Αἴγυπτον
677 1858 791 1930 ἀμα
821 1858 897 1928 τῷ
944 1858 1138 1930 Ἰωσὴφ
1163 1859 1256 1912 καὶ
1286 1861 1352 1929 τῇ
1391 1859 1558 1930 μητρὶ
1584 1859 1812 1930 ἀπᾶραι,

1921 1863 2118 1934 populo
2170 1860 2605 1916 circumcisionis
2641 1860 2757 1914 hac
2805 1861 3035 1925 narrari,
3085 1859 3323 1916 attendat
3357 1875 3467 1917 ser-

245 1948 333 2002 δτε
353 1950 445 2003 καὶ
466 1950 622 2020 χρεία
644 1950 827 2004 ἐκάλει
848 1950 939 2004 τὸν
965 1950 1381 2005 ἐπιϐουλεύοντα
1400 1950 1548 2022 αὐτῷ
1569 1951 1810 2021 βασιλέα,

243 2041 402 2111 δῆλον
441 2041 522 2093 ὅτι
565 2042 657 2096 τὸν
714 2041 980 2115 Ἡρώδην,
1035 2043 1533 2114 κατασιωπηθῆναν
1579 2040 1732 2108 αὖθις
1768 2044 1812 2098 δ’

208 2136 211 2139 ’
246 2131 408 2184 αὑτὸν
453 2131 643 2184 τούτου
677 2130 1099 2205 τελευτήσαντος
1128 2135 1477 2189 ἀνακαλεῖται
1511 2134 1813 2199 ἀκολούθως

249 2225 312 2293 τῇ
351 2223 488 2294 μετά
535 2225 722 2296 χεῖρας
764 2225 1088 2297 προφητείᾳ.
1128 2226 1191 2279 Εἰ
1226 2226 1270 2279 δ’
1301 2226 1392 2280 ἐπὶ
1426 2226 1518 2279 τὸν
1553 2225 1814 2280 Ἰουδαίων

243 2316 373 2369 λαὸν
423 2314 597 2369 ταῦτά
645 2333 728 2380 τις
780 2316 1039 2389 ἀναφέροι
1094 2317 1315 2388 φάσκων
1362 2319 1489 2389 περὶ
1538 2317 1631 2371 τοῦ
1684 2317 1812 2371 λαοῦ

259 2407 475 2480 Ἰσραὴλ
501 2408 594 2461 τοῦ
638 2409 701 2461 ἐκ
746 2410 1045 2481 περιτομῆς
1083 2408 1257 2464 ταῦτα
1292 2409 1561 2481 εἰρῆσθαι,
1593 2412 1815 2481 ἐπιστη-

248 2501 399 2554 σάτω
429 2504 497 2571 τῇ
524 2500 618 2554 τοῦ
644 2500 803 2569 λόγου
836 2487 1143 2572 ἀκολουθία⁸
1168 2500 1338 2555 ταῦτα
1364 2499 1473 2573 γὰρ
1504 2502 1649 2571 λέγει
1678 2519 1813 2575 προ-

243 2590 438 2656 ειπὼν,
458 2591 532 2655 ὡς
559 2591 652 2644 καὶ
679 2589 814 2664 πρὸς
849 2591 1016 2663 αὐτὴν
1037 2591 1134 2662 τὴν
1169 2590 1516 2662 Ἰερουσαλὴμ
1549 2592 1629 2656 τὸ,
1657 2609 1676 2643 ι
1706 2592 1814 2645 Καὶ

242 2685 669 2755 ὲξαναστήσεται
695 2682 937 2737 ἀπώλεια
961 2685 1018 2736 ὲν
1042 2682 1120 2753 τῷ
1140 2682 1252 2754 λαῷ
1284 2699 1397 2736 cou-
1433 2683 1528 2739 καὶ
1550 2683 1724 2737 πάντα
1746 2685 1814 2738 τά

246 2775 757 2849 περιτετειχισμένα
803 2791 895 2828 σου
935 2775 1232 2845 οἰχήσεται·
1275 2794 1294 2826 ι
1345 2775 1438 2827 καὶ
1478 2775 1621 2845 ἀπερ
1651 2776 1811 2845 φησὶν

240 2870 271 2921 6
304 2867 506 2936 τοιόσδε
535 2866 719 2939 ἄρχων
748 2864 982 2920 πέπονθε
1028 2865 1171 2920 κατά
1214 2865 1307 2920 τὸν
1340 2865 1636 2921 ἐπελθόντα
1664 2867 1814 2937 αὐτῷ

244 2963 504 3034 πόλεμον,
545 2963 601 3014 ὲν
707 2961 915 3033 μητέρα
950 2961 1042 3015 ἐπὶ
1069 2961 1279 3025 τέκνοις
1303 2959 1590 3030 ἡδάφισαν,
1619 2958 1686 3012 τά
1706 2976 1810 3011 πα-

248 3056 524 3128 ραπλήσια
567 3055 659 3107 καὶ
702 3055 830 3124 ὑμῖν
873 3042 1058 3116 αὐτοῖς
1105 3055 1315 3124 ποιήσω
1355 3053 1444 3107 διὰ
1489 3051 1588 3116 τάς
1620 3051 1813 3116 κακίας

245 3149 422 3221 ὑμῶν,
456 3143 502 3203 ὦ
534 3142 678 3211 οἶκος
707 3146 800 3199 τοῦ
838 3144 1071 3217 Ἰσραὴλ,
1101 3145 1150 3198 οἶ
1177 3145 1271 3199 καὶ
1303 3145 1679 3216 ἀπερρίφησαν
1717 3145 1812 3197 σὺν

1914 1955 2092 2010 monis
2124 1953 2542 2009 concordantiae.
2578 1951 2701 2008 Haec
2734 1953 2878 2009 enim
2913 1953 3045 2008 dicit
3075 1952 3477 2021 praenuntians.‘

1912 2046 2069 2117 quasi
2104 2045 2168 2100 ad
2198 2047 2369 2116 ipsam
2398 2059 2614 2116 quoque
2639 2043 2938 2122 Jerusalem
2968 2062 2982 2099 :
3011 2061 3029 2095 ι
3061 2042 3360 2115 Consurget
3387 2049 3473 2099 tu-

1914 2139 2115 2213 multus
2156 2137 2212 2191 in
2240 2137 2439 2208 p0pulo
2466 2144 2580 2204 tuo,
2608 2138 2663 2193 et
2688 2151 2875 2192 omnes
2894 2135 3225 2192 munitiones
3248 2144 3355 2191 tuae
3367 2149 3467 2190 va-

1914 2230 2220 2284 stabuntur.
2263 2250 2281 2282 ι
2312 2228 2443 2296 Quae
2470 2213 2686 2299 quidem
2719 2228 2872 2295 dicit,
2918 2227 3172 2299 princeps
3223 2228 3314 2284 ille
3349 2242 3477 2298 per»

1913 2336 2105 2392 pessus
2157 2328 2240 2376 est
2293 2321 2349 2375 in
2394 2321 2534 2376 bello
2582 2320 2843 2376 adversus
2890 2335 3013 2375 eum
3044 2319 3326 2384 suscitato,
3358 2335 3465 2389 quo

1911 2419 2136 2467 matrem
2169 2427 2331 2483 super
2357 2411 2496 2467 ﬁlios
2528 2412 2828 2478 alliserunt,
2861 2418 2913 2467 et
2940 2412 3135 2467 similia
3152 2412 3304 2468 vobis
3333 2412 3466 2482 ipsis

1912 2502 2104 2559 faciam
2133 2510 2350 2574 propter
2371 2503 2637 2574 nequitias
2651 2511 2880 2565 vestras,
2897 2520 2931 2560 ο
2955 2505 3147 2561 domus
3161 2503 3345 2572 Israel,
3373 2504 3464 2574 qui

1910 2603 1964 2652 et
1993 2594 2176 2665 rejecti
2201 2604 2329 2651 ‘sunt
2355 2611 2479 2652 cum
2509 2612 2637 2666 rege
2670 2612 2789 2663 suo,
2828 2605 2883 2652 et
2934 2597 3048 2652 haec
3096 2598 3276 2652 omnia
3317 2594 3466 2667 passi

1911 2695 2077 2745 sunt:
2111 2709 2129 2741 ι
2170 2689 2309 2757 Quia
2344 2706 2499 2762 puer,
2556 2691 2749 2763 inquit,
2807 2690 2992 2756 Israel,
3060 2699 3113 2748 et
3152 2707 3253 2762 ego
3299 2691 3464 2748 dilexi

1910 2794 2056 2845 eum,
2088 2788 2141 2835 et
2169 2796 2234 2836 ex
2261 2780 2496 2854 IEgypto
2517 2785 2705 2838 vocavi
2734 2783 2927 2839 Filium
2954 2800 3156 2841 meum.
3190 2803 3209 2836 ι
3242 2783 3465 2850 Qualem

1911 2872 2055 2925 enim
2096 2872 2292 2928 habeat
2320 2875 2765 2931 concordantiam
2804 2892 3004 2941 sermo,
3033 2877 3212 2948 quivis
3241 2877 3461 2932 demon-

1912 2963 2124 3017 strabit.
2170 2963 2277 3020 Sed
2313 2966 2455 3021 sicut
2504 2966 2559 3020 in
2599 2967 2872 3022 sexcentis
2906 2967 3027 3023 aliis
3060 2965 3359 3038 prophetiis
3383 2963 3468 3020 Ja-

1912 3053 2014 3108 cob
2048 3062 2104 3110 et
2151 3055 2320 3112 Israel
2365 3057 2617 3113 Christus
2653 3059 2984 3121 nominatur,
3023 3057 3187 3113 simili
3227 3065 3282 3113 et
3321 3072 3467 3112 nunc

1913 3144 2142 3200 ratione.
2178 3146 2313 3202 Cum
2348 3147 2536 3218 igitur,
2570 3148 2667 3212 ait,
2703 3148 2791 3203 ille
2824 3148 2953 3203 mihi
2987 3146 3245 3204 obediens
3291 3145 3467 3202 factus

248 3242 343 3296 καὶ
368 3240 447 3312 τῷ
475 3239 682 3311 βασιλεί
708 3237 904 3303 αὐτῶν,
944 3238 1038 3292 καὶ
1076 3236 1249 3291 ταῦτά
1285 3252 1350 3304 γε
1394 3236 1572 3291 πάντα
1613 3236 1810 3288 πεπόν-

1917 3233 2136 3288 formam
2169 3238 2311 3292 servi
2348 3240 2576 3309 accepit,
2606 3247 2660 3295 et
2695 3255 2829 3309 puer
2854 3239 3032 3295 factus
3069 3248 3154 3296 est
3183 3239 3313 3294 mihi
3339 3237 3471 3294 dile-

244 3334 390 3387 θασι·
417 3352 435 3384 ι
465 3331 606 3385 Διὸτι
636 3333 784 3396 παῖς,
817 3329 1001 3402 φησὶν,
1046 3327 1262 3401 Ἰσραὴλ
1290 3328 1382 3382 καὶ
1408 3326 1516 3397 ἐγὼ
1544 3328 1807 3398 ἠγάπησα

244 3424 426 3479 αὐτόν·
477 3424 569 3479 καὶ
612 3424 706 3477 ἀπ’
745 3421 1019 3492 Αἰγύπτου
1063 3421 1297 3474 ἐκάλεσα
1336 3420 1428 3474 τὸν
1464 3420 1592 3473 Υίόν
1623 3436 1744 3490 μου.
1785 3438 1804 3469 ι

242 3514 412 3570 Ποίαν
450 3515 558 3587 γὰρ
587 3513 697 3585 ἔχει
728 3511 1044 3567 ἀκολουθίαν
1073 3513 1106 3583 ἡ
1137 3510 1283 3575 λέξις
1306 3513 1334 3565 6
1364 3510 1683 3581 βουλόμενος
1708 3526 1810 3561 πα·-

246 3606 591 3682 ραστησάτω·
637 3604 748 3658 ἀλλ’
771 3602 958 3674 ὥσπερ
990 3601 1130 3655 κατὰ
1162 3601 1359 3672 μυρίας
1396 3599 1557 3662 ἄλλας
1596 3616 1809 3671 προφη-

238 3700 394 3762 τείας
428 3695 620 3751 Ἰακὼϐ
652 3694 745 3748 καὶ
779 3692 1032 3764 Ἰσραὴλό
1060 3691 1291 3763 Χριστὸς
1324 3689 1807 3761 προσαγορεύεται,

243 3791 341 3844 τὸν
376 3788 536 3842 αὐτὸν
567 3787 631 3858 δὴ
658 3779 857 3859 τρόπού
896 3784 991 3839 καὶ
1024 3782 1137 3837 νῦν⁶
1175 3784 1294 3835 ἐπεὶ
1312 3778 1425 3847 οὖν,
1450 3783 1630 3853 φησὶν,
1657 3773 1810 3845 οὗτος

244 3882 487 3956 ύπήκοός
515 3899 605 3953 μοι
639 3877 996 3949 γεγενημένος
1029 3874 1241 3949 μορφὴν
1267 3873 1451 3927 δούλου
1475 3873 1693 3944 εἴληφεν
1716 3871 1811 3926 καὶ

242 3977 468 4045 γέγονεν
519 3973 728 4026 παιδίον
782 3968 1063 4039 ἀγαπητὸν
1116 3965 1258 4037 ἔμολ’
1311 3965 1489 4019 πᾶσαν
1533 3963 1629 4035 τὴν
1674 3962 1811 4034 ἐμὴν

241 4066 534 4130 ἐκτελέσας
568 4065 779 4136 βουλὴν,
812 4061 901 4116 διὰ
926 4058 1085 4113 τοῦτο
1110 4057 1270 4112 αὑτὸν
1308 4057 1405 4128 μὲν
1431 4054 1541 4109 ἀπὸ
1568 4056 1665 4126 τῆς
1690 4071 1812 4125 νοη-

239 4162 343 4232 τῆς
393 4157 686 4228 Αἰγύπτου,
732 4158 811 4219 είς
854 4155 920 4227 ἧν
968 4150 1389 4224 ὲνανθρωπήσας
1432 4145 1809 4218 κατελήλυθεν,

1912 3336 2053 3392 ctus,
2081 3341 2295 3382 omnem
2321 3329 2652 3384 voluntatem
2670 3345 2844 3385 meam
2876 3330 3181 3400 perﬁciens,
3204 3330 3324 3386 ideo
3343 3346 3467 3386 eum

1911 3413 2128 3482 quidem
2160 3416 2227 3470 ab
2249 3415 2484 3488 Egypto
2513 3418 2806 3488 spirituali,
2833 3420 2882 3473 δη
2906 3434 3064 3490 quam
3091 3420 3269 3476 factus
3306 3420 3468 3476 homo

1911 3500 2212 3569 descendit,
2239 3513 2298 3561 ut
2328 3522 2512 3563 verum
2554 3508 2918 3579 dilectumque
2949 3508 3141 3564 Filium
3195 3512 3465 3579 revocavi,

1912 3610 2009 3649 V08
2041 3603 2241 3661 autem,
2269 3596 2336 3651 ad
2367 3614 2504 3668 quos
2531 3614 2710 3655 sermo
2745 3606 2972 3669 spectat,
3004 3615 3128 3654 cum
3174 3616 3338 3671 regno
3372 3616 3468 3657 νε-

1916 3694 2030 3741 stro
2050 3687 2221 3743 ruinae
2235 3696 2287 3743 et
2308 3689 2519 3746 excidio
2535 3689 2763 3746 tradam.
2782 3691 2908 3746 Haec
2928 3692 3142 3761 quidem
3166 3693 3465 3763 prophetia.

1916 3778 2263 3835 Manifestum
2290 3791 2375 3838 est
2404 3791 2582 3837 autem
2612 3784 2757 3852 quod
2788 3784 2921 3853 ipsis
2953 3782 3251 3839 Salvatoris
3294 3785 3470 3839 nostri

1916 3873 2272 3943 temporibus,
2303 3872 2601 3931 Jerusalem
2626 3883 2931 3947 oppugnata
2966 3883 3019 3932 et
3044 3884 3199 3946 capta
3233 3875 3351 3940 fuit,
3386 3885 3470 3930 at-

1918 3980 2024 4034 que
2056 3965 2272 4034 penitus
2303 3966 2562 4030 deletum,
2593 3967 2737 4037 quod
2765 3982 2937 4038 usque
2980 3968 3046 4022 ad
3081 3970 3183 4023 hoc
3215 3968 3472 4039 temporis

1918 4061 2140 4110 steterat
2186 4053 2493 4111 Judazorum
2528 4072 2780 4128 regnum,
2820 4066 2880 4113 ut
2930 4059 3133 4130 pariter
3173 4076 3237 4115 ac
3274 4060 3391 4115 alia:
3418 4065 3472 4116 et

1917 4146 2008 4201 illa
2042 4148 2359 4219 impleretur
2382 4150 2685 4220 prOphetia.

237 4248 334 4305 οἷα
361 4252 579 4323 γνήσιον
617 4249 710 4302 καὶ
733 4245 1012 4317 ἀγαπητὸν
1040 4244 1166 4297 Υἱὸν
1200 4240 1632 4311 ἅνεκαλεσάμην,
1663 4240 1806 4311 ὑμᾶς
1835 4240 1891 4294 δὲ
1923 4242 2049 4306 τοὺς
2080 4242 2214 4313 πρὸς
2238 4242 2331 4306 οὒς
2366 4244 2394 4295 ὁ
2429 4243 2582 4313 λόγος
2606 4246 2719 4321 ,σὺν
2782 4246 2876 4300 καὶ
2935 4249 2998 4317 τῇ
3038 4246 3283 4317 βασιλείᾳ
3320 4244 3473 4315 ὑμῶν

236 4344 451 4416 ὀλέθρῳ
480 4344 570 4397 καί
601 4339 841 4411 ἀπωλείᾳ
881 4336 1207 4411 παραδώσω.
1246 4335 1433 4390 Ταῦτα
1472 4335 1571 4406 μὲν
1599 4335 1633 4405 ἡ
1674 4334 1995 4405 προφητεία’
2024 4335 2283 4407 πρόδηλον
2321 4336 2364 4389 δ’
2395 4337 2543 4400 ὅπως
2565 4337 2672 4391 ἀπὸ
2708 4337 2815 4390 τῶν
2872 4337 2963 4391 τοῦ
3020 4338 3268 4409 Σωτῆρος
3321 4335 3474 4408 ἡμῶν

236 4440 453 4513 χρόνων
479 4433 923 4508 πολιορκηθείσης
958 4433 1055 4504 τῆς
1101 4429 1449 4503 Ἰερουσαλὴμ
1478 4428 1752 4500 καθῃρέθη
1791 4446 1852 4482 τε
1892 4430 1984 4483 καὶ
2008 4432 2089 4494 εἰς
2132 4430 2193 4483 τὸ
2233 4431 2488 4495 παντελὲς
2527 4432 2858 4503 ἀπερῤίφηή
2899 4431 3056 4503 μέχρι
3074 4432 3193 4486 τότε
3240 4432 3475 4499 συστᾶσα

238 4535 359 4590 τῶν
401 4533 665 4588 Ἰουδαίων
688 4529 950 4602 βασιλεία,
981 4527 1055 4593 ὡς
1083 4526 1219 4599 μετά
1240 4525 1348 4579 τῶν
1373 4524 1547 4582 ἄλλων
1579 4526 1672 4578 καὶ
1693 4524 1892 4597 ταύτην
1925 4525 2313 4597 πεπληρῶσθαι
2340 4525 2435 4596 τὴν
2468 4526 2821 4597 προφητείαν.

786 4647 1182 4706 ΚΕΦΑΛΑΙΟΝ
1216 4646 1316 4701 IB'.

557 4764 620 4837 (ι.
654 4763 743 4834 50)
786 4761 919 4818 Ἀπὸ
952 4759 1058 4814 τοῦ
1087 4758 1272 4813 αὐτοῦ
1312 4756 1503 4825 Ὠσηέ.

324 4898 345 4932 ι
396 4880 470 4932 Οὐ
530 4876 604 4949 μὴ
670 4873 1045 4945 ὲγκαταλείπω
1109 4868 1203 4925 τοῦ
1274 4867 1681 4946 ἐξαλειφθῆναι,
1723 4867 1814 4922 τὸν

258 4975 533 5047 Ἐφρατμ·
576 4973 710 5027 διότι
750 4970 879 5033 Θεὸς
922 4966 1030 5037 ἐγώ
1072 4968 1206 5036 εἰμι,
1247 4964 1340 5018 καὶ
1380 4963 1481 5017 οὐκ
1510 4961 1811 5034 ἄνθρωπος,

245 5069 308 5132 ὲν
346 5068 428 5121 σοὶ
453 5066 624 5136 ἅγιος,
649 5064 741 5118 καὶ
763 5063 863 5116 οὐκ
891 5058 1265 5127 εἰσελεύσομαι
1288 5057 1365 5119 είς
1393 5055 1565 5108 πόλιν.
1612 5053 1814 5108 Ὀπίσω

247 5157 459 5229 Κυρίου
502 5154 857 5228 πορεύσομαι.
888 5172 906 5204 ι
950 5151 1008 5204 Ὁ
1036 5150 1201 5219 αὐτὸς,
1224 5145 1411 5210 εἰπὼν,
1458 5164 1477 5197 ‹
1508 5146 1650 5199 Διὸτι
1678 5145 1809 5209 Θεὸς

249 5248 365 5319 ἐγώ
391 5249 528 5319 εἰμι,
560 5268 578 5300 ι
612 5245 862 5318 ἐπιφέρει
888 5243 1081 5313 λέγων,
1113 5260 1143 5293 ι.
1175 5240 1375 5295 Ὀπίσω
1393 5238 1597 5310 Κυρίου
1622 5236 1813 5309 πορεύ-

252 5357 442 5412 σομαι.
473 5359 492 5392 ›
523 5338 620 5403 Τίς
646 5338 690 5392 δ’
718 5337 783 5392 ἂν
811 5335 968 5399 ἄλλος
1007 5332 1091 5404 εἴη
1117 5331 1248 5395 Θεὸς
1270 5331 1444 5384 ὀπίσω
1474 5329 1678 5400 Κυρίου
1715 5346 1813 5382 πο-

255 5431 566 5502 ρευόμενος,
593 5428 627 5499 ἢ
649 5430 677 5482 ὁ
701 5427 795 5481 τοῦ
817 5424 950 5479 Θεοῦ
972 5424 1140 5492 Λόγος
1169 5421 1247 5493 τῷ
1266 5420 1359 5475 τοῦ
1385 5420 1594 5490 Πατρὸς
1617 5418 1815 5490 ἑπόμε-

250 5539 345 5585 νος
375 5520 701 5592 βουλήματι;
739 5520 832 5584 Ὃς
863 5518 957 5572 καὶ
983 5516 1221 5570 διδάσκει
1250 5514 1323 5586 μὴ
1348 5514 1523 5567 δοκεῖν
1550 5511 1708 5565 αὐτὸν
1729 5511 1814 5565 διὰ

248 5613 354 5684 τὴν
392 5610 800 5682 ὲνανθρὼπησιν
835 5608 986 5689 ψιλόν
1027 5626 1146 5664 τινα
1184 5607 1348 5676 ἄνδρα
1392 5604 1496 5659 τῶν
1534 5606 1697 5658 πάλαι
1741 5604 1815 5657 δι-

333 5795 378 5827 “
415 5795 541 5851 Ose.
577 5810 660 5862 x1,
690 5796 741 5849 9.

2511 4642 2738 4699 CAPUT
2766 4640 2882 4697 XII.

2460 4755 2546 4811 Ex
2565 4756 2742 4813 eodem
2776 4757 2924 4812 Osee.

1994 4890 2011 4923 ι
2041 4871 2155 4927 Non
2186 4875 2477 4925 convertar
2526 4877 2585 4923 ut
2629 4867 2851 4939 perdam
2884 4864 3140 4938 Ephraim
3173 4880 3188 4917 :
3216 4864 3473 4935 quoniam

1918 4963 2059 5019 Deus
2105 4978 2204 5034 ego
2232 4968 2287 5017 et
2335 4978 2443 5017 non
2475 4960 2638 5017 homo
2674 4977 2687 5011 :
2732 4960 2785 5014 in
2816 4959 2995 5014 medio
3032 4958 3110 5013 tui
3140 4963 3383 5023 sanctus,
3421 4964 3476 5010 et

1916 5073 2025 5112 non
2077 5055 2350 5126 ingrediar
2405 5055 2704 5108 civitatem.
2765 5050 2896 5106 Post
2956 5050 3241 5106 Dominum
3287 5048 3477 5103 ambu-

1915 5148 2040 5203 labo
2071 5145 2137 5202 ¹⁵⁸.
2198 5165 2217 5198 ι
2280 5143 2424 5200 Idem
2475 5160 2598 5200 cum
2647 5141 2927 5198 dixisset:
2966 5161 2984 5193 ι
3037 5140 3300 5206 Quoniam
3333 5138 3475 5193 Deus

1916 5254 2078 5310 ego,»
2133 5238 2341 5307 adjicit,
2395 5258 2416 5288 ‹
2453 5244 2577 5306 post
2615 5234 2897 5291 Dominum
2933 5233 3239 5289 ambulabo.
3278 5252 3297 5285 ι
3343 5230 3477 5298 Quis

1920 5340 2099 5387 autem
2133 5331 2271 5385 alius
2300 5338 2447 5385 esset
2507 5328 2653 5385 Deus
2707 5337 2829 5399 post
2851 5326 3136 5381 Dominum
3172 5325 3474 5388 ambulans,

1921 5439 1985 5479 ac
2014 5423 2108 5478 Dei
2134 5422 2388 5487 Verbum,
2425 5421 2602 5477 Patris
2651 5421 2981 5475 voluntatem
3022 5417 3348 5475 obsecutus?
3373 5416 3474 5485 Qui

1919 5521 1973 5569 et
2024 5513 2184 5569 docet
2227 5530 2336 5568 non
2386 5513 2559 5569 videri
2581 5528 2703 5568 eum
2770 5519 3001 5583 propter
3049 5510 3475 5567 incarnationem

1925 5603 2227 5675 simplicem
2250 5604 2539 5673 quemdam
2578 5603 2754 5658 virum
2803 5599 3226 5671 antiquisjustis
3243 5598 3475 5661 sanctis-
