3926 6260
553 361 691 422 1⁵139
1218 369 1482 428 EUSEBII
1515 370 1987 428 C/ESARIENSIS
2023 372 2171 429 OPP.
2208 373 2386 430 PARS
2420 375 2503 434 lll.
2541 409 2608 418 —-
2647 377 3053 434 EXEGETICA.
3555 382 3651 436 llIll

551 497 656 554 que
679 496 785 538 non
814 481 1111 538 absimilem
1143 499 1265 541 esse
1289 493 1497 542 natum.
1535 487 1673 544 Dicit
1706 497 1884 545 autem
1917 505 1974 546 se
1990 506 2096 544 non

2125 494 2169 552 Α
2198 492 2366 548 καίων
2400 496 2492 548 καὶ
2532 495 2699 564 ἁγίων
2739 500 2843 551 τινὶ
2883 496 3250 568 παραπλήσιον
3285 494 3533 563 γεγονέναι.
3556 503 3651 570 οησὶ

552 574 608 628 in
634 573 904 628 civitatem
931 575 1322 646 ingressurum,
1351 581 1645 637 ostendens
1677 596 1787 638 non
1824 584 2097 638 communi

2197 587 2252 640 δὲ
2279 589 2352 659 μὴ
2377 587 2772 642 εἰσελεύσεσθαι
2801 591 2878 652 είς
2910 588 3082 650 πόλιν,
3111 585 3278 657 δηλῶν
3299 586 3353 638 τὸ
3376 587 3440 658 μὴ
3452 592 3576 659 κοινῇ
3589 593 3655 643 καὶ

547 669 602 716 et
636 662 867 715 humana
896 664 1102 721 ratione
1149 681 1209 722 se
1239 684 1396 724 usum
1429 673 1733 741 essc.quod
1766 673 1982 745 quidem
2019 671 2097 728 ιε-

2197 679 2505 752 ἀνθρωπίνῃ
2531 681 2824 752 κεχρῆσθαι
2848 680 3108 751 πολιτείᾳ,
3137 679 3268 748 ὅπερ
3293 682 3443 732 ποιεῖν
3472 681 3547 734 καὶ
3569 684 3655 745 τοὺς

549 767 674 806 cere
704 763 757 808 et
779 754 1075 826 discipulos
1117 775 1246 816 suos
1289 761 1559 831 admonet,
1585 763 1806 821 dicens:
1840 784 1858 817 ι
1882 765 1939 820 In
1959 766 2099 821 viam

2200 771 2445 842 μαθητὰς
2480 773 2643 826 αὐτοῦ
2675 773 2914 825 παιδεύει
2941 773 3135 839 λέγων.
3171 789 3188 820 t
3217 771 3304 833 Εἰς
3323 770 3426 823 ὁδὸν
3453 771 3584 825 ἐθνῶν
3607 774 3657 843 μὴ

546 844 782 912 gentium
813 863 879 902 ne
896 848 1156 916 abierit‘is,
1187 858 1242 908 et
1277 853 1330 908 in
1355 854 1602 912 civitates
1634 855 2096 916 Samaritanorum

2197 862 2486 933 ἀπέλθητε,
2517 865 2610 916 καὶ
2637 866 2714 927 εἰς
2749 863 2897 917 πόλιν
2929 861 3271 934 Σαμαρειτῶν
3301 862 3367 932 μὴ
3389 862 3654 933 είσέλθητε.ι

547 951 616 992 ne
636 937 968 997 intraveritis
999 942 1061 996 δ’.
1101 961 1119 994 ι

859 1054 956 1124 (De
969 1054 1082 1112 Joel
1101 1058 1233 1112 nihil
1261 1060 1393 1116 satis
1419 1064 1804 1138 compertum.)

1784 1064 1804 1138 )
2617 1066 2744 1137 (Τοῦ
2787 1066 2936 1137 Ἰωὴλ
2955 1067 3116 1134 σαφὲς
3135 1061 3329 1132 οὐδέν.)

1127 1169 1353 1227 CAPUT
1385 1172 1521 1229 XIII.

2708 1176 3095 1230 ΚΕΦΑΛΑΙΟΝ
3133 1174 3227 1228 II".

1168 1285 1253 1340 Ex
1295 1289 1475 1345 Amos.

2726 1288 2858 1341 Ἀπὸ
2885 1287 2990 1341 τοῦ
3035 1284 3224 1357 Ἀμώς.

621 1417 636 1447 ε
674 1396 924 1454 Subverti
945 1415 1062 1467 vos,
1091 1401 1232 1456 sicut
1257 1404 1526 1460 subvertit
1562 1403 1704 1463 Deus
1728 1405 2016 1463 Sodomam
2043 1417 2094 1464 et

2269 1425 2286 1456 ‹
2311 1405 2663 1475 Κατέστρεψα
2690 1405 2852 1474 ὑμᾶς,
2870 1402 3048 1465 καθὼς
3075 1400 3423 1472 κατέστρεψεν
3443 1402 3467 1454 ὀ
3485 1400 3589 1465 Θεὸς
3601 1402 3668 1454 ,ό-

543 1489 918 1558 Gomorrham,
961 1502 1015 1548 et
1059 1493 1184 1548 facti
1241 1495 1376 1552 estis
1427 1498 1584 1568 quasi
1617 1500 1780 1556 torris
1804 1509 1988 1570 raptus
2028 1503 2093 1556 ab

2193 1498 2332 1566 δομα
2356 1497 2448 1550 καὶ
2470 1498 2739 1568 Γόμορρα,
2769 1497 2863 1549 καὶ
2885 1493 3129 1562 ἐγένεσθε
3153 1493 3228 1555 ὼς
3247 1492 3392 1555 δαλὸς
3412 1491 3669 1562 ἐξεστασμέ·

540 1581 810 1650 incendio,
845 1591 900 1638 et
925 1599 1032 1638 non
1059 1585 1279 1642 redistis
1306 1589 1373 1643 ad
1410 1605 1515 1655 me,
1540 1589 1673 1646 dicit
1705 1592 2041 1652 Dominus".
2069 1617 2087 1648 ι

2194 1607 2281 1653 νος
2301 1591 2365 1642 ἐκ
2387 1587 2574 1658 πυρὸς,
2599 1588 2692 1640 καὶ
2720 1587 2826 1639 οὐδ’
2849 1587 2922 1649 ὣς
2944 1583 3309 1654 ἐπεστρέψατε
3331 1584 3453 1655 πρὸς
3476 1583 3548 1652 μὲ,
3569 1581 3670 1648 λέγει

539 1673 604 1727 Et
631 1674 718 1730 hic
750 1676 864 1746 ipse
904 1675 1165 1734 Dominus
1191 1679 1322 1736 dicit
1380 1684 1536 1752 quasi
1580 1683 1647 1740 de
1689 1687 1833 1741 alio:
1884 1707 1902 1740 ι
1944 1688 2089 1742 Sicut

2193 1679 2415 1750 Κύριος.
2454 1698 2471 1730 ι
2497 1679 2604 1731 Καὶ
2642 1677 2827 1732 ἐνθάδε
2859 1677 3014 1740 αὐτὸς
3041 1677 3068 1728 ὁ
3103 1675 3304 1747 Κύριός
3331 1691 3476 1746 φησιν
3501 1673 3562 1735 ὡς
3584 1674 3672 1742 περὶ

537 1765 802 1821 subvertit
849 1766 991 1826 Deus
1048 1769 1339 1826 Sodomam
1371 1782 1424 1829 et
1454 1773 1833 1831 Gomorrham.
1863 1800 1881 1831 ι
1931 1779 1995 1834 Ει
2036 1783 2087 1836 in

2194 1774 2381 1844 ἐτέρου
2427 1772 2505 1834 τὸ,
2540 1791 2557 1823 ι
2586 1770 2782 1835 Καθὼς
2813 1769 3173 1842 κατέστρεψεν
3197 1771 3226 1820 6
3253 1767 3378 1829 Θεὸς
3413 1765 3586 1835 Σόδομα
3610 1764 3682 1816 καὶ·

535 1854 731 1913 Genesi
765 1860 974 1914 notavit
1019 1861 1201 1916 divina
1251 1862 1535 1934 Scriptura
1570 1875 1857 1938 utramque
1903 1887 2085 1942 perso~

2123 1869 2162 1924 Β
2194 1863 2230 1914 Γ
2232 1864 2458 1935 όμορῤα·
2494 1882 2512 1913 ι
2539 1863 2629 1916 καὶ
2674 1865 2731 1914 ὲν
2754 1864 2820 1932 τῇ
2865 1861 3081 1914 Γενέσει
3108 1860 3161 1913 δὲ
3212 1859 3492 1930 τετήρηκεν
3530 1858 3559 1927 ἡ
3592 1855 3673 1908 θεία

535 1964 659 2002 nam
685 1951 769 2006 his
815 1953 1033 2008 verbis:
1075 1973 1095 2007 ‹
1133 1955 1198 2008 Ει
1247 1958 1382 2027 pluit
1425 1957 1686 2016 Dominus
1715 1978 1878 2032 super
1919 1963 2085 2019 Sodo-

2195 1955 2382 2026 Γραφῆ
2415 1955 2482 2008 τὰ
2521 1955 2614 2008 δύο
2646 1955 2911 2025 πρόσωπα
2940 1955 3174 2023 φήσασα,
3218 1969 3235 2000 ι
3271 1951 3376 2003 Καὶ
3411 1949 3569 2020 ἔϐρεξε
3598 1946 3679 1999 Κύ-

536 2054 675 2092 mam
699 2048 752 2095 et
779 2041 1135 2100 Gomorrham
1179 2049 1409 2118 sulphur
1449 2056 1502 2105 et
1527 2052 1703 2121 ignem
1725 2067 1755 2106 a
1778 2053 2007 2110 Domino
2024 2055 2086 2111 de

2196 2063 2309 2116 ριος
2359 2047 2449 2099 ἐπὶ
2489 2046 2694 2116 Σόδομα
2739 2045 2833 2099 καὶ
2874 2045 3123 2114 Γόμορρα
3165 2040 3304 2094 θεῖον
3346 2041 3431 2093 καὶ
3459 2039 3551 2109 πῦρ
3570 2037 3675 2108 παρὰ

535 2133 674 2187 οωιο
708 2135 772 2190 ⁸¹.
805 2155 823 2188 ι
861 2136 938 2193 Ex
981 2139 1066 2194 his
1093 2141 1382 2198 manifesta
1435 2144 1494 2197 ht
1522 2143 1591 2200 de
1646 2145 1808 2202 Patre
1857 2156 1911 2204 et
1951 2147 2085 2205 Filio

2194 2142 2415 2212 Κυρίου·
2451 2160 2469 2192 ι
2508 2139 2566 2203 ἐξ
2590 2133 2664 2193 ὧν
2692 2137 3000 2208 καταφανὴς
3027 2138 3059 2206 ἡ
3101 2136 3229 2204 περὶ
3266 2133 3465 2204 Πατρδς
3493 2131 3571 2184 καὶ
3588 2128 3678 2182 Tini

534 2226 915 2286 ecclesiasticae
947 2230 1066 2286 fidei
1098 2233 1438 2290 orthodoxia.

2191 2234 2444 2306 τυγχάνει
2475 2233 2572 2302 τῆς
2603 2231 3052 2302 ὲκκλησιαστικῆς
3080 2229 3312 2291 πίστεως
3340 2224 3593 2297 ὀρθοδοξία.

1108 2343 1333 2400 CAPUT
1359 2347 1499 2404 XIV.

2706 2343 3096 2397 ΚΕΦΑΛΑΙΟΝ
3136 2340 3232 2393 1Δ¹.

1157 2457 1240 2513 Ea:
1266 2461 1462 2517 eodem.

2783 2455 2889 2509 Τοῦ
2940 2455 3142 2509 αὑτοῦ.

603 2586 620 2618 ι
659 2566 966 2639 Prmparare
1017 2574 1072 2627 in
1124 2589 1412 2631 occursum
1472 2575 1566 2632 Dei
1622 2577 1700 2631 tui
1733 2577 1917 2632 Israel.
1950 2577 2085 2644 Quia

2271 2591 2287 2621 ‹
2343 2570 2655 2641 Ἑτοιμὰζου
2699 2569 3073 2623 ἐπικαλεῖσθαι
3104 2568 3195 2620 τὸν
3222 2567 3352 2620 Θεόν
3388 2583 3472 2618 σου
3504 2561 3679 2633 Ἰσραὴλ

527 2673 653 2714 ecce
687 2659 926 2719 formans
975 2675 1208 2733 montes,
1244 2674 1298 2723 et
1346 2683 1543 2725 creans
1600 2681 1854 2734 ventum,
1904 2679 1957 2725 et
1991 2685 2077 2724 an-

2187 2665 2350 2729 Διότι,
2406 2664 2534 2726 ίδοὺ,
2581 2662 2810 2734 στερεῶν
2848 2659 3102 2732 βροντὴν,
3141 2660 3241 2714 καὶ
3279 2658 3468 2723 κτίζων
3506 2653 3685 2722 πνεῦμα,

526 2756 784 2810 nuntians
805 2757 1300 2815 hominiChristum
1330 2778 1510 2828 suum,
1540 2761 1746 2820 faciens
1766 2765 2076 2819 matutinam

2189 2759 2282 2811 καὶ
2312 2757 2665 2826 ἀπαγγέλλων
2708 2757 2784 2818 εἰς
2827 2753 3141 2826 ἀνθρώπους
3179 2753 3276 2806 τὸν
3310 2751 3526 2822 Χριστὸν
3547 2745 3685 2802 αὐτοῦ.

527 2845 796 2915 nebulam,
825 2858 879 2904 et
907 2851 1155 2921 gradiens
1179 2869 1340 2923 super
1364 2855 1577 2910 excelsa
1605 2861 1791 2922 teme;
1822 2853 2077 2912 Dominus

2189 2847 2355 2900 ποιῶν
2395 2847 2586 2918 ὄρθρον
2632 2846 2724 2900 καὶ
2771 2844 3019 2915 ὁμίχλην,
3069 2845 3162 2896 καὶ
3207 2843 3493 2896 ἐπιϐαίνων
3537 2837 3611 2892 ἐπὶ
3643 2834 3690 2886 τὰ

529 2937 670 2993 Deus
697 2942 1040 3012 omnipotens
1069 2961 1268 3000 nomen
1291 2946 1410 3015 ejus
1447 2948 1513 3002 δ’.
1544 2967 1565 3000 ι
1599 2947 1696 3003 His
1727 2963 1941 3019 quoque
1966 2965 2079 3005 ver-

2188 2940 2364 3011 ῦψηλὰ
2388 2940 2487 3010 τῆς
2518 2940 2640 3009 γῆς,
2677 2939 2877 3010 Κύριος
2905 2941 2933 2991 6
2958 2937 3089 3001 Θεὲς
3110 2934 3543 3006 ὁπαντοκράτωρ
3564 2932 3688 2997 ὄνομα

527 3029 611 3085 bis
637 3040 819 3100 aperte
844 3033 1044 3090 Christi
1063 3037 1130 3091 ad
1152 3037 1398 3094 homines
1420 3040 1708 3095 adventum
1728 3042 2077 3112 prophetizat.

2186 3030 2351 3102 αύτῷ,
2383 3051 2399 3082 ι
2431 3031 2542 3085 Καὶ
2568 3031 2653 3084 διά
2681 3031 2881 3084 τούτων
2911 3029 3093 3100 σαφῶς
3115 3031 3192 3082 τά.
3216 3029 3318 3098 τῆς
3340 3029 3417 3091 είς
3437 3023 3690 3095 ἀνθρώπως

531 3120 754 3194 Singula
789 3141 918 3182 vero
955 3127 1131 3186 fusius
1173 3138 1339 3202 atque
1396 3133 1704 3190 accuratius
1747 3143 1876 3191 sunt
1903 3137 2081 3206 expla-

2187 3125 2474 3195 ἐπιδημίας
2500 3124 2592 3177 τοῦ
2627 3123 2859 3194 Χριστοῦ
2900 3121 3321 3193 προφητεύεταιο
3364 3121 3451 3172 ἐπὶ
3485 3115 3642 3187 σχολῆς
3662 3112 3689 3163 δ’

525 3216 700 3271 nanda
723 3233 822 3274 suo
861 3227 1118 3292 tempore.

2111 3208 2151 3267 C
2186 3216 2250 3270 ἂν
2283 3217 2484 3287 ἑκάστη
2513 3217 2654 3281 λέξις
2683 3216 3070 3288 ἀκριϐεστέρας
3098 3214 3255 3286 τύχοι
3289 3210 3582 3282 σαφηνείας.

1118 3335 1343 3392 CAPUT
1373 3339 1486 3395 XV.

2694 3330 3082 3385 ΚΕΦΑΑΑΙΟΝ
3131 3329 3234 3385 IE'.

1146 3451 1230 3505 Ea;
1266 3453 1456 3509 Abdia.
1485 3431 1510 3442 ”

2797 3446 2903 3500 Τοῦ
2939 3446 3182 3500 Ἀϐδίου.

597 3577 617 3609 ‹
647 3557 1016 3618 νίεἰοΑΜῑαι.
1040 3561 1310 3623 Haecdicit
1339 3565 1607 3626 Dominus
1623 3568 1764 3625 Deus
1791 3569 1856 3624 ad
1882 3567 2075 3625 Edom:

2259 3582 2277 3614 ε
2311 3564 2539 3634 Ὄρασις
2595 3561 2820 3614 Ἀϐδίου·
2874 3560 3009 3613 Τάδε
3059 3559 3208 3627 λέγει
3242 3557 3444 3628 Κύριος
3469 3557 3495 3608 6
3528 3548 3694 3614 Θεὸςτῇ

520 3647 778 3706 Auditum
836 3652 1143 3712 audivimus
1192 3671 1221 3710 a
1280 3656 1560 3724 Domino,
1619 3669 1673 3715 et
1727 3659 1961 3729 legatum
2013 3658 2070 3712 ad

2197 3655 2486 3726 Ἰδουμαίᾳο
2537 3652 2729 3724 Ἀκοὴν
2761 3653 2969 3722 ἥκουσα
3012 3650 3163 3720 παρὰ
3189 3648 3434 3720 Κυρίου,
3477 3644 3557 3698 καὶ
3585 3656 3695 3706 περι-

519 3748 706 3810 gentes
720 3742 866 3798 misit
881 3744 943 3796 ⁸³.
968 3764 986 3795 ι
1012 3744 1146 3800 Cum
1167 3746 1253 3802 hic
1266 3763 1481 3819 quoque
1501 3747 1757 3804 Dominus
1777 3749 1914 3804 Deus
1929 3749 2069 3803 audi-

2181 3753 2317 3821 οχὴνε
2348 3751 2425 3812 είς
2455 3747 2522 3801 τὰ
2560 3747 2683 3817 ἔθνη
2725 3744 3114 3812 ἐξαπέστειλεν.
3145 3764 3164 3795 ›
3225 3743 3381 3796 Ἐπεὶ
3405 3739 3496 3794 καὶ⁸
3520 3731 3698 3789 ἐνταῦθα

522 3841 632 3887 tum
659 3833 912 3888 audivita
938 3835 1187 3905 Domino,
1244 3839 1390 3894 hunc
1420 3841 1597 3897 locum
1633 3840 1744 3910 jam
1771 3842 1906 3898 satis
1943 3858 2072 3898 enu-

2182 3841 2383 3912 Κύριος
2419 3842 2446 3892 6
2483 3840 2613 3902 Θεὸς
2648 3835 2817 3907 ἀκοὴν
2845 3838 3043 3906 ἤκουσε
3076 3833 3230 3906 παρὰ
3269 3832 3496 3904 Κυρίου,
3523 3824 3698 3881 εἰκότως

519 3924 826 3980 cleavimus.

2182 3937 2276 4004 ὲση
2287 3933 2636 4004 μειωσὰμεθα
2657 3931 2746 3984 τὸν
2767 3930 2947 3984 τόπον.

1096 4040 1322 4098 CAPUT
1353 4043 1492 4099 XVI.

2682 4042 3077 4098 ΚΕΦΑΛΑΙΟΝ
3120 4043 3240 4109 ις’.

1166 4157 1250 4212 Ea:
1270 4158 1431 4216 Iona.
1463 4189 1468 4194 ο

2720 4159 2851 4214 Ἀπὸ
2891 4157 2996 4211 τοῦ
3037 4153 3216 4212 Ἰωνᾶ.

583 4261 834 4323 Partilem
887 4269 1103 4340 proprie
1152 4270 1220 4327 de
1288 4271 1505 4328 Christo
1565 4274 1901 4343 prophetiam
1966 4293 2075 4334 non

2248 4277 2489 4350 Μερικὴν
2533 4277 2631 4346 μὲν
2675 4275 2816 4338 ἰδίως
2846 4275 2973 4344 περὶ
3013 4270 3105 4325 τοῦ
3140 4265 3387 4341 Χριστοῦ
3418 4269 3699 4350 προφητειαν

512 4356 819 4417 invenimus
849 4360 906 4416 in
932 4362 1035 4419 hoc
1054 4364 1195 4420 loco.
1245 4364 1379 4420 Cum
1411 4361 1591 4421 autem
1617 4365 1684 4420 ad
1713 4369 2062 4438 postulantem

2177 4373 2273 4443 οὐχ
2306 4372 2538 4444 εὕρομεν
2562 4372 2619 4422 ὲν
2646 4367 2722 4438 τῷ
2751 4365 3111 4437 προκειμένῳ·
3145 4361 3275 4414 ἐπεὶ
3302 4360 3363 4414 δὲ
3391 4355 3523 4428 πρὸς
3544 4352 3627 4444 ῖὴν
3649 4363 3701 4398 αι’

513 4462 545 4501 a
594 4446 824 4505 Domino
885 4453 1094 4523 signum
1149 4455 1573 4526 generationem,
1605 4455 1741 4510 nihil
1769 4457 1914 4514 aliud
1953 4459 2063 4515 dix«

2175 4441 2484 4512 τοῦήσαντδν
2515 4455 2750 4526 Σωτῆρα·
2786 4457 3007 4526 σημεῖον
3047 4449 3244 4521 γενεὰν
3271 4449 3377 4501 οὐκ
3402 4445 3524 4500 ἄλλο
3545 4441 3699 4509 ἔφησεν

515 4541 556 4593 it
592 4540 829 4596 dandum
877 4557 1016 4607 esse,
1065 4544 1170 4599 nisi
1227 4543 1378 4600 Jonas
1418 4545 1693 4616 prophetae
1715 4546 1950 4618 signum,
1981 4551 2065 4606 ad-

2175 4549 2310 4618 αὐτῇ
2350 4543 2666 4616 δοθήσεσθαι
2706 4544 2739 4614 ἢ
2777 4542 2835 4597 τὸ
2873 4544 3093 4613 σημεῖον
3137 4541 3299 4593 Ἰωνᾶ
3327 4538 3423 4591 τοῦ
3452 4531 3699 4618 προφήτῡψ

508 4632 738 4703 jiciens:
774 4652 790 4684 ι
819 4632 970 4689 Sicut
989 4635 1132 4690 enim
1151 4634 1433 4695 fuitJonas
1485 4641 1540 4696 in
1555 4651 1740 4698 ventre
1765 4617 1870 4699 ceti
1895 4645 2058 4702 tribus

2177 4639 2469 4708 ἐπαγαγὼν
2505 4637 2583 4701 τὸ,
2623 4656 2642 4688 ‹
2679 4637 2887 4706 Ὥσπερ
2913 4634 3020 4704 γὰρ
3043 4629 3112 4706 ἦν
3156 4632 3349 4695 Ἰωνᾶς
3387 4631 3443 4682 ἐν
3475 4629 3537 4697 τῇ
3566 4617 3697 4685 κοιλίξί

509 4723 706 4780 diebus
751 4734 806 4779 et
835 4725 1008 4782 tribus
1062 4729 1335 4796 noctibus,
1376 4731 1456 4786 sic
1499 4733 1602 4788 erit
1633 4732 1803 4791 Filius
1835 4736 2059 4792 hominis

2174 4731 2267 4784 τοῦ
2300 4733 2494 4804 κήτους
2535 4733 2683 4802 τρεῖς
2715 4728 2928 4799 ἡμέρας
2973 4727 3066 4780 καὶ
3106 4728 3260 4797 τρεῖς
3311 4725 3529 4782 νύκτας,
3555 4714 3699 4811 *οῦτςκ

510 4815 565 4869 in
589 4815 751 4871 corde
782 4824 942 4871 terrae
972 4818 1146 4876 tribus
1167 4820 1356 4877 diebus
1383 4831 1437 4877 et
1469 4823 1645 4880 tribus
1669 4827 1918 4883 noctibus
1936 4827 2016 4892 “;
2044 4847 2060 4879 ι

2175 4825 2326 4878 ἔσται
2360 4825 2453 4877 καὶ
2479 4825 2506 4876 6
2533 4823 2660 4886 Υἱὸς
2678 4821 2771 4874 τοῦ
2805 4817 3090 4890 ἀνθρώπου
3125 4821 3180 4871 ἐν
3201 4820 3273 4888 τῇ
3305 4815 3499 4894 καρδίᾳ
3522 4808 3607 4878 τῆς
3621 4808 3696 4872 γῆς

510 4905 592 4960 sic
632 4914 688 4962 et
724 4921 823 4962 nos
854 4923 952 4978 pro
1001 4910 1324 4968 necessitate
1373 4912 1515 4969 hanc
1553 4931 1770 4987 quoque
1803 4918 1859 4973 in
1910 4919 2060 4975 testi-

2171 4919 2321 4989 τρεῖς
2357 4915 2573 4988 ἡμέρας
2621 4915 2714 4968 καὶ⁸
2740 4915 2888 4986 τρεῖς
2921 4911 3136 4975 νύκτας·
3170 4931 3188 4962 ι
3239 4910 3438 4964 τούτου
3481 4906 3539 4975 δὴ
3581 4899 3696 4970 χάριν

511 5001 710 5057 moniis
737 5002 804 5057 de
825 5000 1042 5059 Christo
1073 5006 1411 5076 prophetiam
1435 5007 1816 5067 indicavimus.

2170 5009 2481 5078 ἀναγκαίως
2513 5009 2606 5062 καὶ
2634 5006 2834 5077 ταύτην
2867 5007 2923 5058 ὲν
2955 5007 3070 5068 ταῖς
3101 5004 3234 5074 περὶ
3267 4996 3503 5059 Χριστοῦ
3532 5003 3692 5064 μαρτυο

2182 5104 2319 5174 ρίαις
2344 5098 2793 5174 ὲσημειωσὰμεθα
2833 5097 2930 5169 τὴν
2962 5097 3206 5168 Γραφήν.

1068 5200 1295 5257 CAPUT
1319 5203 1480 5260 XVII.

2677 5210 3068 5267 ΚΕΦΑΛΑΙΟΝ
3119 5209 3215 5261 1Ζ’.

1095 5313 1179 5371 Ea;
1225 5315 1465 5376 Michwa.
2483 5326 2556 5398 '(r.
2589 5326 2645 5381 ac

2483 5326 2556 5398 '(l'.
2589 5326 2658 5381 ὅθ
2685 5324 2769 5396 νο)
2813 5322 2946 5378 Ἀπὸ
2992 5320 3097 5376 τοῦ
3129 5319 3413 5388 Μειχαία.

586 5443 606 5477 α
636 5427 772 5494 Quia
804 5441 930 5482 ecce
969 5428 1230 5486 Dominus
1262 5435 1567 5505 egredietur
1594 5440 1805 5495 deloco
1839 5457 1966 5497 suo:
2009 5450 2063 5497 et

2245 5464 2263 5494 ‹
2306 5443 2469 5505 Διὸτι,
2517 5441 2646 5504 ἰδοὺ,
2688 5437 2891 5507 Κύριος
2910 5438 3114 5508 Κύριος
3145 5433 3514 5506 ἐκπορεύεται
3544 5429 3596 5480 ἐκ
3622 5413 3687 5470 τοῦ

507 5511 814 5586 descendet,
833 5532 883 5576 et
903 5523 1134 5579 calcabit
1157 5541 1320 5595 super
1340 5531 1552 5586 excelsa
1580 5539 1756 5600 terrae,
1790 5542 1844 5589 et
1867 5549 2057 5590 consu-

2167 5537 2336 5590 τόπου
2380 5534 2564 5598 αὐτοῦ,
2608 5533 2702 5588 καὶ
2731 5530 3116 5602 καταϐήσεται,
3145 5529 3247 5582 καὶ
3282 5525 3588 5595 ἐπιϐήσεται
3623 5508 3689 5562 ἐπὶ

512 5617 725 5664 meutur
753 5611 965 5668 montes
1020 5618 1214 5674 subtus
1246 5635 1368 5674 eum
1400 5640 1412 5678 ι
1463 5633 1514 5679 et
1546 5626 1715 5682 valles
1750 5627 2062 5683 scindentur

2166 5628 2235 5680 τὰ
2264 5626 2370 5697 ὕψη
2408 5627 2505 5696 τῆς
2539 5627 2659 5696 γῆς,
2691 5625 2784 5679 καὶ
2811 5623 3196 5694 σαλευθήσεται
3223 5619 3295 5673 τὰ
3325 5619 3426 5690 ὅρη
3459 5609 3689 5668 ὑποκάτω-

571 5783 614 5815 "
646 5786 831 5842 Matth.
871 5805 899 5842 ιι
924 5829 938 5854 ,
971 5790 1022 5844 5.
1099 5792 1325 5854 "Amos
1355 5813 1430 5865 1v,
1467 5799 1550 5855 ll.
1630 5801 1672 5834 ’ί
1701 5799 1828 5858 Gen.
1867 5819 1976 5871 vix,
2010 5803 2097 5861 24.

2177 5806 2220 5839 ⁸²
2240 5803 2404 5862 Amos
2450 5820 2521 5871 tv,
2562 5803 2739 5873 l2,l3.
2818 5804 3012 5861 “Abd.
3049 5821 3085 5873 ι,
3122 5804 3166 5859 l.
3253 5787 3681 5857 “Manum.”-
