3926 6260
300 365 429 420 IIII

1315 365 1607 421 ECLOGA:
1648 363 2356 420 PROPHETICAS.—LIB.
2400 365 2486 420 III“.

3402 372 3492 426 ΓΗ
3501 375 3534 425 2

299 483 389 534 οεν
422 482 605 545 αὑτοῦ,
641 484 733 538 καὶ
766 486 819 538 αἱ
847 484 1084 549 κοιλάδες
1108 487 1432 556 τακήσονται
1465 488 1539 550 ὼς
1565 491 1735 561 κηρὸς
1764 493 1857 544 ἀπὶ

1973 491 2116 545 sicut
2159 506 2284 545 cera
2315 508 2344 544 a
2379 489 2518 544 facie
2572 489 2714 560 ignis
2745 492 2810 547 ".
2846 510 2864 542 ι
2921 489 2995 546 De
3039 491 3278 547 secunda
3329 491 3532 547 Christi

299 573 587 645 προσώπου
629 578 817 646 πυρός.
855 597 873 629 ι
911 579 1045 649 Περὶ
1078 579 1176 648 τῆς
1219 577 1474 650 δευτέρας
1515 581 1604 634 τοῦ
1639 583 1869 653 Χριστοῦ

298 666 597 736 παρουσίας
633 667 801 721 ταῦτα
828 667 1076 737 λέγεσθαι
1105 668 1498 740 ὑπειλήφαμεν.

813 783 1207 836 ΚΕΦΑΛΑΙΟΝ
1251 783 1359 837 III'.

909 896 1017 950 Τοῦ
1053 897 1258 951 αὑτοῦ.

376 1030 392 1061 ι
442 1011 728 1064 Ἀκούσατε
757 1011 819 1083 δὴ
848 1013 1039 1080 ταῦτα,
1061 1015 1110 1066 οἱ
1139 1014 1450 1084 ἡγούμενοι,
1471 1017 1617 1068 οἴκου
1654 1016 1866 1077 Ἰακὼϐ,

297 1104 392 1157 καὶ
431 1106 479 1156 οι
521 1103 836 1158 κατάλοιποι
876 1105 1024 1158 οἴκου
1076 1105 1321 1177 Ἰσραὴλ,
1364 1109 1411 1160 οἱ
1460 1107 1867 1178 βδελυσσόμενοι

296 1198 492 1267 κρῖμα,
526 1195 619 1248 καὶ
654 1196 832 1251 πάντα
858 1198 926 1251 τὰ
965 1196 1098 1269 ὀρθὰ
1125 1198 1557 1269 διαστρέφοντες,
1588 1201 1635 1252 οἱ
1671 1200 1868 1253 οἰκοδο-

297 1286 525 1357 μοῦντες
545 1286 681 1341 Σιὼν
705 1290 762 1340 ἐν
777 1289 1021 1360 αἴμασιν,
1040 1291 1127 1342 καὶ
1161 1290 1580 1362 Ἰερουσαλὴμὲν
1609 1293 1862 1358 ἀδικίαις,

300 1382 348 1433 οἱ
367 1380 654 1450 ἡγούμενοι
687 1381 855 1450 αὑτῆς
891 1381 1026 1451 μετά
1054 1380 1238 1454 δώρων
1256 1380 1484 1452 ἔκρινον,
1505 1384 1597 1437 καὶ
1623 1385 1670 1436 οἱ
1705 1387 1866 1456 ἱερεῖς

292 1472 464 1542 αὑτῆς
505 1471 641 1542 μετὰ
698 1472 890 1543 μισθοῦ
945 1474 1318 1544 ἀπεκρίνοντο.
1358 1477 1449 1528 καὶ
1499 1477 1547 1528 οἱ
1597 1479 1866 1547 προφῆται

290 1565 462 1635 αὑτῆς
492 1564 631 1635 μετὰ
661 1565 922 1637 ἀργυρίου
948 1566 1327 1636 ἐμαντεύοντο,
1365 1570 1459 1621 καὶ
1503 1569 1594 1622 ἐπὶ
1633 1570 1720 1621 τὸν
1755 1570 1866 1623 Κύ-

294 1673 408 1729 ριον
448 1656 870 1724 ὲπανεπαύοντο,
913 1656 1177 1726 λέγοντες·
1222 1659 1354 1729 ϋὺχὶ
1402 1659 1605 1730 Κύριος
1641 1662 1700 1714 ὲν
1735 1661 1863 1731 ἡμῖν

290 1749 470 1813 ὲστιν;
515 1749 575 1801 οὑ
623 1750 698 1820 μὴ
743 1747 944 1822 ἐπέλθῃ
986 1751 1072 1819 ἐφ’
1118 1752 1262 1821 ἡμᾶς
1306 1752 1468 1804 κακά’
1503 1751 1586 1804 διὰ
1619 1751 1774 1804 τοῦτο
1797 1753 1862 1805 δι’

1978 580 2420 637 manilestatione
2444 581 2558 637 haec
2601 580 2708 637 dici
2738 581 3182 638 existimavimus.

2521 782 2747 838 CAPUT
2799 784 2984 840 XVIII.

2598 893 2680 948 Ea:
2712 901 2910 951 eodem.

2047 1027 2064 1060 (
2089 1010 2284 1064 Audite
2317 1009 2442 1072 hoc,
2477 1009 2748 1080 principes
2795 1009 2988 1065 domus
3014 1010 3212 1073 Jacob,
3245 1021 3296 1065 et
3321 1009 3534 1079 judice:

1968 1101 2162 1155 domus
2212 1099 2398 1164 Israel,
2431 1102 2522 1170 qui
2573 1101 2955 1156 abominamini
2982 1101 3532 1170 jiidicium,etomnia

1970 1201 2116 1248 recta
2159 1193 2495 1263 pervertitis.
2526 1193 2628 1260 Qui
2661 1193 2940 1249 zedilieatis
2997 1187 3126 1248 Sion
3167 1195 3221 1248 in
3255 1193 3535 1265 sanguini-

1967 1289 2090 1350 bus,
2131 1295 2184 1340 et
2207 1284 2507 1343 Jerusalem
2565 1287 2618 1341 in
2674 1287 2982 1359 iniquitate.
3021 1287 3303 1358 Principes
3331 1289 3450 1358 ejus
3475 1287 3530 1342 in

1968 1378 2287 1434 muneribus
2305 1379 2649 1450 judicabant,
2699 1389 2753 1436 et
2800 1380 3111 1437 sacerdotes
3145 1383 3264 1452 ejus
3301 1382 3354 1436 in
3388 1397 3530 1437 mer-

1966 1469 2098 1525 cede
2125 1471 2412 1536 docebant,
2437 1480 2490 1527 et
2519 1473 2795 1542 propheta:
2817 1473 2936 1542 ejus
2968 1474 3020 1528 in
3055 1474 3285 1544 pecunia
3317 1474 3530 1528 divina-

1965 1563 2097 1617 bant
2130 1582 2144 1618 :
2171 1571 2225 1618 et
2255 1579 2420 1634 super
2451 1564 2740 1620 Dominum
2793 1566 3226 1636 requiescebant,
3259 1566 3527 1621 dicentes:

1963 1650 2217 1723 Nunquid
2242 1670 2351 1709 non
2378 1653 2648 1710 Dominus.
2679 1654 2734 1708 in
2759 1655 2936 1711 medio
2976 1655 3264 1710 nostrum?
3295 1653 3413 1710 Non
3439 1668 3532 1709 ve-

1964 1743 2115 1798 nient
2165 1760 2328 1814 super
2379 1760 2478 1800 nos
2510 1747 2670 1799 mala.
2707 1745 2938 1817 Propter
2981 1748 3106 1811 hoc,
3137 1762 3306 1801 causa
3342 1744 3527 1809 vestri,

289 1839 435 1909 ὑμᾶς
471 1839 610 1894 Σιὼν
645 1841 720 1904 ὼς
759 1840 925 1913 ἀγρὸς
954 1842 1429 1914 ἀροτριαθήσεται,
1463 1843 1557 1896 καὶ
1587 1845 1857 1915 Ἰερουσα-

1964 1833 2094 1891 Sion
2113 1839 2266 1908 quasi
2297 1854 2426 1908 ager
2453 1840 2712 1908 arabitur,
2730 1847 2781 1894 et
2805 1839 3102 1896 Jerusalem
3121 1840 3278 1912 quasi
3301 1855 3532 1894 acervus

290 1931 402 2003 λὴμ
435 1933 509 1996 ὼς
536 1932 984 2004 ὀπωροφυλάκιον
1014 1933 1189 1999 ἔσται,
1220 1935 1314 1988 καὶ
1346 1934 1406 1992 τὸ
1435 1934 1556 2005 ὅρος
1590 1934 1681 1988 τοῦ
1717 1937 1861 1989 οἴκου

288 2027 368 2089 είς
393 2026 550 2090 ἄλσος
573 2026 798 2097 δρυμοῦ.
826 2027 934 2080 Καὶ
961 2027 1111 2080 ἔσται
1141 2030 1228 2081 ἐπ’
1256 2028 1484 2098 ἐσχάτου
1513 2028 1621 2080 τῶν
1647 2029 1862 2100 ἡμερῶν

287 2119 526 2188 ἐμφανὲς
564 2120 622 2173 τὸ
654 2121 778 2191 ὅρος
825 2121 1052 2190 Κυρίου,
1095 2120 1310 2191 ἕτοιμον
1349 2121 1440 2174 ἐπὶ
1481 2121 1580 2184 τὰς
1619 2123 1861 2192 κορυφὰς

287 2209 394 2262 τῶν
427 2210 617 2281 ὁρέων,
651 2212 743 2263 καὶ
776 2209 1276 2281 μετεωρισθήσεται
1308 2212 1559 2284 ὑπεράνω
1597 2211 1703 2265 τῶν
1741 2213 1862 2283 βου-

287 2300 412 2353 νῶν·
443 2301 534 2354 καὶ
563 2301 781 2373 ἥξουσιν
808 2304 894 2355 ἐπ’
927 2303 1058 2357 αὑτὸ
1092 2304 1228 2367 λαοὶ,
1261 2304 1355 2356 καὶ
1387 2304 1741 2376 πορεύσονται
1775 2305 1860 2357 ἐπ’

286 2391 417 2444 αὑτὸ
443 2391 569 2462 ἔθνη
594 2391 760 2445 πολλά
790 2393 882 2446 καὶ
912 2391 1148 2463 ὲροῦσιψ
1185 2393 1349 2446 Δεῦτε
1377 2394 1672 2464 ἀναδῶμεν
1699 2396 1778 2458 εἰς
1801 2395 1861 2447 τὸ

285 2479 411 2551 ὅρος
447 2482 672 2553 Κυρίου,
709 2483 801 2535 καὶ
837 2485 917 2546 εἰς
955 2483 1043 2536 τὸν
1067 2476 1212 2535 οἷκον
1234 2481 1326 2535 τοῦ
1350 2482 1482 2536 Θεοῦ
1525 2482 1733 2537 Ἰακώϐ·
1768 2485 1859 2536 καὶ

285 2572 550 2639 δείξουσιν
579 2575 710 2644 ἡμῖν
752 2574 851 2646 τὴν
883 2575 1001 2628 ὁδὸν
1032 2573 1220 2639 αὑτοῦ,
1267 2574 1360 2627 καὶ
1400 2575 1776 2646 πορευσόμεθα
1801 2577 1859 2628 έν

285 2667 401 2727 ταῖς
441 2664 644 2736 τρίὸοις
687 2667 869 2720 αὑτοῦ·
905 2669 986 2722 ὅτι
1029 2670 1094 2722 ἐκ
1127 2669 1262 2724 Σιὼν
1295 2670 1633 2738 ἐξελεύσεται
1674 2673 1855 2743 νόμος,

286 2757 380 2809 καὶ
413 2756 566 2825 λόγος
601 2759 806 2829 Κυρίου
841 2760 899 2826 ἐξ
943 2763 1313 2835 Ἰερουσαλὴμ,
1350 2762 1442 2816 καὶ
1465 2767 1640 2837 κρινεῖ
1658 2765 1858 2836 ἀναμέ-

285 2866 378 2902 σον
408 2849 552 2904 λαῶν
589 2850 818 2916 πολλῶν,
865 2853 959 2906 καὶ
989 2854 1196 2923 ἐλέγξει
1237 2855 1362 2909 λαὸν
1399 2858 1612 2928 ἰσχυρὸν
1642 2857 1746 2922 ἕως
1778 2861 1858 2922 είς

285 2941 522 3011 μακράν
559 2943 650 2994 καὶ
691 2944 1089 3013 κατακόψουσιν
1121 2947 1219 3010 τὰς
1261 2948 1533 3020 μαχαίρας
1565 2947 1743 3002 αὑτῶν
1777 2950 1857 3013 εἰς

281 3032 508 3104 ἄροτρα,
557 3034 650 3086 καὶ¹
689 3034 786 3098 τὰς
837 3034 1056 3100 ζιὸύνας
1102 3038 1280 3092 αὑτῶν
1314 3041 1394 3104 είς
1439 3040 1714 3111 δρέπανα·
1762 3040 1856 3094 καὶ

281 3123 466 3176 οὐκέτι
497 3123 607 3198 ἄρῃ
637 3124 787 3190 ἔθνος
820 3128 904 3179 ἐπ’
933 3127 1086 3193 ἔθνος
1118 3131 1410 3202 μάχαιραν,
1443 3131 1537 3185 καὶ
1565 3133 1748 3185 οὑκέτι
1778 3134 1854 3206 μὴ

1963 1927 2201 1996 lapidum
2231 1931 2356 1996 erit,
2391 1939 2444 1984 et
2468 1945 2626 1986 mons
2657 1933 2840 2002 templi
2896 1933 2950 1988 in
2997 1935 3212 1988 excelsa
3245 1933 3524 1988 silvarum.

1963 2018 2028 2072 Et
2056 2019 2201 2074 erit:
2243 2022 2303 2073 In
2370 2021 2666 2076 novissimo
2712 2022 2922 2077 dierum
2977 2025 3078 2078 erit
3129 2039 3288 2078 mons
3333 2022 3527 2077 domus

1963 2107 2175 2164 Domini
2228 2118 2562 2179 prazparatus
2608 2111 2664 2164 in
2699 2112 2900 2167 vertice
2954 2113 3244 2177 montium,
3273 2123 3325 2167 et
3356 2112 3528 2168 subii-

1962 2203 2066 2256 mis
2097 2216 2260 2271 super
2282 2202 2450 2256 colles
2477 2219 2488 2253 :
2518 2213 2571 2258 et
2599 2202 2764 2258 fluent
2806 2203 2872 2259 ad
2905 2220 3027 2259 eum
3053 2205 3257 2276 populi.
3284 2203 3350 2257 Et
3398 2218 3524 2274 pro.

1963 2294 2231 2365 perabunt
2258 2303 2446 2364 gentes
2471 2297 2673 2358 multae,
2715 2303 2768 2351 et
2813 2296 2996 2352 dicent
3030 2313 3043 2351 :
3097 2296 3308 2361 Venite,
3340 2311 3530 2352 ascen.
3630 2321 3631 2324 η

1961 2385 2158 2440 damus
2189 2385 2254 2439 ad
2285 2394 2523 2440 montem
2556 2386 2768 2442 Domini
2800 2428 2816 2452 ,
2848 2398 2902 2443 et
2927 2389 2993 2442 ad
3022 2389 3242 2443 domum
3296 2387 3389 2443 Dei
3435 2386 3530 2442 Ja-

1962 2479 2103 2546 eob;
2137 2486 2192 2533 et
2219 2479 2435 2534 docebit
2485 2495 2587 2534 nos
2637 2480 2705 2536 de
2739 2481 2844 2536 viis
2874 2483 3008 2545 suis,
3043 2489 3095 2536 et
3127 2482 3328 2538 ibimus
3359 2483 3412 2535 in
3441 2495 3530 2538 se-

1970 2571 2121 2627 mitis
2145 2571 2286 2641 ejus,
2316 2572 2444 2642 quia
2472 2573 2538 2628 de
2562 2571 2692 2627 Sion
2737 2575 3048 2644 egredietur
3071 2576 3179 2640 lex,
3217 2583 3270 2630 et
3301 2576 3527 2631 verbum

1961 2666 2176 2722 Domini
2215 2666 2282 2722 de
2333 2665 2658 2725 Jerusalem.
2717 2667 2782 2723 Et
2830 2668 3097 2739 judicabit
3132 2670 3272 2726 inter
3299 2671 3529 2741 populos

1960 2758 2182 2823 multos,
2206 2766 2262 2813 et
2300 2758 2562 2828 corripiet
2597 2768 2784 2830 gentes
2837 2758 3008 2816 fortes
3042 2777 3215 2832 usque
3237 2763 3290 2817 in
3323 2763 3531 2834 longin-

1959 2865 2125 2920 quum
2159 2869 2172 2904 :
2209 2856 2264 2904 et
2293 2851 2583 2906 concident
2641 2851 2850 2922 gladios
2899 2868 3029 2908 suos
3064 2853 3118 2907 in
3149 2869 3419 2918 vomeres,
3473 2864 3528 2910 et

1960 2939 2154 2994 hastas
2212 2955 2342 2996 suas
2375 2942 2428 2994 in
2477 2942 2690 3011 ligones
2717 2961 2730 2996 ι
2765 2959 2874 2998 ηοη
2907 2954 3085 2999 sumet
3109 2960 3240 3014 gens
3266 2944 3527 2999 adversus

1957 3041 2170 3103 gentem
2190 3033 2429 3104 gladium
2452 3049 2468 3084 :
2492 3042 2544 3088 et
2562 3050 2670 3089 non
2687 3034 2900 3090 discent
2924 3036 3064 3090 ultra
3087 3037 3405 3106 belligerare
3422 3037 3487 3092 ".
3502 3057 3521 3089 ι

1957 3121 2252 3195 Postquam
2280 3140 2434 3180 sacer
2456 3140 2635 3181 sermo
2663 3126 2796 3181 dixit
2816 3126 2961 3196 quod
2983 3137 3204 3197 propter
3218 3126 3525 3182 Judazorum

284 3213 496 3283 μάθωσι
531 3216 804 3286 πολεμεῖν.
841 3238 860 3268 ι
913 3218 1094 3272 Είπὼν
1139 3223 1167 3274 6
1208 3221 1362 3290 λόγος
1395 3223 1470 3286 ὡς
1503 3222 1610 3294 ἄρα
1642 3223 1726 3276 διὰ
1758 3225 1855 3289 τὰς

1960 3215 2144 3286 populi
2171 3215 2490 3286 iniquitates
2528 3236 2546 3269 ι
2577 3233 2734 3274 mons
2760 3215 2890 3274 Sion
2919 3220 3076 3290 quasi
3104 3235 3231 3290 ager
3259 3221 3526 3286 arabitur,

281 3307 594 3372 δυσσεϐείας
618 3309 710 3362 τοῦ
754 3311 1018 3364 Ἰουδαίων
1043 3311 1169 3366 λαοῦ
1203 3314 1262 3366 τὸ
1297 3315 1395 3385 μὲν
1424 3333 1441 3365 ι
1475 3313 1612 3368 Σιὼν
1633 3314 1757 3386 ὅρος
1781 3315 1855 3378 ὼς

282 3401 453 3468 ἀγρὸς
493 3401 966 3473 ἀροτριαθήσεται,
1013 3423 1031 3455 ι
1058 3407 1090 3476 ἠ
1119 3405 1174 3458 δὲ
1207 3406 1469 3478 πρότερον
1496 3407 1856 3477 νενομισμένη

284 3492 438 3557 πόλις
465 3493 592 3563 ἁγία
621 3512 639 3546 ι
686 3495 1039 3568 Ἰερουσαλὴμ
1067 3497 1144 3561 ὡς
1165 3499 1607 3570 ὀπωροφυλάκιον
1630 3498 1803 3565 ἔσται,
1833 3518 1851 3550 ι

281 3585 410 3657 ἑξῆς
441 3588 770 3658 προφητεύει
797 3591 924 3660 περὶ
951 3590 1139 3661 ἑτέρου
1163 3591 1323 3661 ὅρους
1351 3592 1576 3662 Κυρίου,
1605 3593 1741 3663 ὅπερ
1766 3592 1856 3645 ἐπὶ

280 3679 378 3733 τοῦ
411 3681 507 3752 τῆς
547 3681 879 3752 προφητείας
911 3682 1100 3754 καιροῦ
1141 3685 1458 3754 ὑφειστήκει
1501 3687 1618 3756 μὲν,
1657 3688 1718 3739 οὑ
1751 3687 1856 3758 μὴν

280 3775 377 3829 καὶ
403 3774 643 3844 ἐμφανὲς
670 3777 781 3838 τοῖς
819 3773 1066 3844 τυχοῦσιν
1106 3776 1372 3847 ὑπῆρχεν,
1412 3778 1486 3841 ὼς
1525 3780 1610 3831 ἐπ’
1645 3779 1856 3850 ἐσχάτῳ

279 3866 390 3919 τῶν
412 3867 654 3939 ,ἡμερῶν
702 3867 1182 3938 ἀναφανησομένου
1225 3869 1478 3940 ὑπεράνω
1506 3887 1564 3922 τε
1596 3870 1702 3924 τῶν
1739 3871 1858 3940 βου-

279 3957 390 4010 νῶν
424 3959 518 4011 καὶ
542 3958 650 4011 τῶν
679 3958 850 4030 ὀρέων
881 3958 1471 4030 μετεωρισθησομένου⁸
1498 3963 1590 4013 ἐπὶ
1617 3961 1776 4015 τοῦτο
1799 3963 1854 4016 δὲ

279 4048 345 4102 τὸ
368 4051 548 4104 καινὸν
575 4050 698 4121 ὅρος
731 4049 882 4121 ἥξειν
915 4051 943 4102 6
971 4051 1124 4120 λόγος
1153 4053 1532 4122 προαγορεύει,
1559 4053 1739 4106 οὑκέτι
1764 4055 1855 4107 τὸν

295 4141 512 4212 Ἰσραὴλ
539 4145 764 4206 ἐκεῖνον,
794 4142 956 4206 λαοὺς
981 4143 1036 4195 δὲ
1071 4145 1164 4196 καὶ
1197 4142 1321 4214 ἔθνη
1357 4144 1526 4197 πολλὰ
1559 4146 1852 4214 φάσκοντα,

287 4248 306 4282 ι
340 4231 503 4285 Δεῦτε
540 4233 632 4286 καὶ⁵
671 4232 958 4304 ἀναδῶμεν
990 4235 1068 4296 είς
1103 4234 1164 4286 τὸ
1192 4234 1314 4305 ὅρος
1354 4234 1577 4307 Κυρίου·
1622 4257 1640 4288 ι
1675 4239 1768 4290 καὶ
1793 4239 1853 4290 οὑ

285 4323 448 4395 μόνον
476 4325 556 4388 εἰς
585 4324 646 4377 τὸ
669 4325 792 4396 ὅρος
817 4326 1042 4397 Κυρίου,
1074 4325 1208 4379 ἀλλά
1242 4328 1333 4380 καὶ
1367 4330 1448 4391 είς
1476 4328 1565 4382 τὸν
1589 4326 1735 4382 οἷκον
1761 4329 1854 4382 τοῦ

281 4415 420 4471 Θεοῦ
467 4415 676 4482 Ἰακὼϐ,
704 4417 888 4490 ἕτερον
911 4419 1040 4474 ὄντα
1074 4420 1229 4490 δῆλον
1258 4420 1337 4473 ὅτι
1369 4419 1520 4491 παρά
1551 4421 1641 4475 τὸν
1675 4423 1730 4476 ἐν
1762 4423 1856 4476 Ἰε-

285 4509 583 4582 ρουσαλήμ’
617 4509 820 4580 ταύτην
852 4511 960 4583 γὰρ
993 4511 1367 4582 ἐρημωθεῖσαν
1399 4512 1475 4575 ὼς
1505 4511 1854 4584 ὀπωροφυλά-

281 4618 402 4655 κιον
431 4600 650 4655 ἔσεσθαι
687 4603 866 4674 μικρῷ
908 4602 1146 4674 πρόσθεν
1188 4605 1418 4675 εἰρήκειο
1457 4604 1762 4668 ἀκολούθως
1798 4604 1854 4658 δὲ

279 4693 362 4765 τῷ
392 4693 454 4747 τὸ
481 4693 619 4748 Σιὼν
654 4693 779 4766 ὅρος
819 4693 915 4748 καὶ
953 4693 1052 4766 τὴν
1113 4689 1462 4766 Ἰερουσαλὴμ
1499 4696 1856 4769 ἐρημωθήσε-

283 4787 429 4853 σθαι,
477 4787 652 4860 ἕτερα
683 4787 727 4840 δ’
768 4787 888 4841 ἀντὶ
926 4786 1129 4840 τούτων
1173 4785 1524 4858 ὀφθήσεσθαι,
1567 4789 1660 4842 καὶ
1695 4788 1858 4860 νόμος

279 4879 466 4951 ἔτερος
486 4879 634 4952 παρά
661 4878 752 4932 τοῦ
781 4877 1056 4941 Μωὺσέως
1075 4877 1132 4944 ἐξ
1160 4877 1318 4949 ὅρους
1351 4879 1549 4951 Χωρὴὸ
1580 4880 1856 4951 δεδομένος

282 4969 658 5035 ἐξελεύσεσθαι
710 4971 774 5023 ὲκ
823 4968 930 5023 τοῦ,
963 4969 1150 5023 καινοῦ
1198 4969 1378 5039 ὅρους,
1425 4970 1728 5041 ὁμωνύμως
1778 4972 1855 5043 τῷ

282 5063 535 5136 προτέρῳ
568 5061 706 5117 Σιὼν
735 5061 829 5115 καλ⁸
858 5059 1025 5114 αὑτοῦ
1060 5059 1482 5133 ὀνομαζομένου,
1517 5059 1748 5130 λέγεται·
1778 5063 1856 5116 ἔτι

281 5155 338 5210 δὲ
374 5156 465 5210 καὶ
490 5155 644 5224 λόγος
676 5154 879 5226 Κυρίου
917 5152 1052 5223 μετά
1084 5151 1177 5204 τοῦ
1220 5150 1406 5205 καινοῦ
1444 5152 1608 5224 νόμου
1642 5153 1856 5227 εἴρηται

283 5249 350 5303 ὲκ
379 5249 477 5319 τῆς
510 5248 636 5312 νέας
678 5246 1050 5318 Ἰερουσαλὴμ,
1076 5244 1163 5316 ’ἢν
1196 5242 1257 5315 (f.
1292 5244 1381 5314 5I)
1418 5241 1562 5299 οἶκον
1593 5245 1686 5299 τοῦ
1719 5247 1854 5300 Θεοῦ

297 5339 488 5394 Ἰακὼϐ
522 5339 777 5410 ἀνωτέρω
809 5340 1125 5410 προσεῖπεν,
1166 5335 1604 5406 προελεύσεσθαι·
1638 5339 1666 5391 6
1697 5339 1854 5408 λόγος

282 5434 376 5488 ἐπὶ
407 5433 580 5488 πάντα
605 5431 672 5486 τὰ
703 5431 829 5500 ἔθνη
859 5428 1136 5503 προελθὼν
1164 5431 1369 5502 κρινεῖν
1396 5430 1497 5484 ἀνά
1526 5430 1688 5502 μέσον
1709 5431 1851 5485 λαῶν

284 5525 493 5580 πολλῶν
544 5525 637 5578 καὶ
683 5521 921 5590 ἐλέγξειν
971 5521 1099 5576 λαὸν
1156 5521 1370 5593 ἰσχυρὸν
1431 5521 1846 5594 προηγόρευται,

283 5616 534 5670 τοσοῦτόν
566 5631 626 5668 τε
657 5613 957 5684 ὠφελήσειν
982 5611 1068 5666 διὰ
1093 5613 1188 5685 τῆς
1219 5613 1352 5677 ίδίας
1378 5613 1606 5685 κρίσεως
1639 5615 1731 5669 καὶ
1757 5614 1848 5668 τοῦ

353 5794 398 5826 υ
440 5791 600 5850 Ilicb.
635 5804 674 5856 I,
713 5789 767 5846 ε.
843 5791 887 5822 ιε
927 5787 1091 5847 Micli.
1123 5807 1217 5857 ιιι,
1251 5791 1418 5859 9-1a;
1457 5807 1530 5856 ιν,
1568 5775 1684 5848 1L5.

1958 3313 2012 3362 et
2071 3306 2399 3370 Jerusalem,
2434 3327 2454 3360 ι
2514 3307 2708 3365 civitas
2767 3317 2956 3364 sancta
3009 3311 3160 3380 prius
3212 3311 3524 3382 praedicata,

1962 3415 1982 3448 ‹
2013 3399 2167 3467 quasi
2207 3413 2440 3454 acervus
2474 3399 2713 3468 lapidum
2741 3402 2866 3465 erit,
2901 3420 2919 3453 ι
2955 3404 3215 3456 continuo
3246 3404 3515 3473 propheti-

1958 3496 2045 3543 zat
2069 3490 2136 3544 de
2169 3490 2277 3543 alio
2309 3489 2524 3544 Domini
2553 3500 2756 3558 monte,
2793 3492 2938 3562 quod
2969 3482 3191 3562 quidem
3228 3495 3528 3563 prophetia

1957 3580 2298 3648 temporibus
2329 3580 2876 3641 exstabat,‘nondum
2907 3597 3036 3636 vero
3058 3584 3352 3652 prmélarus
3381 3584 3527 3638 vide-

1958 3671 2137 3736 batur,
2168 3672 2315 3726 velut
2345 3673 2516 3742 qui‘in
2566 3673 2864 3728 novissimo
2906 3675 3115 3729 dierum
3165 3691 3328 3744 super
3357 3677 3526 3733 colles

1956 3763 2380 3834 conSpiciendus
2409 3773 2577 3830 esset,
2620 3775 2674 3821 et
2696 3766 2946 3822 sublimis
2981 3783 3148 3838 super
3175 3776 3409 3826 montes.
3443 3770 3519 3826 Ad

1956 3855 2104 3910 hunc
2130 3864 2366 3912 montem
2393 3872 2614 3923 novum,
2671 3872 2780 3912 non
2830 3858 2939 3928 jam
2972 3859 3039 3913 ad
3087 3868 3324 3914 montem
3358 3860 3522 3918 Israel

1955 3956 2217 4005 venturos
2242 3964 2362 4005 esse
2389 3949 2673 4021 Scriptura
2693 3953 2908 4005 nuntiat
2935 3953 3165 4022 populos
3215 3954 3524 4026 multasque

1956 4048 2162 4111 gentes,
2193 4042 2437 4098 dicentes
2461 4060 2472 4095 :
2516 4061 2534 4094 ι
2573 4040 2787 4108 Venite,
2814 4045 3174 4102 ascendamus
3197 4046 3262 4101 ad
3285 4055 3523 4103 montem

1956 4132 2168 4189 Domini
2197 4153 2244 4202 ;›
2278 4143 2331 4190 et
2365 4149 2471 4190 non
2502 4137 2676 4192 solum
2711 4137 2778 4191 ad
2811 4145 3048 4193 montem
3077 4138 3312 4204 Domini,
3338 4139 3431 4195 sed
3456 4138 3523 4194 ad

1956 4225 2176 4280 domum
2203 4226 2294 4282 Dei
2319 4226 2508 4293 Jacob,
2534 4245 2655 4299 qua:
2683 4230 2786 4284 alia
2818 4231 3103 4287 manifeste
3128 4240 3211 4288 est
3237 4249 3303 4288 ac
3326 4234 3522 4290 domus

1956 4318 2011 4372 in
2039 4316 2362 4377 Jerusalem.
2403 4320 2562 4376 Modo
2594 4323 2738 4376 enim
2766 4338 2886 4378 eam
2915 4332 2974 4377 ut
3001 4331 3215 4378 antrum
3249 4325 3520 4380 desertam

1956 4409 2073 4464 fore
2097 4411 2368 4480 prazdixit.
2403 4411 2520 4467 Non
2547 4414 2856 4469 inconsulto
2888 4415 3090 4470 dicitur
3116 4414 3247 4470 Sion
3278 4425 3519 4474 montem

1955 4512 2010 4559 et
2034 4502 2334 4560 Jerusalem
2369 4506 2656 4572 vastanda,
2684 4507 2788 4560 alia
2815 4515 2994 4564 autem
3046 4524 3146 4579 pro
3171 4510 3237 4564 iis
3284 4525 3519 4567 consur-

1957 4605 2195 4662 rectura,
2232 4605 2286 4651 ct
2307 4597 2478 4668 legem
2506 4599 2690 4663 aliam,
2731 4606 2928 4669 praeter
2947 4601 3094 4655 illam
3125 4617 3246 4672 qua:
3269 4603 3437 4675 Moysi
3463 4606 3516 4659 in

1956 4685 2138 4744 Hut‘eb
2163 4688 2288 4743 data
2340 4696 2444 4754 est,
2481 4704 2511 4744 e
2550 4704 2692 4744 novo
2741 4700 2924 4746 monte
2972 4691 3330 4762 prodituram,
3386 4695 3518 4752 Sion

1953 4795 2171 4851 quoque
2200 4781 2340 4836 sicut
2374 4780 2558 4851 priore
2585 4782 2887 4837 nominato.
2927 4781 3164 4839 Verbum
3187 4802 3400 4857 quoque
3421 4785 3520 4843 Do.

1953 4875 2086 4928 mini
2109 4888 2233 4928 cum
2259 4889 2397 4928 nova
2429 4874 2544 4944 lege
2563 4873 2766 4929 dicitur
2786 4890 2817 4930 e
2846 4889 2985 4930 nova
3005 4875 3328 4944 Jerusalem,
3355 4894 3517 4950 quam

1952 4965 2172 5021 domum
2221 4965 2314 5021 Dei
2343 4963 2512 5020 Jacob
2565 4956 2736 5038 supra
2785 4969 3096 5039 appellavit,
3151 4971 3517 5042 proditurum.

1956 5059 2194 5116 Verbum
2227 5060 2389 5132 igitur
2418 5061 2482 5116 ad
2510 5077 2700 5118 omnes
2735 5071 2922 5133 gentes
2952 5063 3212 5133 prodiens
3238 5064 3518 5136 judicatu-

1955 5168 2076 5207 rum
2107 5153 2249 5207 inter
2279 5154 2482 5209 multos
2504 5154 2734 5224 populos
2757 5161 2811 5209 et
2831 5163 3020 5226 gentes
3043 5154 3212 5212 fortes
3237 5164 3520 5228 correptu-

1953 5261 2075 5300 rum
2123 5246 2446 5313 nuntiatur,
2509 5255 2832 5319 tantumque
2889 5247 3235 5320 profuturum
3305 5250 3518 5320 proprio

1949 5336 2157 5408 judicio
2190 5348 2243 5393 et
2288 5339 2633 5410 correptione
2662 5339 2731 5396 iis
2772 5339 2865 5411 qui
2893 5341 3222 5412 corripiendi
3285 5353 3432 5408 sunt,
3461 5349 3519 5396 ut

1958 5429 2195 5500 priorem
2227 5431 2581 5487 immutantes
2605 5440 2857 5488 sanctum
2887 5443 2942 5489 et
2985 5433 3239 5490 hostilem
3270 5434 3516 5490 habitum

1957 5529 2246 5580 mansueto
2275 5531 2329 5579 et
2379 5521 2722 5594 pacifico.....
2767 5522 2895 5580 Haec
2943 5523 3163 5597 quidem
3210 5527 3514 5599 pr0phetia.

1956 5612 2111 5670 Nunc
2145 5630 2276 5671 vero
2307 5614 2699 5687 speculandum
2750 5631 2934 5675 an.....
2975 5617 3286 5686 .Salvatoris
3344 5621 3514 5676 nostri
