3926 6260
243 353 368 408 ΓΙίό

1239 358 1528 415 ECLOGA:
1568 358 2039 419 PROPHETICE.
2075 398 2141 407 -—
2181 367 2303 423 LIB.
2339 370 2422 425 III.

3304 376 3438 433 1148

235 472 409 524 σεσθαι
436 467 851 538 προφητεύεται·
891 471 1018 534 ἴσως
1046 471 1089 524 δ’
1112 469 1178 524 ἂν
1208 474 1300 526 καὶ
1327 491 1419 526 τετ
1460 515 1472 528 .
1518 515 1530 528 .
1575 514 1587 526 .
1631 515 1644 527 .
1687 474 1750 545 τῇ

1887 482 2008 543 tur;
2045 478 2225 534 forsan
2279 489 2471 537 et
2507 485 2744 539 secundo
2793 486 2911 555 ejus
2959 487 3211 543 adventu.
3263 494 3440 561 Atque

234 560 474 631 δευτέρας
514 559 675 612 αὐτοῦ
722 563 1039 631 παρουσίαςο
1086 565 1178 616 καὶ
1227 565 1324 634 τῆς
1367 566 1591 619 καθόλου
1637 567 1773 621 πάν-

233 671 332 710 των
369 691 382 705 .
427 692 438 704 .
486 691 499 703 .
541 691 555 704 .
597 690 612 704 .
655 691 668 705 .
710 689 722 702 .
768 691 780 704 .
822 652 1084 724 κληφθείη
1110 654 1177 706 τὰ
1206 655 1344 709 κατὰ
1372 656 1460 709 τὸν
1492 657 1672 711 τόπον.

604 765 730 836 (Τοῦ
759 767 1007 834 Ἀγγαίου
1041 769 1206 837 σαφὲς
1233 768 1426 836 οὐδέν.)

718 879 1106 933 ΚΕΦΑΛΑΙΟΝ
1150 881 1276 934 KA'.

709 994 838 1048 Ἀπὸ
877 996 980 1050 τοῦ
1019 998 1296 1066 Ζαχαρία.

302 1144 319 1177 ι
368 1166 380 1178 .
426 1169 438 1180 .
484 1168 496 1180 .
542 1166 556 1180 .
601 1167 614 1180 .
661 1168 673 1180 .
717 1130 1128 1204 παντοκράτωρ,
1193 1133 1395 1188 Ὀπίσω
1455 1134 1610 1204 δόξης
1670 1138 1776 1189 ἁπ-

227 1216 442 1270 έσταλκὲ
477 1233 540 1286 με
576 1217 666 1269 ἐπὶ
689 1217 757 1270 τὰ
796 1258 810 1270 .
853 1257 867 1271 .
911 1260 924 1273 .
969 1262 981 1274 .
1022 1261 1036 1274 .
1082 1261 1094 1274 .
1140 1262 1155 1278 .
1195 1222 1426 1277 εύσαντα
1452 1225 1610 1295 ὑμᾶς·
1635 1246 1653 1278 ι
1681 1221 1777 1278 εἶτ’

225 1306 468 1375 ἐπιφέρει
502 1308 637 1376 μετὰ
675 1308 877 1379 βραχέα
906 1309 1098 1379 λέγων,
1141 1331 1160 1366 ι
1195 1313 1528 1386 (γνώσε)σθε,
1559 1318 1638 1370 ὅτι
1667 1317 1780 1372 Κύ-

224 1415 330 1466 ριος
355 1400 747 1473 παντοκράτωρ
766 1403 1070 1459 ἀπέσταλκὲ
1095 1426 1178 1478 με.
1195 1427 1214 1461 ι
1236 1411 1292 1462 '0
1316 1410 1489 1480 λέγων
1510 1411 1545 1464 ἅ
1572 1453 1584 1465 .
1615 1451 1629 1464 .
1661 1450 1676 1465 .
1711 1454 1723 1465 .
1759 1452 1772 1465 .

225 1504 288 1555 με
336 1485 539 1558 Κύριός
585 1492 698 1542 ἐστι
749 1497 1164 1567 παντοκράτωρ·
1220 1498 1476 1563 ὡσαύτως
1521 1501 1579 1554 δὲ
1629 1502 1719 1554 καὶ
1749 1503 1778 1555 6

219 1581 322 1631 ἀπο
345 1619 359 1633 .
404 1619 420 1634 .
464 1622 478 1635 .
523 1622 537 1636 .
584 1619 599 1636 .
643 1623 655 1635 .
687 1584 842 1656 θερος
869 1587 944 1640 ὢν
972 1587 1064 1642 τοῦ
1091 1591 1547 1663 ἀποστελλομένου
1576 1594 1776 1664 Κύριος

215 1670 526 1741 ὠνόμασται
567 1693 671 1728 παν
712 1717 724 1731 .
769 1717 782 1730 .
826 1718 841 1732 .
887 1718 900 1731 .
943 1719 958 1734 .
1002 1720 1015 1734 .
1060 1723 1074 1736 .
1117 1723 1132 1736 .
1171 1683 1393 1747 εἰκότως
1429 1680 1519 1738 οὖν
1559 1687 1688 1756 ἡμῖν
1720 1689 1776 1739 ὲν

213 1766 320 1826 τοῖς
352 1767 480 1836 περὶ
509 1769 721 1838 Πατρὶς
743 1771 836 1823 καὶ
867 1772 994 1826 Υἱοῦ
1038 1813 1051 1826 .
1094 1814 1110 1830 .
1152 1815 1168 1832 .
1212 1819 1225 1830 .
1271 1817 1285 1829 .
1329 1817 1343 1830 .
1387 1817 1401 1831 .
1447 1819 1460 1832 .
1500 1778 1560 1832 τὸ
1591 1779 1769 1850 ῥητὸν,

210 1852 284 1905 ὅτι
314 1855 406 1907 καὶ
432 1857 646 1928 Κύριος
679 1863 1067 1936 παντοκράτωρ
1098 1865 1127 1917 6
1161 1866 1252 1918 τοῦ
1287 1868 1420 1921 Θεοῦ
1462 1909 1474 1920 .
1521 1910 1534 1922 .
1579 1909 1593 1922 .
1636 1909 1652 1925 .
1696 1913 1709 1927 .
1751 1910 1767 1926 .

209 1944 388 2017 ὥσπερ
416 1950 514 2002 καὶ
542 1951 672 2015 Θεὸς
692 1952 778 2005 διὰ
804 1955 911 2008 τῶν
938 1959 1227 2029 προφητῶν
1257 1963 1639 2032 ἐχρημάτισεν.

714 2128 1109 2188 ΚΕΦΑΛΑΙΟΝ
1144 2137 1272 2191 ΚΒ’.

817 2223 926 2276 Τοῦ
979 2225 1184 2280 αὑτοῦ.

382 2367 397 2381 .
445 2347 463 2379 ι
501 2331 594 2383 καὶ
619 2331 926 2403 εὐφραίνου,
956 2337 1190 2412 θύγατερ
1213 2341 1368 2408 Σιὼν,
1395 2342 1475 2398 ὅτι
1502 2345 1628 2412 ἰδοὺ,
1657 2348 1767 2418 ἐγὼ

199 2414 443 2509 ἔρχομαι,
471 2422 572 2474 καὶ
649 2462 663 2476 .
741 2464 754 2478 .
833 2465 847 2480 .
924 2430 1185 2502 σκηνώσω
1214 2435 1271 2488 ὲν
1297 2435 1446 2508 μέσῳ
1474 2455 1588 2503 σου,
1620 2414 1765 2509 λέγει

197 2504 410 2577 Κύριος.
448 2511 566 2563 Καὶ
609 2517 1033 2584 καταφεύξονται
1108 2563 1121 2575 .
1205 2571 1217 2579 ,
1388 2504 1514 2583 ολλά
1555 2532 1648 2586 ἐπὶ
1673 2504 1765 2588 τὸν

195 2597 391 2669 Κύριον
419 2603 470 2656 ἐν
524 2607 585 2675 τῇ
615 2607 794 2678 ἡμέρᾳ
824 2611 1026 2684 ἐκείνῃ,
1057 2616 1150 2668 καὶ
1177 2616 1387 2673 ἔσονται
1415 2622 1484 2674 αὐ
1559 2666 1573 2679 .
1648 2664 1664 2679 .
1744 2667 1758 2682 .

193 2685 331 2754 λαὸν,
371 2695 466 2747 καὶ
515 2700 1026 2770 κατασκηνώσουσιν
1051 2707 1111 2760 ἐν
1159 2709 1308 2782 μέσῳ
1336 2731 1448 2778 σου,
1484 2717 1577 2770 καὶ
1651 2759 1665 2772 .

191 2781 388 2880 γνωσῃ,
469 2826 483 2839 .
572 2828 586 2840 .
667 2830 678 2842 .
759 2830 772 2843 .
851 2832 866 2847 .
941 2801 1339 2873 παντοκράτωρ
1367 2805 1668 2862 ἀπέσταλκέ
1694 2827 1762 2880 με

189 2873 320 2968 πρδς
359 2878 436 2930 σέ.
474 2899 498 2930 ›
551 2881 660 2934 Καὶ
693 2884 776 2948 τίς
850 2925 863 2938 .
942 2927 959 2944 .
1039 2931 1052 2945 .
1129 2896 1158 2946 6
1187 2895 1360 2950 ταῦτα
1403 2899 1624 2968 φάσκων
1666 2873 1760 2958 καὶ

186 2964 456 3064 δμολογῶν
515 2971 846 3031 ἀπεστάλθαι
896 2964 1492 3061 ὑπὸκΠαντοκρόιτορος,
1528 2995 1560 3064 ἢ
1596 2997 1624 3048 6
1665 2998 1758 3051 τοῦ

1882 570 2255 626 universorum
2434 575 2804 646 subriperetur
2837 577 2904 632 de
2935 579 3037 634 hoc
3074 580 3213 636 loco.

2125 776 2221 846 (Ex
2256 779 2447 848 Aggzeo
2489 779 2621 832 nihil
2665 781 2800 834 satis
2833 785 3218 854 compertum.)

2453 889 2680 945 CAPUT
2721 893 2858 949 XXI.

2473 1003 2521 1057 E
2547 1002 2832 1058 Zacharia.

1953 1129 1969 1162 ι
2013 1112 2170 1184 (Quia
2210 1113 2325 1170 haec
2375 1116 2507 1172 dicit
2557 1116 2839 1177 Dominus)
2888 1123 3229 1191 omnipotens
3261 1142 3275 1178 :
3303 1123 3432 1182 Post

1879 1205 2103 1276 gloriam
2160 1206 2310 1262 misit
2358 1224 2445 1263 me
2489 1209 2553 1263 ad
2604 1209 2816 1282 (gentes
2861 1227 2979 1282 qua:
3039 1215 3432 1287 spolia)verunt

1878 1312 1974 1352 vos
2003 1298 2070 1352 ⁵⁸.
2119 1318 2136 1349 ι
2176 1297 2306 1352 Dein
2340 1315 2447 1352 non
2478 1300 2648 1356 multo
2685 1311 2809 1372 post
2863 1303 3050 1374 adjicit
3085 1325 3095 1359 :
3136 1325 3154 1358 ι
3190 1306 3255 1360 Et
3291 1310 3435 1364 scies

1877 1389 2003 1459 quia
2041 1388 2303 1446 Dominus
2351 1392 2690 1464 omnipotens
2731 1396 2880 1450 misit
2936 1412 3020 1451 me
3073 1398 3142 1452 ad
3193 1407 3244 1453 te
3278 1399 3346 1453 ".
3405 1419 3427 1454 ι

1877 1481 1979 1546 Qui
2001 1482 2150 1536 dicit.
2196 1523 2209 1537 .
2254 1522 2267 1535 .
2314 1526 2328 1538 .
2374 1526 2387 1538 .
2435 1524 2447 1536 .
2492 1525 2504 1537 .
2551 1527 2563 1538 .
2608 1527 2622 1540 .
2655 1485 2918 1543 Dominus
2954 1497 3035 1544 est
3065 1491 3428 1560 omnipotens.

1882 1571 2224 1652 Similiter'et
2253 1577 2365 1646 qui.
2411 1617 2422 1631 .
2472 1619 2484 1632 .
2527 1617 2542 1631 .
2585 1617 2600 1632 .
2639 1618 2657 1635 .
2702 1619 2716 1634 .
2758 1581 2906 1636 illius
2938 1582 3030 1652 qui
3065 1583 3298 1637 mittitur
3327 1583 3432 1638 Do-

1875 1666 2056 1721 minus
2084 1669 2387 1738 appellatur
2413 1671 2580 1726 omni.
2610 1712 2624 1727 .
2671 1714 2684 1727 .
2733 1715 2746 1728 .
2792 1714 2807 1728 .
2855 1715 2866 1727 .
2912 1695 2926 1728 ;
2973 1714 2986 1727 .
3015 1672 3132 1728 Non
3160 1677 3431 1732 immerito

1878 1757 2220 1828 igiturnobis
2251 1761 2306 1815 in
2362 1762 2429 1817 iis
2467 1778 2587 1833 quae
2617 1763 2684 1819 de
2714 1763 2875 1821 Patre
2901 1774 2954 1821 et
2975 1765 3131 1820 Filio.
3178 1808 3192 1822 .
3237 1810 3251 1822 .
3295 1809 3308 1823 .
3353 1809 3367 1822 .
3411 1808 3426 1823 .

1800 1834 1843 1889 Β
1871 1850 2014 1923 quod
2069 1853 2274 1908 dictum
2327 1861 2430 1920 est,
2483 1855 2610 1926 quia
2649 1855 2916 1913 Dominus
2961 1863 3304 1930 omnipotens
3334 1860 3428 1916 Dei

1879 1984 1894 1998 .
1939 1983 1954 1996 .
2001 1985 2014 1998 .
2061 1985 2076 2000 .
2121 1986 2134 1999 .
2180 1987 2191 1999 .
2239 1985 2252 2000 .
2293 1983 2306 1998 .
2374 1947 2518 2001 sicut
2561 1946 2704 2003 Deus
2748 1965 2844 2019 per
2871 1953 3162 2022 prophetas
3199 1952 3426 2010 manife-

1871 2037 2034 2091 stavit

2423 2133 2652 2191 CAPUT
2701 2135 2866 2197 XXII.
2933 2127 2936 2132 ’

2497 2225 2579 2281 Ea:
2601 2227 2802 2284 eodem.

1943 2359 1961 2391 ι
1994 2337 2223 2411 (Lauda)
2243 2349 2298 2399 et
2327 2342 2531 2410 laetare,
2565 2344 2672 2400 ﬁlia
2701 2344 2854 2409 Sion,
2886 2345 3012 2415 quia
3048 2361 3177 2401 ecce
3204 2360 3305 2416 ego
3334 2361 3426 2402 ve-

1867 2433 1980 2497 nio,
2011 2443 2064 2488 et
2091 2434 2348 2490 habitabo
2381 2437 2436 2490 in
2466 2436 2644 2492 medio
2668 2437 2770 2502 tui,
2808 2438 2883 2491 ait
2931 2437 3212 2494 Dominus.
3239 2437 3305 2492 Et
3332 2453 3426 2508 ap-

1864 2521 2213 2592 plicabuntur
2243 2523 2452 2596 (gentes
2475 2527 2681 2595 m)ultae
2713 2527 2782 2582 ad
2809 2527 3168 2582 Dominumin
3198 2529 3286 2584 die
3308 2529 3422 2593 illa,

1862 2620 1918 2668 et
1947 2621 2106 2668 erunt
2133 2614 2385 2685 (mihi‘in)
2415 2618 2694 2686 populum,
2731 2626 2784 2674 et
2813 2618 3133 2674 habitabunt
3165 2619 3220 2673 in
3246 2618 3426 2674 medio

1743 2760 1758 2773 ,
1866 2707 1965 2768 tui,
1990 2713 2043 2760 et
2067 2709 2208 2763 scies
2232 2709 2379 2779 (quia
2406 2708 2691 2781 Dominus)
2711 2712 3054 2783 omnipotens
3078 2711 3229 2766 misit
3250 2727 3336 2767 me
3354 2711 3421 2767 ad

1863 2806 1916 2853 te
1941 2798 2010 2852 ⁶⁰.
2046 2819 2065 2851 ›
2100 2799 2254 2867 Quis.
2301 2843 2314 2855 .
2361 2843 2373 2856 .
2420 2840 2434 2856 .
2479 2845 2491 2857 .
2539 2843 2552 2857 .
2595 2844 2608 2857 .
2652 2804 2768 2858 haec
2791 2804 3000 2873 dicens,
3028 2804 3424 2874 confessusque

1864 2903 1923 2943 se
1942 2889 2170 2945 missum
2205 2890 2376 2947 fuisse
2409 2893 2478 2948 ab
2505 2891 2906 2965 Omnipotente,
2936 2896 3040 2950 nisi
3061 2895 3151 2950 Dei
3183 2893 3423 2949 Verbum

1863 2994 1897 3034 a
1927 2979 2087 3037 Patre
2118 2982 2171 3036 in
2212 2983 2492 3040 hominum
2543 2987 2758 3059 generis
2791 2989 3017 3043 salutem
3050 2987 3290 3042 missus?
3317 2985 3422 3052 Qui

185 3053 312 3156 9εοῦ
337 3060 521 3156 Λόγοςξ
541 3065 645 3118 ὑπὸ
673 3068 766 3120 τοῦ
789 3072 1001 3143 Πατρὸς
1028 3075 1118 3128 ἐπὶ
1153 3053 1394 3153 σωτηρία
1532 3053 1642 3142 τῶν
1666 3089 1754 3144 ἀν-

1866 3083 1925 3127 ut
1961 3073 2166 3129 dictum
2215 3085 2319 3131 est.
2364 3117 2378 3130 .
2423 3120 2435 3132 .
2482 3120 2497 3134 .
2542 3053 2570 3132 ί
2600 3122 2613 3135 .
2659 3121 2674 3135 .
2715 3081 2990 3135 caelestem
3042 3079 3208 3145 Sion;
3263 3078 3421 3148 cujus

185 3142 412 3216 θρώπων
441 3152 643 3220 γένους
683 3142 1004 3228 ἀποσταλείς
1028 3183 1042 3196 ·
1070 3168 1128 3231 ὃς
1157 3170 1224 3224 τὰ
1252 3142 1584 3248 προκείμενα
1626 3219 1641 3234 .
1745 3221 1754 3238 ς

1871 3164 2256 3220 documentum
2285 3185 2443 3224 mons
2466 3186 2633 3241 super
2663 3180 2884 3226 terram.
2930 3213 2943 3225 .
2989 3211 3004 3224 .
3049 3210 3061 3223 .
3109 3212 3122 3225 .
3166 3210 3180 3224 .
3228 3211 3240 3224 .
3273 3176 3327 3223 et
3353 3167 3420 3222 ad

183 3237 514 3344 έπρυράνιον
558 3248 727 3302 Σιών·
762 3247 830 3323 ἦς
872 3257 1217 3331 παράδειγμα
1257 3237 1316 3317 τί)
1358 3237 1462 3318 ἐπὶ.
1488 3269 1592 3340 γῆς
1633 3272 1754 3344 ὄρος

1871 3258 2114 3328 gentium
2147 3258 2446 3317 Ecclesiam
2481 3237 2814 3318 extenditur.
2862 3261 2986 3318 Pro.
3033 3303 3046 3315 .
3091 3304 3107 3319 .
3148 3303 3161 3316 .
3210 3301 3224 3315 .
3267 3300 3282 3315 .
3325 3275 3422 3315 γοα

181 3330 306 3430 ἐτόγ
348 3375 361 3388 .
407 3377 422 3391 .
469 3378 483 3391 .
537 3339 631 3392 καὶ
664 3341 799 3414 πρὸς
838 3344 1018 3416 τὴνὲξ
1048 3330 1214 3406 ἐθνῶν
1260 3330 1586 3430 Ἐκκλησίαν
1620 3330 1755 3417 ἀετοί

176 3423 404 3480 τείνεται
429 3445 442 3459 ο
476 3447 596 3501 προ
637 3472 651 3484 .
733 3473 748 3487 .
825 3473 838 3490 .
894 3455 1011 3502 svo;
1041 3441 1176 3514 αὐτῇ
1210 3445 1309 3516 τὴν
1341 3449 1531 3519 κλῆσιν
1557 3451 1664 3506 τῶν
1689 3454 1756 3507 δι’

175 3515 333 3571 αὑτοῦ
366 3521 666 3594 σωθησομέ
741 3566 756 3579 .
836 3567 851 3582 .
927 3569 942 3582 .
1023 3573 1037 3586 .
1115 3574 1129 3586 .
1190 3537 1280 3590 ὑπ’
1311 3540 1473 3595 αὑτοῦ
1505 3542 1754 3614 βασιλευ-

176 3604 488 3682 θησομένων
531 3616 590 3667 ὲν
614 3616 770 3688 αὐτῇ.

689 3709 1082 3768 ΚΕΦΑΛΑΙΟΝ
1118 3718 1246 3773 Kl".

722 3801 852 3856 Ἀπὸ
885 3806 989 3859 τοῦ
1019 3809 1224 3864 αὑτοῦ.

245 3909 408 4010 ιΚαὶ
488 3950 550 4010 ,Α
589 3952 696 4010 ._.
775 3955 788 3969 .
868 3960 882 3973 .
959 3962 973 3976 .
1053 3964 1066 3977 .
1141 3926 1232 3981 τὸν
1266 3929 1578 4001 Ἰησοῦντδν
1604 3935 1752 4010 ἱερέα

171 3995 496 4097 Δτὸνῄμιεεγαν,
532 4004 740 4097 ἑστῶτα
772 4010 878 4081 πρὸ
913 4030 1098 4084 προσω
1139 4056 1154 4069 .
1207 4059 1220 4072 .
1260 3995 1353 4074 τοιῖ
1399 4025 1624 4097 Κυρίου,
1655 3995 1752 4084 καὶ

173 4084 419 4154 διάϐολος
455 4093 679 4163 ἑστήκει
707 4098 770 4148 ἐκ
796 4099 982 4165 δεξιῶν
1021 4105 1206 4171 αὑτοῦ,
1243 4109 1336 4164 τοῦ
1370 4084 1576 4169 ἀντικει
1617 4158 1630 4171 .
1673 4157 1689 4173 .
1732 4159 1746 4174 .

171 4175 336 4282 αθτῷ.
372 4198 390 4231 ι
429 4181 530 4234 καὶ
565 4184 680 4252 μετ’
701 4183 854 4254 ὀλίγα
874 4204 888 4218 ο
925 4209 941 4241 ι
973 4193 1081 4247 Καὶ
1107 4191 1259 4252 εἶπεν
1286 4200 1421 4272 πρὸς
1441 4205 1566 4269 τοὺς
1594 4207 1752 4282 ἑστη-

169 4267 330 4364 κότας
365 4272 479 4364 πρὸ
513 4273 614 4342 τῆς
653 4315 667 4329 .
710 4317 724 4331 .
768 4319 782 4333 .
821 4281 914 4333 τοῦ
955 4284 1139 4351 αὑτοῦ,
1169 4267 1373 4359 λέγων’
1407 4267 1654 4364 Ἀφέλετε
1681 4267 1750 4355 τά

166 4359 357 4429 ίμάτια
392 4363 467 4416 τὰ
495 4368 714 4438 ῥυπαρὰ
737 4370 831 4423 ἀπ’
858 4373 1021 4428 αὐτοῦ
1044 4393 1057 4406 ·
1085 4380 1178 4432 καὶ
1201 4377 1353 4436 εἶπεν
1377 4400 1391 4414 ο
1427 4359 1574 4453 Ἰδοὺ,
1606 4389 1747 4461 ἀφῄ-

166 4467 308 4520 ρηκα
340 4454 449 4518 τὰς
479 4457 709 4527 ἀνομίας
741 4477 854 4525 σου,
912 4467 1005 4518 καὶ
1034 4469 1305 4528 ἐνδύσατε.
1350 4513 1366 4529 .
1408 4514 1424 4529 .
1466 4517 1480 4530 .
1530 4518 1544 4532 .
1583 4454 1741 4552 δήρἧ,

163 4544 255 4596 καὶ
299 4546 534 4599 ἐπίθετε
577 4549 785 4622 κίδαριν
828 4556 1068 4628 καθαρὰν
1107 4563 1198 4615 ἐπὶ
1229 4567 1326 4636 τὴν
1376 4569 1613 4642 κεφαλὴν
1645 4573 1744 4626 αὑ-

158 4631 277 4685 τοῦ.
319 4654 340 4685 ι
380 4636 502 4689 Καὶ
550 4638 712 4694 πάλιν
753 4646 869 4713 μετ’
901 4646 1051 4715 ὀλίγα
1082 4631 1328 4708 λέλεκται
1369 4631 1505 4729 πρδς
1545 4631 1744 4716 αὐτόν’

164 4739 183 4772 ι
225 4724 436 4824 ’Ἄκουε
575 4769 589 4782 .
634 4770 646 4783 .
691 4771 704 4783 .
749 4772 762 4786 .
804 4737 928 4806 ρεὺς
959 4739 987 4790 ὁ
1013 4740 1202 4810 μέγας,
1233 4748 1295 4800 σὺ
1327 4724 1424 4802 καί
1447 4753 1494 4804 οἱ
1523 4753 1748 4824 πλησίον

158 4829 254 4866 σου
287 4819 339 4869 οἱ
391 4818 702 4890 καθήμενοι
745 4827 850 4896 πρὸ
882 4833 1170 4901 προσώπου
1219 4854 1344 4890 σου’
1388 4842 1520 4896 διότι
1561 4846 1752 4918 ἄνδρες

155 4908 572 4975 τερατοσκόποι
607 4914 733 4979 εἰσὶ,
766 4916 919 4982 διότι,
967 4923 1096 4988 ίδοὺ,
1131 4926 1241 4996 ἐγὼ
1282 4929 1398 4998 ἄγω
1436 4933 1528 4988 τὸν
1558 4908 1745 4993 δοῦλόν

159 5010 264 5062 μου
307 4999 632 5099 ἒΑνατολήν.
668 5024 686 5056 ι
723 5008 832 5061 Καὶ
856 5008 1010 5077 αὖθις
1051 5017 1169 5086 μεθ’
1201 5019 1394 5092 ἕτερα·
1441 5045 1460 5077 ι
1489 5029 1597 5082 Καὶ
1625 5031 1744 5099 ἐγέ-

154 5099 280 5190 νετο
313 5085 721 5192 λόγος’Κυρίου
762 5099 898 5169 πρὸς
931 5103 1017 5172 μὲ,
1051 5085 1241 5176 λέγων·
1275 5085 1419 5167 Ᾰάϐε
1461 5117 1527 5171 τὰ
1559 5121 1623 5173 ὲκ
1648 5085 1746 5192 τῆς

152 5177 559 5283 αἰχμαλωσίας
595 5191 744 5256 παρὰ
776 5190 883 5244 τῶν
915 5194 1206 5266 ἀρχόντων.
1237 5221 1256 5254 ›
1294 5206 1404 5258 Καὶ
1439 5194 1577 5278 μετὰ
1609 5177 1743 5283 ppu:

151 5268 293 5373 xeat:
334 5291 354 5323 ι
384 5273 514 5373 AK-al
556 5275 701 5350 λήψῃ
727 5281 984 5358 ἀργύριον
1029 5292 1121 5344 καὶ
1150 5299 1395 5368 ποιήσεις
1427 5268 1739 5373 στεφάνόυς,

150 5362 247 5413 καὶ
275 5364 582 5436 ἐπιθήσεις
614 5372 706 5424 ἐπὶ
736 5377 833 5446 τὴν
861 5381 1098 5454 κεφαλὴν
1141 5388 1312 5458 Ἰησοῦ
1347 5391 1461 5444 υξοῦ
1504 5396 1744 5452 Ἰωσεδὲκ

127 5447 245 5518 ,τοῦ
283 5453 498 5524 ἱερέως
526 5458 617 5511 τοῦ
648 5466 899 5535 μεγάλου,
926 5474 1018 5525 καὶ
1053 5475 1195 5545 ἐρεῖς
1215 5479 1364 5550 ,πρὸς
1394 5483 1572 5540 αὐτόν’
1606 5489 1740 5544 Τάδε

1863 3349 2132 3404 cationem
2165 3365 2353 3404 eorum
2382 3353 2476 3423 qui
2511 3354 2578 3408 ab
2599 3369 2664 3410 eo
2693 3355 2957 3410 salvaudi.
3002 3393 3015 3406 .
3058 3393 3070 3404 .
3112 3391 3124 3404 .
3172 3393 3185 3408 .
3232 3392 3247 3408 .
3291 3390 3308 3405 .
3349 3351 3420 3406 ab

1855 3456 1920 3496 eo
1938 3451 2192 3513 regentur
2213 3444 2268 3499 in
2289 3445 2428 3515 ipsa.

2405 3711 2633 3767 CAPUT
2672 3712 2860 3768 XXIII.

2487 3803 2571 3857 Ea:
2590 3804 2789 3860 eodem.

1932 3931 1950 3965 ι
1997 3911 2064 3968 Ει
2096 3913 2354 3986 (ostendit
2382 3917 2514 3972 mihi
2544 3917 2828 3991 Dominus)
2860 3919 3044 3976 Jesum
3075 3921 3413 3979 sacerdotem

1855 4018 2113 4074 magnum
2147 4014 2379 4063 stantem
2405 4024 2592 4065 coram
2627 4013 2862 4084 (angelo)
2889 4012 3102 4069 Domini
3131 4033 3144 4069 :
3171 4023 3223 4069 et
3245 4013 3411 4070 Sata'i

1855 4098 2031 4154 stabat
2056 4114 2087 4153 a
2116 4100 2324 4157 dextris
2375 4102 2494 4172 ejus
2532 4113 2592 4160 ut
2650 4106 3076 4180 advers(aretur)
3104 4109 3154 4164 ei
3185 4110 3253 4166 ⁶¹.
3292 4128 3310 4162 ι
3347 4109 3412 4162 Et

1852 4199 1976 4265 post
2005 4209 2178 4264 pauca
2209 4215 2222 4250 :
2266 4215 2284 4248 ι
2332 4196 2398 4253 Ει
2437 4200 2514 4253 ait
2546 4200 2611 4255 ad
2633 4215 2727 4256 eos
2759 4201 2852 4271 qui
2884 4203 3101 4256 stabant
3121 4217 3302 4256 coram
3331 4217 3411 4266 se,

1852 4287 2043 4342 dicens
2074 4305 2088 4341 :
2119 4287 2346 4343 Auferte
2375 4291 2699 4346 vestimenta
2727 4293 2943 4348 sordida
2971 4293 3037 4348 ab
3065 4308 3150 4348 eo.
3184 4294 3251 4346 Et
3275 4292 3413 4346 dixit

1860 4377 1924 4432 ad
1954 4394 2078 4433 eum
2103 4397 2116 4433 :
2141 4377 2291 4434 Ecce
2314 4381 2512 4436 abstuli
2542 4396 2574 4435 a
2613 4390 2667 4437 te
2695 4383 3036 4453 iniquitatem
3070 4390 3218 4437 tuam
3247 4392 3301 4439 et
3328 4383 3412 4437 in-

1850 4474 1943 4530 dui
1976 4475 2392 4546 (te,mutatoriis
2424 4496 2437 4530 :
2469 4487 2522 4532 et
2546 4477 2704 4550 dixit)
2741 4495 2755 4531 :
2787 4477 2978 4532 Ponite
2996 4478 3223 4533 cidarim
3251 4493 3411 4532 mun-

1849 4568 1974 4621 dam
2009 4583 2172 4637 super
2201 4575 2365 4637 caput
2400 4567 2519 4636 ejus
2544 4569 2608 4622 θ’.
2650 4587 2668 4619 ι
2721 4567 2786 4621 Et
2833 4584 3026 4637 rursus
3071 4569 3234 4638 paulo
3283 4574 3409 4638 post

1845 4659 2044 4714 dicitur
2067 4659 2132 4714 ad
2157 4675 2280 4714 eum
2319 4679 2331 4714 :
2360 4679 2378 4712 ι
2402 4660 2540 4715 Audi
2565 4659 2711 4731 (Jesu
2744 4661 3020 4734 sacer)dos
3038 4677 3251 4732 magne,
3275 4670 3332 4715 tu
3356 4669 3410 4716 ct

1849 4752 2008 4806 amici
2034 4752 2114 4806 tui
2145 4753 2237 4822 qui
2269 4752 2526 4807 habitant
2551 4768 2734 4807 coram
2771 4762 2842 4818 te,
2888 4754 3014 4824 quia
3055 4754 3159 4808 viri
3186 4762 3409 4824 porten—

1847 4841 2037 4898 dentes
2065 4853 2214 4907 sunt,
2249 4858 2376 4898 ecce
2403 4843 2545 4897 enim
2574 4858 2672 4914 ego
2688 4843 2950 4899 adducam
2979 4859 3197 4900 servum
3226 4858 3408 4908 meum

1850 4933 2125 4992 Orientem
2160 4935 2225 4988 ⁸³.
2284 4954 2302 4987 ›
2345 4950 2364 4984 ι
2395 4933 2574 5003 Atque
2603 4935 2797 4991 iterum
2832 4943 2955 5006 post
2993 4935 3135 4990 alia:
3172 4953 3191 4986 ι
3231 4934 3297 4988 Et
3327 4934 3408 4989 fac

1849 5035 1998 5081 ctum
2020 5034 2104 5082 est
2126 5026 2363 5082 Verbum
2408 5027 2625 5082 Domini
2675 5026 2742 5081 ad
2795 5043 2882 5083 me
2907 5026 3096 5082 dicens
3129 5045 3143 5080 :
3180 5024 3346 5082 Sume
3375 5041 3407 5079 a

1849 5120 2324 5192 transmigratione
2353 5136 2384 5174 a
2406 5121 2640 5177 ducibus
2663 5120 2744 5188 “;
2776 5139 2794 5173 ι
2821 5129 2875 5176 et
2902 5122 3064 5192 paulo
3095 5127 3220 5191 post
3245 5139 3258 5175 :
3290 5137 3310 5172 ι
3339 5119 3407 5174 Et

1851 5227 2034 5268 sumes
2070 5229 2263 5267 aurum
2316 5224 2370 5269 et
2401 5224 2683 5286 argentum
2723 5222 2815 5269 :et
2850 5213 3020 5270 facies
3064 5225 3320 5276 coronas,
3351 5217 3406 5265 et

1849 5321 2016 5375 pones
2039 5307 2092 5360 in
2116 5307 2290 5376 capite
2314 5305 2464 5373 Jesu,
2490 5306 2585 5360 lilii
2615 5303 2843 5362 Josedec
2869 5305 3165 5361 sacerdotis
3194 5306 3400 5376 magni,

1848 5407 1902 5454 et
1931 5381 2170 5470 loqueris.
2195 5401 2261 5455 ad
2286 5415 2408 5455 eum
2439 5400 2628 5456 dicens
2652 5419 2665 5454 :
2691 5399 2816 5456 Haec
2843 5401 2919 5455 ait
2939 5398 3199 5458 Dominus
3227 5401 3406 5456 omni-

1848 5501 2077 5562 potens:
2116 5494 2257 5551 Ecce
2285 5496 2364 5550 vir
2386 5494 2581 5553 Oriens
2607 5509 2808 5550 nomen
2860 5494 2981 5566 ejus
3037 5513 3052 5550 :
3101 5502 3158 5552 et
3212 5495 3404 5553 subter

218 5610 580 5719 ’ἐξὲξἓέωᾷ
605 5611 875 5719 11ὸ8.¹η¹⁹
915 5625 1044 5684 ibid.
1084 5629 1166 5686 tl.
1245 5633 1288 5666 ⁶⁰
1329 5633 1554 5697 Zachar.
1586 5657 1655 5708 η»
1695 5643 1754 5701 Ιο

1866 5648 1916 5705 I.
1995 5651 2036 5683 εί
2079 5648 2303 5709 Zaciiar.
2339 5668 2436 5719 Ili,
2472 5651 2522 5706 I.
2597 5652 2640 5684 ⁸³
2680 5649 2809 5706 ibid.
2870 5649 2923 5718 Δ,
2972 5649 3024 5706 5.
3099 5650 3142 5683 ⁸³
3180 5648 3311 5707 ibid“.
3343 5650 3398 5708 8.

145 5680 191 5710 “
233 5680 494 5736 Zachar.
531 5698 616 5746 Vl.
648 5687 716 5751 9,
749 5690 837 5744 10.

217 5797 300 5868 (l)
337 5799 520 5854 Deest
547 5799 654 5852 τοῦ.
682 5800 834 5859 Eutr.
