3926 6260
554 379 688 435 1147

1135 408 1150 421 .
1251 364 1516 420 EUSEBII
1555 365 2031 423 CxESAHlENSlS
2068 366 2213 422 OPP.
2252 360 2430 418 PARS
2458 360 2544 416 Ill.
2570 352 3064 412 -—EXEGETICA.

3565 354 3668 408 “‘8

551 507 677 545 eum
715 487 937 548 orietur,
974 485 1036 541 "et
1090 483 1383 540 sdiﬁcabit
1430 483 1687 553 templum
1742 481 1984 538 Domino.
2046 481 2108 535 Et

2213 481 2355 548 λέγει
2407 478 2606 548 Κύριος
2655 470 3067 543 παντοκράτωρι
3104 464 3253 527 Ἰδοὺ,
3297 463 3440 533 ἀνὴρ,
3478 463 3670 538 ’Δνατολὴ

555 582 672 652 ipse
723 578 954 648 portabit
988 576 1235 647 gloriam,
1275 584 1329 632 et
1363 575 1592 639 sedebit,
1638 583 1692 630 et
1739 573 2106 629 dominabitur

554 687 717 741 super
749 670 885 724 solio
913 683 1035 730 suo,
1067 675 1124 723 et
1155 670 1258 723 erit
1292 667 1550 722 sacerdos
1581 682 1611 720 a
1642 667 1844 721 dextris
1873 665 2012 734 ejus,
2052 674 2106 720 et

552 762 840 818 consilium
892 760 1041 829 pacis
1075 761 1179 813 erit
1236 761 1378 812 inter
1425 759 1548 812 illos
1593 759 1752 812 duos.
1795 756 1859 809 Et
1892 771 2104 811 corona:

551 861 711 909 erunt
745 853 1190 922 exspectantibus
1219 852 1286 905 “.
1328 870 1346 902 ι
1381 850 1516 906 Cum
1551 847 1881 903 Salvatorem
1923 857 1974 902 et
2005 849 2104 902 Do-

551 946 756 998 minum
789 953 1034 998 nostrum
1056 943 1239 997 Jesum
1261 941 1535 996 Christum
1565 941 1797 1010 inclytus
1818 940 2106 1010 Apostolus

555 1056 575 1090 ι
612 1035 956 1090 Sacerdotem
997 1035 1242 1105 Magnum
1276 1032 1636 1103 n(ominavit),
1672 1032 1764 1101 qui
1810 1034 2106 1102 penetravit

551 1129 720 1183 celos
755 1127 820 1191 “,
864 1146 881 1177 ι
911 1127 976 1180 ad
1013 1141 1135 1180 eum
1173 1140 1282 1178 non
1320 1125 1590 1178 immerito
1623 1123 1924 1178 referenda.
1973 1168 1984 1178 .
2031 1165 2043 1176 .
2090 1168 2101 1179 .

549 1228 604 1274 et
636 1220 727 1290 qui
756 1217 1056 1274 secundum
1084 1217 1424 1287 prophetiam
1463 1215 1652 1270 eodem
1686 1217 2006 1286 cognomine
2043 1232 2105 1270 ac

550 1312 755 1366 honore
793 1311 1101 1365 decoratus.
1133 1308 1254 1363 Haec
1286 1309 1492 1362 eadem.
1539 1349 1552 1362 .
1600 1349 1612 1363 .
1660 1350 1672 1362 .
1717 1347 1731 1364 .
1776 1347 1790 1360 .
1823 1305 1977 1361 Hunc
2007 1307 2106 1378 igi-

549 1411 640 1456 tur
677 1401 939 1456 Dominus
971 1400 1211 1456 ostendit
1234 1401 1527 1470 prophetae.
1573 1442 1586 1455 .
1632 1441 1645 1455 .
1691 1439 1704 1453 .
1753 1441 1766 1454 .
1813 1440 1827 1454 .
1871 1440 1884 1453 .
1927 1438 1941 1452 .
1987 1396 2104 1453 Sal-

548 1493 755 1547 vatoris
804 1494 982 1547 nostri
1023 1492 1086 1546 ad
1118 1499 1362 1546 nostram
1391 1492 1759 1561 captivitatem
1795 1491 2104 1546 solvendam

549 1585 869 1639 descensum
906 1584 1246 1652 signiﬁcans,
1280 1599 1410 1654 quo.
1454 1623 1468 1638 .
1512 1625 1525 1637 .
1573 1624 1584 1636 .
1638 1622 1652 1638 .
1703 1629 1718 1642 .
1771 1584 2105 1640 nuntiavisse

550 1676 779 1746 captivis
835 1676 1282 1744 redemptionem,
1314 1676 1462 1728 velut
1496 1684 1716 1729 nostras
1753 1675 1806 1728 in
1869 1675 2102 1744 seipsum

550 1767 856 1836 suscipiens
904 1767 1223 1836 iniquitates
1265 1765 1502 1820 sordidis
1533 1765 1675 1834 apud
1709 1780 1810 1819 nos
1842 1782 1974 1821 usus
2020 1775 2104 1820 est

549 1858 911 1914 vestimentis.
944 1857 1067 1911 llaec
1094 1857 1254 1912 Pater
1292 1867 1577 1912 eruentem
1621 1857 1773 1926 jubet
1805 1856 2105 1911 divinitatis

2213 1852 2568 1922 αἰνιττόμενος
2617 1847 2860 1911 κάθοδον,
2907 1841 3024 1902 καθ’
3054 1841 3120 1911 ἢν
3161 1876 3176 1892 .
3223 1880 3236 1892 .
3284 1879 3297 1891 .

549 1967 829 2006 assumere
871 1950 1066 2005 divina:
1096 1957 1148 2003 et
1189 1949 1385 2003 decora
1415 1947 1613 2003 summi
1645 1949 1699 2002 in
1739 1949 1893 2004 cmlis
1923 1965 2105 2005 sacer-

547 2043 683 2096 dotil
705 2043 954 2110 insignia.
986 2041 1188 2094 llorum
1221 2047 1397 2094 autem
1420 2055 1488 2094 ex
1522 2040 1748 2094 historia
1779 2041 1862 2095 de.
1910 2081 1925 2095 .
1969 2081 1984 2096 .
2027 2083 2044 2096 .
2085 2082 2100 2096 .

545 2133 732 2188 Jesum
767 2135 944 2203 typice
976 2140 1034 2187 ut
1055 2131 1350 2186 verisimile
1378 2139 1460 2185 est
1501 2130 1641 2186 natis
1672 2131 1740 2185 ab
1771 2132 1877 2185 alio
1902 2133 2104 2200 princi-

547 2226 637 2294 pio
671 2226 894 2280 verbum
919 2225 986 2279 ad
1020 2225 1197 2295 ipsum
1223 2222 1398 2277 virum
1427 2220 1612 2277 Jesum
1637 2231 1690 2276 et
1724 2222 1846 2278 illos
1869 2223 1961 2292 qui
1982 2238 2106 2277 eum

548 2334 632 2372 eo.
677 2357 692 2372 .
739 2357 752 2371 .
799 2359 812 2372 .
858 2355 872 2370 .
915 2359 928 2371 .
971 2358 986 2374 .
1040 2316 1294 2385 dignatas
1343 2315 1636 2378 nominari,
1691 2315 1767 2368 ait
1823 2333 1835 2369 :
1896 2336 1913 2366 ε
1968 2314 2106 2370 Ecce

547 2426 649 2480 ego
679 2410 942 2464 adducam
974 2408 1211 2480 (servum
1237 2407 1435 2478 meum)
1463 2405 1738 2461 Orientem
1761 2408 1825 2461 ⁸⁷.
1865 2427 1884 2460 ι
1915 2408 1979 2460 Et
1999 2423 2106 2461 non

550 2503 720 2556 multo
753 2510 878 2571 post
911 2522 923 2556 :
975 2521 992 2553 ι
1026 2501 1270 2556 Coronas
1327 2501 1381 2554 in
1420 2500 1594 2570 ipsius
1626 2499 1754 2556 Jesu
1803 2499 1982 2570 capite
2007 2515 2106 2570 po-

548 2608 647 2647 nes
677 2594 741 2656 ”,
788 2613 806 2645 ι
861 2592 1125 2661 subjicit:
1176 2611 1194 2644 ι
1249 2590 1374 2646 Herc
1430 2591 1505 2645 ait
1557 2590 1819 2647 Dominus
1860 2594 2108 2662 omnipo-

550 2689 670 2734 tens
702 2679 877 2736 :Ecce
902 2682 985 2735 vir
1014 2680 1208 2736 Oriens
1233 2695 1432 2736 nomen
1461 2681 1580 2749 ejus
1608 2680 1673 2736 θ’.
1716 2700 1735 2732 ι
1770 2679 1833 2734 Ει
1861 2691 2004 2751 post.
2039 2722 2053 2736 .
2090 2724 2103 2737 .

550 2772 597 2841 (ι
623 2771 810 2826 subter
841 2775 986 2841 eum)
1014 2774 1218 2828 orietur
1237 2780 1291 2827 et
1323 2771 1611 2827 aadilicabit
1638 2773 1894 2842 templum
1927 2772 2107 2828 Domi-

547 2878 620 2916 no
640 2863 708 2928 7°,
732 2884 750 2916 ι
777 2871 895 2919 et...
915 2865 980 2919 ad
997 2863 1271 2920 Christum
1291 2863 1577 2919 referenda
1591 2871 1806 2919 sunt....
1825 2864 1988 2935 hujus
2005 2865 2108 2920 loci

548 2951 1242 3021 sequentia.Verumtamen
1272 2950 1492 3009 Judaeis.
1539 2995 1551 3009 .
1589 2995 1603 3009 .
1634 2996 1647 3008 .
1671 2993 1698 3006 ..
1743 2995 1758 3009 .
1790 2957 2106 3021 ostendere;

548 3057 672 3095 cum
705 3043 919 3111 quidem
951 3044 1168 3102 minime
1200 3045 1512 3113 prophetam
1541 3059 1591 3098 a.
1614 3055 1636 3099 ‘.
1676 3085 1690 3098 .
1736 3087 1749 3100 .
1794 3087 1806 3100 .
1826 3062 2013 3116 regno.
2045 3047 2108 3101 Et

2204 573 2371 642 ὄνομα
2402 567 2567 638 αὐτῷ,
2599 568 2693 620 καί
2720 560 3064 618 ὑποκάτωθεν
3091 555 3250 612 αὑτοῦ
3276 553 3334 624 (l.
3362 554 3440 623 5?.)
3467 555 3670 623 ἀνατελεί,

2205 665 2297 718 καὶ
2322 663 2659 731 οἰκοδομήσει
2684 657 2773 709 τὸν
2802 650 2946 707 οἰκον
2973 650 3194 721 Κυρίου,
3229 648 3317 699 καὶ
3337 645 3476 703 αὐτὸς
3501 645 3673 715 λήψεται

2205 755 2422 826 ἀρετήν,
2454 752 2546 805 καὶ
2573 748 2856 809 καθιεῖται,
2891 745 2982 798 καί
3022 741 3171 812 ἄρξει
3196 739 3284 790 ἐπὶ
3322 736 3405 790 τοῦ
3429 736 3584 807 θρὸνω
3603 737 3673 790 αὐ-

2203 844 2317 909 τοῦ,
2345 845 2435 896 καὶ
2475 842 2624 894 ἔσται
2653 840 2680 891 6
2707 837 2880 908 ἱερεὺς
2905 838 2968 887 ὲκ
3010 829 3193 896 δεξιῶν
3233 827 3408 891 αὑτοῦ,
3446 828 3525 880 καὶ
3559 826 3673 901 βωλὴ

2205 933 2454 1004 εἰρηνικὴ
2487 931 2633 984 ἔσται
2659 927 2923 998 ἀναμέσον
2957 921 3291 994 ἀμφοτέρων.
3332 919 3384 972 '0
3409 919 3459 971 δὲ
3480 919 3674 988 στέφανος

2206 1026 2352 1078 ἔσται
2384 1027 2493 1087 τοῖς
2528 1018 2902 1092 ὑπομενοῦσιν.
2931 1035 2948 1067 ι
2985 1013 3134 1068 ‘Ertsl.
3154 1012 3244 1064 τὸν
3276 1009 3484 1081 Σωτῆρα
3507 1010 3583 1062 καί
3604 1011 3678 1062 Κύ-

2211 1135 2320 1188 ριον
2355 1118 2386 1186 ή
2398 1115 2512 1186 μῶν
2550 1111 2753 1185 Ἰησοῦν
2786 1106 3017 1180 Χριστὸν
3053 1107 3080 1158 6
3108 1102 3396 1172 θαυμάσιος
3432 1101 3677 1164 Ἀπόστολος

2219 1207 2502 1281 Ἀρχιερέα
2532 1205 2717 1274 Μέγαν
2755 1198 3045 1273 ὠ(νόμασε)
3084 1194 3418 1266 διεληλυθότα
3438 1195 3544 1256 τοὺς
3563 1192 3682 1263 οὐρα-

2204 1301 2348 1366 νοὺς,
2379 1297 2685 1370 ἀναφέροιτ’
2713 1295 2776 1349 ἂν
2811 1293 2894 1346 ἐπ’
2925 1289 3082 1344 αὑτὸν
3115 1286 3334 1348 εἰκότως
3371 1326 3385 1340 .
3427 1323 3440 1338 .
3478 1323 3491 1338 .
3529 1323 3540 1336 .
3575 1323 3584 1336 .
3615 1281 3682 1337 καὶ

2204 1395 2231 1446 ὁ
2258 1393 2396 1446 κατὰ
2423 1392 2518 1462 τὴν
2549 1387 2883 1460 προφητείαν
2915 1386 2980 1455 τῇ
3007 1400 3068 1435 τε
3109 1381 3244 1450 αὐτῇ
3277 1375 3590 1449 προσωνυμίᾳ
3619 1374 3684 1427 καὶ

2205 1485 2282 1556 τῷ
2329 1483 2478 1554 αὐτῷ
2504 1480 2770 1552 ἀξιώματι
2794 1473 3179 1547 τετιμημένος·
3212 1469 3376 1539 ταύτη
3407 1484 3459 1520 τε
3497 1506 3508 1519 .
3545 1509 3556 1520 .
3590 1509 3600 1519 .
3632 1504 3642 1517 .
3673 1503 3682 1515 .

2208 1619 2221 1630 .
2261 1618 2272 1630 .
2317 1613 2333 1631 .
2374 1616 2386 1628 .
2431 1573 2732 1646 ρηματίσας
2758 1587 2771 1600 °
2821 1567 3007 1622 τοῦτον
3041 1565 3103 1636 δὴ
3141 1559 3233 1616 οὖν
3263 1563 3292 1615 6
3336 1559 3518 1630 Κύριος
3543 1557 3687 1620 ἔδειξεν

2204 1668 2281 1738 τῷ
2315 1648 2573 1738 προφήτω
2615 1705 2626 1716 .
2673 1705 2684 1715 .
2734 1706 2744 1715 .
2791 1702 2804 1714 .
2845 1655 3124 1730 τιρυπώση
3169 1647 3688 1724 περιῦεόλημένον,τήν

2205 1761 2297 1814 τοῦ
2331 1761 2577 1830 ἃυτῆρος
2606 1755 2760 1828 ἡμῶν
2790 1753 2881 1806 ἐπὶ
2919 1752 3016 1822 τὴν
3059 1747 3180 1802 καθ’
3223 1746 3366 1816 ἡμᾶς
3389 1739 3688 1812 αἰχμαλωσίαν

3339 1845 3690 1891 ,.....ων

2212 1943 2440 2016 κηρύξαι
2477 1938 2834 2013 αἰχμαλώτοις
2878 1938 3086 2005 ἄφεσιν,
3118 1926 3204 1984 οἷα
3253 1929 3316 1999 δὴ
3352 1926 3444 1990 τὰς
3485 1921 3692 1994 ἡμετέρας

2211 2039 2289 2100 εἰς
2333 2034 2518 2088 ἑαυτὸν
2567 2029 2845 2086 ἀναλαϐὼν
2880 2025 3149 2097 ἁμαρτίας
3197 2022 3449 2092 ῥυπαροῖς
3494 2017 3693 2086 κέχρηται

2212 2128 2340 2198 παρ’
2385 2124 2538 2196 ήμῶν
2582 2123 2867 2192 ἐνδύμασι·
2902 2117 3072 2172 ταῦτα
3115 2115 3159 2167 δ’
3197 2117 3226 2167 ό
3273 2110 3452 2180 Πατὴρ
3492 2105 3694 2198 ἀποδύντα

2212 2196 2419 2272 κελεύει
2462 2215 2530 2268 τὰ
2573 2215 2668 2283 τῆς
2713 2211 2962 2281 θεότητος
3003 2205 3290 2262 ἀναλαϐεῖν
3334 2204 3446 2256 θεῖα
3489 2196 3694 2261 7.316520-

2214 2310 2399 2386 πρεπῆ
2445 2312 2541 2380 τῆς
2583 2307 2698 2360 κατ’
2752 2304 2977 2375 οὐρανὸν
3029 2297 3429 2373 ἀρχιερωσύνης
3473 2293 3693 2362 ἐνδύματα.

2213 2404 2409 2458 Τούτωε
2463 2400 2518 2454 δὲ
2563 2401 2652 2453 καὶ
2694 2395 2833 2450 κατὰ
2860 2396 2958 2465 τὴν
2989 2391 3223 2463 ἱστορίαν
3260 2388 3383 2459 περὶ
3406 2404 3435 2439 τ
3472 2424 3486 2439 .
3523 2425 3534 2436 .
3572 2423 3583 2435 .
3616 2397 3696 2434 τοτε

2225 2493 2426 2564 Ἰησοῦν
2466 2489 2707 2552 τυπικῶς
2743 2489 2816 2551 ὡς
2860 2488 3004 2549 εἰκὸς
3041 2480 3419 2553 γεγενημένων
3449 2478 3529 2545 ἀφ’
3559 2474 3698 2545 ktl-aa;

2213 2585 2382 2656 ἀρχῆς
2411 2585 2439 2634 ὁ
2463 2582 2616 2651 λόγος
2659 2580 2793 2652 πρός
2814 2595 2874 2632 τε
2903 2575 3062 2630 αὐτὸν
3089 2575 3181 2627 τὸν
3220 2573 3391 2642 ᾇνδρα
3430 2565 3605 2656 Ἰησοῦν

2211 2677 2335 2740 τοὺς
2401 2675 2496 2727 σὺν
2546 2672 2693 2742 αὑτῷ
2734 2710 2748 2725 .
2796 2710 2810 2722 .
2855 2709 2869 2723 .
2912 2664 3404 2738 (τε)ρατοσκόπους,
3445 2655 3638 2728 ἠγοῦμαι
3671 2651 3699 2703 δ’

2212 2766 2383 2831 οὕτως
2409 2767 2533 2830 τοὺς
2558 2767 2654 2834 τῆς
2685 2759 3055 2832 πνευματικῆς
3097 2797 3111 2811 .
3156 2798 3169 2811 .
3211 2794 3227 2810 .
3276 2795 3292 2808 .
3339 2794 3352 2806 .
3395 2793 3406 2804 .
3443 2746 3701 2819 ἠξιωμένους

2213 2857 2537 2928 ὠνομάσθαι,
2570 2856 2750 2927 φησίν,
2787 2873 2806 2906 ι
2843 2852 2973 2906 Ἰδοὺ
3007 2848 3116 2918 ἐγὼ
3147 2845 3420 2937 ἄγω-τὸνέ
3445 2882 3476 2937 μ,
3511 2880 3524 2894 .
3561 2875 3619 2936 ,⁸.
3650 2869 3702 2937 .‘.

2226 2945 2526 3014 Ἀνατολήν.
2563 2964 2582 2996 ι
2614 2945 2722 2997 Kal.
2749 2939 3096 3002 ὑποκαταϐὰς
3123 2934 3291 2991 αὐτοῦ
3325 2931 3414 2986 τοῦ
3445 2931 3593 3001 Ἰησοῦ
3616 2931 3702 2984 τοὺς

2216 3032 2550 3104 στείφάνους)
2596 3034 2662 3102 τῇ
2713 3031 2918 3100 κεφαλῇ
2969 3026 3210 3090 ἐπιθεὶς,
3266 3021 3502 3092 ἐπιφέρει
3546 3017 3702 3083 λέγων’

548 3110 841 3202 prophetiae
886 3110 1239 3203 temporibus.
1402 3176 1414 3189 .
1461 3176 1472 3187 .
1517 3176 1530 3188 .
1576 3176 1589 3189 .
1637 3179 1648 3190 .
1697 3179 1710 3191 .
1753 3179 1766 3192 .
1817 3110 2108 3193 excitatum

2220 3144 2240 3176 ι
2268 3125 2406 3178 Τάδε
2437 3124 2581 3202 λέγει
2610 3123 2811 3195 Κύριος
2835 3119 3226 3190 παντοκράτωρ
3251 3133 3265 3147 ⁸
3301 3115 3407 3168 ἰδοὺ
3440 3111 3565 3203 ἀνὴρΔ
3597 3110 3704 3203 ’θναξ

549 3223 808 3278 haberent
834 3225 1139 3290 ostendere,
1185 3226 1289 3281 nisi
1315 3225 1578 3281 Joannem
1611 3236 1664 3283 et
1692 3227 1978 3284 Dominum
2009 3246 2108 3285 no-

2213 3218 2333 3290 τολὴ
2371 3198 2540 3288 δνομα
2565 3233 2577 3246 ο
2610 3237 2627 3268 ι
2654 3216 2746 3268 καί
2778 3213 3015 3268 ὑποκάτ.
3063 3252 3078 3265 .
3121 3249 3134 3263 .
3180 3248 3194 3261 .
3241 3247 3262 3263 .
3304 3248 3316 3264 .
3360 3224 3378 3258 ι
3413 3198 3704 3259 ἁνατελείκιὶ

551 3321 724 3368 strum
749 3312 934 3369 Jesum
963 3314 1259 3372 Christum.
1306 3315 1439 3382 Quis
1491 3318 1654 3389 igitur
1708 3321 2111 3390 prophetizatus

553 3414 762 3472 tempus
786 3413 867 3459 est
894 3405 1102 3460 dicere.
1126 3444 1139 3457 .
1161 3447 1173 3460 .
1196 3449 1210 3462 .
1235 3448 1248 3461 .
1274 3449 1286 3462 .
1331 3407 1387 3462 Si
1430 3423 1560 3462 vero
1605 3409 1867 3476 dicerent,
1893 3410 2007 3465 haec
2045 3411 2113 3464 ad

548 3494 730 3551 Jesum
761 3497 925 3550 ﬁlium
945 3496 1168 3553 Josedec
1197 3508 1471 3569 spectant,
1499 3500 1892 3556 ostendendum
1925 3509 2007 3556 est
2034 3503 2113 3558 eis

549 3586 773 3640 minime
800 3586 877 3639 illi
907 3603 1028 3657 qua:
1055 3587 1199 3642 dicta
1233 3597 1358 3643 sunt
1382 3591 1688 3646 convenire.
1713 3590 1940 3656 Quando
1969 3593 2112 3646 enim

548 3688 798 3732 vocatum
827 3686 911 3733 est
949 3693 1145 3733 nomen
1175 3679 1294 3748 ejus
1325 3677 1561 3735 Oriens?
1590 3679 1759 3745 Quam
1797 3681 1868 3734 ob
1892 3696 2112 3737 causam

551 3769 654 3822 hac
680 3767 1118 3824 denominatione
1156 3769 1450 3839 dignatur?
1484 3772 1765 3835 Quomodo
1804 3788 1927 3826 eum
1956 3772 2114 3826 dece-

550 3867 652 3924 ret,
681 3879 699 3911 ι
728 3857 792 3914 Et
810 3862 1012 3917 sedebit
1031 3871 1084 3917 et
1113 3862 1478 3917 dominabitur
1500 3879 1661 3934 super
1691 3865 1826 3919 solio
1849 3865 1979 3920 tuo?
2007 3885 2024 3916 ι
2050 3881 2114 3920 ac

549 3953 848 4020 pmsertim
888 3952 1040 4016 illud,
1070 3977 1088 4004 ι
1127 3960 1179 4007 et
1213 3954 1314 4007 erit
1340 3955 1596 4012 sacerdos
1625 3970 1655 4008 a
1684 3955 1888 4011 dextris
1919 3957 2102 4027 ejus?»

553 4039 611 4095 Si
639 4042 783 4097 enim
812 4044 929 4112 ipse
966 4051 1110 4099 esset
1148 4046 1401 4100 sacerdos
1430 4061 1685 4116 magnus,
1726 4048 1848 4118 quis
1878 4046 2018 4103 foret
2046 4048 2113 4102 ad

550 4133 826 4188 dexteram
853 4134 971 4204 ejus
1026 4134 1165 4189 alius
1213 4150 1277 4189 ac
1318 4136 1434 4206 ipse
1481 4136 1768 4190 sacerdos?
1830 4137 2114 4194 Manileste

552 4234 729 4282 autem
761 4227 924 4280 alium
951 4241 1014 4281 ac
1046 4227 1196 4280 illum
1232 4243 1354 4282 esse
1381 4226 1540 4281 docet
1570 4227 1842 4282 Orientem
1867 4229 2113 4284 nomina-

551 4327 684 4372 tum.
720 4317 929 4372 Etenim
956 4319 1018 4372 ad
1048 4319 1220 4388 ipsum
1255 4318 1537 4373 Dominum
1563 4325 1617 4375 et
1657 4321 1723 4374 ad
1756 4322 2115 4379 circumstan-

552 4418 634 4466 tes
698 4426 818 4465 eum
871 4411 946 4465 ait
989 4409 1306 4481 Scriptura:
1357 4428 1377 4462 ι
1421 4411 1600 4476 Audi,
1645 4411 1811 4479 Jesu,
1860 4415 2112 4472 sacerdos

551 4519 773 4574 magne,
811 4511 869 4558 tu
899 4512 952 4559 et
989 4504 1147 4557 amici
1183 4504 1300 4559 tui:
1333 4519 1461 4559 ecce
1505 4506 1648 4559 enim
1693 4521 1794 4576 ego
1847 4506 2110 4561 adducam

2215 3310 2550 3379 οἰκοδομήσει
2582 3308 2672 3361 τὸν
2717 3302 2862 3359 οἷκον
2905 3303 3104 3376 Κυρίου
3139 3321 3158 3354 ι
3196 3299 3416 3362 καὶτὰς
3450 3338 3463 3352 .
3505 3337 3519 3350 .
3555 3336 3566 3350 .
3603 3333 3614 3346 .
3644 3291 3706 3379 καὶ

2214 3401 2283 3454 τά
2326 3378 2417 3453 ὲπί
2455 3378 2550 3454 τὸν
2598 3397 2830 3470 Χριστὸν
2873 3392 3176 3465 ἀναφέροιτ’
3207 3392 3300 3456 ἂν,
3331 3390 3428 3461 τῆς
3468 3378 3706 3459 προσηκού-

2217 3513 2316 3567 σης
2353 3535 2368 3550 .
2414 3534 2431 3550 ο
2473 3493 2740 3566 (τυ)χόντα
2786 3490 3087 3561 διηγήσεως
3111 3503 3124 3515 ·
3159 3483 3302 3555 πλὴν
3331 3482 3423 3535 καὶ
3446 3480 3706 3567 τοῖςᾼὲκ-πε·

2216 3563 2440 3658 ριτομῇς
2472 3563 2568 3636 καὶ.
2604 3621 2617 3634 .
2663 3621 2676 3634 .
2723 3623 2738 3638 .
2782 3620 2796 3633 .
2841 3618 2856 3634 .
2903 3621 2914 3631 .
2960 3618 2974 3631 .
3015 3575 3139 3630 αλδν
3183 3615 3196 3627 .
3247 3614 3259 3626 .
3309 3614 3320 3624 .
3365 3613 3378 3625 .
3419 3563 3705 3638 παραθέσθαι.

2213 3677 2335 3729 ἐπεὶ
2368 3674 2486 3746 μηδ’
2515 3673 2648 3735 ὅλως
2676 3671 2956 3742 προφήτην
3006 3666 3112 3719 ἀπὸ
3142 3665 3242 3735 τῆς
3284 3705 3299 3719 .
3341 3702 3355 3715 .
3397 3699 3414 3717 .
3455 3700 3467 3712 .
3508 3698 3521 3712 .
3559 3668 3707 3725 περσου

2215 3766 2515 3838 βασιλείαςο
2547 3764 2639 3817 καὶ
2666 3764 2773 3816 τῶν
2798 3762 2897 3832 τῆς
2926 3756 3263 3831 προφητείας
3286 3754 3485 3826 χρόνων
3519 3791 3530 3801 .
3569 3787 3580 3800 .
3616 3786 3626 3799 .
3659 3783 3670 3797 .
3697 3782 3706 3796 .

2217 3901 2232 3916 .
2277 3901 2291 3917 .
2335 3900 2348 3913 .
2388 3855 2752 3928 ἐγηγερμένον
2777 3854 2947 3924 ἔχοιεν
2975 3848 3261 3913 ἐπιδεῖξαι,
3300 3846 3374 3917 μὴ
3399 3847 3559 3910 ὃτι’γε
3583 3838 3708 3891 Ἰωάν-

2211 3971 2309 4024 νην
2344 3953 2436 4006 καὶ
2463 3951 2553 4004 τὸν
2615 3949 2816 4018 Κύριον
2872 3945 3026 4017 ἡμῶν
3073 3941 3283 4014 Ἰησοῦν
3310 3937 3547 4011 Χριστόν.
3576 3932 3650 3994 Τίς
3666 3928 3708 3996 δὴ

2212 4041 2303 4099 οῦν
2328 4048 2356 4099 6
2385 4041 2853 4116 προφητευόμενος
2897 4038 3014 4109 ὥρα
3054 4037 3238 4105 λέγειν
3278 4077 3288 4086 .
3331 4075 3347 4090 .
3387 4033 3433 4085 εἰ
3459 4031 3508 4084 δε
3537 4028 3706 4094 λέγοιεν»

2211 4137 2383 4190 ταῦτα
2415 4138 2494 4199 εἰς
2523 4135 2611 4189 τὸν
2650 4131 2854 4204 Ἰησοῦν
2878 4130 2968 4184 τὸν
3009 4128 3101 4182 τοῦ
3139 4126 3382 4180 Ἰωσεδὲκ
3425 4120 3707 4190 ἀναφέρεται,

2211 4227 2444 4281 δεικτέον
2469 4228 2668 4290 αὐτοῖς,
2696 4227 2776 4277 ὅτι
2797 4221 3054 4294 μηδαμῶς
3086 4221 3278 4290 ἐκείνῳ
3299 4218 3365 4272 τὰ
3392 4207 3622 4284 λεγόμενα
3641 4211 3708 4278 ἀρ-

2216 4318 2367 4390 μόζει
2387 4335 2400 4349 ο
2433 4319 2562 4371 πότε
2594 4316 2700 4386 γὰρ
2745 4315 2944 4386 ἐκλήθη
2970 4313 3029 4366 τὸ
3060 4311 3228 4382 ὄνομα
3270 4307 3432 4364 αὐτοῦ
3476 4299 3705 4390 Ἀνατολή;

2211 4389 2298 4465 διά
2323 4410 2374 4463 τί
2405 4410 2460 4463 δὲ
2490 4409 2580 4461 καὶ
2609 4406 2812 4477 ταύτης
2842 4404 3083 4470 ἀξιοῦται
3116 4404 3215 4474 τῆς
3239 4389 3706 4473 προσηγορίας;πῶς

2215 4503 2271 4556 δὲ
2305 4503 2529 4573 ἁρμόσει
2568 4498 2715 4571 αὐτῷ
2741 4498 2821 4564 τὸ,
2861 4517 2880 4549 ι
2924 4497 3032 4550 Καὶ
3063 4495 3331 4548 καθιεῖται
3373 4491 3460 4544 καὶ
3493 4485 3622 4559 ἄρξει
3642 4478 3706 4532 ἐπὶ

552 4611 764 4651 servum
815 4612 994 4649 meum
1021 4594 1315 4651 Orientem.
1354 4615 1372 4648 ι
1411 4595 1470 4650 Si
1507 4597 1671 4665 igitur
1694 4598 1743 4651 ei
1777 4597 1889 4651 haec
1922 4597 2108 4653 dicun-

2216 4596 2309 4649 τοῦ
2337 4595 2524 4666 θρόνου
2549 4592 2744 4659 αὐτοῦ;
2779 4610 2798 4644 ι
2837 4589 3063 4663 μάλιστα
3077 4588 3133 4640 δὲ
3159 4587 3239 4651 τό,
3275 4606 3293 4637 ι
3324 4584 3432 4638 Καὶ
3457 4577 3626 4635 ἔσταιὸ
3656 4575 3706 4670 ξευ

552 4697 676 4752 tur,
746 4689 1015 4758 quomodo
1076 4688 1377 4743 existimari
1433 4696 1609 4758 potest
1670 4689 1737 4744 de
1792 4691 1910 4758 ipso
1960 4691 2107 4746 diei:

558 4798 578 4831 ι
615 4779 748 4833 Ecce
776 4780 856 4832 vir
887 4777 1078 4833 Oriens
1107 4778 1345 4849 (nomen)
1377 4779 1535 4847 ejus?
1573 4798 1593 4830 ι
1637 4779 1835 4850 Aperte
1873 4781 1957 4834 his
1992 4797 2111 4835 ver-

552 4872 636 4928 bis
661 4872 779 4925 dua:
803 4872 1153 4941 designantur
1177 4885 1454 4940 personae;
1487 4871 1655 4925 altera
1686 4872 1925 4942 quidem,
1945 4888 2108 4942 quam

552 4963 845 5032 alloquitur
867 4963 1144 5027 divinitas,
1176 4963 1346 5016 altera
1377 4961 1442 5017 de
1471 4979 1576 5032 qua
1619 4964 1974 5033 prophetizat.
2008 4964 2108 5018 Cui

550 5061 605 5108 et
634 5055 752 5108 sine
791 5052 1160 5106 controversia
1190 5052 1539 5107 induceretur
1567 5052 1633 5107 ad
1658 5053 1952 5119 Christum,
1983 5068 2110 5108 vere

554 5146 742 5200 lilium.
786 5183 803 5201 .
839 5186 855 5200 .
899 5183 914 5200 .
957 5187 972 5202 .
1051 5185 1066 5199 .
1118 5184 1133 5200 .
1178 5187 1193 5202 .
1239 5187 1252 5201 .
1297 5187 1311 5201 .
1366 5145 1683 5215 intelligitur
1735 5146 1966 5214 justitia.
2009 5145 2110 5201 Hic

551 5247 695 5294 esset
727 5237 902 5293 Pater.
947 5279 960 5293 .
1011 5279 1024 5292 .
1068 5278 1081 5292 .
1127 5279 1141 5294 .
1187 5278 1201 5292 .
1236 5238 1478 5293 victoria:
1507 5239 1723 5294 coronis
1749 5237 1966 5294 Christo
2008 5239 2110 5291 im-

552 5331 744 5400 positis
786 5371 800 5386 .
845 5373 859 5386 .
905 5372 918 5386 .
965 5372 977 5385 .
1021 5369 1036 5384 .
1080 5370 1095 5386 .
1140 5372 1154 5385 .
1198 5371 1213 5385 .
1274 5337 1452 5385 vocat.
1516 5328 1744 5400 Propter
1805 5329 2108 5384 doctrinam

555 5419 694 5474 inter
725 5420 990 5475 homines.
1039 5463 1051 5475 .
1091 5461 1106 5476 .
1147 5460 1161 5475 .
1206 5463 1219 5476 .
1263 5460 1280 5478 .
1323 5462 1338 5476 .
1381 5461 1396 5477 .
1440 5461 1455 5476 .
1498 5421 1844 5492 Primumque
1892 5432 1944 5476 et
1995 5436 2109 5474 ma-

556 5521 721 5575 gnum
756 5508 941 5562 Pontif
980 5545 994 5563 .
1039 5550 1052 5565 .
1097 5552 1113 5566 .
1155 5551 1170 5565 .
1208 5510 1624 5581 primogenitum
1673 5508 1792 5578 ejus
1847 5507 2105 5563 Verbum.

556 5593 698 5655 Deus
727 5601 944 5670 quidem
969 5615 1092 5656 cum
1130 5601 1201 5658 sit
1225 5609 1277 5658 et
1310 5600 1591 5656 Dominus.
1639 5642 1650 5654 .
1695 5639 1710 5651 .
1757 5643 1770 5656 .
1815 5638 1828 5650 .
1873 5637 1888 5654 .
1928 5612 2141 5653 sacer--

2221 4689 2342 4759 ρεὺς
2371 4688 2434 4740 ὲκ
2463 4685 2646 4752 δεξιῶν
2679 4682 2837 4738 αὐτοῦ
2863 4701 2877 4750 ;
2919 4700 2938 4733 ι
2981 4682 3028 4733 εἰ
3053 4679 3160 4750 γὰρ
3191 4678 3352 4741 αὐτὸς
3392 4661 3704 4762 ἐτύγχανενῆν

2217 4779 2244 4829 6
2276 4778 2448 4847 ἱερεὺς
2482 4779 2509 4829 6
2557 4775 2745 4846 μέγας,
2795 4773 2878 4836 τίς
2917 4771 2961 4824 δ’
2994 4771 3058 4824 ἂν
3097 4770 3179 4840 εἴη
3211 4772 3238 4823 6
3270 4769 3335 4821 ὲκ
3365 4764 3536 4832 δεξιῶν
3565 4760 3702 4847 αὐτοῦ,

2215 4869 2401 4940 ἕτερος
2428 4867 2500 4921 ὢν
2530 4870 2657 4940 παρ’
2688 4867 2846 4920 αὑτὸν
2881 4864 3094 4936 ἱερεύς;
3132 4862 3314 4930 σαφῶς
3338 4859 3392 4912 δὲ
3419 4858 3580 4926 ἕτερον
3610 4843 3702 4940 πέρ’

2216 4937 2419 5011 ὲκείνον
2477 4937 2625 5009 εἶναι-
2667 4957 2903 5009 διδάσκει
2958 4953 3048 5006 τὸν
3103 4950 3391 5021 λεγόμενον
3447 4937 3699 5005 ἈνατολήΨ

2217 5049 2352 5120 πρὸς
2377 5047 2482 5119 γὰρ
2522 5048 2612 5100 τὸν
2650 5046 2810 5100 αὐτὸν
2841 5043 3043 5116 Κύριον
3069 5042 3162 5095 καὶ
3188 5041 3356 5112 το(ὺς)
3401 5077 3413 5090 .
3456 5078 3468 5090 .
3505 5029 3617 5104 ἀμφ’
3636 5026 3700 5078 αὖ·

2214 5141 2411 5210 τοῦ(ὸν)
2461 5141 2621 5210 φησὶν
2652 5141 2679 5191 6
2711 5139 2894 5206 λόγος’
2934 5155 2954 5188 ι
2992 5137 3188 5188 ’Ἄκουε
3216 5134 3280 5204 δὴ
3323 5129 3488 5202 Ἰησοῦ
3522 5129 3546 5180 6
3573 5122 3701 5194 ἱερεὺς

2215 5228 2244 5280 ὁ
2275 5228 2463 5297 μέγας,
2517 5228 2580 5280 σὺ
2623 5227 2714 5279 καὶ
2748 5227 2796 5279 οἱ
2829 5225 3050 5295 πλησίον
3079 5241 3170 5276 σου
3191 5240 3204 5253 ο
3233 5221 3343 5274 ἰδοὺ
3389 5219 3492 5288 ἐγὼ
3515 5216 3612 5284 ἄγω
3635 5210 3700 5262 τὸν

2214 5317 2396 5372 δοῦλόν
2427 5335 2524 5388 μου
2563 5317 2876 5386 Ἀνατολήν·
2919 5334 2939 5367 ι
2970 5317 3018 5368 εἰ
3049 5315 3113 5386 δὴ
3141 5309 3229 5367 οῦν
3253 5311 3400 5382 αὐτῷ
3424 5310 3576 5364 ταῦτα
3592 5303 3698 5373 εἰρηο

2213 5427 2322 5474 ται,
2356 5409 2469 5471 πῶς
2514 5409 2578 5462 ἂν
2610 5397 2688 5461 ἔτι
2724 5407 2911 5482 χώραν.
2937 5408 3143 5478 ἕχει(θιὶ
3180 5405 3238 5459 τὸ
3273 5405 3400 5476 περὶ
3430 5398 3571 5455 αὑτοῦ
3590 5395 3696 5458 λέγε·

2216 5502 2338 5556 σθαι
2361 5502 2596 5572 νομίζειν
2623 5501 2732 5566 τὸ,‹
2756 5502 2884 5555 Ἰδοὺ
2916 5502 3052 5571 ἀνὴρ
3076 5496 3337 5568 ἀνατολὴν
3375 5535 3390 5549 .
3431 5535 3442 5548 .
3484 5532 3497 5547 .
3533 5483 3692 5554 αὒτῷ;’

2214 5595 2405 5666 Σαφῶς
2433 5597 2496 5668 δὴ
2525 5596 2611 5650 διὰ
2650 5596 2851 5649 τούτων
2895 5594 2986 5647 δύο
3027 5593 3350 5664 παρίσταται
3376 5587 3632 5657 πρόσωπ’
3655 5571 3693 5622 ἓν

629 5752 673 5783 ⁸³
712 5750 938 5806 Zachar.
969 5751 1285 5816 vult-ﬂ.
1363 5754 1407 5785 “
1445 5750 1586 5811 Hebz
1640 5773 1710 5820 ιι,
1745 5751 1832 5807 14.
1906 5753 1946 5785 ⁶⁷
1988 5751 2108 5808 Zacl

2213 5795 2215 5805 ι
2252 5765 2348 5816 ιιι,
2383 5754 2434 5805 8.
2512 5751 2554 5782 ⁸⁸
2599 5749 2820 5805 Zachar.
2863 5765 2936 5814 γι,
2973 5748 3056 5802 ll.
3135 5749 3175 5781 "'
3211 5744 3340 5801 ibid.
3384 5743 3459 5796 l2.
3525 5737 3564 5766 "
3592 5726 3688 5786 ibid-
