3926 6260
274 359 300 406 t
319 349 414 408 H9
1309 352 1599 410 ECLOGxE
1629 351 2310 412 PROPHETICIE.—LIB.
2353 354 2435 409 Ill.
3371 365 3392 418 ι
3408 366 3504 420 150

274 473 374 543 μὲν
494 470 552 526 τὸ
578 471 714 526 θεῖον
742 471 803 543 (f.
830 471 915 541 5‘2
947 472 1022 544 νο)
1054 473 1378 542 διαλέγεται,
1405 474 1588 546 ἕτερον
1611 474 1684 540 ιδὲ
1711 476 1829 546 περῖ

1938 475 2036 531 dos
2069 476 2254 545 prima:
2281 483 2335 531 et
2385 475 2637 532 increatae
2681 477 2915 534 deitatis.
2962 519 2975 532 .
3019 518 3033 533 .
3079 522 3091 534 .
3135 519 3150 534 .
3191 520 3206 536 .
3252 525 3264 537 .
3311 521 3323 534 .
3383 499 3506 542 esse

268 556 332 618 οὗ
361 564 686 633 προφητεύει
707 581 718 594 ·
753 558 797 632 ᾧ
830 565 921 618 καὶ
950 564 1330 635 ἀναμφιλόγως
1375 567 1611 635 ἀνάγοιτ’
1641 568 1707 622 ἂν
1745 569 1829 622 ἐπὶ

1937 584 2060 622 eum
2108 568 2242 622 dicit
2272 583 2301 622 a
2334 582 2442 639 quo
2495 569 2708 640 excepit
2764 569 3019 638 homine,
3067 573 3348 630 sacerdote
3389 593 3505 630 ma-

268 656 361 709 τὸν
383 657 613 727 Χριστὸν
651 656 741 709 τὸν
779 656 992 728 άληθῶς
1021 656 1135 712 υἱὸν
1173 657 1266 710 τοῦ
1309 697 1322 711 .
1367 698 1380 711 .
1427 699 1439 711 .
1486 699 1500 713 .
1545 701 1558 714 .
1603 700 1616 713 .
1658 661 1829 733 ἑρμη-

1934 674 2059 732 gno.
2098 700 2114 716 .
2151 700 2166 716 .
2203 700 2216 714 .
2253 701 2266 715 .
2302 699 2314 712 .
2349 701 2361 714 .
2395 663 2429 717 .'
2451 660 2571 731 ipso
2600 662 2944 718 manifestato
2969 680 3063 734 per
3091 666 3348 722 unitatem
3379 683 3504 724 cum

269 747 480 801 νεύεται
506 747 605 802 ίαὼ
625 746 930 819 δικαιοσύνη
948 765 959 779 ’
988 741 1140 812 οὗτος
1167 748 1210 802 δ’
1239 749 1302 802 ἂν
1328 749 1411 820 εἴη
1437 753 1464 803 6
1488 750 1674 824 Πατὴρ
1701 792 1713 806 .
1758 793 1772 806 .
1819 795 1829 805 .

1935 751 2028 808 Dei
2060 751 2365 824 Unigenito.
2397 753 2602 821 Quibus
2634 770 2763 810 vero
2797 773 2920 812 eum
2971 756 3175 814 fusiore
3205 774 3341 830 opus
3361 771 3508 816 esset

269 839 394 903 τοὺς
419 839 527 891 τῶν
561 841 886 913 νικητηρίων
928 840 1224 912 περιτιθεὶς
1267 840 1346 911 τῷ
1374 842 1591 914 Χριστῷ
1638 844 1829 915 στεφά-

1938 845 2337 915 explanatione,
2370 846 2485 901 haec
2531 847 2778 904 sullicere
2835 850 3115 920 proposito
3163 862 3350 907 nostro
3403 867 3506 923 pu-

267 949 446 995 νους.
493 973 504 986 .
841 974 852 985 .
1077 975 1090 987 .
1136 974 1148 984 .
1195 973 1208 986 .
1254 933 1829 1008 ,καλεῖοδιὰτὴνείς

1939 947 2138 993 tamus.

267 1023 585 1095 ἀνθρώπους
627 1024 977 1117 ἀνατείλασαν
1005 1027 1070 1080 αὑ
1109 1067 1122 1081 .
1169 1067 1181 1080 .
1226 1067 1242 1081 .
1283 1068 1295 1080 .
1355 1069 1368 1082 .
1413 1069 1427 1081 .
1475 1072 1488 1084 .
1528 1070 1541 1082 .
1581 1031 1921 1085 διδασκαλίαν
1943 1033 2034 1086 καὶ
2063 1033 2150 1086 τὸν
2193 1034 2408 1105 πρῶτον
2443 1036 2536 1089 καὶ
2572 1035 2741 1106 μέγαν
2779 1039 2906 1108 άρχι
2935 1077 2948 1090 .
2993 1080 3006 1093 .
3080 1082 3092 1094 .
3137 1080 3152 1094 .
3194 1079 3209 1094 .
3255 1080 3269 1094 .
3313 1079 3327 1093 .
3372 1078 3386 1093 .
3431 1078 3445 1094 .
3489 1101 3504 1117 ⁸

270 1117 609 1187 πρωτότοκον
645 1118 805 1170 αὑτοῦ
836 1120 1033 1188 Λόγον·
1065 1119 1193 1173 Θεὸν
1219 1121 1316 1192 μέν
1342 1122 1470 1176 ὄντα
1502 1123 1595 1177 καὶ
1629 1123 1831 1196 Κύριον
1868 1125 1975 1178 τῶν
2017 1166 2030 1179 .
2075 1164 2091 1182 .
2138 1169 2150 1181 .
2199 1170 2209 1181 .
2258 1172 2270 1182 .
2316 1170 2332 1185 .
2376 1171 2389 1184 .
2431 1170 2444 1183 .
2487 1146 2561 1182 ων
2591 1129 2738 1202 ἱερέα
2781 1130 2839 1183 δέ
2887 1131 2982 1202 τῆς
3017 1129 3236 1204 πρώτης
3265 1131 3356 1185 καὶ
3383 1135 3506 1201 ἁγε-

269 1210 430 1280 νήτου
458 1209 735 1282 θεότητος·
781 1253 792 1264 .
837 1251 850 1267 .
897 1254 911 1268 .
953 1255 967 1268 .
1014 1256 1027 1269 .
1069 1232 1147 1286 ωρ
1168 1215 1224 1268 δὲ
1253 1211 1390 1270 εἶναι
1419 1216 1578 1270 αὑτόν
1611 1235 1770 1288 φησιν
1795 1213 1855 1273 οὑ
1894 1219 2178 1290 ἀνείληφεν
2216 1220 2520 1292 ἀνθρώπου,
2562 1222 2750 1294 ἱερέως
2782 1224 3014 1293 μεγάλου
3057 1265 3069 1277 .
3113 1263 3128 1278 .
3170 1263 3186 1280 .
3230 1265 3245 1280 .
3287 1264 3301 1278 .
3342 1224 3504 1278 αὑτοῦ

268 1303 692 1375 χρηματίζοντος
721 1306 808 1359 διά
847 1306 942 1378 τὴν
976 1307 1165 1361 ἕνωσιν
1207 1307 1304 1376 τὴν
1351 1310 1486 1380 πρὸς
1531 1309 1619 1363 τὸν
1663 1311 1936 1382 Μονογενῆ
1999 1311 2092 1365 τοῦ
2122 1312 2280 1369 Θεοῦ.
2310 1313 2513 1386 Πολλῆς
2561 1314 2619 1367 δὲ
2672 1315 2780 1369 τῶν
2811 1316 2949 1371 κατὰ
3001 1315 3090 1370 τδν
3128 1317 3288 1371 τόπον
3325 1316 3504 1389 δεομέ-

267 1416 372 1451 νων
403 1397 752 1470 gemmam)
792 1399 948 1453 ἱκανὰ
981 1400 1072 1453 καὶ
1113 1399 1285 1455 ταῦτα
1313 1400 1387 1464 ὼς
1422 1401 1556 1472 πρὸς
1584 1400 1680 1472 τὴν
1728 1403 2006 1474 παροῦσαν
2034 1405 2304 1460 ὑπόθεσιν.

775 1542 1166 1596 ΚΕΦΑΛΑΙΟΝ
1206 1545 1330 1598 KA'.

858 1655 967 1709 Τοῦ
992 1657 1198 1710 αὑτοῦ.

339 1787 358 1820 ι
394 1768 598 1840 Χαῖρε.
634 1808 647 1821 .
693 1812 705 1824 .
749 1807 764 1821 .
809 1810 822 1823 .
859 1768 1094 1843 θύγατερ
1122 1771 1278 1837 Σιὼν,
1308 1773 1568 1844 κήρυσσε,
1601 1773 1833 1847 θύγατερ

2497 1543 2725 1599 CAPUT
2764 1529 2954 1599 xxiv.

2521 1657 2605 1711 Ex
2646 1658 2845 1714 eodem.

2015 1790 2032 1823 ‹
2069 1770 2292 1826 Exsulta
2321 1770 2522 1843 (satis),
2553 1772 2661 1826 ﬁlia
2703 1771 2858 1835 Sion,
2895 1773 3098 1842 jubila,
3135 1773 3241 1829 ﬁlia
3278 1774 3504 1832 Jerusa-

277 1860 660 1931 ’1ερουσαλήμ’
721 1861 857 1925 ἰδοὺ,
901 1863 930 1914 6
969 1862 1037 1932 βα
1079 1903 1090 1914 .
1136 1900 1151 1915 .
1194 1901 1209 1916 .
1252 1901 1266 1916 .
1313 1904 1326 1917 .
1367 1862 1582 1934 ἔρχεταί
1628 1881 1709 1917 σοι
1754 1865 1829 1918 δί-

1935 1867 2058 1921 lem.
2088 1864 2224 1920 Ecce
2255 1864 2364 1920 Rex
2390 1865 2561 1936 (tuus)
2588 1866 2765 1920 veniet
2783 1866 2878 1920 tibi
2905 1866 3087 1937 justus
3139 1875 3193 1922 et
3216 1865 3495 1922 Salvator:

263 1970 417 2016 καιος
445 1955 539 2006 καὶ
574 1951 758 2017 σώζων
799 1955 961 2017 αὐτὸς
993 1955 1171 2026 πραῢς
1204 1955 1295 2007 καὶ
1327 1955 1418 2008 ἐπι
1462 1995 1474 2006 .
1521 1997 1534 2010 .
1578 1995 1592 2008 .
1635 1995 1649 2008 .
1694 1997 1708 2011 .
1754 1997 1766 2010 .
1811 1996 1825 2010 .

262 2046 553 2114 ὑποζύγιον
584 2047 676 2100 καὶ
711 2046 886 2101 πῶλον
914 2047 1050 2101 νέον.
1080 2049 1189 2101 Καὶ
1207 2047 1581 2120 ἐξολοθρεύσει
1613 2050 1831 2122 ἅρματα

262 2137 321 2203 ἐξ
359 2138 615 2210 Ἐφραῒμ,
661 2139 754 2194 καὶ
796 2139 958 2192 ἵππον
1000 2138 1059 2204 ἐξ
1104 2139 1472 2211 Ἰερουσαλὴμ,
1519 2141 1610 2194 καὶ⁹
1651 2141 1828 2208 ἐξολο-

261 2229 548 2300 θρεύσεται
590 2230 739 2298 τόξον
778 2231 1088 2302 πολεμικὸν,
1134 2233 1228 2285 καὶ
1274 2231 1475 2304 πλῆθος
1508 2233 1602 2288 καὶ
1641 2235 1828 2306 εἰρήνη

262 2322 323 2387 ἐξ
356 2322 544 2387 ἐθνῶν,
578 2326 671 2378 κα)¹
702 2324 957 2395 κατάρξει
984 2325 1089 2378 ἀπὸ
1119 2325 1413 2397 θαλάσσης,
1442 2327 1536 2380 καὶ
1570 2328 1826 2398 ποταμῶν

260 2416 328 2470 δι’
355 2416 580 2474 ἐκϐολὰς
605 2418 725 2488 γῆς.
772 2437 790 2468 ι
821 2418 1076 2489 Θυγάτηρ
1107 2416 1265 2480 Σιὼν,
1291 2436 1326 2490 ῃ
1362 2419 1692 2489 προστάσσει
1721 2420 1831 2491 χαί-

263 2525 378 2578 ρειν
408 2510 436 2561 6
480 2507 669 2575 Λόγος,
714 2509 861 2562 πᾶσα
904 2510 936 2579 ἡ
983 2509 1081 2578 τῆς
1127 2511 1322 2580 νοητῆς
1369 2512 1463 2563 καὶ
1510 2513 1828 2583 ἐπουρανίου

261 2599 399 2654 Σιὼν
422 2601 469 2653 οἱ
497 2618 892 2670 κατατυγχανει
936 2600 1053 2671 (sic)
1086 2600 1229 2672 ψυχή
1252 2619 1265 2631 ·
1294 2601 1327 2672 ἢ
1374 2601 1450 2672 (ἡ)
1481 2603 1573 2655 καὶ
1603 2603 1694 2656 ἐπὶ
1727 2603 1830 2674 γῆς

261 2690 350 2744 διὰ
372 2689 604 2762 Χριστοῦ
635 2692 874 2744 συστᾶσα
907 2687 966 2754 ἐξ
1003 2687 1170 2742 ἐθνῶν
1207 2689 1482 2761 ἣκκλησία
1631 2689 1830 2761 ὁμοίως

261 2785 306 2838 δ’
339 2779 405 2837 αὖ
442 2783 601 2836 πάλιν
638 2784 882 2853 θυγάτηρ
921 2782 1290 2853 Ἰερουσαλὴμ,
1317 2786 1350 2853 ἡ
1383 2783 1696 2852 συγγένειαν
1733 2784 1829 2853 φέ-

266 2894 433 2950 ρουσα
475 2877 573 2946 τῆς
628 2876 946 2948 ἐπουρανίου
995 2875 1372 2947 Ἰερουσαλήμ·
1409 2871 1496 2930 οἷά
1541 2894 1628 2940 τις
1674 2872 1742 2948 ἦν
1795 2879 1828 2948 ἡ

261 2971 476 3024 Παύλου
511 2969 776 3039 λέγοντος,
815 2988 835 3022 ι
877 2969 940 3022 Ἦ
968 2969 1024 3022 δὲ
1048 2970 1159 3024 ἄνω
1200 2969 1548 3042 Ἰερουσαλὴμ
1573 2969 1830 3042 ἐλευθέρα

259 3064 427 3128 ἐστὶν,
465 3063 585 3133 ἥτις
611 3062 758 3114 ἐστὶν
795 3062 975 3131 μήτηρ
996 3060 1173 3131 ὴμῶν.
1215 3079 1232 3112 ι
1261 3061 1390 3125 Ταῖς
1425 3061 1487 3131 δὴ
1516 3055 1608 3114 οὖν
1645 3060 1829 3114 τοιαύ-

1931 1961 2046 2029 ipse
2076 1974 2281 2029 pauper
2330 1957 2656 2029 (ascendens
2701 1965 2894 2030 super)
2938 1959 3148 2018 asinam
3175 2000 3189 2024 ,
3244 1967 3298 2016 et
3337 1976 3501 2030 super

1932 2049 2137 2118 pullum
2172 2047 2340 2102 ﬁlium
2371 2047 2555 2102 asinaa.
2606 2046 2672 2102 Et
2727 2049 3037 2118 disperdam
3084 2050 3398 2120 quadrigam
3433 2067 3501 2104 ex

1930 2142 2206 2212 Ephraim,
2241 2148 2294 2196 et
2319 2157 2518 2212 equum
2547 2143 2614 2198 de
2649 2141 2984 2206 Jerusalem,
3040 2152 3093 2197 et
3144 2141 3500 2211 dissipabitur

1929 2248 2090 2287 arcus
2129 2233 2256 2287 belli
2286 2250 2298 2286 :
2334 2239 2388 2287 et
2411 2233 2662 2303 loquetur
2683 2247 2867 2302 pacem
2892 2233 3166 2303 gentilem,
3187 2242 3240 2288 et
3263 2241 3499 2302 potestas

1930 2322 2049 2392 ejus
2073 2337 2103 2374 a
2131 2322 2267 2376 mari
2292 2337 2466 2391 usque
2497 2322 2561 2376 ad
2598 2338 2774 2386 mare,
2828 2331 2880 2377 et
2913 2337 2942 2376 a
2985 2322 3294 2378 ﬂuminibus
3328 2339 3500 2392 usque

1931 2413 1996 2466 ad
2044 2411 2178 2466 ﬁnes
2210 2420 2369 2467 terrai
2400 2412 2465 2464 τί.
2506 2431 2524 2463 ι
2568 2410 2710 2465 Filia
2743 2412 2905 2476 Sion,
2939 2428 3099 2483 quam
3153 2411 3302 2482 jubet
3332 2413 3499 2467 laetari

1933 2503 2256 2574 Scriptura,
2308 2504 2485 2560 omnis
2536 2510 2618 2559 est
2667 2504 2930 2575 spiritalis
2985 2505 3332 2574 ccelestisque
3367 2502 3500 2560 Sion

1932 2597 2141 2660 anima,
2193 2595 2277 2649 vel
2310 2596 2365 2649 in
2415 2602 2559 2650 terra
2593 2611 2688 2665 per
2734 2595 3010 2652 Christum
3059 2604 3210 2652 stans
3259 2596 3498 2667 gentium

1930 2684 2491 2742 Ecclesia.'Similiter
2520 2703 2712 2743 rursus
2745 2687 2852 2742 ﬁlia
2884 2687 3185 2745 Jerusalem
3206 2727 3221 2753 ,
3264 2702 3384 2756 quae
3418 2685 3500 2740 af-

1931 2780 2053 2836 ﬁnis
2082 2789 2164 2835 est
2199 2780 2408 2835 caelesti
2438 2777 2774 2847 Jerusalem;
2830 2781 2897 2836 de
2933 2797 3037 2852 qua
3090 2781 3233 2852 apud
3273 2779 3500 2835 Paulum

1930 2879 2261 2927 memoratur
2288 2873 2589 2929 dicentem:
2634 2892 2653 2925 ‹
2691 2872 2786 2928 Illa
2813 2881 2994 2929 autem
3025 2890 3144 2944 qua:
3170 2889 3386 2931 sursum
3414 2881 3499 2930 est

1928 2962 2247 3029 Jerusalem,
2276 2965 2444 3020 libera
2488 2973 2606 3031 est,
2639 2982 2760 3037 quae
2791 2975 2874 3022 est
2923 2977 3096 3022 mater
3142 2975 3324 3022 nostra
3366 2969 3433 3022 τ’.
3473 2987 3492 3020 ι

1931 3054 2154 3110 Talibus
2185 3056 2348 3127 igitur
2383 3058 2580 3113 animis
2621 3055 2905 3128 Scriptura
2970 3058 3282 3113 adfuturum
3341 3057 3498 3114 Chri-

258 3173 380 3218 ταις
406 3152 602 3225 ψυχαῖς
628 3156 656 3207 6
693 3153 863 3220 Λόγος
892 3152 1292 3223 (ἐπι)δημήσειν
1330 3153 1421 3204 τὸν
1469 3153 1702 3222 Χριστὸν
1733 3151 1826 3206 τοῦ

1932 3158 2074 3203 stum
2104 3147 2196 3202 Dei
2249 3151 2615 3219 praenuntiat,
2660 3150 2938 3207 sedentem
2972 3166 3137 3222 super
3175 3153 3384 3208 asinam
3443 3161 3498 3208 et

259 3249 396 3303 Θεοῦ
457 3249 920 3320 προανακηρύττει
979 3248 1342 3319 ἐπιϐεϐηκότα
1401 3250 1676 3319 ὑποζυγίῳ
1735 3250 1829 3303 καὶ

1932 3257 2093 3312 super
2138 3243 2343 3312 pullum
2397 3241 2564 3296 ﬁlium
2595 3241 2797 3308 asinae;
2847 3243 2928 3297 sic
2961 3243 3106 3297 enim
3139 3242 3500 3312 interpretan-

262 3342 425 3413 πώλῳ
451 3341 555 3412 νέῳ
575 3359 588 3373 υ
613 3340 755 3394 οὕτω
781 3340 878 3411 τῆς
908 3339 1248 3410 ἀνθρωπείας
1289 3340 1520 3409 φύσεως,
1547 3340 1613 3410 ἢν
1646 3341 1830 3413 ἐπιδη-

261 3436 442 3505 μήσας
470 3432 817 3504 (ἁνεί)ληφεν,
872 3431 1161 3502 νοουμένης
1183 3448 1196 3461 ·
1238 3429 1353 3502 μεθ’
1379 3427 1446 3503 ἦς
1473 3429 1830 3503 ἐξωλόθρευσε

260 3528 440 3580 πᾶσαν
468 3524 762 3596 πολεμικὴν
795 3524 1020 3594 δύναμιν
1047 3523 1154 3576 ἀπὸ
1177 3523 1355 3593 πάσης
1376 3523 1831 3594 ὲκκλησιαστικῆς

262 3621 355 3674 καὶ
401 3619 584 3690 φέρειν
633 3618 876 3690 καρποὺς
920 3617 1104 3686 ἁγίους
1159 3615 1454 3687 δυναμένης
1496 3616 1694 3686 ψυχῆς,
1736 3617 1829 3671 τοῦ

275 3711 512 3784 Ἐφραῒμ
559 3712 637 3775 είς
695 3710 1066 3782 καρποφορίαν
1121 3708 1688 3780 μεταλαμϐανομένου,
1738 3709 1830 3762 καὶ

259 3804 340 3867 είς
385 3803 574 3873 ὅρασιν
613 3803 834 3872 εἰρήνης
876 3799 1018 3854 κατὰ
1061 3799 1159 3870 τὴν
1199 3798 1422 3853 Ἑλλάδα
1461 3799 1704 3868 γλῶτταν
1732 3801 1830 3870 τῆς

273 3893 652 3964 Ἱερουσαλήμ”
679 3892 771 3946 καὶ
801 3892 864 3961 δὴ
885 3890 1267 3962 ἐξολοθρεύσας
1290 3891 1416 3953 τοὺς
1445 3889 1706 3961 πρότερον
1730 3889 1830 3960 τῆς

260 3985 674 4058 ἀνθρωπότητος
699 3984 1095 4055 ἐπικρατούσας
1116 3982 1233 4051 (sic)
1257 3982 1510 4052 δαίμονας
1540 3981 1827 4052 πονηροὺς,

261 4079 320 4144 ἐξ
376 4077 629 4130 ἁπάντων
676 4076 782 4130 τῶν
837 4076 1003 4130 πάλαι
1046 4074 1256 4139 τούτοις
1297 4074 1623 4144 ὑποχειρίων
1663 4073 1830 4128 ἐθνῶν

264 4170 492 4241 μυρίους
539 4170 694 4232 ὅσους
733 4167 838 4221 ὑπὸ
865 4167 954 4221 τὸν
985 4166 1179 4237 εὐσεϐῆ
1211 4169 1310 4238 τῆς
1347 4165 1690 4229 διδασκαλίας
1737 4166 1831 4218 αὑ-

258 4260 354 4314 τοῦ
379 4259 539 4330 ζυγὸν
572 4261 904 4330 ὑπηγάγετο.
935 4259 1119 4313 Ταῦτα
1143 4259 1239 4330 μὲν
1269 4257 1410 4312 κατὰ
1439 4258 1671 4312 διάνοιαν
1694 4275 1708 4288 ·
1738 4258 1831 4311 καὶ

263 4350 440 4422 ῥητῶς
484 4351 538 4404 δὲ
568 4354 595 4405 ὁ
641 4352 871 4420 Χριστὸς
913 4350 1336 4424 ὲνανθρωπήσας
1366 4351 1460 4404 καὶ
1506 4349 1831 4420 σωματικῶς

259 4443 360 4507 τὰς
387 4444 512 4512 περὶ
538 4443 700 4496 αὑτοῦ
742 4443 1073 4515 προφητείας
1101 4441 1380 4506 ἐπιτελῶν,
1413 4441 1507 4496 καὶ
1533 4441 1706 4513 ταύτῃ
1732 4440 1829 4494 πέ-

1928 3341 2018 3387 tur
2074 3343 2322 3388 naturam
2368 3335 2682 3398 humanam,
2736 3335 2791 3387 in
2840 3349 2947 3403 qua
2982 3342 3348 3389 commoratus
3392 3341 3496 3389 est.

1928 3425 2130 3480 Deinde
2155 3425 2524 3495 pessumdedit
2555 3440 2771 3480 omnem
2798 3424 3051 3480 hostilem
3083 3433 3402 3495 potestatem
3429 3442 3497 3481 ex

1927 3517 2073 3572 omni
2107 3518 2496 3582 ecclesiastica,
2521 3525 2576 3572 et
2617 3525 2835 3572 sanctos
2865 3515 3006 3571 ferre
3054 3516 3263 3572 fructus
3287 3517 3497 3573 valente

1928 3611 2145 3675 anima,
2198 3611 2454 3682 Ephraim
2512 3609 2788 3665 fructuum
2821 3611 3029 3680 c0piam
3089 3607 3498 3681 Jerusalemque

1926 3704 2109 3774 lingua
2137 3702 2323 3758 Graeca
2374 3703 2640 3757 visionem
2693 3703 2843 3772 pacis
2884 3701 3242 3772 signiﬁcante.
3301 3701 3497 3758 Deletis

1927 3811 2056 3866 ergo
2081 3796 2172 3866 qui
2197 3795 2348 3866 prius
2376 3795 2656 3849 hominum
2704 3810 2876 3865 genus
2902 3801 3290 3864 oppresserunt
3316 3793 3497 3864 pravis

1927 3886 2281 3952 daemonibus,
2311 3903 2377 3942 ex
2414 3887 2667 3942 omnibus
2702 3887 2794 3957 qui
2829 3886 3103 3957 quondam
3139 3886 3365 3940 istorum
3394 3886 3497 3940 sub

1928 3979 2132 4035 ditione
2155 3985 2312 4034 erant
2340 3978 2507 4033 millia
2553 3979 2720 4032 multa
2769 3978 2871 4034 sub
2913 3979 3058 4048 pium
3089 3977 3348 4032 doctrina:
3385 3992 3498 4034 suae

1924 4073 2110 4142 jugum
2144 4071 2388 4127 deduxit.
2427 4070 2549 4128 Haec
2576 4072 2793 4142 quidem
2840 4071 2906 4126 de
2923 4070 3496 4142 hujusflocisigniﬁca-

1927 4167 2092 4220 tione.
2129 4165 2193 4220 Et
2215 4166 2431 4237 proprie
2460 4164 2715 4222 Christus
2746 4164 2923 4220 factus
2959 4165 3120 4220 homo
3159 4173 3210 4220 et
3241 4180 3498 4235 corpora-

1927 4259 2054 4313 liter
2082 4258 2149 4314 de
2173 4275 2232 4315 se
2259 4258 2377 4330 ipso
2409 4258 2707 4329 prophetiis
2739 4257 3004 4327 impletis,
3035 4258 3161 4312 huic
3202 4257 3358 4312 ﬁnem
3390 4259 3495 4312 im-

1929 4351 2131 4423 posuit,
2158 4366 2282 4406 cum
2313 4351 2612 4406 secandum
2644 4351 3032 4420 evangelistam
3073 4350 3352 4422 discipulis
3381 4350 3495 4406 suis

1929 4445 2103 4500 dixit:
2146 4463 2164 4496 ι
2201 4442 2276 4500 [te
2312 4445 2364 4498 in
2400 4445 2686 4499 castellum
2732 4443 2878 4512 quod
2902 4449 3091 4497 contra
3129 4457 3226 4498 vos
3257 4451 3381 4506 est,
3441 4449 3495 4498 et

264 4552 363 4606 ρας
404 4533 753 4599 ἐπιτέθεικεν,
791 4535 878 4588 ὅτε
921 4533 1060 4587 κατὰ
1103 4534 1192 4586 τὸν
1240 4535 1627 4606 εύαγγελιστὴν
1677 4530 1828 4587 εἶπεν

1932 4535 2110 4592 statim
2132 4535 2419 4590 invenietis
2441 4535 2652 4591 asinam
2683 4535 2952 4604 alligatam
2975 4573 2990 4597 ,
3034 4542 3088 4588 et
3119 4535 3325 4604 pullum
3368 4549 3493 4589 cum

261 4631 376 4692 τοῖς
418 4627 608 4681 ἐαυτοῦ
646 4627 930 4699 μαθηταῖς,
971 4645 990 4678 ι
1037 4627 1395 4699 Πορευθέντες
1421 4630 1501 4690 εἰς
1544 4628 1642 4699 τὴν
1685 4627 1826 4682 ἀπέ-

263 4736 413 4774 ναντι
462 4719 674 4789 κώμην,
717 4720 973 4790 εὑρήσετε
1007 4719 1125 4773 ὄνον
1169 4720 1264 4773 καὶ
1295 4720 1470 4774 πῶλον
1505 4722 1825 4794 δεδεμένην-

1931 4641 2032 4692 ea;
2064 4626 2257 4682 solvite
2287 4633 2340 4680 et
2389 4625 2641 4680 adducite
2684 4624 2837 4678 mihi.
2873 4622 2942 4676 Et
2981 4625 3024 4679 si
3054 4625 3178 4694 quis
3215 4624 3368 4678 vobis
3397 4624 3496 4677 ali-

1931 4718 2061 4790 quid
2095 4717 2314 4783 dixerit,
2342 4717 2509 4773 dicite
2538 4721 2665 4788 quia
2691 4717 2952 4772 Dominus
2975 4733 3113 4788 opus
3159 4717 3245 4772 his
3294 4715 3491 4782 habet;

263 4811 522 4875 λύσαντες
553 4807 644 4865 οὖν
682 4811 848 4882 αὐτὴν
881 4811 1114 4881 ἀγάγετε
1133 4829 1146 4842 ·
1182 4813 1274 4866 καὶ
1303 4813 1398 4866 ἐάν
1428 4831 1510 4878 τις
1543 4815 1670 4885 ὑμῖν
1700 4817 1828 4888 εῖπῃ

1932 4818 1985 4866 et
2018 4809 2303 4866 confestim
2338 4810 2572 4865 dimittet
2596 4825 2710 4866 eos.
2754 4809 2820 4865 Et
2852 4811 3110 4864 abeuntes
3150 4808 3224 4862 illi
3253 4806 3494 4863 fecerunt

262 4903 316 4956 τί
341 4907 564 4966 ποιεῖτε,
591 4904 784 4974 ἐρεῖτε,
811 4905 839 4956 6
863 4902 1065 4974 Κύριος
1090 4904 1196 4957 ἀπο
1220 4903 1440 4977 (αὐτῶν)
1468 4905 1651 4976 χρείαν
1679 4906 1789 4977 ἔχει
1808 4925 1822 4939 ·

1932 4906 2070 4961 sic-ut
2096 4913 2426 4976 praeceperat
2459 4904 2540 4960 eis
2563 4903 2628 4958 ⁷³.
2665 4923 2683 4956 ι
2720 4901 2846 4957 Haec
2877 4902 2950 4955 ita
2993 4916 3114 4956 cum
3147 4916 3205 4956 se
3231 4899 3492 4962 habeant,

264 4993 358 5047 καὶ
400 4992 724 5056 ἀπελθόντες
755 4994 948 5048 ἐκεῖνοι
995 4993 1252 5064 ἐποίησαν
1278 4994 1459 5058 καθὼς
1499 4997 1826 5067 προσέταξεν

1932 4997 2246 5063 exponenda
2291 5004 2419 5052 sunt
2459 4996 2574 5051 haec
2619 4995 2780 5051 verba
2833 4994 2940 5048 illis
2987 4993 3078 5063 qui
3125 4991 3494 5046 tantummodo

263 5083 468 5151 αὑτοῖς.
506 5100 525 5133 ›
558 5082 771 5135 Τούτων
795 5082 842 5134 δ’
892 5081 1063 5145 οὑτως
1105 5082 1357 5152 ἐχόντων,
1400 5083 1730 5154 παραθετέον
1758 5083 1828 5139 τά

1932 5087 2222 5142 carnaliter
2246 5093 2300 5142 et
2322 5085 2546 5142 Judaice
2575 5101 2638 5140 ea
2671 5086 2739 5140 de
2764 5083 2968 5139 Christi
2994 5084 3226 5138 adventu
3254 5083 3366 5138 ﬁeri
3384 5083 3494 5153 opi-

267 5173 407 5247 ῥητά
431 5177 543 5238 τοῖς
569 5174 742 5245 μόνως
768 5174 1092 5245 σωματικῶς
1123 5177 1215 5228 καὶ
1247 5175 1548 5240 Ἰουδαϊκῶς
1587 5175 1658 5231 τὰ
1701 5194 1829 5249 προ-

1932 5184 2162 5244 nantur;
2192 5177 2674 5233 demonstrandum
2726 5184 2810 5232 est
2857 5177 2938 5231 eis
2970 5174 3242 5244 quomodo
3273 5173 3339 5229 de
3375 5172 3493 5228 Sal-

265 5261 493 5332 κείμενα
537 5262 628 5314 ἐπὶ
671 5264 737 5334 τῇ
771 5261 864 5316 τοῦ
892 5262 1144 5348 ’Χριστοῦ
1189 5263 1457 5336 παρουσίᾳ
1505 5266 1829 5338 γενήσεσθαι

1932 5271 2139 5326 vatoris
2153 5270 2325 5326 nostri
2348 5269 2804 5332 manifestatione,
2827 5269 2911 5325 vel
2935 5267 3247 5326 carnaliter.
3281 5306 3296 5323 .
3333 5305 3346 5322 .
3377 5305 3393 5320 .
3423 5307 3436 5320 .
3475 5307 3488 5321 .

267 5353 689 5425 φανταζομένοις
710 5371 724 5386 ·
754 5354 987 5408 δεικτέον
1013 5372 1072 5408 τε
1100 5356 1230 5411 αὑτο
1252 5357 1308 5410 δὲ
1334 5357 1450 5428 (sic)
1474 5357 1619 5422 ὅπως
1643 5360 1736 5412 ἐπὶ
1763 5362 1826 5432 τῇ

1936 5379 2060 5418 cum
2085 5362 2208 5418 aliis
2229 5369 2283 5418 et
2315 5362 2595 5434 prophetia
2626 5361 2813 5417 dicens
2843 5379 2857 5416 :
2906 5378 2925 5412 ι
2961 5357 3242 5430 Disperdet
3273 5356 3493 5428 quadri-

265 5442 359 5498 τοῦ
403 5446 652 5519 Σωτῆρος
695 5446 850 5517 ἡμῶν
898 5448 1167 5520 παρουσίᾳ
1211 5449 1304 5502 καὶ
1353 5449 1675 5520 σωματικῶς
1723 5468 1829 5522 περ

1935 5467 2032 5523 gas
2079 5468 2145 5508 ex
2171 5451 2427 5523 Ephraim
2465 5459 2522 5507 et
2548 5467 2745 5522 equum
2777 5450 2845 5506 de
2872 5446 3190 5504 Jerusalem.
3232 5465 3252 5502 ι
3301 5445 3492 5502 Divina

266 5550 371 5588 αυτ
408 5575 422 5588 .
465 5577 478 5589 .
522 5577 534 5591 .
578 5555 675 5606 φεν
709 5537 844 5608 μετὰ
866 5538 973 5592 τῶν
993 5538 1164 5593 ἄλλων
1193 5540 1345 5611 καὶὴ
1379 5540 1658 5611 φάσκουσα
1691 5560 1826 5614 προ-

1932 5543 2098 5614 igitur
2137 5545 2484 5616 cmlestisque
2528 5543 2732 5600 Christi
2779 5541 3029 5614 potentiae
3084 5538 3338 5595 ineﬂabili
3384 5537 3492 5592 vir--

269 5625 487 5693 φητεία,
530 5646 548 5678 ι
577 5629 686 5681 Καὶ
729 5627 1092 5701 ὲξολοθρεύσει
1117 5629 1337 5702 ἅρματα
1364 5632 1423 5698 ἐξ
1468 5631 1705 5704 Ἐφραῒμ
1734 5634 1826 5688 καὶ

1932 5642 2048 5692 tute
2086 5644 2229 5708 post.
2268 5679 2282 5694 .
2324 5678 2337 5692 .
2377 5678 2389 5690 .
2427 5679 2440 5693 .
2473 5676 2487 5692 .
2525 5677 2537 5691 .
2588 5636 2752 5708 hujus
2779 5634 3068 5709 linsidias;
3103 5634 3381 5705 ipsamque
3405 5628 3490 5686 Jes

342 5803 381 5832 "
406 5801 650 5858 'Zachar.
685 5820 734 5860 ix
759 5812 782 5870 ,'
805 5806 857 5874 9,
932 5808 1014 5865 10.
1091 5811 1136 5842 ’³
1177 5808 1348 5865 Galat.
1382 5826 1455 5877 ιν,
1489 5809 1577 5867 26.
1657 5811 1701 5844 "
1742 5811 1928 5868 Matth.
1961 5814 2288 5883 xx1,2,3,6.
