3926 6260
535 344 668 400 Ηῦι
1236 339 1502 396 EUSEBII
1541 339 2019 399 CESARIENSIS
2055 342 2085 398 Ε

2124 328 2204 397 έΡ.
2244 341 2422 397 PARS
2447 343 2542 397 ιιι.
2580 372 2645 382 -
2684 338 3091 396 EXEGETICA.
3572 350 3674 408 use

533 455 769 511 rusalem
803 468 948 508 cum.
979 492 993 507 .
1033 490 1047 505 .
1080 488 1096 505 .
1131 490 1146 505 .
1178 490 1194 507 .
1229 490 1243 506 .
1285 451 1342 506 in
1381 450 1581 521 quibus
1609 451 1795 509 hostili
1827 460 2083 524 potestate

2126 460 2172 519 Α
2198 455 2360 509 ἵππον
2408 452 2468 524 (f.
2508 453 2597 524 55)
2647 453 2707 519 ἐξ
2751 453 3118 527 Ἰερουσαλήμ.
3153 471 3170 505 ι
3224 451 3286 508 Ἦ
3325 453 3443 523 γοῦν
3474 458 3552 513 τοῦ
3583 463 3676 534 Χρι.

533 545 925 619 pessumdcdit.
983 542 1155 601 Tunc.
1206 587 1218 599 .
1262 584 1276 599 .
1314 585 1328 600 .
1362 586 1375 600 .
1412 583 1431 599 .
1460 584 1475 599 .
1512 585 1526 598 .
1564 586 1577 600 .
1611 589 1624 602 .
1658 585 1674 600 .
1724 546 1983 619 populum
2033 546 2083 602 in

2198 546 2324 601 στοῦ
2358 546 2476 600 θεία
2508 547 2604 599 καὶ
2645 545 2892 618 οὐράνιος
2934 544 3160 617 δύναμις
3187 545 3462 619 ἀπορρήτῳ
3486 550 3678 626 ἐνεργείᾳ

530 638 646 709 ipsa
682 636 932 707 Ephraim
963 636 1160 705 saepius
1177 635 1533 697 nominatum.
1568 675 1582 688 .
1717 677 1732 693 .
1766 678 1781 692 .
1814 676 1833 696 .
1868 676 1886 694 .
1920 677 1936 693 .
1972 679 1989 694 .
2024 676 2040 692 .
2074 679 2080 693 .

2197 638 2333 710 μετὰ
2370 636 2467 708 τὴν
2509 675 2524 691 .
2571 679 2584 692 .
2629 677 2641 689 .
2686 676 2701 689 .
2739 635 2923 690 τούτου
2972 635 3285 708 ἐπιϐουλήν·
3330 637 3485 710 αὑτήν
3517 657 3568 693 τε
3606 644 3678 716 τὴν

532 738 901 802 praeceptum;
945 727 1282 801 frequentem
1339 743 1539 799 equum
1576 728 1633 785 in
1685 727 1985 787 Jerusalem
2033 737 2082 787 el

2205 726 2560 799 Ἰερουσαλὴμ
2588 727 2685 780 σὺν
2713 726 2807 781 καὶ
2843 728 2909 798 τῇ
2942 743 3086 798 προγ
3126 769 3158 799 ,ε
3182 766 3197 781 .
3239 766 3254 781 .
3299 766 3313 780 .
3354 767 3368 782 .
3407 766 3421 780 .
3456 731 3506 782 ὲν
3530 725 3599 795 αἷς
3628 738 3675 806 τῇ

528 823 865 893 quadrigam.
892 863 909 881 .
938 863 952 877 .
982 862 997 877 .
1026 860 1064 877 ..
1108 862 1122 875 .
1155 837 1251 894 per
1274 823 1539 880 bellorum
1570 824 1736 879 acies.
1767 865 1782 879 .
1822 865 1836 879 .
1872 865 1886 879 .
1920 862 1934 879 .
1969 864 1984 879 .
2019 863 2034 878 .
2070 864 2078 875 .

2192 834 2532 892 τυγχανουσῃ
2565 817 2833 889 πολεμικῇ
2858 818 3081 889 δυνάμει
3110 817 3486 891 ἐξωλόθρευσε·
3520 820 3594 874 τότ
3624 863 3635 878 .
3664 863 3673 877 .

529 915 699 970 factos
716 930 909 985 cquos,
927 915 1213 987 pecoribus
1229 916 1612 987 insipientibus
1631 916 1915 972 assimilat.
1939 958 1951 970 .
1974 959 1986 972 .
2027 958 2041 972 .
2071 959 2079 971 .

2195 953 2209 967 .
2253 951 2265 963 .
2310 953 2323 966 .
2364 908 2489 962 λαὸν
2512 907 2601 962 τὸν
2636 911 2695 962 ὲν
2723 909 2861 981 αὐτῇ
2896 906 3132 980 Ἐφραῒμ
3152 908 3400 972 πολλάκις
3424 909 3678 981 ὠνομασμέ.

525 1020 663 1076 quos
696 1006 910 1076 penitus
934 1021 1122 1062 omnes
1142 1006 1405 1063 adventus
1436 1005 1732 1062 Salvatoris
1760 1005 1935 1063 nostri
1964 1021 2075 1070 pes-

2189 1000 3678 1075 νον................ὲντολήν·πληθύ-

524 1098 814 1153 sumdedit.
859 1139 875 1154 .
918 1141 933 1155 .
977 1140 991 1155 .
1038 1140 1052 1153 .
1099 1141 1112 1154 .
1157 1139 1173 1155 .
1215 1099 1504 1153 salutarem
1532 1097 1872 1169 praesentiam
1906 1095 2074 1169 perdi-

2189 1113 2347 1150 νοντα
2372 1096 2535 1148 ἵππον
2566 1096 2625 1147 ἐν
2656 1095 2722 1167 τῇ
2741 1093 3090 1167 Ἰερουσαλὴμ
3119 1094 3410 1166 καὶάρματ
3434 1134 3448 1148 .
3485 1134 3500 1150 .
3535 1136 3548 1152 .
3582 1136 3596 1152 .
3625 1136 3638 1151 .
3667 1136 3678 1153 .

524 1187 595 1242 tis
626 1187 754 1242 illis.
795 1228 808 1241 .
857 1230 869 1243 .
914 1228 929 1241 .
972 1228 987 1242 .
1032 1229 1044 1242 .
1092 1227 1106 1243 .
1151 1229 1164 1242 .
1208 1189 1360 1243 multi
1404 1204 1471 1243 ex
1528 1188 1781 1243 omnibus
1830 1188 2074 1260 gentibus

2188 1184 2352 1248 τικῶς
2374 1183 2461 1237 διὰ
2488 1182 2585 1248 τὰς
2615 1184 2672 1237 ὲν
2709 1185 2819 1247 τοῖς
2848 1183 3102 1255 πολέμοις
3125 1184 3448 1256 παρατάξεις
3475 1203 3503 1238 τ
3536 1224 3549 1240 .
3583 1226 3596 1240 .
3628 1228 3640 1242 .
3668 1226 3680 1243 .

522 1278 577 1332 in
640 1278 857 1338 animis.
903 1320 917 1334 .
957 1319 974 1334 .
1018 1322 1031 1334 .
1077 1319 1090 1333 .
1136 1318 1151 1333 .
1191 1286 1538 1350 acceperunt.
1601 1279 1711 1336 Deo
1764 1287 1982 1350 regente
2029 1286 2072 1333 cl

2188 1295 2291 1331 κατ
2329 1319 2340 1331 .
2387 1316 2401 1330 .
2443 1317 2457 1330 .
2502 1318 2517 1332 .
2562 1317 2574 1329 .
2622 1317 2634 1329 .
2680 1315 2694 1331 .
2735 1275 3058 1348 γενομένους
3089 1276 3315 1341 ἵππους·
3360 1279 3583 1350 κτήνεσιν
3602 1282 3681 1345 τοῖς

520 1369 839 1440 imperante.
883 1413 897 1428 .
942 1412 957 1428 .
1001 1412 1019 1431 .
1064 1413 1076 1426 .
1119 1412 1133 1426 .
1174 1412 1187 1425 .
1224 1372 1457 1442 angelici
1500 1370 1653 1427 verbi
1698 1373 1878 1427 omnis
1926 1377 2070 1426 terra

2186 1372 2429 1442 ἀνοήτοις
2452 1369 2579 1441 παρ’
2605 1369 2763 1443 ὁμοια
2793 1410 2807 1425 .
2843 1409 2856 1421 .
2885 1407 2900 1423 .
2944 1411 2957 1425 .
3001 1409 3015 1422 .
3058 1406 3075 1423 .
3117 1409 3133 1425 .
3174 1410 3189 1425 .
3235 1410 3250 1424 .
3293 1407 3309 1423 .
3351 1368 3467 1433 ,οὒς
3494 1370 3683 1442 ἐναργῶς

519 1462 840 1519 secundum.
883 1503 900 1520 .
943 1503 958 1519 .
1005 1506 1018 1520 .
1063 1508 1077 1519 .
1117 1505 1133 1522 .
1181 1507 1195 1519 .
1235 1463 1406 1519 divini
1441 1464 1591 1520 verbi
1614 1464 1971 1535 prophetiam.

2188 1464 2395 1527 πάντας
2428 1465 2461 1535 ἡ
2502 1461 2772 1535 παρουσία
2808 1459 2901 1515 τοῦ
2935 1461 3184 1535 Σωτῆρος
3218 1461 3375 1532 ἡμῶν
3413 1461 3682 1535 ὲξωλόθρευσ

520 1592 535 1609 .
579 1596 593 1609 .
636 1597 651 1612 .
694 1599 711 1615 .
749 1559 878 1628 γοῦν
909 1560 1006 1632 τὴν
1034 1562 1298 1633 σωτήριον
1341 1560 1641 1631 παρουσίαν
1682 1558 2164 1630 ὲξολοθρευθέντων
2194 1559 2417 1613 ἐκείνων
2458 1598 2470 1610 .
2515 1598 2530 1613 .
2573 1596 2588 1611 .
2632 1596 2647 1611 .
2691 1595 2705 1610 .
2745 1555 2906 1627 τυχὸν
2947 1555 3151 1633 πλῆθος
3206 1555 3268 1621 ἐξ
3326 1554 3558 1610 ἁπάντων
3604 1554 3686 1610 τῶν

515 1648 684 1705 ἐθνῶν
708 1652 807 1722 τὴν
834 1653 893 1707 ὲν
917 1656 1036 1718 ταῖς
1059 1632 1257 1725 ψυχαῖς
1295 1692 1309 1706 .
1356 1695 1368 1707 .
1413 1690 1428 1706 .
1472 1693 1487 1709 .
1529 1694 1541 1705 .
1568 1666 1609 1705 ί.
1653 1691 1667 1704 .
1708 1650 2056 1716 κατεδέξαντο
2084 1669 2097 1681 ·
2137 1651 2227 1705 τοῦ
2281 1649 2414 1704 Θεοῦ
2450 1649 2821 1720 κατάρξαντος
2867 1632 3441 1722 καίκατακρατήσεως
3481 1688 3494 1701 .
3531 1690 3545 1704 .
3581 1687 3592 1700 .
3626 1688 3637 1701 .
3670 1685 3681 1700 .

514 1739 801 1808 ἀγγελικοῦ
833 1740 997 1814 ῥητοῦ
1042 1742 1142 1813 τῆς
1178 1740 1502 1812 οἰκουμένης
1544 1740 1761 1811 ἁπάσης
1806 1739 1943 1793 κατὰ
1987 1741 2085 1813 τὴν
2125 1783 2138 1795 .
2186 1781 2198 1793 .
2241 1782 2254 1795 .
2298 1781 2314 1794 .
2357 1781 2372 1796 .
2416 1782 2430 1795 .
2469 1756 2538 1810 ην
2568 1739 2666 1793 τοῦ
2700 1737 2842 1792 θείου
2868 1740 3039 1808 Λόγου
3069 1739 3418 1811 προφητείαν.

1100 1852 1329 1913 CAPUT
1368 1850 1542 1913 xxv.
2113 1862 2157 1923 Β

2113 1862 2157 1923 Β
2674 1856 3069 1931 ΚΕΦΑΛΑΙΟΝ
3122 1856 3252 1911 KE'.

990 1966 1076 2022 Ea:
1107 1965 1287 2023 eodem
1323 1963 1607 2022 Zacharia.

2639 1968 2751 2025 Τοῦ
2781 1968 2970 2025 αὐτοῦ
3008 1970 3288 2041 Ζαχαρία.

584 2096 603 2130 ι
639 2076 705 2131 Et
746 2076 1066 2133 confortabo
1097 2089 1194 2131 eos
1245 2074 1300 2129 in
1349 2072 1579 2128 Domino
1604 2113 1620 2139 ,
1675 2083 1730 2129 et
1778 2073 1833 2128 in
1863 2073 2084 2128 nomine

2256 2098 2277 2133 ι
2320 2082 2429 2136 Καὶ
2466 2082 2780 2154 κατισχύσαι
2829 2085 3025 2148 αὐτοὺς
3068 2086 3126 2138 ἐν
3162 2085 3355 2156 Κυρίῳ
3395 2084 3504 2156 Θεῷ
3531 2083 3685 2150 αὐτῶν.

507 2169 670 2243 (ejus)
701 2168 1092 2233 ambulabunt,
1127 2166 1260 2223 dicit
1290 2165 1553 2222 Dominus
1576 2166 1643 2224 7".
1679 2186 1697 2219 ι
1736 2165 1949 2221 Rursus
1976 2165 2053 2221 Do

2180 2173 2271 2227 καὶ
2303 2175 2360 2226 ἐν
2410 2173 2489 2247 τῷ
2514 2174 2737 2247 ὀνόματι
2776 2216 2790 2230 .
2835 2215 2850 2230 .
2893 2218 2908 2231 .
2953 2218 2967 2231 .
3011 2217 3025 2232 .
3069 2217 3083 2230 .
3128 2217 3143 2232 .
3181 2179 3550 2249 καυχήσονται,
3576 2178 3685 2246 λέγει

506 2266 686 2319 minus
704 2262 796 2319 Dei
814 2261 1050 2318 Verbum
1069 2276 1128 2317 se
1147 2258 1576 2315 confortaturum
1599 2259 1884 2330 pollicetur
1899 2259 2056 2329 justo:

2178 2263 2399 2337 Κύριος.
2442 2285 2461 2319 ›
2499 2266 2668 2322 Πάλιν
2700 2267 2903 2342 Κύριος
2934 2270 2964 2324 ὁ
2998 2269 3093 2323 τοῦ
3120 2268 3257 2323 Θεοῦ
3292 2269 3459 2339 Λόγος
3484 2268 3684 2339 κατισχύ-

503 2357 560 2411 in
594 2354 823 2410 Domino
879 2353 990 2409 Deo
1049 2367 1275 2418 eorum,
1332 2349 1503 2407 Deum
1535 2358 1590 2406 et
1648 2350 1861 2407 Patrem
1917 2366 2053 2407 suun

2177 2359 2312 2430 (σειν
2341 2359 2696 2432 ὑπι)σχνείται
2723 2362 2850 2426 τοὺς
2876 2361 3055 2426 ἀξίους
3083 2363 3140 2417 ὲν
3168 2363 3360 2435 Κυρίῳ
3387 2361 3500 2433 Θεῷ
3533 2362 3686 2426 αὐτῶν,

501 2448 813 2504 ostendens.
841 2445 965 2502 Ideo
994 2446 1049 2501 in
1082 2447 1410 2503 testimoniis
1447 2446 1514 2503 de
1542 2443 1704 2500 Patre
1735 2451 1790 2501 et
1816 2442 1953 2499 Filio
1972 2444 2051 2501 hoi

2173 2450 2266 2504 τὸν
2295 2451 2428 2506 Θεὸν
2451 2453 2544 2507 καὶ
2569 2453 2791 2527 Πατέρα
2815 2455 3008 2510 ἑαυτοῦ
3036 2454 3229 2528 δηλῶν.
3261 2456 3354 2509 Διὸ
3382 2457 3437 2510 ὲν
3462 2458 3563 2519 τοῖς
3592 2453 3687 2527 περὶ

506 2556 723 2612 quoque
746 2540 948 2595 dictum
973 2540 1414 2595 memoravimus.

2175 2544 2385 2619 Πατρὸς
2407 2546 2502 2601 καὶ
2531 2546 2660 2600 Υίοῦ
2684 2545 2959 2602 καὶτοῦτο
2989 2546 3382 2618 σεσημειώσθω
3403 2546 3462 2601 τὸ
3484 2547 3635 2618 ῥητόν.

1055 2651 1283 2708 CAPUT
1314 2650 1507 2708 XXVI.

2676 2659 3071 2741 ΚΕΦΑΛΑιοΝ
3104 2662 3249 2730 κεῖν.

1130 2765 1214 2820 Ea:
1249 2765 1449 2822 eodem.
2024 2767 2152 2780 ”“’“’

2024 2767 2152 2780 “'-
2766 2773 2877 2828 Τοῦ
2931 2773 3137 2828 αὑτοῦ.

578 2902 596 2934 ι
636 2880 703 2935 Ει
734 2889 1066 2952 cognoscent
1097 2878 1392 2934 Chananaei
1448 2892 1648 2949 pecora
1706 2877 1841 2933 mihi
1888 2885 2074 2933 custo-

2245 2904 2263 2937 ι
2309 2886 2419 2945 Καὶ
2442 2886 2737 2956 γνώσονται
2765 2888 2815 2941 οἱ
2842 2888 3133 2942 Χαναναῖοι
3165 2887 3234 2942 τὰ
3267 2888 3509 2960 πρόϐατα
3530 2887 3590 2941 τὰ
3615 2904 3688 2957 ca-

492 2976 711 3038 dierula,
743 2974 870 3044 quia
911 2972 1138 3027 verbum
1167 2970 1380 3028 Domini
1408 2978 1512 3026 est.
1544 2969 1610 3024 Et
1632 2969 1808 3026 dicam
1838 2969 1905 3025 ad
1934 2984 2029 3026 eos

2168 2978 2477 3049 λασσόμενά
2507 2997 2618 3051 μοι,
2650 2979 2785 3033 διότι
2829 2979 2984 3049 λόγος
3024 2982 3229 3053 Κυρίου
3279 2982 3445 3036 ἐστίν.
3484 2982 3581 3035 Kal.
3605 2978 3687 3050 ἐρῶ

494 3066 554 3123 Si
586 3067 785 3122 bonum
813 3072 899 3120 est
945 3064 1001 3118 in
1031 3063 1206 3118 oculis
1240 3063 1437 3119 vestris
1462 3100 1479 3124 .
1520 3061 1708 3116 alferte
1758 3061 2044 3119 merceden

2168 3070 2303 3143 πρὸς
2327 3070 2540 3136 αὐτούς·
2574 3072 2637 3125 Et
2662 3071 2824 3127 καλὸν
2852 3072 3081 3129 ἐνώπιον
3113 3073 3269 3144 ὑμῶν
3292 3078 3460 3139 ἐστιν,
3491 3073 3596 3128 δότε
3620 3073 3687 3126 τὸν

490 3173 705 3224 meam;
734 3164 789 3212 et
835 3156 883 3211 si
942 3170 1072 3219 non,
1099 3154 1386 3226 quiescitc.
1423 3152 1489 3208 Et
1517 3152 1893 3224 appenderunt
1923 3168 2040 3209 mer

2172 3161 2355 3237 μισθόν
2388 3180 2511 3234 μου,
2545 3163 2578 3235 ἢ
2612 3164 2945 3219 ἀπείπασθε·
2993 3167 3086 3220 καὶ
3132 3165 3371 3237 ἔστησαν
3414 3167 3501 3219 τὸν
3540 3164 3687 3237 μισθόν

490 3251 678 3307 cedem
711 3264 886 3304 meam
911 3248 1133 3320 triginta
1167 3255 1477 3319 argenteos.
1529 3245 1597 3300 Et
1627 3245 1829 3316 projeci
1858 3245 1980 3301 illos
2009 3245 2040 3300 i1

2171 3228 2271 3323 μέν
2294 3228 2586 3324 τριακοντα
2623 3254 2917 3327 ἀργυρίους
2935 3272 2949 3285 ·
3001 3256 3096 3308 καὶ
3138 3228 3394 3309 ὲνέέαλον
3434 3228 3607 3316 αὐτοὺς
3632 3253 3688 3314 εἰς

489 3343 713 3400 domum
758 3341 970 3398 Domini
1008 3341 1078 3396 ad
1116 3339 1459 3396 statuarium.
1508 3340 1575 3394 Et
1608 3338 1828 3410 praecidi
1860 3339 2039 3411 virgas

2165 3345 2256 3401 τὸν
2295 3339 2441 3401 οἷκον
2468 3347 2673 3418 Κυρίου
2698 3349 2776 3412 εἰς
2800 3347 2861 3400 τὸ
2892 3349 3275 3420 χωνευτήριον.
3324 3349 3434 3402 Καὶ
3457 3344 3686 3418 magna:

490 3452 666 3493 meam
698 3436 1016 3492 secundam.
1062 3474 1074 3489 .
1115 3474 1130 3490 .
1176 3474 1190 3486 .
1236 3473 1252 3489 .
1294 3472 1308 3487 .
1353 3472 1368 3489 .
1412 3470 1427 3485 .
1470 3439 1528 3487 ut
1561 3431 1910 3488 dissolverem
1937 3448 2040 3503 ger-

2164 3430 2261 3504 τὴν
2292 3432 2484 3504 ῥάϐδον
2527 3433 2624 3506 τὴν
2659 3434 2917 3507 δευτέραν
2958 3476 2972 3490 .
3017 3476 3031 3491 .
3077 3480 3091 3494 .
3135 3474 3149 3491 .
3194 3480 3208 3491 .
3253 3476 3270 3493 .
3315 3476 3331 3491 .
3378 3478 3391 3491 .
3430 3479 3445 3494 .
3481 3435 3566 3491 τοῦ
3599 3435 3685 3488 διας

486 3532 805 3587 manitatem
847 3530 989 3585 inter
1020 3527 1213 3584 Judam
1245 3534 1301 3583 et
1335 3527 1500 3586 Israel
1530 3527 1596 3578 ⁷⁵.
1656 3544 1675 3578 ι
1725 3525 1868 3592 Quid
1917 3526 2036 3582 enin

2166 3523 2419 3578 σκεδάσαι
2445 3524 2543 3596 τὴν
2567 3523 2830 3597 διαθήκην
2853 3525 3122 3597 ἀναμέσον
3164 3526 3362 3591 Ἰούδα,
3404 3528 3494 3581 καὶ
3519 3523 3682 3595 ἀναμέ-

487 3639 595 3679 non
622 3624 689 3680 de
723 3623 951 3678 Domino
994 3630 1048 3678 et
1081 3620 1360 3676 Salvatore
1391 3626 1581 3674 nostro
1601 3617 1730 3675 Jesu
1758 3618 1995 3675 Christo.

2164 3629 2255 3666 σον
2298 3614 2533 3686 Ἰσραήλ.
2571 3636 2591 3668 ι
2622 3617 2730 3670 Καὶ
2762 3617 2815 3670 τί
2844 3616 2953 3690 γὰρ
2983 3618 3103 3692 οὐχὶ
3140 3617 3248 3672 τῶν
3277 3619 3372 3672 ἐπὶ
3400 3617 3492 3672 τοῦ
3519 3616 3682 3688 Κυρίου

818 3715 1109 3786 praevisum
1172 3719 1335 3784 atque
1400 3711 1721 3782 praedictum
1800 3710 1966 3766 fuerit
2028 3725 2061 3765 a
2161 3704 2255 3758 καὶ
2299 3703 2368 3757 Σο

2161 3704 2255 3758 καὶ
2299 3703 2548 3776 Σωτῆρος
2595 3704 2750 3778 ἡμῶν
2806 3706 2978 3778 Ἰησοῦ
3028 3706 3265 3779 Χριστοῦ
3317 3725 3416 3762 συν
3453 3750 3465 3760 .
3508 3746 3522 3759 .
3560 3744 3572 3758 .
3603 3719 3685 3757 των

487 3809 692 3866 sanctis
722 3808 817 3864 Dei
851 3806 1149 3879 prophetis.
1197 3846 1210 3859 .
1258 3848 1270 3859 .
1314 3845 1328 3858 .
1370 3844 1384 3858 .
1431 3842 1445 3857 .
1491 3844 1506 3859 .
1548 3804 1693 3860 enim
1754 3818 1787 3859 e
1836 3802 2037 3876 Virgini

2160 3793 2503 3865 προέγνωστο
2540 3811 2598 3847 τε
2645 3796 2739 3849 κα)⁵
2776 3796 3067 3869 προείρητο
3107 3800 3219 3862 τοῖς
3261 3800 3428 3869 ἱεροῖς
3454 3794 3540 3850 τοῦ
3581 3790 3685 3857 Θεοῦ

485 3902 741 3956 nativitas
764 3900 884 3971 ejus
903 3907 957 3955 et
989 3897 1308 3953 nativitatis.
1347 3938 1364 3954 .
1406 3939 1421 3954 .
1474 3939 1486 3951 .
1534 3936 1548 3951 .
1591 3935 1607 3950 .
1655 3936 1670 3952 .
1709 3902 1766 3951 et
1799 3894 1957 3951 radix
1986 3910 2035 3951 ei

2190 3886 2462 3960 προφήταις
2509 3928 2521 3939 '
2568 3927 2581 3941 '
2626 3927 2639 3940 '
2684 3930 2697 3941 ·
2739 3926 2755 3942 ·
2802 3929 2817 3942 ο
2862 3930 2875 3943 ·
2916 3889 3024 3960 γὰρ
3077 3891 3141 3942 ὲκ
3192 3890 3467 3962 παρθένου
3515 3888 3686 3958 γένεσις
3736 3970 3740 3979 Ι

485 4004 590 4064 qua
628 3992 927 4049 secundum
958 4006 1179 4047 carnem
1222 3990 1443 4061 genitus
1471 3997 1575 4046 est.
1621 4030 1637 4045 .
1680 4028 1695 4044 .
1743 4027 1757 4042 .
1800 4028 1815 4043 .
1862 4027 1876 4043 .
1917 4027 1929 4043 .
1972 4026 1988 4043 .

2157 3975 2321 4029 αὑτοῦ
2365 3978 2657 4049 ωὶότῆς
2704 3979 3684 4045 γενέσεως.............

488 4063 629 4138 lluic
665 4085 953 4139 incarnato
987 4082 1075 4137 vix
1119 4082 1387 4138 credenda
1415 4097 1513 4154 per
1540 4082 1849 4153 prophetas.
1889 4123 1903 4138 .
1936 4121 1953 4138 .
1984 4121 1999 4135 .

2156 4066 2221 4139 λῆ
2256 4068 2351 4121 καὶ
2394 4070 2427 4139 ή
2470 4066 2595 4141 ῥίζα
2620 4067 2679 4133 ἐξ
2707 4063 2775 4142 ἦς
2801 4067 2863 4122 τὸ
2904 4069 3045 4123 κατὰ
3072 4069 3246 4140 σάρκα
3275 4068 3608 4138 γεγέννηται·
3634 4063 3686 4154 τά

487 4173 783 4245 Scriptum
825 4188 857 4227 a
896 4184 1085 4228 sancto
1130 4171 1336 4244 Spiritu
1391 4151 1655 4244 dignatus
1678 4180 1781 4228 est.
1830 4171 1889 4227 1n
1936 4188 2037 4228 om-

2154 4176 2213 4212 τε
2254 4200 2268 4214 .
2313 4200 2327 4213 .
2366 4199 2380 4213 .
2423 4201 2438 4214 .
2483 4200 2496 4214 .
2540 4199 2553 4214 .
2598 4201 2612 4215 .
2652 4202 2666 4215 .
2709 4200 2724 4213 .
2769 4201 2783 4214 .
2823 4159 2969 4232 αύτῷ
3010 4161 3409 4233 ἐπιδημήσαντι
3452 4151 3685 4245 παράδοξςι

480 4244 645 4321 nibus
676 4273 731 4321 et
756 4273 1007 4330 mortem,
1040 4274 1093 4319 ct
1127 4263 1318 4319 mortis
1352 4263 1641 4334 imaginem
1671 4261 2030 4319 ostenderunt

2152 4252 2240 4306 διὰ
2286 4251 2396 4308 τῶν
2448 4253 2709 4307 ἀνέκαθεν
2758 4253 3051 4326 προφητῶν
3080 4296 3105 4341 χ.
3149 4294 3164 4308 .
3207 4294 3222 4309 .
3268 4293 3284 4307 .
3324 4253 3426 4324 τῆς
3473 4250 3569 4305 ὑπὸ
3610 4244 3681 4298 τοῦ

483 4370 593 4411 non
646 4355 982 4411 amittentes.
1024 4394 1041 4412 .
1086 4396 1100 4410 .
1145 4393 1159 4409 .
1205 4395 1220 4410 .
1261 4368 1439 4424 neque
1496 4367 1616 4425 quae
1681 4353 1901 4422 pertulit
1951 4349 2033 4407 ﬂa-

2153 4345 2297 4399 θείου
2341 4346 2656 4418 Πνεύματος
2699 4345 2904 4417 ἠξιώθη
2955 4337 3206 4418 Γραφῆς·
3253 4347 3350 4399 ἐπὶ
3377 4347 3506 4399 πᾶσι
3539 4337 3683 4396 δὲκαὶ

478 4445 637 4518 gella,
669 4452 725 4500 et
751 4454 928 4519 sputa,
957 4443 1238 4514 iustasque
1274 4453 1339 4499 .et
1376 4443 1693 4515 opprobria.
1746 4440 1853 4499 Sed
1905 4442 2028 4497 hum

2150 4436 2241 4489 τὸν
2288 4436 2513 4491 θάνατον
2560 4437 2652 4489 καὶ
2692 4437 2754 4490 τὸ
2795 4436 2986 4491 τούτου
3032 4434 3168 4499 εἶδος
3210 4436 3601 4509 προεδήλωσαν,
3635 4429 3680 4482 οὗ

479 4516 573 4609 qui
599 4536 823 4592 tradidit
850 4516 974 4592 eum
1021 4535 1408 4592 insidiantibus
1436 4536 1826 4607 discipulorum
1881 4552 2029 4592 unun

2151 4530 2514 4602 παραλιπόντε
2551 4568 2569 4584 .
2609 4567 2624 4583 .
2671 4572 2684 4586 .
2728 4569 2743 4583 .
2787 4569 2802 4583 .
2842 4571 2857 4584 .
2895 4530 3002 4584 οὐδ’
3048 4529 3115 4594 ἃς
3144 4516 3408 4602 ὑπέμεινε
3454 4528 3681 4601 μάστιγας

480 4628 802 4684 indicantes.
849 4627 1175 4683 Nominatim
1213 4629 1379 4699 igitur
1406 4644 1531 4683 eum
1590 4636 1908 4685 exsecratus
1962 4640 2030 4688 est

2146 4625 2240 4681 καὶ
2266 4625 2619 4696 ὲμπτυσμοὺς
2655 4625 2973 4697 ῥαπίσματα
3012 4642 3072 4678 τε
3100 4625 3195 4679 καὶ
3222 4623 3440 4699 ὕϐρεις·
3467 4621 3588 4678 ἀλλὰ
3610 4618 3679 4671 τὸν

479 4737 576 4792 per
631 4720 918 4777 Jeremiam
980 4720 1217 4793 Spiritus
1275 4733 1501 4777 sanctus
1543 4721 1782 4778 dicens:
1849 4741 1870 4773 ι
1911 4720 2029 4779 Ροοι

2153 4719 2503 4792 προδώσαντα
2527 4720 2687 4774 αὐτὸν
2712 4723 2823 4783 τοῖς
2846 4718 3280 4773 ἐπιϐουλεύουσιν
3309 4721 3369 4773 ὲν
3400 4715 3567 4773 αὐτῶν
3587 4712 3677 4782 (ενα

476 4819 657 4865 catum
719 4808 858 4865 Juda
924 4812 1184 4881 scriptum
1223 4820 1307 4866 est
1357 4811 1498 4882 stylo
1545 4810 1721 4868 ferreo
1771 4811 1828 4869 in
1866 4828 2026 4884 ungui

2147 4812 2275 4882 τῶν)
2334 4810 2590 4883 μαθητῶν
2635 4813 2970 4883 μηνύσαντες
2995 4831 3009 4844 ·
3063 4812 3323 4883 ὀνομαστὶ
3380 4810 3507 4880 γοῦν
3547 4805 3676 4861 αὑτὸν

477 4900 825 4958 adamantina
883 4903 950 4957 ⁷ο.
1016 4923 1039 4956 ν
1112 4900 1239 4957 Haec
1313 4900 1371 4957 in
1440 4899 1706 4958 Hebraico
1774 4909 1830 4958 et
1898 4903 2027 4975 apuc‘

2146 4908 2487 4979 ὲστηλίτευσε
2530 4908 2620 4962 διὰ
2656 4909 2916 4980 Ἰερεμίου
2964 4907 3024 4962 τὸ
3072 4907 3210 4961 θεῖον
3254 4906 3479 4977 Πνεῦμα
3510 4903 3673 4973 φῆσανν

474 4994 616 5051 LXX
661 4995 985 5069 lnterpretes
1047 4995 1323 5061 invenies;
1378 5002 1542 5065 atque
1594 4996 1651 5051 in
1688 4996 1857 5053 variis
1888 4998 2024 5068 psal-

2148 5021 2170 5054 ‹
2219 5003 2483 5074 Ἀμαρτία
2520 5002 2689 5057 Ἰούδα
2717 5003 3022 5073 γέγραπται
3052 5003 3109 5055 ὲν
3131 5001 3379 5071 γραφείῳ
3409 4994 3610 5069 σιδηρῷ,
3630 4994 3673 5043 ἐν

474 5091 578 5145 mis
640 5106 762 5162 quae
825 5090 895 5146 de
972 5087 1063 5145 illo
1134 5088 1383 5146 feruntur
1438 5090 1640 5146 disces.
1711 5089 1866 5145 Nunc
1940 5107 2024 5147 au-

2143 5094 2293 5165 ὄνυχι
2325 5094 2683 5165 ἁδαμαντίνῳ.
2714 5113 2733 5146 ›
2774 5094 2955 5149 Ταῦτα
2976 5094 3020 5146 δ’
3061 5095 3118 5146 ὲν
3146 5090 3293 5162 αὐτῷ
3314 5091 3395 5161 τῷ
3431 5078 3671 5160 ’Ἐϐραῖκῷ

474 5193 579 5239 tem
616 5185 895 5256 praecitato
954 5192 1102 5241 textu
1138 5200 1401 5258 expresse
1445 5183 1792 5240 denariorum
1846 5199 2024 5240 nume-

2144 5187 2237 5241 καὶ
2259 5190 2371 5251 τοῖς
2398 5187 2600 5251 λοιποῖς
2622 5186 2801 5259 εὕροις
2817 5186 2881 5240 ἂν
2905 5186 3053 5258 παρὰ
3071 5185 3194 5248 τοὺς
3215 5188 3268 5239 0’
3309 5178 3665 5259 Ἑρμηνευτὰς·

472 5292 623 5340 rum,
656 5280 856 5349 quibus
908 5280 1143 5353 acceptis
1191 5280 1361 5340 Judas
1407 5286 1727 5356 magistrum
1773 5285 2022 5342 insidian-

2144 5279 2238 5333 καὶ
2272 5280 2330 5333 ὲν
2371 5277 2604 5349 ψαλμοῖς
2626 5278 2685 5332 δὲ
2723 5278 2996 5348 διαφόροις
3028 5275 3218 5348 μάθοις
3244 5274 3313 5329 ἂν
3341 5276 3412 5330 τὰ
3457 5272 3567 5327 κατ’
3592 5268 3668 5324 αὑ-

470 5368 618 5423 tibus
645 5370 888 5437 tradidit,
924 5372 1108 5429 divina
1153 5376 1480 5446 prmuuntiat
1517 5367 1822 5448 scriptura.
1848 5375 2020 5432 .Caate-

2142 5373 2231 5427 τὸν
2255 5370 2557 5443 δηλούμενα
2575 5388 2588 5402 ·
2621 5372 2717 5427 καὶ
2763 5371 2855 5425 νῦν
2883 5370 2927 5425 δ’
2956 5370 3107 5424 οὐδὲν
3133 5363 3292 5440 ἦττον
3319 5367 3410 5421 διὰ
3438 5366 3532 5436 τῆς
3561 5377 3664 5432 προ-

474 5473 593 5511 rum
624 5460 731 5516 dici
756 5473 988 5532 possunt
1008 5481 1128 5536 qua:
1150 5468 1437 5524 retulimus
1460 5469 1528 5525 de
1554 5468 1757 5525 Christi
1782 5483 2024 5539 persona,

2140 5465 2398 5536 κειμένης
2425 5465 2619 5532 λέξεως
2667 5464 2850 5533 σαφῶς
2898 5465 2989 5518 καὶ
3028 5463 3117 5518 τὸν
3156 5461 3389 5535 ἀριθμὸν
3410 5459 3500 5514 τοῦ
3524 5459 3664 5528 ἁργυ·

474 5548 677 5604 scilicet
696 5554 968 5621 quomodo
1008 5555 1330 5614 insidiantes
1358 5557 1431 5623 ei,
1464 5575 1602 5630 quos
1633 5559 1768 5614 alias
1793 5556 2024 5630 quidem,

2142 5557 2275 5628 ρίου,
2306 5558 2444 5629 ὅπερ
2488 5555 2666 5610 λαϐὼν
2702 5559 2732 5610 ὁ
2783 5558 2976 5622 Ἰούδας
3016 5556 3294 5629 προῦδωκε
3337 5556 3445 5617 τοῖς
3471 5546 3657 5611 ἐπιβου·

476 5656 496 5688 ί
536 5639 807 5713 Principes
838 5644 1197 5705 Sodomorum
1218 5660 1271 5706 et
1303 5652 1563 5722 populum
1592 5650 1976 5719 Gomorrhaa",
2009 5669 2026 5702 ι

2136 5648 2349 5704 λεύουσι
2374 5650 2466 5703 τὸν
2487 5649 2819 5718 διδάσκαλον,
2851 5651 2883 5721 ἡ
2915 5649 3032 5704 θεία
3066 5646 3455 5721 προθε(σπίζει)
3478 5637 3654 5716 Γραφὴ-

539 5789 582 5821 "
606 5789 764 5851 Zach.
802 5811 855 5864 ι,
893 5793 1010 5863 12.,
1053 5800 1098 5833 ⁷³
1126 5801 1291 5858 Zach.
1321 5819 1395 5870 ιι,
1435 5804 1619 5863 th“.
1692 5806 1736 5839 ⁷⁸
1759 5803 1867 5862 Jer.
1902 5821 2046 5872 xm,

1126 5801 1395 5870 laciuxn,
1435 5804 1619 5863 ιΙηΗ.
1692 5806 1736 5839 ⁷⁸
1759 5803 1867 5862 Jer.
1902 5821 2046 5872 xm,
2112 5805 2160 5863 l.
2229 5807 2279 5880 _"
2321 5805 2422 5861 lsa.
2481 5822 2518 5874 ι,
2574 5807 2657 5862 10.
