3926 6260
217 318 344 374 Ηῦὅ

1211 307 1503 364 ECLOGJE
1546 304 2106 363 PROPIIETIC/E.—
2129 304 2257 360 LIB.
2295 305 2384 362 III.

3297 312 3433 367 1154

213 435 424 502 Λέγοιτο
448 426 493 481 δ’
523 426 588 481 ἂν
615 426 682 479 τά
714 426 1049 499 προκείμενα
1077 427 1140 480 ἐκ
1174 424 1464 498 προσώπου
1504 426 1598 478 τοῦ
1629 423 1764 496 Χρι-

1868 425 2215 493 prOphcticus
2245 429 2403 497 vocat
2449 436 2663 485 sermo.
2726 428 2855 476 tunc
2905 423 3163 492 temporis
3220 422 3441 479 Charm-2

215 521 352 587 στοῦ,
386 520 571 588 ὥσπερ
607 520 730 582 τοὺς
773 516 1260 581 ἐπιϐουλεύσαντας
1297 516 1478 587 αὐτῷ,
1524 514 1617 579 οὓς
1653 514 1766 568 ἑτέ-

215 614 337 687 ρωθι
367 611 463 682 μὲν
496 608 564 681 (Γ.
596 610 664 663 3'5
691 610 764 681 v°)
798 628 815 659 ι
844 608 1114 680 ἄρχοντας
1138 607 1388 678 Σοδόμων
1412 607 1501 662 καὶ
1522 605 1647 661 λαὸν
1673 606 1767 658 Γο-

216 705 412 777 μόρρας
442 721 458 754 ι
491 700 520 751 6
548 702 646 771 τῆς
673 700 1010 773 προφητείας
1049 698 1315 753 ἀποκαλεῖ
1338 698 1515 768 λόγος,
1549 697 1641 750 ἐπὶ
1669 694 1764 750 τοῦ

211 796 465 869 παρόντος
506 792 564 847 δέ
613 792 949 857 Χαναναίους
987 791 1075 845 διὰ
1110 791 1209 863 τὴν
1252 791 1389 865 πρὸς
1428 792 1551 855 τοὺς
1582 791 1764 843 Χανα-

212 890 383 952 ναίους
418 886 732 957 ἐξομοίωσιν
760 884 954 949 αὐτοὺς
981 884 1253 956 ὀνομάζει.
1287 885 1509 955 Φήσασα
1552 882 1681 952 γοῦν
1730 882 1765 953 ἡ

210 980 506 1056 προφητεία
532 980 611 1044 τὸ,
651 998 669 1030 ι
704 979 812 1033 Καὶ
834 977 1130 1046 γνώσονται
1163 979 1211 1031 οί
1244 978 1556 1041 Χαναναῖοι,
1592 996 1610 1028 ι
1644 976 1765 1028 ἐπι-

211 1074 377 1147 φέρει,
419 1072 743 1127 διδάσκουσα
780 1071 927 1143 ἡμᾶς
966 1071 1118 1134 τίνας
1163 1068 1411 1142 βούλεται
1459 1069 1762 1141 σημαίνειν,

209 1163 296 1219 καί
318 1179 499 1234 φησιν,
534 1179 552 1212 ι
586 1160 655 1214 τὰ
679 1161 921 1233 πρόϐατα
940 1158 1008 1214 τὰ
1034 1158 1414 1230 φυλασσόμενά
1444 1176 1554 1230 μοι.
1588 1178 1607 1211 ι
1634 1158 1765 1212 Τίνα

206 1251 259 1311 δὲ
300 1251 365 1326 ἧν
415 1252 590 1308 ταῦτα
623 1253 690 1306 τὰ
724 1253 993 1325 πρόϐατα,
1042 1251 1111 1306 τά
1158 1252 1422 1326 πρότερον
1472 1252 1548 1324 τῷ
1579 1252 1766 1325 Κυρίῳ

207 1347 603 1417 φυλασσόμενα,
642 1345 675 1417 ἢ
705 1347 733 1399 6
756 1347 820 1400 ἐκ
866 1345 1169 1418 περιτομῆς
1200 1344 1365 1411 λαός;
1405 1343 1497 1408 οὒς
1533 1343 1627 1399 νῦν
1658 1346 1770 1398 Χα-

202 1440 445 1502 ναναίους
465 1438 735 1509 ὀνομάσας
756 1439 785 1490 6
803 1438 991 1507 Λόγος,
1022 1439 1098 1502 ὡς
1119 1440 1182 1491 ἐκ
1210 1436 1497 1510 προσώπου
1519 1437 1612 1490 τοῦ
1641 1438 1769 1507 Χρι-

205 1531 323 1587 στοῦ
350 1531 548 1600 ἐπάγει
576 1530 769 1600 λέγων,
805 1549 824 1580 r
858 1531 951 1585 καὶ
978 1529 1089 1603 ἐρῶ
1113 1530 1249 1603 πρὸς
1274 1530 1471 1594 αὐτοὺς
1507 1551 1526 1583 ι
1557 1530 1623 1583 τὰ
1647 1530 1770 1582 ἀνα-

200 1624 576 1696 γεγραμμένα,
610 1623 645 1678 ἃ
692 1624 785 1677 καὶ
821 1623 966 1692 λέγοι
1011 1624 1078 1677 ἂν
1122 1624 1257 1696 πρὸς
1299 1624 1425 1687 τοὺς
1452 1622 1765 1676 ἐπιϐουλεύ-

202 1730 392 1776 σαντας
419 1712 592 1783 αὐτῷ,
623 1714 760 1782 ὑπὲρ
799 1706 875 1766 ὧν
918 1713 1116 1777 αὐτοὺς
1157 1711 1485 1783 εὐεργέτησε
1525 1713 1651 1775 τοὺς
1682 1729 1767 1782 μι-

1870 529 2017 571 natos
2043 522 2264 589 propter
2285 528 2469 569 eorum
2505 529 2627 569 cum
2651 512 2972 570 Chananaeis
3000 513 3431 581 similitudinem,

1868 615 2047 665 vocat.
2074 606 2368 679 Postquam
2394 606 2559 677 igitur
2593 607 2879 679 prophetia
2899 606 3058 675 dixit,
3087 627 3105 659 ι
3137 605 3206 661 Et
3233 620 3437 677 cogno-

1866 707 2020 759 scent
2046 698 2356 768 Chananaei,
2386 718 2400 750 ι
2438 698 2643 768 adjicit,
2668 714 2768 753 nos
2795 699 2997 755 docens
3026 713 3163 770 quos
3191 697 3438 754 indicare

1864 795 2015 859 velit,
2046 793 2304 865 dicitque,
2332 810 2351 844 ι
2390 807 2579 863 greges
2629 806 2748 863 quae
2797 791 3184 848 custodiuntur
3223 792 3376 847 mihi.
3410 810 3429 844 ι

1867 886 1999 955 ροσε
2027 894 2206 941 autem
2227 891 2383 942 erant
2414 885 2519 939 illae
2564 899 2773 956 greges,
2803 884 2956 954 prius
2984 883 3215 939 Domino
3245 893 3434 938 custo-

1867 979 2013 1043 ditaz,
2041 978 2146 1033 nisi
2169 977 2603 1033 circumcisionis
2647 975 2917 1047 populus?
2944 990 3081 1046 quos
3123 989 3269 1029 nunc
3292 974 3434 1029 Cha-

1867 1085 2088 1127 nauaaos
2124 1084 2322 1126 vocans
2351 1066 2654 1139 Scriptura,
2681 1066 2837 1139 quasi
2872 1067 2939 1122 de
2962 1066 3166 1123 Christi
3198 1078 3433 1136 persona

1868 1162 2038 1229 addit,
2072 1181 2091 1213 ‹
2133 1169 2187 1217 et
2214 1160 2390 1216 dicam
2433 1161 2498 1215 ad
2528 1175 2622 1217 eos
2659 1180 2678 1214 ›
2706 1175 2827 1232 quae
2856 1161 3055 1231 scripta
3114 1168 3270 1225 sunt,
3315 1174 3436 1231 quae

1867 1262 1920 1310 et
1948 1254 2128 1309 dicere
2152 1259 2330 1323 potest
2355 1252 2746 1309 insidiantibus
2776 1252 2901 1317 sibi,
2925 1252 3085 1323 quasi
3139 1253 3208 1305 ab
3252 1251 3320 1307 iis
3348 1267 3434 1306 re-

1869 1355 2058 1416 petens
2090 1360 2314 1411 suorum
2347 1345 2403 1400 in
2456 1361 2552 1402 eos
2590 1344 2976 1429 beneﬁciorum
3005 1346 3310 1401 mercedem
3330 1383 3346 1409 ,
3374 1346 3437 1399 Ii-

1866 1439 1988 1495 dem
2027 1440 2235 1496 scilicet
2267 1439 2322 1493 in
2359 1453 2420 1495 se
2443 1479 2459 1504 ,
2507 1447 3036 1510 consentaneamque
3070 1437 3191 1493 Iidci
3239 1438 3436 1505 vitam;

1869 1531 1948 1586 sic
1973 1531 2117 1586 enim
2159 1531 2420 1602 intelligo,
2451 1549 2469 1582 ‹
2510 1530 2698 1587 atl‘erte
2745 1531 3046 1587 mercedem
3088 1545 3284 1586 meam.
3320 1550 3341 1582 ι
3374 1530 3440 1586 Ili

1868 1638 2018 1689 vero,
2048 1624 2346 1681 secundum
2387 1639 2451 1680 ea
2474 1639 2595 1695 qua:
2625 1625 2762 1679 alias
2790 1624 2858 1679 de
2901 1624 3037 1695 ipsis
3081 1624 3152 1679 ab
3181 1638 3247 1679 eo
3293 1623 3440 1679 dicta

1870 1726 2017 1784 sunt,
2053 1738 2072 1770 ι
2110 1717 2215 1774 Pro
2237 1733 2303 1775 eo
2332 1729 2393 1775 ut
2419 1735 2505 1775 me
2526 1718 2831 1790 diligerent,
2860 1717 3216 1774 detrahebant
3259 1717 3390 1772 mihi
3421 1735 3436 1771 :

200 1806 351 1869 σθοὺς
379 1803 574 1876 ὥσπερ
604 1804 769 1859 αἰτῶν
801 1805 1016 1869 αὐτοὺς,
1051 1804 1195 1858 τοῦτ’
1234 1803 1348 1858 ἐστι
1374 1804 1471 1876 τὴν
1496 1807 1572 1868 εἰς
1602 1804 1766 1858 αὐτὸν

1868 1825 1968 1881 ego
1995 1817 2176 1866 autem
2204 1804 2450 1866 orabam.
2481 1810 2548 1865 Et
2575 1818 2876 1882 posuerunt
2898 1810 3186 1867 adversum
3213 1825 3299 1865 me
3323 1824 3436 1863 ma-

200 1899 372 1953 πίστιν
401 1899 500 1951 καὶ
544 1897 635 1951 τὸν
672 1897 843 1971 ταύτῃ
888 1896 1219 1968 κατάλληλον
1260 1894 1398 1966 βίον·
1445 1894 1618 1959 οὕτως
1655 1895 1763 1967 γάρ

196 1992 371 2046 ἀκούω
403 1991 527 2056 τοῦ,
571 2010 589 2041 ι
622 1991 741 2045 δότε
770 1991 859 2044 τὸν
901 1989 1090 2062 μισθόν
1130 2007 1259 2062 μου’
1299 2011 1317 2042 ι
1343 1990 1393 2042 οἱ
1427 1989 1504 2051 δὲ,
1532 1989 1672 2043 κατὰ
1707 1990 1766 2043 τὺ

194 2082 413 2154 ἑτέρωθι
458 2083 592 2153 περὶ
632 2080 811 2135 αὐτῶν
849 2080 1135 2152 εἰρημένον
1182 2081 1274 2134 ὑπ’
1322 2079 1509 2144 αὑτοῦ,
1555 2099 1572 2130 α
1623 2080 1766 2132 Ἀντὶ

192 2176 279 2230 τοῦ
323 2177 555 2246 ἀγαπᾷν
597 2192 686 2245 με,
718 2173 1050 2228 ἐνδιέϐαλλόν
1083 2190 1171 2244 με,
1218 2171 1329 2242 ἐγὼ
1360 2172 1417 2226 δὲ
1459 2173 1764 2246 προσηυχό-

194 2285 322 2339 μηψ
360 2268 456 2321 καὶ
498 2265 687 2321 ἔθεντο
729 2266 849 2320 κατ’
889 2263 1024 2336 ἐμοῦ
1068 2263 1214 2318 κακὰ
1246 2263 1367 2317 ἀντὶ
1396 2261 1639 2331 ἀγαθῶν,
1674 2264 1766 2316 καὶ

192 2363 342 2431 μῖσος
368 2361 491 2414 ἀντὶ
527 2359 626 2430 τῆς
652 2354 981 2429 ἀγαπήσεώς
1028 2372 1157 2427 μου·
1201 2374 1221 2408 ι
1268 2355 1560 2429 τριάκοντα
1598 2355 1767 2427 ἀργυ-

192 2451 335 2524 ρίους
375 2452 679 2521 στήσαντες
710 2448 983 2520 παρέσχον
1010 2447 1088 2518 τῷ
1136 2447 1392 2522 προδότῃ,
1423 2446 1662 2518 ὡσπερεὶ
1686 2464 1768 2500 το-

190 2544 372 2599 σούτου
416 2544 588 2598 αὑτὸν
619 2546 685 2615 τῇ
725 2542 1061 2616 άσεϐεστάτῃ
1090 2540 1270 2596 αὐτῶν
1311 2541 1487 2612 κρίσει
1524 2526 1767 2611 τιμώμε-

187 2652 283 2689 νοι.
329 2635 469 2688 Ἀλλ’
498 2635 628 2687 ἐπεὶ
658 2635 717 2687 τὸ
749 2633 978 2687 ἑκάστου
1010 2633 1169 2707 ἔργον
1208 2631 1389 2686 ὁποῖόν
1420 2633 1533 2684 ἐστι
1566 2630 1626 2683 τὸ
1655 2629 1765 2701 πῦρ

185 2724 489 2797 δοκιμάσει,
540 2723 731 2778 τούτου
768 2724 925 2796 χάριν
972 2723 1219 2777 καθεῖναι
1272 2722 1488 2785 αὐτοὺς,
1528 2739 1546 2771 ι
1586 2721 1663 2783 εἰς
1707 2719 1767 2772 τὸ

186 2818 575 2889 χωνευτήριον,
615 2836 633 2867 ι
670 2814 813 2868 τοῦτ’
843 2813 987 2868 ἐστιν
1010 2817 1089 2879 είς
1117 2813 1177 2867 τὸ
1202 2813 1301 2884 τῆς
1330 2812 1558 2884 κρίσεως
1587 2810 1681 2864 καὶ
1706 2809 1767 2862 τὸ

184 2911 279 2982 τῆς
306 2909 594 2974 κολάσεως
640 2909 772 2982 πῦρ,
808 2911 836 2962 6
885 2907 1088 2979 Κύριος
1122 2906 1452 2979 προστάσσει
1473 2921 1487 2935 ο
1522 2902 1673 2966 τίνας
1710 2900 1767 2955 δὲ

188 3005 378 3070 αὐτοὺς
410 3005 445 3078 ἢ
485 3005 622 3068 τοὺς
665 3002 1151 3064 ἐπιϐουλεύσαντας
1185 2997 1367 3070 αὐτῷς
1413 2998 1521 3051 Καὶ
1573 2997 1769 3067 σκέψαι

182 3099 257 3165 δέ,
285 3100 476 3171 φησιν,
507 3100 566 3151 εί
606 3095 825 3168 δόκιμόν
851 3096 1018 3160 ἐστιν,
1046 3093 1202 3164 δῆλον
1244 3092 1290 3146 δ’
1323 3091 1405 3144 ὅτι
1430 3090 1490 3144 τὸ
1527 3090 1645 3143 κατ’
1671 3090 1770 3142 αὐ-

183 3191 271 3246 τοῦ
295 3190 541 3265 δρασθέν
580 3190 762 3252 αὐτοῖς
780 3205 793 3218 ·
824 3186 970 3256 λέγει
1011 3184 1069 3238 δέ
1100 3184 1296 3248 αὐτοὺς
1329 3183 1387 3236 ἐν
1416 3180 1495 3252 τῷ
1520 3185 1651 3253 πυρὶ
1681 3181 1766 3234 δο-

183 3246 652 3358 κιμασθήσεσθαι,
682 3246 759 3335 ὃν⁷
791 3246 988 3353 τρόπον
1033 3276 1128 3330 καὶ
1168 3246 1331 3338 αὐτδς
1370 3275 1400 3326 6
1441 3246 1646 3345 Κύριος
1677 3271 1765 3325 διὰ
1792 3246 1832 3304 C

180 3377 278 3448 τῆς
302 3378 384 3440 είς
412 3376 605 3447 σάρκα
634 3371 925 3443 ἐπιδημίας
951 3368 1046 3423 καὶ
1077 3365 1169 3421 τοῦ
1199 3365 1403 3429 πάθους
1434 3362 1763 3435 ἐδοκιμάσθη

1866 1904 1917 1958 la
1950 1918 2052 1974 pro
2082 1903 2260 1969 bonis,
2279 1910 2335 1960 et
2360 1904 2543 1959 odium
2576 1919 2675 1975 pro
2701 1903 2991 1959 dilectione
3018 1917 3137 1957 mea
3167 1903 3234 1959 ⁷⁸.
3265 1921 3285 1954 ι
3313 1900 3438 1955 'I‘ri-

1865 1992 2015 2064 ginta
2044 2008 2300 2049 nummos
2354 2001 2587 2048 statutos
2641 1993 2908 2064 proditori
2953 1992 3250 2055 dederunt,
3304 1992 3437 2046 tanti

1864 2100 1986 2141 eum
2024 2085 2344 2156 impiissima
2403 2085 2760 2141 aestimatione
2812 2085 3093 2141 facientes.
3154 2083 3259 2139 Sed
3309 2099 3437 2138 cum

1863 2178 2127 2249 cujusque
2153 2194 2291 2250 opus
2323 2180 2484 2250 quale
2516 2178 2590 2235 sit
2620 2179 2743 2250 igne
2766 2187 2851 2235 est
2885 2179 3226 2252 probandum
3248 2218 3263 2243 ,
3315 2176 3437 2231 ideo

1864 2272 2131 2342 projicere
2165 2286 2262 2329 eos
2300 2272 2366 2327 ad
2411 2269 2759 2338 st'atuarium,
2786 2272 2838 2327 id
2894 2283 2979 2328 est
3027 2271 3084 2327 in
3135 2271 3329 2343 judicii
3386 2278 3442 2326 et

1865 2364 2116 2434 supplicii
2146 2363 2355 2433 ignem,
2385 2363 2648 2420 Dominus
2681 2365 2855 2435 jubet.
2887 2363 3118 2431 Quinam
3151 2377 3283 2417 vero
3313 2372 3442 2417 sunt

1864 2456 1941 2521 ii,
1972 2439 2078 2513 nisi
2111 2457 2329 2512 sibimet
2370 2457 2472 2528 ipsi
2506 2445 2865 2513 insidiantes?
2892 2456 3214 2527 Apprctiare
3262 2456 3438 2524 jubet,

1863 2546 2072 2602 scilicet
2094 2546 2150 2600 in
2171 2546 2239 2601 iis
2265 2561 2386 2615 qua;
2416 2547 2677 2602 adversus
2700 2562 2760 2601 se
2782 2546 3138 2602 admiserunt.
3179 2544 3320 2600 Dicit
3345 2560 3443 2601 eos

1864 2639 1921 2694 in
1950 2638 2072 2707 igne
2094 2637 2405 2708 probandos
2433 2653 2576 2703 csse,
2606 2637 3061 2709 quemadmodum
3107 2644 3162 2691 et
3188 2637 3305 2706 ipse
3339 2634 3441 2691 Do-

1865 2730 2046 2786 minus
2073 2731 2129 2785 in
2152 2730 2548 2786 incarnationis
2582 2739 2637 2786 et
2666 2731 2938 2801 passionis
2989 2737 3232 2800 tempore
3261 2730 3329 2785 ab
3360 2729 3441 2785 eis

1868 2825 2126 2894 probatus
2160 2833 2265 2881 est.
2298 2824 2511 2881 Etenim
2541 2826 2779 2895 primum
2809 2826 2973 2880 homo
3018 2826 3199 2880 factus
3228 2833 3284 2881 et
3316 2840 3444 2895 pas-

1867 2929 1964 2971 sus
1985 2924 2070 2970 est
2095 2930 2192 2986 pro
2229 2916 2575 2985 perditarum.
2598 2916 2779 2971 ovium
2818 2916 3013 2971 domus
3042 2915 3207 2971 Israel
3246 2917 3441 2972 salute.

1868 3005 1965 3063 His
1992 3005 2188 3062 deinde
2214 3016 2337 3079 post
2368 3008 2669 3063 Salvatoris
2694 3008 2870 3064 nostri
2912 3009 3215 3078 passionem
3260 3014 3444 3077 repro-

1868 3098 2141 3155 bationem
2176 3114 2365 3155 eorum
2398 3098 2649 3154 indicans
2671 3096 2952 3169 Scriptura
2980 3099 3130 3163 dicit,
3188 3117 3206 3150 ι
3236 3106 3290 3153 et
3310 3112 3448 3167 pras-

1870 3191 1980 3246 cidi
2006 3191 2214 3262 virgam
2265 3205 2439 3247 meam
2475 3191 2790 3248 secundam.
2822 3211 2844 3243 ι
2876 3189 3008 3258 Quae
3042 3192 3114 3246 sit
3148 3191 3259 3245 haec
3291 3190 3453 3261 virga

1865 3280 2070 3337 docens
2101 3279 2289 3350 adjicit
2345 3299 2363 3331 ι
2402 3280 2727 3346 funiculum,
2763 3300 2783 3334 ι
2821 3283 2891 3338 de
2915 3300 3025 3354 quo
3056 3283 3319 3347 dicitur,¢
3359 3281 3450 3336 fu-

1862 3373 2106 3428 niculum
2137 3371 2468 3428 hereditatis
2494 3374 2614 3443 ejus
2644 3373 2829 3429 Israel.
2852 3374 2929 3427 "n
2973 3373 3315 3430 Manifestius
3340 3374 3443 3444 igi—

181 3470 318 3541 ὐπὲρ
367 3468 591 3523 αὐτῶν·
638 3466 733 3520 καί⁵
773 3464 882 3536 γὰρ
920 3462 985 3534 δὴ
1028 3457 1452 3532 προηγουμένως
1491 3454 1763 3528 ένηνθρώ-

1868 3471 1955 3520 tur
1977 3464 2109 3520 illud
2134 3464 2394 3531 ostendit,
2418 3465 2739 3536 subjiciens,
2773 3484 2792 3518 ι
2825 3474 2885 3521 ut
2906 3467 3260 3523 dissolverem
3292 3468 3447 3537 prius

181 3579 341 3634 πησε,
376 3563 474 3616 καὶ
506 3557 781 3614 πέπονθεν
807 3556 947 3629 ὑπὲρ
976 3552 1249 3626 σωτηρίας
1278 3551 1386 3605 τῶν
1411 3548 1765 3604 ἀπολωλότων

1868 3563 2248 3611 testamentum
2277 3554 2395 3622 Dei,
2425 3556 2566 3611 inter
2584 3554 2614 3611 ,Ι
2622 3556 2780 3610 udam
2807 3565 2862 3613 et
2896 3558 3082 3613 Israel.
3114 3579 3132 3611 ι
3171 3557 3237 3611 Ει
3261 3565 3447 3627 aperte

182 3657 474 3727 προϐάτων
492 3656 649 3709 οἴκου
664 3652 905 3723 Ἰσραήλ.
931 3647 1154 3710 Τούτοις
1169 3645 1298 3717 ἑξῆς
1319 3644 1413 3698 καὶ
1428 3643 1525 3716 τὴν
1547 3641 1685 3714 μετά
1702 3640 1762 3695 τὸ

1868 3654 2013 3716 patet
2063 3646 2183 3717 ipso
2247 3646 2546 3703 Salvatoris
2609 3647 2784 3703 nostri
2859 3656 3104 3718 tempore
3170 3649 3447 3704 corruisse

182 3749 351 3814 πάθος
380 3749 479 3803 τοῦ
498 3747 757 3820 Σωτῆρος
784 3744 941 3817 ἡμῶν
967 3739 1239 3811 ἀποϐολὴν
1266 3736 1446 3793 αὐτῶν
1484 3734 1766 3808 σημαίνων

1868 3751 2057 3793 omnes
2080 3737 2268 3808 legalis
2299 3738 2480 3794 cultus
2509 3739 2907 3806 observantias,
2934 3755 3002 3796 ex
3044 3755 3153 3811 quo
3182 3754 3328 3794 nunc
3354 3756 3449 3797 usr-

176 3842 392 3911 όΛόγος
422 3841 588 3913 φησὶ,
622 3857 641 3889 ι
670 3837 765 3892 καὶ
785 3834 1062 3909 ἀπέῤῥιψα
1080 3832 1177 3904 τὴν
1209 3830 1400 3903 ῥάϐδον
1440 3827 1539 3901 τὴν
1579 3825 1764 3881 δευτέ-

1871 3844 1979 3899 quc
2011 3830 2230 3899 penitus
2267 3829 2455 3886 deletae
2478 3841 2626 3887 sunt.

184 3949 336 4006 ραν.»
369 3935 472 3999 Τίς
507 3932 569 3987 δέ
602 3933 750 3985 ἐστιν
778 3927 917 4000 αῦτη
966 3926 1232 3981 διδάσκων
1302 3923 1550 3994 ἐπιφέρει
1587 3920 1648 3974 τὸ
1691 3939 1708 3971 ι
1747 3920 2052 3995 σχοίνισμα,
2090 3943 2110 3977 ι
2148 3923 2276 3996 περὶ
2316 3918 2375 3979 οὗ
2437 3924 2669 3996 εἴρηται,
2712 3945 2728 3977 ι
2776 3924 3056 3997 σχοίνισμα
3092 3923 3448 3997 κληρονομίας

178 4029 345 4082 αὐτοῦ
392 4027 638 4101 Ἰσραήλ.
678 4046 698 4078 ι
735 4023 1073 4094 Σαφέστερον
1114 4017 1245 4089 γοῦν
1290 4016 1447 4072 τοῦτο
1497 4016 1825 4088 παρίστησιν
1863 4016 2148 4088 ἐπιλέγων,
2177 4037 2197 4069 ι
2245 4018 2339 4073 τοῦ
2373 4018 2716 4073 διασκεδάσαι
2743 4020 2842 4093 τὴν
2891 4020 3156 4092 προτέραν
3186 4019 3448 4093 διαθήκην

176 4120 270 4175 τοῦ
303 4122 471 4187 Θεοῦ,
512 4121 613 4193 τὴν
646 4119 917 4189 ἀναμέσον
957 4113 1126 4169 ’ἰούδα
1161 4112 1255 4167 καὶ
1290 4111 1560 4182 ἀναμέσον
1598 4111 1841 4182 ’ῐσραήλο
1892 4132 1910 4164 ι
1963 4113 2056 4167 καὶ
2093 4112 2279 4183 σαφῶς
2310 4113 2582 4167 δείκνυται
2610 4114 2718 4168 ἀπὸ
2749 4113 2859 4168 τῶν
2878 4132 2973 4168 του
3014 4115 3262 4187 Σωτῆρος
3293 4113 3450 4186 ἡμῶν

175 4213 387 4282 χρόνων
440 4210 828 4284 περιῃρημένα
879 4208 976 4278 τῆς
1013 4205 1266 4277 λατρείας
1321 4203 1535 4274 ἁπάσης
1596 4202 1682 4274 τῆς
1715 4202 1855 4257 κατὰ
1904 4205 1995 4259 τὸν
2033 4206 2194 4278 νόμον
2239 4205 2298 4274 ἐξ
2334 4205 2541 4260 ἐκείνου
2580 4208 2673 4261 καὶ
2708 4207 2788 4271 είς
2825 4206 2985 4279 δεῦρο
3016 4206 3448 4279 καθαιρεθείσης.

704 4320 1097 4379 ΚΕΦΑΛΑΙΟΝ
1152 4321 1274 4374 KZ’.

658 4419 766 4473 Τοῦ
803 4415 988 4471 αὑτοῦ
1028 4413 1310 4483 Ζαχαρία.

2422 4319 2651 4377 CAPUT
2688 4318 2904 4375 XXVII.

2366 4412 2453 4469 Ea:
2477 4412 2657 4468 eodem
2695 4411 2978 4467 Zaclaaria.

248 4535 269 4570 α
328 4510 641 4585 Ῥομφαία,
683 4508 997 4581 ἐξεγέρθητι
1022 4481 1231 4560 ἐπὶ.
1262 4503 1496 4576 ποιμένα
1526 4520 1648 4572 μου,
1678 4502 1767 4575 καὶ

1952 4525 1972 4559 ι
2004 4506 2253 4574 Framea,
2278 4506 2569 4570 suscitare,
2613 4520 2778 4574 super
2809 4511 3082 4574 pastorem
3134 4517 3310 4558 meum
3331 4542 3345 4568 ,
3395 4513 3452 4560 et

174 4610 269 4662 ἐπὶ
303 4608 491 4680 ἀνδρα
539 4603 761 4675 πολίτην
791 4600 978 4665 αὐτοῦ,
1026 4599 1173 4667 λέγει
1218 4597 1418 4669 Κύριος
1467 4596 1773 4667 παντοκρά-

166 4717 307 4773 τωρ,
343 4695 603 4761 πάταξον
648 4694 737 4748 τὸν
766 4690 1021 4763 ποιμένα,
1057 4688 1152 4744 καὶ
1187 4687 1770 4759 διασκορπισθήτωσαν

166 4794 239 4848 τὰ
271 4793 576 4865 πρόϐατα·
609 4789 704 4843 καὶ
730 4785 1040 4857 ἐπιστρέψω
1065 4783 1165 4854 τὴν
1195 4782 1352 4854 χεῖρά
1386 4799 1487 4852 μου
1520 4781 1613 4833 ἐπὶ
1644 4782 1772 4844 τοὺς

165 4889 476 4961 ποιμένας.
518 4905 540 4936 ι
585 4883 842 4952 Ἐπείπερ
869 4880 897 4932 6
924 4875 1311 4946 εὐαγγελιστὴς
1340 4874 1421 4937 τὸ,
1466 4892 1485 4924 1
1526 4873 1769 4939 ῐιάταξον

161 4983 258 5035 τὸν
287 4977 571 5050 ποιμένα,
606 4974 700 5028 καὶ
725 4968 1270 5040 διασκορπισθήσεται
1299 4966 1368 5021 τὰ
1390 4964 1637 5037 πρόϐατα
1669 4964 1768 5033 τῆς

164 5071 440 5144 ποίμνης,
486 5086 507 5119 ι
545 5064 793 5119 ἐντεῦθεν
833 5060 1010 5118 λαϐὼν
1067 5059 1209 5114 κατά
1248 5057 1340 5111 τὸν
1383 5057 1455 5128 (‘2)
1503 5055 1769 5127 σωτηρίου

162 5166 384 5228 πάθους
430 5159 635 5230 καιρὸν
681 5158 853 5227 πέρας
885 5152 1162 5226 εἰληφέναι
1191 5148 1447 5215 ἐδίδαξεν,
1484 5150 1571 5202 ὅτε
1604 5164 1766 5202 κατα-

160 5255 473 5328 λείψαντες
517 5250 682 5303 αὑτὸν
725 5251 772 5303 οἱ
819 5245 1055 5318 μαθηταὶ
1084 5241 1574 5313 διεσκορπίσθησαν
1597 5257 1609 5270 ·
1646 5239 1771 5294 τού-

157 5367 256 5404 του
286 5348 360 5419 δὴ
393 5345 575 5416 χάριν
604 5342 696 5395 καὶ
742 5342 898 5411 ἡμεῖς
931 5332 1391 5409 ἐσημειωσάμεθα
1420 5332 1482 5386 τὸ
1529 5332 1711 5404 ῥητὸν,
1745 5331 1774 5384 δ

156 5444 257 5499 καὶ
289 5440 520 5510 πολλῆς
556 5436 803 5507 δεόμενον
828 5432 1123 5498 ἐξετάσεως
1154 5430 1234 5491 είς
1259 5425 1560 5498 ἐπιτήδειον
1583 5423 1775 5495 ἀναθη-

122 5542 138 5558 ⁸
158 5536 387 5609 σόμεθα
419 5529 651 5600 καιρόν.

1879 4615 2045 4670 super
2068 4599 2246 4655 virum
2276 4599 2635 4655 cohaerentem
2662 4595 2819 4661 mihi,
2844 4595 2977 4652 dicit
3027 4593 3288 4651 Dominus
3332 4610 3450 4650 om-

1878 4692 2162 4762 nipotens;
2191 4701 2413 4763 percute
2436 4696 2802 4762 pastorem,et
2822 4687 3200 4758 dispergentur
3220 4700 3369 4750 oves,
3394 4694 3448 4742 et

1877 4794 2188 4842 convertam
2208 4800 2430 4841 manum
2460 4799 2633 4841 meam
2666 4782 2734 4838 ad
2765 4790 3010 4853 pastores
3038 4783 3107 4835 ⁸ο.
3153 4800 3173 4833 ι
3209 4779 3451 4852 Evange-

1874 4877 1999 4934 Iista
2027 4892 2262 4949 quoque,
2296 4896 2315 4929 ι
2350 4877 2655 4935 Percutiam
2685 4883 3049 4947 pastorem,et
3074 4874 3452 4944 dispergent’ur

1876 4984 2006 5026 oves
2042 4969 2222 5041 gregis
2264 4970 2332 5035 εί,
2364 4988 2384 5022 ι
2419 4969 2629 5030 dicens.
2661 4968 2775 5023 haec
2830 4969 2885 5022 in
2941 4964 3241 5021 Salvatoris
3270 4963 3442 5019 nostri

1876 5064 2150 5136 passionis
2182 5073 2422 5134 tempore
2453 5062 2673 5133 impleta
2713 5062 2882 5117 fuisse
2902 5059 3278 5121 demonstrat,
3318 5070 3442 5109 eum

1877 5156 2150 5227 discipuli,
2183 5170 2248 5211 eo
2293 5155 2503 5222 relicto,
2534 5155 2804 5227 fugerunt.
2849 5153 3058 5209 Idcirco
3093 5167 3194 5208 nos
3229 5164 3444 5220 quoque

1879 5249 2027 5304 hunc
2049 5248 2360 5304 notavimus
2390 5249 2598 5313 locum,
2641 5255 2712 5325 et
2745 5245 2950 5301 fusiore
2977 5242 3355 5314 explanatione
3378 5239 3447 5299 il-

1879 5342 2221 5398 lustrandum
2250 5351 2557 5414 Opportuno
2584 5349 2828 5413 tempore
2860 5337 3234 5394 tractabimus.

233 5650 285 5684 τ’
323 5649 490 5708 Psal.
532 5660 686 5710 cvm,
715 5645 769 5705 4,
802 5644 852 5697 5.
928 5640 974 5674 ⁷⁸
1024 5640 1176 5696 Deut.
1220 5653 1390 5705 xxx",
1427 5636 1478 5690 9.
1555 5634 1600 5668 ⁸⁰
1629 5631 1793 5688 Zach.
1826 5647 1945 5700 xm,
1978 5633 2031 5690 7.
2105 5633 2146 5665 "
2183 5632 2371 5688 Matth.
2403 5647 2550 5698 xxw,
2585 5630 2677 5688 5i.

234 5766 323 5838 (9.)
362 5758 739 5816 Desideratur
763 5756 875 5812 τοῦ.
917 5756 1068 5810 Eon.
