3926 6260
1045 373 1272 427 CAPU'I‘
1313 371 1547 428 XXVIII.

1128 463 1212 518 Ex
1266 465 1465 519 eodem.

591 599 611 632 ο
657 579 720 634 Et
751 577 1054 650 egredietur
1096 578 1358 633 Dominus
1403 585 1456 633 et
1521 577 1852 648 praeliabitur
1895 588 2084 632 contra

518 681 704 745 gentes
737 671 857 727 illas
886 711 899 734 .
951 678 1092 725 sucut
1141 672 1416 741 praeliatus
1445 680 1531 726 est
1589 672 1645 726 in
1701 671 1788 726 die
1831 672 2086 726 certami-

519 765 622 818 nis.
657 806 668 817 .
734 803 750 819 .
790 802 804 816 .
837 803 850 817 .
895 761 955 815 Et
989 761 1166 816 Veniet
1197 761 1457 815 Dominus
1496 761 1634 816 Deus
1665 777 1836 826 meus,
1865 777 2085 816 omnes-

517 871 619 924 que
648 855 819 911 sancti
843 870 962 910 cum
992 871 1056 908 eo
1086 855 1150 907 ”.
1178 874 1196 906 ι
1225 853 1288 906 Ει
1316 855 1427 909 haec
1461 855 1563 908 rati
1588 853 1654 910 de
1676 855 1918 911 secundo
1973 855 2078 911 dici

661 948 864 1002 Christi
894 947 1128 1002 adventu
1163 947 1488 1002 notavimus.

1074 1123 1300 1181 CAPUT
1342 1123 1532 1179 XXIX.

1113 1220 1162 1275 Ε
1193 1221 1484 1277 Malachia.

596 1357 613 1388 ι
649 1334 769 1391 Νοιι
796 1344 880 1391 est
905 1335 1041 1391 mihi
1072 1338 1322 1392 voluntas
1357 1329 1422 1391 in'
1438 1337 1614 1403 vobis,
1637 1337 1772 1393 dicit
1813 1338 2076 1394 Dominus

517 1431 905 1501 omnipotens:
935 1440 989 1485 et
1047 1447 1245 1486 munus
1290 1446 1401 1486 non
1457 1433 1752 1501 suscipiam
1803 1433 1870 1489 de
1917 1449 2077 1489 manu

515 1531 716 1581 vestra.
747 1524 828 1580 Ab
857 1531 979 1580 ortu
1004 1526 1148 1579 enim
1182 1527 1315 1581 solis
1346 1542 1520 1597 usque
1548 1529 1613 1582 ad
1646 1543 1923 1592 occasum,
1961 1544 2078 1582 ma-

513 1632 679 1686 gnum
741 1624 823 1671 est
881 1631 1078 1670 nomen
1127 1631 1305 1670 meum
1348 1617 1403 1670 in
1435 1617 1686 1687 gentibus
1723 1623 1818 1671 :et
1851 1618 1904 1670 in
1933 1616 2078 1671 omni

1197 256 1467 313 EUSEBII
1509 255 1986 312 CxESARIENSlS
2019 257 2168 308 ore.
2213 257 2390 314 mas
2429 261 2515 316 Ill.
2555 297 2613 303 _
2659 265 3068 323 EXEGETICA.

3602 275 3720 330 H56

2677 385 3065 438 KE¢AAAION
3104 387 3216 438 KII'

2796 474 2904 527 Τοῦ
2933 475 3134 528 αὐτοῦ.

2261 601 2278 633 ι
2326 582 2385 653 (Γ.
2413 583 2501 653 54)
2540 585 2648 638 Καὶ
2679 585 3012 652 ἐξελεύσεται
3042 588 3263 659 Κύριος,
3305 589 3396 641 καὶ
3437 588 3721 656 παρατάξι·

2184 693 2270 730 ται
2304 677 2360 728 ὲν
2389 680 2498 739 τοῖς
2534 676 2735 730 ἔθνεσιν
2761 679 3005 742 ἐκείνοις,
3037 678 3216 743 καθὼς
3243 680 3424 750 ήμέρα
3462 679 3688 750 πολέμου
3709 698 3720 709 ’

2184 767 2276 819 καὶ
2326 767 2590 838 παρέσται
2637 769 2837 842 Κύριος
2869 772 2896 822 6
2941 769 3071 832 Θεός
3125 787 3246 840 μου,
3295 771 3388 822 καὶ
3445 771 3640 834 πάντες
3684 776 3722 824 οἱ

2183 858 2324 926 ἅγιοι
2374 862 2492 928 μετ’
2544 859 2726 915 αὑτοῦ.
2776 879 2793 912 ι
2843 862 2952 914 Καὶ
2999 862 3168 915 ταῦτα
3212 861 3566 926 ὑπονοοῦντες
3613 866 3722 936 περὶ

2181 950 2277 1020 τῆς
2314 949 2570 1021 δευτέρας
2601 952 2850 1013 λέγεσθαι
2884 953 2973 1006 τοῦ
3005 954 3240 1025 Χριστοῦ
3284 955 3585 1026 παρουσίας
3617 957 3723 1028 ὲση-

2185 1059 2250 1112 με
2261 1041 2554 1113 ιωσάμεθα.

2682 1136 3071 1190 ΚΕΦΑΛΑῘΟΝ
3109 1136 3234 1189 KG’.

2745 1229 2854 1282 Τοῦ
2887 1229 3162 1298 ἀγγέλου.

2259 1357 2276 1388 ι
2325 1338 2436 1392 Οὐκ
2488 1337 2600 1392 ἔστι
2650 1357 2748 1410 μου
2797 1339 3007 1410 θέλημα
3053 1343 3108 1394 ἐν
3154 1343 3302 1412 ὑμῖν,
3345 1343 3494 1411 λέγει
3540 1342 3730 1412 Κύριος

2181 1431 2589 1502 παντοκράτωρ,
2639 1433 2731 1485 καὶ
2781 1431 2966 1495 θυσίαν
3009 1434 3069 1486 οὑ
3124 1433 3484 1504 προσδέξομαι
3524 1435 3587 1487 ἐκ
3630 1433 3728 1486 τῶν

2180 1523 2377 1593 χειρῶν
2423 1524 2594 1595 ὑμῶν.
2647 1527 2788 1577 Διότι
2841 1525 2946 1578 ἀπὸ
2988 1525 3256 1579 ἀνατολῶν
3303 1526 3452 1597 ἡλίου
3504 1527 3596 1579 καὶ
3636 1527 3729 1588 ἕως

2178 1614 2396 1685 δυσμῶν
2433 1617 2492 1669 τὸ
2523 1617 2690 1689 ὄνομά
2723 1636 2822 1689 μου
2847 1618 3152 1686 δεδόξασται
3181 1621 3238 1672 ὲν
3280 1621 3391 1684 τοῖς
3422 1620 3617 1687 ἔθνεσι,
3645 1625 3731 1676 καὶ

513 1710 634 1764 loco
685 1708 1039 1773 sacriﬁcatur,
1087 1715 1141 1763 et
1195 1709 1419 1763 oﬁ'ertur
1451 1709 1656 1763 nomini
1714 1725 1835 1765 meo
1876 1709 2071 1764 oblatio

2180 1709 2236 1761 ὲν
2284 1710 2447 1763 παντί⁵
2493 1713 2640 1782 τόπῳ
2688 1712 2935 1783 θυμίαμα
2980 1714 3342 1785 προσφέρεται
3392 1713 3471 1783 τῷ
3522 1714 3733 1784 ὀνόματί

514 1802 714 1856 munda
737 1821 748 1855 :
771 1802 896 1871 quia
922 1817 1176 1872 magnum
1195 1809 1277 1857 est
1300 1816 1492 1856 nomen
1515 1817 1692 1855 meum
1716 1801 1770 1856 in
1801 1801 2072 1872 gentibus,

521 1892 929 1956 dicithminus
949 1894 1290 1964 omnipotens
1311 1913 1321 1947 :
1348 1901 1401 1948 et
1417 1909 1512 1948 vos
1529 1895 1800 1964 polluistis
1821 1894 1949 1948 illud
1965 1895 2028 1946 ⁸³.
2054 1914 2070 1946 ι

514 1987 669 2041 Sicut
697 2003 913 2051 manus,
957 1996 1011 2040 et
1070 1991 1322 2052 dextera,
1353 1995 1405 2042 et
1462 1987 1745 2041 brachium
1798 1995 1852 2043 et
1900 1989 2078 2041 virtus

511 2077 608 2158 Dei
652 2080 894 2134 omnium
956 2078 1191 2134 Verbum
1241 2080 1361 2149 ejus
1414 2080 1470 2133 in
1519 2079 1718 2135 divinis
1765 2081 2078 2134 nominatur

511 2170 834 2241 Scripturis,
861 2171 936 2225 ita
998 2180 1050 2226 et
1080 2188 1202 2226 eum
1254 2171 1505 2242 designat
1559 2187 1755 2226 nomen
1809 2172 1923 2227 Dei.
1961 2171 2075 2227 Hoc

507 2265 674 2334 igitur
703 2265 944 2319 divinum
991 2281 1186 2320 nomen
1222 2268 1378 2335 quasi
1418 2285 1436 2317 ι
1472 2266 1540 2320 ab
1586 2271 1707 2320 ortu
1743 2266 1875 2321 solis
1906 2281 2078 2336 usque

511 2357 577 2411 ad
605 2373 860 2413 occasum
893 2357 1230 2430 gloriﬁcatur
1252 2358 1305 2412 in
1342 2358 1616 2428 gentibus,
1652 2377 1670 2408 ι
1707 2358 1879 2413 cuivis
1904 2359 2079 2412 mani-

507 2447 708 2506 festum
737 2466 832 2520 per
870 2449 1283 2519 praedicationes
1335 2467 1455 2521 quae
1496 2451 1551 2506 in
1610 2449 1812 2505 Christi
1860 2452 2079 2506 nomine

512 2540 714 2610 ubique
747 2539 904 2593 ﬁunt.
939 2539 1150 2608 Quippe
1174 2539 1227 2593 in
1261 2541 1409 2593 onmi
1449 2540 1568 2594 loco
1621 2540 1862 2610 spiritale
1893 2540 2079 2595 incen-

509 2645 631 2686 sum
661 2639 715 2685 et
749 2631 1002 2701 precibus
1027 2647 1222 2702 purum
1278 2632 1734 2702 incruentumque
1785 2647 1849 2686 ac
1905 2634 2076 2687 ratio-

508 2723 632 2776 nale
673 2723 1004 2778 sacrilicium
1045 2739 1140 2793 per
1170 2739 1357 2779 verum
1417 2740 1798 2795 summumque
1855 2725 2076 2794 pontiﬁ-

507 2829 625 2869 cem
662 2813 770 2868 Deo
801 2815 1058 2871 offerunt.
1085 2814 1297 2881 Quibus
1333 2832 1464 2872 vero
1490 2817 1591 2870 hoc
1635 2817 1798 2872 modo
1846 2818 2078 2872 adoran-

510 2907 677 2970 tibus,
709 2909 1010 2977 corporalia
1037 2908 1238 2978 prioris
1275 2909 1461 2980 populi
1495 2910 1760 2964 sacriﬁcia
1791 2925 2076 2966 recessura

2183 1816 2302 1867 μου,
2341 1801 2434 1852 καὶ
2461 1799 2618 1853 θυσία
2645 1801 2859 1872 καθαρά
2877 1819 2889 1830 ·
2924 1801 3056 1854 διότι
3090 1801 3231 1872 μέγα
3261 1802 3321 1854 τὸ
3349 1802 3524 1872 ὄνομά
3561 1819 3654 1872 μου
3681 1803 3732 1852 ὲν

2177 1894 2289 1955 τοῖς
2333 1890 2526 1955 ἔθνεσι,
2571 1892 2716 1961 λέγει
2765 1893 2966 1965 Κύριος
3017 1895 3437 1965 παντοκράτωρ·
3491 1894 3641 1964 ὑμεῖς
3683 1893 3734 1945 δὲ

2181 1985 2467 2057 βεϐηλοῦτε
2514 1987 2663 2039 αὐτό.
2703 2007 2720 2038 ι
2768 1988 2978 2058 ’Ὠσπερ
3020 1988 3142 2059 χεὶρ
3170 1989 3260 2040 καὶ
3299 1985 3445 2051 δεξιὰ
3485 1988 3578 2040 καὶ
3608 1985 3732 2057 βρα-

2179 2080 2310 2148 χίων
2348 2081 2441 2132 xui.
2469 2080 2691 2150 δύναμις
2720 2079 2814 2132 τοῦ
2844 2079 2977 2132 Θεοῦ
3018 2079 3123 2132 τῶν
3151 2078 3283 2131 ὅλων
3313 2080 3340 2130 ὁ
3377 2079 3549 2143 Λόγος
3579 2073 3733 2128 αὑτοῦ

2182 2171 2239 2222 ὲν
2273 2173 2390 2233 ταῖς
2437 2170 2608 2234 θείαις
2649 2170 2960 2240 ὠνόμασται
2998 2170 3265 2240 Τραφαῖς,
3308 2167 3481 2230 οὕτως
3512 2169 3539 2219 ὁ
3583 2166 3735 2227 αὐτὸς

2182 2263 2275 2315 καὶ
2311 2263 2477 2334 ὄνομα
2521 2261 2842 2333 χρηματίζει
2880 2261 2970 2314 τοῦ
3000 2260 3154 2314 Θεοῦ.
3202 2260 3367 2314 Τοῦτο
3394 2255 3487 2313 οῦν
3515 2259 3576 2312 τὴ
3604 2258 3735 2312 θεῖον

2182 2355 2350 2426 ὄνομα
2383 2356 2456 2418 ὡς
2485 2374 2503 2406 ι
2539 2356 2630 2408 ἀπ’
2675 2352 2942 2409 ἀνατολῶν
2981 2354 3131 2424 ἡλίου
3165 2355 3257 2408 καὶ
3281 2353 3501 2423 δυσμῶν
3537 2351 3736 2416 δεδόξα-

2185 2467 2304 2502 σται
2346 2451 2402 2502 ὲν
2431 2452 2540 2512 τοῖς
2567 2447 2794 2513 ἔθνεσιν,
2826 2467 2844 2498 ι
2888 2446 3047 2500 παντί
3089 2463 3164 2516 τῳ
3207 2444 3468 2516 πρόδηλον
3498 2442 3608 2498 ἀπὸ
3640 2441 3734 2495 τῶν

2180 2541 2484 2612 πανταχόσε
2541 2541 2984 2612 χρηματιζόντων
3035 2539 3176 2593 κατά
3217 2539 3314 2609 τὴν
3365 2537 3460 2590 τοῦ
3508 2533 3735 2607 Χριστοῦ

2181 2635 2548 2704 προσηγορίαν
2567 2650 2579 2662 ·
2612 2635 2659 2686 οἳ
2688 2634 2780 2686 καὶ
2802 2633 2860 2686 ὲν
2886 2631 3048 2685 παντὶ
3076 2631 3224 2700 τόπῳ
3251 2628 3625 2699 πνευματικὸν
3655 2626 3737 2678 θυο

2184 2729 2361 2800 μίαμα
2394 2729 2489 2781 καὶ
2531 2729 2628 2800 τὴν
2669 2727 2736 2780 δι’
2771 2725 2944 2796 εὐχῶν
2986 2723 3226 2794 καθαράν
3267 2723 3361 2776 καὶ
3408 2720 3738 2790 ἀναίμακτον

2181 2826 2274 2879 καὶ
2302 2821 2522 2892 λογικὴν
2549 2820 2736 2873 θυσίαν
2763 2818 2850 2871 διά
2873 2815 2967 2870 τοῦ
2993 2816 3111 2870 κατ’
3146 2815 3401 2885 ἀλήθειαν
3443 2812 3736 2884 ἀρχιερέως

2179 2917 2510 2989 προσάγουσι
2536 2912 2613 2982 τῷ
2640 2911 2783 2983 Θεῶν
2813 2909 3016 2963 τούτων
3045 2908 3102 2961 δὲ
3147 2907 3329 2961 τοῦτον
3375 2903 3738 2976 λατρευὸντων

506 3001 639 3054 dicit
661 2999 823 3056 Deus.
861 3000 1207 3056 Manifestum
1256 3002 1422 3071 igitur
1469 3003 1739 3071 quomodo
1767 3010 1888 3071 post
1915 3003 2071 3058 Chri-

2177 3009 2268 3062 τὸν
2299 3009 2516 3080 τρόπον,
2551 3007 2650 3069 τὰς
2686 3001 3002 3074 σωματικὰς
3043 2999 3136 3054 τοῦ
3177 2999 3437 3070 προτέρου
3487 2997 3616 3051 λαοῦ
3657 2996 3734 3049 θυ-

507 3094 576 3147 sti
603 3094 1034 3148 incarnationem
1077 3094 1332 3164 utrinque
1390 3095 1549 3149 ﬁnem
1607 3097 1889 3165 prophetia
1919 3111 2071 3152 acce-

2181 3101 2300 3163 σίας
2330 3095 2846 3167 ἀποστραφήσεσθαί
2882 3111 3042 3165 φησιν
3085 3094 3114 3144 6
3141 3092 3303 3155 Θεός·
3336 3089 3432 3144 καὶ
3468 3090 3533 3159 δὴ
3580 3087 3737 3155 σαφὲς

506 3185 679 3256 perit;
751 3186 950 3239 etenim
1001 3185 1210 3255 prioris
1255 3188 1436 3257 populi
1487 3187 1867 3257 reprobatione
1911 3188 2071 3242 simul

2178 3189 2292 3252 πῶς
2327 3187 2463 3258 μετὰ
2487 3187 2584 3258 τὴν
2615 3185 2707 3238 τοῦ
2729 3182 2962 3255 Χριστοῦ
2992 3180 3287 3253 παρουσίαν
3313 3178 3430 3231 κατ’
3460 3177 3738 3247 ἀμφότερι

505 3276 757 3331 submota
813 3286 942 3332 sunt
975 3277 1045 3332 ab
1067 3279 1146 3332 eis
1173 3280 1469 3333 secundum
1497 3280 1682 3334 Daniel
1724 3280 1992 3335 sacriﬁcia
2022 3290 2071 3335 et

2177 3279 2347 3349 πέρας
2362 3277 2579 3346 εἴληφεν
2610 3279 2643 3346 ἡ
2668 3275 2990 3346 προφητείαν
3021 3274 3159 3326 κατά
3174 3289 3234 3324 τε
3252 3269 3350 3342 τὴν
3371 3269 3446 3340 (5)
3478 3267 3737 3340 προτέρου

506 3368 820 3434 libamenta,
875 3386 974 3425 nec
1025 3387 1134 3425 non
1162 3380 1215 3426 et
1265 3373 1506 3443 gentium
1535 3373 1599 3427 ad
1635 3373 1879 3427 omnium
1903 3371 2071 3427 Deum

507 3463 788 3517 conversio
820 3464 1110 3520 subsecuta
1134 3471 1236 3520 est.

1067 3664 1503 3750 CAPUrjxxx.

1135 3757 1219 3811 Ea:
1243 3753 1444 3813 eodem.

580 3891 600 3924 ι
644 3871 870 3927 Pactum
897 3888 1075 3928 meum
1119 3872 1220 3927 fuit
1257 3889 1380 3927 cum
1412 3889 1477 3930 eo
1522 3876 1646 3929 vitae
1693 3883 1747 3929 et
1786 3876 1936 3946 pacis
1971 3891 1982 3926 :
2019 3883 2071 3931 et

503 3964 626 4021 dedi
675 3967 724 4020 ei
785 3966 1352 4035 timorem,et_timuit
1383 3985 1489 4032 me,
1543 3976 1596 4022 et
1649 3983 1680 4021 a
1722 3967 1862 4023 facie
1895 3949 2071 4022 nomi-

505 4059 594 4112 nis
633 4057 738 4112 mei
761 4059 1007 4127 pavebat.
1047 4059 1156 4114 Lex
1190 4060 1436 4115 veritatis
1477 4059 1582 4113 Iuit
1630 4061 1683 4113 in
1726 4074 1824 4114 ore
1854 4059 1994 4129 ejus,
2018 4069 2070 4115 et

504 4150 768 4220 iniquitas
817 4167 926 4205 non
978 4161 1061 4206 est
1109 4153 1327 4207 inventa
1377 4154 1431 4207 in
1468 4153 1626 4208 labiis
1650 4154 1812 4222 ejus:
1854 4154 1908 4208 in
1933 4169 2068 4225 pace

501 4253 557 4297 et
587 4245 640 4297 in
665 4244 920 4314 zequitate
954 4245 1252 4299 ambulavit
1281 4261 1516 4311 mecum,
1554 4254 1608 4300 et
1638 4247 1838 4303 multos
1875 4248 2069 4302 avertit

502 4331 572 4384 ab
606 4331 910 4402 iniquitate.
963 4332 1131 4389 Labia
1195 4334 1342 4389 enim
1402 4337 1704 4392 sacerdotis
1756 4338 2068 4393 custodient

2174 3368 2302 3422 λαοῦ
2333 3368 2619 3440 ἀποϐολὴν,
2656 3367 2769 3438 ἅμα
2800 3384 2858 3419 τε
2898 3365 3152 3436 ἀρθείσης
3178 3362 3236 3428 ἐξ
3263 3362 3443 3417 αὐτῶν
3482 3362 3630 3417 κατὰ
3657 3361 3738 3414 τὸν

2174 3460 2371 3531 Δανιὴλ
2401 3459 2590 3522 θυσίας
2619 3459 2711 3511 καὶ
2751 3456 3001 3526 σπονδῆς,
3033 3457 3126 3510 καὶ
3151 3454 3291 3509 κατὰ
3313 3453 3412 3525 τὴν
3444 3454 3556 3507 τῶν
3581 3453 3738 3507 ἐθνῶν

2176 3555 2266 3607 ἐπὶ
2289 3553 2376 3605 τὸν
2404 3551 2512 3604 τῶν
2545 3550 2678 3604 ὅλων
2708 3549 2838 3602 Θεὸν
2868 3548 3220 3620 ἐπιστροφήν.

2698 3657 3088 3712 ΚΕΦΑΛΑΙΟΝ
3122 3657 3200 3710 Λ¹.

2789 3753 2897 3806 Τοῦ
2919 3750 3123 3804 αὐτοῦ.

2247 3892 2264 3924 ι
2319 3873 2383 3924 Ἦ
2414 3870 2642 3941 διαθήκη
2676 3863 2742 3939 ῆν
2797 3868 2912 3938 μετ’
2957 3863 3120 3918 αὐτοῦ
3176 3861 3274 3932 τῆς
3320 3860 3468 3931 ζωῆς
3500 3861 3596 3914 καὶ
3651 3858 3744 3921 τῆς

2173 3967 2414 4039 εἰρήνης,
2464 3965 2558 4017 καὶ
2612 3961 2785 4038 ἔδωκα
2816 3957 2962 4028 αὐτῷ
3011 3957 3159 4027 φόϐῳ
3193 3953 3471 4024 φοϐεῖσθαί
3520 3971 3612 4024 με,
3655 3950 3743 4007 καὶ

2173 4061 2280 4114 ἀπὸ
2311 4056 2600 4130 προσώπου
2631 4053 2889 4125 ὀνόματός
2939 4067 3038 4122 μου
3076 4046 3387 4102 στέλλεσθαι
3421 4045 3610 4100 αὐτόν.
3640 4042 3744 4096 Νό-

2175 4169 2272 4221 μος
2297 4149 2550 4221 ἀληθείας
2575 4145 2642 4219 ἦν
2671 4148 2728 4200 ἐν
2755 4145 2833 4215 τῷ
2859 4145 3083 4213 στόματι
3112 4138 3296 4205 αὐτοῦ,
3325 4139 3420 4193 καὶ
3443 4136 3631 4191 ἀδικία
3651 4134 3744 4202 οὐχ

2171 4242 2366 4314 εὑρέθη
2399 4244 2454 4292 ὲν
2478 4238 2709 4310 χείλεσιν
2735 4233 2919 4288 αὑτοῦ·
2945 4235 3002 4286 ὲν
3029 4232 3216 4302 εἰρήνῃ
3247 4227 3596 4282 κατευθύνων
3623 4229 3745 4278 ἐπο-

2173 4333 2340 4405 ρεύθη
2385 4333 2498 4401 μετ’
2537 4326 2696 4400 ἐμοῦ,
2728 4327 2822 4380 καὶ
2862 4323 3086 4386 πολλοὺς
3115 4319 3446 4392 ἐπέστρεψεν
3479 4317 3590 4370 ἀπὸ
3628 4314 3741 4368 ἀδι-

502 4423 810 4487 scientiam,
844 4433 897 4480 et
919 4427 1088 4497 legem
1137 4428 1416 4497 requirent
1466 4443 1528 4484 ex
1592 4444 1686 4485 ore
1728 4430 1850 4500 ejus
1887 4446 1899 4480 :
1937 4432 2062 4500 quia

2177 4427 2312 4488 κίας.
2345 4425 2463 4477 Ὅτι
2502 4420 2652 4492 χείλη
2681 4418 2872 4491 ἱερέως
2896 4415 3186 4486 φυλάξεται
3214 4412 3433 4494 γνῶσιν,
3457 4409 3554 4462 καὶ
3580 4407 3743 4476 νόμον

501 4518 724 4587 angelus
758 4517 970 4574 Domini
997 4521 1385 4591 omnipotentis
1430 4531 1514 4578 est
1533 4522 1600 4575 δ”.
1637 4542 1655 4574 ι
1693 4522 1816 4578 Ηθιο
1847 4539 2064 4594 quoque

501 4623 624 4662 cum
651 4609 980 4668 testimoniis
1011 4613 1078 4668 de
1103 4612 1324 4669 Christo
1351 4629 1590 4685 congrua
1623 4624 1938 4685 reputantes
1972 4633 2062 4672 re-

497 4700 744 4758 tulimus.
779 4702 1004 4758 Pactum
1046 4705 1192 4760 enim
1230 4706 1354 4761 vita:
1381 4713 1435 4761 et
1468 4707 1620 4777 pacis
1661 4721 1785 4760 cum
1816 4722 1881 4762 eo
1905 4715 2057 4774 erat;

497 4793 712 4849 timoris
742 4810 871 4849 vero
902 4795 1128 4867 spiritus
1163 4811 1288 4852 cum
1333 4799 1547 4851 caeteris
1605 4812 1768 4867 super
1814 4813 1939 4852 eum
1974 4813 2061 4852 re-

499 4886 724 4958 quievit,
745 4887 901 4957 juxta
941 4887 1056 4943 haec
1097 4886 1252 4944 Isaiae
1278 4889 1442 4944 verba
1472 4906 1485 4941 :
1521 4907 1538 4938 ι
1577 4888 1644 4943 Ει
1678 4889 1906 4960 replebit
1931 4905 2057 4944 eum

498 4982 724 5052 spiritus
761 4981 972 5038 timoris
1005 4980 1218 5036 Domini
1237 4981 1305 5036 ⁸⁸.
1349 5002 1368 5035 ι
1406 4981 1666 5039 Veritatis
1702 4998 1921 5054 quoque
1951 4983 2060 5049 lex,

495 5091 603 5130 non
636 5083 814 5129 autem
847 5077 1024 5147 typica
1052 5076 1108 5130 in
1148 5090 1245 5132 ore
1271 5075 1390 5147 ejus
1417 5085 1554 5142 erat,
1591 5083 1644 5132 et
1689 5091 1801 5130 non
1842 5077 2061 5131 inventa

495 5178 578 5224 est
604 5167 862 5238 iniquitas
905 5170 961 5223 in
1005 5168 1164 5226 labiis
1229 5169 1370 5240 ejus.
1400 5167 1565 5224 Juxta
1611 5167 1755 5224 enim
1808 5167 2058 5223 eumdem

497 5257 710 5320 Isaiam,
764 5259 1108 5328 iniquitatem
1154 5275 1264 5315 non
1322 5259 1470 5322 fecit,
1516 5273 1618 5314 nec
1677 5259 1931 5315 inventus
1979 5267 2065 5314 est

498 5348 659 5406 dolus
684 5353 736 5406 in
768 5354 922 5408 labiis
969 5357 1107 5422 ejus.
1143 5353 1310 5420 Quasi
1345 5355 1686 5410 cocxsistens
1735 5356 1914 5424 patria
1949 5355 2062 5407 vir~

496 5445 610 5498 tute
641 5464 659 5496 ι
701 5446 755 5499 in
788 5460 919 5515 pace
956 5455 1009 5501 et
1051 5448 1106 5500 in
1140 5450 1393 5518 zequitate
1429 5467 1447 5499 ι
1481 5448 1778 5502 ambulavit
1817 5463 1941 5501 cum
1972 5462 2058 5510 eo,

565 5602 608 5633 ιτ
641 5572 1049 5669 ZacIi.x1v,3,
1101 5606 1152 5660 δ.
1227 5605 1272 5636 κε
1308 5605 1536 5661 lilalach.
1581 5623 1629 5671 ι,
1684 5605 1871 5661 10—12.
1947 5606 1992 5638 ει
2025 5604 2071 5659 Μ

2177 5602 2320 5666 311.11,
2355 5598 2467 5652 5-7.
2544 5596 2588 5628 ⁸⁸
2620 5592 2723 5647 Isa.
2761 5607 2830 5656 xl,
2875 5589 2926 5643 5.

565 5701 640 5767 (3)
681 5697 1028 5755 Desideratur
1065 5701 1176 5756 τοῦ.
1208 5701 1363 5760 Εβιτ.

2171 4517 2556 4587 ὲκζητήσουσιν
2583 4514 2646 4565 ὲκ
2667 4512 2932 4581 στόματος
2961 4507 3145 4567 αὐτοῦ,
3175 4506 3255 4558 ὅτι
3282 4501 3515 4570 ἄγγελος
3537 4500 3738 4570 Κυρίου

2170 4605 2602 4678 παντοκράτορος
2630 4606 2798 4657 ἐστιν.
2832 4623 2850 4655 ι
2881 4601 2991 4655 Καὶ
3021 4597 3169 4652 ταῦθ’
3198 4595 3458 4667 ἁρμόζειν
3495 4592 3740 4660 ὑπολαμ-

2168 4706 2418 4768 ϐάνοντες
2439 4705 2559 4765 ταῖς
2586 4702 2711 4773 περὶ
2741 4695 2976 4770 Χριστοῦ
3010 4689 3330 4765 μαρτυρίαις
3360 4683 3736 4773 ἐκτεθείμεθα’

2166 4800 2199 4868 ἦ
2228 4815 2288 4850 τε
2317 4796 2424 4866 γὰρ
2455 4772 2684 4866 διαθήκη
2719 4793 2817 4861 τῆς
2842 4787 2988 4857 ζωῆς
3021 4785 3115 4838 καὶ
3145 4782 3242 4852 τῆς
3263 4780 3484 4850 εἰρήνης
3520 4772 3586 4868 ῆν
3623 4773 3735 4868 μετ’

2168 4866 2355 4952 αὐτοῦ,
2390 4887 2451 4939 τό
2495 4903 2554 4938 τε
2589 4882 2681 4937 τοῦ
2731 4871 2893 4949 φόϐου
2928 4874 3148 4945 πνεῦμα
3183 4871 3318 4943 μετά
3357 4868 3449 4922 καὶ
3481 4866 3588 4920 τῶν
3635 4866 3739 4916 λοι-

2169 4981 2286 5035 πῶν
2321 4981 2406 5033 ὲπ’
2439 4978 2600 5032 αὐτὸν
2633 4971 2973 5029 ἀνεπαύσατο
3005 4966 3144 5021 κατά
3168 4965 3247 5027 τὸ,
3279 4982 3297 5013 ι
3324 4962 3435 5014 Καὶ
3467 4958 3737 5029 ἐμπλήσει

2168 5073 2328 5128 αὐτὸν
2361 5069 2578 5141 πνεῦμα
2627 5066 2790 5134 φόϐου
2828 5061 2984 5123 Θεοῦ,
3025 5081 3042 5112 ι
3075 5058 3363 5127 λεγόμενον
3404 5055 3460 5105 ὲν
3508 5051 3732 5141 *Ησαῖαο

2165 5167 2325 5220 τοῦτο
2357 5166 2412 5218 δὲ
2441 5139 2534 5216 καὶ
2562 5163 2591 5215 6
2617 5161 2714 5230 τῆς
2745 5155 2997 5228 ἀληθείας
3029 5153 3210 5222 νόμος,
3236 5149 3356 5217 οὐχὶ
3383 5146 3438 5198 δὲ
3459 5147 3487 5198 6
3510 5139 3738 5201 ramus;

2163 5263 2220 5312 ἐν
2249 5259 2326 5328 τῷ
2362 5257 2587 5326 στόματι
2617 5249 2706 5324 ῆν,
2742 5252 2836 5304 καὶ
2859 5249 3036 5302 ἀδικία
3069 5246 3165 5314 οὐχ
3198 5240 3394 5312 εὑρέθη
3421 5241 3478 5291 ὲν
3503 5236 3738 5328 χείλεσιν

2162 5324 2344 5402 αὑτοῦ·
2379 5324 2519 5398 κατὰ
2557 5343 2664 5412 γὰρ
2707 5340 2796 5392 τὸν
2837 5337 3062 5390 Ἡσαΐαν
3093 5331 3365 5403 ἁμαρτίαν
3408 5330 3505 5380 οὐκ
3541 5324 3736 5392 ἐποίη-

2165 5458 2275 5505 σεν,
2301 5438 2420 5491 οὐδὲ
2448 5435 2644 5507 εὑρέθη
2665 5432 2812 5494 δόλος
2842 5433 2897 5482 ἐν
2927 5427 3157 5497 χείλεσιν
3190 5421 3372 5476 αὐτοῦ·
3406 5414 3490 5472 οἷα
3519 5417 3575 5470 δὲ
3617 5429 3738 5468 τυν-
