3926 6260
212 277 336 334 illi?
441 316 445 321 ι

1198 270 1493 329 ΕϐῑιοϐιΕ
1533 272 2008 333 ΡΒΟΡΗΕΉΟᾹΞ.
2045 308 2113 319 --
2154 278 2286 336 LIB.
2327 280 2421 338 Ill.

3298 290 3437 346 H53

211 398 280 451 ὼν
314 397 376 465 τῇ
426 392 666 464 πατρικῇ
713 388 937 463 δυνάμει
976 409 994 442 ι
1034 392 1091 445 ὲν
1132 393 1322 468 εἰρήνῃ
1366 396 1708 451 κατευθύνων
1746 417 1765 451 ι

1876 398 2060 455 multis
2087 415 2277 456 eorum
2301 402 2394 471 qui
2419 404 2572 472 prius
2616 400 2785 457 Deum
2825 401 3149 472 ignorabant
3186 402 3254 458 ad
3303 420 3436 459 con-

214 486 494 561 ὶπορεύετο
532 485 647 556 μετ’
676 483 863 549 αὐτοῦ,
896 484 1124 549 πολλοὺς
1159 485 1268 540 τῶν
1312 487 1477 542 πάλαι
1508 488 1600 543 τὸν
1639 489 1771 544 Θεὸν

218 581 289 652 μὴ
316 577 527 632 εἰδότων
563 577 643 641 είς
676 576 1008 649 ἐπιστροφὴν
1033 577 1200 647 ἄγων·
1226 581 1356 652 παρ’
1381 581 1544 635 αὐτοῦ
1565 581 1643 647 δὲ,
1675 582 1771 636 ac.

216 670 502 744 ἀρχιερέως
524 668 674 733 ὄντος
696 669 789 722 καὶ
808 668 906 740 τὴν
938 671 1064 742 περὶ
1094 671 1309 725 πάντων
1335 670 1395 738 (Γ.
1422 672 1489 728 54
1517 675 1593 747 νο)
1628 673 1770 744 γνῶ-

218 780 295 818 σιν
329 762 791 831 διαφυλάττοντος,
832 762 925 817 τὸν
958 762 1099 817 θεῖον
1144 765 1305 836 νόμον
1349 763 1680 838 ἐξεζήτησαν
1710 785 1770 821 τε

213 857 299 910 καὶ
330 854 737 927 ὲκζητήσουσιν,
760 849 841 920 οἷς
862 855 1044 927 μέλλει
1074 857 1175 926 τῆς
1206 857 1325 911 κατ’
1354 858 1515 913 αὐτὸν
1548 861 1772 933 ἐπιστή-

213 963 343 1021 μης·
372 948 533 1014 αὐτὸς
561 950 669 1020 γάρ
710 952 857 1005 ἐστιν
892 968 913 1001 ι
950 949 1099 1020 ότῆς
1135 950 1374 1022 μεγάλης
1419 950 1611 1023 βουλῆς
1641 954 1772 1023 Ἀγ-

207 1038 375 1109 γελος,
412 1058 431 1091 ι
468 1038 727 1093 διακονῶν
770 1040 863 1093 καὶ
883 1039 1208 1110 διαγγέλλων
1254 1040 1414 1095 παντὶ
1459 1043 1670 1116 γενητῷ
1709 1042 1772 1097 τὸ

208 1128 297 1183 τοῦ
323 1128 534 1199 Πατρὸς
558 1128 820 1202 βούλημα.

708 1245 1101 1300 ΚΕΦΔΛΛῙΟΝ
1130 1243 1257 1301 ΛΔ’.

814 1356 923 1412 Τοῦ
955 1359 1161 1413 αὑτοῦ.

274 1485 294 1519 ι
344 1466 472 1522 Ἰδοὺ
502 1467 875 1535 ἐξαποστέλλω
899 1471 990 1525 τὸν
1014 1471 1242 1542 ἄγγελόν
1273 1490 1394 1545 μου,
1429 1475 1523 1529 καὶ
1554 1474 1768 1529 ἐπιϐλέ-

202 1559 354 1629 ψεται
375 1560 494 1615 ὁδὸν
519 1562 626 1633 πρὸ
651 1561 942 1634 προσώπου
972 1581 1099 1636 μου,
1128 1565 1223 1621 καὶ
1254 1565 1517 1637 ἐξαίφνης
1543 1566 1661 1638 ἥξει
1690 1570 1770 1631 είς

200 1655 285 1710 τὸν
304 1655 439 1710 ναὸν
468 1657 666 1711 ἑαυτοῦ
693 1658 914 1731 Κύριος,
943 1660 1003 1713 ὃν
1041 1662 1198 1733 ὑμεῖς
1233 1663 1463 1734 ζητεῖτε,
1502 1665 1595 1719 καὶ
1621 1667 1650 1719 ὀ
1673 1666 1771 1735 ἆγ-

197 1749 344 1849 γελος
358 1749 475 1849 ’τῆς
504 1750 789 1824 διαθήκης,
817 1752 876 1849 ὃν
914 1755 1069 1825 ὑμεῖς
1103 1753 1283 1809 Θέλετε
1303 1774 1314 1787 ·
1355 1756 1485 1823 ίδοὺ,
1526 1757 1766 1831 ἔρχεται,
1799 1795 1840 1849 Β

197 1839 335 1910 λέγει
358 1841 568 1913 Κύριος
591 1845 1003 1917 παντοκράτωρ.
1027 1847 1139 1900 Καὶ
1167 1847 1250 1911 τίς
1277 1849 1537 1920 ὑπομενεῖ
1557 1850 1767 1922 ἡμέραν

196 1933 392 1987 εἰσόδου
418 1935 624 2002 αὐτοῦ;
658 1936 691 2008 ἢ
724 1937 808 2002 τίς
833 1938 1199 2011 ὑποστήσεται
1232 1941 1291 1995 ἐν
1313 1944 1379 2013 τῇ
1412 1942 1653 2017 ὀπτασίᾳ
1672 1946 1769 1998 αὐ-

192 2024 311 2091 τοῦ;
338 2025 471 2080 διότι
509 2028 670 2093 αὐτὸς
708 2030 1082 2103 εἰσπορεύεται
1120 2033 1197 2098 ὡς
1228 2034 1340 2106 πῦρ
1379 2037 1765 2108 χωνευτηρίου,

194 2118 283 2172 καὶ
303 2119 379 2183 ὡς
400 2119 538 2175 ποιὰ
560 2121 881 2177 πλυνόντων·
904 2124 997 2178 καὶ
1015 2123 1281 2179 καθιεῖται
1306 2127 1660 2197 ἀναχωνεύων
1674 2129 1769 2183 καὶ

192 2209 503 2283 καθαρίζων
526 2213 602 2277 ὼς
628 2214 688 2267 τὸ
714 2214 975 2287 ἀργύριον
1002 2216 1180 2271 καὶτὸ
1206 2217 1446 2290 χρυσίον.
1481 2240 1498 2272 ι
1537 2219 1617 2273 Τὰ
1641 2223 1768 2294 περὶ
1804 2282 1811 2287 γ

189 2300 281 2369 τῆς
297 2301 563 2376 δευτέρας
589 2305 683 2360 τοῦ
714 2306 946 2379 Χριστοῦ
988 2309 1288 2380 παρουσίας
1331 2312 1425 2365 καὶ
1453 2311 1541 2365 διὰ
1564 2312 1768 2366 τούτων

190 2395 613 2465 προφητεύεται,
643 2397 879 2470 ὁπηνίκα
919 2440 932 2452 .
978 2441 992 2455 .
1036 2440 1049 2453 .
1092 2418 1120 2465 ς
1144 2400 1238 2454 τοῦ
1261 2401 1395 2456 Θεοῦ
1433 2404 1526 2457 καδ⁹
1556 2406 1767 2477 Πατρὸς

187 2483 288 2540 τῶν
318 2487 457 2543 ὅλων
505 2490 889 2556 ὲξαποσταλεὶς
925 2493 1088 2558 αὐτὸς
1116 2496 1145 2548 6
1175 2494 1409 2565 Χριστὸς
1438 2496 1533 2550 τοῦ
1578 2496 1711 2551 Θεοῦ
1740 2499 1768 2550 6

188 2575 320 2651 ν(ῦν)
342 2578 641 2652 λεγόμενος
675 2601 694 2633 ι
724 2583 824 2655 τῆς
860 2583 1125 2657 διαθήκης
1157 2585 1385 2654 ἄγγελος
1419 2587 1766 2658 ὲπιόλέψεται

188 2670 299 2726 ὁδὸν
334 2673 443 2744 πρὸ
467 2672 769 2744 προσώπου
790 2675 884 2730 τοῦ
920 2678 1151 2750 Πατρὸς,
1195 2699 1214 2731 ι
1240 2678 1384 2733 τοῦτ’
1411 2679 1526 2733 ἔστι
1567 2697 1767 2752 προευ-

184 2763 423 2833 τρεπίσει
456 2767 563 2821 καὶ
604 2768 1118 2839 προπαρασκευάσει
1169 2768 1269 2834 τὰς
1314 2769 1422 2823 τῶν
1466 2768 1767 2842 ἀνθρώπων

185 2850 356 2924 ψυχὰς
386 2859 453 2930 τῇ
497 2856 593 2911 τοῦ
635 2859 850 2931 Πατρὸς
877 2859 1123 2933 βασιλείᾳ
1142 2876 1155 2890 ·
1184 2861 1272 2914 ὅτε
1304 2861 1370 2915 ὲκ
1398 2859 1630 2931 λογικῶν
1674 2862 1767 2916 καὶ

185 2943 436 3018 ἐμψύχων
472 2947 646 3002 λίθων
664 2949 755 3003 τὸν
776 2949 1141 3021 πνευματικὸν
1160 2950 1306 3011 ναὸν,
1330 2950 1474 3005 τοῦτ’
1504 2950 1619 3004 ἔστι
1671 2952 1767 3025 τὴν

197 3037 544 3114 Ἐκκλησίαν,
596 3041 1052 3106 ὲπισκευάσαντος
1097 3041 1294 3107 αὐτοῦ,
1346 3042 1465 3113 ἥξει
1525 3044 1688 3110 αὐτὸς
1739 3048 1768 3101 ό

1873 492 2177 548 versionem
2214 494 2485 564 impulsis.
2517 494 2675 564 Apud
2727 509 2873 559 eum,
2910 502 2965 549 ut
3014 510 3288 551 summum
3345 512 3433 551 sa-

1873 582 2169 650 cerdotem,
2197 592 2252 639 et
2284 584 2352 640 de
2394 582 2651 640 omnibus
2699 584 2987 639 scientiam
3011 584 3434 651 custodientem,

1872 674 2109 727 divinam
2141 674 2313 746 legem
2376 675 2778 745 requisiverunt
2831 685 2887 732 et
2927 678 3208 746 requirent
3256 677 3433 747 ipsius

1873 765 2116 821 scientia:
2157 768 2408 823 studiosi.
2464 766 2585 837 ipse
2627 777 2712 822 est
2732 768 2879 823 enim
2931 787 2950 820 ι
2985 769 3165 840 magni
3217 770 3435 825 consilii

1870 857 2108 928 Angelus
2135 857 2203 922 ⁸⁸,
2235 878 2254 910 ι
2289 867 2342 915 et
2373 857 2553 915 Patris
2596 860 2929 916 voluntatem
2979 860 3127 917 omni
3173 869 3438 917 creatura

1871 952 2222 1009 annuntians.

2418 1253 2549 1309 CAP
2560 1253 2649 1310 UT
2690 1253 2863 1309 XXXI

2478 1367 2562 1423 Ea:
2598 1371 2798 1425 eodem.

1947 1501 1966 1536 ι
2007 1482 2165 1559 Ειιειιἑ
2192 1498 2294 1555 ego
2326 1485 2488 1540 mitto
2532 1483 2784 1555 angelum
2840 1497 3043 1549 meum,
3075 1491 3129 1537 et
3161 1498 3436 1554 pracpara-

1874 1578 1954 1634 bit
1981 1578 2125 1634 viam
2191 1584 2316 1633 ante
2371 1576 2565 1632 faciem
2594 1592 2792 1633 meam.
2832 1574 2899 1630 Et
2924 1576 3106 1631 statim
3160 1577 3338 1632 veniet
3369 1576 3437 1631 ad

1872 1686 2031 1727 suum
2060 1671 2322 1741 templum
2353 1666 2692 1735 Deminator,
2724 1684 2886 1740 quem
2926 1684 3025 1724 vos
3062 1667 3307 1739 quaeritis
3337 1683 3350 1719 :
3382 1674 3437 1724 et

1871 1764 2095 1835 angelus
2143 1762 2476 1828 testamenti,
2534 1776 2698 1832 quem
2737 1775 2836 1816 vos
2862 1760 3048 1815 vultis.
3082 1758 3221 1815 Ecce
3264 1758 3433 1823 venit,

1868 1853 1999 1908 dicit
2033 1852 2293 1907 Dominus
2317 1851 2683 1922 omnipotens.
2719 1849 2786 1903 Et
2814 1849 2940 1920 quis
2968 1848 3168 1919 poterit
3196 1846 3438 1918 cogitare

1872 1945 2016 2002 diem
2047 1944 2317 1999 adventus
2371 1943 2513 2014 ejus,
2560 1950 2615 1998 et
2662 1941 2788 2012 quis
2828 1941 2994 1996 stabit
3042 1941 3110 1994 ad
3138 1937 3437 1994 videndum

1869 2035 2033 2091 eum?
2055 2034 2174 2105 Ipse
2206 2035 2348 2089 enim
2391 2034 2550 2103 quasi
2581 2034 2723 2105 ignis
2749 2031 3014 2095 conﬂans,
3050 2037 3105 2084 et
3132 2027 3439 2085 emundans

1870 2134 2177 2199 argentum,
2202 2135 2255 2183 et
2281 2127 2558 2198 purgabit,
2598 2134 2655 2181 et
2696 2123 2899 2179 colabit
2923 2137 3020 2178 eos
3050 2121 3211 2193 quasi
3241 2136 3438 2176 aurum

1868 2227 1923 2276 et
1953 2220 2110 2290 quasi
2140 2227 2423 2291 argentum
2474 2219 2541 2272 ⁸⁷.
2576 2238 2604 2271 ιΔ
2633 2216 2760 2272 Haec
2809 2215 2878 2271 de
2937 2214 3181 2271 secundo
3232 2212 3439 2268 Christi

1870 2314 2106 2370 adventu
2146 2313 2514 2385 prophetizat],
2567 2311 2808 2384 quando.
2852 2351 2866 2364 .
2903 2352 2919 2367 .
2982 2309 3077 2366 Dei
3135 2315 3191 2365 et
3254 2306 3438 2362 Patris

1870 2406 2111 2461 omnium
2131 2402 2336 2461 missus
2364 2404 2482 2475 ipse
2503 2402 2776 2467 Christus,
2804 2401 2872 2458 de
2887 2415 2998 2472 quo
3021 2415 3165 2455 nunc
3191 2397 3393 2453 dicitur
3417 2409 3432 2446 :

1876 2516 1894 2547 ι
1933 2496 2244 2552 testamenti
2296 2496 2538 2567 Angelus
2561 2493 2885 2565 praeparabit
2915 2493 3053 2546 viam
3074 2497 3205 2545 ante
3243 2487 3437 2543 faciem

1869 2585 2070 2653 Patris,
2109 2607 2129 2640 ι
2166 2586 2221 2643 id
2279 2594 2364 2643 est
2411 2586 2691 2640 hominum
2755 2583 2967 2638 animas
3021 2580 3201 2636 Patris
3264 2592 3435 2649 regno

1868 2679 2095 2737 idoneas
2149 2689 2310 2751 atque
2361 2687 2587 2750 paratas
2638 2676 2866 2743 eﬂiciet;
2903 2689 3030 2731 cum
3075 2670 3437 2727 rationalibus

1870 2770 2358 2842 spiritualibusque
2424 2770 2700 2841 lapidibus
2773 2770 3057 2840 spirituale
3125 2767 3429 2838 templum,

1871 2862 2080 2918 scilicet
2101 2861 2423 2926 Ecclesiam,
2447 2863 2568 2932 ipso
2588 2870 2950 2932 praeparante,
2980 2861 3163 2917 veniet
3192 2860 3307 2931 ipse
3330 2857 3440 2914 Do-

1878 2955 2063 3012 minus
2114 2954 2365 3026 Deusque
2393 2954 2634 3011 Verbum
2658 2955 2821 3010 simul
2845 2970 2968 3011 cum
2994 2954 3113 3024 ipso
3131 2950 3439 3009 testamenti

1871 3048 2080 3121 Angclo
2137 3049 2194 3104 in
2243 3048 2506 3121 templum
2536 3047 2683 3118 quod
2740 3054 3100 3102 memoratum
3151 3052 3272 3112 est;
3313 3044 3440 3100 dein

185 3128 379 3200 Κύριος
401 3136 510 3188 καὶ
556 3133 687 3198 Θεὸς
718 3135 889 3204 Λόγος
922 3136 1038 3206 ἅμα
1075 3135 1224 3207 αὐτῷ
1262 3135 1339 3207 τῷ
1368 3136 1470 3207 τῆς
1506 3137 1770 3210 διαθήκης

1875 3155 1999 3196 οιιιιι
2023 3139 2325 3197 secundum
2347 3139 2468 3209 ejus
2487 3137 2777 3193 adventum
2795 3136 3188 3208 praenuntiam,
3202 3132 3439 3189 Verbum

197 3218 427 3296 ’Λγγέλῳ
446 3227 540 3290 εἰς
564 3226 655 3280 τὸν
681 3226 1045 3299 δεδηλωμένον
1069 3229 1195 3283 ναόν
1210 3246 1223 3258 ·
1255 3223 1393 3294 εἶτα,
1426 3223 1514 3283 οἷα
1542 3230 1638 3301 τὴν
1652 3230 1770 3283 δευ-

182 3313 338 3385 τέραν
378 3317 556 3372 αὐτοῦ
606 3319 904 3390 παρουσίαν
947 3319 1350 3391 προαγγέλλων,
1396 3323 1426 3375 6
1476 3321 1646 3390 Λόγος
1695 3322 1770 3386 ὼς

185 3406 314 3476 πρὸς
342 3410 469 3474 τοὺς
508 3411 862 3482 ἁμαρτωλούς
897 3428 1079 3482 φησιν,
1110 3429 1128 3462 ι
1177 3412 1305 3467 Ἰδοὺ
1327 3413 1542 3485 ἔρχεται
1565 3414 1771 3487 Κύριος

182 3501 614 3575 παντοκράτωρ·
650 3505 744 3557 καὶ
786 3503 869 3566 τίς
903 3503 1162 3575 ὑπομενεῖ
1189 3502 1402 3575 ἡμέραν
1426 3504 1629 3558 είσόδου
1675 3505 1771 3558 αύ-

181 3592 307 3659 τοῦ;
336 3594 369 3667 ἢ
404 3596 491 3661 τίς
529 3597 888 3669 ὑποστήσεται
926 3599 982 3651 ὲν
1010 3600 1076 3669 τῇ
1111 3597 1346 3669 ὀπτασίᾳ
1379 3599 1579 3664 αὐτοῦς
1624 3620 1644 3652 ι
1677 3602 1771 3656 καὶ

180 3685 245 3738 τὰ
293 3687 453 3760 ἑξῆς·
506 3684 589 3753 οἷς
626 3690 899 3762 ἐπιμελῶς
956 3690 1285 3763 προσεκτέον
1317 3691 1407 3744 ὑπ’
1470 3692 1635 3745 αὐτοῦ
1674 3691 1769 3746 τοῦ

180 3781 627 3853 παντοκράτορος
667 3782 872 3855 Κυρίου
904 3781 979 3846 ὡς
1019 3783 1147 3853 περὶ
1189 3781 1377 3853 ἑτέρου
1426 3781 1765 3854 λεγομένοις·

1871 3232 2030 3302 quasi
2076 3231 2145 3285 ad
2194 3238 2511 3301 peccatores
2545 3227 2718 3283 dicit:
2757 3245 2776 3277 ι
2810 3226 2951 3282 Ecce
2992 3225 3142 3282 venit
3176 3222 3440 3278 Dominus

1872 3324 2217 3393 omnipotens
2249 3339 2261 3373 :
2292 3330 2347 3377 et
2377 3320 2500 3391 quis
2538 3319 2739 3391 poterit
2771 3319 3012 3389 cogitare
3044 3318 3187 3372 diem
3232 3315 3441 3370 adven-

1872 3427 1960 3471 tus
2007 3414 2148 3485 ejus,
2180 3422 2235 3469 et
2290 3414 2414 3484 quis
2467 3414 2636 3470 stabit
2678 3413 2744 3467 ad
2791 3410 3085 3466 videndum
3125 3408 3292 3464 eum?
3321 3425 3339 3458 ι
3373 3403 3442 3459 Ει

1872 3505 2083 3576 reliqua
2108 3520 2231 3576 quae
2262 3504 2550 3578 diligenter
2608 3503 2959 3568 attendenda,
2988 3509 3046 3556 ut
3099 3500 3166 3555 ab
3190 3499 3438 3565 omnipoo

1871 3600 2037 3655 tentis
2068 3597 2187 3666 Dei,
2223 3600 2379 3670 quasi
2408 3598 2667 3662 alterius,
2718 3612 2813 3651 ore
2873 3595 3108 3669 prolata;
3161 3599 3216 3647 et
3267 3592 3336 3644 ab
3369 3588 3439 3643 iis

1871 3691 1962 3762 qui
1995 3707 2060 3747 ex
2092 3690 2515 3747 circumcisione
2551 3698 2679 3747 sunt
2722 3685 3115 3745 sciscitandum
3146 3698 3216 3738 an
3257 3680 3439 3737 Domi—

1871 3801 2005 3841 num
2043 3785 2315 3858 quemvis,
2350 3785 2439 3840 cui
2493 3786 2612 3840 haec
2642 3784 2789 3839 dicta
2839 3778 3191 3842 conveniant,
3217 3782 3273 3830 et
3311 3786 3439 3828 cum

1871 3878 2218 3949 ecAngelum
2271 3877 2569 3933 testimonii
2607 3876 2868 3931 inducere
2927 3869 3160 3942 possint,
3219 3865 3288 3921 de
3329 3878 3440 3935 quo

1872 3969 2221 4039 omnipotens
2268 3968 2409 4025 Deus
2458 3968 2576 4023 haec
2610 3966 2796 4022 dicat:
2831 3983 2850 4014 ‹
2889 3961 3028 4016 Ecce
3065 3957 3239 4023 venit,
3270 3975 3289 4008 ι
3329 3960 3436 4009 etc.

1873 4060 1969 4117 His
1997 4061 2182 4133 igitur,
2215 4068 2276 4115 ut
2305 4060 2464 4116 nobis
2492 4058 2726 4125 videtur,
2757 4052 3032 4112 secundus
3078 4047 3439 4105 annuntiatur

1868 4152 2077 4208 Christi
2127 4152 2416 4208 adventus.
2461 4150 2600 4217 Qui,
2647 4163 2773 4204 cum
2842 4144 3081 4200 Verbum
3128 4140 3224 4196 Dei
3270 4144 3435 4201 esset,

1868 4245 2260 4316 superveniens
2309 4245 2365 4298 in
2437 4243 2706 4315 cujusque
2772 4238 3013 4294 animam
3060 4231 3435 4321 ingredietur,

1869 4354 2141 4410 quemque
2172 4337 2483 4408 dijudicans
2513 4352 2577 4390 ex
2623 4349 2743 4405 ejus
2777 4333 2899 4387 vita:
2927 4326 3208 4400 operibus,
3240 4334 3434 4392 expur-

1871 4446 2010 4502 gans
2064 4440 2119 4487 et
2170 4429 2333 4501 quasi
2399 4443 2592 4483 aurum
2658 4427 2783 4497 igne
2839 4422 3065 4483 colans,
3117 4423 3439 4502 mentesque

178 3868 269 3921 καὶ
311 3871 587 3925 πευστέον
624 3890 683 3925 τε
725 3872 834 3927 τῶν
866 3874 931 3927 ἐκ
979 3873 1300 3946 περιτομῆς,
1339 3872 1395 3925 εί
1435 3891 1558 3927 τινα
1598 3874 1771 3946 ἔχοιεν

176 3958 353 4031 λέγειν
384 3964 481 4018 τὸν
538 3963 770 4018 ἐνταῦθα
804 3964 1134 4036 δηλούμενον
1177 3965 1381 4036 Κύριον
1420 3967 1514 4020 κα)⁵
1549 3967 1638 4020 τὸν
1674 3969 1769 4022 σὺν

177 4054 326 4126 αύτῷ
358 4056 635 4125 ’Ἄγγελον
662 4058 760 4127 τῆς
797 4057 1079 4129 διαθήκης,
1120 4058 1246 4130 περὶ
1266 4052 1328 4112 οὗ
1349 4059 1552 4131 Κύριος
1580 4061 1609 4112 6
1635 4075 1771 4113 παν-

180 4148 468 4220 τοκράτωρ
491 4149 691 4220 φάσκει
724 4150 804 4215 τὸ,
838 4170 857 4202 ι
903 4150 1033 4205 Ἰδοὺ
1059 4149 1297 4223 ἔρχεται,
1325 4170 1343 4201 ι
1370 4149 1465 4204 καὶ
1488 4150 1558 4204 τὰ
1582 4149 1766 4205 λοιπά·

179 4232 245 4287 δι’
269 4233 344 4292 ὧν
379 4242 508 4296 καθ’
545 4244 692 4314 ἡμᾶς
726 4244 759 4314 ἡ
803 4242 1029 4314 δευτέρα
1070 4242 1166 4297 τοῦ
1197 4242 1433 4315 Χριστοῦ
1467 4243 1770 4312 καταγγέλ-

181 4325 332 4381 λεται
374 4333 679 4401 παρουσία·
714 4334 773 4399 ὃς
806 4334 975 4403 Λόγος
1023 4333 1158 4390 Θεοῦ
1204 4335 1482 4406 τυγχάνων
1522 4352 1766 4408 παραγε-

179 4418 405 4491 νόμενος
455 4423 866 4494 είσπορεύσεται
907 4430 988 4491 είς
1017 4427 1116 4500 τὴν
1143 4427 1373 4481 ἑκάστου
1401 4427 1599 4498 ψυχὴν,
1648 4428 1769 4497 κρί-

170 4525 285 4564 νων
314 4510 560 4566 ἒκαστον
601 4512 729 4586 περὶ
761 4512 870 4567 τῶν
911 4518 1057 4588 αὐτῷ
1092 4517 1232 4572 κατὰ
1262 4518 1352 4572 τὸν
1381 4517 1494 4589 βίον
1554 4504 1768 4590 πεπρα-

1875 4500 2120 4577 omnium
2151 4500 2478 4576 emundans.
2515 4516 2689 4572 Omne
2745 4515 2912 4586 igitur
2960 4507 3229 4580 judicium
3275 4500 3434 4555 Pater

175 4603 422 4673 γμένων,
447 4604 731 4660 ὲκπλύνων
758 4623 816 4659 τε
843 4606 937 4660 καὶ
961 4607 1047 4662 διὰ
1074 4609 1239 4681 πυρὸς
1272 4609 1472 4682 χρυσοῦ
1495 4610 1648 4682 δίκην
1664 4627 1769 4681 χω-

1875 4614 2021 4669 dedit
2082 4611 2222 4668 Filio
2280 4627 2380 4667 suo
2411 4611 2564 4681 juxta
2614 4609 2762 4664 hunc
2822 4608 2877 4661 in
2933 4599 3168 4658 Psalmis
3212 4596 3438 4650 locum:

168 4697 373 4765 νεύων,
410 4700 516 4753 καὶ
543 4698 853 4772 καθαρίζων
889 4701 959 4756 τὰ
985 4704 1201 4757 πάντων
1226 4703 1547 4775 ὴγεμονικά.
1580 4704 1770 4757 Πᾶσαν

1878 4723 1897 4756 ι
1929 4703 2099 4766 Deus,
2126 4702 2393 4773 judicium
2420 4711 2572 4757 tuum
2611 4699 2723 4772 regi
2768 4699 2857 4761 da,
2883 4702 2937 4751 et
2961 4690 3233 4765 justitiam
3279 4694 3429 4743 tuam

174 4785 307 4858 γοῦν
365 4792 476 4863 τὴν
515 4793 699 4863 ικρίσιν
725 4795 754 4847 6
781 4794 970 4867 Πατὴρ
999 4796 1229 4851 δέδωκεν
1254 4795 1332 4866 τῷ
1363 4796 1477 4868 Υίῴ
1509 4795 1651 4850 κατὰ
1678 4796 1770 4850 τὸν

1876 4795 1990 4850 ﬁlio
2019 4795 2165 4868 regis
2201 4815 2213 4850 :
2237 4794 2489 4865 judicare
2534 4793 2796 4869 populum
2843 4799 2997 4845 tuum
3030 4785 3084 4839 in
3113 4780 3347 4869 justitia,
3384 4784 3439 4831 et

172 4883 467 4950 φάσκοντα
495 4884 589 4937 καὶ
606 4886 665 4938 ὲν
693 4884 940 4958 Ψαλμοῖς
968 4886 1145 4956 λόγον,
1182 4906 1201 4939 ι
1238 4888 1297 4941 '0
1323 4888 1476 4952 Θεὸς,
1506 4887 1568 4941 τὸ
1594 4886 1770 4960 κρῖμά

1875 4902 2141 4959 pauperes
2197 4894 2323 4943 tuos
2373 4887 2430 4941 in
2479 4868 2781 4955 judicio“
2833 4901 2852 4933 ι
2890 4879 3021 4934 Inde
3067 4874 3178 4930 Rea:
3220 4868 3438 4942 quidem

172 4989 269 5027 σου
297 4974 383 5047 τῷ
414 4974 632 5045 βασιλεῖ
660 4975 767 5044 δὸς,
806 4978 902 5032 κα)⁵
939 4977 1037 5051 τὴν
1062 4977 1407 5052 δικαιοσύνην
1445 4994 1540 5032 σου
1562 4978 1641 5052 τῷ
1664 4978 1765 5050 υἱῷ

1875 4978 2131 5034 divinitas
2169 4986 2224 5034 et
2272 4978 2389 5050 ipse
2437 4976 2581 5032 Deus
2619 4973 2858 5031 Verbum
2892 4970 3197 5043 appellatur
3229 4982 3241 5018 :
3276 4974 3437 5034 quem

170 5063 264 5118 τοῦ
314 5066 624 5137 βασιλέως·
662 5070 867 5142 κρίνειν
906 5071 995 5125 τὸν
1034 5069 1162 5124 λαόν
1211 5086 1303 5125 σου
1346 5071 1405 5123 ὲν
1432 5068 1763 5143 δικαιοσύνῃ,

1875 5081 2054 5126 autem
2089 5071 2331 5141 suscepit
2362 5070 2659 5135 hominem,
2687 5086 2705 5117 ι
2740 5067 2883 5122 illius
2915 5065 3078 5134 regis.

168 5158 266 5210 καὶ
289 5160 431 5223 τοὺς
462 5163 715 5231 πτωχούς
737 5179 831 5217 σου
856 5174 915 5217 εν
943 5165 1123 5236 κρίσει
1145 5182 1157 5195 ·
1196 5184 1215 5217 ι
1243 5163 1372 5220 ἔνθα
1388 5163 1692 5231 ,βασιλεὺς
1707 5165 1813 5236 μὲν
1848 5167 1882 5237 ἢ
1916 5164 2105 5235 θεότης
2142 5164 2238 5220 καὶ
2261 5163 2423 5229 αὐτὸς
2447 5166 2476 5218 ὁ
2505 5163 2638 5227 Θεὸς
2674 5163 2845 5231 Λόγος
2874 5158 3261 5230 ἀνηγόρευται·
3297 5147 3356 5201 ὃν
3381 5143 3436 5199 δὲ

167 5252 476 5326 ἀνείληφεν
513 5253 814 5328 ἄνθρωπον,
849 5276 868 5309 ι
908 5258 1021 5321 υίὸς
1058 5256 1152 5311 τοῦ
1185 5256 1466 5328 βασιλέως.
1509 5276 1527 5309 ι

701 5373 1096 5429 ΚΕΦΔΛΑΙΟΝ
1128 5372 1252 5427 AB'.

2441 5366 2671 5425 CAPUT
2710 5357 2920 5419 XXX“.

2332 5462 2417 5516 Ea:
2443 5459 2623 5516 eodem
2656 5452 2948 5510 Malae/tia.

1953 5577 1970 5610 ι
2017 5556 2082 5613 Et
2105 5557 2312 5613 orietur
2347 5552 2502 5611 vobis
2536 5545 2852 5605 timentibus
2898 5554 3100 5598 nomen
3145 5551 3324 5596 meum
3352 5541 3439 5594 so!

668 5465 779 5521 Τοῦ
808 5465 995 5521 αὑτοῦ
1029 5461 1285 5534 ἀγγέλου

235 5579 267 5610 4
296 5561 418 5613 Καὶ
448 5559 703 5613 ἀνατελεῖ
720 5560 832 5623 τοῖς
852 5558 1018 5628 φοὸου
1026 5558 1205 5629 μένοις
1230 5559 1290 5611 τὸ
1306 5557 1476 5627 ὄνομά
1498 5573 1596 5625 μου
1618 5555 1769 5619 ὖλιος

211 5688 217 5695 ’
272 5712 327 5746 ⁸⁸
360 5712 475 5768 lsa.
516 5726 591 5779 ix,
623 5713 676 5769 6.
756 5714 798 5747 "
838 5713 1068 5768 Malach.
1100 5728 1185 5778 ιιι,
1220 5712 1335 5767 1-3.
1408 5712 1455 5744 "
1486 5708 1631 5771 Psal.
1662 5726 1809 5782 tm,
1850 5710 1903 5765 2.
