3926 6260
506 236 642 292 “59

1200 231 1462 285 EUSEBII
1493 227 1968 285 CESARIENSIS
2005 225 2155 281 OPP.
2190 222 2368 278 PARS
2409 221 2495 278 ιιι.
2537 254 2605 264 -
2634 210 3044 278 EXEGETICA.

3568 227 3682 281 I160

502 351 744 424 justitia‘,
773 357 826 405 et
851 351 1053 404 sanitas
1083 349 1136 400 in
1165 347 1358 416 pennis
1390 363 1509 417 ejus
1531 349 1594 402 θ’.
1639 369 1656 400 ι
1691 348 1779 402 Sol
1828 347 2033 417 justitia

2152 342 2514 414 δικαιοσύνης,
2567 341 2657 393 καὶ
2704 340 2847 402 ίασις
2896 341 2954 392 ἐν
3003 340 3120 400 ταῖς
3163 337 3414 408 πτέρυξιν
3459 339 3630 393 αὐτοῦ.
3665 363 3680 392 ι

507 461 525 494 c
563 444 654 498 lux
691 450 773 497 est
825 457 950 494 vera
1011 453 1130 507 quae
1189 439 1458 492 illuminat
1510 453 1722 492 onmem
1776 439 2046 493 hominem

500 534 802 590 venientem
841 532 896 585 in
939 531 1082 584 hunc
1127 528 1389 583 mundum
1410 531 1489 595 9°;
1531 549 1548 582 ι
1585 531 1676 600 qui
1725 532 1857 586 sol-is
1916 531 2046 586 oriri

499 620 1032 676 diciturtimentibus
1061 635 1258 674 nomen
1290 619 1470 676 Patris
1499 623 1648 691 ejus;
1702 624 1860 692 cujus
1897 637 2050 676 occa-

499 725 618 765 sum
655 711 760 774 his,
796 711 887 780 qui
925 726 1032 764 non
1059 711 1192 764 tales
1224 718 1403 773 erunt,
1431 711 1669 765 minatur
1696 712 1780 766 his
1823 712 2002 766 verbis
2032 729 2043 762 :

502 819 522 853 ο
553 802 847 856 Occumbet
869 803 950 856 sol
975 818 1138 872 super
1165 803 1456 872 prophetas
1496 804 1753 874 populum
1790 809 1967 858 meum
1993 804 2046 857 in

494 910 737 950 errorem
769 893 1089 949 inducentes
1111 896 1178 948 “.
1212 914 1230 946 ι

563 1070 689 1126 Haec
717 1071 933 1141 quidem
962 1087 991 1126 e
1019 1071 1306 1127 duodecim
1352 1072 1630 1144 prophetis
1659 1089 1670 1124 :
1701 1087 1824 1128 cum
1867 1081 2044 1127 autem

493 1162 646 1218 Isaia:
695 1163 1028 1228 testimonia,
1079 1179 1311 1235 quorum
1371 1181 1600 1235 magnus
1621 1175 1707 1221 est
1763 1181 2043 1230 numerus,

497 1255 756 1328 peculiari
777 1256 914 1310 libro
938 1263 1171 1311 tractare
1192 1257 1348 1311 nobis
1373 1259 1711 1327 propositum
1749 1265 1853 1322 est,
1888 1258 2045 1312 nobis

494 1348 854 1404 liceatordine
883 1349 1098 1404 inverso
1128 1356 1445 1403 cacterorum
1470 1365 1788 1421 magnorum
1813 1351 2047 1422 prophe-

496 1452 668 1495 tarum
707 1437 1026 1493 documenta
1066 1439 1346 1510 indagare.

1009 1549 1238 1606 CAPUT
1286 1551 1518 1606 XXXIII.

1101 1659 1148 1715 E
1176 1659 1428 1716 Ieremia.

565 1792 583 1826 ι
615 1773 693 1828 Tu
720 1781 896 1830 autem
923 1813 936 1838 ,
975 1772 1220 1838 Domine,
1255 1773 1637 1829 demonstrasti
1668 1775 1818 1840 mihi,
1858 1782 1912 1830 et
1949 1790 2034 1828 co-
2081 1750 2119 1803 Β

487 1867 646 1938 gnovi
679 1886 692 1920 :
735 1874 866 1920 tunc
905 1865 1190 1922 ostendisti
1221 1864 1352 1918 mihi
1379 1865 1558 1919 studia
1594 1881 1802 1922 eorum.
1837 1865 1902 1919 Et
1945 1883 2044 1937 ego

486 1957 644 2028 quasi
673 1973 844 2028 agnus
874 1963 1213 2021 mansuetus,
1237 1956 1328 2026 qui
1363 1965 1612 2027 portatur
1639 1959 1706 2012 ad
1728 1959 1999 2012 victimam
2026 1977 2038 2013 :

485 2055 540 2104 et
574 2064 682 2102 non
707 2049 936 2117 cognovi
963 2048 1088 2118 quia
1111 2047 1484 2117 cogitaverunt
1515 2063 1678 2119 super
1724 2065 1808 2103 me
1854 2051 2039 2105 consi-

485 2139 557 2193 lia
585 2139 826 2194 dicentes
860 2159 871 2192 :
902 2135 1176 2193 Mittamus
1227 2139 1432 2210 lignum
1478 2139 1533 2192 in
1582 2155 1773 2210 panem
1825 2143 1944 2212 ejus
1989 2152 2041 2196 et

483 2233 774 2288 erodamus
804 2248 924 2287 eum
955 2232 1021 2287 de
1050 2240 1195 2286 terra
1226 2233 1544 2296 viventium,
1584 2242 1638 2288 et
1685 2249 1884 2288 nomen
1923 2234 2042 2304 ejus

483 2339 593 2378 non
629 2335 957 2379 memoretur
984 2324 1300 2394 amplius”.
1347 2343 1364 2376 ›
1405 2322 1666 2379 Dominus
1689 2323 2042 2396 Salvatorque

482 2423 668 2470 noster
717 2413 875 2471 Jcsus
935 2414 1207 2480 Christus,
1252 2416 1406 2485 juxta
1457 2415 1610 2472 Isaia:
1660 2418 2037 2487 pr0phetiam,

488 2526 506 2558 ι
548 2505 701 2560 Sicut
743 2508 860 2562 ovis
913 2506 981 2561 ad
1026 2507 1358 2562 occisionem
1404 2508 1604 2562 ductus
1643 2516 1748 2572 est,
1789 2516 1842 2564 et
1881 2510 2036 2578 quasi

481 2613 652 2669 agnus
695 2613 878 2653 coram
928 2597 1185 2654 tondente
1233 2615 1291 2655 se
1336 2601 1702 2668 obmutuit";
1743 2621 1760 2652 ι
1797 2609 1850 2656 et
1884 2601 2040 2670 juxta

479 2689 624 2742 illam
661 2706 781 2760 qum
820 2690 975 2744 nobis
1008 2691 1062 2744 in
1096 2706 1260 2745 manu
1289 2701 1394 2756 est,
1429 2711 1446 2743 ι
1479 2695 1636 2764 quasi
1683 2709 1856 2765 agnus
1888 2709 2039 2748 man-

477 2788 668 2837 suetus
697 2783 788 2851 qui
815 2790 1064 2852 portatur
1096 2781 1164 2836 ad
1201 2783 1475 2837 victimam
1505 2787 1746 2840 nescius.
1781 2807 1798 2838 ι
1849 2785 2038 2842 Passio

476 2879 532 2926 et
560 2887 690 2926 crux
707 2874 826 2943 ejus
850 2874 1078 2928 indicari
1109 2882 1334 2943 possunt
1356 2875 1440 2930 his
1466 2877 1643 2932 verbis
1670 2897 1681 2930 :
1709 2894 1727 2927 ‹
1761 2875 2038 2932 Mittamus

477 2965 682 3035 lignum
728 2966 782 3020 in
826 2982 1017 3037 panem
1049 2969 1168 3036 ejus
1197 2976 1250 3022 et
1278 2967 1566 3023 erodamus
1614 2985 1738 3023 eum
1779 2969 1846 3024 de
1895 2978 2036 3025 terra

2151 435 2334 497 Ἥλιος
2361 433 2700 504 δικαιοσύνης
2720 432 2778 484 τὸ
2809 452 2826 483 ι
2861 432 2973 500 φῶς
2997 434 3142 484 ἐστιν
3162 431 3223 484 τὸ
3247 430 3491 505 ἀληθινὸν
3517 432 3574 483 τὸ
3597 451 3688 502 φω-

2146 526 2290 591 τίζον
2324 528 2496 582 πάντα
2531 527 2811 597 ἄνθρωπον
2851 526 3142 596 ἐρχόμενον
3183 525 3265 588 εἰς
3305 525 3395 577 τὸν
3426 525 3644 594 κόσμον·
3671 548 3686 578 ι

2146 620 2203 682 ὃς
2248 620 2426 689 μόνοις
2484 617 2790 671 ἀνατέλλειν
2841 617 3052 686 εἴρηται
3091 619 3205 679 τοῖς
3231 614 3603 686 ,φοϐουμένοις
3645 619 3691 669 τὸ

2146 713 2311 783 ὄνομα
2339 712 2429 766 τοῦ
2464 711 2674 782 Πατρός
2715 710 2877 764 αὐτοῦ
2898 727 2910 738 ·
2943 712 3054 772 τοῖς
3093 707 3283 779 γάρτοι
3347 707 3421 777 μὴ
3455 707 3689 770 τοιούτοις

2146 800 2396 854 δύσεσθαι
2437 800 2669 863 ἀπειλεῖ,
2709 798 2850 852 κατὰ
2881 798 2961 851 τὸ·
2991 797 3051 868 (f.
3085 799 3174 864 55)
3209 817 3226 846 ι
3262 797 3371 849 Καὶ
3423 796 3632 849 δύσεται
3667 801 3689 849 ό

2145 893 2296 962 ἥλιος
2330 893 2423 945 ἐπὶ
2463 895 2588 955 τοὺς
2622 893 2900 963 προφήτας
2942 892 3066 951 τοὺς
3115 887 3428 950 πλανῶντας
3456 887 3546 939 τὸν
3585 886 3687 940 λαόν

2150 1001 2272 1053 μου,
2315 1003 2332 1034 ι
2358 983 2414 1036 ἐν
2445 1001 2548 1036 τινι
2571 983 2678 1035 τῶν
2709 981 2996 1053 προφητῶν
3034 979 3340 1052 εἰρημένον.

2215 1073 2399 1127 Ταῦτα
2444 1074 2539 1144 μὲν
2573 1074 2639 1127 τά
2685 1073 2788 1125 ἀπὸ
2833 1071 2941 1124 τῶν
2979 1070 3186 1124 δώδεκα
3232 1067 3552 1138 προφητῶν·
3596 1067 3689 1120 ἀλλ’

2147 1164 2267 1216 ἐπεὶ
2304 1164 2370 1218 τά
2418 1166 2481 1217 ἐκ
2510 1164 2601 1217 τοῦ
2643 1164 2862 1218 Ἡσαΐου
2891 1164 2976 1217 διά
3011 1163 3072 1216 τὸ
3101 1161 3299 1231 πλῆθος
3346 1161 3404 1211 ἐν
3443 1158 3554 1227 ίδίῳ
3583 1174 3691 1224 συγ·-

2147 1256 2429 1326 γράμματι
2482 1254 2788 1326 περιλαϐεῖν
2834 1257 2962 1326 ἡμῖν
3013 1255 3316 1325 πρόκειται,
3371 1251 3502 1321 φέρε
3552 1268 3691 1319 μετα-

2146 1345 2337 1409 ϐάντες
2369 1346 2434 1400 τά
2467 1347 2574 1399 ἀπὸ
2603 1347 2710 1399 τῶν
2752 1346 2951 1401 λοιπῶν
2985 1345 3234 1416 μεγάλων
3263 1342 3553 1416 προφητῶν
3587 1343 3690 1394 ἐπι·

2148 1438 2489 1510 σκεψώμεθα.

2647 1552 3037 1606 ΚΕΦΑΛᾹΙΟΝ
3062 1553 3180 1604 AI".

2639 1665 2731 1718 Ἐκ
2769 1665 2874 1718 τοῦ
2919 1665 3220 1733 Ἰερεμίου.

2218 1802 2238 1835 ‹
2277 1783 2470 1854 Κύριε,
2505 1776 2768 1848 γνώρισόν
2797 1792 2904 1845 μοι,
2944 1775 3038 1827 καὶ
3065 1773 3376 1844 γνώσομαι·
3420 1774 3541 1826 τότε
3570 1769 3694 1826 εἶδον

2142 1875 2209 1929 τά
2229 1870 2477 1943 ἐπιτηδεύ
2487 1885 2629 1940 ματα
2655 1867 2852 1920 αὐτῶν.
2891 1863 3029 1933 Ἐγὼ
3049 1865 3123 1927 ὡς
3147 1864 3326 1935 ἀρνίον
3355 1864 3560 1916 ἄκακον
3583 1864 3696 1931 ἀγό-

2147 1984 2303 2038 μενον
2325 1963 2418 2017 τοῦ
2441 1960 2661 2014 θύεσθαι
2691 1960 2790 2012 οὐκ
2819 1958 2986 2026 ἔγνων
3006 1975 3019 1987 ·
3049 1957 3136 2010 ἐπ’
3168 1958 3268 2027 ἐμὲ
3290 1958 3596 2026 ἐλογίσαντο
3620 1957 3695 2010 λέ-

2141 2037 2348 2126 γοντεςσ
2389 2037 2551 2106 Ᾰεῦτε
2580 2051 2672 2104 καὶ
2704 2049 3025 2120 ἐμϐάλωμεν
3049 2048 3202 2115 ξύλον
3225 2048 3303 2111 εἱς
3331 2047 3495 2118 ἄρτον
3523 2046 3693 2110 αὑτοῦ,

2142 2151 2236 2203 καὶ
2269 2145 2608 2218 ἐκτρίψωμεν
2643 2143 2803 2197 αὐτὸν
2828 2142 2933 2196 ἀπὸ
2955 2143 3056 2212 γῆς
3078 2141 3312 2206 ζώντων,
3339 2144 3435 2194 καὶ
3459 2143 3522 2195 τὺ
3545 2142 3697 2212 ὄνομα

2142 2237 2301 2292 αὐτοῦ
2333 2237 2392 2291 οὐ
2448 2235 2523 2305 μὴ
2569 2231 2776 2303 μνησθῇ
2827 2232 2925 2285 ἔτι.
2987 2252 3005 2283 ›
3044 2233 3100 2284 Ὀ
3132 2231 3319 2303 Σωτὴρ
3364 2231 3458 2283 καὶ
3511 2232 3697 2303 Κύριος

2143 2329 2295 2400 ἡμῶν
2331 2326 2532 2398 Ἰησοῦς
2562 2324 2791 2396 Χριστὸς
2819 2320 3004 2393 (κα)τὰ
3031 2321 3128 2392 τὴν
3155 2323 3212 2373 ἐν
3241 2321 3318 2391 τῷ
3353 2322 3551 2392 Ἡσαΐᾳ
3578 2339 3694 2392 προ-

2142 2422 2384 2493 φητείαν,
2421 2438 2440 2471 ι
2471 2419 2545 2483 ώς
2597 2417 2864 2490 πρόϐατον
2906 2415 2996 2467 ἐπὶ
3047 2415 3256 2485 σφαγὴν
3302 2414 3466 2486 ἤχθη,
3505 2416 3598 2468 καὶ
3634 2415 3696 2477 ὡς

2142 2515 2307 2585 ἀμνὸς
2338 2512 2574 2566 ἐναντίον
2613 2511 2704 2564 τοῦ
2740 2509 3020 2580 κείραντος
3047 2509 3206 2562 αὑτὸν
3244 2507 3477 2578 ἄφωνος,
3524 2529 3542 2560 ι
3573 2507 3698 2562 κατὰ

2139 2608 2195 2661 δέ
2220 2607 2318 2676 τὴν
2368 2605 2501 2676 μετά
2547 2605 2750 2676 χεῖρας,
2793 2620 2810 2652 ι
2849 2603 2923 2666 ὡς
2969 2601 3152 2674 ἀρνίον
3197 2601 3398 2654 ἄκακον
3446 2601 3696 2670 ἀγόμενον

2139 2700 2230 2754 τοῦ
2256 2698 2475 2752 θυέσθαι
2511 2699 2610 2750 οὐκ
2642 2696 2810 2764 ἔγνων
2837 2713 2848 2723 ·
2889 2715 2906 2745 ι
2935 2696 3027 2746 καὶ
3067 2695 3124 2747 τὸ
3168 2693 3307 2746 κατά
3336 2693 3426 2746 τὸν
3479 2694 3696 2762 σταυῴν

2136 2790 2192 2843 δὲ
2206 2789 2372 2853 πάθος
2398 2789 2560 2842 αὐτοῦ
2589 2788 2808 2840 δύναται
2829 2785 3116 2856 δηλοῦσθαι
3147 2785 3234 2837 διά
3257 2785 3372 2838 τοῦ·
3400 2785 3595 2837 (Δεῦτε
3615 2785 3696 2837 καὶ

2137 2879 2459 2950 ἐμϐάλωμεν
2509 2876 2659 2942 ξύλον
2701 2879 2779 2940 είς
2813 2875 2971 2946 ἄρτον
3015 2874 3176 2928 αὑτοῦ
3224 2875 3318 2927 καὶ
3366 2875 3698 2944 ἐκτρίψωμεν

2139 2972 2296 3025 αὐτὸν
2329 2971 2435 3023 ἀπὸ
2464 2970 2565 3039 γῆς
2611 2969 2823 3033 ζώντων
2847 2985 2860 2997 ο
2897 2968 2987 3020 καὶ
3019 2967 3079 3019 τὸ
3125 2967 3292 3037 ὄνομα
3338 2966 3505 3019 αὐτοῦ
3537 2967 3598 3018 οὑ
3634 2967 3698 3036 μὴ

477 3057 814 3123 viventium;
850 3065 904 3113 et
955 3075 1152 3115 nomen
1197 3060 1315 3128 ejus
1371 3073 1481 3114 non
1528 3069 1860 3115 memoretur
1917 3077 2033 3116 am-

2143 3066 2349 3137 μνησθῇ
2395 3064 2492 3118 ἔτι·
2536 3084 2553 3116 i
2591 3065 2732 3136 άπερ
2759 3065 2822 3116 ἐκ
2844 3061 3130 3133 προσώπου
3169 3062 3416 3114 λέλεκται
3445 3060 3552 3112 τῶν
3591 3062 3698 3111 ἐπι-

476 3151 638 3222 plius.
680 3171 698 3204 ι
733 3150 862 3218 Qua;
891 3154 1107 3223 quidem
1138 3169 1205 3208 ex
1237 3169 1470 3223 persona
1519 3153 1665 3210 dicta
1712 3165 1840 3210 sunt
1890 3157 2028 3211 insi~

475 3244 739 3299 diantium
770 3245 841 3301 ei.
877 3245 1088 3301 Etenim
1118 3247 1162 3302 si
1195 3262 1392 3318 corpus
1414 3247 1532 3318 ejus
1573 3249 1729 3318 panis
1770 3248 1890 3310 fuit,
1923 3249 2037 3304 sic-

475 3345 534 3391 ut
591 3338 709 3408 ipse
756 3338 1052 3409 discipulos
1077 3355 1206 3395 suos
1254 3340 1437 3405 docet,
1467 3339 1654 3397 dicens
1685 3360 1698 3397 :
1740 3361 1758 3393 ι
1794 3341 2037 3412 Accipite

473 3436 528 3482 et
558 3431 841 3496 comedite,
879 3432 981 3486 hoc
1009 3441 1092 3488 est
1125 3448 1326 3504 corpus
1349 3449 1530 3489 meum
1553 3435 1618 3501 “,
1663 3455 1680 3486 ›
1727 3435 1872 3504 ligno
1907 3451 2035 3491 vere

473 3519 798 3589 applicatum
828 3528 912 3577 est
939 3538 1034 3592 per
1071 3538 1312 3589 crucem,
1337 3524 1480 3579 unde
1509 3539 1615 3578 non
1647 3525 1918 3579 immerito
1950 3525 2034 3579 di-

471 3609 632 3675 citur,
668 3630 687 3663 ‹
721 3610 994 3668 Mittamus
1022 3613 1225 3684 lignum
1258 3616 1311 3669 in
1349 3631 1542 3684 panem
1565 3616 1703 3686 ejus.
1751 3636 1769 3668 ι
1820 3619 1948 3682 Qua:
1977 3618 2032 3671 in

471 3700 616 3756 hunc
646 3703 824 3759 locum
855 3703 1090 3759 diximus
1122 3705 1258 3759 nulli
1292 3715 1419 3762 sunt
1471 3707 1857 3778 impedimento
1898 3709 2030 3779 quin

467 3796 778 3852 accuratius
807 3798 1225 3866 contempletur.
2007 3809 2011 3816 ‘

989 3909 1217 3965 CAPUT
1244 3911 1480 3968 XXXIV.

1093 4019 1176 4073 Ea:
1199 4021 1398 4075 eodem.

542 4151 562 4186 ι
598 4131 810 4203 Reliqui
861 4133 1084 4190 domum
1139 4152 1357 4199 meam,
1411 4137 1592 4192 dimisi
1656 4138 2025 4193 hmreditatem

459 4240 639 4280 meam
679 4245 692 4279 :
727 4225 849 4280 dedi
873 4226 1126 4282 dilectam
1156 4229 1391 4282 animam
1423 4245 1596 4283 meam
1643 4229 1695 4284 in
1735 4247 1894 4285 manu
1923 4233 2026 4286 ini-

463 4317 725 4371 micorum
753 4317 891 4387 ejus.
934 4317 1098 4374 Facta
1127 4328 1210 4375 est
1235 4321 1366 4374 mihi
1392 4321 1678 4378 haereditas
1714 4339 1834 4378 mea
1866 4325 2024 4394 quasi

464 4405 548 4460 leo
572 4407 626 4460 in
655 4409 790 4462 silva
828 4429 840 4462 :
874 4409 1021 4464 dedit
1067 4423 1258 4466 contra
1292 4427 1376 4467 me
1423 4428 1642 4480 vocem,
1701 4415 1822 4470 ideo
1877 4417 2020 4470 odivi

461 4513 603 4552 eam.
640 4497 892 4569 Nunquid
927 4502 1041 4557 avis
1099 4501 1336 4558 discolor
1360 4504 1645 4562 haereditas
1687 4522 1806 4562 mea
1851 4507 2024 4562 mihi?

463 4591 708 4661 nunquid
754 4593 869 4647 avis
900 4593 1068 4648 tincta
1101 4611 1195 4665 per
1220 4598 1436 4650 totum?
1468 4596 1659 4655 Venite
1681 4640 1696 4663 ,
1725 4615 2020 4672 congrega-

461 4681 592 4735 mini
635 4697 822 4736 omnes
861 4683 1050 4738 bestiae
1096 4693 1274 4748 terrae,
1313 4696 1598 4756 properate
1639 4689 1708 4743 ad
1749 4690 2016 4745 devoran-

459 4771 610 4830 dum.
641 4773 891 4830 Pastores
921 4777 1076 4829 multi
1109 4777 1348 4832 demoliti
1385 4786 1512 4833 sunt
1544 4780 1752 4835 vineam
1803 4798 2014 4846 meam,

459 4863 915 4918 conculcaverunt
963 4873 1169 4934 partem
1227 4881 1399 4921 meam
1437 4885 1450 4920 :
1493 4867 1761 4923 dederunt
1809 4871 2014 4938 portio-

458 4967 581 5006 nem
615 4968 788 5006 meam
821 4952 1228 5008 desiderabilem
1277 4956 1331 5010 in
1369 4957 1642 5012 desertum
1679 4940 2026 5016 solitudinis:

459 5043 760 5099 Posuerunt
784 5060 901 5099 eam
926 5045 979 5098 in
1001 5045 1429 5115 dissipationcm,
1451 5050 1690 5120 luxitque
1719 5067 1883 5121 super
1904 5069 2008 5107 me.

457 5137 797 5194 Desolatione
825 5138 1062 5194 desolata
1096 5145 1180 5194 est
1223 5141 1402 5195 omnis
1432 5149 1597 5206 terra,
1649 5143 1776 5212 quia
1827 5145 2010 5200 nullus

454 5237 539 5284 est
583 5229 676 5299 qui
721 5230 982 5299 recogitet
1034 5230 1198 5286 corde
1224 5233 1290 5284 ³⁵.
1331 5252 1351 5284 ι
1386 5231 1614 5289 Videtur
1670 5236 1846 5290 audiri
1903 5236 2010 5292 Do-

455 5320 586 5373 mini
619 5318 1024 5390 Salvatorisquc
1051 5323 1220 5377 nostri
1245 5339 1367 5389 vox,
1392 5325 1459 5379 de
1483 5327 1683 5396 templo
1706 5326 2006 5382 Jerusalem

453 5407 680 5465 dicens:
718 5430 737 5462 ‹
776 5409 985 5483 Reliqui
1036 5415 1255 5470 domum
1319 5432 1515 5474 meam.
1554 5440 1572 5472 ι
1608 5419 1673 5473 Et
1722 5421 1789 5474 de
1828 5418 2008 5492 piiore

523 5581 568 5667 ῗ⁹
604 5585 834 5667 Μειιειοιιι
859 5605 931 5667 ιγ’
965 5589 1020 5644 9-
1133 5594 1375 5667 Ῐ⁰³οτιηι
1415 5616 1454 5667 ι,
1490 5600 1542 5656 9.

457 5660 600 5716 xxvi,
629 5657 713 5708 26.
791 5657 835 5687 "
869 5656 975 5711 Jer.
1005 5676 1104 5726 xu,
1133 5664 1283 5720 7-H.

1659 5603 1702 5634 "
1732 5601 1894 5658 Mich.
1936 5619 2014 5669 Ill,
2044 5603 2095 5659 6.

2139 3155 2537 3209 ϐουλευσάντων
2565 3153 2732 3224 αὐτῷ.
2767 3155 2828 3206 Εἰ
2856 3153 2964 3224 γάρ
2986 3153 3049 3222 δὴ
3070 3153 3130 3204 τὸ
3167 3151 3320 3222 σῶμα
3349 3149 3514 3204 αὐτοῦ
3547 3151 3699 3220 ἄρτος

2136 3244 2224 3319 ἦν,
2251 3249 2326 3311 ὼς
2373 3247 2532 3310 αὐτὸς
2570 3246 2806 3299 διδάσκει
2864 3245 3000 3316 πρὸς
3043 3245 3166 3306 τοὺς
3214 3243 3462 3314 μαθητάς
3512 3241 3726 3309 λέγων,“

2143 3360 2160 3392 ι
2193 3340 2420 3404 Λάϐετε,
2459 3340 2679 3409 φάγετε,
2706 3337 2862 3391 τοῦτό
2900 3339 3018 3389 ἐστι
3049 3336 3110 3388 τὸ
3145 3335 3302 3406 σῶμά
3335 3352 3462 3406 μου,
3503 3354 3521 3386 ι
3552 3334 3698 3388 τοῦτο

2135 3435 2177 3487 δ’
2207 3429 2274 3505 ἦν
2303 3433 2364 3486 τὸ
2395 3432 2530 3504 πρὸς
2570 3432 2648 3502 τῷ
2675 3429 2813 3500 ξύλῳ
2844 3428 2986 3483 κατὰ
3016 3429 3104 3483 τὸν
3151 3428 3384 3499 σταυρὸν
3429 3427 3699 3496 δειγματιο

2137 3523 2278 3588 σθέν,
2309 3522 2434 3594 περὶ
2461 3521 2625 3575 αὑτοῦ
2658 3520 2850 3588 λέγοιτ’
2893 3518 2957 3571 ἂν
2992 3515 3214 3580 εἰκότως
3240 3515 3322 3579 τὸ,
3355 3534 3373 3564 ‹
3417 3514 3583 3567 Δεῦτε
3613 3513 3695 3566 καὶ

2133 3615 2456 3686 ἐμϐάλωμεν
2484 3612 2636 3676 ξύλον
2665 3615 2742 3674 είς
2777 3604 2941 3681 ἄρτον
2967 3607 3131 3662 αὐτοῦ
3151 3625 3164 3638 ·
3204 3629 3223 3660 ›
3254 3609 3301 3660 εἱ
3332 3608 3390 3661 δὲ
3418 3607 3512 3658 καὶ
3544 3604 3696 3675 βαθυ-

2130 3709 2294 3778 τέρας
2317 3702 2490 3776 ἔχοιτο
2521 3702 2750 3774 θεωρίας
2778 3702 2844 3754 τὰ
2882 3700 3020 3754 κατὰ
3049 3699 3139 3753 τὸν
3174 3699 3359 3764 τόπον,
3382 3698 3535 3751 οὐδὲν
3572 3695 3698 3767 πρὸς

2132 3801 2304 3852 ἐκεῖνο
2333 3797 2490 3849 λυπεῖ
2522 3795 2614 3848 καὶ
2633 3794 2698 3847 τά
2728 3793 3005 3864 εἰρημένα.

2651 3904 3042 3960 ΚΕΦΑΛΑΙΟΝ
3075 3906 3194 3957 ΛΔ’.

2741 4019 2854 4073 Τοῦ
2883 4018 3088 4072 αὐτοῦ.

2204 4157 2220 4187 ι
2273 4133 2728 4205 Ἑγκαταλέλοιπα
2758 4132 2846 4186 τὸν
2877 4128 3020 4184 οἶκόν
3060 4147 3180 4200 μου,
3213 4130 3402 4200 ἀφῆκα
3439 4128 3536 4199 τὴν
3567 4130 3692 4194 κλη-

2129 4232 2380 4302 ρονομίαν
2410 4246 2530 4298 μου,
2566 4225 2739 4278 ἔδωκα
2771 4225 2868 4294 τὴν
2896 4222 3255 4293 ἠγαπημένην
3275 4222 3456 4292 ψυχήν
3487 4238 3589 4287 μου
3621 4221 3694 4278 εἰς

2126 4325 2312 4395 χεῖρας
2335 4319 2540 4391 ἐχθρῶν
2557 4317 2744 4386 αὐτῆς.
2779 4315 3036 4386 Ἐγενήθη
3062 4327 3094 4385 η
3115 4312 3442 4386 κληρονομία
3459 4328 3559 4380 μου
3578 4309 3692 4373 ἐμοὶ

2127 4413 2201 4475 ὡς
2227 4412 2360 4465 λέων
2386 4413 2442 4462 ἐν
2466 4407 2672 4481 δρυμῷ,
2701 4407 2896 4460 ἔδωκεν
2924 4409 3009 4460 ἐπ’
3038 4406 3134 4474 ἐμὲ
3169 4402 3351 4472 φωνὴν
3393 4403 3588 4471 αὐτῆς,
3611 4401 3690 4454 διὰ

2127 4505 2280 4560 τοῦτο
2309 4503 2544 4574 ἐμίσησα
2574 4501 2759 4571 αὑτήν.
2802 4499 2891 4568 Μὴ
2927 4495 3183 4565 σπήλαιον
3214 4495 3403 4564 ὑαίνης
3432 4497 3465 4564 ὴ
3497 4501 3688 4565 κληρο-

2126 4598 2283 4668 νομία
2319 4611 2418 4666 μου
2452 4593 2648 4664 ἐμοὶ,ἢ
2683 4591 2941 4662 σπήλαιον
2974 4586 3155 4656 κύκλῳ
3182 4587 3347 4657 αὐτῆς
3369 4603 3382 4648 ;
3407 4586 3686 4647 Βαδίσατε,

2125 4688 2455 4758 συναγάγετε
2485 4686 2658 4739 πάντα
2688 4684 2756 4737 τά
2800 4681 2962 4753 θηρία
2986 4678 3080 4732 τοῦ
3112 4678 3298 4750 ἀγροῦ,
3332 4678 3426 4733 καὶ
3463 4678 3684 4730 ἐλθέτω-

2124 4798 2221 4835 σαν
2256 4779 2350 4833 τοῦ
2395 4781 2586 4848 φαγεῖν
2631 4774 2819 4844 αὑτήν.
2855 4772 3118 4842 Ποιμένες
3156 4769 3336 4822 πολλοὶ
3381 4769 3685 4839 διέφθειραν

2122 4870 2210 4926 τὸν
2237 4868 2533 4941 ἀμπελῶνά
2556 4884 2675 4938 μου,
2703 4864 2966 4934 ἐμόλυναν
2995 4862 3090 4933 τὴν
3123 4860 3312 4933 μερίδα
3334 4878 3456 4930 μου,
3482 4861 3683 4914 ἔδωκαν

2120 4961 2309 5034 μερίδα
2348 4958 2690 5030 ἐπιθυμητὴν
2722 4957 2800 5019 εἰς
2832 4954 3035 5035 ἔρημον
3076 4951 3293 5016 ἄϐατον,
3334 4951 3566 5022 ἐγενήθη
3608 4952 3682 5012 είς

2114 5053 2414 5123 ἀφανισμὸν
2460 5049 2764 5111 ἀπωλείας
2809 5046 2875 5099 δι’
2920 5046 3018 5117 ἐμὲ
3071 5043 3361 5115 ἀφανισμῷ
3413 5042 3678 5114 ἠφανίσθη

2115 5146 2263 5197 πᾶσα
2289 5147 2319 5214 ἡ
2341 5145 2431 5214 γῆ,
2455 5143 2534 5195 ὅτι
2565 5141 2662 5192 οὐκ
2689 5138 2833 5190 ἔστιν
2869 5137 3005 5207 ἀνὴρ
3026 5135 3303 5206 τιθέμενος
3325 5139 3386 5189 ἐν
3413 5136 3629 5208 καρδίᾳ.
3656 5154 3673 5184 ›

2117 5239 2297 5290 Ἐοικε
2324 5236 2415 5290 τοῦ
2445 5234 2647 5305 Κυρίου
2672 5232 2765 5286 καὶ
2784 5231 3031 5302 Σωτῆρος
3062 5233 3094 5300 ἠ
3103 5228 3216 5301 μῶν
3247 5226 3382 5282 εἶναι
3414 5228 3565 5299 φωνὴ
3589 5230 3677 5280 καὶ

2114 5331 2148 5400 ἡ
2181 5330 2461 5398 φάσκουσα
2513 5328 2638 5398 περὶ
2686 5325 2782 5395 μὲν
2826 5322 2920 5376 τοῦ
2963 5325 3020 5375 ἐν
3059 5321 3408 5393 Ἰερουσαλὴμ
3436 5321 3538 5374 νεὼ
3584 5322 3673 5382 τὸ,

2120 5439 2142 5475 ι
2178 5419 2605 5490 ἐγκαταλέλοιπα
2645 5418 2735 5471 τὸν
2769 5412 2915 5469 οἶκόν
2951 5431 3072 5486 μου,
3109 5435 3126 5465 i
3165 5414 3292 5484 περὶ
3319 5413 3377 5467 δὲ
3419 5415 3516 5482 τῆς
3545 5429 3675 5485 προ-

2210 5603 2253 5635 ⁹²
2282 5601 2478 5658 Jerem.
2515 5617 2588 5670 XI,
2627 5599 2710 5668 l8,
2736 5599 2822 5655 I9.
2897 5597 2942 5634 ⁸³
2969 5595 3070 5653 Isa.
3101 5610 3220 5662 LIII,
3272 5595 3323 5650 7.
3405 5596 3449 5628 ”
3479 5590 3663 5647 Matth.
