3926 6260
248 356 376 412 1161

1267 356 1561 413 Εϐί.0ϐ.4ῖ.
1599 350 2086 414 PROPHETICE.
2117 390 2184 399 —-
2217 354 2347 414 LIB.
2384 359 2427 417 ῐ.

3356 373 3492 430 1162

236 479 396 559 τέρας
442 476 789 547 Συναγωγῆς,
827 474 861 546 ἠ
911 476 1005 530 καὶ
1041 477 1196 546 μερίς
1237 493 1367 529 ποτε
1412 478 1504 530 καὶ
1540 476 1600 548 (f.
1631 476 1701 531 35
1734 478 1800 550 γ’]

1917 475 2226 549 Synagoga,
2254 498 2377 552 quas
2414 500 2654 555 unquam
2683 503 2811 559 pars
2841 498 2896 545 et
2949 490 3226 549 funiculus
3257 495 3490 551 heredi-

238 568 516 641 σχοίνισμα
559 566 922 639 κληρονομίας
963 568 1126 622 αὐτοῦ
1157 570 1399 637 γέγονεν,
1435 570 1513 632 τὸ,
1555 588 1573 618 ι
1598 569 1813 640 Ἀφῆκα

234 659 329 731 τὴν
361 659 721 730 κληρονομίαν
755 676 876 729 μου,
913 680 930 711 ι
965 658 1107 713 κατὰ
1132 660 1211 725 τὸ,
1248 677 1267 710 ι
1298 660 1536 724 ιίοσάκις
1569 660 1811 733 ἠθέλησα

237 754 650 820 ἐπισυναγαγεῖν
670 750 736 804 τὰ
767 751 932 804 τέκνα
966 768 1080 815 σου,
1110 751 1168 805 ὃν
1194 753 1398 823 τρόπον
1429 752 1576 824 ὅρνις
1600 754 1813 806 ἐπισυν-

236 843 352 911 άγει
398 841 466 894 τὰ
506 841 691 894 νοσσία
730 842 897 912 αὐτῆς
948 842 1052 895 ὑπὸ
1101 843 1201 905 τὰς
1252 843 1548 914 πτέρυγας,
1588 844 1682 897 καὶ
1711 844 1811 899 οὐκ

233 932 526 1005 ἠθελήσατε
545 951 557 964 ⁸
597 933 724 986 Ἰδοὺ
747 934 963 1003 ἀφίεται
989 935 1115 1004 ὑμῖν
1139 936 1167 987 ὁ
1186 930 1334 999 οἶκος
1361 935 1513 1006 ὑμῶν
1538 935 1758 1007 ἕρημος.
1786 955 1806 987 s

230 1024 395 1088 Αὐτὸς
422 1024 467 1076 δ’
494 1024 522 1076 ὁ
571 1024 739 1077 εἰπὼν
780 1043 799 1075 ι
837 1025 1025 1088 Ούδεὶς
1061 1026 1203 1097 αἴρει
1229 1026 1327 1096 τὴν
1374 1026 1552 1098 ψυχήν
1589 1044 1689 1099 μου
1715 1027 1809 1082 ἀπ’

228 1115 379 1189 ὲμοῦη
423 1115 670 1183 ἐξουσίαν
718 1116 826 1187 ἔχω
871 1116 1040 1171 θεῖναι
1092 1119 1283 1190 αὐτὴν,
1328 1139 1345 1171 ι
1387 1121 1551 1190 φησὶν
1583 1121 1675 1174 καὶ
1726 1120 1807 1187 τὸ,

231 1227 253 1262 ι
264 1209 475 1262 Ἐδωκα
488 1208 584 1281 τὴν
602 1212 709 1279 ἡγα
717 1228 787 1281 πη
798 1210 963 1282 μένην
977 1212 1153 1283 ψυχήν
1171 1230 1273 1283 μου
1296 1214 1374 1277 είς
1391 1216 1578 1284 χεῖρας
1601 1213 1694 1286 ὲχθ
1701 1214 1809 1287 ρῶν

227 1302 410 1374 αὐτῆς.
449 1322 466 1353 ι
498 1300 684 1374 Τούτῳ
713 1303 770 1356 δὲ
810 1303 902 1356 καὶ
945 1304 1176 1375 ἐγενήθη
1211 1307 1243 1376 ἡ
1279 1306 1518 1377 προτέρα
1549 1305 1808 1379 κληρονο-

228 1396 322 1467 μία
346 1395 422 1459 ὡς
447 1395 583 1449 λέων
610 1398 667 1450 ὲν
694 1396 887 1468 δρυμῷ
906 1412 920 1426 ⁸
952 1396 1151 1449 ἔδωκέν
1182 1412 1239 1449 τε
1264 1398 1349 1449 ἐπ’
1381 1396 1544 1452 αὑτὸν
1575 1399 1674 1467 τὴν
1700 1415 1811 1467 φω-

223 1488 317 1560 νὴν
358 1488 548 1559 αὐτῆς,
599 1490 836 1559 ὁπηνίκα
893 1489 1227 1559 παραδόντες
1270 1490 1432 1544 αὑτὸν
1473 1488 1551 1560 τῷ
1594 1490 1809 1562 Πιλάτῳ

224 1578 543 1649 ἑστήκεισαν
563 1579 995 1651 κατηγοροῦντες
1020 1579 1185 1633 αὐτοῦ
1216 1581 1311 1634 καὶ
1336 1582 1613 1652 μονονουχὶ
1644 1581 1809 1651 βοῶν-

221 1684 328 1732 τες,
368 1687 388 1718 ι
419 1666 573 1738 Αἶρε,
597 1666 739 1742 αἶρε,
778 1669 1010 1743 σταύρου
1043 1671 1206 1725 αὐτόν
1226 1689 1239 1704 ο
1278 1692 1296 1726 ι
1330 1670 1418 1725 διὰ
1442 1671 1600 1724 τοῦτο
1627 1672 1685 1725 δέ
1707 1688 1810 1743 φη-

222 1775 321 1824 σιν,
377 1778 396 1809 ι
420 1758 693 1831 Ἐμίσησα
725 1758 917 1831 αὐτὴν,
961 1779 980 1810 ι
1018 1759 1106 1813 διὰ
1150 1761 1217 1813 τὰ
1262 1760 1451 1830 μίσους
1478 1760 1604 1827 ἄξια
1629 1760 1800 1830 αὐτῆς

1922 573 2054 627 tatis
2080 573 2200 642 ejus
2223 574 2364 629 facta
2392 583 2497 641 est,
2530 595 2548 628 ι
2591 577 2780 637 Dimisi
2814 581 3184 640 hereditatem
3216 602 3417 652 meam,
3468 609 3487 641 ι

1915 662 2071 734 juxta
2103 665 2233 720 illud
2267 686 2279 721 :
2321 686 2340 719 ι
2378 667 2604 735 Quoties
2643 672 2788 727 volui
2812 688 3146 747 congregare
3174 678 3314 736 ﬁlios
3341 687 3488 745 tuos,

1917 760 2376 827 quemadmodum
2433 764 2551 818 avis
2596 763 2785 819 nidum
2827 782 2986 822 suum
3034 769 3138 825 sub
3184 772 3398 841 pennis,
3438 783 3492 829 ct

1919 850 2145 905 noluisti
2170 853 2182 905 !
2220 853 2361 908 Ecce
2388 855 2729 925 relinquetur
2760 858 2915 915 vobis
2943 860 3139 917 demus
3182 871 3365 918 vestra
3396 864 3491 921 de-

1920 942 2145 998 serta“.
2183 963 2200 995 ι
2245 942 2363 1015 Ipse
2385 953 2565 1001 autem
2596 948 2734 1003 dixit
2767 969 2779 1003 :
2814 969 2833 1001 ι
2867 950 3035 1008 Nemo
3062 955 3203 1009 tollit
3249 958 3487 1014 animam

1920 1046 2129 1100 meam;
2163 1043 2486 1105 potestatem
2539 1038 2712 1094 habeo
2756 1056 2961 1111 ponere
3010 1046 3231 1115 eam";
3269 1068 3287 1102 ι
3325 1056 3490 1121 atque

1919 1122 2092 1177 illud:
2138 1144 2158 1176 ι
2198 1125 2328 1181 Dedi
2368 1127 2620 1185 dilectam
2652 1120 2889 1188 animam
2922 1151 3094 1191 meam
3143 1139 3197 1193 in
3235 1120 3489 1198 manibus

1920 1215 2263 1273 inimicorum
2288 1221 2429 1286 ejus.
2455 1241 2475 1274 ι
2511 1222 2649 1279 Huic
2674 1241 2803 1280 vero
2830 1226 2970 1283 facta
2999 1238 3081 1285 est
3096 1234 3242 1301 prior
3256 1234 3489 1292 haeredi-

1920 1317 2004 1363 tas
2033 1311 2188 1379 quasi
2218 1312 2304 1366 leo
2333 1314 2384 1367 in
2410 1315 2568 1371 silva.
2598 1316 2751 1372 Dedit
2774 1330 2961 1375 contra
2983 1339 3107 1378 eum
3126 1340 3312 1381 vocem
3343 1328 3483 1397 ejus.

1916 1413 2041 1452 cum
2092 1403 2373 1458 tradentes
2401 1420 2523 1459 eum
2550 1405 2728 1464 Pilato
2761 1410 3127 1479 adduxerunt,
3162 1426 3485 1475 accusantes

1915 1492 2389 1567 vociferantesque
2419 1502 2795 1558 tantummodo
2833 1525 2845 1560 :
2878 1525 2899 1557 ι
2928 1504 3105 1572 Tolle,
3129 1510 3279 1578 tolle,
3306 1514 3488 1567 cruci—

1917 1587 2018 1655 fige
2045 1602 2169 1643 eum
2188 1589 2267 1657 9';
2301 1610 2320 1642 ι
2347 1605 2682 1665 quapropter
2703 1598 2812 1653 ait:
2838 1620 2855 1651 ι
2883 1598 3039 1657 Odivi
3059 1619 3202 1671 eam,
3234 1625 3253 1659 ι
3279 1606 3349 1662 ob
3364 1607 3485 1677 ejus

1914 1691 2080 1747 opera
2108 1680 2234 1734 odio
2264 1682 2451 1752 digna,
2486 1696 2540 1742 et
2565 1691 2710 1758 quod
2745 1692 2882 1746 nihil
2916 1693 2968 1747 in
3010 1709 3134 1749 eum
3180 1712 3367 1753 amore
3402 1699 3486 1754 di-

1916 1783 2081 1838 gnum
2131 1774 2504 1832 ostenderant.
2549 1783 2681 1846 Quae
2715 1798 2841 1839 vero
2893 1795 3217 1855 sequuntur,
3263 1796 3318 1844 et
3366 1790 3482 1846 haec

219 1847 372 1920 ἔργα,
406 1851 505 1903 καὶ
535 1849 623 1903 διὰ
662 1850 722 1904 τὸ
758 1850 923 1922 μηδὲν
951 1853 1031 1914 είς
1071 1851 1232 1905 αὐτὸν
1259 1852 1479 1923 ἀγάπης
1510 1850 1659 1917 ἄξιον
1692 1854 1800 1906 ὲπι⁴

1918 1863 2219 1929 praesertim
2253 1885 2266 1920 :
2305 1886 2323 1917 ι
2365 1867 2595 1940 Propter
2635 1889 2721 1929 me
2758 1875 3096 1934 desolatione
3124 1879 3366 1936 desolata
3396 1892 3483 1938 est

218 1936 524 2005 δείξασθαιο
550 1939 612 1992 τὸ
637 1940 681 1993 δ’
711 1938 856 2010 ἑξῆς,
882 1940 974 1993 καὶ
1006 1940 1241 2011 μάλιστα
1265 1940 1347 2006 τὸ,
1377 1960 1397 1993 ι
1428 1941 1505 1994 Δι’
1537 1942 1636 2012 ἐμὲ
1662 1943 1804 2011 ἀφα-

217 2027 391 2100 νισμῷ
429 2031 706 2103 ἠφανίσθη
742 2032 890 2085 πᾶσα
923 2032 1072 2103 ἡγῆ,
1114 2052 1132 2084 ›
1164 2031 1338 2086 ἔοικεν
1363 2032 1557 2105 δηλοῦν
1583 2034 1684 2105 τὴν
1717 2034 1807 2088 διὰ

216 2120 301 2173 τὸν
338 2122 570 2193 Σωτῆρα
599 2123 736 2194 μετὰ
766 2124 826 2177 τὸ
854 2124 1022 2189 πάθος
1054 2124 1218 2178 αὐτοῦ
1264 2126 1475 2181 τελείαν
1507 2126 1806 2198 γενομένην

217 2210 413 2265 ἅλωσιν
441 2214 543 2266 καὶ
572 2214 952 2285 αἰχμαλωσίαν
981 2216 1076 2269 τοῦ
1110 2217 1378 2288 προτέρου
1404 2217 1559 2284 λαοῦ,
1586 2220 1680 2275 καὶ
1705 2221 1807 2292 τὴν

214 2304 290 2367 είς
320 2303 555 2376 ἔσχατον
578 2307 675 2377 τῆς
707 2307 1059 2380 Ἰερουσαλὴμ
1090 2310 1388 2381 ἐρήμωσιν.

728 2424 1129 2477 ΚΕΦᾹΛΑῘΟΝ
1168 2425 1292 2479 ΛΕ’.

837 2517 945 2571 Τοῦ
971 2519 1180 2573 αὑτοῦ.

283 2627 305 2663 ι
338 2610 539 2683 Κύριε,
573 2612 722 2682 ἰσχύς
752 2630 851 2683 μου
875 2613 967 2665 καὶ
994 2613 1215 2684 βοηθεία
1244 2630 1367 2685 μου,
1395 2613 1490 2669 καὶ
1514 2615 1801 2688 καταφυγή

214 2713 311 2767 μου
339 2701 396 2753 ἐν
419 2701 611 2772 ἡμέρᾳ
637 2701 843 2756 κακῶν.
880 2702 1023 2773 Πρὸς
1040 2703 1099 2756 σὲ
1124 2702 1252 2777 ἔθνη
1271 2704 1495 2776 ἥξουσιν
1525 2708 1621 2761 ἀπ’
1649 2709 1805 2780 ἐσχά-

209 2806 299 2844 του
334 2792 433 2865 τῆς
482 2794 610 2865 γῆς,
659 2795 755 2848 καὶ
796 2794 1032 2866 ἐροῦσιν,
1076 2796 1163 2861 Ὧς
1201 2796 1374 2869 ψευδῆ
1413 2800 1714 2872 ἐκτήσαντο
1753 2803 1802 2859 oi

211 2883 442 2955 πατέρες
468 2884 632 2957 ἡμῶν
671 2885 884 2950 εἴδωλα,
920 2889 1015 2942 καὶ
1058 2890 1157 2943 οὐκ
1185 2890 1330 2943 ἔστιν
1364 2892 1420 2944 ὲν
1449 2891 1631 2958 αὐτοῖς
1661 2892 1804 2962 ὠφέο

206 2971 374 3044 λημα.
417 2976 484 3028 Εἰ
528 2976 949 3048 ποιήσεινὲαυτῴ
994 2977 1277 3052 ἄνθρωπος
1315 2980 1489 3045 θεοὺς,
1521 2982 1615 3035 καὶ
1652 2983 1803 3037 αὐτοὶ

206 3066 302 3119 οὔκ
323 3068 429 3121 εἰσὶ
459 3067 610 3134 θεοί;
632 3068 731 3123 Διὰ
758 3068 935 3133 τοῦτο,
974 3071 1105 3137 ἰδοὺ,
1141 3072 1252 3141 ἐγὼ
1281 3072 1502 3145 δηλώσω
1538 3075 1720 3139 αὐτοῖς
1743 3076 1800 3131 ὲν

1909 1962 2077 2019 terra,
2114 1975 2132 2007 ι
2168 1960 2461 2017 ostendere
2483 1964 2739 2020 videntur
2766 1970 2975 2040 antiqui
3009 1973 3193 2041 populi
3220 1989 3482 2030 consum-

1906 2055 2109 2101 matam
2165 2060 2290 2119 post
2334 2050 2639 2113 Salvatoris
2687 2060 3027 2131 passionem,
3057 2063 3272 2118 ruinam
3318 2073 3482 2136 atque

1906 2139 2297 2211 captivitatem,
2319 2141 2733 2220 Jerusalemque
2764 2151 2821 2206 in
2870 2162 3192 2224 perpetuum
3231 2155 3482 2213 solitudi-

1905 2248 2049 2288 nem.

2449 2437 2678 2505 CAPUT
2709 2439 2924 2499 XXXV.

2535 2531 2621 2587 Ea:
2648 2534 2849 2591 eodem.

1982 2636 2001 2669 ι
2036 2615 2282 2686 Domine,
2319 2619 2583 2677 fortitudo
2616 2639 2732 2679 mea
2763 2633 2818 2681 et
2848 2626 3015 2683 robur
3048 2643 3250 2695 meum,
3295 2638 3350 2688 et
3390 2647 3478 2689 re-

1907 2709 2113 2781 fugium
2168 2728 2348 2769 meum
2404 2716 2459 2769 in
2502 2716 2591 2773 die
2639 2719 3031 2777 tribulationis.
3074 2723 3157 2778 Ad
3201 2732 3254 2781 te
3287 2734 3478 2796 gentes

1903 2802 2123 2859 venient
2154 2805 2221 2859 ab
2248 2808 2508 2864 extremis
2533 2819 2713 2873 terrae,
2741 2820 2795 2867 et
2821 2813 3004 2869 dicent
3033 2832 3046 2869 :
3085 2813 3219 2872 Vere
3251 2817 3478 2873 menda-

1904 2893 2050 2949 cium
2081 2896 2442 2966 possederunt
2472 2911 2654 2970 patres
2683 2905 2880 2968 nostri,
2910 2906 3226 2971 vanitatem.
3254 2925 3376 2981 qua
3395 2911 3477 2968 eis

1906 3002 2013 3041 non
2039 2988 2266 3058 profuit.
2299 2991 2555 3064 Nunquid
2586 2994 2749 3050 faciet
2773 2997 2878 3053 sibi
2910 2999 3075 3055 homo
3103 3001 3255 3069 deos,
3287 3010 3341 3058 et
3370 3003 3475 3077 ipsi

1907 3094 2013 3133 non
2064 3091 2193 3136 sunt
2221 3083 2340 3138 dii?
2372 3081 2582 3141 Idcirco
2609 3102 2737 3144 ecce
2778 3104 2881 3161 ego
2929 3093 3208 3148 ostendam
3251 3096 3349 3152 eis
3380 3109 3479 3166 per

207 3157 281 3230 τῷ
312 3162 497 3235 καιρῷ
534 3159 706 3233 τούτῳ
737 3164 833 3235 τὴν
865 3165 1022 3236 χεῖρα
1060 3174 1183 3236 μου,
1214 3168 1308 3221 καλ¹
1352 3168 1570 3242 γνωριῶ
1614 3170 1799 3234 αὐτοῖς

1909 3169 2076 3227 vicem
2111 3172 2273 3241 hanc,
2302 3176 2588 3231 ostendam
2619 3181 2700 3235 eis
2721 3195 2943 3236 manum
2984 3199 3159 3239 meam
3208 3193 3263 3240 et
3304 3186 3480 3240 virtu-

206 3250 302 3321 τὴν
333 3253 571 3325 δύναμίν
604 3272 726 3325 μου,
764 3255 858 3308 καὶ
890 3256 1188 3324 γνώσονται
1222 3259 1303 3312 ὅτι
1337 3259 1448 3328 ἐγὼ
1476 3260 1699 3332 Κύριος.
1730 3266 1797 3332 λ(

213 3340 491 3415 ’Δμαρτία
529 3342 697 3397 Ἰούδα
744 3347 1053 3416 γέγραπται
1100 3348 1158 3399 ὲν
1190 3346 1439 3419 γραφείῳ
1484 3350 1711 3421 σιδηρῷ,
1742 3353 1801 3406 ἐν

203 3432 351 3505 ὄνυχι
394 3435 748 3507 ἁδαμαντίνῳ
789 3438 1242 3509 ὲκκεκολαμμένη
1290 3441 1383 3494 ἐπὶ
1429 3441 1522 3495 τοῦ
1572 3443 1800 3514 στήθους

203 3524 300 3597 τῆς
331 3525 566 3597 καρδίας
599 3526 795 3581 αὐτῶν.
835 3549 852 3580 ι
889 3529 1023 3601 Περὶ
1055 3530 1161 3585 τῶν
1196 3531 1284 3586 διὰ
1309 3533 1546 3605 Χριστοῦ
1576 3535 1666 3589 τὸν
1689 3536 1799 3589 τῶν

201 3612 336 3670 ὅλων
374 3618 770 3686 ὲπεγνωκότων
803 3618 933 3673 Θεὸν
976 3622 1359 3693 προφητεύσας
1395 3625 1424 3678 ὁ
1460 3623 1635 3695 λόγος,
1671 3626 1799 3698 ἑξῆς

199 3705 397 3778 ἐπάγει
446 3701 709 3782 περὶτῆς
750 3712 889 3766 κατὰ
933 3712 1027 3766 τοῦ
1076 3714 1328 3787 Σωτῆρος
1368 3715 1463 3769 τοῦ
1532 3719 1796 3773 Ἰουδαίων

200 3795 329 3853 λαοῦ
374 3801 676 3873 ἁμαρτίας,
711 3802 1093 3867 ἀνεξάλειπτον
1134 3807 1303 3878 αὐτὴν
1341 3806 1560 3862 ἔσεσθαι
1594 3812 1795 3882 σημαί-

201 3907 304 3944 νων
331 3893 479 3947 κατὶι
506 3894 605 3957 τὰς
641 3880 1039 3966 παρατεθείσας
1066 3899 1206 3968 μετὰ
1233 3886 1570 3971 ἀστερίσκων
1597 3880 1791 3970 λέξεις·

199 3979 514 4045 ἆςδύναταί
541 4000 625 4045 τις
663 3985 757 4038 καὶ
797 3986 890 4038 ἐπὶ
922 3985 1012 4040 τού
1045 3983 1304 4059 προδότου
1346 3990 1516 4045 Ἰούδα
1550 3994 1794 4066 ἐφαρμό-

201 4070 332 4137 ζειν,
359 4075 438 4139 ὡς
461 4075 561 4129 καὶ
582 4076 841 4147 ὀνομαστὶ
861 4077 938 4149 τῷ
963 4077 1092 4150 θείῳ
1114 4080 1394 4152 Πνεύματι
1419 4085 1797 4157 προεγνωσμέο

199 4180 290 4218 νου
324 4182 385 4219 τε
411 4167 512 4220 καὶ
541 4183 975 4241 προαναπεφωνη
986 4171 1170 4242 μένου.

705 4283 1098 4347 ΚΕΦΑΛΑΙΟΝ
1152 4287 1293 4353 ΔΕΓ.

829 4375 938 4430 Τοῦ
970 4377 1180 4434 αὐτοῦ.

279 4465 440 4531 Ἰδοὺ,
478 4466 684 4539 ἡμέραι
731 4466 1004 4539 ἔρχονται,
1053 4467 1202 4538 λέγει
1245 4470 1472 4543 Κύριος,
1514 4472 1608 4526 καὶ
1654 4473 1787 4527 ἀνα-

1905 3271 2014 3318 tem
2043 3278 2244 3328 meam,
2275 3278 2328 3322 et
2352 3269 2528 3324 scient
2553 3270 2678 3340 quia
2710 3287 2907 3329 nomen
2943 3276 3073 3331 mihi
3110 3276 3478 3347 Dominusx

1903 3354 2191 3411 Peccatum
2227 3356 2366 3413 Juda
2410 3362 2674 3432 scriptum
2705 3372 2791 3420 est
2820 3368 2960 3437 stylo
2995 3367 3173 3432 ferreo
3209 3371 3263 3424 in
3295 3387 3478 3445 ungue

1901 3450 2256 3506 adamantino
2290 3492 2304 3515 ,
2354 3462 2635 3508 exaratum
2684 3464 2848 3526 Super
2891 3458 3234 3514 latitudinem
3294 3461 3479 3519 cordis

1899 3543 2169 3597 eorum”.
2212 3563 2233 3596 ι
2267 3543 2343 3600 De
2373 3545 2439 3600 iis
2461 3546 2552 3615 qui
2584 3561 2681 3615 per
2700 3546 2982 3605 Christum
3007 3552 3248 3607 omnium
3280 3570 3479 3626 cogno-

1899 3644 2094 3689 verunt
2138 3634 2308 3692 Deum
2372 3636 2658 3709 Scriptura
2704 3640 3068 3710 prOphetizat,
3107 3651 3163 3698 et
3211 3647 3476 3705 continuo

1897 3716 2211 3782 Judteorum
2261 3729 2448 3800 populi
2473 3729 2736 3787 adversus
2770 3730 3108 3789 Salvatorem
3158 3734 3476 3805 iniquitates

1899 3821 2174 3886 iudicans,
2207 3821 2529 3879 indelebiles
2558 3838 2651 3879 eas
2681 3824 2798 3880 fore
2827 3825 3070 3882 ostendit
3110 3836 3302 3884 notato
3331 3840 3474 3888 aste—

1900 3912 2062 3968 riscis
2088 3912 2231 3968 loco.
2264 3911 2397 3979 Quae
2429 3913 2647 3983 quidem
2669 3926 2724 3970 et
2752 3915 3001 3972 tradituri
3033 3916 3187 3975 Iudae
3229 3920 3474 3992 adaptari

1898 4012 2152 4075 possunt,
2189 4020 2220 4059 a
2261 4004 2468 4077 Spiritu
2498 4014 2691 4063 sancto
2733 4010 3053 4066 nominatim
3094 4022 3220 4070 ante
3260 4021 3473 4088 tempus

1896 4100 2117 4168 cognito
2149 4104 2313 4169 atque
2340 4100 2639 4155 nominato.

2427 4272 2659 4331 CAPUT
2696 4275 2937 4336 XXXVI.

2527 4366 2609 4421 Ea:
2635 4369 2833 4423 eodem.

1973 4475 1993 4506 ι
2022 4453 2166 4512 Ecce
2194 4454 2314 4512 dies
2343 4458 2591 4522 veniunt,
2623 4458 2763 4513 dicit
2784 4457 3085 4515 Dominus:
3110 4470 3167 4515 et
3190 4460 3470 4517 suscitabo

196 4557 387 4627 στήσω
431 4556 515 4626 τῷ
557 4537 721 4610 Δαυῒδ
765 4537 1031 4629 ἀνατολὴν
1073 4559 1306 4627 δικαίαν,
1335 4537 1445 4615 ’καὶ
1490 4562 1793 4634 βασιλεύσει
1828 4537 1869 4592 D
1898 4547 2070 4604 θθνίίί
2101 4564 2322 4619 εθτιηθη
2348 4550 2559 4620 Ῑυειιηη
2590 4570 2604 4604 ⁵
2638 4557 2692 4604 ει
2722 4550 2971 4621 τεεηθῦῖι
3000 4566 3095 4606 rex
3123 4592 3138 4616 ν
3171 4560 3226 4607 ει
3252 4554 3470 4623 “Diem

194 4642 477 4714 βασιλεὺς,
507 4646 603 4699 καὶ
628 4646 868 4717 συνήσει,
903 4646 997 4698 καὶ
1024 4648 1242 4718 ποιήσει
1269 4649 1443 4720 κρίμα
1470 4650 1564 4702 καὶ
1585 4648 1793 4703 δικαιο-

194 4733 369 4807 σύνην
391 4736 491 4789 ἐπὶ
517 4737 614 4807 τῆς
643 4739 768 4808 γῆς.
817 4738 906 4791 Ἐν
934 4741 1055 4803 ταῖς
1080 4738 1314 4810 ἡμέραις
1343 4739 1508 4794 αὑτοῦ
1545 4741 1791 4811 σωθήσε-

189 4843 283 4881 ται
303 4830 402 4883 καὶ
439 4830 667 4895 Ἰούδας,
691 4830 785 4885 καὶ
819 4831 1035 4903 Ἰσραὴλ
1058 4833 1473 4903 κατασκηνώσει
1495 4834 1791 4901 πεποιθὼς,

192 4901 289 4975 καὶ
321 4921 492 4975 τοῦτο
520 4923 582 4975 τὸ
614 4923 808 4994 ὄνομα,
850 4901 1132 4978 δίκαλέσει
1166 4901 1362 4989 αὐτούς
1400 4925 1625 4996 Κύριος,
1678 4928 1793 4980 Ἰω-

195 5014 357 5067 σεδὲκ
385 5016 449 5067 ὲν
478 5017 588 5079 τοῖς
615 5018 941 5088 προφήταις.
981 5017 1068 5069 Ἐν
1093 5019 1158 5087 τῇ
1188 5016 1369 5088 ἡμέρᾳ
1399 5017 1605 5089 ἐκείνῃ,
1641 5016 1793 5074 εἶπεν

193 5097 433 5171 Κύριος,
484 5106 757 5178 συντρίψω
810 5107 969 5176 ζυγὸν
1001 5107 1110 5161 ἀπὸ
1145 5110 1414 5180 τραχήλου
1448 5108 1649 5174 αὐτῶν,
1700 5112 1794 5165 καὶ

188 5194 323 5256 τοὺς
351 5192 801 5263 δεσμοὺςάύτῶν
830 5189 1128 5272 διαρρήξω,
1160 5200 1256 5255 καὶ
1289 5202 1387 5255 οὐκ
1410 5201 1679 5272 ὲργῶνται
1705 5204 1794 5257 αύο

188 5284 275 5336 τοὶ
304 5283 391 5338 ἔτι
423 5283 745 5359 ἀλλοτρίοις,
776 5292 871 5344 καὶ
901 5291 1170 5363 ὲργῶνται
1202 5285 1282 5363 τῷ
1321 5294 1511 5366 Κυρίῳ
1540 5293 1661 5366 Θεῷ
1689 5296 1789 5349 αύ-

185 5373 324 5437 τῶν,
352 5376 456 5430 καὶ
480 5376 569 5431 τὸν
594 5378 757 5432 Δαυῒδ
784 5379 1006 5451 βασιλέα
1027 5383 1204 5437 αὐτῶν
1230 5384 1517 5457 ἀναστήσω
1545 5386 1744 5449 αὐτοῖς.
1760 5406 1780 5439 ι

186 5462 427 5530 Τούτοις
453 5466 521 5521 τὰ
543 5472 896 5543 παραπλήσια
927 5476 1022 5529 καὶ⁵
1052 5477 1109 5529 ἐν
1139 5476 1312 5549 ἑτέρῳ
1336 5476 1430 5531 τοῦ
1463 5474 1629 5533 αὑτοῦ
1652 5493 1785 5549 προ-

183 5557 366 5627 φήτου
413 5558 567 5631 τόπῳ
609 5559 825 5634 εἴρηται
865 5565 923 5616 ὲν
963 5562 1189 5647 τούτοις·
1223 5590 1242 5619 ι
1292 5566 1419 5622 Ἰδοὺ
1455 5566 1658 5640 ἡμέραι
1697 5567 1786 5641 ἐρα

1899 4644 2045 4697 erit:
2093 4651 2149 4698 et
2198 4641 2367 4697 faciet
2400 4642 2671 4711 judicium
2709 4652 2763 4699 et
2799 4644 3067 4713 justitiam
3110 4647 3165 4700 in
3206 4654 3373 4702 terra.
3406 4645 3469 4703 In

1899 4733 2093 4789 diebus
2115 4733 2223 4789 illis
2250 4734 2552 4789 salvabitur
2574 4733 2714 4790 Juda
2731 4776 2747 4801 ,
2779 4743 2833 4791 et
2856 4734 3023 4792 lsrael
3051 4735 3316 4793 habitabit
3337 4752 3471 4793 con-

1899 4824 2168 4880 fidenter:
2217 4832 2273 4880 et
2312 4824 2418 4879 hoc
2458 4835 2543 4879 est
2583 4840 2781 4880 nomen
2825 4825 2970 4895 quod
3017 4825 3291 4880 vocabunt
3319 4842 3467 4889 eum,

1901 4914 2168 4973 Dominus
2191 4958 2206 4984 ,
2237 4914 2470 4972 Josedec
2500 4917 2554 4971 in
2586 4918 2870 4988 prophetis
2894 4918 2932 4971 ¹.
2954 4961 2966 4972 .
2990 4956 3005 4971 .
3030 4912 3088 4972 In
3118 4916 3206 4972 die
3234 4918 3325 4972 illa
3345 4957 3361 4982 ,
3391 4917 3469 4972 ait

1895 5008 2164 5065 Dominus
2189 5049 2204 5074 ,
2230 5018 2512 5065 conteram
2536 5010 2728 5082 jugum
2755 5010 2824 5067 de
2850 5011 2991 5066 collo
3018 5026 3207 5066 eorum
3224 5049 3240 5075 ,
3271 5017 3328 5066 et
3353 5010 3470 5066 vin-

1896 5103 2020 5157 cula
2044 5117 2237 5158 eorum
2264 5102 2605 5174 disrumpam
2628 5143 2643 5168 ,
2672 5110 2726 5158 et
2768 5118 2879 5158 non
2918 5100 3350 5158 dominabuntur
3386 5102 3467 5158 eis

1894 5194 2130 5265 amplius
2170 5195 2372 5260 alieni,
2418 5196 2516 5253 sed
2555 5197 2797 5252 servient
2838 5195 3072 5252 Domino
3104 5194 3214 5251 Deo
3242 5209 3376 5258 suo,
3412 5204 3468 5250 et

1893 5283 2064 5340 David
2102 5286 2215 5357 regi
2275 5300 2377 5342 suo
2404 5301 2565 5357 quem
2590 5287 2871 5343 suscitabo
2896 5287 2977 5342 eis
3006 5287 3049 5342 ².
3075 5305 3095 5339 ι
3119 5286 3220 5343 His
3252 5286 3363 5341 fere
3393 5285 3467 5341 si-

1892 5379 2043 5435 milia
2075 5380 2129 5434 in
2160 5379 2269 5433 alio
2300 5379 2549 5448 ejusdem
2584 5380 2865 5451 prophetae
2906 5380 3031 5435 loco
3073 5378 3336 5434 dicuntur
3376 5378 3464 5438 his

1889 5471 2072 5527 verbis
2099 5490 2111 5526 :
2138 5488 2156 5522 ι
2182 5469 2322 5525 Ecce
2349 5469 2467 5527 dies
2491 5472 2749 5537 veniunt,
2773 5470 2909 5527 dicit
2933 5468 3200 5541 Dominus
3218 5508 3235 5534 ,
3264 5476 3321 5525 et
3344 5475 3477 5540 s'us-j

1890 5566 2070 5623 citabo
2119 5566 2345 5623 verbum
2398 5565 2600 5622 bonum
2644 5564 2789 5636 quod
2834 5564 3053 5620 locutus
3098 5576 3225 5619 sum
3267 5560 3336 5617 ad
3365 5561 3466 5618 doc

254 5709 304 5802 ξ’
344 5710 489 5768 Luc.
516 5715 746 5802 manu,
780 5718 869 5774 55.
943 5720 988 5802 ξ’
1019 5717 1176 5801 Joan.
1211 5738 1269 5789 ι,
1306 5723 1393 5781 18.
1469 5722 1516 5758 ’⁸
1537 5721 1698 5779 Joan.
1734 5739 1847 5794 xix,
1874 5721 1962 5781 l5.
2040 5723 2084 5758 "
2115 5722 2224 5781 Jer.
2256 5737 2369 5789 xvt,
2405 5718 2599 5789 19%|;
2650 5736 2786 5791 xvn,
2811 5717 2867 5778 i.
2943 5716 2961 5753 ⁸
2995 5714 3108 5774 Jer.
3137 5731 3298 5785 nm,
3330 5712 3459 5782 5,6.

179 5782 203 5812 '
231 5779 351 5836 Jcr.
391 5798 524 5851 xxx,
555 5785 610 5849 8,
638 5785 691 5840 9.

522 5880 788 5946 Puncta
838 5882 958 5947 Gn.
990 5884 1207 5948 XXII.

3038 5870 3235 5951 37‘
