3926 6260
547 339 683 394 1163

1243 339 1510 395 EUSEBII
1549 342 2032 400 CASSARIENSS
2068 344 2219 402 OPP.
2269 343 2453 398 PARS
2492 343 2577 397 111.
2621 378 2687 386 —
2727 344 3136 403 EXEGETICA.

3632 357 3734 413 IIGI

546 475 691 512 unum
723 457 886 511 Israel
913 465 966 512 et
996 457 1061 511 ad
1095 456 1316 512 domum
1341 457 1503 514 .Iuda.
1533 458 1591 514 In
1622 460 1820 516 diebus
1851 462 1958 518 illis
1987 469 2041 517 et
2068 462 2095 515 ἱι

2226 477 2431 532 χον-σαι,
2468 461 2615 529 λέγει
2643 461 2863 532 Κύριος,
2901 463 2994 514 καὶ
3020 461 3368 534 ἐξαναστήσω
3396 480 3470 516 σοι
3495 463 3571 518 τὸν
3591 467 3642 529 (1.
3666 470 3732 540 56)

546 560 788 620 tempore
816 549 910 603 illo
932 589 946 610 ,
980 551 1294 620 germinare
1327 551 1525 605 faciam
1578 551 1748 607 David
1789 570 2012 624 germen
2041 555 2125 625 ju-

543 645 706 698 stitize
736 643 777 697 ³.
809 662 828 694 ι
856 642 1067 708 Quibus
1122 646 1388 700 continuo
1443 646 1666 716 subjicit
1697 667 1710 702 :
1775 668 1791 698 ι
1818 648 1954 714 Quia
2009 649 2122 704 hzec

540 737 671 789 dicit
721 733 1029 790 Dominus:
1080 734 1196 790 Non
1253 736 1500 790 interibit
1545 737 1612 792 de
1655 736 1825 792 David
1875 741 1977 803 vir,
2025 740 2119 810 qui

540 828 724 882 sedeat
770 844 935 898 super
966 829 1226 883 thronum
1277 829 1476 883 domus
1509 829 1674 885 Israel
1706 851 1718 884 :
1757 841 1810 886 et
1845 831 1910 885 de
1940 847 2121 886 sacer-

535 918 756 974 dotibus
786 928 839 973 et
869 921 936 976 de
973 919 1176 975 Levitis
1211 937 1318 975 non
1355 922 1602 977 interibit
1638 925 1721 976 vir
1753 940 1782 978 a
1820 925 1959 979 facie
1999 941 2120 980 mea

535 1009 626 1078 qui
654 1009 844 1064 olIerat
873 1010 1312 1065 holocautomata
1333 1051 1346 1075 ,
1377 1021 1430 1066 et
1459 1013 1716 1066 incendat
1749 1014 2081 1068 sacrilicium
2101 1054 2115 1078 ,

533 1111 586 1158 et
626 1103 796 1157 caedat
834 1105 1085 1159 victimas
1116 1105 1373 1159 omnibus
1405 1106 1602 1161 diebus
1637 1107 1678 1160 δ.
1719 1126 1738 1160 ι
1770 1106 1833 1161 Ει
1879 1122 2112 1162 rursus:

537 1216 555 1246 ι
583 1196 707 1251 Ilaec
735 1197 869 1251 dicit
901 1196 1168 1252 Dominus
1199 1218 1209 1252 :
1247 1199 1303 1251 Si
1352 1200 1568 1255 irritum
1617 1209 1797 1272 potest
1851 1202 1965 1257 fieri
2020 1219 2115 1273 pa-

530 1299 681 1344 ctum
714 1305 892 1344 meum
922 1304 1045 1343 cum
1078 1290 1167 1344 die
1193 1331 1207 1352 ,
1239 1300 1292 1345 et
1324 1300 1542 1361 pactum
1566 1309 1745 1348 meum
1779 1309 1904 1348 cum
1932 1304 2110 1361 nocte,

531 1390 590 1434 ut
623 1399 730 1436 non
770 1383 841 1436 sit
885 1382 1003 1438 dies
1039 1390 1093 1437 et
1134 1398 1242 1436 nox
1274 1385 1329 1438 in
1359 1394 1603 1455 tempore
1635 1402 1767 1452 suo;
1801 1396 1856 1442 et
1892 1398 2109 1457 pactum

531 1491 708 1529 meum
742 1475 952 1529 irritum
985 1491 1107 1530 esse
1137 1477 1338 1546 poterit
1367 1494 1491 1533 cum
1538 1478 1705 1533 David
1748 1495 1906 1534 servo
1951 1497 2106 1546 meo,

530 1575 589 1618 ut
621 1582 726 1620 non
757 1568 826 1621 sit
856 1583 918 1622 ex
951 1582 1016 1621 eo
1047 1566 1189 1622 ﬁlius
1219 1570 1311 1638 qui
1345 1578 1533 1640 regnet
1565 1571 1617 1624 in
1648 1571 1848 1626 throno
1875 1572 2024 1639 ejus,
2054 1583 2108 1626 et

529 1657 729 1712 Levita:
756 1667 809 1712 et
841 1659 1157 1715 sacerdotes
1189 1662 1429 1716 ministri
1463 1664 1586 1716 mei.
1611 1662 1767 1717 Sicut
1796 1667 2104 1720 enumerari

527 1766 635 1804 non
661 1760 891 1821 possunt
917 1754 1092 1808 stella:
1115 1754 1240 1808 ςαξιί
1263 1794 1275 1816 ,
1305 1766 1358 1808 et
1386 1756 1565 1810 metiri
1597 1771 1764 1810 arena
1796 1758 1992 1820 maris,
2024 1758 2103 1812 sic

2226 553 2382 621 λόγον
2419 569 2520 620 μου
2551 551 2641 605 τὸν
2669 551 2893 620 ἀγαθὸν,
2932 553 2991 606 ὃν
3021 553 3260 624 ἐλάλησα
3292 554 3380 606 ἐπὶ
3405 555 3488 608 τὸν
3508 550 3631 610 οἷκον
3659 559 3732 614 Ἰε-

2229 641 2510 713 ρουσαλὴμ
2555 641 2649 695 καὶ
2693 643 2786 695 ἐπὶ
2812 643 2903 696 τὸν
2925 638 3073 698 οἷκον
3110 643 3299 697 ’1ούδα”
3335 645 3391 697 ἐν
3420 649 3526 710 ταῖς
3552 649 3732 722 ἡμέραις

2225 735 2460 798 ἐκείναις
2498 735 2592 800 καὶ
2630 738 2686 788 ἐν
2715 735 2794 807 τῷ
2825 737 3002 808 καιρῷ
3042 735 3235 808 ἐκείνῳ
3264 738 3495 792 ἁνατελῶ
3518 741 3583 811 τῷ
3611 746 3731 799 Δαυῖδ

2223 827 2487 898 ἀνατολὴν
2533 827 2766 882 δικαίαν.
2813 852 2832 881 ι
2869 825 2962 893 Οἷς
3007 828 3133 900 ἑξῆς
3175 829 3440 902 ἐπιφέρει,
3483 833 3555 885 ὅτι
3583 853 3598 885 ι
3625 837 3728 890 Τάδε

2221 917 2364 986 λέγει
2401 917 2622 988 Κύριοςο
2669 920 2782 972 Οὐκ
2829 919 3338 992 ἐξολοθρευθήσεται
3364 921 3438 990 τῷ
3473 923 3611 977 Δαυῖδ
3630 927 3730 998 ἀνὴρ

2221 1011 2529 1082 καθήμενος
2563 1013 2653 1064 ἐπὶ
2681 1012 2873 1083 θρόνου
2897 1013 3046 1066 οἴκου
3083 1014 3316 1086 Ἰσραήλ⁸
3347 1016 3437 1068 καὶ
3456 1018 3555 1079 τοῖς
3575 1016 3729 1086 ἱερεῦσι

2217 1109 2330 1169 τοῖς
2371 1107 2643 1168 Λευῖταις’
2676 1105 2773 1157 οὐκ
2811 1104 3319 1178 ἐξολοθρευθήσεται
3363 1107 3494 1178 ἀνὴρ
3523 1111 3578 1161 ἐκ
3606 1125 3728 1179 7:90:-

2216 1197 2366 1251 ώπου
2400 1216 2501 1269 μου
2535 1199 2820 1270 ἀναφέρων
2852 1198 3278 1270 ὁλοκαυτώματα
3305 1200 3399 1252 καὶ
3425 1199 3552 1252 θύων
3567 1199 3725 1267 θυσίαν,

2216 1291 2309 1343 καὶ
2349 1289 2518 1344 ποιῶν
2560 1289 2710 1361 θῦμα
2759 1290 2940 1353 πάσας
2986 1290 3084 1354 τὰς
3129 1291 3362 1362 ἡμέρας.
3398 1310 3417 1344 ι
3458 1292 3555 1344 Καὶ
3589 1293 3724 1345 πάλιν·

2218 1401 2235 1432 ι
2275 1383 2410 1436 Τάδε
2446 1382 2589 1450 λέγει
2624 1382 2844 1454 Κύριος·
2884 1383 2946 1434 ΕΞ
2984 1382 3362 1436 διασκεδάσετε
3401 1383 3491 1454 τὴν
3520 1383 3726 1456 διαθήκην

2213 1491 2314 1543 μου
2356 1473 2453 1544 τὴν
2499 1474 2734 1544 ἡμέραν,
2781 1473 2876 1526 καὶ
2912 1472 3010 1543 τὴν
3039 1472 3302 1546 διαθήκην
3338 1491 3436 1544 μου
3467 1473 3556 1546 τὴν
3582 1476 3724 1539 νύκτα,

2207 1570 2301 1623 τοῦ
2335 1569 2408 1641 μὴ
2440 1565 2581 1623 εἶναι
2615 1570 2827 1642 ἡμέραν
2863 1569 2956 1623 καὶ
2989 1569 3159 1622 νύκτα
3190 1571 3246 1622 ἐν
3281 1569 3361 1641 τῷ
3387 1571 3548 1642 καιρῷ
3573 1571 3724 1624 αὐτῶν·

2207 1664 2301 1717 καί
2333 1681 2396 1732 γε
2428 1663 2461 1733 ή
2491 1663 2735 1734 Διαθήκη
2773 1681 2873 1734 μου
2909 1663 3430 1733 διασκεδασθήσεται
3460 1663 3581 1733 μετὰ
3606 1663 3727 1716 Δαυῖδ

2207 1755 2301 1808 τοῦ
2329 1755 2518 1809 δούλου
2550 1771 2673 1826 μου,
2713 1755 2806 1807 τοῦ
2841 1753 2914 1826 μὴ
2951 1750 3088 1808 εἶναι
3124 1753 3272 1824 αὑτῷ
3295 1754 3410 1806 υἱὸν
3444 1753 3726 1824 βασιλεύοντα

525 1845 896 1914 multiplicabo
945 1861 1130 1901 semen
1181 1845 1352 1901 David
1401 1848 1544 1902 servi
1599 1848 1728 1912 mei,
1781 1857 1835 1904 et
1886 1848 2095 1904 Levitas

2206 1848 2298 1900 ἐπὶ
2335 1846 2427 1900 τοῦ
2461 1846 2652 1918 θρόνου
2683 1845 2870 1910 αὐτοῦ,
2910 1848 3004 1900 καὶ
3045 1849 3171 1910 τοὺς
3195 1847 3427 1910 Λευῒτας
3464 1847 3578 1908 τοὺς
3607 1847 3726 1916 ἱερεῖς

523 1939 806 1993 ministros
842 1955 991 1994 meos
1025 1941 1066 1992 ⁵.
1099 1959 1118 1991 ι
1149 1941 1327 2010 Atque
1359 1939 1557 1994 iterum
1591 1948 1717 2012 post
1761 1957 1934 2012 pauca
1978 1944 2053 1997 ait
2084 1963 2094 1998 :

525 2050 544 2078 ο
580 2029 704 2084 Haec
733 2031 866 2085 dicit
894 2030 1198 2087 Dominus:
1232 2032 1290 2086 Si
1321 2041 1542 2102 pactum
1575 2049 1752 2087 meum
1783 2034 1928 2088 inter
1955 2033 2098 2088 diem

519 2131 571 2175 et
603 2129 848 2186 noctem,
880 2129 934 2177 et
962 2123 1110 2193 leges
1141 2123 1281 2178 coelo
1307 2133 1361 2177 et
1397 2133 1555 2178 terrae
1586 2141 1691 2180 non
1718 2127 1874 2196 posui
1901 2145 1915 2192 ;
1943 2126 2101 2196 equi-

519 2213 641 2267 dem
671 2224 723 2268 et
751 2230 934 2270 semen
967 2213 1138 2269 Jacob
1164 2223 1218 2269 et
1250 2214 1418 2270 David
1455 2217 1597 2271 servi
1633 2217 1735 2271 mei
1770 2218 2054 2288 projiciam
2079 2259 2094 2284 ,

519 2314 578 2360 ut
606 2321 712 2361 non
746 2323 1021 2362 assumam
1050 2308 1116 2361 de
1147 2309 1357 2362 semine
1389 2308 1510 2376 ejus
1558 2310 1837 2380 principes
1868 2313 2096 2367 seminis

516 2396 789 2450 Abraham
810 2437 824 2460 ,
861 2395 1015 2452 Isaac
1046 2405 1100 2451 et
1131 2395 1302 2451 Iacob
1331 2399 1371 2452 ⁸.
1407 2418 1424 2449 ›
1454 2395 1742 2462 Quodnam
1795 2398 1938 2451 enim
1971 2413 2088 2468 ger-

517 2506 640 2543 men
691 2487 954 2544 Dominus
1012 2488 1203 2542 Davidi
1259 2489 1629 2544 suscitaturus
1659 2489 1794 2543 est?
1842 2488 2093 2544 Divinum

520 2581 778 2647 Verbum,
808 2582 876 2638 de
923 2599 1033 2653 quo
1079 2583 1214 2636 alias
1263 2581 1466 2636 dicitur
1493 2600 1505 2635 :
1541 2600 1557 2632 ι
1589 2580 1730 2635 Ecce
1761 2582 1864 2644 vir,
1896 2578 2093 2637 Oriens

515 2691 712 2730 nomen
755 2676 876 2742 ejus
909 2677 928 2705 ⁷
957 2693 972 2742 ;
1006 2695 1022 2725 ι
1053 2675 1146 2744 qui
1195 2683 1248 2728 et
1295 2681 1626 2744 regnaturus
1671 2674 2089 2743 praenuntiatur,

514 2781 578 2822 ac
615 2787 632 2818 ι
661 2768 884 2838 sapiens
915 2767 1019 2821 erit
1052 2774 1105 2819 ct
1145 2764 1307 2818 faciet
1335 2764 1604 2833 judicium
1636 2772 1691 2818 et
1729 2764 2004 2833 justitiam
2038 2765 2091 2817 in

512 2867 680 2914 terra.
712 2880 729 2912 ι
755 2859 853 2915 IIic
879 2868 927 2913 et
962 2860 1014 2914 in
1049 2859 1294 2913 tenebris
1325 2857 1645 2913 sedentibus
1677 2857 1875 2910 animis
1905 2868 2092 2926 surget

511 2953 600 3006 lux
633 2953 687 3007 in
723 2953 935 3008 cmlesti
968 2967 1140 3022 regno
1181 2968 1320 3017 suo;
1386 2953 1617 3022 quique.
1659 2951 1814 3020 juxta
1856 2951 2090 3020 Aposto—

510 3047 741 3108 stolum,
781 3065 798 3097 ι
830 3046 1110 3116 plenitudo
1153 3045 1397 3116 gentium
1432 3045 1659 3098 intrabit
1689 3045 1732 3106 ⁸,
1767 3065 1784 3096 ι
1818 3051 1872 3098 et
1907 3043 2086 3098 omnis

511 3154 671 3193 verus
700 3137 863 3193 Israel
892 3153 1016 3192 eum
1043 3138 1312 3207 spirituali
1339 3135 1498 3191 Iuda.
1527 3135 1921 3200 Salvabuntur,
1946 3151 2084 3206 quos

2203 1941 2327 2003 τοὺς
2358 1939 2805 2010 λειτουργοῦντὰς
2843 1957 2951 2008 μοι’
2982 1939 3058 2002 ὡς
3096 1941 3196 1992 οὐκ
3231 1939 3722 2011 ἐξαριθμηθήσεταιή

2200 2031 2428 2104 δύναμις
2454 2033 2548 2086 τοῦ
2577 2033 2829 2105 οὐρανοῦ,
2869 2033 2989 2086 οὐδέ
3030 2033 3499 2104 ἐκμετρηθήσεται
3531 2035 3558 2102 ἡ
3585 2032 3722 2102 ἄμμος

2199 2125 2299 2194 τῆς
2330 2125 2626 2197 θαλάσσης,
2662 2125 2834 2190 οὕτως
2869 2124 3125 2196 πληθυνῶ
3155 2125 3217 2178 τὸ
3246 2125 3467 2197 σπέρμα
3497 2123 3632 2176 Δαυῖδ
3656 2123 3722 2175 τοῦ

2198 2218 2384 2271 δούλου
2435 2237 2534 2289 μου
2585 2221 2679 2272 καὶ
2722 2220 2849 2282 τοὺς
2895 2219 3125 2281 Λευῖτας
3170 2218 3295 2280 τοὺς
3341 2214 3723 2288 λειτουργοῦντας

2201 2328 2311 2381 μοι.
2348 2332 2364 2363 ι
2392 2313 2501 2366 Καὶ
2537 2307 2692 2375 αὖθις
2729 2312 2864 2382 μετὰ
2897 2311 3102 2382 βραχέα
3131 2310 3368 2380 εἴρηται·
3408 2329 3425 2360 ι
3465 2309 3588 2362 Τάδε
3615 2307 3720 2376 λέγει

2198 2403 2420 2474 Κύριος·
2467 2403 2528 2455 EI
2577 2401 2651 2473 μὴ
2697 2401 3004 2472 διαθήκηίν)
3051 2418 3151 2470 μου
3186 2400 3404 2471 ἡμέρας
3437 2400 3526 2454 καὶ
3560 2398 3718 2460 νυκτὸς.

2197 2494 2586 2566 ἀκριϐἁσματα
2619 2493 2852 2564 οὐρανοῦ
2882 2494 2976 2546 καὶ
3005 2495 3106 2562 γῆς
3140 2492 3242 2545 οὐκ
3287 2491 3468 2558 ἔταξα,
3499 2491 3580 2544 καί
3609 2507 3656 2559 γε
3676 2491 3720 2542 τὸ

2198 2585 2420 2658 σπέρμα
2457 2584 2650 2640 Ἰακὼϐ
2677 2585 2769 2638 καὶ
2799 2583 2960 2636 Δαυῒδ
2980 2584 3070 2636 τὸν
3095 2583 3285 2637 δοῦλόν
3319 2601 3422 2654 μου
3441 2581 3716 2651 ἀποδοκιμῶ,

2193 2678 2286 2732 τοῦ
2333 2677 2406 2750 μὴ
2445 2677 2632 2732 λαϐεῖν
2673 2680 2737 2730 ἐκ
2779 2676 2869 2729 τοῦ
2920 2677 3234 2748 σπέρματος
3267 2673 3432 2728 αὑτοῦ
3465 2675 3713 2746 ἄρχονται

2194 2771 2304 2822 Καὶ
2340 2771 2423 2832 τίς
2453 2769 2518 2822 ἂν
2562 2769 2646 2839 εἴη
2701 2768 2804 2820 ὑπὸ
2843 2767 2936 2820 τοῦ
2987 2768 3193 2838 Κυρίου
3242 2767 3627 2838 ἀναστησομένη
3664 2763 3717 2832 τῷ

2193 2861 2354 2914 Δαυῒδ
2384 2862 2650 2933 ἀνατολή;
2696 2861 2754 2913 '0
2795 2860 2936 2921 θεῖος
2966 2860 3157 2928 Λόγος,
3192 2859 3324 2931 περὶ
3351 2854 3411 2912 οὗ
3449 2859 3536 2912 καὶ
3566 2859 3614 2909 ἐν
3633 2855 3716 2908 έτέ-

2134 2944 2137 2952 ’
2195 2972 2307 3026 ροις
2335 2955 2567 3025 εἴρηται,
2604 2972 2621 3003 ι
2646 2953 2774 3006 Ἰδοὺ
2808 2950 2964 3023 ἀνὴρ,
3009 2950 3269 3022 Ἀνατολὴ
3300 2950 3468 3022 ὄνομα
3491 2945 3715 3018 αὐτῷ·ιᾷ

2189 3048 2284 3100 καὶ
2339 3046 2675 3118 βασιλεύσειν
2730 3043 3133 3117 προφητεύεται
3177 3045 3275 3097 καὶ
3313 3063 3332 3095 ί
3387 3043 3611 3114 συνήσειν
3649 3036 3714 3090 καὶ

2189 3139 2435 3210 ποιήσειν
2459 3139 2632 3211 κρίμα
2659 3138 2753 3192 καὶ
2783 3136 3127 3208 δικαιοσύνην
3155 3137 3250 3190 ἐπὶ
3279 3139 3380 3208 τῆς
3407 3138 3521 3207 γῆς,
3549 3154 3565 3185 ι
3593 3129 3715 3192 Dim;

505 3239 562 3286 ct
591 3232 806 3286 vocabit
852 3231 1004 3302 ipsos
1051 3230 1317 3285 Dominus
1357 3229 1682 3285 nominatim
1707 3269 1721 3292 ,
1755 3243 1896 3298 quos
1934 3229 2086 3299 ipsos

2197 3231 2244 3285 δὲ
2273 3232 2366 3285 καὶ
2391 3234 2512 3295 ταῖς
2549 3234 2606 3285 ἐν
2641 3230 2821 3283 σκότει
2857 3229 3195 3301 καθημέναις
3227 3228 3428 3299 ψυχαῖς
3469 3221 3714 3292 ἐξανατελεῖ

505 3323 704 3392 dignos
739 3323 1014 3392 judicabit
1059 3324 1112 3377 in
1156 3323 1418 3387 Josedec,
1462 3322 1606 3392 quod
1656 3323 2085 3393 interpretantur

505 3415 602 3470 Dei
621 3417 820 3485 justas.
858 3415 916 3470 In
943 3414 1032 3472 die
1062 3423 1242 3470 autem
1273 3415 1365 3470 illa
1387 3454 1402 3479 ,
1434 3430 1558 3470 cum
1593 3415 1909 3470 liberaverit
1939 3413 2083 3470 Deus

503 3522 598 3561 eos
627 3520 656 3558 a
689 3505 892 3561 diaboli
926 3506 1192 3560 servitute
1213 3545 1227 3569 ,
1259 3506 1394 3560 adeo
1427 3512 1486 3559 ut
1526 3520 1635 3560 non
1676 3506 1791 3575 jam
1831 3505 1947 3570 illi,
1979 3505 2081 3559 soli

503 3613 636 3654 vero
668 3597 904 3652 Domino
936 3596 1051 3651 Deo
1082 3596 1358 3660 serviant,
1391 3597 1664 3650 oriturum
1694 3596 1776 3651 eis
1805 3595 1948 3650 Deus
1978 3595 2083 3650 Da-

501 3691 677 3747 videm
710 3708 891 3763 regem
921 3691 1234 3762 pollicetur,
1287 3689 1502 3746 scilicet
1546 3696 1734 3743 natum
1783 3703 1813 3743 e
1856 3688 2080 3745 Davidis

500 3783 709 3838 semine
761 3781 1097 3838 Salvatorem
1156 3788 1404 3836 nostrum
1437 3821 1455 3846 ,
1508 3796 1669 3852 quem
1727 3781 2080 3851 peculiariter

500 3874 802 3945 Scriptura:
833 3876 936 3930 hoc
963 3873 1392 3944 designaverunt
1422 3873 1661 3928 nomine.
1691 3869 1750 3926 In
1783 3873 1886 3928 hac
1912 3874 2080 3945 igitur

497 3971 784 4042 prophetia
843 3971 1014 4026 David
1075 3957 1378 4027 secundum
1437 3968 1776 4025 Salvatorem
1825 3977 2076 4025 nostrum

495 4064 848 4119 existimatus
877 4063 1040 4118 homo
1071 4063 1294 4118 dicitur.
1343 4062 1578 4118 Germen
1626 4072 1808 4117 autem
1845 4063 2076 4131 justitiw

494 4156 667 4212 deitas
697 4164 781 4212 est
809 4171 930 4226 quae
957 4157 1011 4210 in
1044 4157 1163 4226 ipso
1189 4158 1350 4229 viget,
1377 4175 1395 4208 ι
1422 4156 1502 4212 sol
1519 4156 1834 4226 justitia“:
1869 4155 1925 4210 in
1954 4156 2075 4211 aliis

494 4249 801 4319 appellata;
835 4264 960 4302 cum
1011 4248 1235 4319 quidem
1264 4267 1281 4300 ι
1313 4249 1405 4302 lux
1439 4263 1599 4311 vera,
1631 4265 1754 4319 quae
1788 4249 2070 4303 illuminat

492 4357 709 4395 omnem
758 4341 1032 4396 hominem
1062 4341 1369 4396 venientem
1400 4340 1454 4394 in
1489 4341 1634 4395 hunc
1677 4340 1937 4395 mundum
1973 4343 2016 4396 ’.
2047 4360 2066 4392 ι

2186 3323 2300 3394 φῶς
2322 3324 2463 3378 κατὰ
2492 3325 2588 3394 τὴν
2610 3323 2890 3393 βασιλείαν
2917 3321 3078 3375 αὐτοῦ
3104 3320 3201 3392 τὴν
3233 3320 3566 3392 ἐπουράνιον·
3614 3314 3710 3367 ἐπὰν

2183 3417 2239 3471 δὲ
2287 3417 2428 3471 κατὰ
2477 3417 2567 3470 τὸν
2627 3416 2947 3470 Ἀπόστολον
3001 3434 3017 3465 ι
3051 3416 3111 3468 τὸ
3154 3414 3429 3488 πλήρωμα
3457 3413 3554 3464 τῶν
3588 3405 3709 3461 ἐθνῶν

2183 3509 2420 3580 είσελθῇ,
2465 3530 2482 3560 ι
2532 3508 2627 3562 καὶ
2677 3510 2785 3572 πᾶς
2831 3511 2860 3561 ό
2906 3507 3158 3577 ἀληθινὸς
3221 3505 3442 3578 Ἰσραὴλ
3489 3502 3607 3575 μετὰ
3644 3497 3708 3551 τοῦ

2183 3600 2553 3671 πνευματικοῦ
2591 3599 2762 3654 ’ἰούδα
2805 3599 3127 3672 σωθήσεται,
3165 3599 3264 3664 οὓς
3311 3601 3404 3654 καὶ
3429 3591 3704 3651 καλέσειαῦ-

2182 3694 2306 3756 τοὺς
2335 3695 2364 3745 ὁ
2393 3691 2600 3764 Κύριος
2637 3692 2916 3762 ὀνομαστὶ,
2947 3690 3040 3756 οὓς
3068 3692 3255 3757 ἀξίους
3290 3692 3484 3754 αὐτοὺς
3505 3688 3650 3758 κρινεῖ
3666 3685 3705 3735 ἐν

2180 3784 2258 3854 τῷ
2302 3785 2622 3849 Ἰωσεδεκὶν,
2675 3786 2811 3858 ὅπερ
2861 3782 3227 3856 ἑρμηνεύεται
3269 3787 3324 3837 οὶ
3366 3781 3470 3836 τοῦ
3495 3778 3619 3834 Θεοῦ
3642 3774 3702 3827 δι’·

2180 3893 2354 3930 καίοι.
2408 3877 2495 3929 Ἐν
2517 3876 2702 3950 ἐκείνῃ
2737 3876 2794 3929 δὲ
2831 3879 2896 3947 τῇ
2927 3874 3112 3947 ἡμέρᾳ
3148 3873 3288 3946 μετὰ
3313 3874 3375 3927 τὸ
3401 3866 3700 3940 ἐλευθερῶσαι

2176 3969 2270 4023 τὸν
2287 3969 2418 4023 Θεὸν
2441 3970 2565 4033 τοὺς
2593 3969 3029 4041 προειρημένους
3065 3966 3172 4020 ἀπὸ
3205 3967 3306 4038 τῆς
3339 3965 3442 4018 ὑπό
3469 3964 3550 4016 τὸν
3573 3956 3701 4012 M60-

2176 4061 2268 4116 λον
2308 4061 2705 4133 αἰχμαλωσίας,
2749 4061 2825 4123 ὡς
2873 4059 3070 4131 μηκέτι
3121 4060 3218 4130 μὲν
3269 4059 3483 4127 ἐκείνῳ,
3525 4045 3700 4124 μόνῳᾶ

2175 4153 2367 4225 Κυρίῳ
2395 4153 2471 4223 τῷ
2497 4152 2615 4223 Θεῷ
2641 4151 2820 4205 αὐτῶν
2839 4149 3143 4222 λατρεύειν,
3172 4151 3498 4220 ἀναστήσειν
3524 4137 3699 4202 αὐτοῖςό

2175 4245 2307 4309 Θεὸς
2350 4247 2688 4316 ὑπισχνεῖται
2723 4243 2944 4314 βασιλέα
2980 4242 3072 4295 τὸν
3099 4242 3281 4305 Δαυῖδ,
3311 4242 3410 4295 οὐκ
3445 4239 3584 4294 ἄλλον
3609 4233 3698 4285 ὄντα

2172 4336 2267 4391 τοῦ
2297 4339 2361 4391 ἐκ
2390 4338 2704 4408 σπέρματος
2729 4335 2893 4388 Δαυῒδ
2933 4336 3228 4406 γενομένου
3277 4334 3521 4404 Σωτῆρος
3559 4323 3692 4398 ἡμῶν*

491 4432 602 4488 Deo
655 4433 820 4504 igitur
864 4433 1033 4496 dicit,
1085 4433 1230 4503 quod
1275 4449 1387 4488 non
1435 4432 1682 4488 interibit
1726 4433 1810 4486 vir
1855 4433 1966 4488 dux
2016 4441 2072 4488 et

2197 4450 2230 4485 ’ν
2255 4431 2522 4502 διαφόρως
2560 4434 2615 4484 αἱ
2649 4432 2861 4502 Γραφαὶ
2891 4432 2986 4485 καὶ
3012 4433 3187 4502 τούτῳ
3209 4433 3508 4502 προσεῖπαν
3531 4423 3594 4493 τῷ
3612 4418 3692 4472 M-

488 4527 744 4598 princeps
787 4527 1047 4583 Ecclesia:
1087 4527 1232 4597 ejus,
1281 4528 1586 4597 spiritualis
1611 4527 1823 4582 scilicet
1867 4526 2066 4581 domus

2197 4541 2326 4578 ιατι.
2363 4524 2420 4576 Ὁ
2455 4523 2554 4594 μὲν
2590 4519 2683 4576 οὖν
2717 4525 2774 4576 ἐν
2803 4527 2869 4594 τῇ
2908 4524 3216 4595 προφητείᾳ
3255 4522 3418 4576 Δαυῒδ
3445 4515 3610 4574 ὁκατά
3629 4510 3690 4561 τὸν

487 4621 655 4675 Israel
684 4638 700 4686 ;
729 4635 828 4675 nec
860 4621 1180 4690 spirituales
1211 4617 1306 4674 Dei
1338 4619 1657 4675 sacerdotes
1695 4633 1936 4688 unquam
1969 4618 2066 4674 de-

2197 4617 2394 4686 ζωτῆρα
2417 4615 2574 4686 ἡμῶν
2597 4615 2716 4670 νοού
2726 4633 2882 4686 μενος
2907 4615 3192 4687 ἄνθρωπος
3217 4616 3453 4684 λέγεται*
3479 4615 3508 4683 ἡ
3531 4609 3578 4663 δὲ
3599 4608 3689 4659 ἀνα⁸

487 4713 732 4769 fecturos
783 4728 907 4768 esse
951 4711 1238 4783 Scriptura
1283 4713 1664 4782 pr0phetizat,
1721 4711 1850 4765 thus
1898 4710 2065 4780 spiri-

2198 4708 2292 4778 ολὴ
2315 4709 2348 4779 ἡ
2377 4708 2583 4770 δικαία,
2611 4709 2645 4778 ἡ
2669 4710 2786 4761 κατ’
2811 4709 2972 4762 αὑτὸν
2995 4707 3296 4780 ἐνεργοῦσα
3321 4708 3520 4776 θεότης,
3545 4722 3560 4751 ι
3584 4697 3686 4768 ἥλιος

485 4803 631 4858 tuale
663 4803 918 4865 ferentes,
953 4817 1285 4872 suavemque
1313 4801 1585 4856 bonorum
1615 4815 1839 4871 Operum
1885 4799 2064 4854 dicto-

2197 4801 2504 4870 ικαιοσύνης
2535 4820 2552 4850 ›
2590 4802 2648 4854 ἐν
2692 4801 2872 4864 ἄλλοις
2901 4799 3302 4872 ὀνομαζομένη·
3353 4797 3470 4852 ἐπεὶ
3506 4794 3582 4847 καὶ
3608 4808 3621 4839 t
3647 4783 3685 4836 τὸ

484 4911 675 4950 rumve
703 4895 926 4949 odorem
947 4934 961 4958 ,
993 4908 1209 4947 necnon
1266 4893 1611 4949 incruentam
1645 4909 1950 4965 puramque
1979 4896 2061 4950 vi-

2197 4893 2283 4957 »ῶς
2316 4893 2376 4946 τὸ
2403 4893 2653 4965 ἀληθινὸν
2681 4893 2710 4946 ὃ
2745 4893 2970 4963 φωτίζει
3002 4893 3180 4947 πάντα
3203 4893 3482 4965 ἄνθρωπον
3510 4880 3681 4956 ἐρχόμεο

482 4989 730 5042 ctimam.
773 4985 908 5051 Qua:
947 4986 1093 5038 enim
1137 4987 1194 5040 ni
1225 4985 1299 5039 ita
1333 4986 1712 5055 acceperimus
1735 5027 1750 5049 ,
1782 4987 2058 5042 mendacii

2197 5003 2253 5037 ον
2283 4988 2362 5049 εἰς
2391 4985 2480 5039 τὸν
2512 4985 2713 5056 κόσμον
2745 5006 2764 5038 ›
2807 4986 2907 5039 οὐκ
2952 4985 3086 5056 ἄλλη
3133 5003 3217 5048 τις
3258 4983 3421 5038 αὐτοῦ
3463 4976 3676 5046 τυγχάνει»

483 5079 800 5150 prophetias
829 5085 1103 5147 arguunt,
1137 5092 1262 5132 cum
1307 5078 1590 5133 terrestris
1629 5077 1855 5132 Davidis
1899 5078 2056 5133 thro-

2197 5077 2258 5148 Τῷ
2291 5076 2410 5148 Θεῷ
2447 5077 2624 5131 τοίνυν
2665 5076 2828 5148 φησὶν
2863 5077 2964 5130 οὐκ
3001 5070 3533 5146 ἐξολοθρευθήσεσθαι
3559 5057 3675 5126 ἄνδρα

482 5187 585 5227 nus
632 5171 985 5240 typicumque
1013 5169 1400 5231 sacerdotium,
1432 5184 1541 5224 non
1584 5172 1696 5239 jam
1729 5170 2052 5225 subsistant.

2202 5169 2296 5238 γού
2306 5186 2477 5240 μενον
2493 5170 2585 5222 καὶ
2615 5168 2930 5241 προεστῶτα
2951 5171 3049 5240 τῆς
3073 5165 3396 5236 Έκκλησίας
3422 5150 3673 5250 αὐτονξνῆῖιῖ

481 5263 703 5317 Davidis
743 5262 964 5331 quidem
999 5277 1029 5315 e
1061 5261 1272 5316 semine
1304 5276 1462 5330 reges
1490 5261 1603 5330 jam
1634 5261 1889 5316 Jeremim
1915 5272 2054 5316 tem-

2197 5260 2308 5314 στὶν
2338 5263 2366 5314 ὁ
2408 5261 2776 5330 πνευματικὸς
2818 5256 2964 5323 οἶκος
3022 5257 3255 5331 Ἰσραήλ·
3302 5250 3414 5306 ἀλλ’
3453 5244 3556 5300 οὐδὲ
3585 5244 3670 5297 τοὺς

483 5355 708 5421 poribus
749 5352 961 5408 detrusi
998 5359 1192 5418 erant;
1238 5352 1492 5408 Ievitieus
1530 5367 1660 5408 vero
1683 5393 1698 5417 ,
1743 5353 2056 5408 sacerdota-

2197 5353 2298 5407 ατὰ
2325 5354 2562 5408 διάνοιαν
2591 5357 2757 5426 ἱερεῖς
2775 5352 2870 5406 τοῦ
2897 5352 3032 5407 Θεοῦ
3056 5347 3347 5418 διαλείψειν
3371 5347 3398 5398 ὁ
3417 5342 3554 5408 λόγος
3577 5348 3669 5426 προς

482 5419 654 5513 lisque
683 5445 865 5500 cultus
907 5460 1014 5500 non
1059 5446 1234 5499 multo
1281 5453 1406 5515 post
1441 5443 1746 5500 Salvatoris
1793 5445 2052 5500 incarna-

2197 5445 2399 5516 ητεύει,
2430 5447 2491 5500 τὸ
2521 5419 2892 5516 πνευματικὸν
2930 5443 3301 5514 ἀναφέροντας
3333 5434 3573 5506 θυμίαμαν

479 5537 684 5591 tionem
713 5552 939 5592 eversus
970 5545 1057 5592 est
1083 5555 1101 5608 ;
1132 5553 1198 5593 ex
1224 5553 1334 5608 quo
1376 5552 1526 5592 nunc
1556 5552 1731 5609 usque
1771 5553 1882 5592 non
1928 5537 2054 5594 licet

2197 5510 2255 5610 liv
2286 5539 2353 5591 δι’
2383 5537 2560 5611 ἔργων
2583 5510 2804 5607 ἀγαθῶν
2839 5538 2930 5592 καὶ
2959 5510 3134 5607 λόγων
3159 5531 3220 5604 (ι.
3245 5529 3315 5585 '56
3345 5527 3416 5598 v°)
3439 5520 3581 5588 εὐώδη
3599 5510 3665 5568 καὶ

547 5718 700 5776 ’Jer.
730 5736 927 5786 xxxm,
961 5720 1154 5786 14,15.
1229 5718 1415 5774 ‘ibid.
1451 5719 1654 5786 17,18.
1731 5717 2123 5777 quaso-22.
2198 5717 2671 5780 “Maecium.
2753 5714 3158 5790 οίιίάηεεεσ.
3236 5685 3660 5764 τῑςιειιεωιήλ

472 5794 505 5852 ⁸.
527 5794 677 5848 Rom.
707 5790 898 5860 15-25.
943 5793 994 5878 _'
1040 5790 1196 5846 Joan.
1231 5804 1280 5855 ι,
1320 5791 1357 5879 9

3783 5581 3785 5635 l
