3926 6260
265 352 406 409 H65

1316 336 1616 437 1361.00.93
1657 329 2137 398 PROPHETICE.
2181 371 2249 380 —-
2285 337 2416 394 LIB.
2456 332 2499 396 l-.

3387 338 3525 394 H66

263 471 606 542 ἀναίμακτον
647 461 744 523 καὶ
781 465 1028 537 καθαρὰν
1068 462 1281 518 θυσίαν.
1322 462 1388 516 Εἰ
1423 462 1531 533 γὰρ
1581 462 1654 535 μὴ
1698 461 1830 517 ταῦθ

1954 472 2053 513 eos
2085 454 2241 511 adire
2270 452 2599 511 Jerusalem.
2632 452 2787 520 Quod
2832 452 2877 508 si
2919 451 3184 524 obiiciant
3220 441 3394 510 Judaei
3428 473 3525 528 per

265 563 440 627 οὔτως
466 561 813 633 ὲκλάϐοιμεν,
844 558 963 631 ὥρα
986 557 1202 627 ψευδεῖς
1235 553 1559 624 ἀπελέγχειν
1594 554 1695 618 τὰς
1722 571 1849 626 προ-

268 655 519 727 φητείας,
542 652 621 724 τῷ
653 653 789 723 μήτε
813 650 904 703 τὸν
930 649 1117 721 θρόνον
1140 646 1301 701 Δαυῒδ
1331 645 1678 718 σωματικῶς,
1710 648 1846 719 μήτε

267 746 367 815 τὴν
413 742 695 815 ἱερατικὴν
736 738 1110 811 λειτουργείαν
1148 736 1243 808 τὴν
1273 738 1508 806 τυπικὴν
1546 736 1715 788 εἰσέτι
1752 733 1847 789 νῦν

270 833 612 887 συνεστάναι·
647 830 755 885 τῶν
795 830 894 903 μὲν
932 832 997 883 ἐκ
1035 828 1348 901 σπέρματος
1387 826 1549 882 nam
1582 825 1846 897 βασιλέων

266 922 327 990 ἐξ
344 925 523 979 αὐτῶν
542 925 654 979 τῶν
693 922 953 994 Ἱερεμίου
983 921 1190 993 χρόνων
1215 920 1644 984 διαλελοιπότων,
1672 922 1773 990 τῆς
1792 918 1849 974 δὲ

264 1016 540 1088 λευῖτικῆς
584 1017 680 1070 καὶ
723 1016 1000 1087 ἱερατικῆς
1046 1012 1388 1085 λειτουργίας
1433 1012 1549 1083 μετ’
1605 1013 1667 1065 οὐ
1711 1012 1845 1065 πολὺ

264 1111 365 1179 τῆς
384 1108 479 1161 τοῦ
499 1110 752 1179 Σωτῆρος
775 1106 930 1178 ἡμῶν
957 1105 1275 1177 παρουσίας·
1302 1103 1361 1168 ἐξ
1386 1099 1452 1175 ἦς
1474 1103 1566 1157 καὶ
1592 1105 1671 1168 εἰς
1689 1103 1848 1174 δεῦρο

261 1200 387 1254 οὐδὲ
417 1199 715 1253 ἐπιϐαίνειν
738 1200 920 1261 αὐτοῖς
957 1196 1056 1267 τῆς
1099 1195 1451 1269 Ἰερουσαλὴμ
1473 1194 1699 1262 ἔξεστιν.
1735 1196 1847 1249 Καὶ

264 1292 313 1343 εἰ
348 1290 607 1361 φάσκοιέν
641 1307 705 1358 γε
737 1291 784 1343 οἰ
817 1291 881 1343 ἐκ
914 1288 1213 1361 περιτομῆς
1239 1288 1306 1342 δι’
1339 1288 1397 1341 ὃν
1420 1301 1549 1351 φασι
1580 1287 1846 1359 πατριάρ-

261 1399 366 1454 χην
394 1384 468 1455 μὴ
493 1381 863 1436 ἐκλελοιπέναι
884 1381 944 1434 τὸ
970 1381 1190 1453 σπέρμα
1211 1380 1391 1444 Δαυῒδ,
1423 1379 1536 1433 ἀλλ’
1558 1378 1843 1449 ἐλεγκτέον

1954 562 2120 621 quem
2166 546 2361 602 dicunt
2404 546 2776 619 patriarcham
2824 562 2938 601 non
2988 547 3256 605 defecisse
3302 547 3526 607 Davidis

1953 658 2140 699 semen
2160 680 2177 705 ,
2212 640 2656 711 respondendum
2687 656 2797 696 non
2826 655 2990 712 posse
3018 656 3115 698 eos
3160 643 3306 698 hunc
3334 649 3526 700 esten--

1952 735 2085 791 dere
2127 735 2184 789 in
2234 733 2459 790 Davidis
2507 733 2647 789 solio
2690 734 3007 801 sedentem,
3059 735 3116 790 in
3160 735 3360 790 throno
3403 734 3525 805 ejus

1956 836 2303 897 regnantem,
2335 833 2501 898 atque
2529 826 2697 883 Israel
2748 827 3144 885 dominantem,
3203 826 3329 883 Haec
3376 831 3521 884 enim

1951 916 2237 986 prophetia
2266 916 2400 971 dicit
2430 932 2713 988 nunquam
2741 932 2867 973 esse
2904 916 3187 972 defectura
3212 958 3227 982 ,
3273 934 3395 990 qua:
3434 920 3521 972 ta-

1949 1024 2133 1063 mena
2174 1010 2507 1080 captivitatis
2543 1018 2790 1082 tempore
2838 1009 3125 1066 manifeste
3162 1009 3519 1075 defecerunt,

1948 1116 2016 1156 ex
2044 1119 2153 1173 quo
2178 1103 2362 1158 nullus
2388 1117 2632 1173 unquam
2660 1102 2884 1157 Davidis
2906 1119 2942 1158 e
2974 1105 3185 1159 semine
3223 1119 3320 1159 rex
3351 1102 3522 1158 lsrael

1950 1199 2243 1255 invenitur.
2297 1198 2441 1267 Quid
2486 1208 2540 1255 et
2581 1198 2650 1256 de
2695 1199 3006 1255 sacerdotio
3045 1200 3326 1264 dicerent,
3374 1213 3523 1254 nunc

1949 1289 2169 1359 penitus
2207 1287 2423 1354 deleto,
2473 1288 2620 1359 quod
2663 1297 2846 1344 tamen
2889 1303 3171 1359 nunquam
3216 1291 3522 1361 periturqu

1948 1381 2235 1451 prophetia
2266 1382 2597 1452 pramuntiat
2618 1381 2642 1435 Ἰ

259 1492 321 1527 τε
353 1472 460 1546 (γε)
493 1476 687 1539 αὐτοὺς
726 1474 802 1546 μὴ
833 1475 1164 1546 δυναμένους
1204 1472 1482 1537 ἀποδεῖξαι
1526 1470 1833 1542 καθήμενον
1871 1471 2031 1526 αὑτὸν
2057 1472 2149 1525 ἐπὶ
2170 1472 2361 1544 θρόνου
2392 1474 2578 1540 Δαυῒδ,
2609 1475 2702 1528 καὶ
2730 1473 3081 1545 βασιλεύοντα
3100 1474 3195 1527 ἐπὶ
3249 1472 3344 1527 τοῦ
3404 1464 3521 1545 θρό-

260 1585 354 1623 νου
387 1567 570 1633 αὐτοῦ,
616 1568 710 1621 καὶ
751 1567 985 1638 ἄρχοντα
1030 1566 1121 1620 τοῦ
1176 1564 1409 1637 Ἰσραήλ·
1449 1563 1621 1617 ταῦτα
1662 1564 1831 1635 γὰρὴ
1870 1564 2175 1635 προφητεία
2202 1566 2339 1639 φησὶ
2368 1564 2725 1637 μηδεπώποτε
2753 1566 3064 1637 διαλείψειν,
3121 1567 3273 1621 ἃκαὶ
3333 1567 3521 1637 σαφῶς

261 1663 593 1734 παρίσταται
625 1660 733 1716 ἀπὸ
757 1661 865 1715 τῶν
892 1661 993 1733 τῆς
1051 1659 1428 1732 αἰχμαλωσίας
1460 1658 1667 1731 χρόνων
1698 1657 2092 1723 διαλελοιπότα,
2147 1658 2205 1727 ἐξ
2237 1654 2297 1714 οὗ
2346 1660 2482 1733 μηδὲ
2514 1654 2595 1724 εἷς
2664 1658 2988 1730 βασιλεύσας
3050 1659 3146 1713 τοῦ
3186 1659 3399 1732 Ἰσραὴλ
3455 1660 3522 1712 ἐκ

258 1757 356 1811 τοῦ
390 1759 701 1831 σπέρματος
738 1756 899 1811 Δαυῖδ
929 1756 1330 1810 ἀποδείκνυται·
1360 1753 1413 1807 τί
1447 1753 1492 1807 δ’
1521 1753 1588 1808 ἂν
1615 1753 1843 1824 φήσαιεν
1882 1751 1977 1806 καὶ
2003 1752 2132 1824 περὶ
2168 1753 2267 1825 τῆς
2296 1753 2539 1826 ἐναργῶς
2579 1752 2722 1807 κατὰ
2752 1753 2843 1806 τὸν
2873 1752 3119 1824 παρόντα
3146 1752 3337 1825 καιρὸν
3383 1752 3522 1806 καθιι

258 1848 539 1922 ῃρημένης
582 1845 872 1921 ίερατείας,
920 1850 987 1919 ἢν
1016 1847 1374 1920 μηδεπώποτε
1414 1844 1960 1918 ἐξολοθρευθήσεσθαι
1988 1847 2022 1916 ἡ
2048 1847 2353 1919 προφητεία
2380 1845 2776 1919 προαγορεύει;

763 1963 1160 2019 ΚΕΦΑΛΑΙΟΝ
1206 1963 1328 2019 AZ'.

870 2079 982 2134 Τοῦ
1023 2079 1234 2135 αὐτοῦ.

334 2210 355 2245 ι
394 2182 528 2246 Ἰδοὺ
557 2191 763 2264 ἡμέραι
798 2191 1072 2263 ἔρχονται,
1108 2193 1242 2266 φησὶ
1271 2192 1497 2266 Κύριος,
1529 2187 1623 2248 καὶ
1654 2192 1839 2266 διαθήκ-

257 2302 424 2357 σομαι
458 2284 534 2357 τῷ
557 2285 692 2355 οἴκῳ
733 2285 949 2358 Ἰσραὴλ
984 2287 1078 2339 καὶ
1103 2286 1181 2358 τῷ
1205 2286 1339 2357 οίκῳ
1384 2286 1553 2340 Ἰούδα
1579 2286 1839 2359 διαθήκην

252 2381 469 2451 καινήν·
509 2377 570 2432 ού
606 2376 749 2431 κατὰ
775 2378 875 2449 τὴν
908 2378 1172 2449 διαθήκην
1208 2378 1274 2448 ἣν
1303 2377 1559 2450 διεθέμην
1590 2380 1702 2443 τοῖς
1736 2395 1839 2431 πα-

249 2470 449 2543 τράσιν
479 2468 659 2524 αὐτῶν
686 2473 744 2524 ἐν
783 2469 965 2541 ἡμέρᾳ
989 2459 1378 2542 ἐπιλαϐομένου
1408 2486 1511 2540 μου
1539 2469 1641 2540 τῆς
1658 2468 1838 2540 χειρὸς

252 2557 436 2617 αὐτῶν
471 2558 763 2631 ἐξαγαγεῖν
797 2558 993 2625 αὐτοὺς
1028 2561 1091 2615 ἐκ
1117 2563 1221 2632 γῆς
1244 2561 1540 2630 Αἰγύπτου·
1574 2562 1655 2615 ὅτι
1684 2560 1837 2614 αὐτοὶ

188 2668 195 2676 ’
248 2650 352 2710 οὐκ
378 2656 660 2727 ἐνέμειναν
701 2658 757 2708 ἐν
790 2658 857 2727 τῇ
895 2652 1127 2726 διαθήκῃ
1165 2672 1289 2726 μου,
1323 2653 1418 2708 καὶ
1452 2652 1561 2723 ἐγὼ
1585 2652 1836 2724 ἠμέλησα

247 2748 450 2812 αὐτῶν,
480 2748 617 2819 φησί
635 2740 859 2818 Κύριος,
890 2750 972 2802 ὅτι
1003 2746 1140 2819 αὕτη
1166 2749 1199 2819 ἡ
1221 2746 1473 2819 διαθήκη,
1499 2746 1565 2816 ἢν
1588 2744 1837 2817 διαθήσο-

254 2847 353 2909 μαι
384 2836 462 2908 τῷ
484 2836 618 2908 οῖκῳ
651 2830 888 2910 Ἰσραήλ·
917 2836 1055 2908 μετὰ
1076 2836 1171 2900 τὰς
1198 2834 1411 2908 ἡμέρας
1440 2833 1674 2897 ἐκείνας,
1700 2833 1833 2902 φησί

246 2924 476 3005 Κύριος,
510 2930 686 2994 διδοὺς
727 2930 924 3002 νόμους
969 2947 1069 3001 μου
1107 2931 1186 2993 εἰς
1219 2929 1318 3001 τὴν
1357 2928 1595 2982 διάνοιαν
1631 2927 1830 2991 αὐτῶν,

245 3024 342 3079 καὶ
389 3023 482 3076 ἐπὶ
526 3022 754 3095 καρδίας
794 3022 978 3077 αὐτῶν
1008 3022 1209 3092 γράψω
1242 3020 1459 3085 αὐτοὺς,
1504 3021 1598 3074 καὶ
1640 3018 1832 3091 ἔσομαι

245 3117 432 3181 αὐτοῖς
467 3116 547 3180 εἰς
576 3112 729 3179 Θεὸν,
762 3116 857 3169 καὶ
894 3108 1055 3168 αὐτοὶ
1092 3114 1302 3168 ἔσονταί
1341 3130 1428 3185 μοι
1459 3114 1539 3177 εἰς
1568 3109 1712 3167 λαόν·
1740 3114 1832 3167 καὶ
1876 3160 1881 3165 .

243 3208 306 3260 οὐ
332 3207 408 3278 μὴ
432 3205 714 3271 διδάξωσιν
737 3205 966 3270 ἕκαστος
992 3205 1082 3259 τὸν
1114 3202 1340 3275 πλησίον
1366 3202 1554 3268 αὐτοῦ,
1583 3204 1678 3259 καὶ
1698 3204 1829 3258 ἐκα-

2455 1960 2686 2016 CAPUT
2729 1958 2990 2015 XXXVII;

2582 2076 2666 2131 Ex
2698 2078 2898 2133 eodem.

2018 2215 2040 2251 ι
2084 2196 2228 2253 Ecce
2266 2196 2385 2253 dies
2430 2196 2694 2264 venient,
2724 2196 2857 2253 dicit
2896 2194 3199 2252 Dominus:
3236 2206 3289 2251 et
3325 2182 3517 2252 feriam

1939 2288 2128 2346 domui
2176 2289 2344 2346 Israel
2388 2298 2443 2345 et
2471 2288 2658 2345 domui
2706 2288 2845 2345 Juda
2895 2288 3074 2345 foedus
3122 2303 3325 2343 novum
3358 2306 3373 2357 ;
3405 2305 3517 2345 non

1938 2380 2240 2437 secundum
2275 2388 2516 2451 pactum,
2566 2372 2714 2451 quod
2765 2379 2945 2451 pepigi
2979 2395 3104 2435 cum
3146 2380 3398 2452 patribus
3424 2394 3519 2436 eo-

1938 2489 2083 2539 rum,
2138 2474 2192 2528 in
2240 2473 2330 2529 die
2375 2489 2483 2545 qua
2532 2471 2865 2543 apprehendi
2916 2486 3138 2527 manum
3186 2486 3399 2537 eorum,
3456 2478 3518 2526 ut

1935 2564 2224 2619 educerem
2250 2574 2347 2620 eos
2399 2563 2468 2618 de
2515 2571 2665 2617 terra
2714 2560 2933 2632 Egypti
2962 2577 2978 2627 ;
3008 2567 3228 2631 pactum
3260 2560 3404 2631 qubd
3438 2560 3517 2615 ir-

1934 2656 2100 2712 ritum
2134 2656 2403 2722 fecerunt,
2433 2663 2487 2712 et
2512 2671 2611 2728 ego
2638 2653 2956 2711 dominatus
2985 2671 3105 2711 sum
3139 2664 3351 2719 eorum,
3380 2654 3518 2710 dicit

1934 2747 2218 2804 Dominus.
2257 2749 2363 2804 Sed
2398 2748 2504 2803 hoc
2549 2747 2656 2803 erit
2700 2757 2939 2818 pactum,
2969 2745 3117 2817 quod
3156 2744 3346 2800 feriam
3387 2752 3514 2800 cum

1933 2839 2098 2897 domo
2133 2839 2301 2897 Israel
2330 2858 2344 2895 :
2382 2838 2514 2896 Post
2540 2839 2659 2895 dies
2700 2839 2846 2904 illos,
2883 2838 3017 2894 dicit
3050 2836 3334 2902 Dominus,
3369 2836 3516 2893 dabo

1934 2933 2104 3005 legem
2152 2947 2330 2989 meam
2365 2932 2422 2987 in
2466 2931 2777 2988 visceribus
2806 2945 3018 2994 eorum,
3047 2936 3104 2985 et
3137 2929 3196 2983 in
3225 2927 3392 2984 corde
3419 2942 3518 2984 ω-
3620 2996 3628 3001 _

1932 3035 2054 3080 rum
2086 3024 2323 3080 scribam
2336 3038 2489 3079 eam:
2518 3030 2574 3079 et
2604 3037 2701 3079 ero
2726 3023 2807 3078 eis
2837 3022 2891 3077 in
2914 3020 3106 3085 Deum,
3136 3030 3191 3075 et
3216 3020 3320 3090 ipsi
3351 3026 3517 3075 erunt

1933 3118 2068 3173 mihi
2101 3119 2155 3173 in
2191 3116 2471 3189 populum.
2504 3114 2570 3169 Et
2601 3125 2712 3170 non
2755 3113 2974 3170 docebit
3026 3114 3169 3169 ultra
3215 3113 3300 3168 vir
3328 3114 3515 3184 proxi-

1933 3225 2081 3267 mum
2107 3225 2288 3275 suum,
2319 3217 2376 3266 et
2411 3209 2497 3265 vir
2530 3207 2753 3264 fratrem
2801 3206 2988 3274 suum,
3028 3207 3220 3262 dicens
3249 3228 3259 3261 :
3293 3205 3516 3276 Cogno-

244 3306 371 3362 στος
407 3298 498 3351 τὸν
532 3298 763 3368 ἀδελφὸν
799 3291 964 3351 αὐτοῦ
1010 3295 1205 3365 λέγων,
1256 3295 1430 3350 Γνῶθι
1471 3296 1560 3351 τὸν
1602 3295 1824 3367 Κύριον·

1935 3318 2026 3359 see
2070 3300 2361 3357 Dominum
2389 3316 2403 3357 :
2433 3316 2625 3357 omnes
2652 3300 2797 3357 enim
2829 3310 3162 3373 cognoscent
3186 3314 3293 3366 me,
3337 3313 3370 3353 a
3410 3300 3515 3354 mi-

239 3388 326 3443 ὃτι
355 3392 555 3454 πάντες
589 3389 863 3461 εἰδήσουσί
897 3405 963 3460 με
1004 3383 1112 3443 ἀπὸ
1154 3386 1350 3461 μικροῦ
1393 3386 1573 3443 αὐτῶν
1605 3387 1708 3451 ἕως
1734 3397 1829 3458 με·

240 3472 410 3550 γάλου
459 3479 660 3543 αὐτῶν,
708 3479 844 3550 φησί
889 3478 1114 3551 Κύριος·
1162 3478 1244 3531 ὃτι
1290 3478 1431 3542 ἵλεος
1468 3477 1664 3548 ἔσομαι
1707 3478 1828 3540 ταῖς

240 3566 482 3638 ἀδικίαις
522 3573 734 3637 αὐτῶν,
778 3572 873 3626 καὶ
917 3570 1027 3625 τῶν
1080 3569 1363 3641 ἁμαρτιῶν
1411 3568 1593 3623 αὐτῶν
1640 3564 1702 3621 ού
1752 3565 1826 3639 μὴ

245 3665 473 3737 μνησθῶ
494 3665 595 3719 ἔτι.
632 3684 650 3716 ι
685 3663 881 3733 Σαφῶς
917 3666 975 3716 ἐν
997 3666 1120 3727 ταῖς
1147 3661 1429 3724 ἐπιούσαις
1457 3660 1695 3733 ἡμέραις
1713 3674 1831 3714 και·

242 3749 340 3828 νὴν
363 3757 624 3830 διαθήκην
648 3760 676 3810 ὁ
699 3754 899 3829 Κύριος
925 3752 1275 3825 διαθήσεσθαι
1307 3749 1678 3823 προθεσπίζει·
1705 3769 1827 3805 και-

240 3850 341 3923 νὴν
392 3851 449 3905 δὲ
496 3851 575 3922 τῷ
612 3850 781 3923 μηδὲν
836 3850 981 3922 ἔχειν
1028 3850 1214 3921 ὅμοιον
1256 3851 1322 3921 τῇ
1370 3848 1596 3920 παλαιᾷ,
1642 3848 1710 3921 ἢν
1741 3848 1827 3903 διὰ

240 3936 521 4006 Μωῦσέως
576 3943 635 3995 ἐν
677 3945 744 4013 τῇ
778 3936 969 4014 ἐρήμῳ
1004 3940 1248 3994 δοθεῖσαν
1297 3939 1822 4012 προμεμαθήκαμεν.

238 4022 309 4084 Τί
337 4029 379 4083 δ’
408 4032 473 4084 ἂν
506 4024 644 4103 πρὸς
675 4030 850 4085 ταῦτα
879 4034 1035 4100 φαῖεν
1060 4032 1108 4083 οἰ
1136 4031 1201 4083 ἐκ
1228 4032 1552 4101 περιτομῆς,
1580 4027 1826 4099 ἐναργῶς

237 4122 571 4177 ἀποϐλέπειν
596 4121 997 4195 ἐπιχειροῦντες
1019 4125 1139 4186 ταῖς
1168 4120 1548 4193 προφητείαις,
1577 4120 1669 4174 καὶ
1698 4120 1828 4192 μᾶλ-

236 4212 332 4267 λον
364 4206 678 4284 αἱρούμενοι
715 4208 924 4277 ἀτελεῖς
965 4204 1135 4278 αὐτὰς
1166 4212 1531 4267 ἐπιδεικνύναι
1568 4213 1602 4284 ἢ
1639 4212 1823 4266 πείθε-

239 4304 367 4358 σθαι
399 4304 465 4377 τῇ
512 4306 758 4378 ἀληθείᾳ,
795 4305 884 4359 διὰ
925 4299 1018 4359 τοῦ
1064 4304 1463 4377 παραδέχεσθαι
1492 4305 1591 4378 τὴν
1631 4304 1823 4376 καινὴν

235 4393 348 4447 ’τῶν
392 4388 741 4463 Εὐαγγελιῶν
786 4392 881 4450 τοῦ
935 4396 1187 4468 Σωτῆρος
1229 4395 1387 4468 ἡμῶν
1428 4394 1714 4468 διαθήκην,
1754 4391 1822 4469 ἦς

237 4480 693 4558 παραγενομένης
725 4486 1100 4541 πεπαλαίωται
1130 4489 1163 4558 ὴ
1200 4487 1413 4558 πρώτη,
1450 4488 1622 4560 πέρας
1652 4490 1823 4559 ἴσχειν

236 4576 523 4648 ἀρξαμένη
547 4577 607 4642 ἐξ
626 4579 748 4631 ὅτου
774 4580 1218 4650 παραγενόμενος
1238 4581 1267 4632 ό
1284 4580 1516 4652 Χριστὸς
1536 4579 1820 4652 ἐπλήρωσε

1934 3395 2086 3451 nimo
2129 3409 2322 3451 eorum
2375 3410 2550 3464 usque
2599 3394 2667 3450 ad
2714 3395 3035 3460 maximum,
3086 3394 3162 3450 ait
3209 3394 3509 3456 Dominus.

1934 3485 2064 3556 quia
2094 3485 2432 3555 prepitlabor
2462 3484 2738 3555 iniquitati
2767 3492 3051 3547 eorum,et
3079 3484 3292 3555 peccati
3319 3499 3509 3539 eorum

1933 3593 2043 3633 non
2072 3577 2418 3632 memorabor
2444 3576 2681 3648 amplius
2704 3575 2767 3628 ¹⁶.
2805 3594 2824 3627 ι
2861 3573 3149 3631 Manifeste
3178 3574 3233 3628 in
3271 3588 3509 3645 sequen-

1932 3669 2081 3726 tibus
2123 3668 2320 3725 diebus
2373 3683 2577 3724 novum
2631 3674 3018 3724 testamentum
3067 3664 3331 3720 Dominus
3378 3680 3410 3718 a
3450 3681 3510 3721 se

1934 3760 2236 3818 feriendum
2280 3759 2636 3831 pronuntiat;
2683 3772 2906 3822 novum,
2950 3756 3152 3828 quippe
3194 3757 3340 3827 quod
3370 3756 3510 3811 nihil

1931 3853 2099 3909 veteri
2118 3853 2295 3910 simile
2312 3853 2655 3924 haberet,per
2669 3850 2888 3924 Moysen
2910 3852 2968 3906 in
2987 3850 3205 3906 deserto
3222 3848 3510 3921 pervulga-

1932 3956 2067 4003 tum.
2099 3945 2239 4014 Quid
2281 3948 2350 4003 ad
2403 3947 2519 4002 haec
2573 3947 2967 4018 responderent
3007 3944 3201 4013 Judaei,
3232 3944 3424 4000 oculos
3476 3958 3508 3998 ο

1931 4039 2233 4111 prophetiis
2295 4045 2541 4095 avertere
2588 4047 2850 4094 conantes
2877 4077 2895 4104 ,
2949 4052 3150 4106 easque
3208 4034 3507 4106 inexpletas

1930 4145 2096 4200 quam
2126 4145 2284 4187 veras
2314 4128 2545 4186 inveniri
2584 4129 2873 4194 malentes,
2909 4134 3133 4198 accepto
3183 4124 3505 4197 Evangelia-

1930 4237 2053 4276 rum
2106 4220 2409 4295 Salvatoris
2447 4221 2623 4277 nostri
2681 4226 3034 4284 testamento,
3083 4232 3195 4288 quo
3241 4224 3505 4288 superveé

1928 4316 2114 4372 nienle
2157 4316 2310 4387 prius
2352 4316 2712 4371 inveteratum
2745 4322 2870 4381 est;
2906 4312 3049 4387 quod
3084 4310 3304 4382 quidem
3352 4310 3506 4367 desi-

1929 4425 2060 4465 nere
2109 4408 2275 4479 ctepit
2322 4422 2387 4464 ex
2431 4424 2542 4480 quo
2590 4406 2983 4478 superveniens
3026 4403 3279 4460 Christus
3328 4403 3503 4474 legem

1928 4508 2093 4568 atque
2146 4497 2214 4552 de
2266 4512 2326 4552 se
2375 4498 2495 4568 ipso
2543 4496 2859 4567 prophetias
2907 4494 3169 4565 implevit.
3226 4491 3502 4549 Venturos

1926 4591 2094 4661 igitur
2119 4588 2253 4644 dicit
2280 4588 2418 4654 dies,
2467 4588 2668 4660 quintis
2715 4587 2872 4644 feriet
2914 4582 3178 4643 Dominus
3206 4594 3503 4643 testamen-

235 4666 330 4721 τὸν
360 4660 530 4740 θύμον,
554 4670 648 4722 καὶ
671 4670 771 4733 τὰς
789 4670 915 4742 περὶ
939 4670 1104 4724 αὐτοῦ
1129 4671 1483 4742 προφητείας.
1511 4669 1697 4750 Ἦξειν
1722 4672 1822 4744 μὲν

1935 4691 2041 4738 tum
2072 4680 2448 4753 novum,quod
2478 4680 2534 4735 in
2564 4680 2893 4751 evangelicis
2914 4679 3182 4751 scriptum
3212 4687 3298 4735 est
3321 4680 3498 4736 libris.

235 4755 333 4813 οὖν
372 4756 584 4832 ἡμέρας
628 4762 685 4815 ἐν
723 4758 809 4826 αἷς
851 4761 1203 4834 διαθήσεσθαί
1231 4780 1395 4835 φησιν
1428 4763 1456 4817 ὁ
1486 4763 1690 4836 Κύριος
1721 4764 1821 4836 τὴν

238 4849 433 4921 καινὴν
476 4850 773 4924 διαθήκην·
808 4852 952 4906 τοῦτ’
996 4852 1109 4908 ἔστι
1147 4853 1247 4926 τὴν
1303 4854 1576 4928 ἔγγραφον
1617 4858 1675 4912 ἐν
1710 4856 1820 4923 τοῖς

236 4936 435 5014 (ἐντὸς)
463 4942 571 4995 τῶν
605 4943 980 5013 εύαγγελικῶν
1009 4944 1250 5015 βιϐλίων.
1293 4942 1452 5018 Ἑξῆς
1490 4947 1534 5000 δ’
1569 4950 1820 5023 ἐπιφέρει

234 5024 412 5100 λέγων
438 5036 467 5087 ὁ
500 5036 660 5100 αὐτὸς
688 5036 915 5109 Κύριος,
946 5036 1022 5101 ὡς
1057 5036 1197 5109 μετὰ
1218 5038 1318 5103 τὰς
1343 5039 1557 5111 ἡμέρας
1581 5041 1816 5111 ἐκείνας,

236 5115 301 5175 ἐν
340 5126 529 5191 αὐταῖς
562 5127 624 5197 (f.
660 5128 749 5199 57)
784 5130 903 5192 ταῖς
935 5128 1197 5194 διανοίαις
1228 5128 1335 5184 τῶν
1366 5131 1817 5204 παραδεξομένων

235 5208 339 5282 τὴν
380 5216 570 5285 καινὴν
600 5215 866 5289 διαθήκην
906 5217 1198 5289 ἐγγράψων
1242 5220 1369 5284 τοὺς
1410 5221 1571 5286 ἰδίους
1596 5221 1814 5295 νόμους,

236 5299 381 5356 ὥστε
406 5305 603 5368 αὐτοὺς
628 5304 767 5361 εἶναι
791 5312 870 5372 εἰς
897 5307 1023 5363 λαὸν
1052 5309 1129 5381 τῷ
1159 5310 1299 5382 Θεῷ,
1329 5309 1421 5365 καὶ
1445 5313 1607 5367 αὐτὸν
1634 5316 1816 5379 αὐτοῖς

234 5393 322 5456 εἰς
355 5393 508 5460 Θεὸν,
559 5397 807 5469 οὐδαμῶς
850 5398 941 5453 ὑπ’
968 5401 1314 5475 ἀνθρωπίνης
1341 5402 1688 5470 διδασκαλίας
1721 5406 1814 5459 ἐπὶ

232 5484 300 5539 τὸ
321 5485 609 5555 γινώσκειν
629 5488 719 5543 τὸν
744 5492 946 5564 Κύριον
971 5495 1459 5566 παραγινομένους,
1485 5497 1812 5570 αὐτὸμᾱθείς

235 5573 286 5628 δ’
310 5575 520 5651 ὥσπερ,
567 5578 765 5650 μᾶλλον
803 5585 861 5639 δὲ
901 5585 1274 5652 θεοδιδάκτους
1315 5588 1634 5660 ἐσομένους,
1667 5592 1695 5645 ὃ
1724 5595 1817 5647 καὶ

235 5667 372 5723 αὐτὸ
417 5672 720 5745 καταμάθοι
762 5676 829 5731 ἄν
881 5696 967 5745 τις
1012 5679 1153 5736 κατὰ
1200 5681 1291 5738 τὸν
1343 5683 1583 5756 παρόντα
1627 5685 1817 5758 καιρὸν

312 5825 358 5860 ¹⁰
400 5824 515 5886 Jer.
548 5842 698 5895 xm,
732 5833 917 5891 51-54.

1921 4776 2058 4832 Dein
2092 4776 2316 4845 subiicit
2362 4774 2553 4830 dicens
2583 4775 2701 4846 ipse
2734 4772 3019 4837 Dominus,
3051 4773 3197 4841 quod
3234 4776 3357 4843 post
3383 4771 3501 4828 dies

1919 4870 2043 4925 illos
2094 4869 2152 4923 in
2199 4867 2512 4924 visceribus
2544 4882 2734 4923 eorum
2786 4866 2877 4938 qui
2932 4878 3134 4921 novum
3186 4865 3502 4934 acceperint

1918 4968 2326 5027 testamentum,
2357 4961 2505 5033 leges
2527 4975 2656 5017 suas
2701 4960 2924 5025 scribet,
2959 4967 3020 5014 ut
3046 4957 3254 5015 sintilli
3297 4956 3408 5013 Deo
3443 4957 3498 5013 in

1918 5055 2200 5126 populum,
2231 5054 2457 5125 ipseque
2495 5053 2605 5110 illis
2648 5054 2700 5108 in
2758 5052 2952 5117 Deum,
3005 5051 3228 5107 minime
3261 5047 3498 5106 humana

1919 5146 2168 5203 doctrina
2195 5145 2263 5201 ad
2288 5143 2505 5201 Dmnlni
2526 5144 2809 5202 Scientiam
2838 5144 3079 5209 adducti,
3112 5143 3207 5199 sed
3232 5144 3300 5197 ab
3329 5142 3497 5215 ipsis-

1920 5238 2172 5308 metipsis
2197 5234 2281 5293 vel
2323 5238 2507 5309 potius
2538 5254 2565 5289 a
2596 5235 2710 5292 Deo
2746 5236 2947 5297 edocti,
2989 5241 3110 5306 quas|
3147 5235 3364 5305 quidem
3397 5248 3496 5289 no-

1922 5336 2038 5384 Stro
2069 5335 2319 5400 tempore
2346 5328 2568 5399 impleta
2596 5327 2777 5399 quivis
2809 5326 2967 5382 facile
3000 5326 3283 5397 percipiet.
3324 5324 3497 5396 Quip-

1919 5430 1988 5485 pe
2019 5415 2205 5473 videre
2233 5424 2319 5472 est
2350 5416 2625 5487 quOmodo
2660 5417 2715 5470 in
2750 5416 2961 5471 viscera
3009 5422 3063 5472 et
3094 5414 3262 5470 corda
3302 5428 3494 5470 eorum

1918 5511 2014 5580 qui
2045 5524 2143 5581 per
2167 5508 2446 5566 Christum
2480 5511 2536 5565 in
2582 5509 2751 5566 Deum
2790 5509 3042 5574 credunt,
3090 5521 3294 5562 novum
3323 5513 3496 5562 testa-

1924 5603 2167 5654 mentum
2194 5598 2516 5670 Dominiq-ue
2549 5600 2702 5670 leges
2727 5598 2930 5669 scripta
2973 5598 3102 5661 sint,
3142 5596 3492 5668 perspicienti

1924 5687 2068 5747 inter
2110 5704 2213 5745 nos
2248 5689 2653 5747 multitudinem
2685 5690 3020 5761 privatorum
3058 5688 3343 5744 hominum
3389 5687 3496 5746 hac
