3926 6260
497 287 636 345 H37

1203 282 1472 342 EUSEBII
1510 281 1988 339 cmssmmsm
2023 281 2173 338 opp.
2216 282 2397 338 PARS
2434 282 2524 369 ut.
2555 313 2623 324 -
2663 266 3071 336 exessum;

3552 284 3651 342 1168

494 400 709 471 egregia
739 406 792 454 et
822 397 1066 469 sapiente
1096 395 1448 467 prteditorum
1480 396 1703 460 virtute,
1732 410 1897 466 quam
1927 410 2055 465 aegre

2170 395 2558 468 πληρούμενον·
2611 397 2710 451 ῐδοι
2754 398 2799 451 δ’
2836 396 2904 450 ἄν
2944 411 3027 458 τις
3055 395 3203 455 ὅπως
3232 391 3318 446 ἐπὶ
3352 393 3438 458 τὰς
3471 395 3652 463 διανοίας

494 490 550 545 in
592 490 894 546 litterarum
939 488 1288 559 peritissimis
1319 499 1481 558 atque
1515 488 1912 557 scripturarum
1948 494 2066 543 stu-

493 584 585 639 dio
616 581 1055 637 incumbentibus
1085 581 1378 637 inveneris.

2172 488 2266 541 καὶ
2290 487 2389 551 τὰς
2418 488 2645 559 καρδίας
2665 487 2772 542 τῶν
2801 487 2889 541 διὰ
2915 483 3152 556 Χριστοῦ
3183 485 3261 547 είς
3286 483 3369 536 τὸν
3397 483 3508 538 Θεὸν
3532 505 3653 541 πεπι-

2167 582 2467 636 στευκότων
2501 584 2535 652 ὴ
2572 583 2729 653 καινὴ
2759 581 2989 652 διαθήκη
3019 581 3112 634 καὶ
3138 580 3187 633 oi
3224 579 3314 633 τοῦ
3352 581 3525 653 Κυρίου
3544 584 3657 655 νόμοι

492 677 862 751 γεγραμμένοι
896 678 1054 742 εἰσίν,
1090 679 1136 730 εί
1167 676 1468 749 καταμάθοι
1535 677 1592 730 ὲν
1621 678 1753 748 ἡμῖν
1790 673 1993 747 πλῆθος
2045 674 2253 747 ἀνδρῶν
2301 676 2577 741 παντελῶς
2637 677 2859 732 ἰδιωτῶν
2915 675 3172 746 τοιαύτην
3225 673 3658 746 ἐνεπιδεικνυμένων

491 773 745 845 ἐνάρετον
788 775 883 828 καὶ
924 772 1287 844 ἐμφιλόσοφον
1320 773 1614 838 πολιτείαν,
1663 774 1731 844 ῆν
1799 773 1859 826 οὐ
1931 771 2141 842 ταχέως
2177 773 2324 826 ἐστὶν
2362 776 2540 846 εὑρεῖν
2586 775 2736 847 παρὰ
2777 777 2889 838 τοῖς
2924 772 3233 843 φιλολογίαν
3273 772 3553 843 ἠσκηκόσιν,
3590 773 3660 827 καὶ

494 866 634 937 μέγα
673 868 955 941 φρονοῦσιν
986 868 1079 920 ἐπὶ
1106 869 1170 938 τῇ
1201 868 1309 920 τῶν
1338 866 1564 938 γραφῶν
1603 866 1821 940 μελέτη.

997 981 1227 1040 CAPUT
1271 981 1561 1038 XXXVI".

1123 1096 1167 1151 Ε
1193 1097 1266 1151 Th
1275 1099 1432 1151 renis.

573 1231 594 1266 ι
629 1211 867 1285 Spiritus
911 1215 1027 1267 oris
1070 1215 1243 1268 nostri
1273 1214 1529 1270 Christus
1580 1211 1843 1267 Dominus
1871 1219 2064 1282 captus

489 1313 572 1362 est
603 1307 656 1360 in
687 1306 929 1377 peccatis
967 1322 1179 1369 eorum,
1220 1308 1305 1361 cui
1342 1306 1582 1361 diximus
1615 1324 1628 1360 :
1672 1303 1730 1359 In
1756 1305 1944 1359 umbra
1972 1312 2063 1358 tua

487 1400 737 1455 vivemus
785 1399 840 1453 in
892 1399 1235 1469 gentibus“.
1274 1419 1292 1452 ι
1342 1398 1437 1453 ilic
1486 1397 1764 1453 Christum
1807 1411 2066 1467 expresse

488 1491 780 1547 nominans
818 1491 1035 1546 diviutts
1070 1490 1324 1562 Spiritus,
1373 1490 1685 1547 Judzeorum
1724 1489 2064 1560 persecutio—

487 1601 586 1642 nes
612 1585 995 1654 prmnuutiavit
1023 1587 1128 1641 hoc
1159 1588 1342 1648 verbo,
1371 1610 1387 1636 ι
1411 1597 1604 1655 captus
1633 1593 1716 1640 est
1745 1585 1798 1639 in
1827 1583 2063 1655 peccatis

490 1689 750 1731 eorum;
803 1676 975 1747 Cujus
1033 1679 1136 1734 sub
1186 1681 1523 1735 munimento
1578 1681 1874 1749 umbraque
1918 1676 2066 1746 ipsos

486 1769 730 1824 victuros
774 1784 899 1825 esse
950 1771 1145 1842 spiritu
1184 1758 1553 1838 praevidebaut
1597 1774 1909 1843 prophetae,
1984 1770 2068 1822 vi-

2673 982 3068 1040 ΚΕΦΑΛᾹΙΟΝ
3106 980 3238 1036 ΑΠ’.

2664 1098 2797 1155 Ἀπὸ
2835 1096 2953 1152 τῶν
2993 1095 3255 1167 Θρήνωγ.

2245 1229 2266 1262 c
2312 1211 2536 1284 Πνεῦμα
2579 1212 2868 1284 προσώπου
2907 1211 3061 1283 ἡμῶν
3100 1208 3332 1282 Χριστὸς
3374 1209 3551 1281 Κύριος
3579 1226 3667 1263 συν-

2168 1301 2374 1375 ελήφθη
2404 1304 2463 1359 ἐν
2489 1306 2608 1367 ταῖς
2632 1304 2945 1376 διαφθοραῖς
2971 1301 3169 1367 αὐτῶν,
3201 1292 3262 1354 οὗ
3290 1299 3508 1371 εἴπομεν,
3533 1300 3602 1352 Ἐν
3618 1302 3666 1371 τῇ

2170 1394 2301 1463 σκιᾷ
2326 1393 2489 1448 αὑτοῦ
2525 1392 2802 1466 ζησόμεθα
2829 1396 2887 1448 ἐν
2915 1395 3026 1457 τοῖς
3061 1391 3285 1446 ἔθνεσιν.
3318 1409 3336 1442 ι
3365 1392 3465 1443 Καὶ
3492 1390 3671 1445 ἐνταῦθα

2168 1483 2260 1539 τὸν
2298 1485 2531 1556 Χριστὸν
2571 1485 2865 1559 διαρρήδην
2911 1484 3181 1556 ὀνομάσαν
3217 1482 3281 1537 τὸ
3321 1482 3450 1535 θεῖον
3481 1482 3670 1552 Πνεῦμα,

2168 1573 2267 1644 τὴν
2297 1574 2400 1627 ὑπὸ
2441 1575 2706 1628 Ἰουδαίων
2739 1574 3027 1646 ἐπιϐουλὴν
3075 1572 3461 1645 προώὲσπισεν
3492 1572 3565 1629 διὰ
3586 1570 3673 1632 τοῦ,

2176 1683 2194 1716 ι
2234 1665 2538 1740 συνελήφθη
2580 1669 2637 1721 ἐν
2669 1669 2787 1732 ταῖς
2828 1667 3145 1739 διαφθοραῖς
3181 1666 3377 1721 αὐτῶν·
3407 1684 3424 1718 ι
3458 1665 3612 1719 τούτου
3633 1664 3674 1718 δὲ

2170 1758 2274 1813 ὑπὸ
2311 1758 2408 1830 τὴν
2446 1759 2653 1831 σκέπην
2683 1762 2776 1815 καὶ
2807 1761 2905 1832 τὴν
2951 1760 3109 1814 σκιὰν
3149 1759 3469 1831 ζησομένους
3502 1758 3676 1821 ἑαυτοὺς

486 1869 785 1931 cturosque
822 1863 876 1916 in
918 1864 1175 1934 gentibus
1208 1880 1329 1933 qum
1365 1866 1417 1918 in
1449 1865 1731 1920 Christum
1775 1862 2055 1918 crediturae

2168 1850 2245 1922 τῷ
2266 1850 2534 1921 πνεύματι
2565 1853 2856 1925 προεώρων
2883 1856 2932 1908 οἱ
2966 1854 3263 1928 προφῆται,
3288 1853 3379 1907 καὶ
3410 1852 3677 1924 ζησομένους

486 1958 652 2022 atque
683 1969 781 2024 per
817 1970 940 2009 eum
990 1957 1376 2026 prophetarum
1415 1955 1727 2027 Scripturas
1760 1963 2063 2024 accepturae

485 2050 669 2099 essent
677 2086 691 2099 .

1016 2243 1243 2300 CAPUT
1283 2244 1521 2301 XXXIX.

1101 2358 1150 2413 Ε
1179 2360 1411 2417 Baruclt.

563 2489 585 2525 σ
618 2470 753 2539 Quis
800 2474 1049 2530 ascendit
1092 2476 1146 2530 in
1197 2477 1421 2539 cmlum,
1470 2485 1524 2530 ct
1572 2476 1783 2547 accepit
1833 2493 1973 2540 eam,
2007 2485 2061 2532 et

481 2561 669 2618 eduxit
703 2578 821 2619 eam
862 2565 929 2620 de
969 2566 1248 2623 nubibus?
1285 2566 1421 2634 Quis
1468 2567 1842 2623 transfretavit
1891 2584 2057 2632 mare,

483 2664 537 2711 ct
582 2658 790 2713 invenit
840 2659 1011 2722 illam,
1063 2669 1118 2715 et
1153 2661 1336 2715 attulit
1364 2677 1483 2715 eam
1521 2677 1686 2732 super
1719 2678 1914 2716 aurum
1958 2663 2061 2718 ele-

482 2750 686 2803 ctum?
730 2748 850 2805 Non
903 2758 987 2806 est
1019 2752 1114 2822 qui
1164 2753 1337 2822 possit
1386 2753 1529 2808 scire
1563 2753 1681 2808 vias
1708 2753 1850 2823 ejus,
1884 2769 2060 2823 neque

480 2843 576 2912 qui
622 2843 877 2913 exquirat
924 2843 1147 2899 semitas
1177 2844 1334 2913 ejus:
1379 2845 1473 2900 sed
1501 2844 1594 2915 qui
1639 2848 1743 2902 scit
1780 2845 2056 2909 universa,

482 2935 636 2988 novit
675 2950 816 2999 eam,
854 2943 909 2990 et
961 2937 1241 2991 adiuveuit
1286 2953 1406 2991 eam
1443 2936 1729 3007 prudentia
1779 2953 1918 2992 sua:
1965 2940 2058 3009 qui

480 3027 813 3096 preparavit
859 3039 1062 3081 terram
1092 3027 1149 3081 in
1181 3038 1386 3083 aaterno
1438 3038 1705 3101 tempore,
1750 3038 1804 3085 et
1833 3032 2059 3102 replevit

479 3131 601 3173 eam
643 3119 945 3190 pecudibus
973 3126 1025 3172 et
1069 3121 1558 3191 quadrupedibus:
1610 3123 1702 3192 qui
1739 3125 1939 3179 emittit
1973 3125 2057 3179 lu-

2163 1946 2220 1998 ἐν
2259 1947 2372 2007 τοῖς
2410 1944 2586 1998 ἔθνεσι
2638 1948 2748 2010 τοῖς
2799 1947 3083 2018 μέλλουσιν
3117 1950 3196 2011 εἰς
3238 1947 3330 2000 τὸν
3371 1945 3579 2016 Χριστὸν
3612 1963 3680 1997 πι-

2100 2034 2105 2039 ’
2163 2036 2395 2101 στεύειν,
2428 2038 2522 2091 καὶ
2550 2038 2617 2092 δι’
2643 2038 2808 2093 αὐτοῦ
2840 2040 2939 2105 τὰς
2971 2040 3079 2095 τῶν
3113 2038 3405 2112 προφητῶν
3436 2037 3678 2111 παραδέχε-

2161 2128 2285 2182 σθαι
2314 2130 2553 2202 Γραφέις.

2668 2248 3065 2302 ΚΕΦΔΛΑΙΟΝ
3104 2247 3227 2303 ΛΘ’.

2668 2360 2803 2415 Ἀπὸ
2840 2362 2946 2417 τοῦ
2983 2363 3242 2432 Βαρούχ.

2238 2488 2254 2520 ι
2291 2469 2387 2533 Τίς
2414 2470 2582 2542 ἀνέϐη
2610 2473 2689 2536 είς
2716 2472 2806 2526 τὸν
2830 2474 3079 2545 οὐρανὸν,
3105 2460 3199 2529 καὶ
3221 2474 3413 2528 ἐλαϐεν
3434 2473 3684 2546 αὑτὴν,καὶ

2162 2562 2522 2616 κατεϐίϐασεν
2551 2563 2722 2635 αὐτὴν
2750 2565 2814 2618 ἐκ
2833 2565 2941 2619 τῶν
2969 2566 3246 2637 νεφελῶν;
3274 2567 3369 2632 Τίς
3390 2567 3528 2638 διέϐη
3553 2566 3685 2638 πέραν

2163 2653 2457 2727 θαλάσσης,
2494 2656 2589 2709 καὶ
2621 2652 2779 2728 εὗρεν
2810 2657 3000 2729 αὑτὴν,
3036 2659 3132 2713 καὶ
3161 2660 3303 2714 οἴσει
3330 2660 3490 2732 αὐτὴν
3514 2659 3688 2732 χρυσίω
3734 2682 3737 2684 >

2161 2747 2456 2814 ἐκλεκτοῦ;
2506 2750 2618 2804 Οὐκ
2663 2750 2808 2804 ἐστιν
2856 2752 2882 2805 ό
2925 2751 3210 2821 γινώσκων
3250 2754 3351 2825 τὴν
3391 2754 3503 2807 ὁδον
3539 2752 3685 2822 αὐτῆς,

2161 2839 2281 2893 οὺδέ
2303 2843 2331 2893 6
2360 2841 2758 2914 ἐνθυμούμενος
2792 2844 2890 2915 τὴν
2922 2845 3106 2917 τρίϐον
3133 2845 3327 2916 αὐτῆς.
3371 2846 3502 2900 Ἀλλ’
3524 2848 3551 2900 6
3574 2845 3691 2908 εἰδὼς

2159 2931 2229 2985 τὰ
2264 2932 2441 2986 πάντα
2468 2933 2725 3002 γινώσκει
2761 2936 2948 3008 αὐτὴν,
2982 2937 3205 3008 ἐξεῦρεν
3238 2939 3411 3008 αὐτὴν
3436 2942 3497 3010 τῇ
3526 2937 3691 2992 συνέσει

2158 3022 2347 3075 αὐτοῦ’
2388 3026 2418 3076 6
2448 3025 2539 3077 καὶ
2570 3028 2986 3091 κατασκευάσας
3012 3027 3110 3099 τὴν
3153 3032 3261 3100 γῆν
3314 3032 3394 3094 εἰς
3440 3029 3524 3083 τὸν
3562 3027 3695 3083 αἰῶνα

2161 3114 2370 3186 χρόνον,
2421 3116 2715 3186 ἐνέπλησεν
2769 3119 2937 3190 αὐτὴν
2988 3120 3205 3188 κτηνῶν
3258 3121 3602 3192 τετραπόδων.
3652 3120 3694 3171 ’θ

481 3224 628 3277 men,
666 3218 720 3265 et
755 3212 947 3265 vadit:
990 3220 1042 3266 et
1094 3212 1310 3267 vocavit
1356 3213 1512 3278 illud,
1562 3224 1617 3270 et
1662 3214 1845 3270 obedit
1875 3216 1953 3269 illi
2002 3217 2055 3270 in

2160 3207 2507 3261 ἀποστέλλων
2536 3208 2596 3261 τὸ
2629 3209 2745 3280 φῶς
2785 3210 2878 3263 καὶ
2923 3211 3241 3282 πορεύεται,
3292 3212 3543 3267 ἐκάλεσεν
3578 3209 3694 3272 αὐτὸ,

480 3310 742 3358 tremore.
779 3301 962 3358 Stellae
988 3314 1172 3359 autem
1207 3304 1475 3360 dederunt
1505 3307 1686 3363 lumen
1719 3307 1774 3361 in
1800 3308 2063 3366 custodiis

480 3394 621 3461 suis,
664 3404 719 3451 et
771 3397 963 3453 lmtatae
1000 3406 1170 3453 sunt:
1222 3399 1438 3454 vocavit
1487 3415 1601 3465 eas,
1654 3413 1708 3457 et
1758 3401 2059 3457 dixerunt:

478 3488 757 3546 Adsumus
780 3510 793 3547 :
816 3499 870 3545 et
898 3490 1154 3546 luxerunt
1177 3494 1225 3546 ei
1265 3507 1389 3546 cum
1413 3491 1776 3563 jucunditate,
1811 3494 1903 3564 qui
1936 3478 2063 3549 fecit

482 3579 628 3636 illas.
663 3579 762 3636 llic
789 3589 875 3638 est
906 3581 1048 3636 Deus
1077 3591 1286 3647 noster,
1319 3591 1373 3637 et
1407 3599 1515 3638 non
1536 3585 1897 3640 aestimabitur
1919 3586 2059 3641 alius

480 3674 746 3731 adversus
779 3691 924 3732 eum.
973 3674 1074 3730 Hic
1118 3678 1399 3739 adinvenit
1434 3693 1652 3732 omnem
1705 3679 1845 3732 viam
1894 3678 2058 3733 disci-

486 3765 693 3835 plinae;
728 3776 782 3821 et
805 3767 1031 3822 tradidit
1058 3768 1206 3826 illam
1251 3766 1420 3823 Jacob
1453 3783 1625 3838 puero
1653 3784 1774 3832 suo,
1810 3776 1864 3824 et
1891 3766 2059 3824 lsrael

478 3855 680 3914 dilecto
731 3875 851 3915 suo.
898 3858 1025 3915 Post
1066 3861 1177 3915 haec
1212 3862 1264 3915 in
1301 3861 1462 3916 terris
1499 3861 1648 3916 visus
1685 3868 1790 3923 est,
1843 3869 1898 3916 et
1935 3878 2058 3915 cum

479 3948 796 4006 hominibus
835 3962 1199 4008 conversatus
1239 3962 1322 4008 est
1350 3954 1414 4007 ¹².
1466 3972 1483 4004 ι
1519 3954 1653 4020 Quis
1706 3954 1956 4009 ascendit
2003 3955 2058 4008 in

477 4040 700 4106 emtum,
738 4041 834 4103 ait,
863 4050 917 4097 et
956 4043 1166 4113 accepit
1194 4044 1356 4098 eam?
1389 4051 1442 4097 et
1494 4045 1743 4113 reliqua;
1790 4045 2062 4115 comperi-

478 4149 603 4188 mus
626 4150 657 4188 a
685 4142 876 4190 sancto
915 4137 1175 4205 Apostolo
1202 4137 1348 4207 quod
1393 4156 1410 4187 ι
1463 4138 1556 4204 qui
1589 4136 1872 4193 descendit
1896 4138 2057 4196 Jesus

475 4225 753 4292 Christus,
785 4227 901 4296 ipse
934 4236 1019 4283 est
1044 4236 1099 4283 et
1128 4229 1220 4298 qui
1245 4229 1494 4283 ascendit
1525 4244 1690 4299 super
1717 4244 1909 4285 omnes
1935 4244 2053 4285 coe-

477 4316 562 4375 los
585 4318 648 4374 “.
691 4336 714 4370 ι
772 4316 877 4385 Qui
931 4328 986 4373 et
1019 4325 1275 4388 su~cepto
1317 4316 1554 4388 Spiritus
1593 4320 1770 4375 sancti
1804 4335 2049 4387 munere,

474 4409 686 4466 dimisit
713 4417 878 4479 atque
918 4408 1118 4464 infudit
1147 4412 1202 4463 in
1237 4424 1426 4464 eorum
1464 4410 1676 4466 animas
1709 4411 1802 4481 qui
1831 4426 2053 4482 accepe-

477 4507 605 4555 runt
637 4500 767 4555 illud
801 4516 817 4565 ;
849 4500 993 4555 unde
1031 4500 1088 4554 in
1133 4498 1365 4555 Psalmis
1397 4500 1639 4557 dicitur:
1682 4521 1699 4553 ι
1741 4502 2047 4558 Ascendisti

474 4594 534 4648 in
572 4593 781 4658 altum,
828 4593 1021 4665 cepisti
1058 4594 1451 4664 captivitatem,
1508 4597 1766 4666 accepisti
1819 4595 1961 4651 dona
1992 4597 2048 4652 in

474 4686 791 4742 hominibus
819 4686 884 4743 “.
916 4706 935 4738 ι
980 4685 1111 4742 Post
1135 4687 1251 4742 haec
1288 4687 1343 4742 in
1374 4688 1476 4742 hoc
1513 4690 1704 4744 eodem
1744 4690 1863 4745 loco
1896 4690 2050 4746 addi-

473 4783 604 4833 tur:
652 4795 673 4831 t
719 4776 819 4832 llic
870 4785 956 4834 est
989 4776 1133 4835 Deus
1167 4787 1373 4844 noster,
1425 4788 1480 4836 et
1529 4797 1639 4835 non
1689 4782 2049 4837 aestimabitur

473 4869 615 4926 alius
658 4868 921 4925 adversus
963 4885 1111 4926 eum.
1153 4890 1172 4924 ι
1225 4871 1361 4937 Quis
1411 4879 1592 4927 autem
1632 4873 1745 4938 ille,
1798 4873 1904 4928 nisi
1952 4874 2047 4945 qui

472 4960 719 5017 ascendit
755 4961 810 5015 in
849 4961 1072 5025 ctelum,
1103 4973 1159 5017 et
1186 4963 1508 5019 descendit?
1548 4963 1842 5034 Postquam
1900 4968 2043 5020 enim

473 5049 859 5120 interrogative
919 5050 1126 5106 dictum
1196 5060 1325 5108 est:
1389 5072 1407 5105 ι
1477 5051 1613 5120 Quis
1680 5055 1924 5111 ascendit
1992 5057 2044 5111 in

473 5139 722 5197 malum?
757 5159 776 5192 ι
821 5141 1184 5212 respondetur
1213 5181 1229 5207 ,
1278 5163 1297 5196 ι
1345 5144 1435 5199 hic
1497 5153 1580 5202 est
1632 5145 1773 5202 Deus
1837 5156 2042 5214 noster,

470 5238 526 5285 et
562 5247 673 5286 non
715 5233 1075 5289 aestimabitur
1112 5236 1253 5292 alius
1304 5236 1569 5296 adversus
1627 5255 1751 5296 eum
1782 5258 1797 5308 ;
1847 5258 1870 5294 ι
1900 5241 2044 5310 quod

471 5327 528 5376 et
594 5325 937 5393 apertissime
1000 5327 1379 5384 demonstrant
1441 5330 1556 5386 haec
1621 5348 1742 5403 qua:
1808 5334 2042 5390 inferius

473 5412 861 5482 subjiciuntur,
903 5436 924 5468 ι
967 5418 1099 5478 Post
1131 5420 1246 5477 haec
1272 5423 1327 5477 in
1351 5424 1515 5478 terris
1541 5423 1693 5480 visus
1726 5433 1812 5481 est
1837 5432 1891 5480 et
1919 5441 2043 5481 cum

472 5502 786 5564 hominibus
823 5522 1180 5571 conversatus
1210 5525 1317 5572 est.
1363 5534 1382 5567 ι
1417 5515 1699 5572 Adversus
1727 5517 1857 5572 illud
1883 5519 2046 5589 igitur

471 5591 569 5650 Dei
600 5593 834 5653 Verbum
873 5603 1227 5661 manifestum
1251 5613 1337 5662 est
1363 5606 1507 5676 quod
1535 5621 1644 5661 non
1679 5608 2046 5664 aestimabitur

467 5687 614 5745 alius
656 5704 844 5751 eorum
871 5695 963 5765 qui
996 5699 1172 5753 vocati
1222 5707 1352 5754 sunt
1407 5699 1504 5756 dii.
1543 5720 1561 5752 ι
1598 5700 1726 5758 Post
1765 5702 1901 5767 haec,
1944 5704 2040 5769 ait,

2167 3301 2258 3353 καὶ
2305 3301 2613 3370 ὑπήκουσεν
2655 3301 2804 3372 αὐτῷ
2846 3303 3052 3374 τρόμῳ.
3102 3305 3165 3358 Ol
3210 3305 3269 3358 δὲ
3301 3305 3526 3377 ἀστέρες
3566 3302 3695 3371 ἐλαμ-

2162 3391 2270 3462 ψαν
2321 3395 2378 3445 ἐν
2426 3395 2545 3457 ταῖς
2593 3394 2857 3462 φυλακαῖς
2907 3395 3116 3460 αὐτῶν,
3178 3398 3283 3451 καὶ
3330 3396 3694 3469 εὑφράνθηςαν·

2160 3483 2419 3537 ἐκάλεσεν
2473 3484 2690 3550 αὐτοὺς,
2749 3488 2841 3540 καὶ
2896 3482 3069 3553 εἷπον,
3134 3490 3452 3561 Πάρεσμεν·
3499 3487 3696 3557 ἔλαμψαν

2163 3575 2281 3644 μετ’
2305 3576 2644 3648 εὐφροσύνης
2671 3577 2750 3648 τῷ
2784 3582 3068 3651 ποιήσαντι
3094 3581 3318 3647 αὐτούς.
3360 3573 3524 3644 Οὗτος
3549 3584 3574 3634 6
3599 3578 3697 3639 Θεὸς

2157 3668 2338 3738 ήμῶν,
2377 3670 2436 3722 o6
2467 3669 2847 3742 λογισθήσεται
2879 3672 3065 3746 ἕτερος
3098 3674 3237 3744 πρὸς
3266 3675 3453 3729 αὐτόν.
3498 3670 3696 3742 Ἐξεῦρεν

2158 3762 2336 3815 πᾶσαν
2361 3761 2477 3815 ὁδὸν
2509 3764 2838 3837 ἐπιστήμης,
2866 3766 2959 3819 καὶ
2994 3765 3194 3820 ἔδωκεν
3236 3766 3412 3838 αὐτὴν
3448 3766 3517 3818 ἰα
3533 3762 3622 3817 ιὼϐ
3639 3759 3697 3830 τῷ

2160 3854 2310 3909 παιδὶ
2349 3854 2535 3920 αὑτοῦ,
2569 3857 2662 3909 καὶ
2703 3857 2914 3930 Ἰσραὴλ
2938 3857 3016 3929 τῷ
3048 3860 3405 3931 ἠγαπημένῳ
3440 3860 3524 3911 ὑπ’
3548 3852 3695 3909 αὐτοῦ’

2164 3947 2302 4017 μετὰ
2327 3948 2487 4002 τοῦτο
2516 3950 2609 4002 ἐπὶ
2641 3949 2741 4019 τῆς
2760 3950 2863 4020 γῆς
2884 3949 3061 4022 ὤφθη,
3095 3952 3190 4004 καὶ
3224 3955 3288 4005 ἐν
3311 3954 3423 4015 τοῖς
3443 3946 3699 4018 ἀνθρώποις

2162 4041 2600 4114 συνανεστρὰφη.
2635 4062 2652 4093 ›
2684 4042 2778 4105 Τίς
2810 4042 2974 4113 ἀνέϐη
2998 4045 3077 4106 εἰς
3092 4043 3182 4096 τὸν
3196 4042 3452 4114 οὐρανὸν,
3478 4041 3613 4111 φησὶ,
3631 4038 3700 4089 καὶ

2157 4131 2347 4186 ἔλαϐεν
2388 4134 2583 4205 αὐτὴν,
2615 4135 2706 4189 καὶ
2744 4134 3100 4189 κατεϐίϐασεν
3132 4136 3348 4207 αὐτήνς
3375 4133 3555 4189 καὶτὰ
3579 4130 3695 4200 ἐξῆς·

2154 4225 2516 4296 διδασκόμεθα
2564 4227 2620 4280 δὲ
2658 4228 2765 4281 ἀπὸ
2805 4226 2898 4280 τοῦ
2946 4226 3093 4299 ἱεροῦ
3151 4228 3482 4282 Ἀποστῶου
3509 4227 3578 4288 ὡς
3620 4223 3701 4293 ἀρε

2161 4336 2178 4369 ι
2210 4320 2239 4372 6
2268 4317 2511 4381 καταϐὰς
2546 4318 2750 4389 Ἰησοῦς
2778 4319 3043 4391 Χριστὸς,
3077 4318 3241 4382 αὑτός
3274 4320 3395 4372 ἐστι
3427 4316 3517 4372 καὶ
3545 4317 3570 4368 6
3600 4313 3700 4367 ἀνα·

2154 4408 2256 4474 ϐὰς
2284 4409 2537 4480 ὑπεράνω
2570 4411 2787 4463 πάντων
2825 4409 2932 4464 τῶν
2978 4410 3243 4482 οὐρανῶν·
3285 4430 3307 4462 ι
3359 4410 3416 4472 ὃς
3447 4408 3535 4463 καὶ
3560 4400 3700 4457 λαϐὼν

2153 4502 2251 4574 τὴν
2276 4502 2371 4555 τοῦ
2393 4503 2549 4571 ἁγίου
2593 4502 2911 4573 Πνεύματος
2957 4503 3165 4574 δωρεὰν
3199 4501 3532 4557 κατεϐίϐασε
3562 4514 3611 4553 τε
3631 4495 3701 4549 καὶ

2157 4594 2370 4664 ἐξέχεεν
2394 4596 2487 4666 ἐπὶ
2516 4595 2615 4659 τὰς
2646 4594 2754 4648 τῶν
2788 4593 3248 4666 παραδεξαμένων
3284 4592 3466 4647 αὐτῶν
3508 4591 3603 4662 (ὴν)
3630 4585 3701 4653 iii"

2154 4686 2274 4756 χάς·
2306 4665 2428 4739 ὅθεν
2457 4687 2552 4741 καὶ
2586 4687 2643 4739 ἐν
2673 4665 2918 4756 Ψαλμοῖς
2957 4687 3171 4758 εἴρηται
3201 4685 3287 4748 τὸ,
3346 4704 3365 4737 ι
3412 4681 3621 4743 Ἀναϐὰς
3642 4675 3697 4735 εἷς

2156 4776 2289 4847 ὕψος
2320 4776 2747 4849 ⁴ᾐχμαλιιῦτευσας
2783 4778 2843 4849 (Γ.
2880 4778 2969 4839 37,
2996 4784 3072 4848 v°)
3102 4777 3509 4847 αἰχμαλωσίαν,
3549 4768 3698 4827 ἔλαϐες

2153 4869 2360 4941 δόματα
2399 4873 2455 4924 ἐν
2499 4870 2824 4942 ἀνθρώποις.
2871 4890 2889 4923 ι
2940 4871 3095 4940 Ἑξῆς
3123 4872 3179 4924 δὲ
3206 4873 3269 4924 ἐν
3308 4874 3377 4943 τῇ
3415 4862 3698 4941 προκειμένη

2153 4967 2336 5036 γραφῇ
2362 4966 2390 5017 6
2421 4963 2577 5032 λόγος
2604 4964 2787 5034 φησὶν,
2818 4982 2835 5013 ι
2868 4956 3035 5026 Οὗτος
3059 4965 3087 5016 6
3113 4962 3250 5026 Θεὸς
3296 4961 3458 5033 ἡμῶν
3494 4960 3550 5013 οὐ
3593 4956 3697 5015 λοτν

2154 5057 2411 5127 σθήσεται
2432 5055 2617 5127 ἕτερος
2640 5055 2777 5126 πρὸς
2804 5055 2985 5108 αὐτόν·
3027 5073 3044 5106 ι
3082 5055 3165 5118 τίς
3195 5053 3259 5107 δὲ
3300 5050 3476 5118 οὗτος,
3506 5048 3695 5123 ῆὸἀνα’

2153 5147 2253 5211 ϐὰς
2276 5149 2353 5211 είς
2372 5147 2460 5201 τὸν
2487 5146 2714 5218 οὐρανὸν
2742 5146 2832 5199 καὶ
2853 5145 3120 5210 καταϐἀς;
3140 5144 3232 5215 Τῷ
3261 5145 3374 5214 γὰρ
3402 5163 3423 5196 ‹
3455 5142 3543 5202 Τίς
3564 5132 3693 5195 ἀνέθη

2151 5243 2233 5304 εἰς
2259 5240 2351 5293 τὸν
2379 5239 2639 5310 οὐρανόνς
2669 5257 2688 5290 ι
2735 5236 3163 5308 ἐρωτηματικῶς
3184 5234 3472 5307 εἰρημένῳ
3497 5221 3695 5284 6:065:58-

2148 5351 2238 5386 ται
2266 5322 2353 5396 τὸ,
2391 5351 2410 5384 t
2438 5326 2605 5396 Οὗτος
2635 5331 2665 5384 ὁ
2693 5330 2823 5395 Θεὸς
2843 5330 3018 5401 ἡμῶν,
3044 5329 3103 5383 οὐ
3142 5328 3527 5398 λογισθήσεται
3548 5322 3694 5385 ἔτεμες

2150 5423 2288 5494 πρὸς
2316 5423 2499 5478 αὐτόν·
2544 5441 2564 5474 ι
2595 5422 2926 5493 σαφέστερον
2956 5421 3113 5476 τοῦτο
3143 5420 3301 5491 δηλοῖ
3336 5418 3399 5472 τὸ
3438 5414 3556 5483 ἑξῆς
3578 5409 3695 5480 εἰρη-

2152 5515 2332 5586 μένον,
2355 5514 2444 5577 τὸ,
2482 5533 2500 5565 ι
2538 5512 2693 5568 Μετὰ
2734 5512 2890 5566 τοῦτο
2917 5512 3008 5566 ἐπὶ
3034 5513 3132 5584 τῆς
3169 5511 3280 5580 γῆς
3308 5506 3485 5577 ὤφθη,
3532 5499 3610 5595 xei.
3624 5496 3694 5595 ἐν

2147 5611 2258 5672 τοῖς
2293 5605 2599 5680 ἀνθρώποις
2630 5605 3062 5677 συνανεστράφη.
3089 5624 3106 5656 ι
3138 5600 3290 5673 Πρὸς
3320 5598 3504 5653 τοῦτον
3524 5588 3602 5647 οὖν
3620 5586 3693 5655 6?,-

2146 5700 2238 5754 λον
2267 5701 2348 5753 ὅτι
2370 5700 2462 5754 τὸν
2500 5700 2593 5753 τοῦ
2624 5698 2768 5753 Θεοῦ-
2799 5698 2970 5766 Λιῆνον
3010 5697 3071 5751 οὐ
3109 5694 3492 5766 mnditia-su:
3541 5685 3691 5753 ἕτερος

543 5845 585 5876 ¹¹
616 5838 818 5903 Thren.
875 5863 952 5917 ιγ,
982 5849 1074 5908 20.
1157 5853 1198 5887 ι’
1230 5852 1465 5913 Baruch.
1523 5871 1625 5926 ιιι,
1683 5857 1754 5914 29
1790 5857 1880 5915 38.
1960 5859 2003 5893 ¹³
2040 5857 2055 5914 1

2159 5873 2237 5916 es.
2275 5876 2350 5924 tv,
2378 5859 2514 5916 10..
2541 5858 2583 5892 “
2623 5856 2769 5916 Psal.
2809 5870 2979 5926 van,
3014 5853 3099 5912 l9.
