3926 6260
481 332 614 391 H7!
1201 329 1471 387 EUSEB"
1504 331 1981 391 CIESARIENSIS
2018 333 2170 392 OPP.
2211 334 2391 391 PARS
2429 335 2514 394 111.
2546 336 3044 394 —EXEGETICA.
3553 347 3659 404 1172

479 450 679 506 tionem
715 463 889 504 meam
917 449 968 503 in
987 444 1169 504 medio
1193 462 1383 503 eorum
1406 450 1460 504 in
1496 460 1851 520 perpetuum;
1881 459 1933 507 et
1960 454 2029 508 eri

2108 462 2136 517 ι
2163 454 2393 528 διαθήκη
2421 456 2635 520 αἰώνιος
2664 453 2816 509 ἔσται
2848 454 2967 525 μετ’
2988 449 3187 505 αὐτῶν·
3217 452 3309 507 καὶ⁸
3329 452 3463 526 θήσω
3481 457 3539 511 τὰ
3562 462 3658 529 ᾶγιά

478 542 890 597 tabernaculum
952 555 1131 597 meum
1192 542 1247 595 in
1280 542 1361 597 eis
1393 561 1406 596 :
1438 550 1493 598 et
1550 558 1645 598 ero
1701 544 1781 599 eis
1809 543 1973 610 Deus,
2004 560 2028 601 ε

2167 546 2355 617 μοιιέν
2385 548 2533 618 μέσῳ
2557 546 2734 601 αὐτῶν
2755 547 2834 608 είς
2859 544 2951 598 τὸν
2972 540 3162 608 αίῶνα,
3200 543 3291 597 καὶ
3313 543 3450 599 ἔσται
3482 548 3511 617 ἡ
3535 565 3658 604 κατα-

480 636 582 706 ipsi
616 642 777 691 erunt
804 634 939 688 mihi
987 633 1243 705 populus.
1276 632 1342 689 Et
1373 636 1550 692 scient
1578 646 1765 708 gentes
1797 638 1925 709 quia
1956 652 2030 709 egi

2164 636 2432 707 σκήνωσίς
2458 653 2558 708 μου
2583 638 2640 690 ὲν
2659 637 2860 700 αὐτοῖς,
2887 635 2982 688 καὶ
3012 633 3224 687 ἔσονταί
3244 651 3331 705 μοι
3358 637 3430 699 εις
3450 635 3575 703 λαὸν,
3593 640 3664 694 καὶ

477 728 743 784 Dominus
774 718 1152 784 sanctificator
1174 728 1363 796 Israel,
1396 746 1521 786 cum
1547 730 1711 787 fuerit
1743 731 2022 787 sanctiﬂca

2160 724 2273 796 ἐγὼ
2300 726 2494 798 ἔσομαι
2528 727 2711 790 αὐτοῖς
2746 728 2829 790 είς
2857 725 3010 781 Θεόν,
3054 726 3165 780 Καὶ
3188 724 3465 794 γνώσονται
3486 729 3545 780 τὰ
3566 729 3658 801 ἔθνη

476 818 552 871 tio
582 832 700 872 mea
761 817 819 872 in
852 818 1032 873 medio
1074 834 1265 875 eorum
1316 821 1371 875 in
1424 828 1744 893 perpetuum
1773 822 1838 877 ¹⁶.
1880 841 1899 873 ι
1927 821 2026 878 Ροε

2160 819 2243 871 ὅτι
2264 817 2374 888 ἐγώ
2399 820 2514 889 ιίμι
2537 818 2742 890 Κύριος
2760 818 2789 871 ό
2811 817 3050 887 ἁγιάζων
3076 817 3292 885 αὐτοὺς,
3326 820 3379 872 ὲν
3395 818 3467 890 τῷ
3489 817 3661 878 εἶναιτὰ

475 906 840 978 dispersionis
877 910 1181 980 spiritualis
1217 913 1442 983 verique
1470 913 1637 968 Israel
1671 914 2023 985 congregatio

2161 912 2294 982 ἅγιά
2332 930 2433 985 μου
2458 914 2516 966 ὲν
2548 912 2698 983 μέσῳ
2726 911 2902 966 αὐτῶν
2933 913 3013 975 είς
3049 910 3142 965 τὸν
3165 910 3351 964 αἰῶνα.
3386 929 3403 962 ι
3441 913 3571 967 Μετὰ
3590 914 3661 985 τήν

474 1016 622 1065 nem,
652 1010 708 1056 et
749 1010 873 1072 post
912 1005 1251 1074 perditarum
1299 1005 1495 1062 domus
1543 1005 1711 1062 Israel
1760 1008 1942 1062 ovium
1973 1007 2024 1062 in

2159 1005 2261 1076 τῆς
2303 1005 2599 1077 διασπορᾶς
2642 1004 2736 1057 τιοῦ
2790 1003 3161 1075 πνευματικοῦ
3200 1005 3293 1056 καὶ
3331 1002 3555 1075 ἀληθινοῦ
3587 1007 3663 1060 'lc-

471 1093 808 1158 ventionem,
846 1097 1184 1165 plenitudine
1214 1099 1458 1173 gentium
1491 1111 1890 1163 consummata,
1924 1110 2019 1156 tun

2165 1098 2302 1171 ραήλ
2328 1097 2766 1177 ἐπισυναγωγὴν,
2808 1097 2904 1153 καὶ
2933 1096 3070 1168 μετὰ
3102 1095 3200 1167 τὴν
3226 1094 3432 1166 εὕρεσιν
3452 1095 3545 1150 τῶν
3587 1098 3665 1151 ἀπ-

471 1184 737 1242 Dominus
788 1188 905 1259 ipse
940 1188 1131 1245 futuro
1167 1190 1290 1260 ejus
1344 1191 1546 1261 populo
1592 1207 1653 1248 se
1703 1191 1817 1248 fore
1858 1191 2021 1248 Deum

2159 1190 2435 1245 ολωλότων
2470 1189 2757 1264 προὸάτων
2796 1188 2946 1243 οἴκου
2987 1187 3222 1260 Ἰσραὴλ,
3239 1186 3333 1240 τοῦ
3367 1183 3666 1260 πληρώματος

470 1277 699 1349 ejusque
743 1294 961 1336 servum
1007 1281 1175 1336 David
1218 1282 1519 1355 principem
1550 1284 2020 1344 constituturumi;

2159 1280 2266 1335 τῶν
2292 1278 2460 1337 ἐθνῶν
2486 1278 3017 1351 προεισεληλυθότος,
3043 1276 3340 1349 τηνικαῦτα
3366 1279 3393 1330 ό
3410 1277 3583 1349 Κύριος
3602 1281 3667 1332 uti.

468 1371 650 1427 medio
692 1388 904 1436 eorum,
941 1374 1034 1444 qui
1076 1383 1263 1444 pascet
1312 1389 1409 1430 eos
1454 1382 1509 1429 et
1552 1372 1924 1430 dominabitur
1972 1376 2018 1431 ei

2159 1367 2249 1431 οὺς
2275 1368 2371 1438 μὶν
2396 1360 2612 1423 ἔσεσθαι
2639 1369 2719 1431 είς
2750 1366 2883 1425 Θεὸν
2906 1366 2983 1438 τῷ
3021 1367 3263 1438 ἐσομένῳ
3289 1366 3444 1421 αὐτοῦ
3470 1366 3584 1439 λαιῖι,
3602 1368 3668 1423 τὸν

469 1474 581 1518 non
612 1479 786 1537 parvo
817 1472 873 1519 et
919 1466 1069 1519 brevi
1111 1475 1375 1535 tempore,
1407 1464 1501 1520 sed
1546 1467 1600 1521 in
1638 1467 2019 1538 sempiternum

2156 1460 2214 1514 δὲ
2241 1458 2425 1514 δοῦλον
2446 1458 2609 1513 αὐτοῦ
2645 1459 2807 1514 Δαυῒδ
2851 1461 3087 1531 ἄρχοντα
3125 1457 3310 1531 θήσειν
3339 1460 3394 1511 ἐν
3427 1458 3558 1530 μέσῳ
3598 1460 3670 1512 ab.

469 1548 780 1621 pollicetur.
817 1553 1146 1612 Existiment
1172 1554 1361 1626 igitur,
1401 1554 1550 1618 licet,
1572 1552 1742 1609 Judaei
1776 1554 2019 1610 hominem

2154 1554 2284 1617 τῶν,
2307 1552 2683 1624 ποιμανοῦντα
2713 1552 2915 1615 αὐτοὺς
2941 1551 3035 1605 καὶ
3067 1551 3302 1624 ἄρχοντα
3327 1550 3490 1604 αὐτῶν
3512 1551 3668 1604 οὐκετι*

468 1644 620 1709 illum
662 1642 831 1699 lilium
887 1643 1045 1700 Jesse
1096 1643 1382 1714 Scriptura
1428 1645 1783 1713 praenuntiari
1839 1644 1939 1711 eis,
1972 1659 2018 1698 re

2155 1644 2334 1714 ὀλίγον
2369 1646 2464 1698 καὶ
2497 1643 2705 1716 βραχύν
2752 1661 2873 1697 τινα
2914 1644 3103 1716 χρόνον
3136 1642 3250 1697 ἀλλ’
3294 1642 3385 1695 ἐπὶ
3424 1643 3505 1697 τὸν
3538 1643 3669 1697 αιῶνα

466 1750 632 1807 gnum
660 1735 781 1807 ejus
805 1744 1068 1793 terrestre
1096 1737 1198 1792 sibi
1237 1736 1522 1807 ﬁngentes,
1555 1735 1759 1807 Deique
1780 1736 2015 1807 promiss

2156 1735 2516 1805 ὑπισχνεὴαι.
2547 1733 2858 1788 Οἰέσθωσαν
2893 1734 2990 1805 μὲν
3015 1730 3109 1787 οὖν
3149 1732 3241 1787 τὸν
3283 1731 3543 1804 ἄνθρωπον
3564 1733 3669 1787 ἐκεῖ·

465 1826 521 1883 in
572 1828 1021 1898 corruptibilibus
1085 1829 1547 1899 terrestribusque
1584 1836 1639 1884 et
1686 1828 1871 1883 divina
1921 1843 2015 1898 pro

2119 1850 2122 1883 ι
2149 1844 2237 1881 νον
2266 1827 2357 1879 τὸν
2389 1825 2502 1879 υἱὸν
2546 1826 2744 1879 Ἰεσσαὶ
2775 1823 3313 1893 κατεπαγγέλλεσθαι
3333 1824 3420 1877 τὸν
3441 1823 3575 1893 λόγον
3599 1824 3669 1878 αὐ-

464 1918 728 1975 missione
759 1920 1002 1991 indignis
1033 1928 1417 1992 exspectantes
1460 1940 1474 1975 :
1510 1935 1610 1976 nos
1650 1935 1784 1974 vero
1825 1920 2014 1974 minim

2150 1920 2262 1981 τοῖς
2293 1918 2343 1970 οί
2369 1918 2434 1970 ἐκ
2477 1916 2815 1988 περιτόμης,
2871 1914 3150 1985 βασιλείαν
3195 1915 3359 1969 αὐτοῦ
3408 1915 3670 1987 σωματικήν

464 2026 767 2082 congruere
788 2027 914 2066 cum
936 2012 1137 2067 divinis
1160 2013 1473 2083 promissis,
1493 2028 1670 2082 neque
1692 2011 1760 2067 ad
1790 2010 2010 2068 Davidel

2150 2002 2308 2071 αὖθις
2335 2005 2728 2078 φανταζόμενοι
2746 2046 2761 2071 ,
2792 2006 2887 2060 καὶ
2916 2007 3017 2071 τὰς
3048 2007 3370 2078 ὑποσχέσεις
3396 2007 3482 2061 τοῦ
3509 2006 3618 2061 Θεοῦ
3629 2008 3671 2061 ἐν

465 2097 645 2169 ipsum
679 2109 931 2170 spectare
961 2117 1083 2172 qua
1104 2104 1265 2173 quasi
1295 2102 1363 2157 de
1382 2117 1447 2158 eo
1466 2102 1614 2157 dicta
1646 2110 1794 2170 sunt,
1825 2117 2015 2174 persua

2151 2099 2405 2171 φθαρτοῖς
2430 2100 2526 2153 καὶ
2556 2099 2761 2169 γηῖνοις
2794 2100 2889 2153 καὶ
2935 2099 3083 2164 θείας
3109 2100 3347 2166 ἀναξίοις
3370 2099 3671 2170 ὲπαγγελείας

462 2207 583 2245 sum
619 2191 908 2257 habentes,
935 2197 1051 2250 haec
1074 2195 1141 2251 de
1177 2194 1462 2251 Salvatore
1493 2195 1833 2269 Dominoque
1859 2207 2012 2253 nostr

2150 2193 2596 2266 καραδοκοῦντες
2649 2194 2808 2264 ἡμεῖς
2857 2192 2913 2248 δὲ
2968 2194 3231 2266 μηδαμῶς
3280 2195 3523 2265 ἁρμόζειν
3570 2194 3671 2264 μήτε

459 2277 589 2335 Jesu
617 2281 838 2337 Christo
863 2298 893 2339 e
917 2285 1125 2340 semine
1155 2285 1276 2355 ejus
1309 2287 1611 2342 secundum
1645 2303 1867 2343 carnem
1906 2305 2005 2360 gen

2151 2286 2323 2351 θείαις
2346 2288 2690 2360 ὑποσχέσεσι,
2723 2291 2859 2363 μήτε
2902 2287 3007 2360 μὴν
3037 2290 3116 2352 εἰς
3158 2287 3324 2342 αὐτὸν
3365 2285 3672 2357 ἀναφέρεσθαι

461 2382 517 2427 ιο
535 2375 863 2445 accipimus,
900 2377 1220 2448 prophetiae
1243 2379 1370 2433 huic
1387 2380 1559 2450 magis
1576 2381 1866 2437 convenire
1885 2397 2011 2453 quat

2147 2375 2240 2429 τὸν
2275 2376 2468 2443 Δαυῖδ,
2517 2379 2584 2433 τὰ
2615 2380 2692 2444 ὡς
2722 2380 2850 2449 περὶ
2883 2378 3048 2434 αὐτοῦ
3098 2377 3369 2449 λεγόμενα
3418 2377 3672 2447 πειθόμενοι

458 2466 538 2522 ἱΗί
567 2467 737 2523 David
782 2477 1124 2540 reputantes,
1158 2471 1214 2525 in
1245 2472 1325 2527 eis
1374 2489 1498 2543 quae
1528 2473 1684 2543 quasi
1718 2474 1785 2529 de
1816 2490 2008 2546 person

2148 2470 2244 2523 ἐπὶ
2265 2471 2355 2524 τὸν
2388 2474 2452 2524 ὲκ
2482 2471 2791 2542 σπέρματος
2827 2469 2991 2525 αὐτοῦ
3016 2470 3106 2523 τὸν
3130 2469 3276 2523 κατὰ
3308 2470 3477 2541 σάρκα
3499 2469 3675 2539 γενόμε-

458 2556 627 2623 David
660 2560 714 2614 in
751 2561 926 2616 sacris
975 2560 1278 2634 Scripturis
1310 2554 1598 2634 leguntur;
1633 2563 1748 2619 haec
1786 2565 1997 2621 scilicet

2149 2577 2239 2613 vov
2258 2561 2485 2633 Σωτῆρα
2513 2562 2606 2615 καὶ¹
2633 2562 2835 2634 Κύριον
2850 2560 3005 2632 ἡμῶν
3044 2559 3252 2631 Ἰησοῦν
3276 2561 3500 2631 Χριστὸν
3513 2560 3673 2630 ἐκλαμ-

462 2668 484 2701 σ
529 2650 792 2709 Dominus
816 2653 1038 2708 dixitad
1078 2670 1205 2710 me:
1238 2653 1413 2712 Filius
1445 2672 1598 2712 meus
1621 2673 1682 2714 es
1710 2664 1792 2722 tu,
1827 2674 1927 2730 ego
1949 2659 2012 2713 he

2149 2652 2433 2724 ϐάνωμεν,
2466 2654 2565 2717 τὰς
2614 2652 2949 2725 προφητείας
2998 2653 3171 2724 τούτῳ
3221 2652 3419 2724 μᾶλλον
3466 2651 3675 2724 ἁρμόζειν

455 2741 546 2798 die
581 2745 747 2815 genui
795 2754 848 2801 te
871 2747 948 2813 ¹⁷;
990 2766 1009 2798 ι
1042 2754 1206 2819 atque
1231 2747 1322 2802 illa
1361 2767 1376 2804 :
1425 2768 1444 2800 ι
1485 2750 1806 2805 Constitues
1851 2765 1937 2806 me
1991 2750 2005 2805 i

2148 2744 2291 2816 ἥπερ
2319 2745 2510 2816 ἐκείνῳ
2535 2743 2614 2823 τῷ
2652 2743 2813 2797 Δαυῖδ
2843 2744 3078 2814 οἰόμενοι
3097 2785 3111 2808 ,
3138 2744 3208 2797 τὰ
3234 2745 3313 2808 ὡς
3353 2743 3417 2798 ἂν
3458 2747 3515 2797 ὲκ
3544 2760 3674 2816 προσ-

452 2844 618 2905 caput
663 2837 925 2909 gentium,
953 2858 971 2890 ι
1005 2854 1127 2908 qua:
1180 2839 1237 2899 in
1275 2839 1490 2895 decimo
1553 2842 1787 2911 septimo
1836 2843 2002 2913 psalm

2147 2835 2297 2890 ώπου
2320 2835 2480 2890 Δαυῒδ
2511 2838 2566 2889 ὲν
2593 2839 2712 2900 ταῖς
2736 2838 2908 2908 ἱεραῖς
2933 2837 3178 2906 Γραφαῖς
3209 2837 3577 2908 ἑμφερόμενα·
3594 2830 3675 2889 οἷόν

451 2922 714 2981 dicitntur
736 2928 813 2997 ¹⁸;
853 2930 943 2984 ubi
972 2945 1165 2987 rursus
1199 2933 1355 3002 quasi
1380 2933 1448 2987 de
1480 2933 1601 3002 ejus
1646 2918 1882 3002 persona
1915 2934 1999 3005 leg

2147 2930 2292 2983 ἐστιν
2323 2928 2415 2994 τὸ,
2457 2949 2475 2981 ι
2514 2930 2718 3001 Κύριος
2750 2926 2903 2983 εἶπεν
2940 2930 3077 3002 πρὸς
3104 2929 3205 3001 μὲ,
3241 2931 3370 2993 Υἱός
3407 2946 3499 3000 μου
3535 2929 3578 2980 εἰ
3608 2927 3674 2980 σύ·

449 3033 606 3089 tuus:
637 3038 656 3070 ι
678 3019 923 3093 Papulus
951 3038 1112 3092 quem
1146 3038 1257 3078 non
1305 3026 1558 3102 cognovi,
1603 3025 1829 3087 servivit
1863 3025 1995 3079 mihi

2146 3020 2256 3090 ἐγὼ
2286 3025 2524 3094 σήμερον
2547 3021 2854 3094 γεγέννηκά
2879 3039 2938 3081 σε
2957 3039 2970 3052 ⁸
3009 3042 3028 3074 ι
3064 3022 3159 3077 καὶ
3183 3023 3269 3086 τὸ,
3301 3041 3320 3073 ι
3351 3022 3676 3091 Καταστήσεις

450 3111 505 3165 in
538 3112 727 3169 auditu
760 3106 909 3168 auris
926 3114 1167 3168 nbedivit
1196 3115 1330 3169 mihi
1356 3117 1421 3167 ’³.
1449 3134 1468 3171 ι
1491 3114 1566 3171 De
1585 3130 1696 3186 quo
1724 3116 1872 3172 enim
1897 3115 2000 3172 Deu

2150 3130 2217 3185 με
2250 3115 2328 3177 εἰς
2375 3115 2617 3186 κεφαλὴν
2660 3115 2848 3181 ἐθνῶν,
2886 3135 2904 3167 ι
2954 3114 3248 3187 λεγόμενον
3296 3119 3354 3169 ἐν
3397 3114 3459 3178 ιζ’
3497 3111 3675 3183 ψαλμῷ·

448 3202 655 3259 dixisse
680 3205 1081 3263 existimandus
1116 3214 1199 3263 est
1226 3225 1238 3261 :
1267 3227 1286 3260 ι
1315 3207 1436 3287 lpse
1461 3208 1734 3265 invocabit
1754 3208 1998 3276 me,Pate

2138 3191 2267 3271 ἔνθα
2319 3203 2479 3258 πάλιν
2526 3208 2601 3269 ὼς
2647 3206 2711 3259 ἐκ
2764 3204 3053 3276 προσώπου
3109 3205 3275 3259 αὐτοῦ
3329 3205 3560 3258 λέλεκται
3605 3200 3675 3264 τὸ,

447 3309 604 3365 meus
623 3309 684 3367 es
715 3303 773 3350 tu
796 3297 863 3360 '°,
898 3317 916 3349 ι
952 3304 1116 3368 atque
1146 3316 1159 3352 ι
1200 3316 1217 3348 ι
1249 3297 1315 3352 Et
1343 3315 1442 3370 ego
1476 3300 1896 3375 primogenitum
1933 3316 1997 3379 po

2147 3313 2166 3349 ι
2205 3295 2348 3360 Aab;
2378 3296 2437 3349 ὃν
2466 3297 2566 3350 οὐκ
2598 3296 2768 3365 ἔγνων
2797 3297 3076 3351 ἐδούλευσὲ
3102 3315 3210 3367 μοι·
3256 3300 3337 3363 εἰς
3363 3297 3524 3367 ἀκοὴν
3550 3293 3676 3347 ὠτίον

446 3401 574 3465 nam
622 3401 745 3462 eum
780 3389 848 3451 “,
889 3407 908 3440 ι
949 3389 1058 3443 nisi
1091 3387 1159 3443 de
1184 3386 1470 3444 Salvatore
1509 3396 1721 3455 nostro,
1752 3389 1996 3459 unigenit

2140 3387 2419 3461 ὑπήκουσέ
2464 3406 2587 3459 μου.
2629 3408 2648 3441 ι
2688 3390 2824 3459 Περὶ
2859 3390 3004 3455 τίνος
3043 3390 3099 3443 δὲ
3136 3389 3301 3445 ἄλλου
3348 3389 3592 3460 προσήκει

443 3477 567 3546 ejus
600 3477 781 3535 Filio?
808 3479 954 3548 Quid
992 3482 1139 3537 enim
1176 3483 1454 3554 singulare
1494 3498 1606 3556 pne
1652 3484 1866 3540 caeteris
1906 3500 1993 3555 prc

2138 3483 2228 3536 τὸν
2255 3481 2388 3535 Θεὸν
2414 3482 2643 3551 φάσκε;ν
2676 3483 2923 3535 ὑπονοεῖν
2950 3482 3031 3546 τὸ,
3073 3502 3107 3537 ιη
3134 3482 3311 3546 Αὐτὸς
3340 3474 3676 3534 ὲπικαλέσεταί

443 3570 626 3641 phetis
667 3572 1124 3644 justisque-viris
1170 3575 1352 3631 evenit
1405 3574 1613 3639 Davidi,
1660 3585 1721 3631 ut
1752 3578 1913 3648 quasi
1969 3580 1993 3634 d

2142 3568 2230 3646 με,
2259 3575 2452 3646 Πατήρ
2482 3593 2583 3646 μου
2611 3569 2662 3627 εἷ
2691 3575 2776 3628 σύν
2811 3596 2830 3626 ι
2871 3575 2967 3628 καὶ
2995 3576 3075 3638 τὸ,
3118 3595 3136 3626 ι
3181 3574 3357 3643 Κάγὼ
3383 3571 3674 3644 πρωτότοκον

449 3650 571 3731 ipso
599 3664 720 3719 solo
749 3665 1027 3721 diceretur
1069 3667 1649 3739 prophetizareturque
1693 3684 1815 3724 eum
1851 3685 1997 3740 reget

2138 3666 2378 3740 θήσομαι
2401 3667 2587 3731 αὑτὸν,
2622 3686 2639 3720 ι
2676 3666 2709 3738 ἢ
2738 3668 2866 3741 περὶ
2896 3666 2989 3721 τοῦ
3021 3666 3276 3737 Σωτῆρος
3309 3666 3463 3737 ἡμῶν
3493 3662 3575 3716 τοῦ
3599 3677 3674 3732 μοι

444 3764 827 3813 surrecturum
880 3775 1004 3815 esse
1054 3767 1444 3832 pastoremque
1496 3760 1592 3817 Dei
1646 3764 1867 3818 ovium?
1906 3762 1994 3819 Ha

2135 3758 2384 3826 νογενοῦς
2414 3756 2605 3821 παιδὸς
2642 3756 2841 3822 αὑτοῦ;
2877 3756 2941 3809 Τί
2964 3755 3072 3827 γὰρ
3110 3754 3388 3826 ἐξαίρετον
3416 3752 3558 3823 παρά
3576 3748 3673 3808 τοὺς

443 3847 617 3918 igitur
646 3851 828 3905 omnia
858 3852 1129 3915 videntes,
1163 3861 1328 3923 atque
1374 3854 1528 3909 Isaiae
1567 3855 1910 3926 prophetiam
1959 3871 1988 3909 a

2134 3849 2357 3915 λοιποὺς
2380 3851 2664 3923 προφήτας
2691 3866 2752 3903 τε
2774 3850 2868 3903 καί¹
2898 3847 3142 3911 δικαίους
3167 3847 3371 3916 ἄνδρας
3396 3840 3676 3915 κατωρθῶτο

439 3938 748 4015 tendentes,
796 3950 920 4012 post
948 3942 1171 4000 Davidis
1214 3951 1446 4000 mortem
1491 3946 1606 4001 haec
1639 3947 1745 4001 alia
1782 3963 1989 4017 praemii

2132 3942 2211 4014 τῷ
2240 3942 2419 4007 Δαυῒδ,
2446 3943 2521 4006 ὡς
2547 3943 2675 4014 περὶ
2703 3942 2863 4012 μόνον
2898 3940 3065 3994 αὐτοῦ
3098 3938 3275 3994 ταῦτα
3306 3936 3574 4006 λέγεσθαι,
3604 3931 3674 3984 καὶ

437 4031 665 4109 tiantem
694 4031 763 4088 de
809 4033 1034 4105 Christo
1071 4054 1083 4089 :
1126 4054 1144 4086 ι
1191 4035 1523 4108 Egredietur
1564 4038 1717 4109 virga
1747 4038 1815 4095 de
1844 4039 1987 4094 radit

2134 4035 2296 4088 αὑτὸν
2316 4032 2758 4107 προφητεύεσθαι
2792 4028 2949 4095 αὖθις
2977 4029 3382 4101 ἀναστήσεσθαι
3410 4024 3609 4098 βασιλέα
3629 4037 3672 4073 τε

434 4120 681 4195 .lesse,et
713 4123 816 4203 llos
842 4125 910 4180 de
939 4126 1124 4205 radice
1154 4127 1276 4197 ejus
1307 4129 1601 4194 ascendet:
1630 4138 1686 4185 et
1715 4131 1984 4202 requiesce

2132 4128 2225 4179 καὶ
2252 4124 2485 4195 ποιμένα
2498 4123 2608 4177 τῶν
2636 4123 2731 4177 τοῦ
2750 4122 2887 4183 Θεοῦ
2906 4120 3226 4192 προϐάτων;
3247 4119 3435 4173 Ταῦτα
3457 4116 3517 4188 δὴ
3532 4114 3673 4168 πάντα

434 4227 603 4282 super
627 4228 751 4269 eum
775 4201 1015 4295 Spiritus
1048 4215 1263 4287 Domini
1294 4221 1374 4284 ης
1414 4238 1432 4270 ι
1475 4226 1528 4274 et
1556 4234 1677 4289 qua:
1701 4201 1984 4293 sequuntui

2132 4214 2495 4284 συνορῶντες,
2539 4213 2855 4283 ἐφιστάντες
2892 4215 2959 4283 τῇ
2995 4211 3088 4265 τοῦ
3141 4211 3366 4264 Ἡσαΐου
3413 4201 3673 4279 προφητείᾳ

434 4299 580 4370 sicut
621 4318 685 4357 ea
719 4318 1035 4381 quae-nunc
1086 4316 1422 4376 scrutamur,
1459 4307 1526 4363 de
1584 4310 1704 4379 ipso
1755 4310 1915 4380 quasi
1960 4309 1984 4364 ο

2132 4308 2270 4380 μετὰ
2303 4308 2404 4380 τὴν
2432 4307 2528 4363 τοῦ
2572 4306 2735 4361 Δαυῖδ
2773 4307 3028 4379 τελευτὴν
3072 4301 3518 4377 ἀνακηρυττούσῃ
3541 4298 3601 4352 τά
3625 4310 3670 4346 τε

432 4390 642 4468 Davide
673 4393 822 4463 dicta
848 4396 1208 4472 credidimus.
1247 4396 1410 4461 Solus
1440 4400 1587 4455 enim
1618 4400 1873 4467 Christus
1906 4400 1980 4457 De

2128 4400 2262 4454 ἄλλα
2290 4401 2419 4472 περὶ
2450 4399 2544 4452 τοῦ
2576 4398 2837 4468 Χριστοῦ,
2863 4400 2955 4452 καὶ
2984 4398 3081 4463 τὸ,
3122 4417 3140 4449 ι
3191 4395 3553 4461 Ἐξελεύσεται
3598 4387 3671 4459 ρά·

431 4487 810 4568 metaphorice
838 4489 1009 4570 David
1037 4488 1363 4562 appellatus,
1393 4494 1570 4576 bonus
1600 4502 1789 4565 pastor
1811 4495 1981 4553 inveni

2128 4492 2249 4555 660;
2270 4492 2335 4544 ὲκ
2361 4491 2461 4562 τῆς
2478 4490 2633 4562 ῥίζης
2660 4490 2877 4556 Ἰεσσαὶ,
2901 4489 2995 4543 καὶ
3019 4488 3177 4552 ᾄνθος
3200 4489 3266 4541 ἐκ
3292 4486 3393 4557 τῆς
3414 4484 3559 4587 ρίέης
3571 4481 3670 4579 ἅναξ

428 4585 541 4644 tur,
574 4578 684 4634 dux
719 4567 773 4636 et
805 4567 1044 4654 salvator
1076 4581 1170 4638 Dei
1202 4583 1381 4654 gregis
1418 4591 1474 4638 et
1501 4571 1758 4637 Ecclesiae
1794 4583 1972 4638 factus

2125 4585 2380 4656 ϐήσεται,
2422 4585 2516 4637 καὶ
2547 4582 2988 4637 ἐπαναπαύσεται
3020 4583 3106 4639 ἐπ’
3139 4581 3301 4635 αὑτὸν
3348 4567 3559 4648 Πνεῦμα
3596 4567 3669 4624 τοῦ

427 4672 521 4743 qui
559 4689 653 4728 rex
686 4689 853 4746 super
872 4660 1098 4731 omnem
1142 4671 1484 4747 spiritualem
1538 4674 1704 4731 Israel
1752 4691 1783 4730 a
1851 4674 1977 4735 Patr

2125 4674 2187 4745 (l'.
2225 4675 2314 4738 58,
2347 4675 2423 4747 νο)
2457 4675 2613 4728 Θεοῦι
2655 4695 2673 4727 ι
2707 4674 2892 4729 καὶτὰ
2923 4672 3133 4736 τούτοις
3165 4672 3294 4742 ἑξῆς
3327 4668 3541 4729 εἰκότως
3567 4659 3668 4732 περὶ

427 4761 872 4845 constituendus,
898 4749 1078 4835 soluta
1099 4784 1130 4822 a
1148 4746 1380 4839 Domino
1411 4746 1597 4841 populi
1627 4769 1748 4839 ejus
1779 4749 1977 4849 captivi

2119 4767 2214 4821 τοῦ
2246 4767 2409 4821 αὐτοῦ
2442 4768 2537 4820 καὶ
2564 4767 2633 4820 τὰ
2666 4765 2873 4831 ἐνθάδε,
2915 4764 2990 4828 ὡς
3022 4765 3151 4836 περὶ
3180 4760 3345 4819 Δαυῒδ
3377 4750 3668 4850 προφητευόῖ

426 4865 538 4921 tate
575 4859 1012 4930 prophetizatur.

2124 4878 2278 4933 μενοι,
2307 4860 2561 4930 λέγεσθαι
2587 4858 2948 4930 πεπείσμεθα.
2973 4857 3148 4919 Μόνος
3169 4856 3322 4927 γάρὸ
3345 4849 3563 4925 Χριστὸς
3592 4858 3664 4897 του

424 4947 582 5015 Θεοῦ,
616 4952 757 5006 κατὰ
779 4952 879 5026 τὴν
915 4954 1224 5026 μεταφορὰν
1249 4955 1348 5027 τῆς
1375 4955 1745 5028 προσηγορίας
1773 4957 1867 5010 καὶ
1895 4955 2059 5011 Δαυῒδ
2080 4937 2450 5031 χρηματίσας,
2513 4955 2717 5028 ποιμὴν
2779 4937 2814 5009 ¹ό
2867 4953 3031 5017 καλὸς
3069 4950 3460 5011 άναδέδεικται,
3521 4944 3662 5014 ἀρχη-

423 5043 520 5113 γὸς
546 5044 639 5098 καὶ
666 5046 856 5119 Σωτὴρ
877 5047 978 5118 τῆς
992 5046 1084 5101 τοῦ
1100 5048 1235 5101 Θεοὸ
1257 5047 1490 5120 ποίμνης
1514 5066 1575 5102 τε
1606 5050 1700 5103 καὶ
1748 5049 2072 5121 Ἐκκλησίας
2109 5052 2493 5124 γεγενημένοςτ
2525 5051 2584 5114 ὃς
2618 5049 2867 5120 βασιλεὺς
2892 5048 2986 5101 ἐπὶ
3024 5047 3198 5100 πάντα
3231 5045 3327 5098 τὸν
3357 5040 3535 5114 νοητὸν
3573 5034 3654 5124 Ἰοῖ

425 5136 566 5214 ραήλ
591 5137 695 5191 ὑπὸ
731 5138 826 5193 τοῦ
858 5139 1070 5212 Πατρὸς
1135 5140 1641 5223 κατασταθήσεσθαι
1675 5141 1814 5213 μετὰ
1877 5142 1938 5206 τὸ
2001 5122 2328 5224 επιστρὲψαι
2362 5143 2567 5216 Κύριον
2613 5144 2712 5215 τήν
2763 5139 3137 5213 αἰχμαλωσίαν
3183 5137 3278 5191 τοῦ
3339 5134 3467 5196 λαοῦ
3522 5122 3659 5184 αὐτοῦ

427 5227 851 5311 προφητεύεταιο
1446 5228 1452 5241 ’
1684 5232 1690 5241 ’
2177 5241 2181 5245 ’
2254 5240 2257 5241 ⁷
2459 5234 2466 5242 ’
2674 5226 2677 5233 ’

998 5354 1228 5425 CAPUT
1281 5356 1439 5413 XLu.

2628 5352 3021 5427 ΚΕΦΑΛΑΙΟΝ
3058 5352 3189 5406 MB'.

1040 5448 1129 5526 Ea:
1161 5448 1404 5506 Daniele.
1910 5504 1913 5507 .

1910 5504 1913 5507 .
2641 5446 2773 5527 Ἀπὸ
2805 5446 2911 5501 τοῦ
2934 5443 3174 5510 Δανιὴλ.

506 5528 632 5607 ΠΜ
660 5534 847 5606 Daniel
878 5538 1013 5617 dicit
1052 5561 1065 5598 :
1096 5514 1121 5611 ιι
1164 5541 1223 5619 Ιιι
1254 5504 1448 5599 diebus
1493 5552 1673 5607 autem
1719 5504 2011 5619 regnorum

2193 5545 2388 5622 ᾼανιήλ
2414 5544 2561 5619 ἐστιν
2585 5542 2613 5593 ό
2650 5522 2893 5608 φάσκωψ
2938 5557 2955 5591 ι
2989 5504 3109 5591 Καὶ.
3130 5538 3186 5588 ὲν
3211 5534 3321 5597 τοῖς
3351 5517 3648 5608 χρόνοιςτῶν

509 5684 555 5729 ¹⁶
579 5685 776 5743 Ezech.
800 5709 1009 5759 xxxv",
1039 5694 1230 5754 21-28.
1308 5698 1349 5751 ιτ
1380 5697 1523 5755 Psal.
1573 5717 1630 5765 ιι,
1667 5701 1718 5757 '7.
1800 5703 1842 5734 ’⁸
1870 5701 1991 5759 Psal

443 5750 539 5815 28.
615 5760 659 5790 "
689 5758 795 5815 lsa.
831 5779 908 5829 xu,
947 5768 1010 5828 l,
1046 5767 1096 5820 '2.
1987 5773 1990 5777 ’

2097 5718 2172 5771 ιιι,
2200 5701 2287 5759 Η.
2369 5702 2411 5746 ‘-’
2444 5701 2576 5758 ibid.
2613 5702 2700 5757 45.
2778 5702 2822 5734 ὀ
2849 5699 2997 5777 Psal.
3029 5711 3290 5775 txxxvm,
3314 5694 3405 5749 27.
3475 5688 3515 5724 ’ί
3541 5681 3647 5742 ibid.
