3926 6260
258 338 387 394 ΗἹΞ

1305 329 1599 390 ΕῦίιοῦίΕ
1639 329 2128 392 PROPHETICA‘I.
2167 368 2238 378 —
2274 330 2402 391 LIB.
2445 336 2488 391 I.

3380 343 3527 399 1174

256 452 512 525 βασιλέων
566 450 859 522 ἀναστήσει
895 451 924 505 6
965 449 1098 514 Θεὸς
1140 447 1235 502 τοῦ
1268 448 1499 520 ούρανοῦ
1556 447 1831 519 βασιλείαν

1941 451 2157 506 illorum
2196 452 2487 509 suscitabit
2519 450 2665 510 Deus
2687 453 2811 508 cadi
2843 445 3073 510 alterum
3113 471 3362 528 regnum,
3387 459 3533 528 quod

254 546 435 616 ἄλλην,
458 544 683 615 ἥτις⁶είς
716 544 842 608 τοὺς
856 543 1058 608 αίῶνας
1080 541 1233 597 ἔσται
1262 545 1358 599 καί
1383 543 1444 596 οὐ
1468 542 1832 613 φθαρήσεται,

256 638 344 692 xui.
380 635 519 706 αὕτη
551 636 585 707 ή
613 635 856 706 βασιλεία
872 635 999 691 ἄλλο
1028 636 1179 700 ἔθνος
1214 636 1275 689 ού
1315 634 1390 707 μὴ
1418 635 1577 708 ἐάσῃ,
1603 632 1836 699 πατάξει

253 728 307 782 δὲ
337 727 429 781 καὶ
458 726 709 797 ἀφανίσει
738 726 835 791 τὰς
860 727 1155 799 βασιλείας.
1188 727 1284 780 καὶ
1311 724 1449 797 αὐτὴ
1486 726 1741 797 στήσεται
1759 727 1839 789 εἰς

251 817 336 872 τὸν
361 817 552 882 αίῶνα,
576 818 827 891 καθάπερ
853 819 1104 891 ἑώρακας
1124 818 1185 884 ἐξ
1210 819 1370 891 δρους
1390 817 1668 889 τμηθέντα
1694 816 1840 870 λίθον

252 911 374 967 ἄνευ
391 911 608 983 χειρῶν,
636 913 731 965 καὶ
758 912 1054 984 συνηλόησε
1078 912 1139 965 τὸ
1161 911 1448 983 ὄστρακον,
1473 910 1564 964 τὸν
1588 909 1829 981 σίδηρον,

252 1005 339 1059 καὶ
368 1004 460 1057 τὸν
493 1003 722 1074 χαλκὸν,
753 1005 847 1058 καὶ
872 1004 964 1058 τὸν
992 1005 1252 1076 ἄργυρον,
1290 1003 1384 1057 καὶ
1419 1003 1509 1056 τὸν
1548 1001 1771 1072 χρυσόν.
1816 1018 1835 1051 ι

253 1098 360 1152 Καὶ
377 1097 551 1153 ταῦτα
573 1099 700 1170 περὶ
733 1097 835 1168 τῆς
871 1098 966 1151 ἐπὶ
998 1097 1279 1168 συντελείᾳ
1310 1096 1419 1149 τῶν
1440 1094 1652 1150 αἰώνων
1684 1112 1839 1168 γενη-

253 1190 484 1262 σομένης
513 1188 609 1244 τοῦ
641 1189 880 1262 Χριστοῦ
926 1189 1204 1261 βασιλείας
1245 1187 1520 1262 δηλοῦται·
1555 1189 1584 1241 6
1617 1186 1727 1259 γάρ
1757 1203 1841 1241 τοι

253 1283 412 1346 λίθος,
444 1284 474 1335 ό
496 1282 555 1349 ἐξ
593 1283 753 1354 δρους
777 1282 1007 1354 τμηθεὶς
1042 1283 1170 1337 ἄνευ
1207 1280 1428 1354 χειρῶν,
1459 1278 1728 1351 σύμϐολον
1763 1278 1831 1333 ἂν

250 1375 330 1446 εἴη
362 1373 456 1428 τοῦ
483 1374 663 1443 Λόγου
692 1374 787 1427 τοῦ
828 1373 963 1427 Θεοῦ
986 1413 1001 1439 ,
1031 1374 1126 1428 καὶ
1150 1376 1209 1427 ὲν
1246 1372 1432 1436 ἄλλαις
1477 1368 1839 1442 προφητείαις

249 1467 394 1521 λίθου
426 1466 959 1537 προσαγορευθέντος
979 1506 994 1533 ,
1033 1467 1109 1530 ὡς
1144 1467 1236 1520 ἐπὶ
1268 1462 1386 1528 τοῦ,
1422 1482 1441 1516 ι
1482 1462 1614 1515 Ἰδοὺ
1646 1460 1840 1531 τίθημι

246 1562 302 1615 ὲν
334 1559 473 1613 Σιὼν
505 1559 651 1613 λίθον
682 1561 1073 1631 ἁκρογωνιαῖον
1110 1557 1365 1613 ἐκλεκτὸν
1401 1556 1637 1628 ἔντιμον·
1674 1574 1693 1606 ι
1725 1552 1839 1617 καὶ,

249 1674 267 1705 1
298 1653 457 1708 Λίθον
477 1651 536 1705 ὃν
561 1652 974 1724 ἀπεδοκίμασαν
1004 1654 1056 1706 οί
1085 1650 1521 1724 οἰκοδομοῦντες,
1536 1642 1691 1711 οὗτος
1716 1647 1841 1715 ὲγε-

242 1740 372 1812 νήθη
400 1742 480 1805 είς
512 1741 757 1813 κεφαλὴν
788 1742 1012 1811 γωνίας.
1046 1762 1065 1795 ι
1092 1742 1291 1796 Τοῦτον
1320 1739 1413 1795 οὖν
1437 1757 1604 1811 φησιν
1636 1741 1665 1793 ὁ
1698 1755 1843 1810 παρ-

1942 539 1997 592 in
2048 548 2312 595 aeternum
2362 542 2468 597 erit
2518 549 2574 598 et
2620 558 2731 598 non
2773 543 3155 615 dissipabitur,
3201 556 3257 602 et
3305 563 3534 620 regnum

1938 631 2061 696 eius
2092 632 2248 689 alteri
2277 634 2481 706 papulo
2522 649 2632 690 non
2659 635 2945 692 tradetur:
2977 639 3311 695 comminuet
3351 651 3532 696 autem

1941 733 1996 779 et
2044 736 2335 780 consumet
2373 726 2629 782 universa
2672 743 2839 800 regna
2888 729 3004 785 haec
3041 750 3054 786 :
3086 738 3141 787 et
3189 732 3368 803 ipsum
3414 743 3532 790 sta-

1941 816 2021 872 bit
2069 816 2125 871 in
2169 826 2434 874 aeternum
2474 836 2488 873 :
2525 821 2827 875 secundum
2858 821 3004 892 quod
3034 822 3241 890 vidisti,
3274 825 3420 896 quod
3463 827 3533 883 de

1942 916 2128 966 monte
2180 910 2463 967 abscissus
2496 918 2581 965 est
2630 912 2769 983 lapis
2816 914 2939 970 sine
2986 915 3268 982 manibus,
3300 926 3356 972 et
3384 933 3536 975 com-

1942 1000 2143 1056 minuit
2191 1008 2412 1066 testam,
2449 1012 2502 1058 et
2538 1002 2764 1069 ferrum,
2797 1013 2851 1060 et
2898 1020 2997 1071 aes,
3024 1013 3079 1063 et
3128 1016 3438 1080 argentum,
3478 1018 3534 1067 et

1944 1105 2139 1146 aurum
2174 1092 2239 1144 ”.
2266 1112 2286 1145 ι
2322 1092 2390 1147 Et
2427 1093 2542 1149 haec
2576 1094 2643 1151 de
2666 1094 2873 1152 Christi
2908 1097 2963 1153 in
3000 1101 3533 1158 consummationem

1945 1185 2128 1242 muli
2159 1200 2327 1257 regno
2365 1187 2697 1244 referuntur.
2728 1187 2895 1261 Lapis
2917 1192 3063 1245 enim
3090 1192 3157 1248 de
3186 1203 3373 1250 monte
3410 1195 3531 1251 sine

1944 1278 2199 1333 manibus
2242 1279 2548 1347 abscissus,
2584 1281 2894 1352 symbolum
2928 1290 3077 1338 esset
3116 1282 3277 1341 Verbi
3311 1285 3429 1347 Dei,
3470 1292 3531 1340 ut

1944 1370 2001 1424 in
2051 1369 2174 1425 aliis
2212 1369 2523 1425 ostenditur
2571 1371 2874 1442 prophetiis
2919 1372 3008 1428 his
3062 1374 3244 1432 verbis
3278 1395 3291 1430 :
3326 1394 3345 1426 ‹
3392 1374 3532 1433 Ecce

1943 1476 2045 1533 ego
2073 1462 2287 1516 mittam
2340 1462 2397 1517 in
2441 1461 2814 1519 fundamentis
2872 1462 3005 1518 Sion
3054 1465 3286 1537 lapidem
3326 1465 3530 1537 proba.

1943 1560 2099 1618 tum,
2159 1554 2473 1625 angularem
2515 1555 2594 1624 ";
2637 1575 2656 1607 ι
2708 1565 2873 1627 atque
2920 1576 2935 1613 :
2990 1577 3008 1610 ι
3055 1556 3313 1629 Lapidem
3367 1576 3529 1632 quem

1944 1646 2377 1716 reprobaverunt
2422 1647 2778 1717 aedificantes,
2811 1649 2903 1705 hic
2951 1648 3127 1707 factus
3159 1658 3245 1708 est
3279 1651 3334 1706 in
3364 1661 3531 1726 caput

1947 1739 2134 1811 anguli
2168 1741 2235 1793 ⁸⁸.
2274 1759 2293 1793 ι
2347 1739 2504 1797 IIunc
2541 1742 2688 1798 enim
2741 1743 2818 1797 ait
2868 1758 3110 1814 praesens
3156 1745 3311 1801 locus
3360 1760 3529 1817 regna

240 1830 316 1887 ὼν
346 1832 503 1902 λόγος
564 1832 664 1896 τὰς
724 1832 1001 1904 βασιλείας
1040 1833 1134 1887 τοῦ
1163 1832 1370 1904 κόσμου
1400 1833 1496 1886 καὶ
1526 1833 1627 1897 τὰς
1662 1829 1831 1904 ἀρχὰς

1941 1831 2155 1898 mundi,
2202 1833 2567 1904 principatus,
2612 1840 2913 1905 potestates
2952 1843 3007 1890 et
3052 1834 3242 1890 nmndi
3287 1844 3529 1891 rectores

242 1927 331 1980 καὶ
354 1926 454 1991 τὰς
474 1925 726 1993 ἐξουσίας
755 1926 851 1981 καὶ
898 1928 1025 1992 τοὺς
1054 1926 1505 2001 κοσμοκράτορας
1531 1925 1829 1982 καθελόντα

241 2022 332 2075 καὶ
360 2020 722 2093 συντρίψοντα
757 2019 1008 2088 καθέξειν
1049 2020 1151 2092 τὴν
1182 2019 1293 2075 τῶν
1336 2019 1507 2090 ἁγίων
1551 2015 1829 2090 βασιλείαν

240 2115 317 2178 si;
354 2112 444 2169 τὸν
468 2114 667 2172 αἰῶνα.

750 2226 1149 2282 ΚΕΦᾹΔΑΙΟΝ
1187 2226 1320 2282 M1".

864 2339 974 2395 Τοῦ
1000 2340 1211 2394 αὐτοῦ.

306 2448 779 2522 Ναϐουχοδονόσορ
805 2450 832 2503 6
855 2448 1105 2521 βασιλεὺς
1134 2448 1263 2513 τοὺς
1295 2446 1425 2520 περὶ
1451 2446 1544 2501 τὸν
1578 2445 1829 2500 Ἀνανίαν

236 2540 314 2602 είς
338 2538 436 2610 τὴν
468 2538 703 2609 κάμινον
738 2540 833 2594 τοῦ
867 2540 1040 2612 πυρὸς
1068 2536 1324 2610 ἐμϐαλὼν
1345 2578 1359 2603 ,
1383 2536 1459 2602 ὡς
1482 2537 1623 2607 ἔγνω
1660 2537 1827 2610 μηδὲν

236 2632 432 2694 αὐτοὺς
470 2631 581 2685 ὑπὸ
625 2631 720 2686 τοῦ
767 2632 938 2704 πυρὸς
976 2631 1368 2704 ἠδικημένους,
1417 2631 1693 2702 αὐτόπτης
1730 2630 1824 2684 τοῦ

237 2725 542 2796 παραδόξου
583 2726 892 2799 γενόμενος,
944 2726 1058 2790 τοῖς
1107 2724 1302 2779 ἑαυτοῦ
1349 2724 1525 2794 φίλοις
1587 2721 1827 2796 εἰρηκὼς

234 2816 668 2890 ἀναγέγραπταιο
710 2838 728 2871 ι
760 2819 894 2890 Οὐχὶ
917 2821 1064 2891 τρεῖς
1081 2818 1279 2890 ἄνδρας
1301 2817 1570 2889 ὲδάλομεν
1593 2817 1649 2869 ἐν
1675 2816 1827 2887 μέσῳ

231 2908 323 2963 τοῦ
348 2911 560 2983 πυρός;
596 2931 615 2963 ι
666 2910 1064 2981 συμφησάντων
1098 2909 1155 2963 δὲ
1201 2907 1402 2972 αὐτῶν,
1443 2926 1463 2960 ‹
1515 2907 1645 2961 Ἰδοὺ
1694 2904 1824 2975 ἐγὼ,

232 3003 417 3073 φησὶν,
477 3003 594 3075 ὁρῶ
645 3004 842 3075 ἄνδρας
857 3003 1130 3074 τέσσαρας
1164 3000 1508 3072 λελυμένους,
1545 2998 1640 3052 καὶ
1668 3013 1826 3070 περι-

1936 1932 2269 1982 evertentem
2301 1934 2357 1982 et
2390 1926 2686 1991 delentem,
2719 1934 3035 1985 sanctorum
3060 1945 3288 2001 regnum
3321 1930 3375 1984 in
3407 1944 3530 2000 per-~

1938 2025 2166 2089 petuum
2201 2029 2599 2089 occupaturum
2632 2034 2778 2075 esse.

2509 2194 2741 2252 CAPUT
2795 2194 2976 2252 XLIII.

2568 2307 2653 2363 Ea:
2684 2310 2886 2364 eodem.

2006 2422 2518 2480 Nabuchodonosor
2548 2438 2664 2487 rex,
2695 2423 2963 2491 conjectis
2987 2423 3042 2477 in
3070 2422 3348 2481 fornacem
3385 2425 3528 2499 ignis

1935 2518 2148 2574 Anania
2186 2518 2417 2589 ejusque
2460 2517 2651 2579 sociis,
2685 2532 2812 2573 cum
2851 2520 3215 2589 comperisset
3265 2534 3361 2575 eos
3405 2520 3528 2591 igne

1935 2607 2160 2673 illaesos,
2195 2609 2421 2681 ipseque
2451 2607 2703 2664 miraculi
2731 2600 2890 2665 testis
2916 2624 3041 2665 esse
3064 2610 3354 2678 voluisset,
3389 2611 3529 2666 ami-

1934 2704 2017 2759 cis
2065 2702 2185 2759 suis
2239 2701 2450 2757 dixissc
2496 2703 2673 2757 fertur
2708 2721 2724 2758 :
2762 2722 2781 2755 ι
2816 2700 3010 2757 Nonne
3063 2711 3177 2758 tres
3229 2704 3380 2758 viros
3426 2705 3530 2758 mi-

1856 2804 1857 2807 ‘
1935 2796 2110 2852 simus
2155 2794 2214 2851 in
2247 2794 2486 2850 medium
2530 2795 2675 2867 ignis
2705 2795 3047 2867 compeditos
3080 2796 3168 2851 “1'
3205 2816 3224 2849 ι
3262 2796 3362 2851 Cui
3399 2812 3525 2853 cum

1935 2887 2027 2944 isti
2071 2887 2501 2958 respondissent,
2551 2904 2678 2944 vere
2700 2888 2804 2944 hoc
2836 2903 2993 2956 esse,
3031 2905 3049 2939 ι
3075 2887 3215 2945 Ecce
3243 2904 3367 2961 ego,
3426 2890 3525 2955 ait,

1942 2981 2102 3037 video
2124 2987 2362 3052 quatuor
2394 2982 2544 3037 viros
2573 2981 2784 3037 solutos
2806 2987 2862 3036 et
2882 2981 3225 3037 ambulantes
3256 2982 3311 3036 in
3348 2981 3526 3039 medio

230 3073 546 3160 πατοῦντας
579 3096 637 3149 ὲν
659 3073 900 3167 τῷ-πρρὶ
920 3138 934 3161 ,
967 3073 1061 3148 καὶ
1095 3091 1271 3165 φθορὰ
1308 3091 1535 3164 οὐδεμία
1576 3090 1725 3144 ἐστὶν
1767 3090 1826 3143 έν

1941 3073 2099 3146 ignis,
2119 3085 2174 3131 et
2202 3075 2339 3129 nihil
2361 3074 2733 3145 corruptionis
2751 3074 2807 3129 in
2822 3076 2903 3131 eis
2917 3085 3025 3142 est,
3039 3085 3095 3132 et
3110 3076 3322 3147 species
3343 3092 3467 3147 qua:
3482 3078 3525 3133 ti

229 3189 434 3254 αὐτοῖς,
456 3190 607 3260 καὶὴ
630 3165 819 3261 ὅρασις
835 3165 927 3242 τοῦ
952 3188 1214 3259 τετάρτου
1232 3186 1487 3258 ὁμοίωμα
1499 3184 1615 3237 υίοῦ
1630 3182 1786 3236 Θεοῦο
1803 3201 1821 3234 ι

1941 3168 2134 3225 similis
2163 3165 2304 3224 Filio
2329 3166 2424 3223 Dei
2456 3168 2523 3222 ⁸⁷.
2556 3187 2575 3220 ι
2613 3165 2918 3225 Hebraicus
2946 3175 3130 3225 textus
3158 3187 3178 3220 ι
3209 3169 3526 3226 similitudi-

226 3280 485 3347 ὡσαύτως
512 3282 575 3336 δὲ
598 3259 701 3336 καὶ
730 3282 791 3335 τὸ
825 3279 1109 3353 Ἐὁραῖκὸν
1138 3297 1157 3329 ι
1179 3278 1431 3349 ὁμοίωμα
1470 3274 1615 3329 ’Υίοῦ
1642 3274 1777 3328 Θεοῦ
1809 3293 1829 3325 ι

1941 3275 2062 3317 nem
2088 3259 2211 3316 Filii
2242 3259 2337 3315 Dei
2362 3280 2380 3313 ι
2401 3259 2525 3331 fert,
2551 3260 2752 3332 aliique
2777 3260 3031 3318 similiter
3048 3262 3337 3320 ediderunt
3355 3263 3526 3320 inter-

233 3375 514 3447 περιέχει,
573 3375 666 3428 καὶ
706 3376 755 3428 οἱ
790 3373 968 3427 λοιποὶ
1007 3373 1064 3427 δὲ
1102 3371 1307 3444 ὁμοίως
1336 3368 1697 3424 ἐκδεδώκασιν
1743 3368 1831 3438 έρ-

1941 3359 2137 3424 pretes.
2174 3352 2387 3408 Idcirco
2438 3354 2584 3408 hunc
2616 3354 2931 3411 notavimus
2961 3355 3165 3422 locum,
3198 3364 3388 3428 utpote
3433 3357 3525 3415 hic

231 3442 519 3537 μηνευταί·
543 3465 736 3519 τούτου
760 3465 822 3538 δὴ
846 3461 938 3519 οὖν
968 3442 1599 3535 ἓνεκαξέσηημειωσάμεθα
1629 3459 1718 3513 τὸν
1748 3458 1835 3511 τό·
1936 3443 2223 3517 ἀθείειιθιθ
2263 3442 2389 3500 Filii
2428 3444 2524 3501 Dei
2558 3444 3024 3513 ἀεηοωὶηλιίοιιο.

230 3574 349 3623 πον,
380 3559 459 3623 ὡς
484 3560 586 3613 καὶ
614 3558 863 3613 ἐντεῦθεν
886 3556 1293 3630 σημαινομένης
1321 3556 1424 3629 τῆς
1454 3553 1548 3609 τοῦ
1577 3553 1709 3608 Υἱοῦ
1732 3552 1828 3607 τοῦ
3032 3552 3035 3555 ’

225 3652 361 3707 Θεοῦ
388 3652 792 3727 προσηγορίας.

737 3767 1136 3824 ΚΕΦΑΑΑῙΟΝ
1177 3766 1307 3821 MA'.

876 3883 988 3939 Τοῦ
1013 3880 1225 3939 αὐτοῦ.

306 4003 395 4057 Ἐον
427 4005 550 4067 τοῖς
573 4000 844 4074 δράμασιν
869 4001 898 4053 6
920 3998 1119 4072 Δανιήλ
1149 4014 1335 4070 φησιν’
1370 4014 1391 4049 ‹
1441 3994 1742 4066 Ἐθεώρουν
1770 3994 1829 4047 έν

220 4096 465 4167 ὁράματι
479 4096 584 4167 τῆς
609 4093 825 4159 νυκτὸς,
851 4092 946 4146 καὶ
968 4091 1101 4156 ἰδοὺ,
1128 4090 1221 4145 ἐπὶ
1243 4089 1352 4143 τῶν
1376 4087 1615 4159 νεφελῶν
1630 4085 1724 4140 τοῦ
1738 4087 1829 4140 ού-

223 4189 388 4259 ρανοῦ
421 4188 500 4254 ὼς
527 4188 657 4251 Υἱὸς
690 4185 978 4259 ἀνθρώπου
1008 4185 1302 4258 ἐρχόμενος
1333 4182 1429 4236 καὶ
1459 4181 1565 4245 ἕως
1591 4179 1686 4233 τοῦ
1714 4180 1828 4232 Πα-

118 4336 123 4343 ,
217 4279 373 4334 λαιοῦ
409 4279 526 4332 τῶν
557 4276 778 4350 ἡμερῶν
814 4276 1015 4346 ἔφθασε
1040 4316 1056 4340 ,
1102 4275 1199 4329 καὶ
1241 4270 1589 4345 προσηνέχθη
1629 4268 1779 4341 αύτῷ
1806 4309 1821 4335 ,

217 4372 314 4426 καὶ
342 4372 509 4443 ἐδόθη
539 4369 688 4441 αὐτῷ
715 4368 991 4442 ήὲξουσία
1024 4368 1169 4439 καὶὴ
1190 4366 1325 4438 τιμὴ
1358 4365 1455 4418 καὶ
1478 4366 1513 4436 ἡ
1549 4362 1817 4434 βασιλεία’

2490 3750 2721 3808 CAPUT
2761 3748 2946 3806 XLIV.

2532 3865 2617 3922 Ex
2648 3866 2849 3922 eodem.

1976 3983 2059 4039 ἰιι
2103 3982 2409 4041 visionibus
2464 3984 2651 4038 Daniel
2711 3983 2845 4038 dicit
2901 4001 2916 4038 :
2984 4000 3004 4033 ι
3046 3981 3393 4053 Aspicieham
3459 3984 3519 4042 in

1927 4076 2141 4134 visione
2179 4076 2396 4142 noctis,
2435 4083 2491 4131 et
2544 4089 2676 4131 ecce
2716 4090 2843 4131 cum
2904 4074 3147 4131 nubibus
3182 4076 3307 4131 caeli
3353 4078 3516 4147 quasi

1926 4167 2099 4225 Filius
2131 4168 2368 4225 hominis
2392 4168 2666 4234 veniebat,
2694 4176 2749 4223 et
2770 4182 2955 4238 usque:
2978 4167 3045 4223 ad
3073 4167 3372 4239 Antiquum
3400 4169 3519 4226 die-

1925 4276 2048 4316 rum
2091 4261 2340 4332 pervenit
2404 4280 2417 4315 :
2470 4261 2627 4316 et’in
2677 4250 2976 4331 conspectu
3028 4263 3150 4329 ejus
3195 4260 3519 4316 obtulerunt

1921 4372 2069 4413 eum.
2091 4355 2155 4409 Et
2176 4354 2325 4410 dedit
2345 4354 2392 4408 ei
2420 4362 2767 4425 potestatem,
2790 4365 2843 4410 et
2866 4354 3155 4416 honorem,
3174 4360 3228 4408 et
3248 4367 3512 4423 regnum:

216 4467 315 4520 καὶ
356 4466 570 4529 πάντες
618 4466 668 4518 oi
716 4463 837 4517 λαοὶ
858 4504 873 4529 ,
907 4461 1109 4532 φυλαὶ,
1160 4461 1406 4531 γλῶσσαι
1444 4458 1821 4512 δουλεύσουσιν

1941 4456 1978 4504 ιι
2005 4464 2196 4504 omnes
2227 4448 2433 4518 populi,
2486 4448 2686 4512 tribus,
2732 4454 2787 4502 et
2832 4447 3031 4517 linguae
3065 4446 3166 4516 ipsi
3221 4445 3464 4501 servient
3496 4464 3510 4500 :

213 4559 388 4631 αὐτῷ·
408 4561 445 4629 ἡ
477 4555 699 4624 ἐξουσία
721 4555 910 4620 αὑτοῦ,
931 4554 1152 4621 ἐξουσία
1175 4552 1412 4617 αἰώνιος,
1435 4552 1560 4624 ἥτις
1583 4550 1645 4605 ού
1678 4567 1821 4622 παρ-

1941 4548 2172 4611 potestas
2195 4539 2339 4609 ejus,
2375 4545 2619 4608 potestas
2646 4546 2872 4603 aeterna,
2897 4552 3020 4607 quae
3045 4552 3154 4591 non
3185 4535 3465 4607 auferetur
3495 4555 3509 4589 :

213 4627 513 4708 ελεύνσεται
530 4669 543 4681 ·
577 4651 671 4705 καὶ
698 4652 733 4723 ή
775 4649 1023 4720 βασιλεία
1048 4647 1213 4701 αὐτοῦ
1240 4648 1300 4701 οὐ
1325 4645 1811 4717 διαφθαρήσεται.»

1941 4639 1980 4688 ιι
2014 4646 2241 4702 regnum
2279 4630 2401 4700 ejus
2430 4629 2575 4700 quod
2620 4645 2732 4684 non
2765 4636 3152 4701 corrumpetur
3183 4630 3276 4682 ³⁷⁸.
3311 4648 3330 4681 ι
3368 4627 3513 4684 Con-

213 4745 449 4817 Συνᾴδει
482 4742 660 4797 ταῦτα
686 4716 753 4813 ea
775 4716 883 4796 τοῦ
918 4738 1082 4795 αὐτοῦ
1109 4739 1302 4808 Δανιὴλ
1338 4716 1647 4810 προφητείᾳ
1685 4753 1818 4807 προ-

1941 4724 2169 4779 ιθηιίιιηι
2210 4722 2325 4777 haec
2355 4736 2480 4776 cum
2515 4720 2762 4792 ejusdem
2813 4716 3055 4781 Danielis
3108 4719 3393 4790 prophetia
3444 4716 3513 4773 de

212 4811 564 4907 θεσπιζούσῃ
589 4811 840 4905 περὶ-τῆς
862 4830 953 4886 τοῦ
976 4830 1213 4903 Χριστοῦ
1246 4829 1521 4901 βασιλείας
1553 4828 1697 4882 κατὰ
1723 4827 1816 4881 τὸν

1941 4816 2126 4873 Ihristi
2156 4830 2327 4886 regno
2356 4814 2760 4884 prmnuntiaute
2794 4828 2892 4885 per
2932 4811 3168 4882 lapidem
3211 4811 3280 4866 de
3324 4816 3513 4864 monte

210 4927 364 4982 λίθον
392 4926 493 4981 τὸν
515 4899 907 4998 ἀποτμηθέντα
933 4925 993 4991 ἐξ
1018 4899 1178 4996 δρους
1199 4899 1330 4980 ἄνευ
1360 4922 1577 4996 χειρῶνο
1595 4923 1681 4987 τίς
1706 4922 1815 4995 γὰρ

1941 4910 2042 4966 sine
2097 4908 2352 4967 manibus
2407 4905 2740 4962 abscissum.
2779 4904 2916 4974 Quis
2958 4903 3103 4983 enim
3155 4902 3320 4968 alius,
3350 4899 3508 4972 quasi

210 5019 282 5075 ἂν
312 5018 486 5082 ἄλλος
505 5060 522 5087 ,
563 5021 594 5074 ό
641 4994 880 5082 (ὓς-Υἱὸς
920 4994 1208 5087 ἀνθρώπου
1246 4994 1539 5089 ἐρχόμενος
1582 5012 1675 5069 ἐπὶ
1708 5013 1815 5068 τῶν

1941 5001 2094 5057 ﬁlius
2124 4998 2368 5060 hominis
2390 5013 2515 5053 cum
2544 4998 2788 5053 nubibus
2816 4995 2941 5051 coeli
2972 4994 3222 5058 veniens,
3248 5001 3304 5047 et
3333 5004 3510 5062 usque

208 5112 486 5183 νεφελῶν,
508 5082 610 5167 καὶ
641 5113 746 5178 ἕως
781 5111 877 5165 τοῦ
908 5082 1149 5166 Παλαιοῦ
1186 5082 1546 5181 τῶν
1574 5106 1811 5178 φθάνων,

1941 5095 1989 5151 ιιι
2009 5094 2304 5164 Antiquum
2325 5091 2539 5147 dierum
2564 5089 2896 5161 perveniens
2917 5094 3084 5149 esset,
3110 5084 3219 5141 nisi
3240 5082 3508 5137 Dominus

206 5178 297 5273 εἴη
352 5201 390 5273 ἢ
441 5201 474 5254 6
535 5200 707 5256 εἰπὼν
758 5199 966 5271 Κύριος
1026 5197 1185 5270 ἡμῶν
1229 5178 1446 5268 Ἰησοῦς
1485 5194 1742 5268 Χριστὸς,
1784 5195 1825 5247 δ

1941 5198 2110 5246 noster
2138 5187 2301 5244 Jesus
2334 5185 2613 5248 Christus,
2665 5194 2890 5255 propter
2919 5196 3023 5237 nos
3082 5178 3311 5235 formam
3362 5178 3507 5233 servi

204 5268 468 5364 6661.115;
512 5292 731 5365 μορφὴν
759 5268 948 5345 δούλου
985 5268 1201 5353 λαϐὼν,
1242 5288 1337 5341 καὶ
1369 5286 1483 5350 υίὸς
1520 5284 1808 5357 ἀνθρώπου

1941 5281 2215 5352 ιεοίρίοιιε,
2250 5287 2305 5336 et
2346 5279 2493 5335 ﬁlius
2540 5277 2779 5332 hominis
2813 5274 2994 5329 factus
3028 5272 3327 5341 dicensque
3358 5287 3371 5324 :
3411 5285 3430 5319 ί
3461 5268 3507 5320 Α

203 5363 541 5454 γενόμενος,
650 5382 747 5436 Ἐκ
779 5379 872 5435 τοῦ
906 5379 1117 5451 Πατρδς
1146 5378 1388 5450 ἐξῆλθον,
1426 5376 1521 5431 καὶ
1551 5377 1689 5450 πρὸς
1717 5377 1811 5429 τὸν

1941 5377 2031 5431 )eo
2083 5372 2226 5430 exivi
2271 5379 2326 5427 et
2363 5370 2430 5425 ad
2480 5368 2651 5423 Deum
2699 5366 2840 5421 vado
2871 5365 3005 5418 κει»
3049 5363 3155 5430 Qui
3211 5370 3267 5417 et
3319 5374 3504 5415 coram

200 5476 340 5531 Θεὸν
386 5474 630 5545 ὑπάγω;
663 5495 681 5527 ι
717 5474 777 5538 ὃς
811 5474 906 5528 καὶ
943 5474 1223 5545 παρόντων
1255 5471 1363 5527 τῶν
1396 5469 1589 5531 ἑαυτοῦ
1628 5468 1806 5540 μαθη-

1941 5465 2202 5537 Iiscipnlis
2241 5462 2359 5518 suis
2395 5479 2409 5515 :
2452 5478 2471 5512 ι
2512 5458 2841 5514 Videntibus
2876 5456 3008 5521 illis,
3040 5456 3287 5511 elevatus
3320 5461 3424 5514 est,
3452 5459 3507 5505 et

198 5567 337 5634 τῶν,
376 5587 395 5619 ι
421 5566 740 5638 βλεπόντων
765 5567 965 5631 αὐτῶν,
998 5564 1233 5638 ἐπήρθη,
1270 5565 1363 5618 καὶ
1385 5562 1582 5635 νεφέλη
1607 5560 1809 5615 ὑπέλα-

275 5727 327 5759 ”
364 5725 517 5779 Dan.
560 5740 623 5785 tt,
659 5722 751 5783 Η,
782 5722 873 5776 45.
986 5719 1035 5751 ’⁸
1076 5717 1178 5774 Isa.
1215 5732 1411 5780 xxvm,
1452 5716 1535 5771 16.

200 5815 279 5856 vn
305 5836 324 5865 ,
380 5796 485 5861 15,
546 5795 632 5852 ιιι.
708 5794 752 5823 ’⁸
792 5790 951 5847 Joan.
978 5805 1100 5859 xm,
1124 5791 1178 5846 ὅ.
1255 5791 1299 5822 "
1328 5786 1450 5844 Act.
1487 5805 1524 5855 ι,
1558 5793 1607 5842 9.

1647 5715 1691 5747 "
1724 5713 1863 5771 Psal.
1900 5727 2069 5769 cxvn.
2091 5711 2182 5766 22.

1914 5558 2092 5613 nubes
2142 5553 2386 5625 suscepit
2429 5566 2554 5607 eum
2587 5552 2655 5607 ”.
2700 5549 3014 5620 gCumque
3065 5542 3410 5601 intuerentur
3448 5544 3507 5598 in

2297 5710 2342 5741 ιε
2371 5707 2506 5762 Dan.
2543 5703 2749 5792 imor.
2829 5704 2873 5735 ’τ
2907 5700 3038 5758 ibid.
3092 5701 3181 5761 92.
3260 5696 3505 5757 '“Ilan.
