3926 6260
467 305 608 365 “75
1177 300 1444 358 EUSEBII
1483 295 1961 359 CAESABIENSlS
1998 301 2150 359 OPP.
2184 300 2363 356 PARS
2402 300 2577 355 lll.-—-
2605 297 3016 354 EXEGETICA.
3541 305 3648 363 M76

462 426 685 487 coelum,
717 438 847 479 ecce
864 423 979 481 .viri
1011 422 1120 477 duo
1159 420 1212 476 in
1240 421 1489 478 vestibus
1514 422 1653 477 albis
1684 423 1810 485 nsi,
1847 437 1944 478 eos
1976 421 2008 478 d

2093 429 2114 485 ι
2145 419 2236 474 ϐεν
2259 421 2438 483 αὐτὸν,
2476 437 2493 463 ι
2527 420 2615 473 ὅτε
2661 419 2756 473 καὶ
2805 418 3158 483 ἀτενιζόντων
3197 418 3273 480 είς
3324 417 3407 471 τὸν
3447 419 3643 492 οὐρανδνι

462 512 703 570 accnnda
762 513 883 581 ejus
941 509 1382 566 manifestatione
1433 512 1698 567 certiores
1755 512 1999 568 fecerunt

2146 513 2253 566 ἰδοὺ
2285 511 2378 564 δύο
2415 511 2606 582 ἄνδρες
2641 512 2697 564 ἐν
2733 510 2990 581 ἐσθήσεσι
3024 509 3300 580 λαμπραῖς
3332 509 3646 579 ὀφθέντες,τὶ

462 606 712 661 eumdem
761 619 953 659 rursus
1012 605 1066 657 in
1117 602 1262 658 nube
1308 611 1601 658 venturum
1658 605 2012 674 przedicentes

2142 605 2269 676 περὶ
2294 604 2392 674 τῆς
2407 604 2663 675 δευτέρας
2684 602 2848 657 αὑτοῦ
2868 601 3167 676 παρουσίας
3192 601 3379 664 αὐτοὺς
3403 602 3647 672 ἐδίδασκον,

462 696 683 753 Christo
717 696 882 767 igitur
912 695 1013 751 soli
1048 711 1077 749 a
1110 693 1272 750 Patre
1303 696 1428 751 data
1451 704 1536 751 est
1566 704 1832 767 potestas,
1856 705 1910 751 et
1944 697 2012 749 bo

2140 693 2295 761 αὖθις
2328 698 2385 749 ἐν
2412 694 2607 766 νεφέλῃ
2642 692 3119 766 παραγενήσεσθαι
3147 692 3305 745 αὐτὸν
3334 694 3647 764 προλέγοντες.

462 803 565 846 ιιοτ
612 796 666 843 et
713 804 960 860 regnum,
1016 798 1075 843 ut
1131 803 1325 843 omnes
1377 805 1501 844 eum
1557 788 1788 844 adorent
1825 797 2012 858 gentes

2141 792 2231 863 Τῷ
2253 787 2346 845 οὖν
2379 790 2598 863 Χριστῷ
2643 790 2787 860 μόνῳ
2833 788 2936 841 ὑπὸ
2977 787 3071 841 τοῦ
3106 787 3316 859 [ἰατρὸς
3345 788 3484 858 ἐδόθη
3520 793 3595 845 καὶ
3624 796 3649 867 ὴ

468 900 488 932 ι
524 880 812 951 omnisque
841 882 1024 952 lingua
1055 882 1380 935 conﬁteatur
1413 881 1544 947 quia
1583 879 1850 937 Dominus
1879 879 2018 936 Jesu:

2139 885 2272 954 τιμὴ
2297 884 2441 954 καὶὴ
2469 882 2745 953 βασιλεία,
2777 879 2917 933 ὥστε
2958 882 3137 934 πάντα
3170 880 3238 932 τά
3274 880 3395 950 ἔθνη
3424 881 3650 953 λατρεύειν

461 971 714 1031 Christus
745 974 799 1028 in
832 974 1004 1045 gloria
1033 981 1117 1030 est
1151 972 1244 1029 Dei
1276 973 1454 1028 Patris
1482 974 1546 1027 ³ο.
1584 994 1602 1025 ι

2138 975 2307 1045 αὐτῷ,
2337 977 2431 1030 καὶ
2472 994 2490 1026 ι
2523 976 2702 1027 πᾶσαν
2728 973 2978 1042 γλῶσσαν
3006 971 3454 1042 ἐξομολογεῖσθαι,
3480 974 3651 1030 ὅτιΚὺ-

2139 1084 2255 1139 ριος
2301 1066 2506 1137 Ἰησοῦς
2529 1065 2762 1138 Χριστὸς
2792 1066 2870 1128 εἰς
2902 1062 3057 1129 δόξαν
3092 1063 3226 1118 Θεοῦ
3259 1065 3469 1137 πατρὸς.
3498 1085 3515 1117 ι

1022 1212 1250 1270 CAPUT
1293 1212 1454 1267 XLV.

2646 1200 3046 1253 ΚΕΦΔΛΑῙΟΝ
3079 1198 3211 1253 ME'.
3318 1198 3320 1201 ’

1091 1305 1170 1360 Ea:
1199 1305 1399 1364 eodem.

2751 1292 2865 1347 Τοῦ
2889 1290 3095 1346 αὐτοῦ.

533 1399 781 1455 Precantl
815 1399 1024 1455 Danicli
1062 1401 1115 1454 in
1151 1401 1334 1454 omnis
1364 1401 1548 1471 populi
1591 1400 1907 1471 captivitate
1937 1401 2037 1454 Ba—

2206 1385 2504 1456 Εὑξαμένῳ
2561 1384 2641 1456 τῷ
2702 1386 2898 1459 Δανιὴλ
2945 1384 3073 1456 περὶ
3140 1385 3242 1454 τῆς
3300 1386 3377 1448 εἰς
3416 1384 3659 1442 Βαϐυλῶνα

459 1492 675 1564 bylonis
719 1500 882 1562 atque
915 1492 969 1547 in
1000 1489 1303 1547 Jerusalem
1341 1491 1657 1558 solitudine,
1698 1492 1916 1548 Gabriel
1956 1493 2006 1547 vi

2137 1476 2511 1546 αἰχμαλωσίας
2542 1475 2636 1528 τοῦ
2667 1476 2867 1541 παντὸς
2909 1475 3060 1539 λαοῦ,
3093 1477 3221 1548 περί
3264 1493 3323 1528 τε
3355 1476 3450 1546 τῆς
3485 1477 3659 1548 ἐρημὼ-

461 1598 557 1639 sus
586 1591 670 1639 est
703 1582 1061 1653 archangelus
1102 1582 1375 1653 simulque
1407 1583 1649 1638 ostendit
1690 1586 2011 1656 septuagint:

2139 1586 2274 1632 σεως
2293 1570 2390 1640 τῆς
2418 1568 2791 1640 Ἰερουσαλὴμ,
2816 1568 3056 1640 Γαϐριὴλ
3081 1569 3357 1636 ἐπιφανεὶς
3380 1568 3661 1638 ἀρχάγγελος

460 1689 728 1729 annorum
773 1673 1111 1745 captivitatis
1165 1675 1349 1738 linem,
1386 1682 1440 1731 et
1471 1674 1774 1731 Jerusalem
1822 1689 2010 1733 restau'

2136 1660 2270 1733 ὁμοῦ
2304 1677 2362 1713 τε
2403 1659 2553 1730 αὐτῷ
2600 1659 2852 1731 σημαίνει
2896 1660 2957 1713 τὺ
3009 1660 3377 1730 συμπέρασμα
3417 1659 3507 1729 τῆς
3549 1657 3662 1711 ἐϐδο-

460 1765 754 1833 rationem,
810 1773 1134 1836 tempusque
1173 1766 1243 1822 ab
1287 1767 1378 1820 illa
1430 1770 1828 1823 restauratione
1868 1785 2005 1839 usqu

2147 1752 2544 1823 μηγονταετοῦς
2586 1751 2957 1822 αἰχμαλωσίας
2978 1792 2992 1812 ,
3033 1752 3126 1804 καὶ
3157 1752 3257 1823 τὴν
3285 1750 3558 1804 ἀνανέωσιν
3586 1750 3664 1821 τῆς

458 1854 527 1911 ad
571 1857 862 1914 adventum
912 1858 1138 1922 Christi.
1180 1873 1243 1912 ac
1291 1859 1591 1913 secundum
1645 1868 1832 1930 pbstea
1886 1859 2003 1914 urbi

2154 1844 2536 1916 Ἰερουσαλὴμ,
2581 1844 2672 1897 τόν
2698 1861 2756 1897 τε
2805 1845 2913 1897 ἀπὸ
2943 1844 3041 1915 τῆς
3079 1842 3421 1905 ἀνανεώσεως
3469 1843 3547 1894 ἐπὶ
3589 1842 3662 1912 τὴν

454 1949 752 2013 excidium,
801 1949 1079 2019 totiusque
1124 1949 1301 2020 gentis
1352 1951 1695 2014 servitutem,
1748 1966 1870 2020 qua:
1915 1966 2004 2020 pos

2141 1936 2232 1990 τοῦ
2270 1936 2504 2008 Χριστοῦ
2531 1936 2835 2009 παρουσίαν
2865 1936 3076 2007 χρόνον,
3111 1935 3203 1988 καὶ
3233 1934 3330 2006 τὴν
3377 1933 3503 2004 μετά
3529 1932 3664 1986 ταῦτα

452 2039 658 2098 Christi
691 2043 1128 2098 lncarnationem
1173 2052 1555 2099 consummata
1585 2045 1710 2098 erit.
1745 2042 1870 2099 Haec
1910 2060 2002 2099 sun

2139 2029 2505 2101 γενησομένην
2549 2028 2804 2100 δευτέραν
2851 2028 3050 2082 ἅλωσιν
3079 2030 3176 2099 τῆς
3210 2027 3448 2089 πόλεως,
3492 2027 3665 2079 καὶτὸν

454 2134 619 2205 igitur
650 2134 883 2203 hujusce
923 2135 1028 2189 loci
1064 2136 1224 2191 verba
1253 2155 1265 2190 :
1303 2154 1321 2186 ι
1358 2126 1564 2202 Daniel,
1604 2150 1751 2190 nunc
1782 2152 2002 2206 egressu

2139 2123 2231 2175 ἐπὶ
2271 2123 2436 2175 πᾶσιν
2495 2119 2928 2192 ἀνδραποδισμὸν
2983 2119 3076 2173 τοῦ
3121 2119 3323 2182 παντὸς
3354 2119 3560 2181 ἔθνους,
3597 2116 3667 2169 τὸν

455 2241 576 2281 sum
605 2233 665 2280 ut
689 2227 941 2282 docerem
975 2235 1047 2293 te,
1076 2235 1129 2282 et
1156 2228 1513 2298 intelligeres.
1551 2227 1633 2282 Ab
1662 2229 1885 2282 exordio
1913 2243 2005 2298 pre

2142 2214 2280 2286 μετά
2329 2214 2425 2286 τὴν
2472 2213 2567 2268 τοῦ
2624 2212 2875 2285 Χριστοῦ.
2917 2211 3220 2283 παρουσίαν
3285 2210 3663 2266 ἐπιτελεσθέντα.

455 2332 581 2373 cum
620 2326 835 2373 tuarum
864 2334 1122 2389 egressus
1164 2326 1249 2375 est
1296 2335 1478 2374 sermo
1515 2339 1528 2373 :
1558 2335 1659 2389 ego
1699 2328 1879 2375 autem
1913 2336 2005 2376 ven

2142 2306 2365 2375 Ἔχουσι
2399 2304 2456 2356 δὲ
2492 2304 2656 2358 αὑτοῦ
2679 2305 2863 2357 τοῦτον
2888 2304 2976 2356 τὸν
3010 2304 3209 2375 τρόπον
3244 2305 3303 2356 αἰ
3332 2302 3522 2368 λέξεις
3555 2304 3667 2354 «Δα-

457 2417 520 2465 ut
571 2410 870 2467 indicarem
924 2412 1044 2475 tibi,
1087 2413 1217 2483 quia
1272 2412 1358 2466 vir
1404 2412 1806 2467 desideriorum
1844 2428 1947 2467 es:
1977 2421 2007 2465 ιι

2137 2397 2286 2467 νιὴλ,
2318 2395 2412 2450 νῦν
2459 2395 2680 2466 ἐξῆλθον
2710 2395 3043 2465 συμϐιϐασαι
3077 2411 3135 2446 σε
3181 2393 3429 2446 σύνεσιν·
3464 2394 3516 2444 ἐν
3557 2392 3667 2464 ἀρχῇ

457 2516 590 2573 ergo
624 2502 998 2559 animadverte
1027 2518 1360 2565 sermonem.
1395 2515 1448 2559 et
1472 2506 1716 2575 intellige
1746 2507 2007 2561 visionem

2136 2489 2235 2559 τῆς
2260 2487 2494 2559 δεήσεως
2526 2505 2619 2541 σου
2666 2486 2887 2558 ἐξῆλθεν
2937 2486 3111 2556 λόγος.
3148 2487 3245 2540 καὶ
3279 2484 3388 2555 ἐγὼ
3428 2480 3572 2555 ἦλθον
3597 2480 3669 2534 τοῦ

461 2570 815 2662 Septuaginta
839 2592 1207 2650 hebdomades
1237 2594 1571 2650 abbreviata:
1592 2570 1722 2651 suht
1743 2612 1909 2666 super
1934 2612 2004 2668 po

2136 2580 2452 2650 ἀναγγεῖλαί
2484 2597 2587 2644 σοι,
2621 2580 2704 2633 δτι
2731 2580 2870 2652 ἀνὴρ
2895 2576 3197 2649 ἐπιθυμιῶν
3230 2578 3296 2630 σὺ
3323 2570 3393 2639 εἷ,
3419 2574 3505 2627 καὶ
3527 2573 3670 2642 ἐννοή-

458 2683 645 2753 pulum
693 2691 868 2749 tuum,
924 2691 979 2738 et
1028 2700 1195 2756 super
1228 2685 1415 2741 urbem
1463 2699 1710 2741 sanetam
1765 2663 2008 2754 tuam;u

2137 2674 2259 2745 θητι
2293 2676 2352 2727 ἐν
2384 2673 2462 2744 τῷ
2493 2675 2716 2745 ῥήματι.
2747 2671 2842 2725 καὶ
2873 2671 3029 2733 σύνες
3060 2672 3118 2723 ἐν
3145 2672 3212 2740 τῇ
3248 2667 3498 2737 ὀπτασίᾳ.
3525 2663 3671 2718 Ἕϐδο-

456 2784 871 2831 consummetur
911 2777 1312 2847 praevaricatio.
1347 2785 1401 2833 et
1452 2777 1612 2832 linem
1647 2779 1881 2849 accipiat
1910 2793 2006 2848 pec

2141 2770 2383 2840 μήκοντα
2422 2765 2712 2837 ἐϐδομάδες
2753 2763 3165 2835 συνετμήθησαν
3200 2761 3298 2815 ἐπὶ
3327 2761 3415 2813 τὸν
3446 2758 3560 2812 λαόν
3582 2772 3671 2821 σου,

457 2876 664 2933 catum,
694 2876 749 2924 et
787 2868 1036 2925 deleatur
1068 2869 1354 2941 iniquitas,
1406 2877 1459 2924 et
1491 2870 1799 2925 adducatur
1820 2871 2007 2941 justiti

2137 2861 2229 2914 καὶ
2282 2861 2375 2914 ἐπὶ
2420 2860 2520 2932 τὴν
2559 2859 2712 2913 πόλιν
2744 2858 2844 2931 τὴν
2898 2858 3057 2926 ἁγίαν
3082 2895 3097 2920 ,
3154 2854 3249 2907 τοῦ
3305 2850 3672 2921 συντελεσθῆναι

455 2959 811 3029 sempiterna,
845 2967 901 3014 et
932 2960 1223 3029 impleatur
1254 2959 1413 3020 vtsio,
1440 2966 1495 3014 et
1518 2960 1823 3030 prophetia,
1850 2968 1904 3015 et
1934 2977 2005 3015 un

2136 2954 2411 3024 ἁμαρτίαν
2431 2993 2445 3018 ,
2471 2953 2565 3006 καὶ
2596 2952 2690 3006 τοῦ
2747 2955 3046 3023 σφραγῐσαι
3099 2945 3409 3018 ἁμαρτίας,
3445 2943 3532 2997 καί
3568 2942 3673 2994 ἀπο-

456 3058 616 3120 gatur
664 3049 900 3106 Sanctus
944 3060 1281 3106 sanctorum.
1329 3049 1479 3105 Scito
1518 3066 1648 3122 ergo
1687 3060 1741 3107 et
1782 3051 2000 3106 animad

2137 3046 2314 3116 λεῖψαι
2365 3045 2462 3109 τὰς
2494 3044 2755 3116 ἀνομίας,
2812 3044 2906 3097 καὶ
2939 3040 3032 3095 τοῦ
3067 3038 3420 3107 ἐξιλάσασθαι
3467 3032 3672 3097 ἀδικίας,

457 3151 608 3198 verte
639 3160 652 3198 :
679 3144 748 3199 ab
774 3145 920 3199 exitu
951 3145 1245 3209 sermonis,
1282 3152 1342 3199 ut
1372 3144 1569 3198 iterum
1605 3144 1909 3200 aediﬁcetur
1938 3145 2007 3201 Je

2133 3141 2223 3193 καὶ
2254 3140 2481 3209 ἀγαγεῖν
2512 3138 2861 3210 δικαιοσύνην
2890 3134 3126 3199 αἰώνιον,
3162 3134 3257 3187 καὶ
3289 3132 3383 3186 τοῦ
3420 3131 3673 3203 σφραγῖσαι

455 3236 718 3301 rusalem,
760 3252 931 3307 usque
978 3236 1044 3292 ad
1078 3235 1360 3292 Christum
1391 3236 1610 3298 ducem,
1662 3237 2000 3294 hebdomade

2131 3235 2320 3305 ὅρασιν
2349 3233 2443 3286 καὶ
2476 3234 2759 3305 προφήτην
2779 3275 2793 3299 ,
2828 3231 2925 3285 καὶ⁸
2963 3229 3058 3283 τοῦ
3092 3232 3280 3300 χρῖσαι
3337 3226 3485 3295 ἅγιον
3517 3223 3672 3293 ἁγίων.

456 3336 690 3399 septem,
743 3340 796 3384 et
835 3328 1203 3384 hebdomades
1251 3328 1534 3400 sexaginta
1585 3329 1709 3383 duae
1746 3342 1949 3385 erunt:
1978 3346 2006 3384 e

2134 3323 2449 3395 Καὶ-γνώσῃ
2483 3325 2577 3376 καὶ
2606 3327 2855 3395 συνήσεις
2874 3340 2887 3352 ·
2924 3322 3030 3375 ἀπὸ
3067 3321 3248 3388 ἐξόδου
3281 3319 3453 3389 λόγων
3477 3316 3571 3389 (ου)
3601 3312 3672 3368 τοῦ

455 3433 650 3475 rursus
701 3419 1059 3489 aedilicabitur
1100 3420 1296 3490 platea,
1337 3427 1392 3474 et
1441 3419 1621 3483 muri,
1673 3421 1727 3474 in
1781 3422 2005 3492 angusti:

2135 3416 2497 3486 ἀποκριθῆναι
2546 3415 2640 3469 καὶ
2686 3414 2781 3467 τοῦ
2811 3414 3160 3485 οἰκοδομῆσαι
3199 3411 3549 3484 Ἰερουσαλὴμ
3594 3409 3675 3469 ἓως

454 3519 783 3581 temporum.
817 3511 881 3565 Et
920 3521 1042 3582 post
1064 3511 1435 3567 hebdomades
1468 3512 1750 3582 sexaginta
1776 3513 1915 3569 duas
1945 3529 2004 3569 oc

2135 3507 2369 3578 Χριστοῦ
2401 3506 2703 3579 ἡγουμένου
2737 3505 3027 3577 ἐϐδομάδες
3057 3504 3119 3569 ζ’,
3150 3506 3246 3558 καὶ
3282 3502 3566 3573 ἐϐδομάδες
3590 3496 3673 3567 ξβ”

454 3602 669 3658 cidetur
726 3603 985 3659 Christus
1022 3612 1115 3659 :et
1161 3618 1271 3659 non
1325 3605 1429 3659 erit
1474 3604 1594 3673 ejus
1632 3605 1893 3674 populus,
1936 3622 2004 3675 qu

2135 3601 2228 3653 καὶ
2264 3599 2608 3671 ἐπιστρέψει,
2654 3598 2749 3652 καὶ
2794 3596 3278 3668 οἰκοδομηθήσεται
3313 3595 3564 3657 πλατεῖα,
3605 3590 3678 3645 καὶ

453 3710 578 3749 eum
613 3703 910 3765 negaturus
942 3705 1044 3751 est.
1101 3694 1165 3749 Et
1212 3698 1510 3760 civitatem,
1566 3705 1620 3753 et
1653 3697 2003 3752 sanctuariun

2135 3696 2332 3763 τεῖχος,
2367 3691 2461 3743 καὶ
2499 3691 2896 3763 κενωθήσονται
2945 3692 2994 3743 οἱ
3044 3688 3246 3760 καιροί.
3288 3689 3400 3741 Καὶ
3433 3684 3561 3757 μετά
3600 3680 3676 3742 τὰς

455 3786 744 3856 dissipabit
768 3786 1001 3857 populus
1031 3802 1152 3841 cum
1191 3787 1330 3843 duce
1360 3801 1588 3843 venturo
1624 3797 1716 3844 :et
1748 3790 1871 3844 linis
1908 3788 2005 3858 eju:

2138 3783 2437 3855 ἑϐδομάδας
2482 3783 2583 3848 τὰς
2652 3782 2727 3854 ξβ⁹
2774 3781 3284 3855 ἐξολοθρευθήσεται
3333 3781 3566 3851 χρίσμα,
3604 3772 3678 3827 καὶ

454 3877 705 3940 vastitas,
735 3884 789 3931 et
820 3885 945 3947 post
975 3879 1134 3932 linem
1173 3878 1297 3932 belli
1334 3886 1537 3934 statuta
1573 3880 1859 3935 desolatio.
1883 3880 2004 3934 Con

2135 3881 2308 3952 κρίμα
2329 3881 2429 3933 οὐκ
2458 3879 2603 3933 ἐστιν
2633 3880 2690 3932 ἐν
2710 3877 2858 3950 αὐτῷ
2875 3895 2889 3908 ·
2917 3877 3010 3931 καί
3029 3876 3127 3948 τὴν
3156 3875 3336 3938 πόλιν,
3358 3874 3451 3927 καὶ
3469 3872 3526 3924 τὸ
3553 3870 3676 3936 ἆγιον

456 3969 693 4023 llrmabit
727 3980 908 4024 autem
947 3976 1167 4039 pactum
1198 3970 1386 4024 multis
1421 3971 1762 4026 hebdomada
1795 3987 1901 4026 una
1932 3991 1944 4027 :
1975 3988 2004 4027 e

2134 3971 2412 4044 διαφθερεῖ
2437 3972 2533 4024 σὺν
2564 3970 2644 4041 τῷ
2669 3969 2956 4041 ἡγουμένῳ
2984 3967 3061 4039 τῷ
3092 3966 3399 4040 ἐρχομένῳ,
3426 3962 3516 4017 καὶ
3537 3960 3676 4027 κοπὴ·

455 4063 512 4116 in
552 4061 781 4116 dimidio
836 4060 1193 4117 hebdomadis
1231 4061 1447 4117 deﬁciet
1498 4063 1677 4118 hostia
1720 4075 1772 4119 et
1816 4066 1999 4120 sacrili

2135 4078 2316 4116 σονται
2346 4064 2402 4115 ἐν
2432 4059 2819 4132 κατακλυσμῷ,
2838 4061 2933 4113 καὶ
2964 4059 3068 4122 ἓως
3098 4058 3289 4121 τέλους
3325 4055 3552 4125 πολέμου
3578 4066 3677 4102 συν·

455 4154 642 4211 cium:
675 4160 730 4209 et
775 4154 883 4208 erit
924 4154 978 4206 in
1017 4155 1221 4223 templo
1265 4154 1599 4208 abominatio
1627 4155 1986 4213 desolationis

2129 4156 2471 4228 τετμημένου
2523 4157 2866 4225 ἀφανισμοῖς.
2924 4155 3033 4207 Καὶ
3090 4150 3402 4221 δυναμώσει
3451 4144 3676 4212 διαθήκην

455 4255 510 4302 et
539 4259 717 4315 usque
747 4243 815 4300 ad
843 4244 1372 4300 consummationem
1402 4251 1457 4299 et
1496 4243 1991 4326 linemtnpersevera

2132 4249 2345 4312 πολλοῖς
2379 4248 2610 4319 ἑϐδομὰς
2659 4247 2789 4319 μία·
2834 4246 2929 4300 καὶ
2977 4247 3034 4300 ὲν
3084 4244 3162 4314 τῷ
3196 4244 3389 4313 ἡμίσει
3430 4239 3524 4309 τῆς
3558 4233 3676 4326 έδδθξ

455 4338 536 4394 ﬁt
560 4338 825 4393 (188013110
851 4338 916 4392 ’⁸ο
950 4356 970 4389 ι
1695 4323 1705 4326 ἡ
2136 4341 2301 4412 μάδος
2355 4341 2651 4414 ἀρθήσεται
2709 4340 2870 4393 θυσία
2930 4339 3025 4393 καὶ
3085 4336 3285 4407 σπονδὴ
3311 4380 3326 4400 ,
3366 4334 3462 4388 καὶ
3513 4329 3596 4384 ἐπὶ
3629 4323 3678 4377 τὸ

459 4430 602 4504 ἱερὸν
635 4430 908 4503 βδέλυγμα
954 4430 1064 4484 τῶν
1114 4428 1467 4502 ἐρημώσεων,
1504 4430 1599 4485 καὶ
1636 4433 1741 4497 ἕως
1776 4432 2086 4498 συντελείας
2140 4434 2332 4506 καιροῦ
2394 4434 2672 4488 συντέλεια
2727 4433 3011 4504 δοθήσεται
3062 4431 3156 4484 ἐπὶ
3212 4430 3314 4500 τὴν
3366 4428 3675 4499 ἐρήμωσινσι

526 4546 727 4603 Eorum
755 4547 845 4617 qui
872 4545 1180 4617 praecitatas
1207 4544 1573 4601 hebdomades
1602 4547 1840 4602 scrutati
1874 4556 2023 4611 sunt,
2064 4536 2076 4590 Ι

2200 4550 2323 4603 Τῶν
2373 4553 2453 4614 εἰς
2483 4548 2582 4613 τὰς
2612 4548 2976 4621 προκειμένας
3012 4545 3319 4617 ἑϐδομάδας
3353 4537 3678 4607 ἐπιϐεϐληκό-

455 4645 627 4694 unum
653 4637 905 4692 novimus
932 4635 1249 4691 Africanum
1290 4637 1381 4707 qui
1415 4651 1511 4691 eas
1549 4638 1863 4693 accuratius
1906 4637 1996 4692 feli

2129 4661 2237 4698 των
2274 4642 2431 4715 μόνον
2455 4640 2612 4712 ἴσμεν
2640 4640 2962 4711 Ἀφρικανὸν
2986 4637 3363 4709 ἀκριϐέστατα
3393 4636 3486 4688 καὶ
3510 4629 3675 4703 μᾶλλον

457 4731 685 4800 eiusque
731 4728 1142 4784 examinaverit.
1190 4725 1424 4783 Necesse
1460 4728 1585 4782 ideo
1634 4728 1852 4784 videtur
1893 4730 2002 4782 mih

2131 4737 2282 4810 παρὰ
2303 4736 2428 4801 τοὺς
2446 4736 2666 4799 λοιποὺς
2691 4733 3160 4805 ἐπιτετευγμένως
3182 4727 3582 4801 τεθεωρηκότα·
3602 4718 3677 4775 καὶ

456 4822 578 4891 ejus
619 4820 676 4876 in
710 4820 857 4877 hunc
890 4821 1068 4875 locum
1099 4817 1518 4874 elucidationem
1567 4818 1624 4873 in
1659 4819 1898 4875 medium
1945 4819 2006 4873 ali

2131 4831 2193 4902 δή
2229 4847 2318 4901 μοι
2345 4829 2492 4884 δοκεῖ
2521 4830 2816 4898 ἀναγκαῖον
2849 4823 2990 4879 εἶναι
3040 4824 3256 4897 πρῶτον
3292 4817 3459 4875 αὐτοῦ
3502 4818 3590 4888 τὴν
3610 4813 3674 4875 εἰς

456 4912 620 4979 ferre,
653 4910 779 4966 dein
820 4910 1090 4982 speculari
1143 4913 1189 4966 si
1223 4909 1351 4980 quid
1405 4918 1459 4965 et
1491 4910 1595 4981 ipsi
1624 4925 1691 4965 ex
1747 4925 1813 4965 eo
1856 4911 2006 4979 possi

2133 4926 2151 4996 (
2170 4923 2208 4980 ί.
2236 4924 2305 4980 59
2326 4924 2413 4993 νο)
2444 4926 2571 4987 τοὺς
2607 4923 2806 4985 τόπους
2842 4920 3093 4991 διήγησιν
3137 4917 3217 4979 είς
3262 4916 3430 4985 μέσον
3460 4908 3671 4979 ἀγαγεῖν.

456 5020 579 5060 mus
617 5004 897 5059 inducere.
944 5001 1149 5058 Scribit
1180 5002 1344 5073 igitur
1376 5001 1432 5057 in
1461 5001 1656 5074 quinto
1689 5000 2006 5074 Chronogra'

2131 5014 2230 5073 εἷθ’
2271 5017 2442 5081 οὕτως
2484 5014 2914 5085 ἐπισκέψασθαι,
2953 5011 3005 5065 εῐ
3053 5027 3107 5064 τι
3153 5009 3261 5081 ἄρα
3294 5008 3391 5061 καὶ
3419 5002 3564 5058 αὐτοὶ
3599 4997 3668 5051 δνα

456 5096 702 5164 phiarum
737 5095 877 5151 libro
905 5095 992 5153 his
1026 5096 1210 5152 verbis
1238 5096 1315 5166 (4)
1345 5113 1358 5150 :

2131 5110 2362 5182 ναίμεθα
2409 5107 2776 5178 συμϐαλέσθαι
2821 5105 2899 5177 τῷ
2946 5105 3110 5174 λόγῳ.
3157 5100 3366 5171 Γράφει
3423 5095 3485 5167 δὴ
3514 5088 3598 5147 οὗν
3626 5090 3671 5141 ἑν

2133 5201 2367 5273 πέμπτῳ
2400 5198 2507 5255 τῶν
2536 5194 2989 5269 Χρονογραφιῶν
3019 5192 3159 5249 κατά
3188 5192 3335 5259 λέξιν
3362 5189 3551 5251 οὕτως·

1007 5336 1235 5395 CAPUT
1286 5338 1467 5396 XLVI.
1586 5348 1589 5351 '

2622 5332 3009 5390 ΚΕΦΑΛΑΙΟΝ
3056 5333 3203 5400 M5,".

1041 5432 1124 5486 Ex
1161 5431 1201 5486 A
1210 5432 1434 5501 fricatio.

2740 5424 3102 5494 Ἀφρικανοῦ.

536 5539 558 5577 ι
588 5519 690 5580 Hic
720 5524 1019 5596 prophetia:
1045 5498 1399 5581 locus-multa
1415 5525 1565 5579 etvix
1592 5523 1865 5581 credenda
1882 5540 2023 5579 nunc

2208 5538 2226 5572 ι
2267 5520 2329 5573 Ἡ
2358 5519 2455 5590 μὲν
2485 5511 2578 5573 οὖν
2610 5516 2882 5589 περικοπὴ
2908 5514 3048 5569 οὕτω
3080 5529 3197 5578 πως
3226 5504 3425 5583 ἔχουσα
3445 5498 3664 5561 πολλάν

528 5677 576 5716 ⁸⁸
604 5678 838 5750 Philipp.
865 5696 926 5745 ιι,
960 5681 1043 5736 ll.
1122 5681 1162 5713 ³¹
1200 5679 1331 5734 Dan.
1377 5697 1451 5744 rx,
1474 5678 1667 5735 22—27.

527 5818 601 5894 μ)
642 5813 843 5877 Confer
869 5811 1068 5870 Euseb.
1096 5812 1367 5869 Demonst.
1404 5827 1517 5878 rm,
1542 5829 1596 5885 ιι.
1622 5812 1756 5879 589;
1788 5812 2007 5868 Hieron.
2050 5808 2101 5862 in
2135 5804 2272 5861 Dan.
2306 5812 2347 5860 t.
2386 5802 2447 5873 ν,
2473 5819 2526 5875 p.
2558 5803 2677 5860 682.
