3926 6260
274 363 404 419 H77

1218 360 1511 419 ECLOGE
1565 356 2045 417 PROPBETICE.
2085 387 2156 400 —
2191 354 2318 412 LIB.
2363 355 2450 413 Ill.

3363 358 3504 415 H78

269 481 357 533 καί
387 475 657 551 παράδοξα
692 476 940 547 σημαίνει
960 493 973 507 ⁸
1004 476 1098 533 νῦν
1122 476 1166 530 δ’
1183 469 1268 531 ὧν
1292 479 1452 549 χρεία
1479 477 1607 551 περί
1624 494 1683 531 τε
1710 477 1825 541 τοὺς

1938 474 2053 527 tiat.
2091 472 2246 528 Nunc
2286 475 2452 545 igitur
2478 470 2548 528 de
2589 472 2949 543 temporibus,
2980 472 3256 545 rebusque
3284 490 3405 546 qua
3429 474 3504 531 ad

268 568 479 641 χρόνους
512 568 604 621 καὶ
637 567 704 620 τὰ
735 567 944 631 τούτοις
975 568 1316 621 συντείνοντα
1345 569 1437 622 τὸν
1475 568 1630 635 λόγον
1673 585 1832 639 ποιη-

268 657 484 728 σόμεθα.
514 657 634 710 Ὀτι
672 658 768 727 μὲν
803 654 896 711 οὖν
934 659 1060 729 περί
1086 659 1185 729 τῆς
1216 658 1308 712 τοῦ
1345 660 1581 729 Χριστοῦ
1626 676 1832 733 παρου-

269 752 384 812 σίας
410 748 622 817 λέγεται
646 749 817 803 ταῦτα
850 749 985 819 μετὰ
1010 750 1309 820 ἑϐδομάδας
1338 758 1378 803 ο⁸
1403 752 1682 822 μέλλοντος
1707 753 1831 807 ἐπι-

267 841 562 912 φαίνεσθαι,
590 842 772 913 δῆλον·
801 844 892 895 ἐπὶ
920 842 1029 914 γὰρ
1050 842 1143 896 τοῦ
1175 844 1421 915 Σωτῆρος
1445 844 1478 916 ἢ
1512 846 1620 898 ἀπὸ
1639 846 1830 900 τούτου

264 935 327 987 τὰ
360 931 774 1002 παραπτώματα
812 932 1154 996 παλαιοῦται,
1200 935 1293 987 καὶ
1325 936 1380 987 αἰ
1409 936 1676 1007 ἁμαρτίαι
1707 953 1830 990 συν-

262 1023 534 1078 τελοῦνται
570 1023 656 1076 διά
689 1025 786 1096 τὴν
824 1025 1047 1094 ἄφεσιν,
1081 1025 1143 1079 αἴ
1187 1043 1247 1079 τε
1290 1028 1509 1097 ἀνομίαι
1556 1028 1831 1100 ἐξιλασμῷ

264 1115 395 1186 μετὰ
414 1114 520 1167 τῶν
540 1114 764 1168 ἀδικιῶν
784 1116 1192 1186 ἀπαλείφονται,
1207 1118 1515 1190 δικαιοσύνη
1538 1138 1596 1173 τε
1616 1120 1830 1185 αἰώνιος

260 1205 678 1274 καταγγέλλεται
707 1208 900 1281 (παρὰ)
929 1210 1025 1280 τὴν
1065 1211 1129 1263 ἐκ
1167 1210 1355 1280 νόμου,
1390 1210 1609 1281 ὁράσεις
1640 1228 1699 1265 τε
1733 1214 1829 1266 καὶ

266 1302 576 1369 προφητεῖαι
613 1303 805 1371 μέχρις
854 1300 1128 1354 Ἰωάννου·
1163 1302 1374 1373 χρίεται
1404 1303 1591 1370 ’Ἄγιος
1626 1304 1825 1371 ἁγίων

262 1388 358 1459 πρὸ
383 1388 491 1459 γάρ
515 1390 614 1458 τῆς
644 1390 736 1443 τοῦ
763 1390 1012 1460 Σωτῆρος
1047 1392 1347 1462 παρουσίας
1368 1392 1467 1445 οὐκ
1498 1392 1625 1445 ὄντα
1657 1393 1830 1448 ταῦτα

262 1479 615 1550 προσεδοκᾶτο
681 1482 856 1552 μόνον.
910 1482 1211 1552 Ἀρξασθαι
1264 1483 1328 1555 δὴ
1384 1484 1490 1537 τῶν
1545 1484 1827 1556 ἀριθμῶν,

262 1571 391 1626 τοῦτ’
435 1570 551 1624 ἐστι
597 1573 706 1628 τῶν
759 1580 799 1627 0'
865 1572 1204 1645 ἑϐδομάδων,
1257 1573 1292 1628 ἂ
1326 1576 1471 1628 ἐστιν
1520 1578 1613 1647 ἐτη
1658 1581 1762 1642 υἰέ,
1799 1578 1827 1629 ὁ

256 1664 477 1734 ἅγγελος
520 1666 836 1721 ὑποτίθεται
866 1685 883 1717 ι
910 1668 1016 1720 ἀπὸ
1059 1666 1238 1731 ἐξόδου
1280 1667 1437 1736 λόγου
1475 1669 1569 1722 τοῦ
1598 1670 1828 1742 ἀποκρι-

254 1756 404 1827 θῆναι
434 1757 530 1809 καὶ
562 1756 656 1810 τοῦ
686 1759 1035 1829 οἰκοδομῆσαι
1075 1758 1453 1831 ἰερουσαλήμο
1487 1781 1504 1812 ι
1542 1762 1739 1832 συνέϐη
1771 1761 1826 1816 δὲ

1930 582 1994 622 ea
2027 568 2298 637 pertinent
2324 577 2590 637 tempora,
2622 565 2784 621 nobis
2808 565 3190 622 disserendum
3213 577 3319 624 est.
3342 565 3505 635 Quod

1930 658 2151 729 quidem
2182 659 2249 714 de
2277 657 2484 713 Christi
2515 659 2752 712 adventu
2784 659 2899 713 haec
2926 660 3185 714 dicuntur
3218 668 3341 730 post
3372 660 3506 717 heb-

1930 752 2193 807 domades
2223 766 2325 805 Lxx
2357 751 2592 815 venturi,
2628 760 2876 822 apertum
2909 764 3012 807 est.
3056 751 3266 808 Etenim
3309 767 3341 807 a
3382 750 3505 809 Sai-

1932 845 2136 899 vatoris
2176 853 2422 914 tempore
2471 846 2876 900 inveterascuut
2909 845 3405 915 praevaricationes,
3438 844 3504 901 ﬁ-

1930 950 2053 989 nem
2094 935 2370 1004 accipiunt
2401 951 2496 1004 per
2520 936 2946 1003 redemptionem
2983 947 3225 1005 peccata,
3249 936 3501 991 delentur

1929 1008 2337 1096 propitiationis
2386 1026 2658 1082 sacrilicio
2707 1026 3023 1094 iniquitates
3069 1043 3195 1080 cum
3244 1026 3504 1096 prevari-

1929 1117 2260 1180 cationibus,
2293 1127 2345 1171 et
2376 1132 2474 1186 pro
2515 1117 2651 1187 legis
2674 1116 2890 1186 justitia
2924 1118 3252 1186 sempiterna
3286 1131 3503 1174 annun-

1929 1208 2095 1262 tiatur
2117 1208 2355 1279 justitia,
2398 1210 2637 1263 visiones
2660 1209 2869 1263 scilicet
2901 1215 2953 1262 ct
2987 1209 3285 1278 prophetia:
3326 1226 3503 1281 usque

1930 1300 1998 1354 ad
2046 1299 2347 1365 Joannem;
2394 1300 2618 1371 ungitur
2670 1298 2905 1354 Sanctus
2961 1309 3297 1357 sanctorum.
3361 1303 3505 1360 Ante

1928 1394 2070 1446 enim
2100 1390 2401 1446 Salvatoris
2435 1391 2868 1446 incarnationem
2898 1391 3009 1445 haec
3041 1392 3279 1446 ineundum
3319 1402 3500 1461 erant,

1929 1478 2306 1532 tantummodo
2334 1477 2817 1547 exspectabantur.
2846 1475 3125 1530 Annorum
3161 1480 3505 1548 supputatio-

1926 1586 2072 1635 nem,
2103 1586 2209 1624 Lxx
2244 1570 2451 1625 scilicet
2492 1568 2875 1635 hebdomades,
2906 1585 2999 1625 seu
3039 1584 3173 1624 coxc
3207 1586 3402 1636 annos,
3425 1572 3507 1627 in-

1927 1662 2061 1732 cipit
2092 1663 2317 1733 angelus
2346 1683 2364 1714 ‹
2398 1665 2467 1718 ah
2498 1664 2645 1718 exitu
2688 1662 2982 1728 sermonis,
3016 1671 3073 1716 ut
3104 1661 3301 1718 iterum
3332 1662 3504 1719 aediﬁ-

1928 1764 2083 1810 cetur
2108 1754 2432 1811 Jerusalem.
2469 1776 2488 1807 ι
2522 1754 2837 1810 Evenerunt
2866 1755 2981 1809 haec
3023 1756 3342 1811 Artaxerxis
3370 1756 3504 1814 Per-

258 1846 415 1900 ταῦτα
435 1848 527 1901 ἐπὶ
565 1827 1168 1920 ἈρταξέρξουἽΠερσῶν
1191 1827 1564 1920 βασιλεύοντος
1592 1827 1823 1924 εἰκοστῷ

1928 1863 2110 1903 sarum
2152 1847 2294 1919 regis
2337 1862 2481 1902 anno
2520 1848 2801 1902 vicesimo.
2851 1845 3141 1903 Neliemias
3185 1849 3502 1921 enim,.ejus

251 1955 375 1992 ετει.
403 1939 648 2011 Νεεμίας
681 1939 789 2011 γὰρ
820 1944 849 1994 ὁ
880 1940 1066 1993 τούτου
1099 1941 1331 2012 οἰνοχόος
1359 1942 1568 2014 δεηθεὶς
1597 1943 1825 2016 ἀποκρί-

250 2029 384 2094 σεώς
415 2048 473 2083 τε
493 2031 683 2101 ἔτυχεν
706 2032 1127 2104 οἰκοδομηθῆναι
1156 2033 1461 2105 ἰερουσαλὴ
1471 2053 1528 2105 μ,
1549 2035 1642 2088 καί
1668 2034 1825 2104 λόγος

249 2121 463 2193 ἐξῆλθεν
498 2123 736 2177 κελεύων
762 2124 965 2178 ταῦτα’
1005 2125 1164 2197 μέχρι
1197 2126 1305 2198 γάρ
1330 2127 1535 2180 ἐκείνου
1568 2126 1659 2180 τοῦ
1692 2127 1821 2198 χρό-

249 2231 338 2267 νου
365 2216 398 2285 ή
431 2213 592 2279 πόλις
629 2216 909 2289 ἠρήμωτο.
947 2216 1130 2287 Κύρου
1160 2217 1268 2291 γάρ
1304 2218 1440 2288 μετὰ
1465 2218 1562 2289 τὴν
1593 2220 1825 2290 ἑϐδομη-

247 2305 565 2359 κονταετίαν
585 2305 686 2375 τῆς
705 2306 1080 2377 αἰχμαλωσίας
1102 2307 1208 2361 τῶν
1234 2307 1569 2379 βουλομένων
1595 2310 1823 2365 ἕκαστον

245 2396 560 2452 ἐκουσιαστὶ
591 2399 1082 2469 καταπέμψαντος,
1109 2402 1159 2453 οἰ
1196 2402 1334 2470 μετὰ
1376 2401 1546 2474 Ἰησοῦ
1595 2403 1681 2456 τοῦ
1723 2422 1821 2475 με·

246 2489 407 2558 γάλου
440 2490 635 2562 ἱερέως
660 2493 754 2545 καὶ
779 2492 1082 2564 Ζοροϐάϐελ
1119 2493 1492 2559 κατελθόντες.
1534 2497 1627 2549 καὶ
1650 2498 1699 2550 οἰ
1730 2499 1824 2551 ἐπὶ

244 2582 448 2646 τούτοις
469 2584 591 2654 ἅμα
617 2584 811 2656 Ἐζρᾳ,
837 2585 927 2638 τὸν
950 2583 1086 2637 νεὼν
1108 2586 1407 2655 οἰκοδομεῖν
1433 2586 1729 2641 ἐκωλύοντο
1753 2588 1824 2643 τὰ

243 2674 454 2745 πρῶτα,
485 2675 584 2730 καὶ
610 2680 785 2746 τεῖχος
814 2678 880 2747 τῇ
909 2677 1060 2730 πόλει
1090 2677 1425 2748 περιϐαλεῖν,
1456 2678 1529 2742 ὡς
1566 2680 1626 2732 οὺ
1660 2697 1820 2733 κεκε-

242 2769 541 2837 λευσμένου
592 2767 803 2821 τούτου.
847 2768 1097 2839 Ἐμεινεν
1146 2766 1239 2822 οὖν
1285 2770 1389 2833 ἓως
1442 2771 1677 2841 Νεεμίου
1729 2774 1822 2827 καὶ

242 2858 522 2928 βασιλείας
569 2860 922 2933 Ἀρταξέρξου
944 2860 1306 2925 εἰκοσαετοῦς,
1336 2862 1561 2934 Περσῶν
1592 2862 1649 2917 δὲ
1692 2865 1822 2935 ἡγε-

243 2948 431 3018 μονίας
480 2949 951 3020 πεντεκαιδεκάτῳ
997 2951 1090 3002 καὶ
1142 2949 1437 3019 ἑκατοστῷ,
1460 2949 1568 3003 ἀπὸ
1616 2951 1673 3003 δὲ
1722 2952 1822 3020 τῆς

238 3038 492 3104 ἁλώσεως
536 3041 889 3113 Ἰερουσαλὴμ
938 3038 1054 3112 ρπε¹
1100 3041 1227 3113 ἕτηο
1262 3042 1357 3094 καὶ
1395 3042 1516 3095 τότε
1570 3041 1821 3114 βασιλεὺς

251 3131 618 3205 Ἀρταξέρξης
673 3133 953 3186 ἐκέλευσεν
1002 3133 1419 3205 οἰκοδομηθῆναι
1481 3135 1580 3205 τὴν
1628 3135 1818 3194 πόλιν,

236 3220 481 3294 Νεεμίας
511 3241 576 3278 τε
615 3224 1025 3295 καταπεμφθεὶς
1062 3225 1154 3279 τοῦ
1189 3225 1348 3295 ἔργου
1392 3227 1661 3299 προέστη,
1699 3229 1731 3298 ἡ
1763 3227 1821 3280 δὲ
1849 3213 1891 3232 ”

238 3317 495 3389 οἰκοδομὴ
531 3317 761 3370 πλατεία
795 3317 889 3368 καὶ
919 3316 1046 3387 περί
1080 3318 1278 3386 τεῖχος,
1304 3316 1379 3379 ὼς
1407 3316 1785 3388 προεφητεύθη
1805 3335 1818 3349 ·

240 3408 495 3463 κάκεῖθεν
528 3408 851 3479 ἀριθμοῦσιν
880 3410 1009 3479 ἡμῖν
1044 3415 1086 3461 o’
1125 3406 1417 3478 ἐϐδομάδες
1443 3409 1523 3471 εἰς
1551 3408 1643 3461 τὸν
1689 3410 1823 3480 Χρι-

240 3501 364 3555 στὸν
393 3500 797 3555 συντελοῦνται.

307 3616 371 3670 Εἰ
401 3616 515 3689 γὰρ
540 3615 760 3671 ἄλλοθέν
791 3615 954 3669 ποθεν
985 3614 1239 3687 ἀριθμεῖν
1267 3614 1573 3688 άρξαίμεθα
1607 3617 1703 3670 καὶ
1726 3617 1824 3670 οὐκ

237 3707 512 3768 ἐντεῦθεν,
554 3706 675 3760 οὔτε
727 3707 756 3758 ὁ
796 3708 987 3779 χρόνος
1034 3707 1435 3778 συνδραμεῖται,
1472 3708 1566 3760 καὶ
1599 3708 1825 3761 πλεῖστα

235 3797 415 3850 ἄτοπα
456 3797 765 3867 ἀπαντήσει
789 3813 804 3828 ο
849 3797 942 3850 ἐάν
976 3813 1034 3850 τε
1080 3797 1187 3869 γὰρ
1234 3798 1344 3850 ἀπὸ
1376 3795 1558 3869 Κύρου
1596 3797 1691 3851 καὶ
1725 3797 1826 3868 τῆς

237 3884 466 3957 πρώτης
526 3887 898 3957 καταπομπῆς
950 3889 1049 3960 τὴν
1101 3887 1273 3959 ἀρχὴν
1328 3886 1681 3959 ποιησώμεθα
1727 3890 1825 3960 τῆς

234 3978 598 4050 ἀριθμήσεως
643 3978 751 4032 τῶν
786 3985 827 4033 ο¹
873 3978 1181 4051 ἑϐδομάδων
1204 4019 1219 4044 ,
1261 3979 1356 4050 ἒτη
1396 3987 1440 4053 ρ’
1476 3982 1569 4035 καὶ
1603 3983 1826 4053 προσέτι

236 4072 584 4142 περισσεύει,
615 4071 815 4126 πλείων
842 4072 898 4125 δὲ
932 4074 1143 4144 χρόνος,
1179 4076 1228 4127 εί
1261 4075 1353 4145 ἀφ’
1389 4071 1458 4146 ἧς
1489 4074 1704 4146 ἡμέρας
1748 4075 1827 4148 τῷ

233 4162 438 4235 Δανιὴλ
466 4166 497 4217 ὁ
531 4164 759 4233 ἄγγελος
781 4167 1203 4237 προεφήτευσεν,
1231 4164 1408 4236 πολλῷ
1431 4165 1487 4219 δὲ
1522 4165 1742 4230 πλείων,
1777 4168 1825 4220 εἰ

234 4253 331 4306 ἀπ’
372 4254 559 4326 ἀρχῆς
610 4254 709 4325 τῆς
756 4255 1157 4326 αἰχμαλωσίας·
1195 4256 1518 4331 εὑρίσκομεν
1574 4256 1680 4329 γάρ
1727 4257 1825 4328 τὴν

234 4345 470 4417 Περσῶν
501 4346 776 4417 βασιλείαν
797 4348 971 4401 ἐτεσιν
1002 4347 1077 4401 σλ¹
1112 4347 1615 4422 περιγραφομένην,
1644 4349 1744 4420 τήν
1764 4364 1824 4400 τε

185 4433 201 4445 ’
234 4436 573 4491 Μακεδόνων
600 4439 679 4500 εἰς
714 4436 810 4507 ἐτη
839 4435 883 4490 τ’
911 4438 1335 4509 παρατείνασαν,
1366 4437 1619 4492 κάκεῖθεν
1645 4439 1737 4491 ἐπὶ
1763 4437 1824 4490 τὸ

1926 1940 2208 2009 pinccrna,
2238 1947 2492 2009 precatus
2519 1955 2843 2009 responsum
2874 1942 3085 2011 accepit
3117 1950 3175 1995 ut
3203 1943 3503 2000 aediﬁcare-

1923 2041 2015 2087 tur
2059 2031 2385 2097 Jerusalem,
2438 2041 2493 2087 et
2533 2033 2701 2087 exivit
2750 2047 2934 2093 sermo
2969 2032 3083 2086 haec
3141 2033 3501 2103 praacipiens;

1923 2127 2125 2181 etenim
2158 2141 2334 2196 usque
2360 2126 2426 2179 ad
2462 2125 2567 2181 hoc
2602 2126 2863 2196 temporis
2890 2127 3024 2182 urbs
3057 2127 3273 2181 deserta
3299 2127 3498 2184 fuerat.

1924 2218 2067 2290 Cyro
2095 2227 2217 2289 post
2258 2219 2601 2289 septuaginta
2647 2218 2977 2288 captivitatis
3021 2234 3197 2275 annos
3225 2222 3501 2291 quoslibet

1924 2320 2120 2381 sponte
2154 2312 2488 2374 remittente.
2524 2310 2615 2364 alii
2647 2326 2772 2364 cum
2806 2308 2936 2365 Jcsu
2968 2327 3184 2366 summo
3214 2313 3502 2369 sacerdote

1923 2410 1976 2457 et
2003 2401 2301 2457 Zorobabel
2332 2402 2586 2472 profecti,
2616 2402 2707 2456 alii
2735 2402 2933 2457 deinde
2968 2419 3092 2456 cum
3133 2402 3325 2470 Esdra,
3362 2410 3501 2459 tem-

1924 2496 2072 2567 plum
2124 2496 2419 2566 quominus
2468 2494 2822 2558 tcdiiicarent,
2871 2495 3256 2565 mmnibnsque
3309 2495 3500 2550 urbem

1922 2589 2226 2659 cingerent,
2281 2589 2458 2657 primo
2511 2588 2973 2658 impediebantur,
3027 2587 3185 2657 quasi
3241 2586 3347 2643 hoc
3390 2602 3499 2642 non

1921 2681 2210 2751 imperato.
2247 2678 2636 2749 Exspectatmn
2693 2690 2776 2734 est
2813 2679 2978 2749 igitur
3008 2694 3180 2748 usque
3209 2679 3277 2733 ad
3324 2677 3502 2734 Nehe-

1922 2773 2108 2835 miam,
2131 2771 2555 2839 Artaxerxisque
2582 2770 2732 2839 regni
2767 2768 3086 2823 vicesimum
3116 2784 3339 2833 annum,
3372 2766 3504 2824 Per-

1921 2879 2106 2918 sarum
2127 2871 2310 2917 autem
2339 2862 2547 2932 imperii
2579 2862 2829 2933 quintum
2868 2860 3141 2915 decimum
3181 2868 3235 2915 et
3263 2860 3504 2917 centesi-

1923 2969 2095 3017 mum,
2123 2968 2333 3008 ccxxxv
2362 2954 2429 3007 ab
2457 2962 2767 3023 oppugnata
2797 2950 3097 3008 Jerusalem
3139 2953 3318 3008 annis.
3347 2951 3501 3007 Tunc

1925 3058 2017 3098 rex
2037 3042 2367 3098 Artaxerxes
2390 3044 2575 3097 urbem
2598 3042 2851 3097 aedificari
2867 3042 3054 3113 jussit,
3074 3044 3385 3114 missusque
3406 3043 3506 3100 Ne-

1923 3135 2131 3190 hemias
2169 3136 2262 3206 qui
2311 3136 2460 3205 operi
2495 3144 2789 3206 prmcsset;
2824 3135 2948 3191 ideo
2974 3136 3237 3191 mdilicala
3272 3146 3356 3192 est
3383 3137 3504 3207 pla-

1923 3240 2028 3290 tea.
2064 3230 2374 3297 moeniaque
2403 3230 2611 3282 circum
2658 3226 2855 3280 educta
2888 3238 3037 3291 sunt,
3066 3227 3225 3297 juxta
3263 3227 3500 3299 prophe-

1924 3311 2053 3363 tiam
2084 3330 2097 3365 :
2128 3328 2194 3365 ex
2238 3328 2348 3382 quo
2386 3313 2545 3368 nobis
2588 3312 2655 3367 ad
2684 3311 2962 3367 Christum
3004 3329 3108 3368 ιιι
3138 3313 3505 3373 hebdomade:

1924 3412 2053 3457 sunt
2085 3403 2457 3457 numeranda.

1998 3599 2057 3658 Si
2086 3602 2230 3657 enim
2265 3602 2419 3657 aliter
2465 3618 2758 3660 numerare
2802 3605 3191 3675 inceperimus,
3223 3622 3325 3662 nec
3358 3614 3501 3663 tem-

1927 3709 2029 3764 pus
2082 3696 2366 3764 congruit,
2429 3696 2693 3765 pluraque
2741 3697 3122 3766 intempestive
3177 3705 3499 3756 occurrunt.

1925 3785 2059 3839 Nam
2090 3789 2137 3842 si
2161 3800 2191 3838 a
2222 3786 2365 3856 Cyro
2391 3787 2672 3856 primaque
2708 3786 3031 3841 dimissione
3070 3802 3178 3842 Lxx
3210 3788 3504 3843 hebdoma-

1926 3879 2057 3934 dum
2117 3893 2405 3932 numerum
2471 3886 2771 3948 supputare
2811 3877 3221 3948 inciperemus,
3278 3889 3498 3935 centum

1926 3970 2059 4024 anni
2103 3977 2422 4040 supersunt,
2468 3968 2765 4039 pluresque
2814 3970 2860 4025 si
2892 3968 2959 4024 ab
2991 3971 3083 4025 illa
3120 3971 3208 4027 die
3242 3987 3349 4042 qua
3391 3970 3502 4028 Da-

1929 4062 2056 4116 nieli
2084 4062 2313 4133 angelus
2355 4063 2773 4133 prophetizavit,
2828 4071 2883 4119 et
2913 4064 3086 4118 multo
3116 4065 3303 4134 plures
3334 4065 3502 4121 etiam

1928 4156 1973 4211 si
2026 4173 2054 4209 ν
2089 4156 2424 4227 captivitatis
2454 4156 2631 4211 initio.
2665 4158 2981 4213 invenimus
3029 4159 3172 4213 enim
3204 4157 3501 4214 Persarum

1928 4263 2154 4318 regnum
2203 4262 2377 4302 ccxxx
2434 4264 2705 4304 annorum
2759 4250 2936 4319 spatio
2984 4249 3499 4318 circumscriptum,

1927 4339 2284 4395 Macedonum
2314 4356 2442 4395 vero
2475 4356 2590 4405 ccc,
2622 4357 2687 4396 ex
2737 4357 2847 4411 quo
2896 4341 2964 4396 ad
3011 4341 3214 4397 Tiberii
3265 4342 3502 4401 Caesaris

1929 4446 2130 4486 annum
2166 4441 2379 4495 sextum
2416 4433 2686 4487 decimum
2740 4433 3018 4500 Sexaginta
3051 4434 3179 4487 anni
3220 4433 3498 4491 emuxere.

235 4527 502 4602 Τιϐερίου
524 4529 798 4600 Καίσαρος
836 4530 951 4595 ἔτος
975 4532 1356 4585 ἑκκαιδέκατον
1385 4532 1463 4594 εἰς
1491 4530 1585 4602 ἔτη
1609 4529 1651 4597 ξ’
1670 4546 1685 4561 ·
1718 4528 1825 4582 ἀπὸ

1931 4522 2038 4577 Sed
2098 4525 2167 4577 ab
2233 4523 2536 4579 Artaxerxe
2588 4539 2691 4578 txx
2745 4524 3112 4579 hebdomades
3175 4524 3242 4579 ad
3294 4524 3500 4581 Christi

231 4617 291 4671 δὲ
328 4617 699 4693 Ἀρταξέρξου
719 4627 758 4674 o'
787 4621 1074 4693 ἐϐδομάδες
1098 4625 1177 4686 εἰς
1198 4624 1288 4676 τὸν
1319 4624 1413 4676 ἐπὶ
1439 4620 1673 4693 Χριστοῦ
1704 4637 1825 4674 συν-

234 4711 528 4766 τελοῦνται
556 4714 744 4784 χρόνον
777 4714 921 4767 κατὰ
962 4714 1087 4778 τοὺς
1104 4714 1367 4768 Ἰουδαίων
1386 4713 1670 4787 ἀριθμούς.
1689 4712 1821 4768 Ἀπδ

230 4803 345 4874 γάρ
380 4802 651 4872 Νεεμίου,
679 4802 737 4867 ὃς
790 4804 893 4856 ὑπὸ
939 4803 1294 4875 Ἀρταξέρξου
1334 4804 1431 4873 τὴν
1474 4803 1827 4875 Ἰερουσαλὴμ

231 4894 540 4949 ἀνοικίσων
570 4895 819 4967 ἐπέμφθη
842 4936 855 4958 ,
891 4894 999 4949 ἔτει
1052 4893 1521 4965 πεντεκαιδεκάτῳ
1556 4895 1651 4949 καί
1700 4897 1826 4950 ἐκα-

233 4982 455 5055 στοστῷ
490 4984 593 5054 τῆς
620 4985 844 5054 Περσῶν
874 4983 1162 5055 βασιλείας,
1192 4984 1355 5038 αὐτοῦ
1376 5002 1433 5037 τε
1471 4983 1824 5057 Ἀρταξέρξου

232 5072 535 5144 βασιλείας
588 5073 818 5147 εἰκοστῴ
866 5074 974 5127 ἔτει
1031 5075 1126 5128 κο.)⁹
1194 5073 1553 5145 Ὀλυμπιάδος
1616 5073 1824 5145 (L40)

228 5166 614 5237 ὀγδοηκοστῆς
655 5167 843 5239 τρίτης
880 5166 988 5219 ἔτει
1036 5166 1314 5238 τετάρτῳ,
1368 5168 1459 5220 ἐπὶ
1501 5164 1690 5219 τοῦτον
1736 5165 1827 5218 τὺν

226 5256 471 5329 χρόνον,
509 5257 568 5321 ὃς
617 5254 684 5329 ἦν
740 5258 1096 5329 Ὀλυμπιάδος
1148 5258 1523 5325 διακοσιοστῆς
1567 5258 1827 5328 δευτέρας

225 5348 354 5413 ἔτος
382 5346 667 5421 δεύτερον,
698 5349 947 5421 Τιϐερίου
973 5349 1029 5404 δὲ
1069 5349 1347 5421 Καίσαρος
1377 5350 1671 5422 ἡγεμονίας
1706 5351 1827 5415 ἔτος

224 5438 675 5509 ἑκκαιδέκατον,
728 5441 820 5513 ἔτη
868 5442 1157 5511 συνάγεται
1204 5439 1329 5505 υοε⁹,
1368 5441 1511 5514 ἅπερ
1564 5442 1829 5514 Ἑϐραϊκὰ

223 5533 575 5607 τετρακόσια
623 5537 941 5607 ἐνενήκοντα
973 5535 1065 5607 ἐτη
1108 5536 1315 5605 γίνεται
1348 5538 1488 5589 κατᾶ
1532 5536 1622 5589 τὸν
1674 5536 1831 5606 σελη-

225 5629 385 5679 ναῖον
426 5624 581 5696 μῆνα
610 5627 734 5690 τοὺς
765 5628 1042 5691 ἐνιαυτοὺς
1076 5627 1296 5681 ἐκείνων
1322 5626 1825 5699 ἐξαριθμουμένων,

224 5720 288 5782 ὃς
334 5720 524 5781 ἐστιν,
553 5719 627 5781 ὠς
663 5719 948 5791 πρόχειρον
980 5722 1174 5784 εἰπεῖν,
1201 5719 1418 5791 ἡμερῶν
1463 5719 1633 5773 εἰκόσι
1675 5718 1829 5772 ἐννέα

225 5811 413 5881 ἥμισυ
435 5825 448 5837 ·
472 5806 644 5875 οὕτως
668 5811 759 5864 τοῦ
783 5810 979 5864 κύκλου
1008 5812 1343 5879 ὑπάρχοντος
1369 5811 1590 5879 ἦμεοῶν
1624 5812 1832 5877 15:11:-

1929 4622 2144 4684 tempus
2200 4614 2357 4683 juxta
2414 4612 2725 4668 Jndaaorum
2786 4629 3044 4670 numeros
3107 4630 3500 4671 consumman-

1928 4712 2037 4758 tur.
2072 4703 2284 4756 Etenim
2327 4717 2358 4755 a
2399 4701 2678 4765 Neliemia,
2726 4720 2887 4773 quem
2922 4703 3251 4762 Artaxerxes
3298 4708 3364 4763 ad
3414 4708 3499 4762 in-

1928 4796 2279 4852 staurandam
2296 4792 2598 4850 Jerusalem
2628 4794 2959 4859 misit,annn
2985 4798 3176 4866 quinto
3210 4798 3424 4854 decimo
3444 4808 3498 4855 et

1927 4890 2228 4945 centesimo
2275 4887 2564 4943 Persarum
2623 4889 2793 4957 regni,
2847 4888 3130 4959 ipsiusque
3179 4890 3500 4947 Artaxerxis

1928 4982 2081 5052 regni
2115 4980 2377 5036 vicesimo
2417 4994 2584 5042 anno,
2614 4978 2941 5049 nlympiadis
2990 4996 3120 5035 vero
3156 4986 3508 5053 octogesima

1929 5076 2101 5129 terti-.e
2151 5088 2296 5127 anno
2326 5083 2544 5142 quarto,
2583 5087 2758 5142 usque
2810 5071 2877 5127 ad
2908 5071 3015 5127 hoc
3043 5082 3277 5143 tempus,
3323 5076 3501 5145 olymo

1929 5170 2106 5241 piadis
2170 5168 2382 5224 scilicet
2439 5167 2831 5223 ducentesima!
2891 5168 3143 5224 secundae
3196 5184 3399 5223 annum
3435 5184 3496 5233 ιι,

1930 5262 2139 5333 imperii
2187 5276 2314 5316 vero
2350 5259 2554 5315 Tiberii
2590 5259 2823 5315 Cmsaris
2879 5275 3083 5315 annum
3114 5269 3326 5315 sextum
3352 5259 3501 5316 deci~

1929 5369 2102 5418 mum,
2149 5352 2278 5406 anni
2341 5351 2513 5422 elapsi
2555 5360 2685 5407 sunt
2735 5366 2968 5416 coLxxv,
3020 5352 3101 5407 vel
3160 5365 3297 5407 coxc
3340 5351 3497 5420 juxta

1930 5445 2188 5500 Hebrasns
2222 5444 2502 5499 mensibus
2532 5459 2733 5499 annum
2782 5442 3068 5500 lunaribus
3124 5451 3495 5509 numerantes,

1929 5538 2021 5608 qui
2054 5545 2183 5592 sunt
2206 5536 2417 5592 dierum
2449 5551 2576 5589 xxix
2609 5542 2662 5590 et
2682 5533 2893 5589 dimidii
2916 5552 2931 5601 ;
2958 5549 3080 5589 cum
3111 5535 3277 5606 igitur
3298 5550 3499 5592 cccux

1930 5629 2141 5684 dierum
2174 5636 2229 5684 et
2259 5626 2581 5698 quailrantis
2620 5627 2692 5680 sit
2721 5625 2848 5679 anni
2882 5626 3092 5697 cyclus,
3127 5627 3369 5681 lunarem
3401 5641 3502 5681 an-

1931 5737 2061 5775 num
2082 5719 2332 5775 undecim
2365 5717 2578 5773 excedit
2604 5717 2818 5781 diebus,
2837 5726 2890 5773 ct
2911 5717 3233 5789 quadrante.
3250 5717 3500 5791 Quapro-

1935 5819 2051 5869 oter
2080 5809 2255 5865 Graeci
2285 5815 2339 5863 et
2368 5807 2540 5863 Judaei
2575 5807 2945 5864 eniiholimaeos
2975 5817 3086 5866 tres
3116 5824 3336 5866 menses
3374 5816 3507 5867 octo
