3926 6260
344 5248 353 5259 χ
445 5176 709 5244 tradidit;
777 5178 885 5240 cui,
950 5183 1077 5246 post
1148 5192 1341 5232 novem
1411 5192 1681 5232 annorum
1750 5193 2021 5249 regnum,

456 326 595 383 “79
1120 320 1392 379 EUSEBII
1431 317 1910 399 CAESARIENSIS
1960 318 2110 375 OPP.
2151 316 2351 374 PARS.
2391 316 2478 372 lll.
2519 349 2587 359 —-
2624 313 3034 373 EXEGETICA.
3544 321 3654 376 “80

454 443 617 499 annis
648 440 1053 512 superaddunt;
1086 454 1323 510 namque
1337 438 1511 495 octies
1543 438 1796 494 undecim
1812 446 1868 494 et
1896 453 2032 509 qua-

2135 440 2330 512 τάρτου
2358 437 2457 510 τὴν
2486 437 2628 493 κατά
2648 436 2875 509 σελήνην
2902 433 3279 506 δωδεκάμηνον
3306 432 3655 505 παραλλάσσειν

453 537 623 593 drans
670 546 781 591 tres
827 532 1064 589 eﬂlciunt
1115 547 1354 588 menses.
1420 531 1561 586 Anni
1618 532 1783 603 igitur
1822 546 2032 585 anxxv

2135 533 2373 604 ἡμέραις
2404 531 2597 585 ἑνδέκα
2627 531 2722 585 καὶ
2741 529 3007 601 τετάρτῳ.
3035 527 3133 581 Διά
3156 525 3314 581 τοῦτο
3337 530 3425 581 καὶ¹
3444 529 3657 601 Ἕλληνες

454 629 625 684 octies
678 641 765 682 ιιι
811 624 1113 692 continent,
1174 631 1229 680 et
1280 632 1394 679 tres
1426 639 1643 679 menses
1709 622 2032 678 embolimaei

2136 629 2234 681 καὶ
2272 626 2510 682 Ἰουδαῖοι
2541 630 2689 701 τρεῖς
2748 627 2920 698 μῆνας
2964 624 3292 698 ἐμϐολίμους
3336 625 3499 679 ἐτεσιν
3542 627 3657 682 ὀκτὼ

454 722 653 789 cuique
681 725 876 772 octavo
901 732 1048 772 anno
1071 715 1263 780 additi,
1293 717 1464 773 ferme
1492 716 1805 787 quindecim
1830 731 2027 780 annos,

2137 718 2609 789 παρεμϐάλλουσιν
2629 736 2641 748 ·
2663 719 2852 773 όκτάκι
2874 718 2983 789 γὰρ
3013 717 3082 771 τὰ
3107 716 3297 770 ἕνδεκα
3328 718 3419 771 καὶ
3446 717 3658 789 τέταριον

455 810 807 882 paucissimis
851 810 1093 880 exceptis
1135 809 1352 871 diebus,
1405 809 1701 880 complent.
1743 807 1834 863 Sic
1865 808 2032 880 igitur

2138 812 2282 864 ποιεῖ
2326 810 2609 882 τρίμηνον.
2679 809 2760 864 Τά
2808 810 2987 864 τοίνυν
3037 816 3147 863 uos’
3191 808 3284 880 ἐτη
3332 808 3658 881 ὀκταετηρίδες

453 916 662 957 anxxv
691 901 852 956 anuis
883 916 991 956 Lxx
1018 907 1273 956 constant
1312 900 1699 957 hebdomades.

2138 900 2378 969 γίνονται
2421 900 2519 966 νθ’,
2570 903 2664 956 καὶ
2712 902 2878 973 μῆνες
2910 899 2980 970 γ’,
3028 900 3103 965 ώς
3146 900 3404 971 τριμήνου
3448 899 3500 952 δὲ
3533 899 3661 970 ἐμϐο-

453 997 612 1069 λίμου
638 1000 704 1069 τῇ
731 997 1010 1068 ὀκταετίᾳ,
1036 996 1276 1065 γίνονται
1309 995 1404 1067 ἑτη
1429 994 1819 1049 πεντεκαίδεκα
1846 994 2040 1065 ὀλίγων
2074 995 2298 1069 ἡμερῶν
2328 996 2624 1051 ἀποδέοντα
2652 997 2888 1066 γίνεται⁹
2921 994 3167 1050 ταῖταδὲ
3196 995 3331 1066 πρὸς
3390 998 3494 1059 τοῖς
3546 996 3661 1067 (υ)οε’

454 1095 631 1150 ἐτεσιν
654 1095 709 1148 αἱ
736 1099 778 1148 ο¹
805 1093 1098 1165 ἑϐδομάδες
1125 1090 1522 1146 συντελοῦνται.

2142 1200 2148 1207 ’
2205 1204 2391 1260 Ταῦτα
2435 1204 2531 1275 μὲν
2564 1205 2592 1258 6
2623 1201 2989 1276 προδηλωθεὶς
3035 1201 3174 1274 ἀνὴρ
3225 1202 3306 1266 είς
3350 1202 3468 1266 τοὺς
3503 1203 3663 1269 τόπους

2138 1298 2524 1370 ἐπιϐέϐληκεν·
2558 1299 2688 1384 φέρε
2716 1298 2781 1368 δὴ
2816 1297 2910 1350 καὶ
2941 1299 3102 1367 ἡμεῖς
3130 1295 3268 1367 μετά
3298 1296 3396 1368 τὴν
3434 1296 3665 1350 ἀποδοθεί-

2141 1410 2239 1446 σαν
2268 1391 2562 1464 ἑρμηνείαν
2595 1391 2814 1462 ῐδωμεν,
2835 1391 2883 1442 εί
2914 1384 3026 1443 οἶόν
3056 1406 3117 1442 τε
3144 1388 3238 1442 καὶ
3270 1388 3467 1460 ἑτέρως
3487 1389 3666 1453 τοῖςτό-

524 1197 653 1267 llaac
687 1210 906 1281 quidem
938 1212 995 1264 in
1025 1210 1172 1265 hunc
1204 1209 1383 1264 locum
1415 1208 1709 1263 Africanus
1746 1206 2029 1264 disseruit.

454 1300 752 1360 Videamus
781 1310 835 1358 et
867 1318 990 1369 nos,
1035 1302 1342 1374 post‘hanc
1385 1301 1915 1369 interpretationem,
1962 1315 2032 1354 an

456 1396 616 1452 aliter
648 1395 948 1466 intelligere
995 1394 1291 1466 possimus,
1343 1409 1411 1449 ne
1469 1393 1768 1459 videamur,
1812 1394 2035 1450 omissis

456 1503 489 1542 a
523 1487 667 1560 Cyro
695 1488 760 1542 ad
787 1487 1139 1542 Artaxerxem
1172 1486 1532 1558 temporibus,
1562 1486 1709 1542 haud
1740 1485 2032 1556 ingenuam

456 1581 962 1651 interpretationem
985 1580 1248 1651 praebere,
1275 1595 1377 1634 nec
1408 1580 1673 1635 rationem
1699 1579 1891 1635 afferre
1916 1579 2033 1636 dis-

457 1674 706 1729 criminis
760 1673 907 1743 quod
953 1680 1036 1728 est
1089 1672 1232 1727 inter
1293 1678 1501 1741 septem
1554 1669 1924 1725 hebdomades
1982 1678 2037 1724 et

457 1766 740 1836 sexaginta
760 1765 919 1828 duas.
950 1765 1094 1820 sicut
1116 1763 1300 1818 divina
1324 1762 1563 1819 ostendit
1590 1762 1897 1832 Scriptura,
1927 1777 2032 1817 non

2135 1763 2252 1817 τίαν
2282 1763 2611 1833 παριστάναι
2644 1759 2819 1814 δοκεῖν
2850 1761 2949 1829 τῆς
2977 1758 3086 1813 τῶν
3118 1757 3257 1811 ἑπτά
3289 1757 3580 1828 ἑϐδομάδων
3595 1760 3671 1812 καὶ

459 1858 578 1914 sine
601 1857 891 1913 verissimo
922 1872 985 1911 ac
1017 1855 1455 1926 profundissimo
1501 1855 1758 1917 consilio,
1796 1854 1885 1909 his
1916 1869 2032 1909 ver-

2136 1855 2244 1908 τῶν
2293 1854 2369 1925 ξβ¹
2396 1852 2735 1926 διαιρέσεως,
2768 1852 2834 1923 ἢν
2885 1853 2914 1904 6
2961 1850 3104 1915 θεῖος
3137 1850 3312 1920 Λόγος
3357 1849 3561 1913 πάντως
3590 1866 3668 1902 που

457 1948 542 2004 bis
575 1966 588 2002 :
622 1967 640 1997 ι
665 1945 816 2002 Scito
846 1962 976 2017 ergo
1019 1953 1073 2002 et
1102 1947 1473 2001 animadverte
1500 1965 1513 2002 :
1550 1947 1619 2002 ab
1649 1946 1799 2001 exitu
1830 1960 2032 2000 sermo-

2137 1946 2275 2017 μετά
2302 1963 2445 2009 τινος
2473 1944 2694 2013 εὐλόγου
2726 1943 2965 2006 διανοίας
2994 1943 3088 1996 καὶ
3115 1941 3424 2012 βαθυτάτης
3449 1941 3671 2003 συνέσεως

458 2043 567 2107 nis,
598 2051 654 2095 ut
682 2041 879 2095 iterum
907 2038 1207 2094 aediﬁcetur
1227 2038 1555 2102 Jerusalem,
1582 2054 1759 2109 usque
1784 2038 1851 2093 ad
1874 2039 2032 2094 Chri-

2136 2037 2430 2109 πεποίηται
2452 2038 2629 2107 φήσας
2653 2054 2667 2068 ·
2703 2055 2721 2088 ι
2749 2035 2862 2090 Καὶ
2891 2034 3078 2109 γνώσῃ
3111 2036 3205 2089 καὶ
3230 2036 3479 2106 συνήσεις
3497 2033 3591 2088 ἀπὸ
3607 2033 3671 2100 ἐξ·

459 2142 602 2189 stum
637 2131 851 2197 ducem,
894 2129 1265 2186 hebdomades
1301 2138 1530 2199 septem,
1572 2140 1625 2185 et
1666 2129 2032 2186 hebdomades

2135 2133 2253 2186 ὁδου
2282 2131 2441 2200 λόγου
2459 2131 2551 2184 τοῦ
2586 2129 2948 2203 ἀποκριθῆναι
2983 2129 3077 2182 καὶ
3103 2127 3199 2182 τοῦ
3225 2128 3562 2199 οἰκοδομῆσαι
3595 2127 3672 2181 Ἱε-

456 2224 740 2295 sexaginta
769 2223 890 2279 duae
921 2231 1081 2279 erunt
1110 2243 1122 2277 :
1153 2231 1207 2278 et
1234 2238 1426 2279 rursus
1447 2221 1810 2278 aedificabitur
1836 2212 2032 2293 platea,

2139 2224 2421 2296 ρουσαλὴμ
2461 2224 2566 2288 ἕως
2601 2222 2837 2294 Χριστοῦ
2870 2222 3174 2292 ἡγουμένου
3208 2219 3497 2290 ἑϐδομάδες
3520 2218 3576 2283 ζ’,
3601 2218 3673 2271 καὶ

456 2327 511 2374 et
540 2317 705 2371 muri.
734 2336 752 2369 ι
789 2316 1054 2372 Attendas
1088 2315 1234 2371 enim
1279 2330 1348 2369 an
1395 2315 1445 2369 vi
1480 2314 1643 2369 ducta
1677 2316 1829 2369 ﬁeret
1867 2314 2032 2369 inter-

2136 2317 2429 2388 ἑϐδομάδες
2481 2314 2555 2386 ξβ¹
2586 2317 2679 2369 καὶ
2727 2314 3044 2385 ἐπιστρέψει
3096 2314 3191 2368 καὶ⁸
3230 2311 3673 2384 οἰκοδομηθήσεται

2135 2409 2366 2464 πλατεία
2399 2411 2491 2462 καὶ
2515 2412 2710 2479 τεῖχος.
2744 2426 2762 2460 ι
2797 2409 2938 2480 Ὅρα
2964 2404 3027 2480 δὴ
3061 2408 3108 2460 εί
3137 2407 3211 2477 μὴ
3241 2405 3497 2469 ἀϐίαστος
3517 2403 3674 2473 γένοιτ’

2136 2502 2204 2557 ἂν
2236 2503 2367 2574 ἡμῖν
2397 2503 2431 2572 ἡ
2454 2501 2701 2572 διήγησις
2724 2498 2783 2565 ἐξ
2810 2499 2974 2554 αὑτοῦ
2996 2499 3202 2570 Κύρου,
3229 2497 3357 2552 καθ’
3384 2497 3442 2551 ὃν
3466 2498 3493 2551 6
3517 2494 3676 2567 Δανιὴλ

2135 2595 2491 2669 προφητεύει,
2522 2597 2648 2658 τοὺς
2699 2593 2921 2665 χρόνους
2974 2592 3492 2664 ἀπαριθμουμένοις.
3541 2584 3675 2652 Οὗτος

2135 2689 2244 2760 γάρ
2269 2684 2362 2743 οὖν
2391 2688 2605 2760 πρῶτος
2640 2686 2737 2758 τὴν
2770 2687 2899 2759 περὶ
2931 2685 3025 2739 τοῦ
3067 2687 3350 2755 ἀνεγεῖραι
3393 2684 3488 2757 τὴν
3517 2684 3677 2756 Ἱερου·

2138 2780 2316 2853 σαλὴμ
2357 2780 2647 2852 ἀπόκρισιν
2687 2778 2965 2850 ἐξενήνοχε
3011 2778 3152 2832 κατά
3193 2778 3290 2850 τὴν
3341 2778 3399 2833 ἐν
3437 2777 3511 2847 τῷ
3536 2777 3676 2847 Ἔξρᾳ

2135 2872 2371 2944 γραφὴν,
2400 2871 2588 2924 τοῦτον
2638 2869 2866 2941 ἔχουσαν
2918 2869 3007 2922 τὸν
3059 2868 3289 2939 τρόπον·
3333 2887 3353 2921 ι
3388 2868 3495 2922 Καὶ
3532 2868 3584 2920 ἐν
3617 2864 3676 2936 τῷ

2136 2965 2336 3039 πρώτῳ
2371 2966 2480 3019 ἔτει
2525 2965 2708 3036 Κύρου
2753 2962 3016 3035 βασιλέως
3060 2963 3308 3035 Περσῶν,
3346 2962 3438 3016 τοῦ
3466 2959 3675 3028 τελεσθῆ-

2140 1503 2263 1550 ποις
2306 1484 2603 1549 ἐπιϐαλεῖν,
2636 1484 2711 1548 ὼς
2753 1483 2819 1538 ἂν
2857 1483 2930 1556 μὴ
2961 1483 3213 1554 δοκοῖμεν
3243 1483 3369 1545 τοὺς
3394 1482 3495 1535 ἀπὸ
3519 1482 3665 1552 Κύρου

2137 1578 2232 1631 καὶ
2263 1578 2356 1630 ἐπὶ
2389 1574 2749 1649 Ἀρταξέρξην
2780 1574 3210 1639 ὑποκλέπτοντες
3239 1574 3461 1645 χρόνους
3485 1573 3669 1644 βιαιο·ιέ⁶

2138 1688 2235 1742 ραν
2268 1669 2537 1724 ποιεῖσθαι
2564 1668 2661 1740 τὴν
2697 1668 2971 1732 ἀπόδοσιν,
3001 1666 3096 1720 καὶ
3129 1666 3307 1729 ἄλλως
3331 1666 3404 1738 μή
3424 1666 3584 1735 δὲτὴν
3604 1668 3671 1719 αἰ-

456 2411 715 2484 pretatio,
751 2417 999 2480 tempora
1048 2407 1464 2463 numerantibus
1511 2407 1580 2462 ab
1621 2408 1742 2479 ipso
1771 2405 1937 2479 Cyro,
1970 2405 2039 2462 de

455 2520 568 2576 quo
590 2502 780 2558 Daniel
802 2502 1169 2574 pmphetizat.
1195 2500 1296 2556 Hic
1338 2516 1534 2571 nempe
1565 2501 1775 2570 primus
1810 2514 2041 2570 respon-

458 2610 579 2651 sum
610 2594 676 2649 de
706 2592 1008 2649 Jerusalem
1039 2591 1443 2649 instauratione
1475 2591 1666 2653 edixit,
1694 2601 1832 2647 teste
1865 2591 2037 2648 Esdra

456 2687 546 2742 his
580 2687 792 2742 verbis:
826 2706 844 2737 ι
878 2687 938 2740 In
990 2700 1136 2740 anno
1164 2686 1343 2756 primo
1375 2683 1501 2757 Cyri
1538 2686 1683 2756 regis
1717 2683 2037 2749 Persarum,

456 2787 519 2835 ut
573 2779 939 2849 compleretur
987 2779 1214 2833 verbum
1268 2776 1479 2832 Domini
1531 2792 1596 2832 ex
1637 2792 1733 2832 ore
1764 2776 2034 2844 Jeremiae,

455 2871 743 2929 suscitavit
802 2870 1067 2925 Dominus
1121 2870 1375 2940 spiritum
1436 2868 1587 2940 Cyri,
1647 2870 1791 2938 regis
1839 2868 2038 2925 Persa—

454 2978 579 3018 rum
610 2982 623 3018 :
649 2970 705 3018 et
734 2962 975 3017 traduxit
1007 2976 1195 3015 vocem
1228 2961 1281 3013 in
1321 2961 1469 3014 omni
1506 2975 1675 3028 regno
1707 2974 1831 3024 suo,
1868 2960 2033 3015 etiam

455 3067 555 3124 per
576 3051 915 3122 Scripturam
947 3051 1138 3106 dicens
1181 3069 1194 3104 :
1229 3049 1354 3104 Haec
1407 3049 1539 3104 dicit
1559 3051 1736 3122 Cyrus
1774 3066 1866 3106 rex
1908 3051 2036 3107 Per-

457 3159 693 3201 sarum:
733 3141 927 3198 Omnia
974 3157 1140 3212 regna
1177 3150 1338 3197 terrae
1388 3140 1539 3197 dedit
1586 3143 1720 3197 mihi
1769 3141 2032 3200 Dominus

2135 3150 2338 3223 Κύριος
2374 3149 2432 3203 τὸ
2461 3148 2675 3218 πνεῦμα
2700 3148 2885 3220 Κύρου
2918 3147 3177 3218 βασιλέως
3202 3146 3543 3218 Περσῶνρια)⁵
3571 3160 3676 3213 παρ’

455 3236 605 3293 Deus
635 3236 782 3299 caeli,
820 3246 874 3290 et
904 3236 1021 3307 ipse
1062 3238 1322 3307 praecepit
1359 3237 1489 3291 mihi
1522 3243 1582 3290 ut
1624 3237 1951 3293 aediﬁcarem
1982 3238 2032 3292 ei

2135 3241 2355 3317 ήγγειλε
2387 3240 2570 3312 φωνὴν
2592 3242 2650 3293 ἐν
2683 3239 2833 3312 πάσῃ
2869 3238 3114 3311 βασιλείᾳ
3140 3237 3333 3302 αὐτοῦ,
3367 3236 3458 3292 καί
3513 3253 3570 3307 γε
3606 3236 3677 3301 ἑγ-

455 3330 677 3387 domum
720 3329 774 3385 in
805 3329 1131 3396 Jerusalem,
1166 3346 1287 3401 quae
1322 3339 1408 3387 est
1438 3331 1492 3384 in
1529 3330 1738 3387 Jndaea.
1765 3331 1900 3399 Quis
1949 3341 2032 3388 est

2444 3306 2636 3404 λέγων’
2661 3306 2847 3396 Οὕτως
2866 3306 3017 3386 εἶπεν
3043 3306 3224 3405 Κύρος
3247 3334 3275 3385 6
3311 3330 3554 3402 βασιλεὺς
3568 3328 3678 3397 Περ-

454 3422 512 3478 in
541 3423 700 3480 vobis
738 3421 805 3479 de
848 3424 1108 3479 universo
1146 3425 1348 3495 populo
1388 3424 1542 3494 ejus?
1581 3423 1665 3479 Sit
1715 3424 1859 3480 Deus
1885 3425 2032 3481 illius

2138 3428 2275 3482 σῶν·
2311 3428 2500 3491 Πάσας
2543 3428 2643 3490 τὰς
2695 3425 2970 3496 βασιλείας
3007 3426 3106 3496 τ’ἦς
3148 3424 3253 3495 γῆς
3297 3420 3571 3495 παρέδωκέ
3607 3436 3677 3489 μοι

454 3531 582 3570 cum
613 3517 751 3587 ipso.
780 3515 1053 3572 Ascendat
1094 3519 1147 3572 in
1178 3517 1483 3573 Jerusalem
1521 3519 1631 3587 ³ι⁶;
1667 3538 1684 3571 ›
1715 3527 1771 3574 et
1799 3519 2031 3589 reliqua.

2135 3521 2339 3594 Κύριος
2368 3524 2397 3575 6
2440 3520 2572 3585 Θεὸς
2612 3520 2706 3574 τοῦ
2751 3518 3004 3591 οὐρανοῦ,
3034 3518 3129 3573 καὶ
3173 3518 3342 3582 αὐτὸς
3381 3514 3677 3582 ἐπεσκέψατο

455 3607 668 3676 Quibus
705 3609 896 3665 addit:
934 3628 953 3661 ι
982 3608 1095 3665 Rex
1142 3626 1360 3681 quoque
1410 3610 1611 3687 Cyrus,
1634 3611 1862 3681 protulit
1904 3626 2032 3667 vasa

2135 3615 2221 3667 ἐπ’
2256 3614 2357 3685 ἐμὲ
2399 3613 2492 3668 τοῦ
2519 3613 2867 3684 οἰκοδομῆσαι
2900 3611 3048 3682 αὐτῷ
3074 3607 3221 3666 οἷκον
3259 3611 3323 3664 ἐν
3366 3606 3678 3681 Ἰερουσαλὴμ

453 3702 642 3772 templi
671 3701 910 3767 Domini,
943 3718 1063 3774 quae
1085 3704 1284 3759 tulerat
1312 3703 1820 3759 Nabuchodonosor
1849 3703 1916 3759 de
1939 3703 2034 3760 Je-

454 3796 722 3859 rusalem,
760 3802 815 3852 et
846 3802 1109 3867 posuerat
1140 3811 1203 3852 ea
1235 3796 1288 3852 in
1324 3798 1530 3868 templo
1570 3798 1657 3853 dei
1687 3798 1795 3853 sui.
1833 3796 2034 3852 Protu—

454 3884 520 3940 lit
567 3894 749 3942 autem
796 3901 860 3942 ea
907 3885 1107 3959 Cyrus,
1162 3903 1258 3942 rex
1302 3885 1619 3952 Persarum,
1663 3903 1759 3957 per
1808 3902 2031 3942 manum

454 3975 786 4034 Mithridatis
820 4017 836 4041 ,
923 3986 977 4034 et
1067 3981 1468 4035 annumeravit
1520 3994 1583 4035 ea
1670 3978 2032 4034 Samanassar

454 4070 687 4141 principi
729 4069 868 4125 Juda
892 4072 957 4127 ³¹.
990 4091 1008 4121 ι
1055 4072 1261 4128 Deinde
1309 4080 1500 4126 narrat
1560 4072 1844 4143 Scriptura
1895 4087 2033 4143 quo-

2133 3709 2199 3777 τῇ
2240 3707 2298 3759 ἐν
2339 3704 2588 3778 Ἰουδαίᾳ.
2626 3703 2721 3768 Τίς
2743 3706 2800 3757 ἐν
2822 3705 2951 3776 ὑμῖν
2986 3702 3095 3757 ἀπὸ
3119 3702 3323 3766 παντὸς
3349 3700 3442 3756 τοῦ
3467 3697 3584 3755 λαοῦ
3602 3696 3678 3750 αὐ-

2133 3799 2257 3865 τοῠ;
2286 3799 2396 3853 Kal
2425 3798 2576 3853 ἔσται
2608 3799 2636 3851 6
2670 3797 2802 3864 Θεὸς
2828 3794 2989 3851 αὐτοῦ
3015 3797 3132 3869 μετ’
3164 3793 3356 3861 αὐτοῦ,
3389 3793 3481 3848 καὶ
3507 3788 3676 3859 ἀναϐή-

2134 3909 2286 3945 σεται
2304 3893 2383 3955 είς
2417 3891 2797 3963 Ἰερουσαλήμ·
2823 3911 2844 3942 ι
2866 3890 2960 3943 καὶ
2987 3888 3055 3942 τὰ
3072 3887 3220 3959 ἑξῆς.
3244 3883 3343 3952 Οἷς
3366 3884 3671 3955 ἐπιφέρεται’

2139 4004 2158 4037 ι
2186 3986 2295 4039 Kal
2336 3987 2364 4038 6
2419 3983 2672 4055 βασιλεὺς
2700 3983 2882 4055 Κύρος
2922 3980 3182 4053 ἐξήνεγκε
3232 3977 3303 4033 τὰ
3353 3976 3517 4047 σκεύη
3556 3972 3673 4028 οἴκου

2133 4079 2359 4150 Κυρίου,
2384 4077 2421 4131 ἀ
2471 4076 2659 4130 ἔλαϐεν
2699 4074 3168 4146 Ναϐουχοδονόσορ
3191 4071 3299 4125 ἀπὸ
3343 4063 3673 4141 Ἰερουσαλὴμ,

454 4161 619 4215 modo
673 4162 831 4232 primi
884 4161 1176 4219 redeuntes
1229 4164 1412 4233 templi
1474 4162 1831 4218 fundamenta
1880 4165 2032 4234 jece-

2135 4174 2225 4228 xal
2250 4173 2449 4227 έδωκεν
2478 4171 2618 4226 αὐτὰ
2643 4174 2701 4224 ἑν
2733 4170 2867 4242 οἴκῳ
2907 4169 3029 4223 θεοῦ
3060 4165 3249 4222 αὐτοῦ.
3278 4165 3394 4219 Kal
3424 4163 3674 4232 ἐξήνεγκεν

451 4252 585 4320 rint,
619 4254 896 4323 quomodo
928 4253 983 4308 in
1017 4252 1298 4308 laboribus
1336 4253 1579 4323 impediti
1611 4255 1723 4309 sint
1763 4254 1867 4308 hoc
1898 4261 2032 4308 tem-

2135 4264 2271 4319 αύτά
2299 4265 2502 4337 Κύρος,
2523 4265 2552 4317 6
2585 4262 2840 4335 βασιλεὺς
2866 4260 3114 4331 Περσῶν,
3146 4260 3240 4313 ἐπὶ
3267 4261 3426 4331 χεῖρα
3457 4252 3676 4326 Μιθριδά-

450 4347 605 4417 poris
633 4347 941 4409 intervallo,
976 4361 1154 4416 usque
1181 4344 1248 4400 ad
1278 4346 1566 4415 septimam
1590 4361 1861 4400 annorum
1893 4347 2028 4403 heb-

2135 4378 2222 4414 του
2253 4362 2346 4414 καὶ
2373 4359 2677 4433 ἠρίθμησεν
2701 4357 2840 4411 αὑτά
2868 4356 2946 4428 τῷ
2975 4353 3582 4427 Σαμανασσάρ,άρχοντι
3600 4344 3673 4400 τοῦ

451 4438 758 4494 domadem.
793 4437 1166 4509 Quadraginta
1203 4437 1369 4509 igitur
1391 4447 1444 4493 et
1476 4454 1572 4493 sex
1603 4454 1871 4493 annorum
1903 4454 2029 4510 spa-

2143 4452 2331 4505 Ἱούδα.
2358 4470 2375 4501 ι
2396 4450 2517 4504 Ἐπὶ
2544 4449 2751 4513 τούτοις
2778 4450 2981 4521 ἱστορεῖ
3006 4450 3039 4520 ἡ
3070 4446 3261 4518 Γραφὴ
3294 4445 3372 4509 ὡς
3401 4441 3674 4498 ἀνελθόντες

448 4528 588 4584 tium
623 4543 654 4582 a
683 4527 827 4600 Cyro
857 4528 924 4582 ad
955 4535 1167 4584 sextum
1196 4527 1339 4582 Darii
1366 4543 1570 4583 annum
1595 4530 1828 4584 elabitur
1854 4529 2028 4585 donec

2135 4547 2179 4600 οἱ
2224 4546 2430 4618 πρῶτοι
2481 4543 2907 4599 καταϐάλλονται
2950 4543 3074 4605 τοὺς
3098 4540 3191 4595 τοῦ
3226 4540 3372 4611 ἱεροῦ
3406 4535 3670 4609 θεμελίους,

448 4621 639 4691 templi
666 4622 1006 4692 compleatur
1039 4621 1352 4675 aedificatio.
1396 4621 1523 4677 ldeo
1560 4622 1627 4676 ab
1662 4622 1787 4677 aliis
1816 4621 2026 4692 primas

2135 4639 2224 4694 καὶ
2260 4639 2335 4702 ὼς
2368 4635 2642 4709 εῖργονταί
2674 4653 2737 4704 γε
2767 4637 2825 4688 ἐν
2854 4633 2931 4706 τῷ
2968 4632 3169 4705 μεταξὺ
3200 4633 3379 4706 χρόνῳ
3410 4631 3507 4700 τῆς
3538 4642 3673 4680 σπου·

448 4721 659 4784 septem
702 4712 1071 4769 hebdomades
1117 4713 1404 4784 Scriptura
1456 4713 1718 4783 sejunxit,
1764 4715 2026 4770 interval-

2135 4734 2248 4805 δῆς,
2275 4733 2381 4795 ἕως
2422 4730 2512 4784 ἐπὶ
2543 4728 2777 4799 ἑϐδόμην
2811 4726 2947 4780 ἑτῶν
2976 4725 3267 4796 ἑϐδομάδα.
3288 4719 3671 4794 Τεσσαράκοντα

448 4805 562 4860 lum
633 4805 952 4876 signiﬁcans
1016 4806 1161 4861 inter
1217 4806 1455 4875 primum
1517 4806 1768 4876 conjecta
1839 4805 2025 4876 templi

2135 4827 2193 4898 (ί
2224 4826 2294 4881 40
2324 4825 2398 4899 ν’)
2424 4826 2553 4894 γοῦν
2577 4825 2671 4878 καὶ
2698 4822 2759 4889 ἓξ
2784 4822 2876 4894 ἕττι
2910 4821 3017 4876 ἀπὸ
3053 4820 3236 4892 Κύρου
3269 4818 3367 4873 καὶ
3402 4817 3491 4870 ἐπὶ
3511 4812 3568 4865 τὺ
3591 4812 3671 4899 As-

447 4897 845 4962 fuudamenta,
924 4898 1332 4969 perfectamque
1410 4898 1581 4954 totius
1642 4897 1859 4954 aediﬁcii
1924 4915 2023 4954 ex-

2135 4919 2275 4994 ρείου
2308 4897 2465 4973 ἓκέον
2487 4917 2606 4980 ἔτος
2630 4916 3048 4988 περιγράφεται,
3086 4914 3143 4966 ὲν
3175 4906 3219 4978 ᾧ
3251 4910 3425 4983 πέρας
3466 4906 3592 4994 ἴσχει
3617 4898 3669 4953 τὰ

444 4995 824 5048 structionem.
892 4990 1069 5063 Cyrus
1125 4992 1271 5047 enim
1302 5032 1317 5056 ,
1380 5007 1554 5048 annos
1603 5008 1773 5047 unum
1815 4999 1872 5049 et
1928 4991 2028 5045 tri-

2135 4990 2228 5084 ἔῆς
2257 5010 2350 5065 τοῦ
2384 5008 2513 5064 ναοῦ
2541 5007 2858 5079 οἰκοδομῆς’
2890 5007 3010 5061 ὅθεν
3040 5005 3263 5067 εἰκότως
3290 5002 3399 5056 ἀπὸ
3443 4998 3543 5052 τῶν
3579 4993 3667 5046 λοι-

444 5083 597 5154 ginta
653 5098 780 5138 cum
842 5081 1218 5160 regnavisset,
1266 5082 1519 5154 Cambysi
1567 5083 1674 5139 lilio
1734 5084 2023 5154 imperium

2135 5081 2250 5160 πών
2273 5104 2572 5176 ἑϐδομάδας
2599 5103 2641 5168 ζ’
2663 5101 2762 5165 τὰς
2786 5099 3051 5171 πρώταςὸ
3080 5098 3235 5165 λόγος
3254 5095 3574 5165 ἀφωρίσατο,
3593 5084 3665 5138 τὸν

2133 5197 2335 5271 μεταξὺ
2369 5197 2556 5269 χρόνον
2590 5196 2691 5266 τῆς
2724 5193 2947 5266 πρώτης
2974 5192 3277 5262 καταϐολῆς
3312 5190 3422 5243 τῶν
3454 5185 3538 5240 τοῦ
3562 5178 3663 5235 ναοῦ

2132 5288 2398 5360 θεμελίων
2424 5288 2519 5342 καὶ
2542 5287 2640 5358 τῆς
2665 5288 2744 5350 εἰς
2765 5285 2931 5357 ἄκρον
2960 5284 3123 5338 αὐτοῦ
3151 5278 3573 5353 ἀναπληρώσεως
3590 5275 3665 5341 ὲμ·

2131 5382 2294 5454 φῆναι
2330 5380 2668 5452 βουλόμενος.
2693 5379 2874 5450 Κύρος
2905 5378 3000 5449 93V
3029 5376 3135 5448 γὰρ
3169 5375 3263 5446 ἔτη
3288 5374 3566 5446 τριάκοντα
3590 5360 3665 5417 καὶ

2129 5474 2187 5527 ἓν
2230 5473 2575 5545 βασιλεύσας,
2606 5472 2880 5545 Καμϐύσῃ
2929 5471 3008 5542 τῷ
3056 5469 3207 5524 παιδὶ
3243 5466 3561 5540 παραδίδωσι
3583 5458 3659 5530 τὴν

2129 5568 2329 5640 ἀρχήν·
2360 5559 2419 5621 οὗ
2456 5567 2546 5621 ἐπὶ
2574 5563 2731 5620 ἐννέα
2756 5562 3135 5634 διαγενομένου
3162 5560 3322 5625 ἔτεσι,
3354 5557 3562 5630 Δαρεῖος
3583 5545 3658 5618 τίὲν

444 5264 644 5324 Darius
716 5269 1018 5334 successit,
1099 5268 1449 5338 iterumque,
1529 5269 1674 5325 sicut
1745 5271 2021 5341 quondam

443 5355 638 5429 Cyrus,
659 5360 961 5418 Jerusalem
992 5360 1365 5416 aediﬁcandam
1396 5361 1577 5417 edicto
1601 5363 1789 5432 jussit.
1843 5364 2023 5434 Atque

445 5457 598 5503 sexto
627 5451 748 5520 ejus
772 5451 983 5523 imperii
1016 5466 1182 5515 anno,
1205 5450 1299 5521 qui
1345 5452 1796 5522 quadragesimus
1833 5462 2023 5510 sextus

449 5554 478 5593 a
521 5538 665 5610 Cyro
684 5555 823 5607 erat,
845 5542 1131 5600 aediﬁcatio
1163 5541 1464 5614 perﬁcitur.
1496 5543 1654 5601 Unde
1687 5544 1741 5600 in
1775 5543 2020 5601 Salvato-

516 5715 584 5747 ³¹⁶
620 5714 640 5769 Ι
671 5718 831 5777 Esdr.
862 5737 900 5789 l,
940 5723 1052 5779 ιδ.
1128 5727 1173 5758 ³³
1213 5724 1343 5781 ibid.
1377 5726 1429 5789 7,
1465 5725 1518 5779 8.

2134 3075 2220 3112 vat
2248 3055 2406 3126 λόγον
2444 3058 2650 3129 Κυρίου
2689 3055 2796 3109 ἀπὸ
2843 3055 3109 3125 στόματος
3153 3053 3440 3126 Ἰερεμίου,
3467 3051 3676 3123 ἐξήγειρε
3713 3096 3719 3101 .

3849 3520 3851 3583 ἱ
