3926 6260
265 334 387 391 “8!

1232 334 1524 396 ECLOGA:
1558 334 2176 395 ΡΒΟΡΗΕΤΙΟᾹΞΓ-δ
2189 334 2318 391 LIB.
2359 332 2449 389 111.

3362 330 3497 385 H83

263 449 530 524 βασιλείαν
581 453 934 525 παραλαϐὼν,
983 448 1136 518 αὖθις
1196 454 1336 526 μετά
1390 456 1573 529 Κύρον
1614 455 1703 509 διὰ
1728 455 1801 509 τοὶ

1927 469 2042 510 rem
2096 461 2344 510 nostrum
2392 450 2591 508 invecti
2644 448 2935 505 dicebant:
2970 466 2990 500 ι
3035 444 3404 518 Quadraginta
3440 455 3496 502 et

262 543 683 616 προγράμματος
713 546 812 619 τὴν
838 547 1188 620 Ἰερουσαλὴμ
1210 547 1622 620 οἰκοδομηθῆναι
1654 565 1825 621 προσ-

257 637 451 689 τάττει.
480 636 589 688 Καὶ
620 636 684 709 δὴ
718 638 858 693 κατὰ
884 640 945 694 τὸ
983 640 1140 694 ἕκτον
1163 639 1327 693 αὑτοῦ
1363 640 1463 708 τῆς
1483 640 1659 712 ἀρχῆς
1681 639 1821 706 ἔτος,

260 730 390 798 ὅπερ
415 723 482 799 ἦν
507 727 612 781 ἀπὸ
636 729 819 800 Κύρου
841 733 1276 805 τεσσαρακοστὸν
1304 733 1397 786 καὶ
1428 733 1605 799 ἕκτον,
1627 733 1697 787 τὰ
1724 733 1825 804 τῆς

257 822 536 894 οἰκοδομῆς
568 824 1004 897 ἀποπληροῦται·
1038 826 1160 881 ὅθεν
1179 825 1485 897 ὁρμώμενοι
1514 824 1590 896 τῷ
1613 825 1822 898 Σωτῆρι

256 915 405 986 ὴμῶν
447 915 630 985 ελεγον
650 931 663 944 ⁸
699 935 717 969 ι
758 919 829 971 Μ’
862 919 954 971 καὶ
989 917 1048 983 ἓξ
1079 917 1254 972 ἔτεσιν
1284 916 1609 988 ᾠκοδομήθη
1641 919 1670 970 6
1695 917 1823 980 ναὸς

254 1001 421 1076 οὗτος,
455 1010 559 1065 καὶ
602 1012 666 1065 σὺ
710 1012 767 1065 ὲν
815 1013 990 1084 τρισὶν
1033 1011 1267 1084 ἡμέραις
1312 1012 1524 1082 ἐγερεῖς
1570 1009 1764 1074 αύτόν;
1796 1028 1815 1061 ι

252 1101 402 1155 Κατά
424 1102 480 1155 δὲ
510 1101 603 1155 τὸν
640 1100 900 1175 Ἰώσηπον
944 1110 986 1157 o'
1019 1103 1107 1175 (θ’)
1138 1102 1233 1157 καὶ
1269 1109 1320 1174 μ’
1346 1101 1438 1175 ἔτη
1466 1101 1708 1173 ἀκριϐῶς
1751 1099 1820 1155 τὰ

249 1194 352 1249 ἀπὸ
377 1194 559 1268 Κύρου
590 1198 682 1251 ἐπὶ
711 1197 771 1250 τδ
803 1198 1029 1271 Δαρείου
1062 1197 1248 1251 ἔνατον
1278 1195 1396 1260 ἔτος
1422 1195 1732 1264 συνάγεται,
1760 1194 1818 1247 ἐν

246 1279 289 1354 ᾧ
324 1286 473 1352 τέλος
510 1288 775 1344 ἐπιθεῖναι
817 1293 883 1362 τῇ
919 1289 1011 1344 τοῦ
1042 1287 1172 1343 ναοῦ
1202 1289 1455 1360 οἰκοδομῇ
1483 1290 1541 1342 ὲν
1572 1286 1649 1358 τῷ
1670 1286 1817 1340 ἑνδε-

245 1378 389 1450 κάτῳ
415 1380 516 1450 τῆς
547 1382 604 1435 Ἀ
605 1383 919 1452 ρχαιολογί
922 1399 995 1447 ας
1013 1382 1175 1453 φησιν
1192 1381 1463 1448 αύτολιεξελ⁸
1478 1380 1650 1452 δηλῶν
1675 1382 1818 1434 οἰκο-

243 1470 641 1545 δομηθήσεσθαι
689 1475 779 1529 τὸν
832 1475 958 1529 ναὸν
994 1474 1035 1541 ζ’
1069 1476 1193 1547 (sic)
1233 1475 1361 1548 μηνὶ
1381 1474 1475 1528 τοῦ
1506 1475 1692 1529 ἐνάτου
1718 1474 1818 1545 τῆς

243 1562 329 1614 ἐπὶ
356 1564 579 1634 Δαρείου
610 1563 883 1634 βασιλείας
906 1565 1087 1628 ἔτους·
1124 1559 1205 1628 οἷς
1226 1564 1318 1618 καὶ
1346 1562 1591 1634 ἐπιφέρει
1613 1561 1811 1630 λέγων·

247 1670 264 1705 ι
292 1650 616 1729 Κατῲκισαν
656 1654 713 1708 δὲ
745 1656 801 1707 ὲν
834 1657 945 1718 τοῖς
978 1653 1366 1727 Ἰεροσολύμοις
1398 1651 1639 1723 πολιτείᾳ
1666 1650 1811 1724 χρώ-

243 1759 385 1813 μενοι
429 1745 970 1819 ἀριποκρατῐορ]ικῇ
1023 1746 1161 1818 μετά
1204 1744 1548 1817 ὀλιγαρχίαςο
1599 1746 1647 1797 οἱ
1701 1742 1811 1815 γὰρ

239 1835 398 1905 ίερεῐς
448 1839 857 1909 προεστήκεσαν
907 1838 1013 1892 τῶν
1051 1839 1410 1910 πραγμάτων,
1437 1836 1563 1909 ἄχρι
1596 1832 1657 1891 οὗ
1683 1837 1808 1900 τοὺς
1841 1873 1881 1930 Β

247 1926 613 1999 Ἀσαμωναίου
645 1930 838 2003 συνέϐη
872 1929 1172 2001 βασιλεύειν
1201 1931 1477 2000 ἐγγόνους.
1503 1949 1522 1982 ι
1548 1928 1671 1982 Αἵδε
1708 1927 1808 1998 μὲν

233 2032 321 2069 ουν
348 2019 401 2071 al
436 2019 493 2072 ἐν
514 2021 583 2090 τῇ
608 2020 911 2092 προφητείᾳ
942 2021 1237 2093 φερόμεναι
1265 2021 1309 2086 ζ’
1336 2019 1625 2090 ὲϐδομάδες
1648 2020 1729 2082 εἷς
1746 2018 1808 2071 τὸ

234 2106 705 2180 προδεδηλωμένον
756 2109 875 2175 ἔτος
922 2111 1149 2183 Δαρείου
1182 2110 1642 2183 περιοριζόμεναι,
1675 2109 1808 2181 πρό-

230 2195 380 2268 δηλον
407 2217 496 2253 ουν
519 2199 588 2253 δι’
609 2201 675 2272 ἣν
702 2202 879 2256 αἰτίαν
910 2202 1017 2256 τῶν
1038 2203 1171 2271 (τὸν)
1201 2203 1307 2256 ἀπὸ
1326 2202 1431 2256 τῶν
1453 2200 1653 2256 λοιπῶν
1675 2203 1808 2271 ἀφο-

232 2286 416 2358 ρισμδν
455 2288 1007 2363 είλήφασιν.”Ιδωμεν
1034 2291 1090 2345 δὲ
1120 2292 1213 2346 καὶ
1250 2291 1351 2357 τὰς
1382 2293 1576 2354 λοιπὰς
1607 2290 1683 2362 ξβθ
1712 2291 1806 2345 ἐπὶ

230 2378 409 2443 ποίους
438 2380 843 2454 περιορίζονται
889 2383 1133 2453 χρόνους.
1161 2384 1234 2437 Τὸ
1263 2384 1362 2456 μὲν
1389 2383 1453 2456 δὴ
1478 2383 1661 2439 ἔνατον
1689 2382 1806 2449 ἔτος

228 2470 443 2542 Δαρείου
466 2473 612 2527 κατὰ
635 2474 733 2545 τὴν
759 2474 994 2547 ἑϐδόμην
1023 2476 1116 2529 καὶ
1138 2475 1433 2548 ἑξηκοστὴν
1467 2476 1804 2545 Ὀλυμπιάδα

230 2562 290 2615 ὲκ
321 2563 418 2634 τῆς
453 2563 566 2617 τῶν
614 2566 744 2636 παρ’
782 2566 1007 2637 Ἕλλησι
1052 2569 1441 2640 χρονογράφων
1472 2568 1802 2639 παρίσταται

231 2652 486 2727 ἱστορίας·
514 2655 626 2710 ἀπὸ
665 2656 728 2729 δὴ
765 2653 856 2711 οὖν
890 2658 1096 2730 ταύτης
1122 2660 1215 2713 ἐπὶ
1248 2659 1348 2731 τὴν
1381 2662 1679 2735 ἑκατοστὴν
1711 2664 1804 2715 ὲκφ

227 2747 551 2820 καιδεκάτην
595 2750 952 2822 Ὀλυμπιάδα,
987 2752 1109 2806 καθ’
1136 2754 1202 2823 ἡν
1247 2752 1507 2816 Σέλευκος
1542 2755 1679 2825 μετά
1703 2754 1803 2830 τὴν

237 2837 581 2914 Ἀλεξάνδρου
604 2842 860 2915 τελευτὴν
885 2845 1085 2916 Συρίας
1108 2844 1324 2914 ἁπάσης
1344 2846 1438 2899 καὶ
1456 2845 1803 2913 Βαϐυλωνίας

225 2929 542 3005 ἐκράτησεν,
580 2933 671 3006 ἔτη
699 2935 907 3004 γίνεται
933 2944 978 2989 σ¹
994 2953 1008 2967 ’
1039 2937 1289 2991 ἐντεῦθεν
1311 2937 1354 2990 δ’
1378 2937 1469 2991 ἐπὶ
1493 2937 1592 3009 τὴν
1616 2937 1799 2991 τελευ-

223 3021 315 3095 τὴν
336 3024 581 3096 Σίμωνος
599 3066 614 3088 ,
651 3027 917 3082 Ἰουδαίων
952 3029 1284 3101 ἀρχιερέως,
1306 3029 1408 3099 τῆς
1437 3029 1577 3084 κατά
1602 3030 1801 3102 Συρίαν

224 3114 388 3186 ἀρχῆς
419 3116 463 3180 ζ’
490 3117 592 3172 καὶ
619 3123 661 3171 ο⁸
693 3119 789 3172 καὶ
826 3125 870 3189 ρ’
893 3119 1233 3188 διαγενέσθαι
1265 3122 1297 3191 ὴ
1330 3120 1522 3193 πρώτη
1561 3120 1675 3175 τῶν
1702 3139 1801 3175 κα-

1927 561 2022 602 sex
2067 545 2225 601 annis
2274 544 2597 600 aediﬁcatum
2647 550 2731 598 est
2762 540 3020 611 templum
3072 540 3216 603 hoc.
3267 547 3322 595 et
3352 539 3494 593 tuin

1924 636 2100 691 tribus
2123 636 2315 691 diebus
2335 634 2601 690 excitabis
2638 633 2767 687 illud
2798 633 2900 686 “"l
2939 653 2956 685 ι
2982 630 3144 685 Juxta
3177 636 3356 685 autern
3396 625 3495 685 Jo-

1932 725 2160 796 sephum
2188 741 2382 781 novem
2407 732 2461 780 et
2493 723 2851 794 quadraginta
2881 721 3009 776 anni
3038 727 3166 777 sunt
3199 736 3230 775 a
3262 719 3403 792 Cyro
3422 719 3492 774 ad

1922 833 2126 872 nonum
2164 818 2309 872 Darii
2366 833 2591 881 annum,
2625 832 2751 886 gquo
2805 815 3099 886 perfectam
3165 813 3301 868 dicit
3353 818 3492 867 tem-

1923 908 2464 980 pliaediﬁcationem,
2521 909 2575 962 in
2613 908 2899 963 undecimo
2946 905 3319 977 Archwologiw
3349 904 3492 959 libro

1921 1002 2106 1072 templi
2139 1001 2589 1057 instaurationem
2615 1015 2847 1055 narrans
2880 1000 3111 1068 septimo
3152 997 3295 1052 Darii
3338 995 3491 1068 regni

1919 1093 2047 1145 noni
2074 1091 2203 1145 anni
2232 1105 2418 1146 mense
2457 1089 2780 1145 absolutam.
2829 1088 3137 1158 Additqtte:
3181 1107 3200 1140 ι
3254 1086 3490 1158 Eratque

1920 1190 2051 1237 tunc
2078 1180 2584 1254 Hierosolymitanis
2612 1180 2956 1249 aristocratia
2987 1179 3280 1250 oligarchia
3304 1179 3485 1244 mista;

1917 1273 2228 1330 sacerdotes
2239 1276 2384 1329 enim
2404 1274 2567 1329 rebus
2595 1272 2952 1344 praefuerunt,
2983 1272 3156 1326 donec
3180 1269 3488 1325 Asamomei

1915 1370 2118 1438 posteri
2149 1368 2479 1423 sortirentur
2512 1382 2735 1437 regnum
2768 1365 2867 1435 ll).
2906 1384 2924 1417 ι
2958 1363 3052 1419 Hae
3081 1364 3245 1435 igitur
3274 1364 3327 1418 in
3358 1377 3485 1434 pro-

1916 1459 2096 1532 phetia
2120 1460 2300 1515 relatae
2334 1469 2539 1530 septem
2573 1456 2957 1520 hebdomades,
3001 1471 3123 1527 qua;
3171 1455 3239 1510 ad
3280 1470 3486 1510 nonum

1916 1553 2060 1607 Darii
2091 1568 2295 1608 annum
2330 1552 2611 1617 desinunt,
2649 1552 2808 1607 istam
2842 1551 2914 1606 ob
2944 1565 3164 1606 causam
3196 1565 3227 1603 a
3271 1549 3484 1603 caeteris

1911 1645 2301 1701 discriminata:
2330 1652 2478 1701 sunt.
2508 1642 2805 1699 Videamus
2838 1658 2985 1697 nunc
3030 1643 3097 1697 ad
3149 1655 3268 1711 quae
3315 1640 3486 1710 perti-

1911 1745 2077 1792 neant
2110 1744 2355 1806 tempora
2384 1737 2604 1806 reliquae
2631 1734 2997 1791 hebdomades
3030 1735 3312 1805 sexaginta
3340 1731 3481 1789 duae.

1910 1824 2098 1881 Nonus
2127 1824 2274 1878 Darii
2306 1840 2484 1880 annus
2521 1825 2676 1894 juxta
2712 1824 3022 1879 Graecorum
3058 1823 3300 1879 historiae
3320 1822 3486 1876 chro-

1910 1919 2182 1990 nologiam
2205 1917 2448 1988 septimae
2475 1925 2528 1972 et
2550 1918 2898 1986 sexagesima;
2920 1915 3222 1988 Olympiadi
3256 1930 3484 1985 respon-

1906 2011 2024 2079 det;
2044 2010 2111 2065 ab
2135 2011 2236 2063 hac
2251 2008 2317 2062 ad
2336 2009 2686 2063 centesimam
2704 2015 2911 2062 sextam
2928 2008 3193 2062 decimam
3207 2005 3484 2077 Olympia-

1907 2103 2052 2169 dem,
2084 2118 2189 2173 qua
2210 2102 2512 2168 Seleucus,
2543 2099 2856 2155 Alexandro
2905 2109 3142 2161 mortuo,
3179 2099 3333 2169 Syria
3368 2105 3481 2151 tota

1906 2210 1971 2250 ac
2006 2195 2302 2267 Babylonia
2334 2195 2541 2265 potitus
2578 2200 2694 2256 est,
2746 2190 2874 2245 anni
2906 2198 3036 2247 sunt
3064 2189 3316 2256 ducenti;
3353 2188 3481 2243 hinc

1905 2288 1973 2343 ad
2007 2296 2234 2342 mortem
2271 2285 2534 2350 Simonis,
2563 2283 2877 2341 Iudaeorum
2911 2284 3109 2339 summi
3153 2282 3477 2346 sacerdotis,

1904 2380 2007 2435 sub
2038 2378 2318 2451 Syrior‘um
2345 2379 2552 2434 ditione
2580 2387 2784 2448 septem
2812 2386 2866 2433 et
2903 2378 3242 2447 septuaginta
3273 2383 3328 2432 et
3350 2391 3481 2430 cen-

1904 2479 2018 2527 tum
2049 2471 2321 2527 cllluxisse
2355 2487 2530 2528 annos
2575 2473 2786 2543 primus
2815 2469 3250 2524 Machabaeorum
3300 2470 3439 2525 liber
3460 2512 3476 2537 ,

1903 2567 1995 2638 qui
2023 2566 2309 2623 historiam
2362 2568 2430 2623 ad
2481 2565 2754 2621 Simonem
2795 2582 2970 2637 usque
3007 2573 3233 2632 narrat,
3286 2567 3480 2621 memi-

1901 2662 1984 2716 nit
2027 2661 2092 2715 ³⁸.
2126 2660 2337 2718 Rursus
2371 2660 2566 2716 exinde
2606 2660 2963 2717 sacerdotum
3015 2660 3210 2716 seriem
3252 2676 3479 2715 accura-

1901 2754 2113 2811 tissime
2140 2754 2383 2812 referens
2402 2754 2673 2827 Josephus
2703 2755 2801 2828 (2),
2825 2768 2947 2825 post
2980 2754 3255 2811 Simonem
3291 2762 3479 2809 narrat

1902 2846 2187 2916 praefuisse
2213 2849 2409 2918 populo
2449 2847 2711 2903 Joannem
2742 2856 2795 2921 et
2836 2847 3143 2919 Hyrcanum
3171 2864 3344 2904 annos
3380 2864 3479 2903 no-

1903 2952 2020 2992 vem
2071 2944 2126 2991 et
2195 2937 2429 3008 viginti;
2479 2939 2604 2993 huic
2669 2953 3044 2996 successorem
3103 2938 3474 2996 Aristobulum

1901 3045 2069 3084 unum
2106 3030 2421 3101 regnavisse
2449 3045 2686 3100 annum;
2728 3046 2837 3102 quo
2867 3043 3079 3086 mortuo
3108 3031 3475 3088 Alexandrum

1902 3128 2107 3191 septem
2151 3132 2204 3176 et
2233 3122 2422 3192 viginti
2470 3138 2683 3188 annos,
2739 3132 2793 3179 et
2845 3130 2970 3195 post
3017 3139 3140 3179 eum
3189 3125 3475 3196 conjugem

222 3203 487 3278 λουμένων
523 3209 936 3264 Μακκαϐαϊκῶν
968 3212 1221 3283 σημαίνει
1252 3212 1458 3284 γραφὴ,
1496 3214 1654 3285 μέχρι
1677 3214 1798 3268 τού-

1903 3212 2286 3281 Alexandram,
2318 3216 2383 3271 ad
2423 3232 2585 3286 quam
2634 3231 2825 3272 omnes
2862 3217 2929 3271 ab
2962 3230 3106 3271 anno
3138 3214 3282 3270 Darii
3331 3233 3477 3271 nono

221 3312 307 3351 του
352 3303 770 3373 περιγράφουσα
812 3302 913 3372 τὴν
965 3303 1225 3375 ἱστορίαν.
1278 3303 1444 3357 Πάλιν
1475 3304 1521 3357 δ’
1548 3304 1796 3359 ἐντεῦθεν

220 3387 312 3454 τὰς
340 3391 446 3445 τῶν
474 3393 673 3465 ἱερέων
704 3394 951 3466 διαδοχὰς
977 3395 1346 3467 ἀκριϐέστατα
1375 3399 1798 3470 ὲπισημαινόμευ

220 3497 304 3545 νος
347 3484 375 3537 ὁ
416 3483 683 3554 Ἰώσηπος
740 3487 877 3558 μετά
922 3488 1142 3559 Σίμωνα
1188 3489 1281 3541 τὸν
1324 3488 1796 3561 προδεδηλωμένον

219 3574 344 3646 φησι
372 3578 791 3651 καθηγήσασθαι
828 3579 923 3633 τοϋ
966 3580 1097 3635 λαοῦ
1132 3582 1382 3653 Ἰωάννην
1413 3583 1503 3636 τὸν
1533 3584 1628 3638 καὶ
1667 3584 1793 3655 ’Υρ-

219 3665 375 3719 κανὺν
403 3667 586 3720 ἔτεσιν
632 3667 675 3721 θ’
709 3668 804 3722 καὶ
847 3676 895 3722 κ’
917 3687 929 3699 ·
963 3670 1152 3725 τοῦτον
1182 3670 1237 3724 δὲ
1268 3672 1608 3741 διαδέξασθαι
1650 3672 1799 3744 Ἀρι-

219 3755 518 3824 στόϐουλον,
552 3758 610 3812 ὃν
634 3762 729 3813 καὶ
760 3760 1069 3831 βασιλεῦσαι
1104 3754 1350 3821 ἒνιαυτόν
1370 3781 1383 3794 ·
1420 3765 1558 3836 μετὰ
1590 3765 1646 3819 δὲ
1672 3764 1797 3818 τοῦ-

216 3862 301 3901 τον
334 3848 685 3924 Ἀλέξανδρος
713 3852 857 3907 ἔτεσι
885 3854 987 3920 κζ’,
1021 3854 1140 3925 μεθ’
1163 3854 1222 3908 ὃν
1249 3856 1347 3927 τὴν
1373 3859 1603 3925 γυναῖκα
1643 3856 1794 3909 Ἀλε-

216 3935 459 4013 ξάνδραν,
494 3945 581 4013 ἐφ’
606 3945 673 4015 ἣν
712 3944 779 3999 τὰ
826 3947 1002 4001 πάντα
1028 3948 1136 4002 ἀπὸ
1167 3948 1357 4002 ὲνάτου
1380 3948 1535 4013 ἔτους
1566 3952 1791 4022 Δαρείου

216 4028 304 4102 ἐτη
338 4034 633 4104 συνάγεται
660 4036 787 4102 υλδ’,
825 4040 996 4093 ὁπόσα
1040 4040 1083 4093 δ’
1111 4041 1176 4094 ἂν
1220 4041 1432 4111 γένοιτο
1478 4044 1543 4096 ὲκ
1582 4044 1692 4097 τῶν
1715 4043 1793 4114 ξβ¹

213 4122 515 4194 ἑϐδομάδων
558 4130 615 4182 ὲν
661 4124 749 4194 αἷς
780 4132 828 4184 οἱ
862 4132 1091 4201 χριστοὶ
1131 4133 1440 4205 ἡγούμενοι,
1475 4129 1617 4190 οὗτοι
1649 4136 1694 4189 δ’
1726 4135 1793 4190 ἂν

215 4208 318 4269 εἶεν
338 4218 386 4270 οἱ
407 4219 703 4292 ἀρχιερεῖς,
718 4222 1012 4295 ἀρξάμενοι
1036 4226 1143 4278 ἀπὸ
1162 4224 1344 4296 Κύρου
1371 4226 1479 4280 τῶν
1493 4226 1587 4280 τοῦ
1609 4227 1793 4292 ἔθνους

216 4308 555 4379 προέστησαν
598 4315 957 4385 πραγμάτων.
989 4317 1267 4389 Πρόδηλον
1307 4317 1419 4390 γὰρ
1461 4318 1569 4372 ἀπό
1606 4336 1665 4372 τε
1690 4320 1793 4390 τῆς

217 4396 361 4470 ἱερᾶς
390 4403 634 4475 Γραφῆς,
667 4408 727 4459 ού
768 4408 866 4477 μὲν
903 4407 1055 4482 (μὴν)
1086 4410 1220 4464 ἀλλά
1256 4411 1349 4464 καὶ
1374 4411 1481 4465 ἀπὸ
1508 4412 1617 4464 τῶν
1660 4430 1793 4484 προ-

213 4489 463 4548 τεθεισῶν
488 4496 582 4549 τοῦ
623 4499 884 4570 Ἰωσήπου
918 4501 1129 4571 φωνῶν,
1152 4502 1227 4565 ὡς
1253 4503 1335 4556 ὅτι
1383 4504 1520 4575 μετά
1549 4504 1647 4576 τὴν
1681 4505 1790 4558 ἀπὸ

214 4580 528 4650 Βαϐυλῶνος
558 4588 843 4661 ἐπάνοδον,
890 4592 951 4657 ἐξ
999 4592 1164 4646 αὐτοῦ
1224 4594 1396 4665 Ἰησοῦ
1451 4595 1545 4649 τοῦ
1596 4596 1784 4668 ἱερέως

211 4669 301 4724 τοῦ
359 4675 596 4745 μεγάλου
653 4681 882 4751 ἡγεμόσι
931 4682 1026 4735 καὶ
1070 4682 1295 4754 ἄρχουσι
1331 4686 1442 4748 τοῖς
1479 4684 1620 4739 κατά
1666 4686 1784 4739 δια-

210 4757 364 4833 δοχὴν
375 4765 637 4836 ἐχρῶντο,
658 4770 816 4841 μέχρι
832 4766 905 4824 ὧν
922 4773 950 4826 6
972 4771 1230 4845 Ἰώσηπος
1244 4775 1497 4846 ὀνομάζει
1526 4777 1582 4828 Ἀ
1594 4794 1782 4848 σαμω-

211 4851 613 4941 ναίουῌπαίδων,
630 4859 769 4934 οὒςὴ
789 4863 976 4935 Γραφὴ
992 4864 1381 4931 Μακκαϐαίους
1398 4866 1459 4937 (f.
1473 4870 1563 4939 41)
1580 4870 1788 4941 ὠνόμα-

210 4956 318 5006 σεν,
346 4936 653 5018 ὧνπρῶτος
686 4952 1109 5023 ἀρχιεράτευσεν
1150 4956 1347 5020 Ἰούδας
1367 4959 1395 5011 6
1423 4936 1785 5024 Μαιικαϐαἴος

205 5029 543 5108 ἐπικληθεὶς,
559 5042 618 5106 ὃς
637 5043 732 5096 καὶ
748 5044 1100 5118 καθηγήσατο
1112 5049 1203 5102 τοῦ
1220 5049 1348 5104 λαοῦ
1373 5051 1498 5114 τοὺς
1513 5052 1782 5123 Ἀντιόχου

203 5132 632 5216 τροπωσάμενος
681 5141 1039 5211 στρατηγούς.
1074 5142 1211 5197 Μεθ’
1236 5141 1295 5196 δν
1335 5143 1587 5216 Ἰωνάθης
1628 5143 1782 5198 ἁδελ-

203 5215 299 5282 φὸς
329 5220 497 5275 αὐτοῦ
529 5225 663 5296 ὁμοῦ
691 5227 789 5296 τὴν
814 5230 1223 5303 ἀρχιερωσύνην
1269 5234 1361 5287 καὶ
1406 5233 1504 5305 τὴν
1528 5215 1626 5288 τοῦ
1649 5234 1779 5289 λαοῦ

198 5306 559 5383 διαλαμϐάνει
603 5320 938 5389 προστασίαν
959 5338 973 5353 ο
1016 5322 1108 5376 καὶ
1141 5320 1297 5389 αὖθις
1333 5325 1522 5380 τούτου
1557 5325 1783 5396 ἀδελφὸς

199 5400 379 5473 Σίμων
406 5406 728 5482 ἀρχιερεὺς,
759 5413 876 5484 μεθ’
907 5414 966 5467 ὃν
1007 5416 1289 5487 Ὑρκανὸς,
1326 5418 1443 5490 μεθ’
1469 5418 1529 5477 ὃν
1558 5419 1778 5489 Ἰούδας,

264 5557 330 5598 ιν
371 5559 545 5622 Joan.
576 5582 639 5633 ιι,
666 5566 752 5620 20.
832 5568 880 5600 ³³
915 5567 935 5622 1
970 5568 1216 5627 Machab.
1242 5591 1276 5635 ι,

267 5713 348 5791 (1)
375 5715 605 5791 Ioseph.
633 5724 793 5783 Arch.
820 5745 897 5794 xl,
929 5730 983 5794 4,
1015 5729 1068 5786 8.

1900 3306 2026 3359 anni
2056 3316 2291 3375 quatuor
2313 3314 2367 3360 et
2400 3307 2618 3375 triginta
2656 3314 2710 3359 et
2758 3306 3139 3376 quadringenti
3182 3305 3472 3372 ellluxere,

1899 3397 1993 3466 qui
2032 3404 2161 3451 sunt
2192 3397 2475 3467 sexaginta
2508 3397 2630 3451 dua:
2660 3396 3060 3460 hebdomades,
3107 3398 3306 3466 quibus
3337 3412 3474 3467 pra:-

1899 3488 2119 3544 fuerunt
2162 3489 2382 3549 christi,
2438 3491 2634 3543 summi
2694 3490 2900 3545 scilicet
2936 3490 3269 3550 sacerdotes,
3305 3489 3395 3559 qui
3441 3504 3473 3543 a

1896 3578 2037 3650 Cyro
2055 3579 2239 3649 populi
2258 3579 2418 3633 rebus
2437 3578 2783 3649 praefuerunt.
2814 3578 3197 3635 Constatenim
3230 3595 3295 3634 ex
3314 3594 3472 3634 sacra

1900 3669 2203 3742 Scriptura,
2261 3685 2471 3725 necnon
2517 3687 2547 3725 e
2598 3670 2784 3725 citatis
2830 3669 3052 3741 Joscphi
3109 3672 3278 3733 locis,
3325 3671 3472 3741 quod

1897 3770 2021 3834 post
2057 3762 2291 3818 reditum
2327 3760 2686 3833 eBabylone,
2731 3762 2799 3817 ab
2844 3762 2964 3832 ipso
3011 3763 3138 3819 .lesu
3190 3764 3471 3820 sacerdote

1896 3868 2094 3925 magno
2123 3852 2354 3908 ducibus
2383 3860 2437 3907 et
2470 3852 2812 3923 principibus
2838 3854 3099 3909 continua
3133 3856 3272 3911 serie
3296 3854 3468 3911 Iudici

1895 3947 1982 4001 usi
2014 3953 2162 4011 sunt,
2182 3962 2355 4016 usque
2376 3945 2442 4000 ad
2463 3946 2583 4000 illos
2611 3962 2749 4016 quos
2773 3945 3045 4017 Iosephus
3078 3948 3380 4003 Asamontei
3407 3949 3471 4002 li—

1894 4039 1998 4094 lios
2027 4046 2206 4103 vocat,
2240 4037 2524 4108 Scriptura
2571 4053 2699 4093 vero
2748 4039 3085 4097 Machabzeos
3130 4041 3466 4104 nominavit,

1894 4145 2125 4201 quorum
2156 4131 2367 4200 primus
2407 4146 2680 4185 summum
2716 4133 2947 4187 obtinuit.
2980 4133 3352 4203 pontificatum
3378 4133 3465 4188 Ju-

1893 4220 1993 4275 das
2032 4219 2376 4276 Machabaeus
2434 4222 2794 4292 cognomine,
2857 4224 3161 4295 fugatisque
3214 4226 3467 4280 Antiochi

1894 4309 2126 4366 ducibus
2157 4312 2359 4382 populo
2378 4312 2610 4380 praefuit.
2642 4312 2777 4369 Post
2798 4330 2922 4369 eum
2954 4315 3118 4370 frater
3155 4316 3273 4385 ejus
3301 4315 3468 4372 Jona-

1892 4402 2017 4458 thas
2046 4417 2321 4457 summum
2372 4403 2536 4458 simul
2583 4406 2954 4475 pontiﬁcatum
2987 4414 3040 4460 et
3073 4408 3256 4477 populi
3296 4409 3468 4480 impe-

1896 4496 2034 4552 rium
2075 4495 2317 4565 accepit;
2367 4511 2693 4567 rursumque
2726 4498 2844 4567 ejus
2876 4496 3044 4552 frater
3077 4497 3264 4555 Simon
3315 4517 3466 4556 sum-

1895 4601 2015 4639 mus
2049 4584 2148 4639 fuit
2177 4584 2454 4648 sacerdos,
2491 4594 2614 4655 post
2637 4602 2797 4656 quem
2828 4584 3133 4658 Hyrcanus,
3160 4595 3282 4657 post
3304 4605 3465 4658 quem

1889 4674 2080 4741 Judas,
2119 4678 2211 4751 qui
2243 4685 2297 4732 et
2324 4678 2672 4732 Aristobulus
2703 4679 2903 4743 dictus,
2936 4690 3319 4736 successerunt
3341 4680 3464 4751 :qui

1891 4769 2103 4839 primus
2149 4783 2363 4823 summo
2393 4770 2702 4826 sacerdotio
2729 4785 3004 4842 regnoque
3034 4771 3282 4827 diadema
3317 4773 3467 4842 adje—

1892 4862 1988 4915 cit.
2018 4859 2150 4918 Post
2181 4877 2303 4916 eum
2332 4877 2548 4917 summo
2573 4861 2881 4917 sacerdotio
2911 4862 3072 4919 simul
3103 4870 3156 4918 et
3187 4863 3333 4934 regia
3367 4879 3460 4934 po-

1891 4959 2088 5007 testate
2138 4961 2381 5025 aceepta,
2421 4953 2747 5018 Alexander,
2777 4955 3101 5010 succedente
3124 4955 3173 5010 ei
3206 4956 3458 5033 conjuge,

1893 5053 2142 5100 mortuus
2169 5053 2274 5102 est.
2306 5045 2460 5101 Tunc
2485 5048 2767 5118 completis
2807 5063 2927 5117 qua:
2952 5046 3156 5103 Danieli
3190 5047 3464 5118 przedictaa

1892 5136 2111 5193 fuerunt
2143 5137 2594 5203 hebdomadibus,
2621 5139 2886 5210 imperare
2908 5138 3164 5194 desinunt
3188 5137 3463 5208 principes

1889 5247 1921 5287 e
1969 5231 2346 5288 sacerdotibus
2384 5233 2752 5304 cognominati
2808 5232 3029 5298 christi;
3091 5238 3151 5284 ut
3207 5228 3462 5286 ostende.

1890 5338 2041 5383 retur
2065 5328 2178 5383 haec
2205 5329 2369 5384 verba
2397 5345 2416 5379 ι
2441 5343 2614 5399 usque
2639 5327 2703 5381 ad
2720 5327 2988 5382 cbristum
3009 5325 3234 5380 ducem»
3255 5323 3320 5379 ad
3338 5323 3460 5379 illas

1890 5418 2262 5487 hebdomades
2288 5428 2570 5491 spectare;
2597 5418 2755 5490 quasi
2784 5416 3128 5475 manifestius
3148 5415 3456 5473 diceretur:

1973 5733 2050 5808 (‘2)
2083 5732 2303 5806 Ioseph.
2335 5734 2514 5806 Antig.
2552 5750 2643 5801 xx,
2677 5735 2760 5803 10,
2788 5736 2843 5791 3.
